  <div class='ocr_page' id='page_1' title='image "/cluster/home/n/w/nwhite01/storage/ocr_20150623/6/uva.x000669814/219.png"; bbox 0 0 3770 6264; ppageno 0'>
   <div class='ocr_carea' id='block_1_1' title="bbox 436 160 543 232">
    <p class='ocr_par' dir='ltr' id='par_1_1' title="bbox 436 160 543 232">
     <span class='ocr_line' id='line_1_1' title="bbox 436 160 543 232; baseline -0.009 0"><span class='ocrx_word' id='word_1_1' title='bbox 436 160 543 232; x_wconf 70' lang='lat' dir='ltr'><strong>«tio</strong></span> 
     </span>
    </p>
   </div>
   <div class='ocr_carea' id='block_1_2' title="bbox 1518 165 3625 247">
    <p class='ocr_par' dir='ltr' id='par_1_2' title="bbox 1518 165 3625 247">
     <span class='ocr_line' id='line_1_2' title="bbox 1518 165 3625 247; baseline -0.005 -22"><span class='ocrx_word' id='word_1_2' title='bbox 1518 168 1702 228; x_wconf 77' lang='lat' dir='ltr'><strong>FiRM.</strong></span> <span class='ocrx_word' id='word_1_3' title='bbox 1731 167 2099 235; x_wconf 74' lang='lat' dir='ltr'><strong>LACTANTH</strong></span> <span class='ocrx_word' id='word_1_4' title='bbox 2129 166 2333 228; x_wconf 83' lang='lat' dir='ltr'><strong>DIVIN.</strong></span> <span class='ocrx_word' id='word_1_5' title='bbox 2367 165 2609 225; x_wconf 78' lang='lat' dir='ltr'><strong>msrrr.</strong></span> <span class='ocrx_word' id='word_1_6' title='bbox 3556 184 3625 247; x_wconf 55' lang='grc' dir='ltr'><strong>ω)</strong></span> 
     </span>
    </p>
   </div>
   <div class='ocr_carea' id='block_1_3' title="bbox 433 279 3624 358">
    <p class='ocr_par' dir='ltr' id='par_1_3' title="bbox 433 279 3624 358">
     <span class='ocr_line' id='line_1_3' title="bbox 433 279 3624 358; baseline -0 -15"><span class='ocrx_word' id='word_1_7' title='bbox 433 293 492 343; x_wconf 89' lang='lat' dir='ltr'><strong>et</strong></span> <span class='ocrx_word' id='word_1_8' title='bbox 517 283 724 352; x_wconf 85' lang='lat' dir='ltr'><strong>mariti,</strong></span> <span class='ocrx_word' id='word_1_9' title='bbox 752 290 811 344; x_wconf 87' lang='lat' dir='ltr'><strong>et</strong></span> <span class='ocrx_word' id='word_1_10' title='bbox 852 290 1053 357; x_wconf 83' lang='lat' dir='ltr'><strong>patres,</strong></span> <span class='ocrx_word' id='word_1_11' title='bbox 1099 291 1154 340; x_wconf 91' lang='lat' dir='ltr'><strong>et</strong></span> <span class='ocrx_word' id='word_1_12' title='bbox 1179 296 1397 351; x_wconf 78' lang='lat' dir='ltr'><strong>uxores,</strong></span> <span class='ocrx_word' id='word_1_13' title='bbox 1427 289 1483 340; x_wconf 84' lang='lat' dir='ltr'><strong>et</strong></span> <span class='ocrx_word' id='word_1_14' title='bbox 1525 279 1700 340; x_wconf 81' lang='lat' dir='ltr'><strong>liberi.</strong></span> <span class='ocrx_word' id='word_1_15' title='bbox 1747 282 1880 353; x_wconf 83' lang='lat' dir='ltr'><strong>Quae</strong></span> <span class='ocrx_word' id='word_1_16' title='bbox 1924 282 2027 339; x_wconf 84' lang='lat' dir='ltr'><strong>ista</strong></span> <span class='ocrx_word' id='word_1_17' title='bbox 2056 286 2110 345; x_wconf 84' lang='grc' dir='ltr'><strong>Α</strong></span> <span class='ocrx_word' id='word_1_18' title='bbox 2133 282 2394 339; x_wconf 76' lang='lat' dir='ltr'><strong>momenti</strong></span> <span class='ocrx_word' id='word_1_19' title='bbox 2441 280 2639 348; x_wconf 87' lang='lat' dir='ltr'><strong>habet,</strong></span> <span class='ocrx_word' id='word_1_20' title='bbox 2687 293 2755 337; x_wconf 90' lang='lat' dir='ltr'><strong>ne</strong></span> <span class='ocrx_word' id='word_1_21' title='bbox 2781 279 2837 335; x_wconf 91' lang='lat' dir='ltr'><strong>in</strong></span> <span class='ocrx_word' id='word_1_22' title='bbox 2862 291 3094 352; x_wconf 88' lang='lat' dir='ltr'><strong>corpore</strong></span> <span class='ocrx_word' id='word_1_23' title='bbox 3118 282 3360 355; x_wconf 80' lang='lat' dir='ltr'><strong>quidem:</strong></span> <span class='ocrx_word' id='word_1_24' title='bbox 3389 290 3470 348; x_wconf 85' lang='lat' dir='ltr'><strong>sed</strong></span> <span class='ocrx_word' id='word_1_25' title='bbox 3494 300 3624 358; x_wconf 63' lang='grc' dir='ltr'><strong>ιοιείη</strong></span> 
     </span>
    </p>
   </div>
   <div class='ocr_carea' id='block_1_4' title="bbox 432 375 2026 450">
    <p class='ocr_par' dir='ltr' id='par_1_4' title="bbox 432 375 2026 450">
     <span class='ocr_line' id='line_1_4' title="bbox 432 375 2026 450; baseline -0.004 -14"><span class='ocrx_word' id='word_1_26' title='bbox 432 378 680 436; x_wconf 82' lang='lat' dir='ltr'><strong>confusio</strong></span> <span class='ocrx_word' id='word_1_27' title='bbox 717 378 931 450; x_wconf 81' lang='lat' dir='ltr'><strong>generis</strong></span> <span class='ocrx_word' id='word_1_28' title='bbox 960 378 1181 435; x_wconf 84' lang='lat' dir='ltr'><strong>humani</strong></span> <span class='ocrx_word' id='word_1_29' title='bbox 1224 376 1335 433; x_wconf 88' lang='lat' dir='ltr'><strong>est!</strong></span> <span class='ocrx_word' id='word_1_30' title='bbox 1368 375 1650 445; x_wconf 83' lang='lat' dir='ltr'><strong>Quomodo</strong></span> <span class='ocrx_word' id='word_1_31' title='bbox 1694 376 1895 431; x_wconf 83' lang='lat' dir='ltr'><strong>servari</strong></span> <span class='ocrx_word' id='word_1_32' title='bbox 1926 390 2026 446; x_wconf 84' lang='lat' dir='ltr'><strong>po-</strong></span> 
     </span>
    </p>
   </div>
   <div class='ocr_carea' id='block_1_5' title="bbox 431 468 2028 540">
    <p class='ocr_par' dir='ltr' id='par_1_5' title="bbox 431 468 2028 540">
     <span class='ocr_line' id='line_1_5' title="bbox 431 468 2028 540; baseline -0.003 -10"><span class='ocrx_word' id='word_1_33' title='bbox 431 470 542 530; x_wconf 82' lang='lat' dir='ltr'><strong>test</strong></span> <span class='ocrx_word' id='word_1_34' title='bbox 570 475 790 538; x_wconf 89' lang='lat' dir='ltr'><strong>caritas,</strong></span> <span class='ocrx_word' id='word_1_35' title='bbox 822 470 913 526; x_wconf 88' lang='lat' dir='ltr'><strong>ubi</strong></span> <span class='ocrx_word' id='word_1_36' title='bbox 943 469 1078 527; x_wconf 85' lang='lat' dir='ltr'><strong>nihil</strong></span> <span class='ocrx_word' id='word_1_37' title='bbox 1101 478 1184 526; x_wconf 82' lang='lat' dir='ltr'><strong>est</strong></span> <span class='ocrx_word' id='word_1_38' title='bbox 1204 479 1413 526; x_wconf 88' lang='lat' dir='ltr'><strong>certum</strong></span> <span class='ocrx_word' id='word_1_39' title='bbox 1444 468 1585 540; x_wconf 85' lang='lat' dir='ltr'><strong>quod</strong></span> <span class='ocrx_word' id='word_1_40' title='bbox 1613 468 1869 525; x_wconf 87' lang='lat' dir='ltr'><strong>ametur?</strong></span> <span class='ocrx_word' id='word_1_41' title='bbox 1895 469 2028 537; x_wconf 83' lang='lat' dir='ltr'><strong>Quis</strong></span> 
     </span>
    </p>
   </div>
   <div class='ocr_carea' id='block_1_6' title="bbox 431 560 2028 634">
    <p class='ocr_par' dir='ltr' id='par_1_6' title="bbox 431 560 2028 634">
     <span class='ocr_line' id='line_1_6' title="bbox 431 560 2028 634; baseline -0.003 -13"><span class='ocrx_word' id='word_1_42' title='bbox 431 573 525 621; x_wconf 88' lang='lat' dir='ltr'><strong>aut</strong></span> <span class='ocrx_word' id='word_1_43' title='bbox 553 568 635 619; x_wconf 89' lang='lat' dir='ltr'><strong>vir</strong></span> <span class='ocrx_word' id='word_1_44' title='bbox 660 563 965 629; x_wconf 77' lang='lat' dir='ltr'><strong>mulierem,</strong></span> <span class='ocrx_word' id='word_1_45' title='bbox 990 571 1085 620; x_wconf 86' lang='lat' dir='ltr'><strong>aut</strong></span> <span class='ocrx_word' id='word_1_46' title='bbox 1128 561 1321 619; x_wconf 80' lang='lat' dir='ltr'><strong>mulier</strong></span> <span class='ocrx_word' id='word_1_47' title='bbox 1346 561 1519 617; x_wconf 90' lang='lat' dir='ltr'><strong>virum</strong></span> <span class='ocrx_word' id='word_1_48' title='bbox 1543 561 1750 634; x_wconf 89' lang='lat' dir='ltr'><strong>diliget,</strong></span> <span class='ocrx_word' id='word_1_49' title='bbox 1784 561 1888 619; x_wconf 84' lang='lat' dir='ltr'><strong>nisi</strong></span> <span class='ocrx_word' id='word_1_50' title='bbox 1933 560 2028 616; x_wconf 79' lang='lat' dir='ltr'><strong>ha-</strong></span> 
     </span>
    </p>
   </div>
   <div class='ocr_carea' id='block_1_7' title="bbox 430 653 2027 725">
    <p class='ocr_par' dir='ltr' id='par_1_7' title="bbox 430 653 2027 725">
     <span class='ocr_line' id='line_1_7' title="bbox 430 653 2027 725; baseline -0.002 -13"><span class='ocrx_word' id='word_1_51' title='bbox 430 655 724 712; x_wconf 87' lang='lat' dir='ltr'><strong>hitaverint</strong></span> <span class='ocrx_word' id='word_1_52' title='bbox 767 670 984 725; x_wconf 84' lang='lat' dir='ltr'><strong>semper</strong></span> <span class='ocrx_word' id='word_1_53' title='bbox 1016 670 1144 723; x_wconf 90' lang='lat' dir='ltr'><strong>una,</strong></span> <span class='ocrx_word' id='word_1_54' title='bbox 1177 655 1279 709; x_wconf 87' lang='lat' dir='ltr'><strong>nisi</strong></span> <span class='ocrx_word' id='word_1_55' title='bbox 1320 653 1513 711; x_wconf 89' lang='lat' dir='ltr'><strong>devota</strong></span> <span class='ocrx_word' id='word_1_56' title='bbox 1543 668 1719 721; x_wconf 89' lang='lat' dir='ltr'><strong>mens,</strong></span> <span class='ocrx_word' id='word_1_57' title='bbox 1739 664 1794 709; x_wconf 90' lang='lat' dir='ltr'><strong>et</strong></span> <span class='ocrx_word' id='word_1_58' title='bbox 1818 662 2027 709; x_wconf 89' lang='lat' dir='ltr'><strong>servata</strong></span> 
     </span>
    </p>
   </div>
   <div class='ocr_carea' id='block_1_8' title="bbox 429 746 2027 817">
    <p class='ocr_par' dir='ltr' id='par_1_8' title="bbox 429 746 2027 817">
     <span class='ocr_line' id='line_1_8' title="bbox 429 746 2027 817; baseline -0.003 -12"><span class='ocrx_word' id='word_1_59' title='bbox 429 750 659 805; x_wconf 87' lang='lat' dir='ltr'><strong>invicem</strong></span> <span class='ocrx_word' id='word_1_60' title='bbox 687 746 823 804; x_wconf 78' lang='lat' dir='ltr'><strong>ﬁdes</strong></span> <span class='ocrx_word' id='word_1_61' title='bbox 871 747 1201 803; x_wconf 84' lang='lat' dir='ltr'><strong>individuam</strong></span> <span class='ocrx_word' id='word_1_62' title='bbox 1256 748 1444 803; x_wconf 79' lang='lat' dir='ltr'><strong>fecerit</strong></span> <span class='ocrx_word' id='word_1_63' title='bbox 1492 746 1855 803; x_wconf 81' lang='lat' dir='ltr'><strong>charitatem‘!</strong></span> <span class='ocrx_word' id='word_1_64' title='bbox 1907 761 2027 817; x_wconf 76' lang='lat' dir='ltr'><strong>quae</strong></span> 
     </span>
    </p>
   </div>
   <div class='ocr_carea' id='block_1_9' title="bbox 424 839 2023 912">
    <p class='ocr_par' dir='ltr' id='par_1_9' title="bbox 424 839 2023 912">
     <span class='ocr_line' id='line_1_9' title="bbox 424 839 2023 912; baseline -0.004 -13"><span class='ocrx_word' id='word_1_65' title='bbox 424 844 597 899; x_wconf 85' lang='lat' dir='ltr'><strong>virtus</strong></span> <span class='ocrx_word' id='word_1_66' title='bbox 638 846 691 899; x_wconf 90' lang='lat' dir='ltr'><strong>in</strong></span> <span class='ocrx_word' id='word_1_67' title='bbox 718 842 812 898; x_wconf 88' lang='lat' dir='ltr'><strong>illa</strong></span> <span class='ocrx_word' id='word_1_68' title='bbox 855 842 1159 912; x_wconf 82' lang='lat' dir='ltr'><strong>promiscua</strong></span> <span class='ocrx_word' id='word_1_69' title='bbox 1191 841 1466 911; x_wconf 88' lang='lat' dir='ltr'><strong>voluptate</strong></span> <span class='ocrx_word' id='word_1_70' title='bbox 1494 840 1675 895; x_wconf 90' lang='lat' dir='ltr'><strong>locum</strong></span> <span class='ocrx_word' id='word_1_71' title='bbox 1703 854 1811 896; x_wconf 90' lang='lat' dir='ltr'><strong>non</strong></span> <span class='ocrx_word' id='word_1_72' title='bbox 1840 839 2023 894; x_wconf 90' lang='lat' dir='ltr'><strong>habet.</strong></span> 
     </span>
    </p>
   </div>
   <div class='ocr_carea' id='block_1_10' title="bbox 425 931 2024 1004">
    <p class='ocr_par' dir='ltr' id='par_1_10' title="bbox 425 931 2024 1004">
     <span class='ocr_line' id='line_1_10' title="bbox 425 931 2024 1004; baseline -0.003 -13"><span class='ocrx_word' id='word_1_73' title='bbox 425 935 561 992; x_wconf 84' lang='lat' dir='ltr'><strong>Item</strong></span> <span class='ocrx_word' id='word_1_74' title='bbox 609 936 657 992; x_wconf 90' lang='lat' dir='ltr'><strong>si</strong></span> <span class='ocrx_word' id='word_1_75' title='bbox 697 950 887 992; x_wconf 86' lang='lat' dir='ltr'><strong>omnes</strong></span> <span class='ocrx_word' id='word_1_76' title='bbox 928 935 1168 992; x_wconf 86' lang='lat' dir='ltr'><strong>omnium</strong></span> <span class='ocrx_word' id='word_1_77' title='bbox 1202 935 1359 996; x_wconf 84' lang='lat' dir='ltr'><strong>liberi</strong></span> <span class='ocrx_word' id='word_1_78' title='bbox 1403 934 1533 998; x_wconf 82' lang='lat' dir='ltr'><strong>sint,</strong></span> <span class='ocrx_word' id='word_1_79' title='bbox 1565 933 1687 1004; x_wconf 89' lang='lat' dir='ltr'><strong>quis</strong></span> <span class='ocrx_word' id='word_1_80' title='bbox 1729 947 1912 989; x_wconf 89' lang='lat' dir='ltr'><strong>amare</strong></span> <span class='ocrx_word' id='word_1_81' title='bbox 1955 931 2024 987; x_wconf 83' lang='lat' dir='ltr'><strong>li-</strong></span> 
     </span>
    </p>
   </div>
   <div class='ocr_carea' id='block_1_11' title="bbox 424 1027 2027 1099">
    <p class='ocr_par' dir='ltr' id='par_1_11' title="bbox 424 1027 2027 1099">
     <span class='ocr_line' id='line_1_11' title="bbox 424 1027 2027 1099; baseline -0.001 -15"><span class='ocrx_word' id='word_1_82' title='bbox 424 1028 590 1086; x_wconf 89' lang='lat' dir='ltr'><strong>beros</strong></span> <span class='ocrx_word' id='word_1_83' title='bbox 620 1038 891 1099; x_wconf 82' lang='lat' dir='ltr'><strong>tamquam</strong></span> <span class='ocrx_word' id='word_1_84' title='bbox 922 1043 1050 1087; x_wconf 84' lang='lat' dir='ltr'><strong>suos</strong></span> <span class='ocrx_word' id='word_1_85' title='bbox 1072 1029 1289 1098; x_wconf 83' lang='lat' dir='ltr'><strong>poterit,</strong></span> <span class='ocrx_word' id='word_1_86' title='bbox 1312 1042 1435 1083; x_wconf 86' lang='lat' dir='ltr'><strong>cum</strong></span> <span class='ocrx_word' id='word_1_87' title='bbox 1465 1042 1593 1084; x_wconf 83' lang='lat' dir='ltr'><strong>suos</strong></span> <span class='ocrx_word' id='word_1_88' title='bbox 1611 1043 1732 1087; x_wconf 60' lang='lat' dir='ltr'><strong>ease</strong></span> <span class='ocrx_word' id='word_1_89' title='bbox 1756 1036 1852 1084; x_wconf 88' lang='lat' dir='ltr'><strong>aut</strong></span> <span class='ocrx_word' id='word_1_90' title='bbox 1878 1027 2027 1098; x_wconf 85' lang='lat' dir='ltr'><strong>igno-</strong></span> 
     </span>
    </p>
   </div>
   <div class='ocr_carea' id='block_1_12' title="bbox 423 1118 2026 1192">
    <p class='ocr_par' dir='ltr' id='par_1_12' title="bbox 423 1118 2026 1192">
     <span class='ocr_line' id='line_1_12' title="bbox 423 1118 2026 1192; baseline -0.002 -13"><span class='ocrx_word' id='word_1_91' title='bbox 423 1132 531 1188; x_wconf 89' lang='lat' dir='ltr'><strong>ret,</strong></span> <span class='ocrx_word' id='word_1_92' title='bbox 561 1130 656 1176; x_wconf 86' lang='lat' dir='ltr'><strong>aut</strong></span> <span class='ocrx_word' id='word_1_93' title='bbox 683 1121 932 1178; x_wconf 76' lang='lat' dir='ltr'><strong>dubitet?</strong></span> <span class='ocrx_word' id='word_1_94' title='bbox 976 1119 1098 1191; x_wconf 88' lang='lat' dir='ltr'><strong>quis</strong></span> <span class='ocrx_word' id='word_1_95' title='bbox 1140 1120 1408 1176; x_wconf 86' lang='lat' dir='ltr'><strong>honorem</strong></span> <span class='ocrx_word' id='word_1_96' title='bbox 1440 1128 1714 1192; x_wconf 79' lang='lat' dir='ltr'><strong>tamquam</strong></span> <span class='ocrx_word' id='word_1_97' title='bbox 1753 1120 1890 1190; x_wconf 88' lang='lat' dir='ltr'><strong>patri</strong></span> <span class='ocrx_word' id='word_1_98' title='bbox 1930 1118 2026 1175; x_wconf 85' lang='lat' dir='ltr'><strong>de-</strong></span> 
     </span>
    </p>
   </div>
   <div class='ocr_carea' id='block_1_13' title="bbox 426 1212 2029 1282">
    <p class='ocr_par' dir='ltr' id='par_1_13' title="bbox 426 1212 2029 1282">
     <span class='ocr_line' id='line_1_13' title="bbox 426 1212 2029 1282; baseline -0.002 -13"><span class='ocrx_word' id='word_1_99' title='bbox 426 1212 586 1280; x_wconf 80' lang='lat' dir='ltr'><strong>feret,</strong></span> <span class='ocrx_word' id='word_1_100' title='bbox 630 1229 754 1270; x_wconf 88' lang='lat' dir='ltr'><strong>cum</strong></span> <span class='ocrx_word' id='word_1_101' title='bbox 799 1212 944 1271; x_wconf 89' lang='lat' dir='ltr'><strong>unde</strong></span> <span class='ocrx_word' id='word_1_102' title='bbox 991 1221 1149 1267; x_wconf 87' lang='lat' dir='ltr'><strong>natus</strong></span> <span class='ocrx_word' id='word_1_103' title='bbox 1178 1212 1252 1268; x_wconf 87' lang='lat' dir='ltr'><strong>sit</strong></span> <span class='ocrx_word' id='word_1_104' title='bbox 1277 1212 1518 1269; x_wconf 80' lang='lat' dir='ltr'><strong>nesciat?</strong></span> <span class='ocrx_word' id='word_1_105' title='bbox 1564 1212 1641 1269; x_wconf 80' lang='lat' dir='ltr'><strong>Ex</strong></span> <span class='ocrx_word' id='word_1_106' title='bbox 1684 1226 1792 1282; x_wconf 92' lang='lat' dir='ltr'><strong>quo</strong></span> <span class='ocrx_word' id='word_1_107' title='bbox 1845 1213 1940 1279; x_wconf 86' lang='lat' dir='ltr'><strong>lit,</strong></span> <span class='ocrx_word' id='word_1_108' title='bbox 1970 1221 2029 1269; x_wconf 89' lang='lat' dir='ltr'><strong>ut</strong></span> 
     </span>
    </p>
   </div>
   <div class='ocr_carea' id='block_1_14' title="bbox 423 1305 2028 1376">
    <p class='ocr_par' dir='ltr' id='par_1_14' title="bbox 423 1305 2028 1376">
     <span class='ocr_line' id='line_1_14' title="bbox 423 1305 2028 1376; baseline -0.002 -13"><span class='ocrx_word' id='word_1_109' title='bbox 423 1321 531 1363; x_wconf 87' lang='lat' dir='ltr'><strong>non</strong></span> <span class='ocrx_word' id='word_1_110' title='bbox 562 1314 771 1363; x_wconf 84' lang='lat' dir='ltr'><strong>tantum</strong></span> <span class='ocrx_word' id='word_1_111' title='bbox 795 1306 1034 1363; x_wconf 86' lang='lat' dir='ltr'><strong>alienum</strong></span> <span class='ocrx_word' id='word_1_112' title='bbox 1065 1321 1164 1376; x_wconf 84' lang='lat' dir='ltr'><strong>pro</strong></span> <span class='ocrx_word' id='word_1_113' title='bbox 1190 1314 1343 1376; x_wconf 86' lang='lat' dir='ltr'><strong>patre</strong></span> <span class='ocrx_word' id='word_1_114' title='bbox 1370 1305 1590 1374; x_wconf 87' lang='lat' dir='ltr'><strong>habeat,</strong></span> <span class='ocrx_word' id='word_1_115' title='bbox 1619 1305 1713 1363; x_wconf 83' lang='lat' dir='ltr'><strong>sed</strong></span> <span class='ocrx_word' id='word_1_116' title='bbox 1738 1306 1901 1361; x_wconf 87' lang='lat' dir='ltr'><strong>etiam</strong></span> <span class='ocrx_word' id='word_1_117' title='bbox 1935 1320 2028 1376; x_wconf 89' lang='lat' dir='ltr'><strong>pa-</strong></span> 
     </span>
    </p>
   </div>
   <div class='ocr_carea' id='block_1_15' title="bbox 424 1398 2030 1470">
    <p class='ocr_par' dir='ltr' id='par_1_15' title="bbox 424 1398 2030 1470">
     <span class='ocr_line' id='line_1_15' title="bbox 424 1398 2030 1470; baseline 0 -16"><span class='ocrx_word' id='word_1_118' title='bbox 424 1407 563 1454; x_wconf 89' lang='lat' dir='ltr'><strong>trem</strong></span> <span class='ocrx_word' id='word_1_119' title='bbox 594 1414 692 1469; x_wconf 87' lang='lat' dir='ltr'><strong>pro</strong></span> <span class='ocrx_word' id='word_1_120' title='bbox 720 1398 921 1455; x_wconf 82' lang='lat' dir='ltr'><strong>alieno.</strong></span> <span class='ocrx_word' id='word_1_121' title='bbox 953 1398 1114 1467; x_wconf 84' lang='lat' dir='ltr'><strong>Quid,</strong></span> <span class='ocrx_word' id='word_1_122' title='bbox 1146 1399 1292 1470; x_wconf 87' lang='lat' dir='ltr'><strong>quod</strong></span> <span class='ocrx_word' id='word_1_123' title='bbox 1341 1413 1477 1455; x_wconf 79' lang='lat' dir='ltr'><strong>uxor</strong></span> <span class='ocrx_word' id='word_1_124' title='bbox 1521 1408 1696 1469; x_wconf 83' lang='lat' dir='ltr'><strong>potest</strong></span> <span class='ocrx_word' id='word_1_125' title='bbox 1724 1413 1847 1455; x_wconf 88' lang='lat' dir='ltr'><strong>esse</strong></span> <span class='ocrx_word' id='word_1_126' title='bbox 1878 1413 2030 1455; x_wconf 88' lang='lat' dir='ltr'><strong>com-</strong></span> 
     </span>
    </p>
   </div>
   <div class='ocr_carea' id='block_1_16' title="bbox 2130 374 3625 451">
    <p class='ocr_par' dir='ltr' id='par_1_16' title="bbox 2130 374 3625 451">
     <span class='ocr_line' id='line_1_16' title="bbox 2130 374 3625 451; baseline 0.008 -20"><span class='ocrx_word' id='word_1_127' title='bbox 2130 375 2368 432; x_wconf 89' lang='lat' dir='ltr'><strong>hominis</strong></span> <span class='ocrx_word' id='word_1_128' title='bbox 2432 383 2615 431; x_wconf 92' lang='lat' dir='ltr'><strong>mente</strong></span> <span class='ocrx_word' id='word_1_129' title='bbox 2665 382 2934 430; x_wconf 80' lang='lat' dir='ltr'><strong>versatur.</strong></span> <span class='ocrx_word' id='word_1_130' title='bbox 2989 374 3095 443; x_wconf 84' lang='lat' dir='ltr'><strong>Qui</strong></span> <span class='ocrx_word' id='word_1_131' title='bbox 3137 393 3263 449; x_wconf 81' lang='lat' dir='ltr'><strong>ergo</strong></span> <span class='ocrx_word' id='word_1_132' title='bbox 3307 381 3413 439; x_wconf 90' lang='lat' dir='ltr'><strong>vult</strong></span> <span class='ocrx_word' id='word_1_133' title='bbox 3452 383 3625 451; x_wconf 60' lang='lat' dir='ltr'><strong>homines</strong></span> 
     </span>
    </p>
   </div>
   <div class='ocr_carea' id='block_1_17' title="bbox 2127 469 3625 545">
    <p class='ocr_par' dir='ltr' id='par_1_17' title="bbox 2127 469 3625 545">
     <span class='ocr_line' id='line_1_17' title="bbox 2127 469 3625 545; baseline 0.01 -19"><span class='ocrx_word' id='word_1_134' title='bbox 2127 471 2418 541; x_wconf 65' lang='lat' dir='ltr'><strong>adaequare</strong></span> <span class='ocrx_word' id='word_1_135' title='bbox 2442 512 2456 537; x_wconf 95' lang='lat'><strong>,</strong></span> <span class='ocrx_word' id='word_1_136' title='bbox 2502 484 2611 525; x_wconf 88' lang='lat' dir='ltr'><strong>non</strong></span> <span class='ocrx_word' id='word_1_137' title='bbox 2668 469 3007 525; x_wconf 86' lang='lat' dir='ltr'><strong>matrimonia</strong></span> <span class='ocrx_word' id='word_1_138' title='bbox 3032 509 3048 534; x_wconf 95' lang='lat'><strong>,</strong></span> <span class='ocrx_word' id='word_1_139' title='bbox 3080 486 3184 529; x_wconf 89' lang='lat' dir='ltr'><strong>non</strong></span> <span class='ocrx_word' id='word_1_140' title='bbox 3231 487 3355 545; x_wconf 87' lang='lat' dir='ltr'><strong>opes</strong></span> <span class='ocrx_word' id='word_1_141' title='bbox 3392 478 3625 545; x_wconf 82' lang='lat' dir='ltr'><strong>subtrahere</strong></span> 
     </span>
    </p>
   </div>
   <div class='ocr_carea' id='block_1_18' title="bbox 2129 562 3627 641">
    <p class='ocr_par' dir='ltr' id='par_1_18' title="bbox 2129 562 3627 641">
     <span class='ocr_line' id='line_1_18' title="bbox 2129 562 3627 641; baseline 0.006 -22"><span class='ocrx_word' id='word_1_142' title='bbox 2129 562 2327 629; x_wconf 84' lang='lat' dir='ltr'><strong>debet;</strong></span> <span class='ocrx_word' id='word_1_143' title='bbox 2359 562 2453 619; x_wconf 88' lang='lat' dir='ltr'><strong>sed</strong></span> <span class='ocrx_word' id='word_1_144' title='bbox 2475 562 2871 634; x_wconf 74' lang='lat' dir='ltr'><strong>arrogantiam,</strong></span> <span class='ocrx_word' id='word_1_145' title='bbox 2927 564 3258 633; x_wconf 78' lang='lat' dir='ltr'><strong>superbiam,</strong></span> <span class='ocrx_word' id='word_1_146' title='bbox 3308 576 3556 641; x_wconf 88' lang='lat' dir='ltr'><strong>tumorem,</strong></span> <span class='ocrx_word' id='word_1_147' title='bbox 3593 593 3627 637; x_wconf 73' lang='lat' dir='ltr'><strong>in</strong></span> 
     </span>
    </p>
   </div>
   <div class='ocr_carea' id='block_1_19' title="bbox 2126 654 3627 726">
    <p class='ocr_par' dir='ltr' id='par_1_19' title="bbox 2126 654 3627 726">
     <span class='ocr_line' id='line_1_19' title="bbox 2126 654 3627 726; baseline 0 -15"><span class='ocrx_word' id='word_1_148' title='bbox 2126 656 2203 711; x_wconf 89' lang='lat' dir='ltr'><strong>illi</strong></span> <span class='ocrx_word' id='word_1_149' title='bbox 2255 664 2503 726; x_wconf 89' lang='lat' dir='ltr'><strong>potentes</strong></span> <span class='ocrx_word' id='word_1_150' title='bbox 2527 664 2583 713; x_wconf 89' lang='lat' dir='ltr'><strong>et</strong></span> <span class='ocrx_word' id='word_1_151' title='bbox 2622 654 2746 710; x_wconf 87' lang='lat' dir='ltr'><strong>elati</strong></span> <span class='ocrx_word' id='word_1_152' title='bbox 2776 669 2933 725; x_wconf 87' lang='lat' dir='ltr'><strong>pares</strong></span> <span class='ocrx_word' id='word_1_153' title='bbox 2960 669 3083 713; x_wconf 84' lang='lat' dir='ltr'><strong>esse</strong></span> <span class='ocrx_word' id='word_1_154' title='bbox 3109 671 3168 712; x_wconf 85' lang='lat' dir='ltr'><strong>se</strong></span> <span class='ocrx_word' id='word_1_155' title='bbox 3190 658 3344 715; x_wconf 82' lang='lat' dir='ltr'><strong>etiam</strong></span> <span class='ocrx_word' id='word_1_156' title='bbox 3373 665 3627 726; x_wconf 79' lang='lat' dir='ltr'><strong>meudicini.</strong></span> 
     </span>
    </p>
   </div>
   <div class='ocr_carea' id='block_1_20' title="bbox 2130 740 3663 817">
    <p class='ocr_par' dir='ltr' id='par_1_20' title="bbox 2130 740 3663 817">
     <span class='ocr_line' id='line_1_20' title="bbox 2130 740 3663 817; baseline 0.01 -16"><span class='ocrx_word' id='word_1_157' title='bbox 2130 748 2233 802; x_wconf 92' lang='lat' dir='ltr'><strong>mis</strong></span> <span class='ocrx_word' id='word_1_158' title='bbox 2280 750 2471 805; x_wconf 83' lang='lat' dir='ltr'><strong>sciant.</strong></span> <span class='ocrx_word' id='word_1_159' title='bbox 2517 747 2763 804; x_wconf 85' lang='lat' dir='ltr'><strong>Detracta</strong></span> <span class='ocrx_word' id='word_1_160' title='bbox 2786 747 2931 803; x_wconf 85' lang='lat' dir='ltr'><strong>enim</strong></span> <span class='ocrx_word' id='word_1_161' title='bbox 2953 746 3206 803; x_wconf 85' lang='lat' dir='ltr'><strong>divitibus</strong></span> <span class='ocrx_word' id='word_1_162' title='bbox 3229 748 3488 809; x_wconf 75' lang='lat' dir='ltr'><strong>insolentia</strong></span> <span class='ocrx_word' id='word_1_163' title='bbox 3507 768 3547 812; x_wconf 89' lang='lat' dir='ltr'><strong>et</strong></span> <span class='ocrx_word' id='word_1_164' title='bbox 3566 760 3628 817; x_wconf 84' lang='lat' dir='ltr'><strong>iui-</strong></span> <span class='ocrx_word' id='word_1_165' title='bbox 3654 740 3663 750; x_wconf 67' lang='grc'><em>’</em></span> 
     </span>
    </p>
   </div>
   <div class='ocr_carea' id='block_1_21' title="bbox 2129 834 3691 919">
    <p class='ocr_par' dir='ltr' id='par_1_21' title="bbox 2129 834 3691 919">
     <span class='ocr_line' id='line_1_21' title="bbox 2129 834 3691 919; baseline 0.012 -26"><span class='ocrx_word' id='word_1_166' title='bbox 2129 841 2371 911; x_wconf 88' lang='lat' dir='ltr'><strong>quilate,</strong></span> <span class='ocrx_word' id='word_1_167' title='bbox 2418 839 2552 895; x_wconf 89' lang='lat' dir='ltr'><strong>nihil</strong></span> <span class='ocrx_word' id='word_1_168' title='bbox 2601 839 2846 896; x_wconf 84' lang='lat' dir='ltr'><strong>intererit</strong></span> <span class='ocrx_word' id='word_1_169' title='bbox 2908 850 3160 897; x_wconf 84' lang='lat' dir='ltr'><strong>utrumne</strong></span> <span class='ocrx_word' id='word_1_170' title='bbox 3216 843 3303 899; x_wconf 87' lang='lat' dir='ltr'><strong>alii</strong></span> <span class='ocrx_word' id='word_1_171' title='bbox 3347 845 3549 918; x_wconf 67' lang='lat' dir='ltr'><strong>divites;</strong></span> <span class='ocrx_word' id='word_1_172' title='bbox 3571 856 3625 911; x_wconf 78' lang='lat' dir='ltr'><strong>alii</strong></span> <span class='ocrx_word' id='word_1_173' title='bbox 3690 834 3691 919; x_wconf 70' lang='lat' dir='ltr'><strong>l</strong></span> 
     </span>
    </p>
   </div>
   <div class='ocr_carea' id='block_1_22' title="bbox 2130 932 3691 1010">
    <p class='ocr_par' dir='ltr' id='par_1_22' title="bbox 2130 932 3691 1010">
     <span class='ocr_line' id='line_1_22' title="bbox 2130 932 3691 1010; baseline 0.01 -22"><span class='ocrx_word' id='word_1_174' title='bbox 2130 948 2401 1004; x_wconf 89' lang='lat' dir='ltr'><strong>pauperes</strong></span> <span class='ocrx_word' id='word_1_175' title='bbox 2440 934 2583 1002; x_wconf 89' lang='lat' dir='ltr'><strong>sint,</strong></span> <span class='ocrx_word' id='word_1_176' title='bbox 2609 947 2735 989; x_wconf 89' lang='lat' dir='ltr'><strong>cum</strong></span> <span class='ocrx_word' id='word_1_177' title='bbox 2762 932 2928 988; x_wconf 90' lang='lat' dir='ltr'><strong>animi</strong></span> <span class='ocrx_word' id='word_1_178' title='bbox 2960 948 3115 1004; x_wconf 89' lang='lat' dir='ltr'><strong>pares</strong></span> <span class='ocrx_word' id='word_1_179' title='bbox 3138 934 3357 1005; x_wconf 77' lang='lat' dir='ltr'><strong>iuerint;</strong></span> <span class='ocrx_word' id='word_1_180' title='bbox 3400 943 3519 1010; x_wconf 87' lang='lat' dir='ltr'><strong>quod</strong></span> <span class='ocrx_word' id='word_1_181' title='bbox 3556 948 3627 1003; x_wconf 88' lang='lat' dir='ltr'><strong>elli-</strong></span> <span class='ocrx_word' id='word_1_182' title='bbox 3690 932 3691 1010; x_wconf 53' lang='grc' dir='ltr'>ἰ</span> 
     </span>
    </p>
   </div>
   <div class='ocr_carea' id='block_1_23' title="bbox 2128 1027 3627 1106">
    <p class='ocr_par' dir='ltr' id='par_1_23' title="bbox 2128 1027 3627 1106">
     <span class='ocr_line' id='line_1_23' title="bbox 2128 1027 3627 1106; baseline 0.007 -24"><span class='ocrx_word' id='word_1_183' title='bbox 2128 1041 2255 1084; x_wconf 89' lang='lat' dir='ltr'><strong>cere</strong></span> <span class='ocrx_word' id='word_1_184' title='bbox 2302 1028 2447 1083; x_wconf 89' lang='lat' dir='ltr'><strong>nulla</strong></span> <span class='ocrx_word' id='word_1_185' title='bbox 2496 1042 2584 1084; x_wconf 90' lang='lat' dir='ltr'><strong>res</strong></span> <span class='ocrx_word' id='word_1_186' title='bbox 2635 1027 2739 1083; x_wconf 89' lang='lat' dir='ltr'><strong>alia</strong></span> <span class='ocrx_word' id='word_1_187' title='bbox 2792 1036 2990 1096; x_wconf 58' lang='lat' dir='ltr'><strong>praster</strong></span> <span class='ocrx_word' id='word_1_188' title='bbox 3055 1029 3362 1100; x_wconf 80' lang='lat' dir='ltr'><strong>religionem</strong></span> <span class='ocrx_word' id='word_1_189' title='bbox 3387 1033 3469 1089; x_wconf 90' lang='lat' dir='ltr'><strong>Dei</strong></span> <span class='ocrx_word' id='word_1_190' title='bbox 3492 1049 3627 1106; x_wconf 79' lang='lat' dir='ltr'><strong>potest.</strong></span> 
     </span>
    </p>
   </div>
   <div class='ocr_carea' id='block_1_24' title="bbox 2127 1119 3627 1198">
    <p class='ocr_par' dir='ltr' id='par_1_24' title="bbox 2127 1119 3627 1198">
     <span class='ocr_line' id='line_1_24' title="bbox 2127 1119 3627 1198; baseline 0.003 -23"><span class='ocrx_word' id='word_1_191' title='bbox 2127 1119 2344 1175; x_wconf 86' lang='lat' dir='ltr'><strong>Putavit</strong></span> <span class='ocrx_word' id='word_1_192' title='bbox 2365 1120 2522 1191; x_wconf 78' lang='lat' dir='ltr'><strong>igitur</strong></span> <span class='ocrx_word' id='word_1_193' title='bbox 2549 1135 2609 1176; x_wconf 87' lang='lat' dir='ltr'><strong>se</strong></span> <span class='ocrx_word' id='word_1_194' title='bbox 2638 1119 2912 1175; x_wconf 85' lang='lat' dir='ltr'><strong>invenisse</strong></span> <span class='ocrx_word' id='word_1_195' title='bbox 2933 1119 3197 1190; x_wconf 79' lang='lat' dir='ltr'><strong>justitiam</strong></span> <span class='ocrx_word' id='word_1_196' title='bbox 3217 1161 3233 1185; x_wconf 91' lang='lat'><strong>,</strong></span> <span class='ocrx_word' id='word_1_197' title='bbox 3265 1137 3380 1179; x_wconf 88' lang='lat' dir='ltr'><strong>cum</strong></span> <span class='ocrx_word' id='word_1_198' title='bbox 3404 1140 3510 1182; x_wconf 88' lang='lat' dir='ltr'><strong>eam</strong></span> <span class='ocrx_word' id='word_1_199' title='bbox 3530 1145 3627 1198; x_wconf 61' lang='grc' dir='ltr'><strong>μοι.</strong></span> 
     </span>
    </p>
   </div>
   <div class='ocr_carea' id='block_1_25' title="bbox 2128 1213 3623 1287">
    <p class='ocr_par' dir='ltr' id='par_1_25' title="bbox 2128 1213 3623 1287">
     <span class='ocr_line' id='line_1_25' title="bbox 2128 1213 3623 1287; baseline -0.002 -17"><span class='ocrx_word' id='word_1_200' title='bbox 2128 1228 2221 1270; x_wconf 89' lang='lat' dir='ltr'><strong>sus</strong></span> <span class='ocrx_word' id='word_1_201' title='bbox 2247 1214 2533 1281; x_wconf 88' lang='lat' dir='ltr'><strong>everterit;</strong></span> <span class='ocrx_word' id='word_1_202' title='bbox 2565 1214 2689 1286; x_wconf 85' lang='lat' dir='ltr'><strong>quia</strong></span> <span class='ocrx_word' id='word_1_203' title='bbox 2716 1230 2822 1269; x_wconf 88' lang='lat' dir='ltr'><strong>non</strong></span> <span class='ocrx_word' id='word_1_204' title='bbox 2864 1229 3047 1272; x_wconf 80' lang='lat' dir='ltr'><strong>rerum</strong></span> <span class='ocrx_word' id='word_1_205' title='bbox 3073 1213 3368 1287; x_wconf 74' lang='lat' dir='ltr'><strong>fragilium,</strong></span> <span class='ocrx_word' id='word_1_206' title='bbox 3411 1220 3492 1277; x_wconf 80' lang='lat' dir='ltr'><strong>sed</strong></span> <span class='ocrx_word' id='word_1_207' title='bbox 3525 1240 3623 1281; x_wconf 61' lang='lat' dir='ltr'><strong>men.</strong></span> 
     </span>
    </p>
   </div>
   <div class='ocr_carea' id='block_1_26' title="bbox 2129 1305 3623 1379">
    <p class='ocr_par' dir='ltr' id='par_1_26' title="bbox 2129 1305 3623 1379">
     <span class='ocr_line' id='line_1_26' title="bbox 2129 1305 3623 1379; baseline 0.002 -18"><span class='ocrx_word' id='word_1_208' title='bbox 2129 1305 2262 1361; x_wconf 89' lang='lat' dir='ltr'><strong>tium</strong></span> <span class='ocrx_word' id='word_1_209' title='bbox 2311 1306 2471 1362; x_wconf 82' lang='lat' dir='ltr'><strong>debet</strong></span> <span class='ocrx_word' id='word_1_210' title='bbox 2511 1315 2657 1363; x_wconf 86' lang='lat' dir='ltr'><strong>esset</strong></span> <span class='ocrx_word' id='word_1_211' title='bbox 2697 1307 3075 1363; x_wconf 89' lang='lat' dir='ltr'><strong>communitas.</strong></span> <span class='ocrx_word' id='word_1_212' title='bbox 3103 1307 3297 1369; x_wconf 82' lang='lat' dir='ltr'><strong>Namsi</strong></span> <span class='ocrx_word' id='word_1_213' title='bbox 3315 1310 3497 1379; x_wconf 76' lang='lat' dir='ltr'><strong>iustitia</strong></span> <span class='ocrx_word' id='word_1_214' title='bbox 3515 1318 3623 1375; x_wconf 64' lang='lat' dir='ltr'><strong>vim</strong></span> 
     </span>
    </p>
   </div>
   <div class='ocr_carea' id='block_1_27' title="bbox 2128 1400 3625 1476">
    <p class='ocr_par' dir='ltr' id='par_1_27' title="bbox 2128 1400 3625 1476">
     <span class='ocr_line' id='line_1_27' title="bbox 2128 1400 3625 1476; baseline 0.007 -22"><span class='ocrx_word' id='word_1_215' title='bbox 2128 1406 2242 1454; x_wconf 88' lang='lat' dir='ltr'><strong>tum</strong></span> <span class='ocrx_word' id='word_1_216' title='bbox 2271 1400 2511 1454; x_wconf 90' lang='lat' dir='ltr'><strong>omnium</strong></span> <span class='ocrx_word' id='word_1_217' title='bbox 2561 1407 2733 1454; x_wconf 81' lang='lat' dir='ltr'><strong>mater</strong></span> <span class='ocrx_word' id='word_1_218' title='bbox 2757 1408 2872 1463; x_wconf 85' lang='lat' dir='ltr'><strong>est,</strong></span> <span class='ocrx_word' id='word_1_219' title='bbox 2901 1414 3024 1455; x_wconf 89' lang='lat' dir='ltr'><strong>cum</strong></span> <span class='ocrx_word' id='word_1_220' title='bbox 3062 1400 3168 1455; x_wconf 72' lang='lat' dir='ltr'><strong>illic</strong></span> <span class='ocrx_word' id='word_1_221' title='bbox 3189 1401 3401 1471; x_wconf 69' lang='lat' dir='ltr'><strong>singula.</strong></span> <span class='ocrx_word' id='word_1_222' title='bbox 3426 1405 3625 1476; x_wconf 85' lang='lat' dir='ltr'><strong>tolluntur,</strong></span> 
     </span>
    </p>
   </div>
   <div class='ocr_carea' id='block_1_28' title="bbox 421 1471 3621 1585">
    <p class='ocr_par' dir='ltr' id='par_1_28' title="bbox 421 1471 3621 1585">
     <span class='ocr_line' id='line_1_28' title="bbox 421 1471 3621 1585; baseline 0.002 -40"><span class='ocrx_word' id='word_1_223' title='bbox 421 1491 623 1558; x_wconf 85' lang='lat' dir='ltr'><strong>munis,</strong></span> <span class='ocrx_word' id='word_1_224' title='bbox 646 1490 792 1547; x_wconf 81' lang='lat' dir='ltr'><strong>ﬁlius</strong></span> <span class='ocrx_word' id='word_1_225' title='bbox 831 1507 939 1549; x_wconf 87' lang='lat' dir='ltr'><strong>non</strong></span> <span class='ocrx_word' id='word_1_226' title='bbox 966 1500 1181 1561; x_wconf 85' lang='lat' dir='ltr'><strong>potest,</strong></span> <span class='ocrx_word' id='word_1_227' title='bbox 1212 1507 1379 1561; x_wconf 87' lang='lat' dir='ltr'><strong>quem</strong></span> <span class='ocrx_word' id='word_1_228' title='bbox 1406 1471 1777 1585; x_wconf 54' lang='lat' dir='ltr'><strong>concipignon</strong></span> <span class='ocrx_word' id='word_1_229' title='bbox 1824 1491 1929 1547; x_wconf 85' lang='lat' dir='ltr'><strong>nisi</strong></span> <span class='ocrx_word' id='word_1_230' title='bbox 1958 1507 2027 1549; x_wconf 81' lang='lat' dir='ltr'><strong>ex</strong></span> <span class='ocrx_word' id='word_1_231' title='bbox 2126 1489 2241 1561; x_wconf 88' lang='lat' dir='ltr'><strong>ipsa</strong></span> <span class='ocrx_word' id='word_1_232' title='bbox 2272 1491 2618 1546; x_wconf 88' lang='lat' dir='ltr'><strong>subvertitur.</strong></span> <span class='ocrx_word' id='word_1_233' title='bbox 2652 1490 2797 1546; x_wconf 91' lang='lat' dir='ltr'><strong>Tulit</strong></span> <span class='ocrx_word' id='word_1_234' title='bbox 2823 1499 3001 1546; x_wconf 86' lang='lat' dir='ltr'><strong>autem</strong></span> <span class='ocrx_word' id='word_1_235' title='bbox 3036 1489 3188 1546; x_wconf 85' lang='lat' dir='ltr'><strong>Plato</strong></span> <span class='ocrx_word' id='word_1_236' title='bbox 3214 1503 3336 1548; x_wconf 84' lang='lat' dir='ltr'><strong>ante</strong></span> <span class='ocrx_word' id='word_1_237' title='bbox 3372 1496 3522 1550; x_wconf 81' lang='lat' dir='ltr'><strong>omnia</strong></span> <span class='ocrx_word' id='word_1_238' title='bbox 3551 1471 3621 1553; x_wconf 35' lang='lat' dir='ltr'><strong>hu;</strong></span> 
     </span>
    </p>
   </div>
   <div class='ocr_carea' id='block_1_29' title="bbox 420 1581 3624 1656">
    <p class='ocr_par' dir='ltr' id='par_1_29' title="bbox 420 1581 3624 1656">
     <span class='ocr_line' id='line_1_29' title="bbox 420 1581 3624 1656; baseline 0.002 -17"><span class='ocrx_word' id='word_1_239' title='bbox 420 1599 531 1640; x_wconf 88' lang='lat' dir='ltr'><strong>uno</strong></span> <span class='ocrx_word' id='word_1_240' title='bbox 559 1599 780 1640; x_wconf 83' lang='lat' dir='ltr'><strong>necesse</strong></span> <span class='ocrx_word' id='word_1_241' title='bbox 806 1594 912 1643; x_wconf 87' lang='lat' dir='ltr'><strong>est.</strong></span> <span class='ocrx_word' id='word_1_242' title='bbox 938 1586 1088 1643; x_wconf 79' lang='lat' dir='ltr'><strong>Perit</strong></span> <span class='ocrx_word' id='word_1_243' title='bbox 1110 1600 1242 1655; x_wconf 78' lang='lat' dir='ltr'><strong>ergo</strong></span> <span class='ocrx_word' id='word_1_244' title='bbox 1271 1584 1348 1640; x_wconf 86' lang='lat' dir='ltr'><strong>illi</strong></span> <span class='ocrx_word' id='word_1_245' title='bbox 1376 1584 1469 1640; x_wconf 87' lang='lat' dir='ltr'><strong>uni</strong></span> <span class='ocrx_word' id='word_1_246' title='bbox 1494 1581 1878 1650; x_wconf 77' lang='lat' dir='ltr'><strong>communitas,</strong></span> <span class='ocrx_word' id='word_1_247' title='bbox 1906 1584 2026 1653; x_wconf 87' lang='lat' dir='ltr'><strong>ipsa</strong></span> <span class='ocrx_word' id='word_1_248' title='bbox 2129 1581 2401 1652; x_wconf 90' lang='lat' dir='ltr'><strong>gaiitatem</strong></span> <span class='ocrx_word' id='word_1_249' title='bbox 2434 1596 2447 1635; x_wconf 90' lang='lat'><strong>:</strong></span> <span class='ocrx_word' id='word_1_250' title='bbox 2487 1592 2609 1650; x_wconf 70' lang='lat' dir='ltr'><strong>quas</strong></span> <span class='ocrx_word' id='word_1_251' title='bbox 2669 1583 2853 1652; x_wconf 81' lang='lat' dir='ltr'><strong>utique</strong></span> <span class='ocrx_word' id='word_1_252' title='bbox 2903 1581 3049 1636; x_wconf 90' lang='lat' dir='ltr'><strong>nulla</strong></span> <span class='ocrx_word' id='word_1_253' title='bbox 3081 1590 3163 1637; x_wconf 87' lang='lat' dir='ltr'><strong>est</strong></span> <span class='ocrx_word' id='word_1_254' title='bbox 3189 1623 3205 1650; x_wconf 94' lang='lat'><strong>,</strong></span> <span class='ocrx_word' id='word_1_255' title='bbox 3238 1583 3323 1638; x_wconf 89' lang='lat' dir='ltr'><strong>ubi</strong></span> <span class='ocrx_word' id='word_1_256' title='bbox 3348 1587 3519 1656; x_wconf 86' lang='lat' dir='ltr'><strong>proprii</strong></span> <span class='ocrx_word' id='word_1_257' title='bbox 3541 1586 3624 1645; x_wconf 84' lang='lat' dir='ltr'><strong>nihil</strong></span> 
     </span>
    </p>
   </div>
   <div class='ocr_carea' id='block_1_30' title="bbox 420 1671 3627 1749">
    <p class='ocr_par' dir='ltr' id='par_1_30' title="bbox 420 1671 3627 1749">
     <span class='ocr_line' id='line_1_30' title="bbox 420 1671 3627 1749; baseline 0.001 -19"><span class='ocrx_word' id='word_1_258' title='bbox 420 1677 750 1733; x_wconf 82' lang='lat' dir='ltr'><strong>reclamante</strong></span> <span class='ocrx_word' id='word_1_259' title='bbox 793 1685 1007 1733; x_wconf 84' lang='lat' dir='ltr'><strong>natura.</strong></span> <span class='ocrx_word' id='word_1_260' title='bbox 1048 1676 1347 1749; x_wconf 84' lang='lat' dir='ltr'><strong>Superest,</strong></span> <span class='ocrx_word' id='word_1_261' title='bbox 1380 1687 1438 1733; x_wconf 91' lang='lat' dir='ltr'><strong>ut</strong></span> <span class='ocrx_word' id='word_1_262' title='bbox 1483 1675 1856 1733; x_wconf 82' lang='lat' dir='ltr'><strong>tantummodo</strong></span> <span class='ocrx_word' id='word_1_263' title='bbox 1895 1689 2028 1731; x_wconf 85' lang='lat' dir='ltr'><strong>cou-</strong></span> <span class='ocrx_word' id='word_1_264' title='bbox 2055 1674 2105 1739; x_wconf 84' lang='grc' dir='ltr'>Β</span> <span class='ocrx_word' id='word_1_265' title='bbox 2128 1671 2407 1729; x_wconf 86' lang='lat' dir='ltr'><strong>habeatur.</strong></span> <span class='ocrx_word' id='word_1_266' title='bbox 2433 1673 2576 1728; x_wconf 84' lang='lat' dir='ltr'><strong>Tulit</strong></span> <span class='ocrx_word' id='word_1_267' title='bbox 2603 1672 2986 1729; x_wconf 82' lang='lat' dir='ltr'><strong>abstinentiam</strong></span> <span class='ocrx_word' id='word_1_268' title='bbox 3014 1691 3028 1727; x_wconf 90' lang='lat'><strong>:</strong></span> <span class='ocrx_word' id='word_1_269' title='bbox 3053 1674 3319 1744; x_wconf 85' lang='lat' dir='ltr'><strong>siquidem</strong></span> <span class='ocrx_word' id='word_1_270' title='bbox 3361 1676 3477 1732; x_wconf 83' lang='lat' dir='ltr'><strong>niiu&#39;i</strong></span> <span class='ocrx_word' id='word_1_271' title='bbox 3509 1679 3627 1749; x_wconf 70' lang='lat' dir='ltr'><strong>luem,</strong></span> 
     </span>
    </p>
   </div>
   <div class='ocr_carea' id='block_1_31' title="bbox 420 1765 3628 1841">
    <p class='ocr_par' dir='ltr' id='par_1_31' title="bbox 420 1765 3628 1841">
     <span class='ocr_line' id='line_1_31' title="bbox 420 1765 3628 1841; baseline 0.001 -17"><span class='ocrx_word' id='word_1_272' title='bbox 420 1769 621 1824; x_wconf 83' lang='lat' dir='ltr'><strong>cordiae</strong></span> <span class='ocrx_word' id='word_1_273' title='bbox 648 1783 810 1824; x_wconf 89' lang='lat' dir='ltr'><strong>causa</strong></span> <span class='ocrx_word' id='word_1_274' title='bbox 856 1784 1053 1825; x_wconf 76' lang='lat' dir='ltr'><strong>uxores</strong></span> <span class='ocrx_word' id='word_1_275' title='bbox 1080 1769 1213 1825; x_wconf 80' lang='lat' dir='ltr'><strong>velit</strong></span> <span class='ocrx_word' id='word_1_276' title='bbox 1247 1784 1370 1827; x_wconf 85' lang='lat' dir='ltr'><strong>esse</strong></span> <span class='ocrx_word' id='word_1_277' title='bbox 1412 1782 1751 1825; x_wconf 76' lang='lat' dir='ltr'><strong>communes.</strong></span> <span class='ocrx_word' id='word_1_278' title='bbox 1785 1768 1858 1823; x_wconf 84' lang='lat' dir='ltr'><strong>At</strong></span> <span class='ocrx_word' id='word_1_279' title='bbox 1878 1768 2028 1824; x_wconf 89' lang='lat' dir='ltr'><strong>nulla</strong></span> <span class='ocrx_word' id='word_1_280' title='bbox 2130 1765 2275 1837; x_wconf 90' lang='lat' dir='ltr'><strong>quod</strong></span> <span class='ocrx_word' id='word_1_281' title='bbox 2301 1766 2933 1835; x_wconf 84' lang='lat' dir='ltr'><strong>abstineatur,aiieuum.</strong></span> <span class='ocrx_word' id='word_1_282' title='bbox 2966 1767 3115 1824; x_wconf 86' lang='lat' dir='ltr'><strong>Tulit</strong></span> <span class='ocrx_word' id='word_1_283' title='bbox 3143 1771 3535 1841; x_wconf 85' lang='lat' dir='ltr'><strong>temperantiam,</strong></span> <span class='ocrx_word' id='word_1_284' title='bbox 3556 1776 3628 1831; x_wconf 85' lang='lat' dir='ltr'><strong>tulit</strong></span> 
     </span>
    </p>
   </div>
   <div class='ocr_carea' id='block_1_32' title="bbox 420 1859 3626 1932">
    <p class='ocr_par' dir='ltr' id='par_1_32' title="bbox 420 1859 3626 1932">
     <span class='ocr_line' id='line_1_32' title="bbox 420 1859 3626 1932; baseline 0.001 -15"><span class='ocrx_word' id='word_1_285' title='bbox 420 1863 797 1919; x_wconf 86' lang='lat' dir='ltr'><strong>vehementior</strong></span> <span class='ocrx_word' id='word_1_286' title='bbox 838 1863 1236 1919; x_wconf 71' lang='lat' dir='ltr'><strong>discordiarum</strong></span> <span class='ocrx_word' id='word_1_287' title='bbox 1276 1877 1438 1918; x_wconf 87' lang='lat' dir='ltr'><strong>causa</strong></span> <span class='ocrx_word' id='word_1_288' title='bbox 1485 1870 1609 1929; x_wconf 82' lang='lat' dir='ltr'><strong>est,</strong></span> <span class='ocrx_word' id='word_1_289' title='bbox 1652 1878 1814 1932; x_wconf 88' lang='lat' dir='ltr'><strong>quam</strong></span> <span class='ocrx_word' id='word_1_290' title='bbox 1867 1864 2028 1919; x_wconf 71' lang='lat' dir='ltr'><strong>anins</strong></span> <span class='ocrx_word' id='word_1_291' title='bbox 2129 1859 2463 1925; x_wconf 86' lang='lat' dir='ltr'><strong>castitatem;</strong></span> <span class='ocrx_word' id='word_1_292' title='bbox 2510 1873 2633 1929; x_wconf 64' lang='lat' dir='ltr'><strong>quae</strong></span> <span class='ocrx_word' id='word_1_293' title='bbox 2681 1860 3009 1917; x_wconf 79' lang='lat' dir='ltr'><strong>virtutes’in</strong></span> <span class='ocrx_word' id='word_1_294' title='bbox 3057 1871 3290 1932; x_wconf 82' lang='lat' dir='ltr'><strong>utroque</strong></span> <span class='ocrx_word' id='word_1_295' title='bbox 3314 1877 3436 1919; x_wconf 78' lang='lat' dir='ltr'><strong>sexu</strong></span> <span class='ocrx_word' id='word_1_296' title='bbox 3456 1866 3626 1923; x_wconf 69' lang='lat' dir='ltr'><strong>marina</strong></span> 
     </span>
    </p>
   </div>
   <div class='ocr_carea' id='block_1_33' title="bbox 420 1953 3627 2025">
    <p class='ocr_par' dir='ltr' id='par_1_33' title="bbox 420 1953 3627 2025">
     <span class='ocr_line' id='line_1_33' title="bbox 420 1953 3627 2025; baseline 0.001 -16"><span class='ocrx_word' id='word_1_297' title='bbox 420 1953 657 2011; x_wconf 75' lang='lat' dir='ltr'><strong>fmminae</strong></span> <span class='ocrx_word' id='word_1_298' title='bbox 682 1970 715 2008; x_wconf 87' lang='lat' dir='ltr'><strong>a</strong></span> <span class='ocrx_word' id='word_1_299' title='bbox 749 1954 937 2010; x_wconf 88' lang='lat' dir='ltr'><strong>multis</strong></span> <span class='ocrx_word' id='word_1_300' title='bbox 968 1955 1208 2011; x_wconf 67' lang='lat' dir='ltr'><strong>[naribus</strong></span> <span class='ocrx_word' id='word_1_301' title='bbox 1232 1954 1511 2025; x_wconf 86' lang='lat' dir='ltr'><strong>appetitio.</strong></span> <span class='ocrx_word' id='word_1_302' title='bbox 1556 1955 1613 2013; x_wconf 85' lang='lat' dir='ltr'><strong>in</strong></span> <span class='ocrx_word' id='word_1_303' title='bbox 1638 1971 1750 2025; x_wconf 83' lang='lat' dir='ltr'><strong>quo</strong></span> <span class='ocrx_word' id='word_1_304' title='bbox 1775 1955 1953 2023; x_wconf 89' lang='lat' dir='ltr'><strong>Plato,</strong></span> <span class='ocrx_word' id='word_1_305' title='bbox 1981 1956 2026 2011; x_wconf 86' lang='lat' dir='ltr'><strong>si</strong></span> <span class='ocrx_word' id='word_1_306' title='bbox 2130 1965 2276 2013; x_wconf 87' lang='lat' dir='ltr'><strong>sunt.</strong></span> <span class='ocrx_word' id='word_1_307' title='bbox 2315 1954 2459 2011; x_wconf 83' lang='lat' dir='ltr'><strong>Tulit</strong></span> <span class='ocrx_word' id='word_1_308' title='bbox 2484 1954 2861 2012; x_wconf 80' lang='lat' dir='ltr'><strong>verecundiam</strong></span> <span class='ocrx_word' id='word_1_309' title='bbox 2886 1994 2900 2020; x_wconf 90' lang='lat'><strong>,</strong></span> <span class='ocrx_word' id='word_1_310' title='bbox 2927 1954 3191 2024; x_wconf 81' lang='lat' dir='ltr'><strong>pudorem</strong></span> <span class='ocrx_word' id='word_1_311' title='bbox 3214 1994 3229 2021; x_wconf 88' lang='lat'><strong>,</strong></span> <span class='ocrx_word' id='word_1_312' title='bbox 3281 1956 3581 2023; x_wconf 84' lang='lat' dir='ltr'><strong>modestiam,</strong></span> <span class='ocrx_word' id='word_1_313' title='bbox 3601 1959 3627 2013; x_wconf 75' lang='lat' dir='ltr'><strong>si</strong></span> 
     </span>
    </p>
   </div>
   <div class='ocr_carea' id='block_1_34' title="bbox 422 2048 2023 2119">
    <p class='ocr_par' dir='ltr' id='par_1_34' title="bbox 422 2048 2023 2119">
     <span class='ocr_line' id='line_1_34' title="bbox 422 2048 2023 2119; baseline -0.001 -16"><span class='ocrx_word' id='word_1_314' title='bbox 422 2049 634 2103; x_wconf 86' lang='lat' dir='ltr'><strong>ratione</strong></span> <span class='ocrx_word' id='word_1_315' title='bbox 658 2064 769 2103; x_wconf 83' lang='lat' dir='ltr'><strong>non</strong></span> <span class='ocrx_word' id='word_1_316' title='bbox 806 2050 1001 2119; x_wconf 80' lang='lat' dir='ltr'><strong>patuit,</strong></span> <span class='ocrx_word' id='word_1_317' title='bbox 1032 2048 1296 2118; x_wconf 69' lang='lat' dir='ltr'><strong>exemplis</strong></span> <span class='ocrx_word' id='word_1_318' title='bbox 1325 2056 1474 2106; x_wconf 87' lang='lat' dir='ltr'><strong>certe</strong></span> <span class='ocrx_word' id='word_1_319' title='bbox 1517 2048 1692 2119; x_wconf 88' lang='lat' dir='ltr'><strong>potuit</strong></span> <span class='ocrx_word' id='word_1_320' title='bbox 1720 2048 2023 2113; x_wconf 89' lang='lat' dir='ltr'><strong>admoneri,</strong></span> 
     </span>
    </p>
   </div>
   <div class='ocr_carea' id='block_1_35' title="bbox 420 2140 2027 2211">
    <p class='ocr_par' dir='ltr' id='par_1_35' title="bbox 420 2140 2027 2211">
     <span class='ocr_line' id='line_1_35' title="bbox 420 2140 2027 2211; baseline -0.001 -15"><span class='ocrx_word' id='word_1_321' title='bbox 420 2150 475 2196; x_wconf 92' lang='lat' dir='ltr'><strong>ct</strong></span> <span class='ocrx_word' id='word_1_322' title='bbox 501 2151 771 2199; x_wconf 86' lang='lat' dir='ltr'><strong>mutorum</strong></span> <span class='ocrx_word' id='word_1_323' title='bbox 803 2142 1148 2208; x_wconf 82' lang='lat' dir='ltr'><strong>animalium,</strong></span> <span class='ocrx_word' id='word_1_324' title='bbox 1204 2156 1328 2211; x_wconf 77' lang='lat' dir='ltr'><strong>qua:</strong></span> <span class='ocrx_word' id='word_1_325' title='bbox 1358 2140 1430 2196; x_wconf 90' lang='lat' dir='ltr'><strong>ob</strong></span> <span class='ocrx_word' id='word_1_326' title='bbox 1472 2140 1580 2199; x_wconf 84' lang='lat' dir='ltr'><strong>hoc</strong></span> <span class='ocrx_word' id='word_1_327' title='bbox 1626 2140 1715 2198; x_wconf 88' lang='lat' dir='ltr'><strong>vel</strong></span> <span class='ocrx_word' id='word_1_328' title='bbox 1762 2140 2027 2196; x_wconf 87' lang='lat' dir='ltr'><strong>acerrime</strong></span> 
     </span>
    </p>
   </div>
   <div class='ocr_carea' id='block_1_36' title="bbox 422 2227 2026 2306">
    <p class='ocr_par' dir='ltr' id='par_1_36' title="bbox 422 2227 2026 2306">
     <span class='ocr_line' id='line_1_36' title="bbox 422 2227 2026 2306; baseline 0 -19"><span class='ocrx_word' id='word_1_329' title='bbox 422 2242 683 2306; x_wconf 78' lang='lat' dir='ltr'><strong>pugnant,</strong></span> <span class='ocrx_word' id='word_1_330' title='bbox 711 2242 768 2289; x_wconf 92' lang='lat' dir='ltr'><strong>et</strong></span> <span class='ocrx_word' id='word_1_331' title='bbox 795 2227 1099 2299; x_wconf 68' lang='lat' dir='ltr'><strong>hominum,</strong></span> <span class='ocrx_word' id='word_1_332' title='bbox 1126 2234 1220 2304; x_wconf 91' lang='lat' dir='ltr'><strong>qui</strong></span> <span class='ocrx_word' id='word_1_333' title='bbox 1261 2248 1480 2304; x_wconf 80' lang='lat' dir='ltr'><strong>semper</strong></span> <span class='ocrx_word' id='word_1_334' title='bbox 1502 2235 1577 2289; x_wconf 89' lang='lat' dir='ltr'><strong>ob</strong></span> <span class='ocrx_word' id='word_1_335' title='bbox 1601 2250 1721 2291; x_wconf 84' lang='lat' dir='ltr'><strong>eam</strong></span> <span class='ocrx_word' id='word_1_336' title='bbox 1762 2248 1877 2291; x_wconf 80' lang='lat' dir='ltr'><strong>rem</strong></span> <span class='ocrx_word' id='word_1_337' title='bbox 1906 2247 2026 2303; x_wconf 85' lang='lat' dir='ltr'><strong>gra-</strong></span> 
     </span>
    </p>
   </div>
   <div class='ocr_carea' id='block_1_37' title="bbox 421 2328 1407 2399">
    <p class='ocr_par' dir='ltr' id='par_1_37' title="bbox 421 2328 1407 2399">
     <span class='ocr_line' id='line_1_37' title="bbox 421 2328 1407 2399; baseline -0.001 -15"><span class='ocrx_word' id='word_1_338' title='bbox 421 2329 644 2385; x_wconf 66' lang='lat' dir='ltr'><strong>vissima</strong></span> <span class='ocrx_word' id='word_1_339' title='bbox 669 2328 812 2387; x_wconf 84' lang='lat' dir='ltr'><strong>inter</strong></span> <span class='ocrx_word' id='word_1_340' title='bbox 836 2343 899 2385; x_wconf 85' lang='lat' dir='ltr'><strong>se</strong></span> <span class='ocrx_word' id='word_1_341' title='bbox 930 2328 1072 2385; x_wconf 87' lang='lat' dir='ltr'><strong>bella</strong></span> <span class='ocrx_word' id='word_1_342' title='bbox 1098 2337 1407 2399; x_wconf 85' lang='lat' dir='ltr'><strong>gesserunt.</strong></span> 
     </span>
    </p>
   </div>
   <div class='ocr_carea' id='block_1_38' title="bbox 991 2482 1405 2540">
    <p class='ocr_par' dir='ltr' id='par_1_38' title="bbox 991 2482 1405 2540">
     <span class='ocr_line' id='line_1_38' title="bbox 991 2482 1405 2540; baseline 0 -1"><span class='ocrx_word' id='word_1_343' title='bbox 991 2482 1218 2540; x_wconf 85' lang='lat' dir='ltr'><strong>CAPUT</strong></span> <span class='ocrx_word' id='word_1_344' title='bbox 1257 2482 1405 2539; x_wconf 79' lang='lat' dir='ltr'><strong>XXII</strong></span> 
     </span>
    </p>
   </div>
   <div class='ocr_carea' id='block_1_39' title="bbox 552 2606 1892 2693">
    <p class='ocr_par' dir='ltr' id='par_1_39' title="bbox 552 2606 1892 2693">
     <span class='ocr_line' id='line_1_39' title="bbox 552 2606 1892 2693; baseline 0.001 -16"><span class='ocrx_word' id='word_1_345' title='bbox 552 2621 632 2678; x_wconf 80' lang='lat' dir='ltr'><strong>De</strong></span> <span class='ocrx_word' id='word_1_346' title='bbox 654 2619 888 2677; x_wconf 72' lang='lat' dir='ltr'><strong>Platonis</strong></span> <span class='ocrx_word' id='word_1_347' title='bbox 914 2621 1217 2692; x_wconf 67' lang='lat' dir='ltr'><strong>preceptis,</strong></span> <span class='ocrx_word' id='word_1_348' title='bbox 1243 2620 1527 2693; x_wconf 64' lang='lat' dir='ltr'><strong>iisdemque</strong></span> <span class='ocrx_word' id='word_1_349' title='bbox 1553 2606 1892 2693; x_wconf 61' lang='lat' dir='ltr'><strong>reprimendo.</strong></span> 
     </span>
    </p>
   </div>
   <div class='ocr_carea' id='block_1_40' title="bbox 486 2778 2021 2850">
    <p class='ocr_par' dir='ltr' id='par_1_40' title="bbox 486 2778 2021 2850">
     <span class='ocr_line' id='line_1_40' title="bbox 486 2778 2021 2850; baseline 0.001 -16"><span class='ocrx_word' id='word_1_350' title='bbox 486 2779 676 2835; x_wconf 80' lang='lat' dir='ltr'><strong>Restat</strong></span> <span class='ocrx_word' id='word_1_351' title='bbox 702 2787 759 2834; x_wconf 87' lang='lat' dir='ltr'><strong>ut</strong></span> <span class='ocrx_word' id='word_1_352' title='bbox 780 2778 1092 2834; x_wconf 84' lang='lat' dir='ltr'><strong>communio</strong></span> <span class='ocrx_word' id='word_1_353' title='bbox 1116 2778 1217 2834; x_wconf 74' lang='lat' dir='ltr'><strong>ista</strong></span> <span class='ocrx_word' id='word_1_354' title='bbox 1250 2778 1384 2832; x_wconf 88' lang='lat' dir='ltr'><strong>nihil</strong></span> <span class='ocrx_word' id='word_1_355' title='bbox 1413 2778 1558 2834; x_wconf 79' lang='lat' dir='ltr'><strong>aliud</strong></span> <span class='ocrx_word' id='word_1_356' title='bbox 1588 2778 1804 2845; x_wconf 86' lang='lat' dir='ltr'><strong>habeat,</strong></span> <span class='ocrx_word' id='word_1_357' title='bbox 1822 2787 2021 2850; x_wconf 72' lang='lat' dir='ltr'><strong>praeter</strong></span> 
     </span>
    </p>
   </div>
   <div class='ocr_carea' id='block_1_41' title="bbox 411 2868 2016 2940">
    <p class='ocr_par' dir='ltr' id='par_1_41' title="bbox 411 2868 2016 2940">
     <span class='ocr_line' id='line_1_41' title="bbox 411 2868 2016 2940; baseline 0 -14"><span class='ocrx_word' id='word_1_358' title='bbox 411 2869 679 2926; x_wconf 88' lang='lat' dir='ltr'><strong>adulteria</strong></span> <span class='ocrx_word' id='word_1_359' title='bbox 703 2912 717 2936; x_wconf 92' lang='lat'><strong>,</strong></span> <span class='ocrx_word' id='word_1_360' title='bbox 748 2879 801 2925; x_wconf 87' lang='lat' dir='ltr'><strong>et</strong></span> <span class='ocrx_word' id='word_1_361' title='bbox 827 2868 1116 2935; x_wconf 83' lang='lat' dir='ltr'><strong>libidines;</strong></span> <span class='ocrx_word' id='word_1_362' title='bbox 1152 2878 1371 2940; x_wconf 88' lang='lat' dir='ltr'><strong>propter</strong></span> <span class='ocrx_word' id='word_1_363' title='bbox 1397 2882 1532 2940; x_wconf 89' lang='lat' dir='ltr'><strong>quas</strong></span> <span class='ocrx_word' id='word_1_364' title='bbox 1553 2871 1793 2927; x_wconf 81' lang='lat' dir='ltr'><strong>funditus</strong></span> <span class='ocrx_word' id='word_1_365' title='bbox 1818 2886 2016 2928; x_wconf 88' lang='lat' dir='ltr'><strong>eruen-</strong></span> 
     </span>
    </p>
   </div>
   <div class='ocr_carea' id='block_1_42' title="bbox 410 2956 2015 3034">
    <p class='ocr_par' dir='ltr' id='par_1_42' title="bbox 410 2956 2015 3034">
     <span class='ocr_line' id='line_1_42' title="bbox 410 2956 2015 3034; baseline 0.002 -16"><span class='ocrx_word' id='word_1_366' title='bbox 410 2962 539 3027; x_wconf 89' lang='lat' dir='ltr'><strong>das,</strong></span> <span class='ocrx_word' id='word_1_367' title='bbox 592 2962 763 3019; x_wconf 89' lang='lat' dir='ltr'><strong>virtus</strong></span> <span class='ocrx_word' id='word_1_368' title='bbox 811 2971 895 3018; x_wconf 87' lang='lat' dir='ltr'><strong>est</strong></span> <span class='ocrx_word' id='word_1_369' title='bbox 925 2956 1008 3017; x_wconf 90' lang='lat' dir='ltr'><strong>vel</strong></span> <span class='ocrx_word' id='word_1_370' title='bbox 1059 2959 1293 3017; x_wconf 82' lang='lat' dir='ltr'><strong>maxime</strong></span> <span class='ocrx_word' id='word_1_371' title='bbox 1320 2964 1649 3019; x_wconf 85' lang='lat' dir='ltr'><strong>necessaria.</strong></span> <span class='ocrx_word' id='word_1_372' title='bbox 1692 2964 1879 3034; x_wconf 87' lang='lat' dir='ltr'><strong>Itaque</strong></span> <span class='ocrx_word' id='word_1_373' title='bbox 1908 2980 2015 3021; x_wconf 90' lang='lat' dir='ltr'><strong>non</strong></span> 
     </span>
    </p>
   </div>
   <div class='ocr_carea' id='block_1_43' title="bbox 2134 2045 3626 2121">
    <p class='ocr_par' dir='ltr' id='par_1_43' title="bbox 2134 2045 3626 2121">
     <span class='ocr_line' id='line_1_43' title="bbox 2134 2045 3626 2121; baseline 0.003 -21"><span class='ocrx_word' id='word_1_374' title='bbox 2134 2045 2360 2104; x_wconf 84' lang='lat' dir='ltr'><strong>honesta</strong></span> <span class='ocrx_word' id='word_1_375' title='bbox 2380 2057 2437 2102; x_wconf 90' lang='lat' dir='ltr'><strong>et</strong></span> <span class='ocrx_word' id='word_1_376' title='bbox 2461 2045 2697 2117; x_wconf 80' lang='lat' dir='ltr'><strong>legitima</strong></span> <span class='ocrx_word' id='word_1_377' title='bbox 2728 2062 2852 2104; x_wconf 84' lang='lat' dir='ltr'><strong>esse</strong></span> <span class='ocrx_word' id='word_1_378' title='bbox 2877 2047 3183 2118; x_wconf 87' lang='lat' dir='ltr'><strong>incipiunt,</strong></span> <span class='ocrx_word' id='word_1_379' title='bbox 3214 2063 3330 2119; x_wconf 69' lang='lat' dir='ltr'><strong>quae</strong></span> <span class='ocrx_word' id='word_1_380' title='bbox 3361 2049 3511 2105; x_wconf 87' lang='lat' dir='ltr'><strong>solent</strong></span> <span class='ocrx_word' id='word_1_381' title='bbox 3530 2049 3626 2121; x_wconf 69' lang='lat' dir='ltr'><strong>ﬂagi-</strong></span> 
     </span>
    </p>
   </div>
   <div class='ocr_carea' id='block_1_44' title="bbox 2128 2128 3625 2215">
    <p class='ocr_par' dir='ltr' id='par_1_44' title="bbox 2128 2128 3625 2215">
     <span class='ocr_line' id='line_1_44' title="bbox 2128 2128 3625 2215; baseline 0.001 -20"><span class='ocrx_word' id='word_1_382' title='bbox 2128 2141 2262 2197; x_wconf 86' lang='lat' dir='ltr'><strong>tiosa</strong></span> <span class='ocrx_word' id='word_1_383' title='bbox 2297 2149 2352 2196; x_wconf 93' lang='lat' dir='ltr'><strong>et</strong></span> <span class='ocrx_word' id='word_1_384' title='bbox 2378 2128 2552 2209; x_wconf 81' lang='lat' dir='ltr'><strong>turpia</strong></span> <span class='ocrx_word' id='word_1_385' title='bbox 2598 2139 2851 2210; x_wconf 87' lang='lat' dir='ltr'><strong>judicari.</strong></span> <span class='ocrx_word' id='word_1_386' title='bbox 2879 2140 2970 2196; x_wconf 86' lang='lat' dir='ltr'><strong>Sic</strong></span> <span class='ocrx_word' id='word_1_387' title='bbox 2999 2139 3408 2215; x_wconf 32' lang='lat' dir='ltr'><strong>_vjﬂutem‘dum</strong></span> <span class='ocrx_word' id='word_1_388' title='bbox 3436 2142 3526 2197; x_wconf 87' lang='lat' dir='ltr'><strong>vult</strong></span> <span class='ocrx_word' id='word_1_389' title='bbox 3551 2157 3625 2197; x_wconf 87' lang='lat' dir='ltr'><strong>om-</strong></span> 
     </span>
    </p>
   </div>
   <div class='ocr_carea' id='block_1_45' title="bbox 2128 2231 3655 2314">
    <p class='ocr_par' dir='ltr' id='par_1_45' title="bbox 2128 2231 3655 2314">
     <span class='ocr_line' id='line_1_45' title="bbox 2128 2231 3655 2314; baseline 0.002 -3"><span class='ocrx_word' id='word_1_390' title='bbox 2128 2233 2461 2314; x_wconf 56' lang='lat' dir='ltr'><strong>musdsuz</strong></span> <span class='ocrx_word' id='word_1_391' title='bbox 2477 2231 2964 2314; x_wconf 53' lang='grc' dir='ltr'><strong>αωέιψυερᾴὶωὲι-</strong></span> <span class='ocrx_word' id='word_1_392' title='bbox 3009 2232 3147 2288; x_wconf 68' lang='lat' dir='ltr'><strong>Nam</strong></span> <span class='ocrx_word' id='word_1_393' title='bbox 3173 2248 3348 2290; x_wconf 71' lang='grc' dir='ltr'><strong>τετιηη</strong></span> <span class='ocrx_word' id='word_1_394' title='bbox 3376 2235 3655 2314; x_wconf 51' lang='lat' dir='ltr'><strong>mortem:</strong></span> 
     </span>
    </p>
   </div>
   <div class='ocr_carea' id='block_1_46' title="bbox 2125 2309 3654 2403">
    <p class='ocr_par' dir='ltr' id='par_1_46' title="bbox 2125 2309 3654 2403">
     <span class='ocr_line' id='line_1_46' title="bbox 2125 2309 3654 2403; baseline -0.002 -18"><span class='ocrx_word' id='word_1_395' title='bbox 2125 2309 2461 2385; x_wconf 42' lang='lat' dir='ltr'><strong>Rationum</strong></span> <span class='ocrx_word' id='word_1_396' title='bbox 2533 2309 3214 2382; x_wconf 17' lang='lat' dir='ltr'><strong>eihi—virtutukmnmateriam</strong></span> <span class='ocrx_word' id='word_1_397' title='bbox 3246 2327 3470 2383; x_wconf 85' lang='lat' dir='ltr'><strong>continet</strong></span> <span class='ocrx_word' id='word_1_398' title='bbox 3495 2344 3506 2381; x_wconf 90' lang='lat'><strong>:</strong></span> <span class='ocrx_word' id='word_1_399' title='bbox 3528 2310 3654 2403; x_wconf 82' lang='lat' dir='ltr'><strong>coin-</strong></span> 
     </span>
    </p>
   </div>
   <div class='ocr_carea' id='block_1_47' title="bbox 2126 2405 3656 2492">
    <p class='ocr_par' dir='ltr' id='par_1_47' title="bbox 2126 2405 3656 2492">
     <span class='ocr_line' id='line_1_47' title="bbox 2126 2405 3656 2492; baseline -0.003 -13"><span class='ocrx_word' id='word_1_400' title='bbox 2126 2422 2379 2485; x_wconf 83' lang='lat' dir='ltr'><strong>munitas</strong></span> <span class='ocrx_word' id='word_1_401' title='bbox 2400 2433 2585 2478; x_wconf 90' lang='lat' dir='ltr'><strong>autem</strong></span> <span class='ocrx_word' id='word_1_402' title='bbox 2612 2421 2744 2476; x_wconf 91' lang='lat' dir='ltr'><strong>nihil</strong></span> <span class='ocrx_word' id='word_1_403' title='bbox 2771 2421 2939 2488; x_wconf 89' lang='lat' dir='ltr'><strong>aliud,</strong></span> <span class='ocrx_word' id='word_1_404' title='bbox 2965 2437 3129 2492; x_wconf 89' lang='lat' dir='ltr'><strong>quam</strong></span> <span class='ocrx_word' id='word_1_405' title='bbox 3150 2421 3393 2478; x_wconf 82' lang='lat' dir='ltr'><strong>vitiorum</strong></span> <span class='ocrx_word' id='word_1_406' title='bbox 3417 2423 3623 2478; x_wconf 85' lang='lat' dir='ltr'><strong>licentiam.</strong></span> <span class='ocrx_word' id='word_1_407' title='bbox 3642 2405 3656 2468; x_wconf 61' lang='grc' dir='ltr'><em>ἕ</em></span> 
     </span>
    </p>
   </div>
   <div class='ocr_carea' id='block_1_48' title="bbox 2122 2510 3625 2584">
    <p class='ocr_par' dir='ltr' id='par_1_48' title="bbox 2122 2510 3625 2584">
     <span class='ocr_line' id='line_1_48' title="bbox 2122 2510 3625 2584; baseline -0.001 -14"><span class='ocrx_word' id='word_1_408' title='bbox 2122 2510 2260 2570; x_wconf 78' lang='lat' dir='ltr'><strong>Nam</strong></span> <span class='ocrx_word' id='word_1_409' title='bbox 2303 2514 2438 2582; x_wconf 90' lang='lat' dir='ltr'><strong>viri,</strong></span> <span class='ocrx_word' id='word_1_410' title='bbox 2482 2516 2573 2584; x_wconf 92' lang='lat' dir='ltr'><strong>qui</strong></span> <span class='ocrx_word' id='word_1_411' title='bbox 2622 2514 2818 2571; x_wconf 84' lang='lat' dir='ltr'><strong>inultas</strong></span> <span class='ocrx_word' id='word_1_412' title='bbox 2843 2514 3101 2570; x_wconf 90' lang='lat' dir='ltr'><strong>mulieres</strong></span> <span class='ocrx_word' id='word_1_413' title='bbox 3165 2515 3380 2583; x_wconf 88' lang='lat' dir='ltr'><strong>habent,</strong></span> <span class='ocrx_word' id='word_1_414' title='bbox 3408 2515 3519 2570; x_wconf 87' lang='lat' dir='ltr'><strong>nihil</strong></span> <span class='ocrx_word' id='word_1_415' title='bbox 3537 2516 3625 2569; x_wconf 85' lang='lat' dir='ltr'><strong>aliud</strong></span> 
     </span>
    </p>
   </div>
   <div class='ocr_carea' id='block_1_49' title="bbox 2123 2605 3625 2678">
    <p class='ocr_par' dir='ltr' id='par_1_49' title="bbox 2123 2605 3625 2678">
     <span class='ocr_line' id='line_1_49' title="bbox 2123 2605 3625 2678; baseline -0.003 -16"><span class='ocrx_word' id='word_1_416' title='bbox 2123 2605 2228 2662; x_wconf 75' lang='lat' dir='ltr'><strong>dici</strong></span> <span class='ocrx_word' id='word_1_417' title='bbox 2275 2615 2526 2676; x_wconf 86' lang='lat' dir='ltr'><strong>possunt,</strong></span> <span class='ocrx_word' id='word_1_418' title='bbox 2551 2619 2712 2676; x_wconf 87' lang='lat' dir='ltr'><strong>quam</strong></span> <span class='ocrx_word' id='word_1_419' title='bbox 2744 2605 3007 2661; x_wconf 79' lang='lat' dir='ltr'><strong>luxuriosi</strong></span> <span class='ocrx_word' id='word_1_420' title='bbox 3057 2620 3127 2661; x_wconf 88' lang='lat' dir='ltr'><strong>ac</strong></span> <span class='ocrx_word' id='word_1_421' title='bbox 3169 2615 3410 2678; x_wconf 84' lang='lat' dir='ltr'><strong>nepotes.</strong></span> <span class='ocrx_word' id='word_1_422' title='bbox 3431 2605 3536 2663; x_wconf 82' lang='lat' dir='ltr'><strong>item</strong></span> <span class='ocrx_word' id='word_1_423' title='bbox 3555 2620 3625 2659; x_wconf 79' lang='lat' dir='ltr'><strong>uu-</strong></span> 
     </span>
    </p>
   </div>
   <div class='ocr_carea' id='block_1_50' title="bbox 2122 2697 3625 2770">
    <p class='ocr_par' dir='ltr' id='par_1_50' title="bbox 2122 2697 3625 2770">
     <span class='ocr_line' id='line_1_50' title="bbox 2122 2697 3625 2770; baseline -0.002 -16"><span class='ocrx_word' id='word_1_424' title='bbox 2122 2698 2285 2755; x_wconf 90' lang='lat' dir='ltr'><strong>lieres</strong></span> <span class='ocrx_word' id='word_1_425' title='bbox 2315 2741 2330 2765; x_wconf 93' lang='lat'><strong>,</strong></span> <span class='ocrx_word' id='word_1_426' title='bbox 2370 2714 2493 2769; x_wconf 64' lang='lat' dir='ltr'><strong>quae</strong></span> <span class='ocrx_word' id='word_1_427' title='bbox 2541 2714 2571 2752; x_wconf 90' lang='lat' dir='ltr'><strong>a</strong></span> <span class='ocrx_word' id='word_1_428' title='bbox 2603 2697 2786 2753; x_wconf 86' lang='lat' dir='ltr'><strong>multis</strong></span> <span class='ocrx_word' id='word_1_429' title='bbox 2815 2698 3085 2753; x_wconf 89' lang='lat' dir='ltr'><strong>habentur</strong></span> <span class='ocrx_word' id='word_1_430' title='bbox 3113 2740 3129 2766; x_wconf 92' lang='lat'><strong>,</strong></span> <span class='ocrx_word' id='word_1_431' title='bbox 3176 2714 3283 2754; x_wconf 88' lang='lat' dir='ltr'><strong>non</strong></span> <span class='ocrx_word' id='word_1_432' title='bbox 3329 2701 3494 2770; x_wconf 84' lang='lat' dir='ltr'><strong>utique</strong></span> <span class='ocrx_word' id='word_1_433' title='bbox 3532 2697 3625 2752; x_wconf 77' lang='lat' dir='ltr'><strong>adul-</strong></span> 
     </span>
    </p>
   </div>
   <div class='ocr_carea' id='block_1_51' title="bbox 2123 2784 3627 2867">
    <p class='ocr_par' dir='ltr' id='par_1_51' title="bbox 2123 2784 3627 2867">
     <span class='ocr_line' id='line_1_51' title="bbox 2123 2784 3627 2867; baseline -0.003 -20"><span class='ocrx_word' id='word_1_434' title='bbox 2123 2798 2275 2867; x_wconf 75' lang='lat' dir='ltr'><strong>terte,</strong></span> <span class='ocrx_word' id='word_1_435' title='bbox 2296 2790 2421 2860; x_wconf 89' lang='lat' dir='ltr'><strong>quia</strong></span> <span class='ocrx_word' id='word_1_436' title='bbox 2447 2796 2654 2845; x_wconf 87' lang='lat' dir='ltr'><strong>certum</strong></span> <span class='ocrx_word' id='word_1_437' title='bbox 2686 2784 3088 2844; x_wconf 85' lang='lat' dir='ltr'><strong>matrimonium</strong></span> <span class='ocrx_word' id='word_1_438' title='bbox 3123 2790 3327 2846; x_wconf 90' lang='lat' dir='ltr'><strong>nullum</strong></span> <span class='ocrx_word' id='word_1_439' title='bbox 3356 2798 3450 2857; x_wconf 88' lang='lat' dir='ltr'><strong>est,</strong></span> <span class='ocrx_word' id='word_1_440' title='bbox 3468 2786 3540 2845; x_wconf 85' lang='lat' dir='ltr'><strong>sed</strong></span> <span class='ocrx_word' id='word_1_441' title='bbox 3555 2800 3627 2860; x_wconf 83' lang='lat' dir='ltr'><strong>pro-</strong></span> 
     </span>
    </p>
   </div>
   <div class='ocr_carea' id='block_1_52' title="bbox 2124 2881 3261 2939">
    <p class='ocr_par' dir='ltr' id='par_1_52' title="bbox 2124 2881 3261 2939">
     <span class='ocr_line' id='line_1_52' title="bbox 2124 2881 3261 2939; baseline -0.001 -1"><span class='ocrx_word' id='word_1_442' title='bbox 2124 2883 2325 2939; x_wconf 62' lang='lat' dir='ltr'><strong>stitutae</strong></span> <span class='ocrx_word' id='word_1_443' title='bbox 2344 2897 2408 2938; x_wconf 87' lang='lat' dir='ltr'><strong>ac</strong></span> <span class='ocrx_word' id='word_1_444' title='bbox 2427 2881 2738 2939; x_wconf 88' lang='lat' dir='ltr'><strong>meretrices</strong></span> <span class='ocrx_word' id='word_1_445' title='bbox 2762 2883 2869 2937; x_wconf 87' lang='lat' dir='ltr'><strong>sint</strong></span> <span class='ocrx_word' id='word_1_446' title='bbox 2896 2896 3126 2938; x_wconf 80' lang='lat' dir='ltr'><strong>necesse</strong></span> <span class='ocrx_word' id='word_1_447' title='bbox 3152 2890 3261 2937; x_wconf 83' lang='lat' dir='ltr'><strong>est.</strong></span> 
     </span>
    </p>
   </div>
   <div class='ocr_carea' id='block_1_53' title="bbox 2192 2975 3624 3048">
    <p class='ocr_par' dir='ltr' id='par_1_53' title="bbox 2192 2975 3624 3048">
     <span class='ocr_line' id='line_1_53' title="bbox 2192 2975 3624 3048; baseline -0.001 -16"><span class='ocrx_word' id='word_1_448' title='bbox 2192 2976 2418 3048; x_wconf 78' lang='lat' dir='ltr'><strong>Redegit</strong></span> <span class='ocrx_word' id='word_1_449' title='bbox 2466 2991 2596 3047; x_wconf 82' lang='lat' dir='ltr'><strong>ergo</strong></span> <span class='ocrx_word' id='word_1_450' title='bbox 2648 2975 2936 3031; x_wconf 85' lang='lat' dir='ltr'><strong>humanam</strong></span> <span class='ocrx_word' id='word_1_451' title='bbox 2981 2976 3148 3032; x_wconf 86' lang='lat' dir='ltr'><strong>vitam</strong></span> <span class='ocrx_word' id='word_1_452' title='bbox 3176 2975 3245 3031; x_wconf 88' lang='lat' dir='ltr'><strong>ad</strong></span> <span class='ocrx_word' id='word_1_453' title='bbox 3273 2975 3624 3039; x_wconf 76' lang='lat' dir='ltr'><strong>similitudinem,</strong></span> 
     </span>
    </p>
   </div>
   <div class='ocr_carea' id='block_1_54' title="bbox 3360 2208 3603 2215">
    <p class='ocr_par' dir='ltr' id='par_1_54' title="bbox 3360 2208 3603 2215">
     <span class='ocr_line' id='line_1_54' title="bbox 3360 2208 3603 2215; baseline 0.012 -3"><span class='ocrx_word' id='word_1_454' title='bbox 3360 2208 3603 2215; x_wconf 56' lang='grc' dir='ltr'><strong><em>Ἦ</em></strong></span> 
     </span>
    </p>
   </div>
   <div class='ocr_carea' id='block_1_55' title="bbox 2068 2304 2299 2312">
    <p class='ocr_par' dir='ltr' id='par_1_55' title="bbox 2068 2304 2299 2312">
     <span class='ocr_line' id='line_1_55' title="bbox 2068 2304 2299 2312; baseline 0.004 -2"><span class='ocrx_word' id='word_1_455' title='bbox 2068 2304 2299 2312; x_wconf 67' lang='lat'><strong>-—.._._</strong></span> 
     </span>
    </p>
   </div>
   <div class='ocr_carea' id='block_1_56' title="bbox 410 3056 3626 3142">
    <p class='ocr_par' dir='ltr' id='par_1_56' title="bbox 410 3056 3626 3142">
     <span class='ocr_line' id='line_1_56' title="bbox 410 3056 3626 3142; baseline 0 -21"><span class='ocrx_word' id='word_1_456' title='bbox 410 3057 621 3113; x_wconf 66' lang='lat' dir='ltr'><strong>invenit</strong></span> <span class='ocrx_word' id='word_1_457' title='bbox 648 3057 1028 3121; x_wconf 59' lang='lat' dir='ltr'><strong>Concordiam,</strong></span> <span class='ocrx_word' id='word_1_458' title='bbox 1063 3071 1223 3125; x_wconf 65' lang='grc'><strong>(11³³⁸³³</strong></span> <span class='ocrx_word' id='word_1_459' title='bbox 1246 3056 1557 3125; x_wconf 53' lang='lat' dir='ltr'><strong>(imminit</strong></span> <span class='ocrx_word' id='word_1_460' title='bbox 1586 3059 1709 3127; x_wconf 77' lang='lat' dir='ltr'><strong>quia</strong></span> <span class='ocrx_word' id='word_1_461' title='bbox 1736 3073 1844 3113; x_wconf 70' lang='lat' dir='ltr'><strong>mm</strong></span> <span class='ocrx_word' id='word_1_462' title='bbox 1869 3060 2019 3115; x_wconf 51' lang='lat' dir='ltr'><strong>Vide.</strong></span> <span class='ocrx_word' id='word_1_463' title='bbox 2047 3072 2092 3136; x_wconf 89' lang='lat' dir='ltr'><strong>C</strong></span> <span class='ocrx_word' id='word_1_464' title='bbox 2124 3084 2232 3126; x_wconf 91' lang='lat' dir='ltr'><strong>non</strong></span> <span class='ocrx_word' id='word_1_465' title='bbox 2286 3069 2462 3125; x_wconf 87' lang='lat' dir='ltr'><strong>dicam</strong></span> <span class='ocrx_word' id='word_1_466' title='bbox 2507 3079 2781 3126; x_wconf 89' lang='lat' dir='ltr'><strong>mutorum</strong></span> <span class='ocrx_word' id='word_1_467' title='bbox 2802 3112 2817 3140; x_wconf 90' lang='lat'><strong>,</strong></span> <span class='ocrx_word' id='word_1_468' title='bbox 2853 3070 2950 3126; x_wconf 81' lang='lat' dir='ltr'><strong>sed</strong></span> <span class='ocrx_word' id='word_1_469' title='bbox 2994 3070 3264 3142; x_wconf 87' lang='lat' dir='ltr'><strong>pecudum</strong></span> <span class='ocrx_word' id='word_1_470' title='bbox 3294 3086 3355 3127; x_wconf 88' lang='lat' dir='ltr'><strong>ac</strong></span> <span class='ocrx_word' id='word_1_471' title='bbox 3390 3070 3626 3127; x_wconf 86' lang='lat' dir='ltr'><strong>belluarmn.</strong></span> 
     </span>
    </p>
   </div>
   <div class='ocr_carea' id='block_1_57' title="bbox 410 3147 2015 3227">
    <p class='ocr_par' dir='ltr' id='par_1_57' title="bbox 410 3147 2015 3227">
     <span class='ocr_line' id='line_1_57' title="bbox 410 3147 2015 3227; baseline 0.004 -21"><span class='ocrx_word' id='word_1_472' title='bbox 410 3151 502 3207; x_wconf 85' lang='lat' dir='ltr'><strong>bat</strong></span> <span class='ocrx_word' id='word_1_473' title='bbox 523 3193 536 3218; x_wconf 90' lang='lat'><strong>,</strong></span> <span class='ocrx_word' id='word_1_474' title='bbox 568 3147 714 3206; x_wconf 90' lang='lat' dir='ltr'><strong>unde</strong></span> <span class='ocrx_word' id='word_1_475' title='bbox 741 3152 968 3207; x_wconf 86' lang='lat' dir='ltr'><strong>oriatur.</strong></span> <span class='ocrx_word' id='word_1_476' title='bbox 999 3151 1133 3208; x_wconf 82' lang='lat' dir='ltr'><strong>Nam</strong></span> <span class='ocrx_word' id='word_1_477' title='bbox 1159 3154 1366 3225; x_wconf 71' lang='lat' dir='ltr'><strong>iustitia</strong></span> <span class='ocrx_word' id='word_1_478' title='bbox 1407 3156 1459 3210; x_wconf 91' lang='lat' dir='ltr'><strong>in</strong></span> <span class='ocrx_word' id='word_1_479' title='bbox 1489 3155 1837 3227; x_wconf 76' lang='lat' dir='ltr'><strong>extrapositis</strong></span> <span class='ocrx_word' id='word_1_480' title='bbox 1880 3150 2015 3213; x_wconf 84' lang='lat' dir='ltr'><strong>nihil</strong></span> 
     </span>
    </p>
   </div>
   <div class='ocr_carea' id='block_1_58' title="bbox 2124 3160 3627 3233">
    <p class='ocr_par' dir='ltr' id='par_1_58' title="bbox 2124 3160 3627 3233">
     <span class='ocr_line' id='line_1_58' title="bbox 2124 3160 3627 3233; baseline -0.002 -15"><span class='ocrx_word' id='word_1_481' title='bbox 2124 3161 2257 3218; x_wconf 81' lang='lat' dir='ltr'><strong>Nam</strong></span> <span class='ocrx_word' id='word_1_482' title='bbox 2318 3161 2568 3218; x_wconf 88' lang='lat' dir='ltr'><strong>volucres</strong></span> <span class='ocrx_word' id='word_1_483' title='bbox 2599 3177 2740 3233; x_wconf 87' lang='lat' dir='ltr'><strong>pene</strong></span> <span class='ocrx_word' id='word_1_484' title='bbox 2791 3176 2982 3219; x_wconf 89' lang='lat' dir='ltr'><strong>omnes</strong></span> <span class='ocrx_word' id='word_1_485' title='bbox 3024 3160 3233 3221; x_wconf 85' lang='lat' dir='ltr'><strong>faciunt</strong></span> <span class='ocrx_word' id='word_1_486' title='bbox 3262 3161 3627 3230; x_wconf 83' lang='lat' dir='ltr'><strong>matrimonia,et</strong></span> 
     </span>
    </p>
   </div>
   <div class='ocr_carea' id='block_1_59' title="bbox 1709 3290 2331 3356">
    <p class='ocr_par' dir='ltr' id='par_1_59' title="bbox 1709 3290 2331 3356">
     <span class='ocr_line' id='line_1_59' title="bbox 1709 3290 2331 3356; baseline 0.008 -7"><span class='ocrx_word' id='word_1_487' title='bbox 1709 3290 2071 3355; x_wconf 76' lang='lat' dir='ltr'><strong>VARIORUM</strong></span> <span class='ocrx_word' id='word_1_488' title='bbox 2099 3290 2331 3356; x_wconf 67' lang='lat' dir='ltr'><strong>NOTAE.</strong></span> 
     </span>
    </p>
   </div>
   <div class='ocr_carea' id='block_1_60' title="bbox 411 3428 2000 3500">
    <p class='ocr_par' dir='ltr' id='par_1_60' title="bbox 411 3428 2000 3500">
     <span class='ocr_line' id='line_1_60' title="bbox 411 3428 2000 3500; baseline 0.004 -19"><span class='ocrx_word' id='word_1_489' title='bbox 411 3428 573 3484; x_wconf 82' lang='lat' dir='ltr'><strong>tionis</strong></span> <span class='ocrx_word' id='word_1_490' title='bbox 602 3442 765 3484; x_wconf 85' lang='lat' dir='ltr'><strong>sensu</strong></span> <span class='ocrx_word' id='word_1_491' title='bbox 786 3441 853 3485; x_wconf 81' lang='lat' dir='ltr'><strong>ex</strong></span> <span class='ocrx_word' id='word_1_492' title='bbox 884 3430 1156 3486; x_wconf 83' lang='lat' dir='ltr'><strong>veteribus</strong></span> <span class='ocrx_word' id='word_1_493' title='bbox 1195 3429 1474 3500; x_wconf 83' lang='lat' dir='ltr'><strong>impressis</strong></span> <span class='ocrx_word' id='word_1_494' title='bbox 1500 3432 1554 3485; x_wconf 86' lang='lat' dir='ltr'><strong>et</strong></span> <span class='ocrx_word' id='word_1_495' title='bbox 1597 3428 1845 3486; x_wconf 86' lang='lat' dir='ltr'><strong>omnibus</strong></span> <span class='ocrx_word' id='word_1_496' title='bbox 1870 3444 2000 3488; x_wconf 90' lang='lat' dir='ltr'><strong>mss.</strong></span> 
     </span>
    </p>
   </div>
   <div class='ocr_carea' id='block_1_61' title="bbox 410 3500 1486 3571">
    <p class='ocr_par' dir='ltr' id='par_1_61' title="bbox 410 3500 1486 3571">
     <span class='ocr_line' id='line_1_61' title="bbox 410 3500 1486 3571; baseline 0.001 -17"><span class='ocrx_word' id='word_1_497' title='bbox 410 3502 512 3571; x_wconf 87' lang='lat' dir='ltr'><strong>nisi</strong></span> <span class='ocrx_word' id='word_1_498' title='bbox 546 3500 687 3570; x_wconf 86' lang='lat' dir='ltr'><strong>quod</strong></span> <span class='ocrx_word' id='word_1_499' title='bbox 720 3501 787 3556; x_wconf 79' lang='grc'>15</span> <span class='ocrx_word' id='word_1_500' title='bbox 820 3517 914 3569; x_wconf 86' lang='lat' dir='ltr'><strong>pro</strong></span> <span class='ocrx_word' id='word_1_501' title='bbox 944 3514 1060 3557; x_wconf 73' lang='lat' dir='ltr'><strong>vero</strong></span> <span class='ocrx_word' id='word_1_502' title='bbox 1085 3506 1269 3571; x_wconf 86' lang='lat' dir='ltr'><strong>legunt</strong></span> <span class='ocrx_word' id='word_1_503' title='bbox 1298 3511 1486 3556; x_wconf 75' lang='lat' dir='ltr'><strong>tamen.</strong></span> 
     </span>
    </p>
   </div>
   <div class='ocr_carea' id='block_1_62' title="bbox 482 3570 2005 3646">
    <p class='ocr_par' dir='ltr' id='par_1_62' title="bbox 482 3570 2005 3646">
     <span class='ocr_line' id='line_1_62' title="bbox 482 3570 2005 3646; baseline 0.002 -21"><span class='ocrx_word' id='word_1_504' title='bbox 482 3570 677 3626; x_wconf 71' lang='lat' dir='ltr'><strong>Deusta</strong></span> <span class='ocrx_word' id='word_1_505' title='bbox 704 3586 861 3646; x_wconf 69' lang='lat' dir='ltr'><strong>mens.</strong></span> <span class='ocrx_word' id='word_1_506' title='bbox 893 3572 1096 3646; x_wconf 83' lang='lat' dir='ltr'><strong>Tltysio</strong></span> <span class='ocrx_word' id='word_1_507' title='bbox 1138 3570 1511 3646; x_wconf 6' lang='lat' dir='ltr'><strong>devotagmcns</strong></span> <span class='ocrx_word' id='word_1_508' title='bbox 1550 3570 1850 3646; x_wconf 80' lang='lat' dir='ltr'><strong>explicatur</strong></span> <span class='ocrx_word' id='word_1_509' title='bbox 1880 3575 2005 3629; x_wconf 74' lang='lat' dir='ltr'><strong>votis</strong></span> 
     </span>
    </p>
   </div>
   <div class='ocr_carea' id='block_1_63' title="bbox 410 3643 2006 3711">
    <p class='ocr_par' dir='ltr' id='par_1_63' title="bbox 410 3643 2006 3711">
     <span class='ocr_line' id='line_1_63' title="bbox 410 3643 2006 3711; baseline 0.003 -14"><span class='ocrx_word' id='word_1_510' title='bbox 410 3643 695 3709; x_wconf 78' lang='lat' dir='ltr'><strong>adstricta;</strong></span> <span class='ocrx_word' id='word_1_511' title='bbox 734 3644 828 3699; x_wconf 83' lang='lat' dir='ltr'><strong>sed</strong></span> <span class='ocrx_word' id='word_1_512' title='bbox 871 3643 1130 3711; x_wconf 60' lang='lat' dir='ltr'><strong>militarem</strong></span> <span class='ocrx_word' id='word_1_513' title='bbox 1160 3645 1269 3698; x_wconf 83' lang='lat' dir='ltr'><strong>vim</strong></span> <span class='ocrx_word' id='word_1_514' title='bbox 1313 3644 1520 3699; x_wconf 77' lang='lat' dir='ltr'><strong>devotus</strong></span> <span class='ocrx_word' id='word_1_515' title='bbox 1547 3646 1599 3711; x_wconf 82' lang='lat' dir='ltr'><strong>in</strong></span> <span class='ocrx_word' id='word_1_516' title='bbox 1626 3643 1709 3701; x_wconf 47' lang='lat' dir='ltr'><strong>’se</strong></span> <span class='ocrx_word' id='word_1_517' title='bbox 1738 3643 1921 3709; x_wconf 87' lang='lat' dir='ltr'><strong>habet,</strong></span> <span class='ocrx_word' id='word_1_518' title='bbox 1952 3656 2006 3701; x_wconf 83' lang='lat' dir='ltr'><strong>et</strong></span> 
     </span>
    </p>
   </div>
   <div class='ocr_carea' id='block_1_64' title="bbox 411 3710 2004 3786">
    <p class='ocr_par' dir='ltr' id='par_1_64' title="bbox 411 3710 2004 3786">
     <span class='ocr_line' id='line_1_64' title="bbox 411 3710 2004 3786; baseline 0.002 -17"><span class='ocrx_word' id='word_1_519' title='bbox 411 3715 600 3786; x_wconf 72' lang='lat' dir='ltr'><strong>subst.</strong></span> <span class='ocrx_word' id='word_1_520' title='bbox 627 3714 845 3786; x_wconf 80' lang='lat' dir='ltr'><strong>deuotio.</strong></span> <span class='ocrx_word' id='word_1_521' title='bbox 879 3710 1183 3786; x_wconf 80' lang='lat' dir='ltr'><strong>Perpende,</strong></span> <span class='ocrx_word' id='word_1_522' title='bbox 1220 3716 1272 3786; x_wconf 52' lang='grc' dir='ltr'><strong>1ζ</strong></span> <span class='ocrx_word' id='word_1_523' title='bbox 1299 3732 1354 3782; x_wconf 86' lang='lat' dir='ltr'><strong>v,</strong></span> <span class='ocrx_word' id='word_1_524' title='bbox 1404 3730 1523 3786; x_wconf 89' lang='lat' dir='ltr'><strong>cap.</strong></span> <span class='ocrx_word' id='word_1_525' title='bbox 1557 3710 1587 3769; x_wconf 71' lang='grc' dir='ltr'><strong><em>Ἰ</em></strong></span> <span class='ocrx_word' id='word_1_526' title='bbox 1625 3734 1639 3772; x_wconf 88' lang='lat'><strong>:</strong></span> <span class='ocrx_word' id='word_1_527' title='bbox 1668 3714 1866 3771; x_wconf 85' lang='lat' dir='ltr'><strong>Deuota</strong></span> <span class='ocrx_word' id='word_1_528' title='bbox 1896 3717 2004 3772; x_wconf 78' lang='lat' dir='ltr'><strong>Deo</strong></span> 
     </span>
    </p>
   </div>
   <div class='ocr_carea' id='block_1_65' title="bbox 409 3785 1999 3857">
    <p class='ocr_par' dir='ltr' id='par_1_65' title="bbox 409 3785 1999 3857">
     <span class='ocr_line' id='line_1_65' title="bbox 409 3785 1999 3857; baseline 0.003 -19"><span class='ocrx_word' id='word_1_529' title='bbox 409 3801 500 3857; x_wconf 68' lang='lat' dir='ltr'><strong>suo</strong></span> <span class='ocrx_word' id='word_1_530' title='bbox 530 3785 677 3857; x_wconf 69' lang='lat' dir='ltr'><strong>fides.</strong></span> <span class='ocrx_word' id='word_1_531' title='bbox 708 3785 769 3842; x_wconf 87' lang='lat' dir='ltr'><strong>L.</strong></span> <span class='ocrx_word' id='word_1_532' title='bbox 801 3802 871 3852; x_wconf 83' lang='grc' dir='ltr'><strong>ιι,</strong></span> <span class='ocrx_word' id='word_1_533' title='bbox 909 3796 1030 3857; x_wconf 85' lang='lat' dir='ltr'><strong>cap.</strong></span> <span class='ocrx_word' id='word_1_534' title='bbox 1077 3785 1145 3857; x_wconf 66' lang='grc'><strong>12</strong></span> <span class='ocrx_word' id='word_1_535' title='bbox 1180 3802 1195 3841; x_wconf 88' lang='lat'><strong>:</strong></span> <span class='ocrx_word' id='word_1_536' title='bbox 1238 3785 1516 3841; x_wconf 79' lang='lat' dir='ltr'><strong>Devotione</strong></span> <span class='ocrx_word' id='word_1_537' title='bbox 1554 3802 1755 3842; x_wconf 74' lang='lat' dir='ltr'><strong>summa</strong></span> <span class='ocrx_word' id='word_1_538' title='bbox 1792 3789 1999 3844; x_wconf 81' lang='lat' dir='ltr'><strong>servire.</strong></span> 
     </span>
    </p>
   </div>
   <div class='ocr_carea' id='block_1_66' title="bbox 409 3855 2003 3982">
    <p class='ocr_par' dir='ltr' id='par_1_66' title="bbox 409 3855 2003 3982">
     <span class='ocr_line' id='line_1_66' title="bbox 409 3855 2003 3982; baseline 0.003 -71"><span class='ocrx_word' id='word_1_539' title='bbox 409 3855 487 3980; x_wconf 55' lang='grc' dir='ltr'><strong>ΕΒ</strong></span> <span class='ocrx_word' id='word_1_540' title='bbox 523 3856 691 3982; x_wconf 51' lang='grc' dir='ltr'><strong>Οιὲῐη</strong></span> <span class='ocrx_word' id='word_1_541' title='bbox 722 3870 841 3928; x_wconf 84' lang='lat' dir='ltr'><strong>cap.</strong></span> <span class='ocrx_word' id='word_1_542' title='bbox 875 3855 1023 3913; x_wconf 34' lang='lat' dir='ltr'><strong>ux‘:</strong></span> <span class='ocrx_word' id='word_1_543' title='bbox 1071 3856 1194 3912; x_wconf 84' lang='lat' dir='ltr'><strong>Non</strong></span> <span class='ocrx_word' id='word_1_544' title='bbox 1224 3858 1378 3928; x_wconf 73' lang='lat' dir='ltr'><strong>ﬁdem</strong></span> <span class='ocrx_word' id='word_1_545' title='bbox 1427 3859 1840 3930; x_wconf 68' lang='lat' dir='ltr'><strong>devoﬁonemque</strong></span> <span class='ocrx_word' id='word_1_546' title='bbox 1880 3874 2003 3930; x_wconf 82' lang='lat' dir='ltr'><strong>pro-</strong></span> 
     </span>
     <span class='ocr_line' id='line_1_67' title="bbox 450 3943 716 3982; baseline 0 0"><span class='ocrx_word' id='word_1_547' title='bbox 450 3943 548 3982; x_wconf 85' lang='lat' dir='ltr'><strong>ere.</strong></span> <span class='ocrx_word' id='word_1_548' title='bbox 628 3944 716 3982; x_wconf 72' lang='lat' dir='ltr'><strong>un.</strong></span> 
     </span>
    </p>
   </div>
   <div class='ocr_carea' id='block_1_67' title="bbox 450 3943 716 3983">
    <p class='ocr_par' dir='ltr' id='par_1_67' title="bbox 450 3943 716 3983">
     <span class='ocr_line' id='line_1_68' title="bbox 450 3943 716 3983; baseline -0.004 -1"><span class='ocrx_word' id='word_1_549' title='bbox 450 3943 548 3982; x_wconf 85' lang='lat' dir='ltr'><strong>ere.</strong></span> <span class='ocrx_word' id='word_1_550' title='bbox 588 3943 716 3983; x_wconf 66' lang='lat' dir='ltr'><strong>HUN.</strong></span> 
     </span>
    </p>
   </div>
   <div class='ocr_carea' id='block_1_68' title="bbox 483 3998 2002 4083">
    <p class='ocr_par' dir='ltr' id='par_1_68' title="bbox 483 3998 2002 4083">
     <span class='ocr_line' id='line_1_69' title="bbox 483 3998 2002 4083; baseline 0.003 -31"><span class='ocrx_word' id='word_1_551' title='bbox 483 3998 1205 4083; x_wconf 43' lang='lat' dir='ltr'><strong>Indieiduatnz..charitatem.</strong></span> <span class='ocrx_word' id='word_1_552' title='bbox 1220 3999 1380 4083; x_wconf 23' lang='lat' dir='ltr'><strong>‘Stylo</strong></span> <span class='ocrx_word' id='word_1_553' title='bbox 1396 3998 1742 4083; x_wconf 46' lang='lat' dir='ltr'><strong>Cyprianiﬂ.</strong></span> <span class='ocrx_word' id='word_1_554' title='bbox 1766 4008 1920 4083; x_wconf 53' lang='grc' dir='ltr'><strong>μαι).</strong></span> <span class='ocrx_word' id='word_1_555' title='bbox 1948 4003 2002 4069; x_wconf 77' lang='grc'><strong>4,</strong></span> 
     </span>
    </p>
   </div>
   <div class='ocr_carea' id='block_1_69' title="bbox 408 4068 2008 4197">
    <p class='ocr_par' dir='ltr' id='par_1_69' title="bbox 408 4068 2008 4197">
     <span class='ocr_line' id='line_1_70' title="bbox 408 4068 2008 4197; baseline 0.001 -71"><span class='ocrx_word' id='word_1_556' title='bbox 408 4069 496 4126; x_wconf 90' lang='lat' dir='ltr'><strong>ed.</strong></span> <span class='ocrx_word' id='word_1_557' title='bbox 528 4071 761 4197; x_wconf 45' lang='lat' dir='ltr'><strong>lii-igni”</strong></span> <span class='ocrx_word' id='word_1_558' title='bbox 789 4068 987 4125; x_wconf 75' lang='lat' dir='ltr'><strong>Honori</strong></span> <span class='ocrx_word' id='word_1_559' title='bbox 1012 4080 1103 4125; x_wconf 72' lang='lat' dir='ltr'><strong>nos</strong></span> <span class='ocrx_word' id='word_1_560' title='bbox 1123 4068 1552 4126; x_wconf 67' lang='lat' dir='ltr'><strong>vestro&#39;charitas</strong></span> <span class='ocrx_word' id='word_1_561' title='bbox 1582 4068 2008 4128; x_wconf 48' lang='lat' dir='ltr'><strong>individua—con-</strong></span> 
     </span>
     <span class='ocr_line' id='line_1_71' title="bbox 410 4152 747 4197; baseline -0.006 0"><span class='ocrx_word' id='word_1_562' title='bbox 410 4152 582 4197; x_wconf 73' lang='lat' dir='ltr'><strong>nectit.</strong></span> <span class='ocrx_word' id='word_1_563' title='bbox 658 4158 747 4197; x_wconf 75' lang='lat' dir='ltr'><strong>nu.</strong></span> 
     </span>
    </p>
   </div>
   <div class='ocr_carea' id='block_1_70' title="bbox 410 4144 747 4199">
    <p class='ocr_par' dir='ltr' id='par_1_70' title="bbox 410 4144 747 4199">
     <span class='ocr_line' id='line_1_72' title="bbox 410 4144 747 4199; baseline -0.006 -2"><span class='ocrx_word' id='word_1_564' title='bbox 410 4144 582 4197; x_wconf 80' lang='lat' dir='ltr'><strong>nectit.</strong></span> <span class='ocrx_word' id='word_1_565' title='bbox 612 4144 747 4199; x_wconf 77' lang='lat' dir='ltr'><strong>Buu.</strong></span> 
     </span>
    </p>
   </div>
   <div class='ocr_carea' id='block_1_71' title="bbox 480 4211 2002 4284">
    <p class='ocr_par' dir='ltr' id='par_1_71' title="bbox 480 4211 2002 4284">
     <span class='ocr_line' id='line_1_73' title="bbox 480 4211 2002 4284; baseline 0.001 -17"><span class='ocrx_word' id='word_1_566' title='bbox 480 4212 626 4267; x_wconf 80' lang='lat' dir='ltr'><strong>Perit</strong></span> <span class='ocrx_word' id='word_1_567' title='bbox 665 4228 785 4284; x_wconf 78' lang='lat' dir='ltr'><strong>ergo</strong></span> <span class='ocrx_word' id='word_1_568' title='bbox 828 4211 906 4284; x_wconf 82' lang='lat' dir='ltr'><strong>illi</strong></span> <span class='ocrx_word' id='word_1_569' title='bbox 934 4212 1023 4284; x_wconf 82' lang='lat' dir='ltr'><strong>nni</strong></span> <span class='ocrx_word' id='word_1_570' title='bbox 1051 4212 1411 4267; x_wconf 77' lang='lat' dir='ltr'><strong>communitas.</strong></span> <span class='ocrx_word' id='word_1_571' title='bbox 1445 4211 1712 4283; x_wconf 82' lang='lat' dir='ltr'><strong>Reposuit</strong></span> <span class='ocrx_word' id='word_1_572' title='bbox 1759 4214 1841 4269; x_wconf 82' lang='lat' dir='ltr'><strong>illi</strong></span> <span class='ocrx_word' id='word_1_573' title='bbox 1882 4216 2002 4280; x_wconf 82' lang='lat' dir='ltr'><strong>uni,</strong></span> 
     </span>
    </p>
   </div>
   <div class='ocr_carea' id='block_1_72' title="bbox 409 4283 2005 4356">
    <p class='ocr_par' dir='ltr' id='par_1_72' title="bbox 409 4283 2005 4356">
     <span class='ocr_line' id='line_1_74' title="bbox 409 4283 2005 4356; baseline 0.001 -17"><span class='ocrx_word' id='word_1_574' title='bbox 409 4285 616 4356; x_wconf 82' lang='lat' dir='ltr'><strong>scilicet</strong></span> <span class='ocrx_word' id='word_1_575' title='bbox 656 4283 786 4338; x_wconf 76' lang='lat' dir='ltr'><strong>tilio.</strong></span> <span class='ocrx_word' id='word_1_576' title='bbox 823 4283 955 4356; x_wconf 64' lang='lat' dir='ltr'><strong>Quae</strong></span> <span class='ocrx_word' id='word_1_577' title='bbox 986 4283 1413 4356; x_wconf 84' lang='lat' dir='ltr'><strong>lectiomaxime</strong></span> <span class='ocrx_word' id='word_1_578' title='bbox 1454 4285 1694 4339; x_wconf 89' lang='lat' dir='ltr'><strong>omnium</strong></span> <span class='ocrx_word' id='word_1_579' title='bbox 1743 4285 2005 4356; x_wconf 89' lang='lat' dir='ltr'><strong>probatur</strong></span> 
     </span>
    </p>
   </div>
   <div class='ocr_carea' id='block_1_73' title="bbox 2191 3434 3627 3511">
    <p class='ocr_par' dir='ltr' id='par_1_73' title="bbox 2191 3434 3627 3511">
     <span class='ocr_line' id='line_1_75' title="bbox 2191 3434 3627 3511; baseline 0.003 -22"><span class='ocrx_word' id='word_1_580' title='bbox 2191 3434 2332 3511; x_wconf 71' lang='lat' dir='ltr'><strong>Nam</strong></span> <span class='ocrx_word' id='word_1_581' title='bbox 2367 3434 2410 3511; x_wconf 66' lang='lat' dir='ltr'><strong>si</strong></span> <span class='ocrx_word' id='word_1_582' title='bbox 2428 3435 2641 3509; x_wconf 64' lang='lat' dir='ltr'><strong>iustitia</strong></span> <span class='ocrx_word' id='word_1_583' title='bbox 2662 3477 2677 3501; x_wconf 94' lang='lat'><strong>,</strong></span> <span class='ocrx_word' id='word_1_584' title='bbox 2704 3444 2810 3492; x_wconf 90' lang='lat' dir='ltr'><strong>etc.</strong></span> <span class='ocrx_word' id='word_1_585' title='bbox 2839 3435 3054 3511; x_wconf 69' lang='lat' dir='ltr'><strong>iustitia</strong></span> <span class='ocrx_word' id='word_1_586' title='bbox 3079 3452 3311 3511; x_wconf 83' lang='lat' dir='ltr'><strong>namque</strong></span> <span class='ocrx_word' id='word_1_587' title='bbox 3337 3440 3528 3511; x_wconf 79' lang='lat' dir='ltr'><strong>virtutes</strong></span> <span class='ocrx_word' id='word_1_588' title='bbox 3544 3439 3627 3511; x_wconf 77' lang='lat' dir='ltr'><strong>inse</strong></span> 
     </span>
    </p>
   </div>
   <div class='ocr_carea' id='block_1_74' title="bbox 2115 3507 3625 3578">
    <p class='ocr_par' dir='ltr' id='par_1_74' title="bbox 2115 3507 3625 3578">
     <span class='ocr_line' id='line_1_76' title="bbox 2115 3507 3625 3578; baseline 0 -16"><span class='ocrx_word' id='word_1_589' title='bbox 2115 3507 2488 3578; x_wconf 83' lang='lat' dir='ltr'><strong>complectitur</strong></span> <span class='ocrx_word' id='word_1_590' title='bbox 2538 3523 2767 3575; x_wconf 87' lang='lat' dir='ltr'><strong>omnes,</strong></span> <span class='ocrx_word' id='word_1_591' title='bbox 2817 3519 2874 3563; x_wconf 92' lang='lat' dir='ltr'><strong>ut</strong></span> <span class='ocrx_word' id='word_1_592' title='bbox 2912 3507 3238 3567; x_wconf 79' lang='lat' dir='ltr'><strong>Aristoteles</strong></span> <span class='ocrx_word' id='word_1_593' title='bbox 3273 3515 3323 3567; x_wconf 90' lang='lat' dir='ltr'><strong>in</strong></span> <span class='ocrx_word' id='word_1_594' title='bbox 3362 3528 3389 3566; x_wconf 90' lang='lat' dir='ltr'><strong>v</strong></span> <span class='ocrx_word' id='word_1_595' title='bbox 3425 3508 3625 3567; x_wconf 80' lang='lat' dir='ltr'><strong>Moralium</strong></span> 
     </span>
    </p>
   </div>
   <div class='ocr_carea' id='block_1_75' title="bbox 2114 3576 3628 3653">
    <p class='ocr_par' dir='ltr' id='par_1_75' title="bbox 2114 3576 3628 3653">
     <span class='ocr_line' id='line_1_77' title="bbox 2114 3576 3628 3653; baseline 0 -21"><span class='ocrx_word' id='word_1_596' title='bbox 2114 3576 2273 3653; x_wconf 58' lang='lat' dir='ltr'><strong>dicit.</strong></span> <span class='ocrx_word' id='word_1_597' title='bbox 2290 3576 2513 3653; x_wconf 81' lang='lat' dir='ltr'><strong>Matrem</strong></span> <span class='ocrx_word' id='word_1_598' title='bbox 2540 3578 2769 3634; x_wconf 86' lang='lat' dir='ltr'><strong>aliarum</strong></span> <span class='ocrx_word' id='word_1_599' title='bbox 2792 3581 3047 3653; x_wconf 78' lang='lat' dir='ltr'><strong>virtutum</strong></span> <span class='ocrx_word' id='word_1_600' title='bbox 3081 3593 3239 3639; x_wconf 88' lang='lat' dir='ltr'><strong>vocat</strong></span> <span class='ocrx_word' id='word_1_601' title='bbox 3272 3626 3285 3650; x_wconf 91' lang='lat'><strong>,</strong></span> <span class='ocrx_word' id='word_1_602' title='bbox 3313 3582 3444 3653; x_wconf 91' lang='lat' dir='ltr'><strong>quod</strong></span> <span class='ocrx_word' id='word_1_603' title='bbox 3467 3584 3628 3652; x_wconf 78' lang='lat' dir='ltr'><strong>reliquas</strong></span> 
     </span>
    </p>
   </div>
   <div class='ocr_carea' id='block_1_76' title="bbox 2112 3650 3628 3726">
    <p class='ocr_par' dir='ltr' id='par_1_76' title="bbox 2112 3650 3628 3726">
     <span class='ocr_line' id='line_1_78' title="bbox 2112 3650 3628 3726; baseline 0.001 -23"><span class='ocrx_word' id='word_1_604' title='bbox 2112 3650 2277 3726; x_wconf 76' lang='lat' dir='ltr'><strong>veluti</strong></span> <span class='ocrx_word' id='word_1_605' title='bbox 2302 3652 2438 3726; x_wconf 81' lang='lat' dir='ltr'><strong>tilias</strong></span> <span class='ocrx_word' id='word_1_606' title='bbox 2454 3652 2521 3726; x_wconf 90' lang='lat' dir='ltr'><strong>_in</strong></span> <span class='ocrx_word' id='word_1_607' title='bbox 2544 3666 2641 3706; x_wconf 85' lang='lat' dir='ltr'><strong>suo</strong></span> <span class='ocrx_word' id='word_1_608' title='bbox 2665 3651 2816 3726; x_wconf 72' lang='lat' dir='ltr'><strong>quasi</strong></span> <span class='ocrx_word' id='word_1_609' title='bbox 2842 3653 2964 3726; x_wconf 76' lang='lat' dir='ltr'><strong>sinu</strong></span> <span class='ocrx_word' id='word_1_610' title='bbox 2994 3655 3278 3726; x_wconf 84' lang='lat' dir='ltr'><strong>ctgremio</strong></span> <span class='ocrx_word' id='word_1_611' title='bbox 3306 3650 3455 3711; x_wconf 79' lang='lat' dir='ltr'><strong>fovet.</strong></span> <span class='ocrx_word' id='word_1_612' title='bbox 3484 3650 3628 3723; x_wconf 67' lang='lat' dir='ltr'><strong>nequo</strong></span> 
     </span>
    </p>
   </div>
   <div class='ocr_carea' id='block_1_77' title="bbox 2113 3717 3032 3779">
    <p class='ocr_par' dir='ltr' id='par_1_77' title="bbox 2113 3717 3032 3779">
     <span class='ocr_line' id='line_1_79' title="bbox 2113 3717 3032 3779; baseline 0.007 -6"><span class='ocrx_word' id='word_1_613' title='bbox 2113 3717 2234 3776; x_wconf 82' lang='lat' dir='ltr'><strong>vide</strong></span> <span class='ocrx_word' id='word_1_614' title='bbox 2265 3721 2425 3777; x_wconf 87' lang='lat' dir='ltr'><strong>etiam</strong></span> <span class='ocrx_word' id='word_1_615' title='bbox 2448 3717 2711 3777; x_wconf 79' lang='lat' dir='ltr'><strong>Joannem</strong></span> <span class='ocrx_word' id='word_1_616' title='bbox 2752 3720 3032 3779; x_wconf 83' lang='lat' dir='ltr'><strong>Stobeutn.</strong></span> 
     </span>
    </p>
   </div>
   <div class='ocr_carea' id='block_1_78' title="bbox 2190 3808 3621 3887">
    <p class='ocr_par' dir='ltr' id='par_1_78' title="bbox 2190 3808 3621 3887">
     <span class='ocr_line' id='line_1_80' title="bbox 2190 3808 3621 3887; baseline 0.002 -20"><span class='ocrx_word' id='word_1_617' title='bbox 2190 3812 2353 3887; x_wconf 79' lang='lat' dir='ltr'><strong>Tulit.</strong></span> <span class='ocrx_word' id='word_1_618' title='bbox 2374 3808 2519 3887; x_wconf 64' lang='lat' dir='ltr'><strong>Tulit</strong></span> <span class='ocrx_word' id='word_1_619' title='bbox 2550 3815 2688 3870; x_wconf 84' lang='lat' dir='ltr'><strong>haud</strong></span> <span class='ocrx_word' id='word_1_620' title='bbox 2713 3829 2836 3870; x_wconf 87' lang='lat' dir='ltr'><strong>raro</strong></span> <span class='ocrx_word' id='word_1_621' title='bbox 2854 3816 3072 3887; x_wconf 88' lang='lat' dir='ltr'><strong>ponitur</strong></span> <span class='ocrx_word' id='word_1_622' title='bbox 3094 3833 3193 3887; x_wconf 90' lang='lat' dir='ltr'><strong>pro</strong></span> <span class='ocrx_word' id='word_1_623' title='bbox 3216 3818 3412 3874; x_wconf 78' lang='lat' dir='ltr'><strong>sustulit</strong></span> <span class='ocrx_word' id='word_1_624' title='bbox 3427 3856 3440 3883; x_wconf 88' lang='lat'><strong>,</strong></span> <span class='ocrx_word' id='word_1_625' title='bbox 3459 3815 3621 3887; x_wconf 51' lang='lat' dir='ltr'><strong>aliaalii.</strong></span> 
     </span>
    </p>
   </div>
   <div class='ocr_carea' id='block_1_79' title="bbox 2115 3884 3626 3957">
    <p class='ocr_par' dir='ltr' id='par_1_79' title="bbox 2115 3884 3626 3957">
     <span class='ocr_line' id='line_1_81' title="bbox 2115 3884 3626 3957; baseline -0.002 -16"><span class='ocrx_word' id='word_1_626' title='bbox 2115 3884 2315 3941; x_wconf 86' lang='lat' dir='ltr'><strong>Iterum</strong></span> <span class='ocrx_word' id='word_1_627' title='bbox 2345 3886 2460 3955; x_wconf 87' lang='lat' dir='ltr'><strong>ipse</strong></span> <span class='ocrx_word' id='word_1_628' title='bbox 2487 3884 2797 3942; x_wconf 88' lang='lat' dir='ltr'><strong>Lactantius</strong></span> <span class='ocrx_word' id='word_1_629' title='bbox 2830 3889 2884 3941; x_wconf 88' lang='lat' dir='ltr'><strong>in</strong></span> <span class='ocrx_word' id='word_1_630' title='bbox 2915 3886 3062 3957; x_wconf 85' lang='lat' dir='ltr'><strong>Epit.</strong></span> <span class='ocrx_word' id='word_1_631' title='bbox 3093 3884 3144 3943; x_wconf 84' lang='lat' dir='ltr'><strong>c.</strong></span> <span class='ocrx_word' id='word_1_632' title='bbox 3169 3888 3241 3945; x_wconf 68' lang='lat'><strong>29</strong></span> <span class='ocrx_word' id='word_1_633' title='bbox 3263 3931 3278 3956; x_wconf 92' lang='lat'><strong>,</strong></span> <span class='ocrx_word' id='word_1_634' title='bbox 3307 3906 3370 3946; x_wconf 80' lang='lat' dir='ltr'><strong>ex</strong></span> <span class='ocrx_word' id='word_1_635' title='bbox 3394 3888 3565 3945; x_wconf 86' lang='lat' dir='ltr'><strong>Gellio:</strong></span> <span class='ocrx_word' id='word_1_636' title='bbox 3592 3884 3626 3939; x_wconf 80' lang='lat' dir='ltr'><strong>Si</strong></span> 
     </span>
    </p>
   </div>
   <div class='ocr_carea' id='block_1_80' title="bbox 2115 3957 3623 4031">
    <p class='ocr_par' dir='ltr' id='par_1_80' title="bbox 2115 3957 3623 4031">
     <span class='ocr_line' id='line_1_82' title="bbox 2115 3957 3623 4031; baseline -0.001 -20"><span class='ocrx_word' id='word_1_637' title='bbox 2115 3957 2303 4031; x_wconf 60' lang='lat' dir='ltr'><strong>tuleris</strong></span> <span class='ocrx_word' id='word_1_638' title='bbox 2351 3958 2891 4031; x_wconf 74' lang='lat' dir='ltr'><strong>ununi,_abstuleris</strong></span> <span class='ocrx_word' id='word_1_639' title='bbox 2943 3969 3256 4031; x_wconf 82' lang='lat' dir='ltr'><strong>utrumque.</strong></span> <span class='ocrx_word' id='word_1_640' title='bbox 3303 3963 3525 4016; x_wconf 84' lang='lat' dir='ltr'><strong>Ambros.</strong></span> <span class='ocrx_word' id='word_1_641' title='bbox 3550 3958 3623 4021; x_wconf 87' lang='lat' dir='ltr'><strong>l.i,</strong></span> 
     </span>
    </p>
   </div>
   <div class='ocr_carea' id='block_1_81' title="bbox 2113 4026 3624 4096">
    <p class='ocr_par' dir='ltr' id='par_1_81' title="bbox 2113 4026 3624 4096">
     <span class='ocr_line' id='line_1_83' title="bbox 2113 4026 3624 4096; baseline -0.002 -13"><span class='ocrx_word' id='word_1_642' title='bbox 2113 4026 2243 4093; x_wconf 64' lang='lat' dir='ltr'><strong>Ott,</strong></span> <span class='ocrx_word' id='word_1_643' title='bbox 2265 4043 2387 4096; x_wconf 90' lang='lat' dir='ltr'><strong>cap.</strong></span> <span class='ocrx_word' id='word_1_644' title='bbox 2416 4027 2523 4082; x_wconf 70' lang='lat'><strong>52:</strong></span> <span class='ocrx_word' id='word_1_645' title='bbox 2555 4028 2707 4084; x_wconf 91' lang='lat' dir='ltr'><strong>Tolle</strong></span> <span class='ocrx_word' id='word_1_646' title='bbox 2732 4045 2798 4084; x_wconf 79' lang='lat' dir='ltr'><strong>ex</strong></span> <span class='ocrx_word' id='word_1_647' title='bbox 2824 4043 2925 4082; x_wconf 89' lang='lat' dir='ltr'><strong>usu</strong></span> <span class='ocrx_word' id='word_1_648' title='bbox 2946 4026 3229 4087; x_wconf 79' lang='lat' dir='ltr'><strong>hominum</strong></span> <span class='ocrx_word' id='word_1_649' title='bbox 3256 4032 3624 4091; x_wconf 81' lang='lat' dir='ltr'><strong>benevolentiam,</strong></span> 
     </span>
    </p>
   </div>
   <div class='ocr_carea' id='block_1_82' title="bbox 2111 4099 3626 4237">
    <p class='ocr_par' dir='ltr' id='par_1_82' title="bbox 2111 4099 3626 4237">
     <span class='ocr_line' id='line_1_84' title="bbox 2115 4099 3620 4169; baseline 0.004 -17"><span class='ocrx_word' id='word_1_650' title='bbox 2115 4106 2388 4169; x_wconf 89' lang='lat' dir='ltr'><strong>tamquam</strong></span> <span class='ocrx_word' id='word_1_651' title='bbox 2414 4099 2584 4155; x_wconf 89' lang='lat' dir='ltr'><strong>solem</strong></span> <span class='ocrx_word' id='word_1_652' title='bbox 2635 4115 2666 4154; x_wconf 87' lang='lat' dir='ltr'><strong>e</strong></span> <span class='ocrx_word' id='word_1_653' title='bbox 2716 4099 2921 4156; x_wconf 86' lang='lat' dir='ltr'><strong>mundo</strong></span> <span class='ocrx_word' id='word_1_654' title='bbox 2975 4103 3199 4167; x_wconf 89' lang='lat' dir='ltr'><strong>tuleris,</strong></span> <span class='ocrx_word' id='word_1_655' title='bbox 3236 4104 3308 4157; x_wconf 86' lang='lat' dir='ltr'><strong>ita</strong></span> <span class='ocrx_word' id='word_1_656' title='bbox 3354 4105 3465 4160; x_wconf 87' lang='lat' dir='ltr'><strong>erit.</strong></span> <span class='ocrx_word' id='word_1_657' title='bbox 3505 4100 3620 4158; x_wconf 68' lang='lat' dir='ltr'><strong>LIII.</strong></span> 
     </span>
     <span class='ocr_line' id='line_1_85' title="bbox 2111 4168 3626 4237; baseline 0 -12"><span class='ocrx_word' id='word_1_658' title='bbox 2111 4168 2242 4235; x_wconf 55' lang='lat' dir='ltr'><strong>Otii,</strong></span> <span class='ocrx_word' id='word_1_659' title='bbox 2273 4185 2392 4237; x_wconf 84' lang='lat' dir='ltr'><strong>cap.</strong></span> <span class='ocrx_word' id='word_1_660' title='bbox 2422 4170 2491 4226; x_wconf 70' lang='grc' dir='ltr'><strong>ὃς</strong></span> <span class='ocrx_word' id='word_1_661' title='bbox 2526 4171 2714 4226; x_wconf 87' lang='lat' dir='ltr'><strong>Solum</strong></span> <span class='ocrx_word' id='word_1_662' title='bbox 2754 4172 3065 4228; x_wconf 86' lang='lat' dir='ltr'><strong>lanceam...</strong></span> <span class='ocrx_word' id='word_1_663' title='bbox 3117 4184 3176 4229; x_wconf 87' lang='lat' dir='ltr'><strong>et</strong></span> <span class='ocrx_word' id='word_1_664' title='bbox 3218 4175 3504 4232; x_wconf 79' lang='lat' dir='ltr'><strong>lenticuth</strong></span> <span class='ocrx_word' id='word_1_665' title='bbox 3548 4170 3626 4226; x_wconf 83' lang='lat' dir='ltr'><strong>tulit</strong></span> 
     </span>
    </p>
   </div>
   <div class='ocr_carea' id='block_1_83' title="bbox 2204 4188 3504 4235">
    <p class='ocr_par' dir='ltr' id='par_1_83' title="bbox 2204 4188 3504 4235">
     <span class='ocr_line' id='line_1_86' title="bbox 2204 4188 3504 4235; baseline 0.005 -12"><span class='ocrx_word' id='word_1_666' title='bbox 2204 4210 2242 4235; x_wconf 88' lang='lat'><strong>.,</strong></span> <span class='ocrx_word' id='word_1_667' title='bbox 2273 4188 2392 4235; x_wconf 77' lang='lat' dir='ltr'><strong>cap.</strong></span> <span class='ocrx_word' id='word_1_668' title='bbox 2422 4188 2491 4226; x_wconf 69' lang='lat'><strong>03</strong></span> <span class='ocrx_word' id='word_1_669' title='bbox 2526 4188 2714 4226; x_wconf 69' lang='lat' dir='ltr'><strong>Solum</strong></span> <span class='ocrx_word' id='word_1_670' title='bbox 2754 4188 3065 4228; x_wconf 81' lang='lat' dir='ltr'><strong>lanceam...</strong></span> <span class='ocrx_word' id='word_1_671' title='bbox 3117 4188 3176 4229; x_wconf 67' lang='grc' dir='ltr'><strong>ει</strong></span> <span class='ocrx_word' id='word_1_672' title='bbox 3218 4188 3504 4232; x_wconf 69' lang='grc' dir='ltr'>ιθιιιιουιιιιὶ</span> 
     </span>
    </p>
   </div>
   <div class='ocr_carea' id='block_1_84' title="bbox 2115 4241 2455 4311">
    <p class='ocr_par' dir='ltr' id='par_1_84' title="bbox 2115 4241 2455 4311">
     <span class='ocr_line' id='line_1_87' title="bbox 2115 4241 2455 4311; baseline -0.003 -16"><span class='ocrx_word' id='word_1_673' title='bbox 2115 4255 2288 4311; x_wconf 68' lang='lat' dir='ltr'><strong>aquae.</strong></span> <span class='ocrx_word' id='word_1_674' title='bbox 2316 4241 2455 4297; x_wconf 58' lang='lat' dir='ltr'><strong>Buta.</strong></span> 
     </span>
    </p>
   </div>
   <div class='ocr_carea' id='block_1_85' title="bbox 409 4332 1993 4427">
    <p class='ocr_par' dir='ltr' id='par_1_85' title="bbox 409 4332 1993 4427">
     <span class='ocr_line' id='line_1_88' title="bbox 409 4332 1993 4427; baseline 0.001 -17"><span class='ocrx_word' id='word_1_675' title='bbox 409 4332 819 4427; x_wconf 48' lang='lat' dir='ltr'><strong>amongst}.</strong></span> <span class='ocrx_word' id='word_1_676' title='bbox 832 4332 972 4408; x_wconf 61' lang='lat' dir='ltr'><strong>san.</strong></span> <span class='ocrx_word' id='word_1_677' title='bbox 988 4332 1109 4427; x_wconf 53' lang='grc' dir='ltr'><strong>’ἐξὲξ</strong></span> <span class='ocrx_word' id='word_1_678' title='bbox 1122 4332 1578 4427; x_wconf 58' lang='grc' dir='ltr'><strong>ἰξόιίιῖζῐξςηῐὶξ</strong></span> <span class='ocrx_word' id='word_1_679' title='bbox 1586 4332 1797 4419; x_wconf 60' lang='lat' dir='ltr'><strong>rigat:</strong></span> <span class='ocrx_word' id='word_1_680' title='bbox 1813 4332 1972 4413; x_wconf 65' lang='grc' dir='ltr'><strong>ἲῐὲῖιῖ</strong></span> <span class='ocrx_word' id='word_1_681' title='bbox 1970 4332 1993 4411; x_wconf 84' lang='grc' dir='ltr'><strong>ι’</strong></span> 
     </span>
    </p>
   </div>
   <div class='ocr_carea' id='block_1_86' title="bbox 2125 4332 3624 4427">
    <p class='ocr_par' dir='ltr' id='par_1_86' title="bbox 2125 4332 3624 4427">
     <span class='ocr_line' id='line_1_89' title="bbox 2125 4332 3624 4427; baseline 0.005 -42"><span class='ocrx_word' id='word_1_682' title='bbox 2125 4332 2452 4427; x_wconf 39' lang='lat' dir='ltr'><strong>nfi‘tyniden‘t</strong></span> <span class='ocrx_word' id='word_1_683' title='bbox 2495 4333 2627 4388; x_wconf 79' lang='lat' dir='ltr'><strong>nihil</strong></span> <span class='ocrx_word' id='word_1_684' title='bbox 2672 4334 2861 4427; x_wconf 49' lang='lat' dir='ltr'><strong>fuerit,</strong></span> <span class='ocrx_word' id='word_1_685' title='bbox 2910 4338 3416 4427; x_wconf 52' lang='lat' dir='ltr'><strong>quod&#39;ettstineatttr,</strong></span> <span class='ocrx_word' id='word_1_686' title='bbox 3456 4335 3624 4413; x_wconf 63' lang='lat' dir='ltr'><strong>aliam</strong></span> 
     </span>
    </p>
   </div>
   <div class='ocr_carea' id='block_1_87' title="bbox 407 4425 2011 4498">
    <p class='ocr_par' dir='ltr' id='par_1_87' title="bbox 407 4425 2011 4498">
     <span class='ocr_line' id='line_1_90' title="bbox 407 4425 2011 4498; baseline 0.001 -17"><span class='ocrx_word' id='word_1_687' title='bbox 407 4426 630 4498; x_wconf 79' lang='lat' dir='ltr'><strong>Legitur</strong></span> <span class='ocrx_word' id='word_1_688' title='bbox 652 4426 713 4498; x_wconf 85' lang='lat' dir='ltr'><strong>in</strong></span> <span class='ocrx_word' id='word_1_689' title='bbox 730 4428 766 4482; x_wconf 83' lang='lat'><strong>5</strong></span> <span class='ocrx_word' id='word_1_690' title='bbox 792 4425 925 4493; x_wconf 78' lang='lat' dir='ltr'><strong>Reg.</strong></span> <span class='ocrx_word' id='word_1_691' title='bbox 947 4435 999 4479; x_wconf 86' lang='lat' dir='ltr'><strong>et</strong></span> <span class='ocrx_word' id='word_1_692' title='bbox 1024 4426 1056 4480; x_wconf 86' lang='lat'><strong>5</strong></span> <span class='ocrx_word' id='word_1_693' title='bbox 1085 4426 1314 4493; x_wconf 82' lang='lat' dir='ltr'><strong>vulgatis</strong></span> <span class='ocrx_word' id='word_1_694' title='bbox 1338 4425 1755 4490; x_wconf 78' lang='lat' dir='ltr'><strong>recentioribus,</strong></span> <span class='ocrx_word' id='word_1_695' title='bbox 1774 4429 1856 4483; x_wconf 74' lang='lat' dir='ltr'><strong>illi</strong></span> <span class='ocrx_word' id='word_1_696' title='bbox 1882 4444 2011 4492; x_wconf 83' lang='lat' dir='ltr'><strong>una;</strong></span> 
     </span>
    </p>
   </div>
   <div class='ocr_carea' id='block_1_88' title="bbox 406 4497 2008 4566">
    <p class='ocr_par' dir='ltr' id='par_1_88' title="bbox 406 4497 2008 4566">
     <span class='ocr_line' id='line_1_91' title="bbox 406 4497 2008 4566; baseline 0 -13"><span class='ocrx_word' id='word_1_697' title='bbox 406 4499 461 4553; x_wconf 91' lang='lat' dir='ltr'><strong>in</strong></span> <span class='ocrx_word' id='word_1_698' title='bbox 489 4498 651 4555; x_wconf 85' lang='lat' dir='ltr'><strong>Guth.</strong></span> <span class='ocrx_word' id='word_1_699' title='bbox 677 4497 769 4551; x_wconf 84' lang='lat' dir='ltr'><strong>illa</strong></span> <span class='ocrx_word' id='word_1_700' title='bbox 799 4511 929 4562; x_wconf 84' lang='lat' dir='ltr'><strong>una;</strong></span> <span class='ocrx_word' id='word_1_701' title='bbox 963 4511 1193 4566; x_wconf 90' lang='lat' dir='ltr'><strong>quorum</strong></span> <span class='ocrx_word' id='word_1_702' title='bbox 1223 4498 1337 4553; x_wconf 86' lang='lat' dir='ltr'><strong>vice</strong></span> <span class='ocrx_word' id='word_1_703' title='bbox 1358 4511 1445 4555; x_wconf 86' lang='lat' dir='ltr'><strong>est</strong></span> <span class='ocrx_word' id='word_1_704' title='bbox 1476 4500 1795 4554; x_wconf 79' lang='lat' dir='ltr'><strong>matrimonii</strong></span> <span class='ocrx_word' id='word_1_705' title='bbox 1823 4501 1874 4553; x_wconf 91' lang='lat' dir='ltr'><strong>in</strong></span> <span class='ocrx_word' id='word_1_706' title='bbox 1904 4502 2008 4553; x_wconf 64' lang='lat' dir='ltr'><strong>imo</strong></span> 
     </span>
    </p>
   </div>
   <div class='ocr_carea' id='block_1_89' title="bbox 408 4569 896 4641">
    <p class='ocr_par' dir='ltr' id='par_1_89' title="bbox 408 4569 896 4641">
     <span class='ocr_line' id='line_1_92' title="bbox 408 4569 896 4641; baseline -0.01 0"><span class='ocrx_word' id='word_1_707' title='bbox 408 4570 616 4641; x_wconf 55' lang='lat' dir='ltr'><strong>pressis</strong></span> <span class='ocrx_word' id='word_1_708' title='bbox 636 4569 896 4641; x_wconf 47' lang='lat' dir='ltr'><strong>aluitque.</strong></span> 
     </span>
    </p>
   </div>
   <div class='ocr_carea' id='block_1_90' title="bbox 490 4638 2009 4711">
    <p class='ocr_par' dir='ltr' id='par_1_90' title="bbox 490 4638 2009 4711">
     <span class='ocr_line' id='line_1_93' title="bbox 490 4638 2009 4711; baseline 0.003 -19"><span class='ocrx_word' id='word_1_709' title='bbox 490 4639 638 4694; x_wconf 76' lang='lat' dir='ltr'><strong>Velit.</strong></span> <span class='ocrx_word' id='word_1_710' title='bbox 690 4638 780 4693; x_wconf 90' lang='lat' dir='ltr'><strong>Sic</strong></span> <span class='ocrx_word' id='word_1_711' title='bbox 825 4638 1149 4711; x_wconf 9' lang='lat' dir='ltr'><strong>reposuigex</strong></span> <span class='ocrx_word' id='word_1_712' title='bbox 1191 4640 1569 4711; x_wconf 80' lang='lat' dir='ltr'><strong>antiquissimo</strong></span> <span class='ocrx_word' id='word_1_713' title='bbox 1609 4641 1797 4696; x_wconf 76' lang='lat' dir='ltr'><strong>codice</strong></span> <span class='ocrx_word' id='word_1_714' title='bbox 1842 4641 2009 4711; x_wconf 79' lang='lat' dir='ltr'><strong>Regio</strong></span> 
     </span>
    </p>
   </div>
   <div class='ocr_carea' id='block_1_91' title="bbox 406 4708 2007 4782">
    <p class='ocr_par' dir='ltr' id='par_1_91' title="bbox 406 4708 2007 4782">
     <span class='ocr_line' id='line_1_94' title="bbox 406 4708 2007 4782; baseline 0.002 -18"><span class='ocrx_word' id='word_1_715' title='bbox 406 4710 633 4778; x_wconf 79' lang='lat' dir='ltr'><strong>aliiSque</strong></span> <span class='ocrx_word' id='word_1_716' title='bbox 663 4723 758 4763; x_wconf 74' lang='lat' dir='ltr'><strong>sex</strong></span> <span class='ocrx_word' id='word_1_717' title='bbox 783 4749 798 4774; x_wconf 92' lang='lat'><strong>,</strong></span> <span class='ocrx_word' id='word_1_718' title='bbox 826 4708 1111 4782; x_wconf 84' lang='lat' dir='ltr'><strong>referendo</strong></span> <span class='ocrx_word' id='word_1_719' title='bbox 1135 4712 1201 4766; x_wconf 76' lang='lat' dir='ltr'><strong>ad</strong></span> <span class='ocrx_word' id='word_1_720' title='bbox 1228 4708 1545 4778; x_wconf 71' lang='lat' dir='ltr'><strong>Plattmum;</strong></span> <span class='ocrx_word' id='word_1_721' title='bbox 1577 4723 1633 4767; x_wconf 87' lang='lat' dir='ltr'><strong>et</strong></span> <span class='ocrx_word' id='word_1_722' title='bbox 1664 4713 1795 4766; x_wconf 82' lang='lat' dir='ltr'><strong>illud</strong></span> <span class='ocrx_word' id='word_1_723' title='bbox 1820 4708 2007 4782; x_wconf 82' lang='lat' dir='ltr'><strong>requi-</strong></span> 
     </span>
    </p>
   </div>
   <div class='ocr_carea' id='block_1_92' title="bbox 405 4781 2007 4856">
    <p class='ocr_par' dir='ltr' id='par_1_92' title="bbox 405 4781 2007 4856">
     <span class='ocr_line' id='line_1_95' title="bbox 405 4781 2007 4856; baseline 0.002 -20"><span class='ocrx_word' id='word_1_724' title='bbox 405 4790 534 4836; x_wconf 88' lang='lat' dir='ltr'><strong>runt</strong></span> <span class='ocrx_word' id='word_1_725' title='bbox 552 4796 614 4834; x_wconf 88' lang='lat' dir='ltr'><strong>ea</strong></span> <span class='ocrx_word' id='word_1_726' title='bbox 638 4781 1112 4856; x_wconf 71' lang='lat' dir='ltr'><strong>quiepraecedunt,</strong></span> <span class='ocrx_word' id='word_1_727' title='bbox 1146 4794 1200 4838; x_wconf 86' lang='lat' dir='ltr'><strong>et</strong></span> <span class='ocrx_word' id='word_1_728' title='bbox 1224 4799 1346 4855; x_wconf 69' lang='lat' dir='ltr'><strong>quin</strong></span> <span class='ocrx_word' id='word_1_729' title='bbox 1373 4793 1694 4856; x_wconf 84' lang='lat' dir='ltr'><strong>sequuntur.</strong></span> <span class='ocrx_word' id='word_1_730' title='bbox 1726 4783 1854 4838; x_wconf 76' lang='lat' dir='ltr'><strong>Msa.</strong></span> <span class='ocrx_word' id='word_1_731' title='bbox 1883 4781 2007 4854; x_wconf 47' lang='lat' dir='ltr'><strong>step.</strong></span> 
     </span>
    </p>
   </div>
   <div class='ocr_carea' id='block_1_93' title="bbox 406 4850 1080 4917">
    <p class='ocr_par' dir='ltr' id='par_1_93' title="bbox 406 4850 1080 4917">
     <span class='ocr_line' id='line_1_96' title="bbox 406 4850 1080 4917; baseline -0.001 -10"><span class='ocrx_word' id='word_1_732' title='bbox 406 4861 518 4907; x_wconf 89' lang='lat' dir='ltr'><strong>tem</strong></span> <span class='ocrx_word' id='word_1_733' title='bbox 548 4867 672 4905; x_wconf 88' lang='lat' dir='ltr'><strong>cum</strong></span> <span class='ocrx_word' id='word_1_734' title='bbox 694 4850 875 4917; x_wconf 80' lang='lat' dir='ltr'><strong>editis,</strong></span> <span class='ocrx_word' id='word_1_735' title='bbox 904 4851 1080 4907; x_wconf 81' lang='lat' dir='ltr'><strong>velint.</strong></span> 
     </span>
    </p>
   </div>
   <div class='ocr_carea' id='block_1_94' title="bbox 479 4942 1536 5017">
    <p class='ocr_par' dir='ltr' id='par_1_94' title="bbox 479 4942 1536 5017">
     <span class='ocr_line' id='line_1_97' title="bbox 479 4942 1536 5017; baseline 0.004 -21"><span class='ocrx_word' id='word_1_736' title='bbox 479 4943 582 5017; x_wconf 78' lang='lat' dir='ltr'><strong>Qui</strong></span> <span class='ocrx_word' id='word_1_737' title='bbox 610 4959 831 5015; x_wconf 77' lang='lat' dir='ltr'><strong>semper.</strong></span> <span class='ocrx_word' id='word_1_738' title='bbox 861 4942 991 5017; x_wconf 78' lang='lat' dir='ltr'><strong>Mss.</strong></span> <span class='ocrx_word' id='word_1_739' title='bbox 1019 4943 1049 4998; x_wconf 88' lang='lat'><strong>7</strong></span> <span class='ocrx_word' id='word_1_740' title='bbox 1078 4956 1216 5017; x_wconf 83' lang='lat' dir='ltr'><strong>rec.,</strong></span> <span class='ocrx_word' id='word_1_741' title='bbox 1246 4945 1353 5012; x_wconf 81' lang='lat' dir='ltr'><strong>‘Qtti</strong></span> <span class='ocrx_word' id='word_1_742' title='bbox 1381 4956 1536 5017; x_wconf 67' lang='lat' dir='ltr'><strong>stupe.</strong></span> 
     </span>
    </p>
   </div>
   <div class='ocr_carea' id='block_1_95' title="bbox 476 5015 2004 5085">
    <p class='ocr_par' dir='ltr' id='par_1_95' title="bbox 476 5015 2004 5085">
     <span class='ocr_line' id='line_1_98' title="bbox 476 5015 2004 5085; baseline 0.005 -18"><span class='ocrx_word' id='word_1_743' title='bbox 476 5015 544 5068; x_wconf 78' lang='grc' dir='ltr'><strong>1η</strong></span> <span class='ocrx_word' id='word_1_744' title='bbox 573 5015 913 5084; x_wconf 54' lang='lat' dir='ltr'><strong>extr-opositis.</strong></span> <span class='ocrx_word' id='word_1_745' title='bbox 948 5015 1115 5071; x_wconf 89' lang='lat' dir='ltr'><strong>Stoici</strong></span> <span class='ocrx_word' id='word_1_746' title='bbox 1143 5030 1249 5069; x_wconf 87' lang='lat' dir='ltr'><strong>non</strong></span> <span class='ocrx_word' id='word_1_747' title='bbox 1278 5015 1560 5071; x_wconf 63' lang='lat' dir='ltr'><strong>moderes</strong></span> <span class='ocrx_word' id='word_1_748' title='bbox 1583 5016 1831 5073; x_wconf 82' lang='lat' dir='ltr'><strong>fortuitas</strong></span> <span class='ocrx_word' id='word_1_749' title='bbox 1862 5060 1876 5085; x_wconf 92' lang='lat'><strong>,</strong></span> <span class='ocrx_word' id='word_1_750' title='bbox 1908 5018 2004 5074; x_wconf 85' lang='lat' dir='ltr'><strong>sed</strong></span> 
     </span>
    </p>
   </div>
   <div class='ocr_carea' id='block_1_96' title="bbox 402 5085 2005 5157">
    <p class='ocr_par' dir='ltr' id='par_1_96' title="bbox 402 5085 2005 5157">
     <span class='ocr_line' id='line_1_99' title="bbox 402 5085 2005 5157; baseline 0.003 -17"><span class='ocrx_word' id='word_1_751' title='bbox 402 5085 562 5157; x_wconf 83' lang='lat' dir='ltr'><strong>etiam</strong></span> <span class='ocrx_word' id='word_1_752' title='bbox 611 5100 836 5155; x_wconf 85' lang='lat' dir='ltr'><strong>corpora</strong></span> <span class='ocrx_word' id='word_1_753' title='bbox 889 5088 1001 5157; x_wconf 87' lang='lat' dir='ltr'><strong>ipsa</strong></span> <span class='ocrx_word' id='word_1_754' title='bbox 1054 5094 1211 5157; x_wconf 65' lang='lat' dir='ltr'><strong>estra</strong></span> <span class='ocrx_word' id='word_1_755' title='bbox 1251 5092 1349 5140; x_wconf 87' lang='lat' dir='ltr'><strong>n‘os</strong></span> <span class='ocrx_word' id='word_1_756' title='bbox 1402 5100 1524 5143; x_wconf 87' lang='lat' dir='ltr'><strong>esse</strong></span> <span class='ocrx_word' id='word_1_757' title='bbox 1565 5090 1826 5155; x_wconf 84' lang='lat' dir='ltr'><strong>credunt,</strong></span> <span class='ocrx_word' id='word_1_758' title='bbox 1857 5103 1912 5143; x_wconf 92' lang='lat' dir='ltr'><strong>ut</strong></span> <span class='ocrx_word' id='word_1_759' title='bbox 1937 5104 2005 5145; x_wconf 81' lang='lat' dir='ltr'><strong>ex</strong></span> 
     </span>
    </p>
   </div>
   <div class='ocr_carea' id='block_1_97' title="bbox 402 5154 2002 5227">
    <p class='ocr_par' dir='ltr' id='par_1_97' title="bbox 402 5154 2002 5227">
     <span class='ocr_line' id='line_1_100' title="bbox 402 5154 2002 5227; baseline 0.003 -15"><span class='ocrx_word' id='word_1_760' title='bbox 402 5156 631 5227; x_wconf 88' lang='lat' dir='ltr'><strong>Epicteti</strong></span> <span class='ocrx_word' id='word_1_761' title='bbox 683 5154 996 5213; x_wconf 69' lang='grc' dir='ltr'><strong>Εηειιίιτὶϋὶο</strong></span> <span class='ocrx_word' id='word_1_762' title='bbox 1042 5154 1384 5211; x_wconf 80' lang='lat' dir='ltr'><strong>manifestum</strong></span> <span class='ocrx_word' id='word_1_763' title='bbox 1430 5166 1532 5213; x_wconf 73' lang='lat' dir='ltr'><strong>est.</strong></span> <span class='ocrx_word' id='word_1_764' title='bbox 1558 5158 1675 5214; x_wconf 85' lang='lat' dir='ltr'><strong>Non</strong></span> <span class='ocrx_word' id='word_1_765' title='bbox 1710 5154 1852 5216; x_wconf 86' lang='lat' dir='ltr'><strong>male</strong></span> <span class='ocrx_word' id='word_1_766' title='bbox 1879 5175 2002 5216; x_wconf 91' lang='lat' dir='ltr'><strong>cum</strong></span> 
     </span>
    </p>
   </div>
   <div class='ocr_carea' id='block_1_98' title="bbox 400 5227 1999 5300">
    <p class='ocr_par' dir='ltr' id='par_1_98' title="bbox 400 5227 1999 5300">
     <span class='ocr_line' id='line_1_101' title="bbox 400 5227 1999 5300; baseline 0.001 -17"><span class='ocrx_word' id='word_1_767' title='bbox 400 5228 570 5298; x_wconf 81' lang='lat' dir='ltr'><strong>ipsius</strong></span> <span class='ocrx_word' id='word_1_768' title='bbox 592 5227 794 5284; x_wconf 79' lang='lat' dir='ltr'><strong>Christi</strong></span> <span class='ocrx_word' id='word_1_769' title='bbox 823 5230 1066 5285; x_wconf 86' lang='lat' dir='ltr'><strong>doctrina</strong></span> <span class='ocrx_word' id='word_1_770' title='bbox 1100 5228 1387 5297; x_wconf 81' lang='lat' dir='ltr'><strong>congruit,</strong></span> <span class='ocrx_word' id='word_1_771' title='bbox 1420 5229 1507 5298; x_wconf 87' lang='lat' dir='ltr'><strong>qui</strong></span> <span class='ocrx_word' id='word_1_772' title='bbox 1537 5230 1755 5300; x_wconf 84' lang='lat' dir='ltr'><strong>rapinas</strong></span> <span class='ocrx_word' id='word_1_773' title='bbox 1776 5273 1790 5297; x_wconf 94' lang='lat'><strong>,</strong></span> <span class='ocrx_word' id='word_1_774' title='bbox 1840 5231 1999 5286; x_wconf 82' lang='lat' dir='ltr'><strong>adul-</strong></span> 
     </span>
    </p>
   </div>
   <div class='ocr_carea' id='block_1_99' title="bbox 400 5300 2000 5376">
    <p class='ocr_par' dir='ltr' id='par_1_99' title="bbox 400 5300 2000 5376">
     <span class='ocr_line' id='line_1_102' title="bbox 400 5300 2000 5376; baseline 0.003 -23"><span class='ocrx_word' id='word_1_775' title='bbox 400 5302 536 5376; x_wconf 82' lang='lat' dir='ltr'><strong>teria</strong></span> <span class='ocrx_word' id='word_1_776' title='bbox 560 5343 574 5366; x_wconf 94' lang='lat'><strong>,</strong></span> <span class='ocrx_word' id='word_1_777' title='bbox 606 5302 708 5357; x_wconf 82' lang='lat' dir='ltr'><strong>hoc</strong></span> <span class='ocrx_word' id='word_1_778' title='bbox 738 5310 821 5356; x_wconf 84' lang='lat' dir='ltr'><strong>est</strong></span> <span class='ocrx_word' id='word_1_779' title='bbox 847 5302 1058 5376; x_wconf 68' lang='grc' dir='ltr'><strong>ὀρέξειῆ</strong></span> <span class='ocrx_word' id='word_1_780' title='bbox 1088 5308 1209 5366; x_wconf 67' lang='lat' dir='ltr'><strong>qua:</strong></span> <span class='ocrx_word' id='word_1_781' title='bbox 1236 5300 1452 5376; x_wconf 21' lang='lat' dir='ltr'><strong>en‘nobis</strong></span> <span class='ocrx_word' id='word_1_782' title='bbox 1480 5302 1850 5376; x_wconf 72' lang='lat' dir='ltr'><strong>egrediantur,</strong></span> <span class='ocrx_word' id='word_1_783' title='bbox 1899 5302 2000 5358; x_wconf 91' lang='lat' dir='ltr'><strong>ho-</strong></span> 
     </span>
    </p>
   </div>
   <div class='ocr_carea' id='block_1_100' title="bbox 400 5369 1900 5437">
    <p class='ocr_par' dir='ltr' id='par_1_100' title="bbox 400 5369 1900 5437">
     <span class='ocr_line' id='line_1_103' title="bbox 400 5369 1900 5437; baseline 0.001 -12"><span class='ocrx_word' id='word_1_784' title='bbox 400 5375 603 5426; x_wconf 87' lang='lat' dir='ltr'><strong>minem</strong></span> <span class='ocrx_word' id='word_1_785' title='bbox 625 5369 886 5427; x_wconf 76' lang='lat' dir='ltr'><strong>duntaarat&#39;</strong></span> <span class='ocrx_word' id='word_1_786' title='bbox 916 5370 1197 5437; x_wconf 77' lang='lat' dir='ltr'><strong>inquinare</strong></span> <span class='ocrx_word' id='word_1_787' title='bbox 1226 5369 1539 5425; x_wconf 55' lang='lat' dir='ltr'><strong>afﬁrmavit:</strong></span> <span class='ocrx_word' id='word_1_788' title='bbox 1573 5374 1900 5429; x_wconf 70' lang='grc' dir='ltr'><strong>Βετυιικιυε.</strong></span> 
     </span>
    </p>
   </div>
   <div class='ocr_carea' id='block_1_101' title="bbox 472 5439 2001 5510">
    <p class='ocr_par' dir='ltr' id='par_1_101' title="bbox 472 5439 2001 5510">
     <span class='ocr_line' id='line_1_104' title="bbox 472 5439 2001 5510; baseline 0.003 -14"><span class='ocrx_word' id='word_1_789' title='bbox 472 5441 598 5497; x_wconf 83' lang='lat' dir='ltr'><strong>Cum</strong></span> <span class='ocrx_word' id='word_1_790' title='bbox 618 5444 780 5497; x_wconf 80' lang='lat' dir='ltr'><strong>animi</strong></span> <span class='ocrx_word' id='word_1_791' title='bbox 802 5457 958 5510; x_wconf 67' lang='lat' dir='ltr'><strong>parca</strong></span> <span class='ocrx_word' id='word_1_792' title='bbox 980 5439 1189 5510; x_wconf 67' lang='lat' dir='ltr'><strong>fuerint.</strong></span> <span class='ocrx_word' id='word_1_793' title='bbox 1217 5439 1329 5494; x_wconf 81' lang='lat' dir='ltr'><strong>Par</strong></span> <span class='ocrx_word' id='word_1_794' title='bbox 1348 5445 1506 5497; x_wconf 81' lang='lat' dir='ltr'><strong>animi</strong></span> <span class='ocrx_word' id='word_1_795' title='bbox 1531 5443 1844 5501; x_wconf 83' lang='lat' dir='ltr'><strong>Lactantius</strong></span> <span class='ocrx_word' id='word_1_796' title='bbox 1870 5445 2001 5501; x_wconf 82' lang='lat' dir='ltr'><strong>dicit</strong></span> 
     </span>
    </p>
   </div>
   <div class='ocr_carea' id='block_1_102' title="bbox 436 5508 2000 5583">
    <p class='ocr_par' dir='ltr' id='par_1_102' title="bbox 436 5508 2000 5583">
     <span class='ocr_line' id='line_1_105' title="bbox 436 5508 2000 5583; baseline 0.003 -16"><span class='ocrx_word' id='word_1_797' title='bbox 436 5527 497 5568; x_wconf 89' lang='lat' dir='ltr'><strong>er</strong></span> <span class='ocrx_word' id='word_1_798' title='bbox 532 5508 907 5570; x_wconf 66' lang='lat' dir='ltr'><strong>Griecismum.</strong></span> <span class='ocrx_word' id='word_1_799' title='bbox 936 5508 1186 5583; x_wconf 66' lang='lat' dir='ltr'><strong>__l_&quot;uerint</strong></span> <span class='ocrx_word' id='word_1_800' title='bbox 1224 5515 1441 5583; x_wconf 80' lang='lat' dir='ltr'><strong>reposui</strong></span> <span class='ocrx_word' id='word_1_801' title='bbox 1488 5530 1554 5571; x_wconf 76' lang='lat' dir='ltr'><strong>ex</strong></span> <span class='ocrx_word' id='word_1_802' title='bbox 1600 5531 1730 5572; x_wconf 82' lang='lat' dir='ltr'><strong>mss.</strong></span> <span class='ocrx_word' id='word_1_803' title='bbox 1754 5526 1815 5572; x_wconf 83' lang='lat' dir='ltr'><strong>et</strong></span> <span class='ocrx_word' id='word_1_804' title='bbox 1836 5516 2000 5572; x_wconf 81' lang='lat' dir='ltr'><strong>editis</strong></span> 
     </span>
    </p>
   </div>
   <div class='ocr_carea' id='block_1_103' title="bbox 444 5580 1995 5650">
    <p class='ocr_par' dir='ltr' id='par_1_103' title="bbox 444 5580 1995 5650">
     <span class='ocr_line' id='line_1_106' title="bbox 444 5580 1995 5650; baseline 0.003 -12"><span class='ocrx_word' id='word_1_805' title='bbox 444 5584 601 5650; x_wconf 86' lang='lat' dir='ltr'><strong>etul.,</strong></span> <span class='ocrx_word' id='word_1_806' title='bbox 648 5586 904 5649; x_wconf 86' lang='lat' dir='ltr'><strong>Tornes.,</strong></span> <span class='ocrx_word' id='word_1_807' title='bbox 935 5580 1176 5649; x_wconf 83' lang='lat' dir='ltr'><strong>Walch.,</strong></span> <span class='ocrx_word' id='word_1_808' title='bbox 1215 5580 1482 5643; x_wconf 67' lang='lat' dir='ltr'><strong>Sophron.</strong></span> <span class='ocrx_word' id='word_1_809' title='bbox 1512 5586 1631 5644; x_wconf 76' lang='lat' dir='ltr'><strong>Sint</strong></span> <span class='ocrx_word' id='word_1_810' title='bbox 1674 5597 1995 5647; x_wconf 71' lang='lat' dir='ltr'><strong>certatorum</strong></span> 
     </span>
    </p>
   </div>
   <div class='ocr_carea' id='block_1_104' title="bbox 402 5656 1024 5728">
    <p class='ocr_par' dir='ltr' id='par_1_104' title="bbox 402 5656 1024 5728">
     <span class='ocr_line' id='line_1_107' title="bbox 402 5656 1024 5728; baseline -0.002 -17"><span class='ocrx_word' id='word_1_811' title='bbox 402 5656 741 5728; x_wconf 84' lang='lat' dir='ltr'><strong>vulgatorum</strong></span> <span class='ocrx_word' id='word_1_812' title='bbox 771 5661 878 5711; x_wconf 88' lang='lat' dir='ltr'><strong>est.</strong></span> <span class='ocrx_word' id='word_1_813' title='bbox 1019 5674 1024 5678; x_wconf 92' lang='grc'><strong>·</strong></span> 
     </span>
    </p>
   </div>
   <div class='ocr_carea' id='block_1_105' title="bbox 2117 4402 3624 4478">
    <p class='ocr_par' dir='ltr' id='par_1_105' title="bbox 2117 4402 3624 4478">
     <span class='ocr_line' id='line_1_108' title="bbox 2117 4402 3624 4478; baseline -0.001 -20"><span class='ocrx_word' id='word_1_814' title='bbox 2117 4402 2267 4458; x_wconf 84' lang='lat' dir='ltr'><strong>Hanc</strong></span> <span class='ocrx_word' id='word_1_815' title='bbox 2294 4406 2580 4478; x_wconf 86' lang='lat' dir='ltr'><strong>lectionem</strong></span> <span class='ocrx_word' id='word_1_816' title='bbox 2606 4402 3241 4478; x_wconf 62' lang='lat' dir='ltr'><strong>reiineutqttamplurimi</strong></span> <span class='ocrx_word' id='word_1_817' title='bbox 3271 4402 3469 4465; x_wconf 46' lang='lat' dir='ltr'><strong>mss.&#39;et</strong></span> <span class='ocrx_word' id='word_1_818' title='bbox 3484 4404 3624 4463; x_wconf 80' lang='lat' dir='ltr'><strong>excusi:</strong></span> 
     </span>
    </p>
   </div>
   <div class='ocr_carea' id='block_1_106' title="bbox 2115 4476 3625 4547">
    <p class='ocr_par' dir='ltr' id='par_1_106' title="bbox 2115 4476 3625 4547">
     <span class='ocr_line' id='line_1_109' title="bbox 2115 4476 3625 4547; baseline 0 -17"><span class='ocrx_word' id='word_1_819' title='bbox 2115 4484 2168 4530; x_wconf 83' lang='lat' dir='ltr'><strong>et</strong></span> <span class='ocrx_word' id='word_1_820' title='bbox 2198 4476 2397 4547; x_wconf 80' lang='lat' dir='ltr'><strong>optima</strong></span> <span class='ocrx_word' id='word_1_821' title='bbox 2428 4486 2544 4547; x_wconf 88' lang='lat' dir='ltr'><strong>est,</strong></span> <span class='ocrx_word' id='word_1_822' title='bbox 2578 4478 2835 4547; x_wconf 85' lang='lat' dir='ltr'><strong>quidquid</strong></span> <span class='ocrx_word' id='word_1_823' title='bbox 2861 4480 3005 4534; x_wconf 83' lang='lat' dir='ltr'><strong>dicat</strong></span> <span class='ocrx_word' id='word_1_824' title='bbox 3026 4476 3388 4545; x_wconf 82' lang='lat' dir='ltr'><strong>Thomasius;</strong></span> <span class='ocrx_word' id='word_1_825' title='bbox 3416 4494 3518 4534; x_wconf 82' lang='lat' dir='ltr'><strong>nam</strong></span> <span class='ocrx_word' id='word_1_826' title='bbox 3553 4486 3625 4530; x_wconf 81' lang='lat' dir='ltr'><strong>rec-</strong></span> 
     </span>
    </p>
   </div>
   <div class='ocr_carea' id='block_1_107' title="bbox 2116 4545 3625 4621">
    <p class='ocr_par' dir='ltr' id='par_1_107' title="bbox 2116 4545 3625 4621">
     <span class='ocr_line' id='line_1_110' title="bbox 2116 4545 3625 4621; baseline 0.003 -22"><span class='ocrx_word' id='word_1_827' title='bbox 2116 4547 2323 4621; x_wconf 77' lang='lat' dir='ltr'><strong>tissime</strong></span> <span class='ocrx_word' id='word_1_828' title='bbox 2364 4545 2625 4621; x_wconf 62' lang='lat' dir='ltr'><strong>dicimus,</strong></span> <span class='ocrx_word' id='word_1_829' title='bbox 2650 4545 2768 4621; x_wconf 79' lang='lat' dir='ltr'><strong>rem</strong></span> <span class='ocrx_word' id='word_1_830' title='bbox 2813 4551 3044 4620; x_wconf 83' lang='lat' dir='ltr'><strong>aliquam</strong></span> <span class='ocrx_word' id='word_1_831' title='bbox 3076 4554 3358 4616; x_wconf 84' lang='lat' dir='ltr'><strong>abstineri,</strong></span> <span class='ocrx_word' id='word_1_832' title='bbox 3386 4551 3516 4621; x_wconf 82' lang='lat' dir='ltr'><strong>quasi</strong></span> <span class='ocrx_word' id='word_1_833' title='bbox 3546 4560 3625 4621; x_wconf 46' lang='lat' dir='ltr'><strong>pro;</strong></span> 
     </span>
    </p>
   </div>
   <div class='ocr_carea' id='block_1_108' title="bbox 2112 4617 3624 4693">
    <p class='ocr_par' dir='ltr' id='par_1_108' title="bbox 2112 4617 3624 4693">
     <span class='ocr_line' id='line_1_111' title="bbox 2112 4617 3624 4693; baseline 0 -22"><span class='ocrx_word' id='word_1_834' title='bbox 2112 4618 2196 4693; x_wconf 85' lang='lat' dir='ltr'><strong>cui</strong></span> <span class='ocrx_word' id='word_1_835' title='bbox 2228 4619 2400 4693; x_wconf 82' lang='lat' dir='ltr'><strong>teneri</strong></span> <span class='ocrx_word' id='word_1_836' title='bbox 2440 4633 2506 4693; x_wconf 80' lang='lat' dir='ltr'><strong>_ac</strong></span> <span class='ocrx_word' id='word_1_837' title='bbox 2549 4619 2840 4693; x_wconf 83' lang='lat' dir='ltr'><strong>prohiberi.</strong></span> <span class='ocrx_word' id='word_1_838' title='bbox 2862 4617 3022 4693; x_wconf 69' lang='lat' dir='ltr'><strong>Lact.</strong></span> <span class='ocrx_word' id='word_1_839' title='bbox 3058 4623 3150 4676; x_wconf 76' lang='lat' dir='ltr'><strong>lib.</strong></span> <span class='ocrx_word' id='word_1_840' title='bbox 3185 4639 3259 4679; x_wconf 77' lang='lat' dir='ltr'><strong>vn</strong></span> <span class='ocrx_word' id='word_1_841' title='bbox 3280 4665 3294 4685; x_wconf 91' lang='lat'><strong>,</strong></span> <span class='ocrx_word' id='word_1_842' title='bbox 3324 4617 3433 4693; x_wconf 81' lang='lat' dir='ltr'><strong>cap.</strong></span> <span class='ocrx_word' id='word_1_843' title='bbox 3462 4617 3624 4693; x_wconf 77' lang='lat' dir='ltr'><strong>l_&#39;l:ab-</strong></span> 
     </span>
    </p>
   </div>
   <div class='ocr_carea' id='block_1_109' title="bbox 2111 4688 3624 4760">
    <p class='ocr_par' dir='ltr' id='par_1_109' title="bbox 2111 4688 3624 4760">
     <span class='ocr_line' id='line_1_112' title="bbox 2111 4688 3624 4760; baseline 0.003 -18"><span class='ocrx_word' id='word_1_844' title='bbox 2111 4688 2342 4743; x_wconf 83' lang='lat' dir='ltr'><strong>stinehat</strong></span> <span class='ocrx_word' id='word_1_845' title='bbox 2368 4689 2600 4754; x_wconf 88' lang='lat' dir='ltr'><strong>imbres,</strong></span> <span class='ocrx_word' id='word_1_846' title='bbox 2630 4701 2737 4745; x_wconf 90' lang='lat' dir='ltr'><strong>etc.</strong></span> <span class='ocrx_word' id='word_1_847' title='bbox 2760 4691 2942 4747; x_wconf 82' lang='lat' dir='ltr'><strong>Livius</strong></span> <span class='ocrx_word' id='word_1_848' title='bbox 2968 4710 2980 4745; x_wconf 86' lang='lat'><strong>:</strong></span> <span class='ocrx_word' id='word_1_849' title='bbox 3007 4694 3253 4749; x_wconf 81' lang='lat' dir='ltr'><strong>Romano</strong></span> <span class='ocrx_word' id='word_1_850' title='bbox 3276 4688 3432 4760; x_wconf 80' lang='lat' dir='ltr'><strong>bello,</strong></span> <span class='ocrx_word' id='word_1_851' title='bbox 3458 4691 3624 4747; x_wconf 70' lang='lat' dir='ltr'><strong>Furtim</strong></span> 
     </span>
    </p>
   </div>
   <div class='ocr_carea' id='block_1_110' title="bbox 2114 4760 3625 4835">
    <p class='ocr_par' dir='ltr' id='par_1_110' title="bbox 2114 4760 3625 4835">
     <span class='ocr_line' id='line_1_113' title="bbox 2114 4760 3625 4835; baseline 0.003 -21"><span class='ocrx_word' id='word_1_852' title='bbox 2114 4760 2479 4835; x_wconf 52' lang='lat' dir='ltr'><strong>Alexandrum</strong></span> <span class='ocrx_word' id='word_1_853' title='bbox 2535 4775 2784 4831; x_wconf 82' lang='lat' dir='ltr'><strong>magnum</strong></span> <span class='ocrx_word' id='word_1_854' title='bbox 2823 4765 3119 4835; x_wconf 70' lang='lat' dir='ltr'><strong>abstinuit.</strong></span> <span class='ocrx_word' id='word_1_855' title='bbox 3171 4765 3296 4822; x_wconf 79' lang='lat' dir='ltr'><strong>Mss.</strong></span> <span class='ocrx_word' id='word_1_856' title='bbox 3354 4764 3452 4831; x_wconf 73' lang='grc'><strong>16,</strong></span> <span class='ocrx_word' id='word_1_857' title='bbox 3479 4768 3564 4835; x_wconf 53' lang='lat' dir='ltr'><strong>r66;</strong></span> <span class='ocrx_word' id='word_1_858' title='bbox 3593 4764 3625 4835; x_wconf 64' lang='grc' dir='ltr'><strong>ςι</strong></span> 
     </span>
    </p>
   </div>
   <div class='ocr_carea' id='block_1_111' title="bbox 2110 4828 3624 4906">
    <p class='ocr_par' dir='ltr' id='par_1_111' title="bbox 2110 4828 3624 4906">
     <span class='ocr_line' id='line_1_114' title="bbox 2110 4828 3624 4906; baseline 0.002 -20"><span class='ocrx_word' id='word_1_859' title='bbox 2110 4828 2239 4886; x_wconf 85' lang='lat' dir='ltr'><strong>editi</strong></span> <span class='ocrx_word' id='word_1_860' title='bbox 2264 4828 2926 4906; x_wconf 56' lang='lat' dir='ltr'><strong>octo_legunt,&#39;siquidem</strong></span> <span class='ocrx_word' id='word_1_861' title='bbox 2981 4836 3115 4890; x_wconf 90' lang='lat' dir='ltr'><strong>nihil</strong></span> <span class='ocrx_word' id='word_1_862' title='bbox 3166 4828 3624 4906; x_wconf 67' lang='lat' dir='ltr'><strong>fuerit,quo.a_bsli-_</strong></span> 
     </span>
    </p>
   </div>
   <div class='ocr_carea' id='block_1_112' title="bbox 2109 4902 3625 5028">
    <p class='ocr_par' dir='ltr' id='par_1_112' title="bbox 2109 4902 3625 5028">
     <span class='ocr_line' id='line_1_115' title="bbox 2109 4902 3625 4979; baseline 0.001 -23"><span class='ocrx_word' id='word_1_863' title='bbox 2109 4909 2337 4968; x_wconf 75' lang='lat' dir='ltr'><strong>nentur;</strong></span> <span class='ocrx_word' id='word_1_864' title='bbox 2382 4902 2515 4958; x_wconf 90' lang='lat' dir='ltr'><strong>Bon.</strong></span> <span class='ocrx_word' id='word_1_865' title='bbox 2561 4905 2826 4974; x_wconf 87' lang='lat' dir='ltr'><strong>siquidem</strong></span> <span class='ocrx_word' id='word_1_866' title='bbox 2876 4906 3056 4963; x_wconf 87' lang='lat' dir='ltr'><strong>nullus</strong></span> <span class='ocrx_word' id='word_1_867' title='bbox 3088 4909 3279 4975; x_wconf 85' lang='lat' dir='ltr'><strong>fuerit,</strong></span> <span class='ocrx_word' id='word_1_868' title='bbox 3310 4902 3625 4979; x_wconf 58' lang='lat' dir='ltr'><strong>qui&#39;abstiueil</strong></span> 
     </span>
     <span class='ocr_line' id='line_1_116' title="bbox 2109 4974 2622 5028; baseline 0 0"><span class='ocrx_word' id='word_1_869' title='bbox 2109 4974 2306 5028; x_wconf 87' lang='lat' dir='ltr'><strong>alieno.</strong></span> <span class='ocrx_word' id='word_1_870' title='bbox 2340 4975 2437 5028; x_wconf 83' lang='lat' dir='ltr'><strong>Ex.</strong></span> <span class='ocrx_word' id='word_1_871' title='bbox 2466 4975 2622 5028; x_wconf 71' lang='lat' dir='ltr'><strong>ls:co.</strong></span> 
     </span>
    </p>
   </div>
   <div class='ocr_carea' id='block_1_113' title="bbox 2107 4988 2622 5030">
    <p class='ocr_par' dir='ltr' id='par_1_113' title="bbox 2107 4988 2622 5030">
     <span class='ocr_line' id='line_1_117' title="bbox 2107 4988 2622 5030; baseline 0 -1"><span class='ocrx_word' id='word_1_872' title='bbox 2107 4988 2306 5030; x_wconf 84' lang='lat' dir='ltr'><strong>alieno.</strong></span> <span class='ocrx_word' id='word_1_873' title='bbox 2340 4988 2437 5028; x_wconf 67' lang='lat' dir='ltr'><strong>ISK.</strong></span> <span class='ocrx_word' id='word_1_874' title='bbox 2466 4988 2622 5029; x_wconf 65' lang='lat'><strong>18:00.</strong></span> 
     </span>
    </p>
   </div>
   <div class='ocr_carea' id='block_1_114' title="bbox 2115 5059 3621 5159">
    <p class='ocr_par' dir='ltr' id='par_1_114' title="bbox 2115 5059 3621 5159">
     <span class='ocr_line' id='line_1_118' title="bbox 2115 5059 3621 5159; baseline 0.001 -38"><span class='ocrx_word' id='word_1_875' title='bbox 2115 5135 2141 5159; x_wconf 42' lang='grc' dir='ltr'><em>η</em></span> <span class='ocrx_word' id='word_1_876' title='bbox 2180 5068 2254 5122; x_wconf 81' lang='lat' dir='ltr'><strong>Ac</strong></span> <span class='ocrx_word' id='word_1_877' title='bbox 2283 5075 2509 5159; x_wconf 71' lang='lat' dir='ltr'><strong>nepotes.</strong></span> <span class='ocrx_word' id='word_1_878' title='bbox 2544 5065 2601 5122; x_wconf 89' lang='lat' dir='ltr'><strong>Id</strong></span> <span class='ocrx_word' id='word_1_879' title='bbox 2640 5076 2724 5159; x_wconf 71' lang='lat' dir='ltr'><strong>est</strong></span> <span class='ocrx_word' id='word_1_880' title='bbox 2751 5110 2763 5133; x_wconf 91' lang='lat'><strong>,</strong></span> <span class='ocrx_word' id='word_1_881' title='bbox 2788 5076 3220 5152; x_wconf 70' lang='lat' dir='ltr'><strong>consumptores.</strong></span> <span class='ocrx_word' id='word_1_882' title='bbox 3245 5059 3621 5159; x_wconf 34' lang='lat' dir='ltr'><strong>liorat..Eped_.‘i.</strong></span> 
     </span>
    </p>
   </div>
   <div class='ocr_carea' id='block_1_115' title="bbox 2106 5139 3620 5209">
    <p class='ocr_par' dir='ltr' id='par_1_115' title="bbox 2106 5139 3620 5209">
     <span class='ocr_line' id='line_1_119' title="bbox 2106 5139 3620 5209; baseline -0.006 -14"><span class='ocrx_word' id='word_1_883' title='bbox 2106 5139 2328 5205; x_wconf 79' lang='grc' dir='ltr'><strong>ἄσωτοι,</strong></span> <span class='ocrx_word' id='word_1_884' title='bbox 2359 5141 2811 5209; x_wconf 72' lang='lat' dir='ltr'><strong>intemperantes,</strong></span> <span class='ocrx_word' id='word_1_885' title='bbox 2866 5152 2920 5196; x_wconf 91' lang='lat' dir='ltr'><strong>et</strong></span> <span class='ocrx_word' id='word_1_886' title='bbox 2971 5142 3276 5209; x_wconf 82' lang='lat' dir='ltr'><strong>patrimonii</strong></span> <span class='ocrx_word' id='word_1_887' title='bbox 3324 5139 3620 5209; x_wconf 74' lang='lat' dir='ltr'><strong>dissipatores.</strong></span> 
     </span>
    </p>
   </div>
   <div class='ocr_carea' id='block_1_116' title="bbox 2107 5207 3622 5280">
    <p class='ocr_par' dir='ltr' id='par_1_116' title="bbox 2107 5207 3622 5280">
     <span class='ocr_line' id='line_1_120' title="bbox 2107 5207 3622 5280; baseline -0.003 -16"><span class='ocrx_word' id='word_1_888' title='bbox 2107 5209 2164 5264; x_wconf 85' lang='lat' dir='ltr'><strong>In</strong></span> <span class='ocrx_word' id='word_1_889' title='bbox 2195 5222 2323 5263; x_wconf 90' lang='lat' dir='ltr'><strong>mss.</strong></span> <span class='ocrx_word' id='word_1_890' title='bbox 2364 5208 2389 5263; x_wconf 86' lang='grc'><strong>1</strong></span> <span class='ocrx_word' id='word_1_891' title='bbox 2427 5207 2585 5279; x_wconf 82' lang='lat' dir='ltr'><strong>Reg.,</strong></span> <span class='ocrx_word' id='word_1_892' title='bbox 2617 5210 2644 5264; x_wconf 87' lang='grc'><strong>1</strong></span> <span class='ocrx_word' id='word_1_893' title='bbox 2673 5207 2936 5274; x_wconf 85' lang='lat' dir='ltr'><strong>Colhert.,</strong></span> <span class='ocrx_word' id='word_1_894' title='bbox 2968 5207 3081 5267; x_wconf 87' lang='lat' dir='ltr'><strong>Pal.</strong></span> <span class='ocrx_word' id='word_1_895' title='bbox 3107 5223 3159 5267; x_wconf 88' lang='lat' dir='ltr'><strong>et</strong></span> <span class='ocrx_word' id='word_1_896' title='bbox 3191 5211 3354 5266; x_wconf 86' lang='lat' dir='ltr'><strong>Brnn.</strong></span> <span class='ocrx_word' id='word_1_897' title='bbox 3386 5210 3564 5280; x_wconf 80' lang='lat' dir='ltr'><strong>legitur,</strong></span> <span class='ocrx_word' id='word_1_898' title='bbox 3585 5215 3622 5254; x_wconf 73' lang='grc' dir='ltr'><strong>σε</strong></span> 
     </span>
    </p>
   </div>
   <div class='ocr_carea' id='block_1_117' title="bbox 2106 5276 3623 5354">
    <p class='ocr_par' dir='ltr' id='par_1_117' title="bbox 2106 5276 3623 5354">
     <span class='ocr_line' id='line_1_121' title="bbox 2106 5276 3623 5354; baseline -0.004 -22"><span class='ocrx_word' id='word_1_899' title='bbox 2106 5280 2289 5354; x_wconf 78' lang='lat' dir='ltr'><strong>perditi</strong></span> <span class='ocrx_word' id='word_1_900' title='bbox 2311 5323 2325 5347; x_wconf 93' lang='lat'><strong>,</strong></span> <span class='ocrx_word' id='word_1_901' title='bbox 2351 5280 2495 5351; x_wconf 86' lang='lat' dir='ltr'><strong>quod</strong></span> <span class='ocrx_word' id='word_1_902' title='bbox 2512 5276 2601 5354; x_wconf 76' lang='lat' dir='ltr'><strong>est</strong></span> <span class='ocrx_word' id='word_1_903' title='bbox 2610 5283 2995 5354; x_wconf 73' lang='lat' dir='ltr'><strong>interpretatio</strong></span> <span class='ocrx_word' id='word_1_904' title='bbox 3018 5282 3163 5337; x_wconf 78' lang='lat' dir='ltr'><strong>vocis</strong></span> <span class='ocrx_word' id='word_1_905' title='bbox 3188 5294 3407 5354; x_wconf 71' lang='lat' dir='ltr'><strong>nepotes.</strong></span> <span class='ocrx_word' id='word_1_906' title='bbox 3428 5276 3623 5354; x_wconf 62' lang='grc' dir='ltr'><strong>Στοιιπιε·</strong></span> 
     </span>
    </p>
   </div>
   <div class='ocr_carea' id='block_1_118' title="bbox 2104 5351 3622 5424">
    <p class='ocr_par' dir='ltr' id='par_1_118' title="bbox 2104 5351 3622 5424">
     <span class='ocr_line' id='line_1_122' title="bbox 2104 5351 3622 5424; baseline -0.003 -19"><span class='ocrx_word' id='word_1_907' title='bbox 2104 5351 2230 5424; x_wconf 79' lang='lat' dir='ltr'><strong>riosi</strong></span> <span class='ocrx_word' id='word_1_908' title='bbox 2250 5367 2308 5405; x_wconf 83' lang='lat' dir='ltr'><strong>ac</strong></span> <span class='ocrx_word' id='word_1_909' title='bbox 2325 5363 2547 5424; x_wconf 76' lang='lat' dir='ltr'><strong>nepotes.</strong></span> <span class='ocrx_word' id='word_1_910' title='bbox 2563 5351 2753 5424; x_wconf 79' lang='lat' dir='ltr'><strong>Cicero</strong></span> <span class='ocrx_word' id='word_1_911' title='bbox 2773 5351 2878 5421; x_wconf 80' lang='lat' dir='ltr'><strong>pro</strong></span> <span class='ocrx_word' id='word_1_912' title='bbox 2898 5356 3116 5421; x_wconf 76' lang='lat' dir='ltr'><strong>Quintio</strong></span> <span class='ocrx_word' id='word_1_913' title='bbox 3136 5351 3262 5424; x_wconf 70' lang='lat' dir='ltr'><strong>cap.</strong></span> <span class='ocrx_word' id='word_1_914' title='bbox 3284 5352 3349 5409; x_wconf 73' lang='lat'><strong>12</strong></span> <span class='ocrx_word' id='word_1_915' title='bbox 3374 5372 3412 5407; x_wconf 76' lang='grc' dir='ltr'><strong>ει</strong></span> <span class='ocrx_word' id='word_1_916' title='bbox 3433 5352 3622 5424; x_wconf 78' lang='lat' dir='ltr'><strong>Quistam</strong></span> 
     </span>
    </p>
   </div>
   <div class='ocr_carea' id='block_1_119' title="bbox 2143 5421 3623 5496">
    <p class='ocr_par' dir='ltr' id='par_1_119' title="bbox 2143 5421 3623 5496">
     <span class='ocr_line' id='line_1_123' title="bbox 2143 5421 3623 5496; baseline -0.002 -19"><span class='ocrx_word' id='word_1_917' title='bbox 2143 5423 2345 5496; x_wconf 84' lang='lat' dir='ltr'><strong>erditus</strong></span> <span class='ocrx_word' id='word_1_918' title='bbox 2378 5421 2440 5478; x_wconf 85' lang='lat' dir='ltr'><strong>ac</strong></span> <span class='ocrx_word' id='word_1_919' title='bbox 2472 5423 2718 5493; x_wconf 78' lang='lat' dir='ltr'><strong>profusus</strong></span> <span class='ocrx_word' id='word_1_920' title='bbox 2749 5439 2913 5496; x_wconf 66' lang='grc' dir='ltr'><strong>ηεροδ</strong></span> <span class='ocrx_word' id='word_1_921' title='bbox 2943 5442 3047 5481; x_wconf 92' lang='lat' dir='ltr'><strong>non</strong></span> <span class='ocrx_word' id='word_1_922' title='bbox 3068 5421 3230 5480; x_wconf 77' lang='lat' dir='ltr'><strong>adesa</strong></span> <span class='ocrx_word' id='word_1_923' title='bbox 3255 5422 3485 5496; x_wconf 89' lang='lat' dir='ltr'><strong>jam,sed</strong></span> <span class='ocrx_word' id='word_1_924' title='bbox 3507 5421 3623 5496; x_wconf 69' lang='lat' dir='ltr'><strong>abuttj</strong></span> 
     </span>
    </p>
   </div>
   <div class='ocr_carea' id='block_1_120' title="bbox 2142 5488 3623 5566">
    <p class='ocr_par' dir='ltr' id='par_1_120' title="bbox 2142 5488 3623 5566">
     <span class='ocr_line' id='line_1_124' title="bbox 2142 5488 3623 5566; baseline 0.001 -17"><span class='ocrx_word' id='word_1_925' title='bbox 2142 5495 2251 5566; x_wconf 82' lang='lat' dir='ltr'><strong>anti</strong></span> <span class='ocrx_word' id='word_1_926' title='bbox 2303 5488 2483 5551; x_wconf 79' lang='lat' dir='ltr'><strong>etiam</strong></span> <span class='ocrx_word' id='word_1_927' title='bbox 2508 5498 2731 5566; x_wconf 86' lang='lat' dir='ltr'><strong>pecunia</strong></span> <span class='ocrx_word' id='word_1_928' title='bbox 2778 5488 2855 5552; x_wconf 76' lang='lat' dir='ltr'><strong>sic</strong></span> <span class='ocrx_word' id='word_1_929' title='bbox 2894 5496 3187 5561; x_wconf 78' lang='lat' dir='ltr'><strong>dissolutus</strong></span> <span class='ocrx_word' id='word_1_930' title='bbox 3234 5488 3435 5566; x_wconf 74' lang='lat' dir='ltr'><strong>fuisset,</strong></span> <span class='ocrx_word' id='word_1_931' title='bbox 3480 5494 3527 5551; x_wconf 73' lang='lat' dir='ltr'><strong>ut</strong></span> <span class='ocrx_word' id='word_1_932' title='bbox 3558 5488 3623 5543; x_wconf 71' lang='lat' dir='ltr'><strong>lilii</strong></span> 
     </span>
    </p>
   </div>
   <div class='ocr_carea' id='block_1_121' title="bbox 2105 5563 2659 5623">
    <p class='ocr_par' dir='ltr' id='par_1_121' title="bbox 2105 5563 2659 5623">
     <span class='ocr_line' id='line_1_125' title="bbox 2105 5563 2659 5623; baseline -0.007 0"><span class='ocrx_word' id='word_1_933' title='bbox 2105 5563 2166 5623; x_wconf 86' lang='lat' dir='ltr'><strong>S.</strong></span> <span class='ocrx_word' id='word_1_934' title='bbox 2202 5565 2434 5622; x_wconf 83' lang='lat' dir='ltr'><strong>Naevius.</strong></span> <span class='ocrx_word' id='word_1_935' title='bbox 2476 5583 2494 5619; x_wconf 73' lang='grc' dir='ltr'><strong><em>ι</em></strong></span> <span class='ocrx_word' id='word_1_936' title='bbox 2511 5563 2659 5622; x_wconf 68' lang='grc' dir='ltr'><strong>Βυη.</strong></span> 
     </span>
    </p>
   </div>
   <div class='ocr_carea' id='block_1_122' title="bbox 2176 5660 3107 5732">
    <p class='ocr_par' dir='ltr' id='par_1_122' title="bbox 2176 5660 3107 5732">
     <span class='ocr_line' id='line_1_126' title="bbox 2176 5660 3107 5732; baseline 0 -13"><span class='ocrx_word' id='word_1_937' title='bbox 2176 5660 2380 5719; x_wconf 75' lang='lat' dir='ltr'><strong>Dicam.</strong></span> <span class='ocrx_word' id='word_1_938' title='bbox 2409 5662 2487 5721; x_wconf 81' lang='lat' dir='ltr'><strong>Ita</strong></span> <span class='ocrx_word' id='word_1_939' title='bbox 2506 5678 2646 5723; x_wconf 77' lang='lat' dir='ltr'><strong>mss.</strong></span> <span class='ocrx_word' id='word_1_940' title='bbox 2681 5667 2754 5723; x_wconf 79' lang='lat' dir='ltr'><strong>At</strong></span> <span class='ocrx_word' id='word_1_941' title='bbox 2777 5663 2909 5723; x_wconf 80' lang='lat' dir='ltr'><strong>editi</strong></span> <span class='ocrx_word' id='word_1_942' title='bbox 2928 5705 2942 5732; x_wconf 88' lang='lat'><strong>,</strong></span> <span class='ocrx_word' id='word_1_943' title='bbox 2974 5664 3107 5721; x_wconf 70' lang='lat' dir='ltr'><strong>dico.</strong></span> 
     </span>
    </p>
   </div>
  </div>
