  <div class='ocr_page' id='page_1' title='image "/cluster/home/n/w/nwhite01/storage/ocr_20150623/6/uva.x000669814/221.png"; bbox 0 0 3770 6264; ppageno 0'>
   <div class='ocr_carea' id='block_1_1' title="bbox 493 270 604 327">
    <p class='ocr_par' dir='ltr' id='par_1_1' title="bbox 493 270 604 327">
     <span class='ocr_line' id='line_1_1' title="bbox 493 270 604 327; baseline 0 0"><span class='ocrx_word' id='word_1_1' title='bbox 493 270 604 327; x_wconf 65' lang='grc'><strong>425</strong></span> 
     </span>
    </p>
   </div>
   <div class='ocr_carea' id='block_1_2' title="bbox 1604 273 2719 340">
    <p class='ocr_par' dir='ltr' id='par_1_2' title="bbox 1604 273 2719 340">
     <span class='ocr_line' id='line_1_2' title="bbox 1604 273 2719 340; baseline 0.007 -10"><span class='ocrx_word' id='word_1_2' title='bbox 1604 274 1793 331; x_wconf 77' lang='lat' dir='ltr'><strong>FIRM.</strong></span> <span class='ocrx_word' id='word_1_3' title='bbox 1823 273 2192 336; x_wconf 83' lang='lat' dir='ltr'><strong>LACTANTII</strong></span> <span class='ocrx_word' id='word_1_4' title='bbox 2233 278 2438 337; x_wconf 80' lang='lat' dir='ltr'><strong>DIVIN.</strong></span> <span class='ocrx_word' id='word_1_5' title='bbox 2476 274 2719 340; x_wconf 70' lang='lat' dir='ltr'><strong>INSTIT.</strong></span> 
     </span>
    </p>
   </div>
   <div class='ocr_carea' id='block_1_3' title="bbox 3612 312 3666 370">
    <p class='ocr_par' dir='ltr' id='par_1_3' title="bbox 3612 312 3666 370">
     <span class='ocr_line' id='line_1_3' title="bbox 3612 312 3666 370; baseline 0.111 -6"><span class='ocrx_word' id='word_1_6' title='bbox 3612 312 3666 370; x_wconf 68' lang='lat' dir='ltr'><strong>ill</strong></span> 
     </span>
    </p>
   </div>
   <div class='ocr_carea' id='block_1_4' title="bbox 495 387 3667 494">
    <p class='ocr_par' dir='ltr' id='par_1_4' title="bbox 495 387 3667 494">
     <span class='ocr_line' id='line_1_4' title="bbox 495 387 3667 494; baseline 0.01 -51"><span class='ocrx_word' id='word_1_7' title='bbox 495 389 768 494; x_wconf 61' lang='lat' dir='ltr'><strong>Tnditani;</strong></span> <span class='ocrx_word' id='word_1_8' title='bbox 790 403 983 461; x_wconf 78' lang='lat' dir='ltr'><strong>sparge</strong></span> <span class='ocrx_word' id='word_1_9' title='bbox 998 387 1196 494; x_wconf 84' lang='lat' dir='ltr'><strong>populo</strong></span> <span class='ocrx_word' id='word_1_10' title='bbox 1212 387 1535 494; x_wconf 72' lang='lat' dir='ltr'><strong>diripienda.</strong></span> <span class='ocrx_word' id='word_1_11' title='bbox 1557 388 1718 494; x_wconf 76' lang='lat' dir='ltr'><strong>Potes</strong></span> <span class='ocrx_word' id='word_1_12' title='bbox 1732 402 1785 447; x_wconf 91' lang='lat' dir='ltr'><strong>et</strong></span> <span class='ocrx_word' id='word_1_13' title='bbox 1807 393 2086 494; x_wconf 82' lang='lat' dir='ltr'><strong>pecuniam</strong></span> <span class='ocrx_word' id='word_1_14' title='bbox 2113 401 2168 458; x_wconf 85' lang='grc' dir='ltr'><strong>Α</strong></span> <span class='ocrx_word' id='word_1_15' title='bbox 2193 396 2479 452; x_wconf 82' lang='lat' dir='ltr'><strong>serationis</strong></span> <span class='ocrx_word' id='word_1_16' title='bbox 2508 396 2753 452; x_wconf 73' lang='lat' dir='ltr'><strong>allectum</strong></span> <span class='ocrx_word' id='word_1_17' title='bbox 2778 438 2794 464; x_wconf 97' lang='lat'><strong>,</strong></span> <span class='ocrx_word' id='word_1_18' title='bbox 2837 399 2927 469; x_wconf 86' lang='lat' dir='ltr'><strong>qui</strong></span> <span class='ocrx_word' id='word_1_19' title='bbox 2982 394 3137 467; x_wconf 83' lang='lat' dir='ltr'><strong>plane</strong></span> <span class='ocrx_word' id='word_1_20' title='bbox 3183 413 3395 461; x_wconf 92' lang='lat' dir='ltr'><strong>vocatur</strong></span> <span class='ocrx_word' id='word_1_21' title='bbox 3441 408 3667 494; x_wconf 66' lang='lat' dir='ltr'><strong>humanius,</strong></span> 
     </span>
    </p>
   </div>
   <div class='ocr_carea' id='block_1_5' title="bbox 496 480 2094 553">
    <p class='ocr_par' dir='ltr' id='par_1_5' title="bbox 496 480 2094 553">
     <span class='ocr_line' id='line_1_5' title="bbox 496 480 2094 553; baseline 0.001 -15"><span class='ocrx_word' id='word_1_22' title='bbox 496 482 754 553; x_wconf 77' lang='lat' dir='ltr'><strong>effugere,</strong></span> <span class='ocrx_word' id='word_1_23' title='bbox 781 491 834 535; x_wconf 91' lang='lat' dir='ltr'><strong>et</strong></span> <span class='ocrx_word' id='word_1_24' title='bbox 866 492 1044 535; x_wconf 92' lang='lat' dir='ltr'><strong>tamen</strong></span> <span class='ocrx_word' id='word_1_25' title='bbox 1072 480 1213 535; x_wconf 91' lang='lat' dir='ltr'><strong>bene</strong></span> <span class='ocrx_word' id='word_1_26' title='bbox 1250 480 1550 548; x_wconf 86' lang='lat' dir='ltr'><strong>collocare;</strong></span> <span class='ocrx_word' id='word_1_27' title='bbox 1595 483 1717 553; x_wconf 82' lang='lat' dir='ltr'><strong>quia</strong></span> <span class='ocrx_word' id='word_1_28' title='bbox 1762 484 1971 539; x_wconf 89' lang='lat' dir='ltr'><strong>salvum</strong></span> <span class='ocrx_word' id='word_1_29' title='bbox 2009 493 2094 540; x_wconf 82' lang='lat' dir='ltr'><strong>est</strong></span> 
     </span>
    </p>
   </div>
   <div class='ocr_carea' id='block_1_6' title="bbox 496 570 1277 645">
    <p class='ocr_par' dir='ltr' id='par_1_6' title="bbox 496 570 1277 645">
     <span class='ocr_line' id='line_1_6' title="bbox 496 570 1277 645; baseline -0.001 -17"><span class='ocrx_word' id='word_1_30' title='bbox 496 572 751 645; x_wconf 88' lang='lat' dir='ltr'><strong>quidquid</strong></span> <span class='ocrx_word' id='word_1_31' title='bbox 781 570 1024 641; x_wconf 83' lang='lat' dir='ltr'><strong>pluribus</strong></span> <span class='ocrx_word' id='word_1_32' title='bbox 1055 570 1277 642; x_wconf 84' lang='lat' dir='ltr'><strong>profuit.</strong></span> 
     </span>
    </p>
   </div>
   <div class='ocr_carea' id='block_1_7' title="bbox 566 662 2090 737">
    <p class='ocr_par' dir='ltr' id='par_1_7' title="bbox 566 662 2090 737">
     <span class='ocr_line' id='line_1_7' title="bbox 566 662 2090 737; baseline 0.004 -19"><span class='ocrx_word' id='word_1_33' title='bbox 566 662 801 718; x_wconf 86' lang='lat' dir='ltr'><strong>Zenonis</strong></span> <span class='ocrx_word' id='word_1_34' title='bbox 848 671 1028 718; x_wconf 84' lang='lat' dir='ltr'><strong>autem</strong></span> <span class='ocrx_word' id='word_1_35' title='bbox 1076 664 1229 735; x_wconf 90' lang='lat' dir='ltr'><strong>paria</strong></span> <span class='ocrx_word' id='word_1_36' title='bbox 1278 673 1495 734; x_wconf 89' lang='lat' dir='ltr'><strong>peccata</strong></span> <span class='ocrx_word' id='word_1_37' title='bbox 1544 667 1664 737; x_wconf 82' lang='lat' dir='ltr'><strong>quis</strong></span> <span class='ocrx_word' id='word_1_38' title='bbox 1709 667 1937 737; x_wconf 87' lang='lat' dir='ltr'><strong>probat?</strong></span> <span class='ocrx_word' id='word_1_39' title='bbox 1983 667 2090 724; x_wconf 89' lang='lat' dir='ltr'><strong>Sed</strong></span> 
     </span>
    </p>
   </div>
   <div class='ocr_carea' id='block_1_8' title="bbox 491 754 2084 829">
    <p class='ocr_par' dir='ltr' id='par_1_8' title="bbox 491 754 2084 829">
     <span class='ocr_line' id='line_1_8' title="bbox 491 754 2084 829; baseline 0.003 -18"><span class='ocrx_word' id='word_1_40' title='bbox 491 755 800 811; x_wconf 86' lang='lat' dir='ltr'><strong>omittamus</strong></span> <span class='ocrx_word' id='word_1_41' title='bbox 827 754 902 821; x_wconf 92' lang='lat' dir='ltr'><strong>id,</strong></span> <span class='ocrx_word' id='word_1_42' title='bbox 930 754 1075 825; x_wconf 90' lang='lat' dir='ltr'><strong>quod</strong></span> <span class='ocrx_word' id='word_1_43' title='bbox 1101 765 1185 811; x_wconf 91' lang='lat' dir='ltr'><strong>est</strong></span> <span class='ocrx_word' id='word_1_44' title='bbox 1222 757 1290 811; x_wconf 90' lang='lat' dir='ltr'><strong>ah</strong></span> <span class='ocrx_word' id='word_1_45' title='bbox 1317 758 1567 814; x_wconf 90' lang='lat' dir='ltr'><strong>omnibus</strong></span> <span class='ocrx_word' id='word_1_46' title='bbox 1596 775 1812 829; x_wconf 89' lang='lat' dir='ltr'><strong>semper</strong></span> <span class='ocrx_word' id='word_1_47' title='bbox 1846 761 2084 817; x_wconf 88' lang='lat' dir='ltr'><strong>irrisum.</strong></span> 
     </span>
    </p>
   </div>
   <div class='ocr_carea' id='block_1_9' title="bbox 489 846 2087 919">
    <p class='ocr_par' dir='ltr' id='par_1_9' title="bbox 489 846 2087 919">
     <span class='ocr_line' id='line_1_9' title="bbox 489 846 2087 919; baseline 0.003 -16"><span class='ocrx_word' id='word_1_48' title='bbox 489 847 630 903; x_wconf 90' lang='lat' dir='ltr'><strong>lllud</strong></span> <span class='ocrx_word' id='word_1_49' title='bbox 660 848 793 903; x_wconf 87' lang='lat' dir='ltr'><strong>satis</strong></span> <span class='ocrx_word' id='word_1_50' title='bbox 816 856 901 902; x_wconf 92' lang='lat' dir='ltr'><strong>est</strong></span> <span class='ocrx_word' id='word_1_51' title='bbox 927 846 997 903; x_wconf 91' lang='lat' dir='ltr'><strong>ad</strong></span> <span class='ocrx_word' id='word_1_52' title='bbox 1025 849 1423 919; x_wconf 88' lang='lat' dir='ltr'><strong>coarguendum</strong></span> <span class='ocrx_word' id='word_1_53' title='bbox 1456 849 1643 906; x_wconf 90' lang='lat' dir='ltr'><strong>furiosi</strong></span> <span class='ocrx_word' id='word_1_54' title='bbox 1674 851 1909 908; x_wconf 87' lang='lat' dir='ltr'><strong>hominis</strong></span> <span class='ocrx_word' id='word_1_55' title='bbox 1931 869 2087 909; x_wconf 85' lang='lat' dir='ltr'><strong>erro-</strong></span> 
     </span>
    </p>
   </div>
   <div class='ocr_carea' id='block_1_10' title="bbox 489 942 2085 1018">
    <p class='ocr_par' dir='ltr' id='par_1_10' title="bbox 489 942 2085 1018">
     <span class='ocr_line' id='line_1_10' title="bbox 489 942 2085 1018; baseline 0.003 -18"><span class='ocrx_word' id='word_1_56' title='bbox 489 961 630 1011; x_wconf 85' lang='lat' dir='ltr'><strong>rem,</strong></span> <span class='ocrx_word' id='word_1_57' title='bbox 661 942 804 1015; x_wconf 90' lang='lat' dir='ltr'><strong>quod</strong></span> <span class='ocrx_word' id='word_1_58' title='bbox 826 944 967 999; x_wconf 93' lang='lat' dir='ltr'><strong>inter</strong></span> <span class='ocrx_word' id='word_1_59' title='bbox 989 944 1116 998; x_wconf 86' lang='lat' dir='ltr'><strong>vilia</strong></span> <span class='ocrx_word' id='word_1_60' title='bbox 1139 953 1194 999; x_wconf 90' lang='lat' dir='ltr'><strong>et</strong></span> <span class='ocrx_word' id='word_1_61' title='bbox 1218 945 1438 1001; x_wconf 85' lang='lat' dir='ltr'><strong>morbos</strong></span> <span class='ocrx_word' id='word_1_62' title='bbox 1461 946 1887 1002; x_wconf 84' lang='lat' dir='ltr'><strong>misericordiam</strong></span> <span class='ocrx_word' id='word_1_63' title='bbox 1915 948 2085 1018; x_wconf 90' lang='lat' dir='ltr'><strong>ponit.</strong></span> 
     </span>
    </p>
   </div>
   <div class='ocr_carea' id='block_1_11' title="bbox 487 1037 2086 1111">
    <p class='ocr_par' dir='ltr' id='par_1_11' title="bbox 487 1037 2086 1111">
     <span class='ocr_line' id='line_1_11' title="bbox 487 1037 2086 1111; baseline 0.001 -16"><span class='ocrx_word' id='word_1_64' title='bbox 487 1039 690 1096; x_wconf 83' lang='lat' dir='ltr'><strong>Adimit</strong></span> <span class='ocrx_word' id='word_1_65' title='bbox 717 1039 873 1094; x_wconf 90' lang='lat' dir='ltr'><strong>nobis</strong></span> <span class='ocrx_word' id='word_1_66' title='bbox 900 1037 1175 1103; x_wconf 71' lang='lat' dir='ltr'><strong>allectum,</strong></span> <span class='ocrx_word' id='word_1_67' title='bbox 1206 1053 1314 1108; x_wconf 91' lang='lat' dir='ltr'><strong>quo</strong></span> <span class='ocrx_word' id='word_1_68' title='bbox 1344 1040 1481 1094; x_wconf 90' lang='lat' dir='ltr'><strong>ratio</strong></span> <span class='ocrx_word' id='word_1_69' title='bbox 1514 1039 1761 1095; x_wconf 69' lang='lat' dir='ltr'><strong>humana:</strong></span> <span class='ocrx_word' id='word_1_70' title='bbox 1791 1042 1914 1096; x_wconf 70' lang='lat' dir='ltr'><strong>vita:</strong></span> <span class='ocrx_word' id='word_1_71' title='bbox 1945 1056 2086 1111; x_wconf 92' lang='lat' dir='ltr'><strong>pene</strong></span> 
     </span>
    </p>
   </div>
   <div class='ocr_carea' id='block_1_12' title="bbox 487 1133 2085 1193">
    <p class='ocr_par' dir='ltr' id='par_1_12' title="bbox 487 1133 2085 1193">
     <span class='ocr_line' id='line_1_12' title="bbox 487 1133 2085 1193; baseline 0.002 -3"><span class='ocrx_word' id='word_1_72' title='bbox 487 1135 664 1190; x_wconf 90' lang='lat' dir='ltr'><strong>omnis</strong></span> <span class='ocrx_word' id='word_1_73' title='bbox 689 1134 1017 1191; x_wconf 70' lang='lat' dir='ltr'><strong>continetur.</strong></span> <span class='ocrx_word' id='word_1_74' title='bbox 1046 1133 1183 1191; x_wconf 87' lang='lat' dir='ltr'><strong>Cum</strong></span> <span class='ocrx_word' id='word_1_75' title='bbox 1223 1136 1366 1190; x_wconf 92' lang='lat' dir='ltr'><strong>enim</strong></span> <span class='ocrx_word' id='word_1_76' title='bbox 1408 1147 1596 1191; x_wconf 91' lang='lat' dir='ltr'><strong>natura</strong></span> <span class='ocrx_word' id='word_1_77' title='bbox 1640 1137 1875 1192; x_wconf 85' lang='lat' dir='ltr'><strong>hominis</strong></span> <span class='ocrx_word' id='word_1_78' title='bbox 1914 1137 2085 1193; x_wconf 87' lang='lat' dir='ltr'><strong>imbe—</strong></span> 
     </span>
    </p>
   </div>
   <div class='ocr_carea' id='block_1_13' title="bbox 486 1227 2082 1300">
    <p class='ocr_par' dir='ltr' id='par_1_13' title="bbox 486 1227 2082 1300">
     <span class='ocr_line' id='line_1_13' title="bbox 486 1227 2082 1300; baseline 0.003 -18"><span class='ocrx_word' id='word_1_79' title='bbox 486 1227 666 1283; x_wconf 93' lang='lat' dir='ltr'><strong>cillior</strong></span> <span class='ocrx_word' id='word_1_80' title='bbox 694 1229 764 1282; x_wconf 89' lang='lat' dir='ltr'><strong>sit</strong></span> <span class='ocrx_word' id='word_1_81' title='bbox 814 1242 973 1297; x_wconf 91' lang='lat' dir='ltr'><strong>quam</strong></span> <span class='ocrx_word' id='word_1_82' title='bbox 1002 1238 1323 1284; x_wconf 74' lang='lat' dir='ltr'><strong>cmterorum</strong></span> <span class='ocrx_word' id='word_1_83' title='bbox 1349 1229 1681 1296; x_wconf 87' lang='lat' dir='ltr'><strong>animalium,</strong></span> <span class='ocrx_word' id='word_1_84' title='bbox 1731 1246 1849 1300; x_wconf 63' lang='lat' dir='ltr'><strong>quae</strong></span> <span class='ocrx_word' id='word_1_85' title='bbox 1894 1231 1977 1286; x_wconf 86' lang='lat' dir='ltr'><strong>vel</strong></span> <span class='ocrx_word' id='word_1_86' title='bbox 2015 1232 2082 1286; x_wconf 90' lang='lat' dir='ltr'><strong>ad</strong></span> 
     </span>
    </p>
   </div>
   <div class='ocr_carea' id='block_1_14' title="bbox 488 1320 2081 1393">
    <p class='ocr_par' dir='ltr' id='par_1_14' title="bbox 488 1320 2081 1393">
     <span class='ocr_line' id='line_1_14' title="bbox 488 1320 2081 1393; baseline 0.003 -17"><span class='ocrx_word' id='word_1_87' title='bbox 488 1320 866 1392; x_wconf 85' lang='lat' dir='ltr'><strong>perferendam</strong></span> <span class='ocrx_word' id='word_1_88' title='bbox 908 1321 1016 1377; x_wconf 86' lang='lat' dir='ltr'><strong>vim</strong></span> <span class='ocrx_word' id='word_1_89' title='bbox 1050 1330 1387 1393; x_wconf 87' lang='lat' dir='ltr'><strong>temporum,</strong></span> <span class='ocrx_word' id='word_1_90' title='bbox 1436 1324 1518 1379; x_wconf 91' lang='lat' dir='ltr'><strong>vel</strong></span> <span class='ocrx_word' id='word_1_91' title='bbox 1565 1324 1632 1379; x_wconf 90' lang='lat' dir='ltr'><strong>ad</strong></span> <span class='ocrx_word' id='word_1_92' title='bbox 1679 1324 2011 1379; x_wconf 86' lang='lat' dir='ltr'><strong>incursiones</strong></span> <span class='ocrx_word' id='word_1_93' title='bbox 2050 1340 2081 1380; x_wconf 89' lang='lat' dir='ltr'><strong>a</strong></span> 
     </span>
    </p>
   </div>
   <div class='ocr_carea' id='block_1_15' title="bbox 484 1414 2081 1485">
    <p class='ocr_par' dir='ltr' id='par_1_15' title="bbox 484 1414 2081 1485">
     <span class='ocr_line' id='line_1_15' title="bbox 484 1414 2081 1485; baseline 0.001 -16"><span class='ocrx_word' id='word_1_94' title='bbox 484 1414 598 1469; x_wconf 90' lang='lat' dir='ltr'><strong>suis</strong></span> <span class='ocrx_word' id='word_1_95' title='bbox 636 1414 957 1485; x_wconf 85' lang='lat' dir='ltr'><strong>corporibus</strong></span> <span class='ocrx_word' id='word_1_96' title='bbox 1004 1416 1305 1483; x_wconf 89' lang='lat' dir='ltr'><strong>arcendas,</strong></span> <span class='ocrx_word' id='word_1_97' title='bbox 1356 1417 1691 1472; x_wconf 84' lang='lat' dir='ltr'><strong>naturalibus</strong></span> <span class='ocrx_word' id='word_1_98' title='bbox 1736 1417 2081 1472; x_wconf 91' lang='lat' dir='ltr'><strong>munimentis</strong></span> 
     </span>
    </p>
   </div>
   <div class='ocr_carea' id='block_1_16' title="bbox 485 1508 2080 1582">
    <p class='ocr_par' dir='ltr' id='par_1_16' title="bbox 485 1508 2080 1582">
     <span class='ocr_line' id='line_1_16' title="bbox 485 1508 2080 1582; baseline 0.003 -19"><span class='ocrx_word' id='word_1_99' title='bbox 485 1508 822 1578; x_wconf 83' lang='lat' dir='ltr'><strong>providentia</strong></span> <span class='ocrx_word' id='word_1_100' title='bbox 851 1510 1091 1566; x_wconf 71' lang='lat' dir='ltr'><strong>caelestis</strong></span> <span class='ocrx_word' id='word_1_101' title='bbox 1118 1514 1347 1567; x_wconf 88' lang='lat' dir='ltr'><strong>armavit</strong></span> <span class='ocrx_word' id='word_1_102' title='bbox 1373 1527 1389 1566; x_wconf 88' lang='lat'><strong>:</strong></span> <span class='ocrx_word' id='word_1_103' title='bbox 1414 1512 1617 1568; x_wconf 86' lang='lat' dir='ltr'><strong>homini</strong></span> <span class='ocrx_word' id='word_1_104' title='bbox 1644 1524 1820 1567; x_wconf 91' lang='lat' dir='ltr'><strong>autem</strong></span> <span class='ocrx_word' id='word_1_105' title='bbox 1850 1512 1971 1582; x_wconf 87' lang='lat' dir='ltr'><strong>quia</strong></span> <span class='ocrx_word' id='word_1_106' title='bbox 1994 1512 2080 1567; x_wconf 91' lang='lat' dir='ltr'><strong>ni-</strong></span> 
     </span>
    </p>
   </div>
   <div class='ocr_carea' id='block_1_17' title="bbox 415 1603 2075 1678">
    <p class='ocr_par' dir='ltr' id='par_1_17' title="bbox 415 1603 2075 1678">
     <span class='ocr_line' id='line_1_17' title="bbox 415 1603 2075 1678; baseline 0.002 -21"><span class='ocrx_word' id='word_1_107' title='bbox 415 1618 436 1636; x_wconf 67' lang='grc' dir='ltr'><strong>ι</strong></span> <span class='ocrx_word' id='word_1_108' title='bbox 484 1603 561 1659; x_wconf 93' lang='lat' dir='ltr'><strong>hil</strong></span> <span class='ocrx_word' id='word_1_109' title='bbox 589 1605 813 1661; x_wconf 90' lang='lat' dir='ltr'><strong>istorum</strong></span> <span class='ocrx_word' id='word_1_110' title='bbox 842 1603 1027 1661; x_wconf 89' lang='lat' dir='ltr'><strong>datum</strong></span> <span class='ocrx_word' id='word_1_111' title='bbox 1054 1613 1160 1674; x_wconf 89' lang='lat' dir='ltr'><strong>est,</strong></span> <span class='ocrx_word' id='word_1_112' title='bbox 1192 1607 1400 1678; x_wconf 88' lang='lat' dir='ltr'><strong>accepit</strong></span> <span class='ocrx_word' id='word_1_113' title='bbox 1430 1622 1525 1677; x_wconf 91' lang='lat' dir='ltr'><strong>pro</strong></span> <span class='ocrx_word' id='word_1_114' title='bbox 1552 1607 1670 1663; x_wconf 90' lang='lat' dir='ltr'><strong>istis</strong></span> <span class='ocrx_word' id='word_1_115' title='bbox 1699 1607 1951 1664; x_wconf 89' lang='lat' dir='ltr'><strong>omnibus</strong></span> <span class='ocrx_word' id='word_1_116' title='bbox 1979 1607 2075 1661; x_wconf 91' lang='lat' dir='ltr'><strong>mi-</strong></span> 
     </span>
    </p>
   </div>
   <div class='ocr_carea' id='block_1_18' title="bbox 2200 491 3667 574">
    <p class='ocr_par' dir='ltr' id='par_1_18' title="bbox 2200 491 3667 574">
     <span class='ocr_line' id='line_1_18' title="bbox 2200 491 3667 574; baseline 0.016 -31"><span class='ocrx_word' id='word_1_117' title='bbox 2200 504 2304 560; x_wconf 89' lang='lat' dir='ltr'><strong>qua</strong></span> <span class='ocrx_word' id='word_1_118' title='bbox 2330 502 2542 545; x_wconf 91' lang='lat' dir='ltr'><strong>nosmet</strong></span> <span class='ocrx_word' id='word_1_119' title='bbox 2570 491 2800 547; x_wconf 79' lang='lat' dir='ltr'><strong>invicem</strong></span> <span class='ocrx_word' id='word_1_120' title='bbox 2831 502 3126 547; x_wconf 89' lang='lat' dir='ltr'><strong>tueremur.</strong></span> <span class='ocrx_word' id='word_1_121' title='bbox 3154 493 3286 550; x_wconf 87' lang='lat' dir='ltr'><strong>Nam</strong></span> <span class='ocrx_word' id='word_1_122' title='bbox 3312 498 3354 551; x_wconf 89' lang='lat' dir='ltr'><strong>si</strong></span> <span class='ocrx_word' id='word_1_123' title='bbox 3381 499 3519 558; x_wconf 92' lang='lat' dir='ltr'><strong>homo</strong></span> <span class='ocrx_word' id='word_1_124' title='bbox 3534 510 3581 564; x_wconf 88' lang='lat' dir='ltr'><strong>ad</strong></span> <span class='ocrx_word' id='word_1_125' title='bbox 3596 491 3667 574; x_wconf 72' lang='lat' dir='ltr'><strong>con.</strong></span> 
     </span>
    </p>
   </div>
   <div class='ocr_carea' id='block_1_19' title="bbox 2200 582 3666 666">
    <p class='ocr_par' dir='ltr' id='par_1_19' title="bbox 2200 582 3666 666">
     <span class='ocr_line' id='line_1_19' title="bbox 2200 582 3666 666; baseline 0.015 -32"><span class='ocrx_word' id='word_1_126' title='bbox 2200 590 2437 650; x_wconf 91' lang='lat' dir='ltr'><strong>spectum</strong></span> <span class='ocrx_word' id='word_1_127' title='bbox 2490 582 2712 638; x_wconf 80' lang='lat' dir='ltr'><strong>alterius</strong></span> <span class='ocrx_word' id='word_1_128' title='bbox 2768 582 3002 638; x_wconf 92' lang='lat' dir='ltr'><strong>hominis</strong></span> <span class='ocrx_word' id='word_1_129' title='bbox 3048 583 3372 655; x_wconf 84' lang='lat' dir='ltr'><strong>ell‘eraretur,</strong></span> <span class='ocrx_word' id='word_1_130' title='bbox 3414 598 3531 664; x_wconf 89' lang='lat' dir='ltr'><strong>quod</strong></span> <span class='ocrx_word' id='word_1_131' title='bbox 3563 601 3666 666; x_wconf 69' lang='lat' dir='ltr'><strong>facere</strong></span> 
     </span>
    </p>
   </div>
   <div class='ocr_carea' id='block_1_20' title="bbox 2198 673 3664 757">
    <p class='ocr_par' dir='ltr' id='par_1_20' title="bbox 2198 673 3664 757">
     <span class='ocr_line' id='line_1_20' title="bbox 2198 673 3664 757; baseline 0.016 -29"><span class='ocrx_word' id='word_1_132' title='bbox 2198 673 2442 729; x_wconf 91' lang='lat' dir='ltr'><strong>videmus</strong></span> <span class='ocrx_word' id='word_1_133' title='bbox 2466 675 2766 731; x_wconf 88' lang='lat' dir='ltr'><strong>animantes</strong></span> <span class='ocrx_word' id='word_1_134' title='bbox 2795 690 3022 746; x_wconf 91' lang='lat' dir='ltr'><strong>quarum</strong></span> <span class='ocrx_word' id='word_1_135' title='bbox 3051 688 3238 732; x_wconf 89' lang='lat' dir='ltr'><strong>natura</strong></span> <span class='ocrx_word' id='word_1_136' title='bbox 3259 679 3471 754; x_wconf 78' lang='lat' dir='ltr'><strong>solivaga</strong></span> <span class='ocrx_word' id='word_1_137' title='bbox 3488 700 3566 757; x_wconf 82' lang='lat' dir='ltr'><strong>est,</strong></span> <span class='ocrx_word' id='word_1_138' title='bbox 3582 699 3664 757; x_wconf 66' lang='lat' dir='ltr'><strong>nulla</strong></span> 
     </span>
    </p>
   </div>
   <div class='ocr_carea' id='block_1_21' title="bbox 2198 768 3664 850">
    <p class='ocr_par' dir='ltr' id='par_1_21' title="bbox 2198 768 3664 850">
     <span class='ocr_line' id='line_1_21' title="bbox 2198 768 3664 850; baseline 0.013 -27"><span class='ocrx_word' id='word_1_139' title='bbox 2198 778 2342 824; x_wconf 88' lang='lat' dir='ltr'><strong>esset</strong></span> <span class='ocrx_word' id='word_1_140' title='bbox 2372 768 2648 825; x_wconf 92' lang='lat' dir='ltr'><strong>hominum</strong></span> <span class='ocrx_word' id='word_1_141' title='bbox 2675 771 2923 833; x_wconf 87' lang='lat' dir='ltr'><strong>societas.</strong></span> <span class='ocrx_word' id='word_1_142' title='bbox 2963 771 3104 825; x_wconf 89' lang='lat' dir='ltr'><strong>nulla</strong></span> <span class='ocrx_word' id='word_1_143' title='bbox 3131 771 3339 829; x_wconf 88' lang='lat' dir='ltr'><strong>urbium</strong></span> <span class='ocrx_word' id='word_1_144' title='bbox 3375 780 3664 850; x_wconf 73' lang='lat' dir='ltr'><strong>condendarum</strong></span> 
     </span>
    </p>
   </div>
   <div class='ocr_carea' id='block_1_22' title="bbox 2196 862 3649 939">
    <p class='ocr_par' dir='ltr' id='par_1_22' title="bbox 2196 862 3649 939">
     <span class='ocr_line' id='line_1_22' title="bbox 2196 862 3649 939; baseline 0.013 -22"><span class='ocrx_word' id='word_1_145' title='bbox 2196 862 2280 918; x_wconf 92' lang='lat' dir='ltr'><strong>vel</strong></span> <span class='ocrx_word' id='word_1_146' title='bbox 2303 878 2452 929; x_wconf 90' lang='lat' dir='ltr'><strong>cura,</strong></span> <span class='ocrx_word' id='word_1_147' title='bbox 2480 864 2565 919; x_wconf 90' lang='lat' dir='ltr'><strong>vcl</strong></span> <span class='ocrx_word' id='word_1_148' title='bbox 2598 865 2753 920; x_wconf 86' lang='lat' dir='ltr'><strong>ratio.</strong></span> <span class='ocrx_word' id='word_1_149' title='bbox 2784 864 2873 919; x_wconf 91' lang='lat' dir='ltr'><strong>Sic</strong></span> <span class='ocrx_word' id='word_1_150' title='bbox 2900 880 3074 933; x_wconf 90' lang='lat' dir='ltr'><strong>neque</strong></span> <span class='ocrx_word' id='word_1_151' title='bbox 3099 866 3206 919; x_wconf 88' lang='lat' dir='ltr'><strong>vita</strong></span> <span class='ocrx_word' id='word_1_152' title='bbox 3245 867 3445 936; x_wconf 89' lang='lat' dir='ltr'><strong>quidem</strong></span> <span class='ocrx_word' id='word_1_153' title='bbox 3472 878 3571 933; x_wconf 84' lang='lat' dir='ltr'><strong>satis</strong></span> <span class='ocrx_word' id='word_1_154' title='bbox 3586 890 3649 939; x_wconf 75' lang='lat' dir='ltr'><strong>tua</strong></span> 
     </span>
    </p>
   </div>
   <div class='ocr_carea' id='block_1_23' title="bbox 2195 930 3661 1032">
    <p class='ocr_par' dir='ltr' id='par_1_23' title="bbox 2195 930 3661 1032">
     <span class='ocr_line' id='line_1_23' title="bbox 2195 930 3661 1032; baseline 0.013 -22"><span class='ocrx_word' id='word_1_155' title='bbox 2195 970 2318 1010; x_wconf 90' lang='lat' dir='ltr'><strong>cum</strong></span> <span class='ocrx_word' id='word_1_156' title='bbox 2348 966 2402 1011; x_wconf 89' lang='lat' dir='ltr'><strong>et</strong></span> <span class='ocrx_word' id='word_1_157' title='bbox 2430 958 2641 1013; x_wconf 61' lang='lat' dir='ltr'><strong>caeteris</strong></span> <span class='ocrx_word' id='word_1_158' title='bbox 2669 957 2994 1013; x_wconf 86' lang='lat' dir='ltr'><strong>animalibus</strong></span> <span class='ocrx_word' id='word_1_159' title='bbox 3013 959 3255 1027; x_wconf 83' lang='lat' dir='ltr'><strong>exposita</strong></span> <span class='ocrx_word' id='word_1_160' title='bbox 3277 930 3661 1032; x_wconf 89' lang='lat' dir='ltr'><strong>esset</strong></span> 
     </span>
    </p>
   </div>
   <div class='ocr_carea' id='block_1_24' title="bbox 2196 1048 3660 1127">
    <p class='ocr_par' dir='ltr' id='par_1_24' title="bbox 2196 1048 3660 1127">
     <span class='ocr_line' id='line_1_24' title="bbox 2196 1048 3660 1127; baseline 0.013 -26"><span class='ocrx_word' id='word_1_161' title='bbox 2196 1048 2505 1117; x_wconf 88' lang='lat' dir='ltr'><strong>hominum,</strong></span> <span class='ocrx_word' id='word_1_162' title='bbox 2552 1059 2608 1105; x_wconf 90' lang='lat' dir='ltr'><strong>et</strong></span> <span class='ocrx_word' id='word_1_163' title='bbox 2644 1051 2743 1121; x_wconf 89' lang='lat' dir='ltr'><strong>ipsi</strong></span> <span class='ocrx_word' id='word_1_164' title='bbox 2782 1050 2927 1106; x_wconf 89' lang='lat' dir='ltr'><strong>inter</strong></span> <span class='ocrx_word' id='word_1_165' title='bbox 2965 1051 3283 1122; x_wconf 84' lang='lat' dir='ltr'><strong>semetipsos</strong></span> <span class='ocrx_word' id='word_1_166' title='bbox 3311 1053 3559 1116; x_wconf 88' lang='lat' dir='ltr'><strong>belluarum</strong></span> <span class='ocrx_word' id='word_1_167' title='bbox 3580 1082 3660 1127; x_wconf 80' lang='lat' dir='ltr'><strong>more</strong></span> 
     </span>
    </p>
   </div>
   <div class='ocr_carea' id='block_1_25' title="bbox 2191 1143 3356 1218">
    <p class='ocr_par' dir='ltr' id='par_1_25' title="bbox 2191 1143 3356 1218">
     <span class='ocr_line' id='line_1_25' title="bbox 2191 1143 3356 1218; baseline 0.003 -20"><span class='ocrx_word' id='word_1_168' title='bbox 2191 1145 2462 1218; x_wconf 71' lang='lat' dir='ltr'><strong>smvirent.</strong></span> <span class='ocrx_word' id='word_1_169' title='bbox 2491 1143 2609 1198; x_wconf 86' lang='lat' dir='ltr'><strong>Non</strong></span> <span class='ocrx_word' id='word_1_170' title='bbox 2632 1143 2809 1198; x_wconf 92' lang='lat' dir='ltr'><strong>minor</strong></span> <span class='ocrx_word' id='word_1_171' title='bbox 2839 1145 2893 1198; x_wconf 93' lang='lat' dir='ltr'><strong>in</strong></span> <span class='ocrx_word' id='word_1_172' title='bbox 2923 1143 3046 1198; x_wconf 91' lang='lat' dir='ltr'><strong>aliis</strong></span> <span class='ocrx_word' id='word_1_173' title='bbox 3074 1144 3356 1202; x_wconf 88' lang='lat' dir='ltr'><strong>dementia.</strong></span> 
     </span>
    </p>
   </div>
   <div class='ocr_carea' id='block_1_26' title="bbox 2261 1235 3658 1311">
    <p class='ocr_par' dir='ltr' id='par_1_26' title="bbox 2261 1235 3658 1311">
     <span class='ocr_line' id='line_1_26' title="bbox 2261 1235 3658 1311; baseline 0.011 -23"><span class='ocrx_word' id='word_1_174' title='bbox 2261 1236 2396 1304; x_wconf 86' lang='lat' dir='ltr'><strong>Quid</strong></span> <span class='ocrx_word' id='word_1_175' title='bbox 2427 1236 2570 1291; x_wconf 91' lang='lat' dir='ltr'><strong>enim</strong></span> <span class='ocrx_word' id='word_1_176' title='bbox 2602 1236 2707 1290; x_wconf 88' lang='lat' dir='ltr'><strong>dici</strong></span> <span class='ocrx_word' id='word_1_177' title='bbox 2737 1244 2912 1305; x_wconf 86' lang='lat' dir='ltr'><strong>potest</strong></span> <span class='ocrx_word' id='word_1_178' title='bbox 2935 1236 3002 1291; x_wconf 91' lang='lat' dir='ltr'><strong>de</strong></span> <span class='ocrx_word' id='word_1_179' title='bbox 3025 1235 3139 1301; x_wconf 89' lang='lat' dir='ltr'><strong>illo,</strong></span> <span class='ocrx_word' id='word_1_180' title='bbox 3165 1238 3254 1308; x_wconf 89' lang='lat' dir='ltr'><strong>qui</strong></span> <span class='ocrx_word' id='word_1_181' title='bbox 3279 1240 3465 1309; x_wconf 80' lang='lat' dir='ltr'><strong>nigram</strong></span> <span class='ocrx_word' id='word_1_182' title='bbox 3486 1245 3658 1311; x_wconf 69' lang='lat' dir='ltr'><strong>disitesse</strong></span> 
     </span>
    </p>
   </div>
   <div class='ocr_carea' id='block_1_27' title="bbox 2190 1327 3655 1404">
    <p class='ocr_par' dir='ltr' id='par_1_27' title="bbox 2190 1327 3655 1404">
     <span class='ocr_line' id='line_1_27' title="bbox 2190 1327 3655 1404; baseline 0.01 -22"><span class='ocrx_word' id='word_1_183' title='bbox 2190 1327 2410 1383; x_wconf 82' lang='lat' dir='ltr'><strong>nivem?</strong></span> <span class='ocrx_word' id='word_1_184' title='bbox 2435 1342 2595 1398; x_wconf 90' lang='lat' dir='ltr'><strong>quam</strong></span> <span class='ocrx_word' id='word_1_185' title='bbox 2624 1341 2963 1398; x_wconf 87' lang='lat' dir='ltr'><strong>consequens</strong></span> <span class='ocrx_word' id='word_1_186' title='bbox 2986 1336 3132 1397; x_wconf 89' lang='lat' dir='ltr'><strong>erat,</strong></span> <span class='ocrx_word' id='word_1_187' title='bbox 3155 1331 3379 1386; x_wconf 89' lang='lat' dir='ltr'><strong>utetiam</strong></span> <span class='ocrx_word' id='word_1_188' title='bbox 3403 1336 3542 1404; x_wconf 81' lang='lat' dir='ltr'><strong>picem</strong></span> <span class='ocrx_word' id='word_1_189' title='bbox 3560 1343 3655 1402; x_wconf 71' lang='grc' dir='ltr'>ιιιιιω</span> 
     </span>
    </p>
   </div>
   <div class='ocr_carea' id='block_1_28' title="bbox 2190 1419 3655 1495">
    <p class='ocr_par' dir='ltr' id='par_1_28' title="bbox 2190 1419 3655 1495">
     <span class='ocr_line' id='line_1_28' title="bbox 2190 1419 3655 1495; baseline 0.01 -21"><span class='ocrx_word' id='word_1_190' title='bbox 2190 1435 2313 1475; x_wconf 88' lang='lat' dir='ltr'><strong>esse</strong></span> <span class='ocrx_word' id='word_1_191' title='bbox 2340 1419 2585 1476; x_wconf 90' lang='lat' dir='ltr'><strong>diceret!</strong></span> <span class='ocrx_word' id='word_1_192' title='bbox 2619 1420 2717 1475; x_wconf 83' lang='lat' dir='ltr'><strong>Hic</strong></span> <span class='ocrx_word' id='word_1_193' title='bbox 2746 1431 2832 1477; x_wconf 91' lang='lat' dir='ltr'><strong>est</strong></span> <span class='ocrx_word' id='word_1_194' title='bbox 2860 1422 2953 1477; x_wconf 91' lang='lat' dir='ltr'><strong>ille</strong></span> <span class='ocrx_word' id='word_1_195' title='bbox 2974 1461 2990 1488; x_wconf 96' lang='lat'><strong>,</strong></span> <span class='ocrx_word' id='word_1_196' title='bbox 3020 1422 3114 1492; x_wconf 92' lang='lat' dir='ltr'><strong>qui</strong></span> <span class='ocrx_word' id='word_1_197' title='bbox 3143 1436 3202 1477; x_wconf 91' lang='lat' dir='ltr'><strong>se</strong></span> <span class='ocrx_word' id='word_1_198' title='bbox 3230 1421 3415 1481; x_wconf 90' lang='lat' dir='ltr'><strong>idcirco</strong></span> <span class='ocrx_word' id='word_1_199' title='bbox 3439 1439 3575 1488; x_wconf 85' lang='lat' dir='ltr'><strong>natum</strong></span> <span class='ocrx_word' id='word_1_200' title='bbox 3594 1451 3655 1495; x_wconf 63' lang='lat' dir='ltr'><strong>ese</strong></span> 
     </span>
    </p>
   </div>
   <div class='ocr_carea' id='block_1_29' title="bbox 2190 1511 3653 1586">
    <p class='ocr_par' dir='ltr' id='par_1_29' title="bbox 2190 1511 3653 1586">
     <span class='ocr_line' id='line_1_29' title="bbox 2190 1511 3653 1586; baseline 0.011 -20"><span class='ocrx_word' id='word_1_201' title='bbox 2190 1511 2435 1579; x_wconf 89' lang='lat' dir='ltr'><strong>dicebat,</strong></span> <span class='ocrx_word' id='word_1_202' title='bbox 2468 1520 2527 1566; x_wconf 89' lang='lat' dir='ltr'><strong>ut</strong></span> <span class='ocrx_word' id='word_1_203' title='bbox 2550 1513 2747 1567; x_wconf 68' lang='lat' dir='ltr'><strong>malum</strong></span> <span class='ocrx_word' id='word_1_204' title='bbox 2774 1527 2840 1567; x_wconf 91' lang='lat' dir='ltr'><strong>ac</strong></span> <span class='ocrx_word' id='word_1_205' title='bbox 2861 1511 3032 1569; x_wconf 91' lang='lat' dir='ltr'><strong>solem</strong></span> <span class='ocrx_word' id='word_1_206' title='bbox 3057 1512 3293 1580; x_wconf 85' lang='lat' dir='ltr'><strong>videret,</strong></span> <span class='ocrx_word' id='word_1_207' title='bbox 3320 1516 3406 1586; x_wconf 90' lang='lat' dir='ltr'><strong>qui</strong></span> <span class='ocrx_word' id='word_1_208' title='bbox 3429 1519 3474 1574; x_wconf 92' lang='lat' dir='ltr'><strong>in</strong></span> <span class='ocrx_word' id='word_1_209' title='bbox 3499 1532 3593 1579; x_wconf 85' lang='lat' dir='ltr'><strong>tem</strong></span> <span class='ocrx_word' id='word_1_210' title='bbox 3611 1532 3653 1583; x_wconf 64' lang='lat' dir='ltr'><strong>ni.</strong></span> 
     </span>
    </p>
   </div>
   <div class='ocr_carea' id='block_1_30' title="bbox 2110 1597 3653 1678">
    <p class='ocr_par' dir='ltr' id='par_1_30' title="bbox 2110 1597 3653 1678">
     <span class='ocr_line' id='line_1_30' title="bbox 2110 1597 3653 1678; baseline 0.011 -20"><span class='ocrx_word' id='word_1_211' title='bbox 2110 1597 2159 1658; x_wconf 91' lang='lat' dir='ltr'><strong>B</strong></span> <span class='ocrx_word' id='word_1_212' title='bbox 2187 1604 2263 1661; x_wconf 90' lang='lat' dir='ltr'><strong>hil</strong></span> <span class='ocrx_word' id='word_1_213' title='bbox 2292 1605 2510 1661; x_wconf 88' lang='lat' dir='ltr'><strong>videbat</strong></span> <span class='ocrx_word' id='word_1_214' title='bbox 2539 1606 2656 1662; x_wconf 89' lang='lat' dir='ltr'><strong>sole</strong></span> <span class='ocrx_word' id='word_1_215' title='bbox 2685 1605 2921 1662; x_wconf 87' lang='lat' dir='ltr'><strong>lucente.</strong></span> <span class='ocrx_word' id='word_1_216' title='bbox 2950 1605 3311 1678; x_wconf 82' lang='lat' dir='ltr'><strong>Xenophanes</strong></span> <span class='ocrx_word' id='word_1_217' title='bbox 3337 1608 3580 1671; x_wconf 82' lang='lat' dir='ltr'><strong>dicentibus</strong></span> <span class='ocrx_word' id='word_1_218' title='bbox 3596 1619 3653 1675; x_wconf 58' lang='lat' dir='ltr'><strong>lla</strong></span> 
     </span>
    </p>
   </div>
   <div class='ocr_carea' id='block_1_31' title="bbox 1809 1736 2434 1797">
    <p class='ocr_par' dir='ltr' id='par_1_31' title="bbox 1809 1736 2434 1797">
     <span class='ocr_line' id='line_1_31' title="bbox 1809 1736 2434 1797; baseline -0.011 -1"><span class='ocrx_word' id='word_1_219' title='bbox 1809 1737 2175 1797; x_wconf 77' lang='lat' dir='ltr'><strong>VARIORUM</strong></span> <span class='ocrx_word' id='word_1_220' title='bbox 2202 1736 2434 1793; x_wconf 67' lang='lat' dir='ltr'><strong>NOTA&#39;J.</strong></span> 
     </span>
    </p>
   </div>
   <div class='ocr_carea' id='block_1_32' title="bbox 486 1878 2078 1957">
    <p class='ocr_par' dir='ltr' id='par_1_32' title="bbox 486 1878 2078 1957">
     <span class='ocr_line' id='line_1_32' title="bbox 486 1878 2078 1957; baseline -0.006 -15"><span class='ocrx_word' id='word_1_221' title='bbox 486 1885 780 1957; x_wconf 82' lang='lat' dir='ltr'><strong>largiendo.</strong></span> <span class='ocrx_word' id='word_1_222' title='bbox 830 1885 907 1957; x_wconf 87' lang='lat' dir='ltr'><strong>De</strong></span> <span class='ocrx_word' id='word_1_223' title='bbox 945 1882 1165 1957; x_wconf 87' lang='lat' dir='ltr'><strong>Cratere</strong></span> <span class='ocrx_word' id='word_1_224' title='bbox 1208 1882 1390 1957; x_wconf 86' lang='lat' dir='ltr'><strong>plures</strong></span> <span class='ocrx_word' id='word_1_225' title='bbox 1435 1880 1685 1957; x_wconf 66' lang='lat' dir='ltr'><strong>tradunt,</strong></span> <span class='ocrx_word' id='word_1_226' title='bbox 1713 1880 1911 1957; x_wconf 84' lang='lat' dir='ltr'><strong>ipsur_n_</strong></span> <span class='ocrx_word' id='word_1_227' title='bbox 1936 1878 2078 1933; x_wconf 87' lang='lat' dir='ltr'><strong>bona</strong></span> 
     </span>
    </p>
   </div>
   <div class='ocr_carea' id='block_1_33' title="bbox 485 1949 2073 2028">
    <p class='ocr_par' dir='ltr' id='par_1_33' title="bbox 485 1949 2073 2028">
     <span class='ocr_line' id='line_1_33' title="bbox 485 1949 2073 2028; baseline -0.004 -19"><span class='ocrx_word' id='word_1_228' title='bbox 485 1949 681 2028; x_wconf 67' lang='lat' dir='ltr'><strong>populo</strong></span> <span class='ocrx_word' id='word_1_229' title='bbox 709 1956 1112 2028; x_wconf 82' lang='lat' dir='ltr'><strong>Tltehano_esse</strong></span> <span class='ocrx_word' id='word_1_230' title='bbox 1134 1949 1549 2028; x_wconf 61' lang='lat' dir='ltr'><strong>largitinn_.i_lid.</strong></span> <span class='ocrx_word' id='word_1_231' title='bbox 1573 1950 1866 2028; x_wconf 43' lang='lat' dir='ltr'><strong>hlenaglad</strong></span> <span class='ocrx_word' id='word_1_232' title='bbox 1891 1949 2073 2028; x_wconf 59' lang='lat' dir='ltr'><strong>haert.</strong></span> 
     </span>
    </p>
   </div>
   <div class='ocr_carea' id='block_1_34' title="bbox 485 2022 2076 2092">
    <p class='ocr_par' dir='ltr' id='par_1_34' title="bbox 485 2022 2076 2092">
     <span class='ocr_line' id='line_1_34' title="bbox 485 2022 2076 2092; baseline -0.006 -10"><span class='ocrx_word' id='word_1_233' title='bbox 485 2022 519 2082; x_wconf 88' lang='lat' dir='ltr'><strong>l.</strong></span> <span class='ocrx_word' id='word_1_234' title='bbox 550 2022 624 2092; x_wconf 83' lang='lat' dir='ltr'><strong>vt,</strong></span> <span class='ocrx_word' id='word_1_235' title='bbox 655 2029 689 2081; x_wconf 91' lang='lat' dir='ltr'><strong>f.</strong></span> <span class='ocrx_word' id='word_1_236' title='bbox 714 2027 815 2090; x_wconf 80' lang='lat'><strong>87;</strong></span> <span class='ocrx_word' id='word_1_237' title='bbox 859 2037 914 2082; x_wconf 92' lang='lat' dir='ltr'><strong>et</strong></span> <span class='ocrx_word' id='word_1_238' title='bbox 953 2025 1198 2081; x_wconf 86' lang='lat' dir='ltr'><strong>Pcrizon.</strong></span> <span class='ocrx_word' id='word_1_239' title='bbox 1224 2022 1309 2079; x_wconf 28' lang='lat' dir='ltr'><strong>‘ad</strong></span> <span class='ocrx_word' id='word_1_240' title='bbox 1349 2022 1548 2079; x_wconf 68' lang='lat' dir='ltr'><strong>Elian.</strong></span> <span class='ocrx_word' id='word_1_241' title='bbox 1577 2022 1700 2078; x_wconf 80' lang='lat' dir='ltr'><strong>Var.</strong></span> <span class='ocrx_word' id='word_1_242' title='bbox 1744 2022 1880 2078; x_wconf 82' lang='lat' dir='ltr'><strong>Hist.</strong></span> <span class='ocrx_word' id='word_1_243' title='bbox 1918 2022 1954 2075; x_wconf 94' lang='lat' dir='ltr'><strong>l.</strong></span> <span class='ocrx_word' id='word_1_244' title='bbox 1994 2036 2076 2087; x_wconf 84' lang='lat' dir='ltr'><strong>nt,</strong></span> 
     </span>
    </p>
   </div>
   <div class='ocr_carea' id='block_1_35' title="bbox 481 2099 843 2170">
    <p class='ocr_par' dir='ltr' id='par_1_35' title="bbox 481 2099 843 2170">
     <span class='ocr_line' id='line_1_35' title="bbox 481 2099 843 2170; baseline -0.008 -14"><span class='ocrx_word' id='word_1_245' title='bbox 481 2116 601 2170; x_wconf 89' lang='lat' dir='ltr'><strong>cap.</strong></span> <span class='ocrx_word' id='word_1_246' title='bbox 629 2100 683 2155; x_wconf 87' lang='lat'><strong>6.</strong></span> <span class='ocrx_word' id='word_1_247' title='bbox 711 2099 843 2154; x_wconf 81' lang='lat' dir='ltr'><strong>Buu.</strong></span> 
     </span>
    </p>
   </div>
   <div class='ocr_carea' id='block_1_36' title="bbox 556 2184 2078 2254">
    <p class='ocr_par' dir='ltr' id='par_1_36' title="bbox 556 2184 2078 2254">
     <span class='ocr_line' id='line_1_36' title="bbox 556 2184 2078 2254; baseline -0.003 -10"><span class='ocrx_word' id='word_1_248' title='bbox 556 2190 816 2245; x_wconf 84' lang='lat' dir='ltr'><strong>Tuditani.</strong></span> <span class='ocrx_word' id='word_1_249' title='bbox 847 2189 922 2245; x_wconf 90' lang='lat' dir='ltr'><strong>De</strong></span> <span class='ocrx_word' id='word_1_250' title='bbox 955 2204 1022 2245; x_wconf 92' lang='lat' dir='ltr'><strong>eo</strong></span> <span class='ocrx_word' id='word_1_251' title='bbox 1048 2188 1165 2242; x_wconf 82' lang='lat' dir='ltr'><strong>Val.</strong></span> <span class='ocrx_word' id='word_1_252' title='bbox 1208 2187 1344 2242; x_wconf 78' lang='lat' dir='ltr'><strong>Max.</strong></span> <span class='ocrx_word' id='word_1_253' title='bbox 1379 2188 1473 2243; x_wconf 88' lang='lat' dir='ltr'><strong>lib.</strong></span> <span class='ocrx_word' id='word_1_254' title='bbox 1498 2202 1609 2252; x_wconf 88' lang='lat' dir='ltr'><strong>vn,</strong></span> <span class='ocrx_word' id='word_1_255' title='bbox 1643 2202 1764 2254; x_wconf 91' lang='lat' dir='ltr'><strong>cap.</strong></span> <span class='ocrx_word' id='word_1_256' title='bbox 1798 2185 1853 2241; x_wconf 90' lang='lat'><strong>8.</strong></span> <span class='ocrx_word' id='word_1_257' title='bbox 1889 2184 2078 2239; x_wconf 90' lang='lat' dir='ltr'><strong>Cicero</strong></span> 
     </span>
    </p>
   </div>
   <div class='ocr_carea' id='block_1_37' title="bbox 481 2256 2079 2333">
    <p class='ocr_par' dir='ltr' id='par_1_37' title="bbox 481 2256 2079 2333">
     <span class='ocr_line' id='line_1_37' title="bbox 481 2256 2079 2333; baseline -0.004 -18"><span class='ocrx_word' id='word_1_258' title='bbox 481 2277 692 2333; x_wconf 85' lang='lat' dir='ltr'><strong>quoque</strong></span> <span class='ocrx_word' id='word_1_259' title='bbox 716 2261 908 2329; x_wconf 87' lang='lat' dir='ltr'><strong>Philip.</strong></span> <span class='ocrx_word' id='word_1_260' title='bbox 934 2276 1014 2323; x_wconf 86' lang='lat' dir='ltr'><strong>ut,</strong></span> <span class='ocrx_word' id='word_1_261' title='bbox 1041 2259 1075 2313; x_wconf 91' lang='lat'><strong><em>6</em></strong></span> <span class='ocrx_word' id='word_1_262' title='bbox 1096 2277 1113 2333; x_wconf 14' lang='lat'><strong>7:</strong></span> <span class='ocrx_word' id='word_1_263' title='bbox 1143 2258 1427 2313; x_wconf 71' lang='lat' dir='ltr'><strong>Tuditanus</strong></span> <span class='ocrx_word' id='word_1_264' title='bbox 1474 2275 1667 2333; x_wconf 30' lang='lat' dir='ltr'><strong>nempe-</strong></span> <span class='ocrx_word' id='word_1_265' title='bbox 1691 2259 1780 2312; x_wconf 87' lang='lat' dir='ltr'><strong>ille</strong></span> <span class='ocrx_word' id='word_1_266' title='bbox 1800 2299 1816 2322; x_wconf 90' lang='lat'><strong>,</strong></span> <span class='ocrx_word' id='word_1_267' title='bbox 1861 2256 1954 2333; x_wconf 78' lang='lat' dir='ltr'><strong>ille</strong></span> <span class='ocrx_word' id='word_1_268' title='bbox 1990 2257 2079 2324; x_wconf 92' lang='lat' dir='ltr'><strong>qui</strong></span> 
     </span>
    </p>
   </div>
   <div class='ocr_carea' id='block_1_38' title="bbox 480 2328 2080 2402">
    <p class='ocr_par' dir='ltr' id='par_1_38' title="bbox 480 2328 2080 2402">
     <span class='ocr_line' id='line_1_38' title="bbox 480 2328 2080 2402; baseline -0.006 -14"><span class='ocrx_word' id='word_1_269' title='bbox 480 2328 767 2402; x_wconf 57' lang='lat' dir='ltr'><strong>cum&#39;palla</strong></span> <span class='ocrx_word' id='word_1_270' title='bbox 794 2342 844 2387; x_wconf 88' lang='lat' dir='ltr'><strong>et</strong></span> <span class='ocrx_word' id='word_1_271' title='bbox 871 2332 1131 2387; x_wconf 82' lang='lat' dir='ltr'><strong>cothurnis</strong></span> <span class='ocrx_word' id='word_1_272' title='bbox 1158 2346 1391 2385; x_wconf 81' lang='lat' dir='ltr'><strong>nummos</strong></span> <span class='ocrx_word' id='word_1_273' title='bbox 1416 2331 1604 2402; x_wconf 86' lang='lat' dir='ltr'><strong>populo</strong></span> <span class='ocrx_word' id='word_1_274' title='bbox 1633 2329 1696 2383; x_wconf 89' lang='lat' dir='ltr'><strong>de</strong></span> <span class='ocrx_word' id='word_1_275' title='bbox 1717 2328 1897 2383; x_wconf 89' lang='lat' dir='ltr'><strong>rostris</strong></span> <span class='ocrx_word' id='word_1_276' title='bbox 1926 2343 2080 2397; x_wconf 84' lang='lat' dir='ltr'><strong>spar-</strong></span> 
     </span>
    </p>
   </div>
   <div class='ocr_carea' id='block_1_39' title="bbox 479 2404 839 2476">
    <p class='ocr_par' dir='ltr' id='par_1_39' title="bbox 479 2404 839 2476">
     <span class='ocr_line' id='line_1_39' title="bbox 479 2404 839 2476; baseline -0.006 -17"><span class='ocrx_word' id='word_1_277' title='bbox 479 2421 597 2476; x_wconf 85' lang='lat' dir='ltr'><strong>gere</strong></span> <span class='ocrx_word' id='word_1_278' title='bbox 625 2404 839 2459; x_wconf 75' lang='lat' dir='ltr'><strong>solebat.</strong></span> 
     </span>
    </p>
   </div>
   <div class='ocr_carea' id='block_1_40' title="bbox 551 2494 2076 2567">
    <p class='ocr_par' dir='ltr' id='par_1_40' title="bbox 551 2494 2076 2567">
     <span class='ocr_line' id='line_1_40' title="bbox 551 2494 2076 2567; baseline -0.003 -15"><span class='ocrx_word' id='word_1_279' title='bbox 551 2498 770 2553; x_wconf 86' lang='lat' dir='ltr'><strong>Zenonis</strong></span> <span class='ocrx_word' id='word_1_280' title='bbox 812 2506 980 2551; x_wconf 89' lang='lat' dir='ltr'><strong>autem</strong></span> <span class='ocrx_word' id='word_1_281' title='bbox 1025 2497 1196 2566; x_wconf 85' lang='lat' dir='ltr'><strong>paria,</strong></span> <span class='ocrx_word' id='word_1_282' title='bbox 1219 2504 1323 2551; x_wconf 89' lang='lat' dir='ltr'><strong>etc.</strong></span> <span class='ocrx_word' id='word_1_283' title='bbox 1380 2496 1736 2567; x_wconf 83' lang='lat' dir='ltr'><strong>Hieronymus</strong></span> <span class='ocrx_word' id='word_1_284' title='bbox 1781 2502 1931 2549; x_wconf 90' lang='lat' dir='ltr'><strong>notat</strong></span> <span class='ocrx_word' id='word_1_285' title='bbox 1976 2494 2076 2548; x_wconf 92' lang='lat' dir='ltr'><strong>hac</strong></span> 
     </span>
    </p>
   </div>
   <div class='ocr_carea' id='block_1_41' title="bbox 479 2567 2074 2636">
    <p class='ocr_par' dir='ltr' id='par_1_41' title="bbox 479 2567 2074 2636">
     <span class='ocr_line' id='line_1_41' title="bbox 479 2567 2074 2636; baseline -0.003 -12"><span class='ocrx_word' id='word_1_286' title='bbox 479 2569 601 2625; x_wconf 86' lang='lat' dir='ltr'><strong>labe</strong></span> <span class='ocrx_word' id='word_1_287' title='bbox 626 2568 989 2625; x_wconf 73' lang='lat' dir='ltr'><strong>Iovinianum.</strong></span> <span class='ocrx_word' id='word_1_288' title='bbox 1023 2567 1155 2622; x_wconf 85' lang='lat' dir='ltr'><strong>Nam</strong></span> <span class='ocrx_word' id='word_1_289' title='bbox 1187 2567 1443 2636; x_wconf 88' lang='lat' dir='ltr'><strong>Theologi</strong></span> <span class='ocrx_word' id='word_1_290' title='bbox 1477 2576 1623 2621; x_wconf 87' lang='lat' dir='ltr'><strong>recte</strong></span> <span class='ocrx_word' id='word_1_291' title='bbox 1666 2574 1909 2621; x_wconf 89' lang='lat' dir='ltr'><strong>statuunt</strong></span> <span class='ocrx_word' id='word_1_292' title='bbox 1946 2579 2074 2636; x_wconf 44' lang='lat' dir='ltr'><strong>pec:</strong></span> 
     </span>
    </p>
   </div>
   <div class='ocr_carea' id='block_1_42' title="bbox 477 2635 2070 2705">
    <p class='ocr_par' dir='ltr' id='par_1_42' title="bbox 477 2635 2070 2705">
     <span class='ocr_line' id='line_1_42' title="bbox 477 2635 2070 2705; baseline -0.003 -11"><span class='ocrx_word' id='word_1_293' title='bbox 477 2652 722 2695; x_wconf 89' lang='lat' dir='ltr'><strong>calorum</strong></span> <span class='ocrx_word' id='word_1_294' title='bbox 753 2639 1084 2695; x_wconf 86' lang='lat' dir='ltr'><strong>discrimina.</strong></span> <span class='ocrx_word' id='word_1_295' title='bbox 1118 2638 1251 2694; x_wconf 81' lang='lat' dir='ltr'><strong>Vide</strong></span> <span class='ocrx_word' id='word_1_296' title='bbox 1277 2635 1453 2694; x_wconf 84' lang='lat' dir='ltr'><strong>Cicer.</strong></span> <span class='ocrx_word' id='word_1_297' title='bbox 1480 2639 1534 2693; x_wconf 90' lang='lat' dir='ltr'><strong>in</strong></span> <span class='ocrx_word' id='word_1_298' title='bbox 1572 2637 1883 2692; x_wconf 81' lang='lat' dir='ltr'><strong>Paradoxis.</strong></span> <span class='ocrx_word' id='word_1_299' title='bbox 1917 2635 2070 2705; x_wconf 87' lang='lat' dir='ltr'><strong>Apud</strong></span> 
     </span>
    </p>
   </div>
   <div class='ocr_carea' id='block_1_43' title="bbox 476 2708 2066 2782">
    <p class='ocr_par' dir='ltr' id='par_1_43' title="bbox 476 2708 2066 2782">
     <span class='ocr_line' id='line_1_43' title="bbox 476 2708 2066 2782; baseline -0.003 -16"><span class='ocrx_word' id='word_1_300' title='bbox 476 2712 685 2767; x_wconf 85' lang='lat' dir='ltr'><strong>Stoicos</strong></span> <span class='ocrx_word' id='word_1_301' title='bbox 713 2726 841 2766; x_wconf 83' lang='lat' dir='ltr'><strong>vero</strong></span> <span class='ocrx_word' id='word_1_302' title='bbox 865 2710 1179 2766; x_wconf 72' lang='lat' dir='ltr'><strong>Paradoxon</strong></span> <span class='ocrx_word' id='word_1_303' title='bbox 1208 2720 1291 2765; x_wconf 89' lang='lat' dir='ltr'><strong>est</strong></span> <span class='ocrx_word' id='word_1_304' title='bbox 1310 2751 1325 2775; x_wconf 91' lang='lat'><strong>,</strong></span> <span class='ocrx_word' id='word_1_305' title='bbox 1357 2708 1436 2766; x_wconf 83' lang='grc' dir='ltr'><strong>ὅτι</strong></span> <span class='ocrx_word' id='word_1_306' title='bbox 1473 2708 1564 2766; x_wconf 84' lang='grc' dir='ltr'><strong>ἶσα</strong></span> <span class='ocrx_word' id='word_1_307' title='bbox 1592 2712 1658 2764; x_wconf 81' lang='grc' dir='ltr'><strong>τὰ</strong></span> <span class='ocrx_word' id='word_1_308' title='bbox 1696 2711 2066 2782; x_wconf 77' lang='grc' dir='ltr'><strong>ἁμαρτήματα.</strong></span> 
     </span>
    </p>
   </div>
   <div class='ocr_carea' id='block_1_44' title="bbox 477 2782 2066 2853">
    <p class='ocr_par' dir='ltr' id='par_1_44' title="bbox 477 2782 2066 2853">
     <span class='ocr_line' id='line_1_44' title="bbox 477 2782 2066 2853; baseline -0.003 -16"><span class='ocrx_word' id='word_1_309' title='bbox 477 2783 781 2837; x_wconf 82' lang='lat' dir='ltr'><strong>Stoicorum</strong></span> <span class='ocrx_word' id='word_1_310' title='bbox 810 2782 1058 2853; x_wconf 76' lang='lat' dir='ltr'><strong>dogmata</strong></span> <span class='ocrx_word' id='word_1_311' title='bbox 1090 2782 1475 2853; x_wconf 84' lang='lat' dir='ltr'><strong>compendioso</strong></span> <span class='ocrx_word' id='word_1_312' title='bbox 1513 2782 1767 2853; x_wconf 64' lang='lat' dir='ltr'><strong>lagciculo</strong></span> <span class='ocrx_word' id='word_1_313' title='bbox 1793 2782 2066 2853; x_wconf 85' lang='lat' dir='ltr'><strong>complec-</strong></span> 
     </span>
    </p>
   </div>
   <div class='ocr_carea' id='block_1_45' title="bbox 478 2850 2066 2919">
    <p class='ocr_par' dir='ltr' id='par_1_45' title="bbox 478 2850 2066 2919">
     <span class='ocr_line' id='line_1_45' title="bbox 478 2850 2066 2919; baseline -0.003 -12"><span class='ocrx_word' id='word_1_314' title='bbox 478 2854 608 2908; x_wconf 89' lang='lat' dir='ltr'><strong>titur</strong></span> <span class='ocrx_word' id='word_1_315' title='bbox 638 2854 824 2908; x_wconf 84' lang='lat' dir='ltr'><strong>Cicero</strong></span> <span class='ocrx_word' id='word_1_316' title='bbox 850 2850 1107 2909; x_wconf 70' lang='lat' dir='ltr'><strong>Oratione</strong></span> <span class='ocrx_word' id='word_1_317' title='bbox 1136 2868 1230 2919; x_wconf 88' lang='lat' dir='ltr'><strong>pro</strong></span> <span class='ocrx_word' id='word_1_318' title='bbox 1255 2852 1488 2908; x_wconf 71' lang='lat' dir='ltr'><strong>Murtena</strong></span> <span class='ocrx_word' id='word_1_319' title='bbox 1511 2870 1525 2906; x_wconf 89' lang='lat'><strong>:</strong></span> <span class='ocrx_word' id='word_1_320' title='bbox 1552 2850 1675 2905; x_wconf 84' lang='lat' dir='ltr'><strong>Fuit</strong></span> <span class='ocrx_word' id='word_1_321' title='bbox 1695 2853 1850 2917; x_wconf 90' lang='lat' dir='ltr'><strong>enim,</strong></span> <span class='ocrx_word' id='word_1_322' title='bbox 1871 2850 2066 2919; x_wconf 81' lang='lat' dir='ltr'><strong>inquit,</strong></span> 
     </span>
    </p>
   </div>
   <div class='ocr_carea' id='block_1_46' title="bbox 473 2923 2062 2995">
    <p class='ocr_par' dir='ltr' id='par_1_46' title="bbox 473 2923 2062 2995">
     <span class='ocr_line' id='line_1_46' title="bbox 473 2923 2062 2995; baseline -0.003 -18"><span class='ocrx_word' id='word_1_323' title='bbox 473 2926 683 2994; x_wconf 88' lang='lat' dir='ltr'><strong>quidam</strong></span> <span class='ocrx_word' id='word_1_324' title='bbox 735 2941 931 2980; x_wconf 91' lang='lat' dir='ltr'><strong>summo</strong></span> <span class='ocrx_word' id='word_1_325' title='bbox 973 2925 1177 2995; x_wconf 90' lang='lat' dir='ltr'><strong>ingenio</strong></span> <span class='ocrx_word' id='word_1_326' title='bbox 1222 2925 1299 2995; x_wconf 78' lang='lat' dir='ltr'><strong>uir</strong></span> <span class='ocrx_word' id='word_1_327' title='bbox 1350 2923 1513 2989; x_wconf 85' lang='lat' dir='ltr'><strong>Zeno,</strong></span> <span class='ocrx_word' id='word_1_328' title='bbox 1544 2924 1692 2993; x_wconf 86' lang='lat' dir='ltr'><strong>cujus</strong></span> <span class='ocrx_word' id='word_1_329' title='bbox 1739 2924 2062 2995; x_wconf 75' lang='lat' dir='ltr'><strong>inventorum</strong></span> 
     </span>
    </p>
   </div>
   <div class='ocr_carea' id='block_1_47' title="bbox 472 2993 2066 3064">
    <p class='ocr_par' dir='ltr' id='par_1_47' title="bbox 472 2993 2066 3064">
     <span class='ocr_line' id='line_1_47' title="bbox 472 2993 2066 3064; baseline -0.004 -15"><span class='ocrx_word' id='word_1_330' title='bbox 472 2993 641 3050; x_wconf 67' lang='lat' dir='ltr'><strong>tantuli</strong></span> <span class='ocrx_word' id='word_1_331' title='bbox 672 2996 833 3051; x_wconf 88' lang='lat' dir='ltr'><strong>Stoici</strong></span> <span class='ocrx_word' id='word_1_332' title='bbox 870 2993 1216 3049; x_wconf 77' lang='lat' dir='ltr'><strong>nominantur.</strong></span> <span class='ocrx_word' id='word_1_333' title='bbox 1254 2993 1423 3064; x_wconf 78' lang='lat' dir='ltr'><strong>Hujus</strong></span> <span class='ocrx_word' id='word_1_334' title='bbox 1458 2995 1719 3047; x_wconf 66' lang='lat' dir='ltr'><strong>sententiae</strong></span> <span class='ocrx_word' id='word_1_335' title='bbox 1759 3003 1877 3047; x_wconf 90' lang='lat' dir='ltr'><strong>sunt</strong></span> <span class='ocrx_word' id='word_1_336' title='bbox 1912 2993 2066 3064; x_wconf 86' lang='lat' dir='ltr'><strong>etiam</strong></span> 
     </span>
    </p>
   </div>
   <div class='ocr_carea' id='block_1_48' title="bbox 474 3062 2070 3155">
    <p class='ocr_par' dir='ltr' id='par_1_48' title="bbox 474 3062 2058 3155">
     <span class='ocr_line' id='line_1_48' title="bbox 474 3062 2058 3155; baseline -0.003 -36"><span class='ocrx_word' id='word_1_337' title='bbox 474 3077 728 3137; x_wconf 70' lang='lat' dir='ltr'><strong>prarcepta</strong></span> <span class='ocrx_word' id='word_1_338' title='bbox 745 3067 995 3149; x_wconf 70' lang='lat' dir='ltr'><strong>ejusmodi</strong></span> <span class='ocrx_word' id='word_1_339' title='bbox 1015 3082 1031 3119; x_wconf 90' lang='lat'><strong><em>:</em></strong></span> <span class='ocrx_word' id='word_1_340' title='bbox 1050 3062 1350 3155; x_wconf 62' lang='lat' dir='ltr'><strong>quientem</strong></span> <span class='ocrx_word' id='word_1_341' title='bbox 1367 3066 1531 3130; x_wconf 85' lang='lat' dir='ltr'><strong>gratia</strong></span> <span class='ocrx_word' id='word_1_342' title='bbox 1555 3081 1833 3155; x_wconf 46' lang='lat' dir='ltr'><strong>numquam</strong></span> <span class='ocrx_word' id='word_1_343' title='bbox 1850 3062 2058 3145; x_wconf 74' lang='lat' dir='ltr'><strong>moueri,</strong></span> 
     </span>
    </p>
   </div>
   <div class='ocr_carea' id='block_1_49' title="bbox 2169 3062 3631 3155">
    <p class='ocr_par' dir='ltr' id='par_1_49' title="bbox 2169 3062 3631 3155">
     <span class='ocr_line' id='line_1_49' title="bbox 2169 3062 3631 3155; baseline 0.001 -18"><span class='ocrx_word' id='word_1_344' title='bbox 2169 3062 2347 3155; x_wconf 69' lang='lat' dir='ltr'><strong>debere</strong></span> <span class='ocrx_word' id='word_1_345' title='bbox 2372 3086 2671 3153; x_wconf 88' lang='lat' dir='ltr'><strong>sapientem,</strong></span> <span class='ocrx_word' id='word_1_346' title='bbox 2701 3062 3069 3137; x_wconf 64' lang='lat' dir='ltr'><strong>cunisubuenit</strong></span> <span class='ocrx_word' id='word_1_347' title='bbox 3112 3088 3271 3154; x_wconf 85' lang='lat' dir='ltr'><strong>inapi,</strong></span> <span class='ocrx_word' id='word_1_348' title='bbox 3316 3103 3418 3141; x_wconf 88' lang='lat' dir='ltr'><strong>cum</strong></span> <span class='ocrx_word' id='word_1_349' title='bbox 3449 3103 3631 3155; x_wconf 67' lang='lat' dir='ltr'><strong>opprime</strong></span> 
     </span>
    </p>
   </div>
   <div class='ocr_carea' id='block_1_50' title="bbox 472 3133 2060 3206">
    <p class='ocr_par' dir='ltr' id='par_1_50' title="bbox 472 3133 2060 3206">
     <span class='ocr_line' id='line_1_50' title="bbox 472 3133 2060 3206; baseline -0.003 -16"><span class='ocrx_word' id='word_1_350' title='bbox 472 3133 747 3205; x_wconf 78' lang='lat' dir='ltr'><strong>numquam</strong></span> <span class='ocrx_word' id='word_1_351' title='bbox 765 3133 1073 3206; x_wconf 75' lang='lat' dir='ltr'><strong>cuiusquam</strong></span> <span class='ocrx_word' id='word_1_352' title='bbox 1095 3133 1280 3190; x_wconf 87' lang='lat' dir='ltr'><strong>delicto</strong></span> <span class='ocrx_word' id='word_1_353' title='bbox 1309 3138 1594 3206; x_wconf 75' lang='lat' dir='ltr'><strong>ignoscere.</strong></span> <span class='ocrx_word' id='word_1_354' title='bbox 1614 3133 1883 3188; x_wconf 76' lang='lat' dir='ltr'><strong>Neminem</strong></span> <span class='ocrx_word' id='word_1_355' title='bbox 1910 3135 2060 3186; x_wconf 87' lang='lat' dir='ltr'><strong>mise-</strong></span> 
     </span>
    </p>
   </div>
   <div class='ocr_carea' id='block_1_51' title="bbox 470 3205 2060 3273">
    <p class='ocr_par' dir='ltr' id='par_1_51' title="bbox 470 3205 2060 3273">
     <span class='ocr_line' id='line_1_51' title="bbox 470 3205 2060 3273; baseline -0.003 -12"><span class='ocrx_word' id='word_1_356' title='bbox 470 3209 721 3263; x_wconf 88' lang='lat' dir='ltr'><strong>ricordem</strong></span> <span class='ocrx_word' id='word_1_357' title='bbox 749 3224 877 3273; x_wconf 88' lang='lat' dir='ltr'><strong>esse,</strong></span> <span class='ocrx_word' id='word_1_358' title='bbox 908 3205 1004 3260; x_wconf 86' lang='lat' dir='ltr'><strong>nisi</strong></span> <span class='ocrx_word' id='word_1_359' title='bbox 1031 3209 1243 3261; x_wconf 88' lang='lat' dir='ltr'><strong>stultum</strong></span> <span class='ocrx_word' id='word_1_360' title='bbox 1265 3217 1315 3262; x_wconf 89' lang='lat' dir='ltr'><strong>et</strong></span> <span class='ocrx_word' id='word_1_361' title='bbox 1346 3209 1521 3261; x_wconf 82' lang='lat' dir='ltr'><strong>levem.</strong></span> <span class='ocrx_word' id='word_1_362' title='bbox 1558 3205 1666 3259; x_wconf 87' lang='lat' dir='ltr'><strong>Viri</strong></span> <span class='ocrx_word' id='word_1_363' title='bbox 1692 3223 1792 3259; x_wconf 89' lang='lat' dir='ltr'><strong>non</strong></span> <span class='ocrx_word' id='word_1_364' title='bbox 1821 3220 1947 3269; x_wconf 87' lang='lat' dir='ltr'><strong>esse,</strong></span> <span class='ocrx_word' id='word_1_365' title='bbox 1972 3222 2060 3258; x_wconf 88' lang='lat' dir='ltr'><strong>ne-</strong></span> 
     </span>
    </p>
   </div>
   <div class='ocr_carea' id='block_1_52' title="bbox 469 3277 2060 3349">
    <p class='ocr_par' dir='ltr' id='par_1_52' title="bbox 469 3277 2060 3349">
     <span class='ocr_line' id='line_1_52' title="bbox 469 3277 2060 3349; baseline -0.001 -19"><span class='ocrx_word' id='word_1_366' title='bbox 469 3296 564 3349; x_wconf 84' lang='lat' dir='ltr'><strong>que</strong></span> <span class='ocrx_word' id='word_1_367' title='bbox 610 3280 835 3341; x_wconf 77' lang='lat' dir='ltr'><strong>exorari,</strong></span> <span class='ocrx_word' id='word_1_368' title='bbox 882 3294 1038 3346; x_wconf 90' lang='lat' dir='ltr'><strong>neque</strong></span> <span class='ocrx_word' id='word_1_369' title='bbox 1083 3279 1300 3349; x_wconf 88' lang='lat' dir='ltr'><strong>placari.</strong></span> <span class='ocrx_word' id='word_1_370' title='bbox 1347 3277 1501 3333; x_wconf 82' lang='lat' dir='ltr'><strong>Solos</strong></span> <span class='ocrx_word' id='word_1_371' title='bbox 1541 3278 1790 3347; x_wconf 79' lang='lat' dir='ltr'><strong>sapientes</strong></span> <span class='ocrx_word' id='word_1_372' title='bbox 1836 3292 1973 3349; x_wconf 82' lang='lat' dir='ltr'><strong>esse;</strong></span> <span class='ocrx_word' id='word_1_373' title='bbox 2016 3279 2060 3329; x_wconf 89' lang='lat' dir='ltr'><strong>si</strong></span> 
     </span>
    </p>
   </div>
   <div class='ocr_carea' id='block_1_53' title="bbox 470 3348 2060 3419">
    <p class='ocr_par' dir='ltr' id='par_1_53' title="bbox 470 3348 2060 3419">
     <span class='ocr_line' id='line_1_53' title="bbox 470 3348 2060 3419; baseline -0.003 -16"><span class='ocrx_word' id='word_1_374' title='bbox 470 3350 818 3404; x_wconf 86' lang='lat' dir='ltr'><strong>distortissimi</strong></span> <span class='ocrx_word' id='word_1_375' title='bbox 844 3351 978 3413; x_wconf 91' lang='lat' dir='ltr'><strong>sint,</strong></span> <span class='ocrx_word' id='word_1_376' title='bbox 1025 3348 1311 3419; x_wconf 85' lang='lat' dir='ltr'><strong>formosos;</strong></span> <span class='ocrx_word' id='word_1_377' title='bbox 1342 3351 1386 3403; x_wconf 90' lang='lat' dir='ltr'><strong>si</strong></span> <span class='ocrx_word' id='word_1_378' title='bbox 1425 3349 1785 3402; x_wconf 87' lang='lat' dir='ltr'><strong>mendicissinti</strong></span> <span class='ocrx_word' id='word_1_379' title='bbox 1806 3390 1820 3414; x_wconf 94' lang='lat'><strong>,</strong></span> <span class='ocrx_word' id='word_1_380' title='bbox 1850 3348 2060 3409; x_wconf 84' lang='lat' dir='ltr'><strong>divites;</strong></span> 
     </span>
    </p>
   </div>
   <div class='ocr_carea' id='block_1_54' title="bbox 467 3420 1504 3490">
    <p class='ocr_par' dir='ltr' id='par_1_54' title="bbox 467 3420 1504 3490">
     <span class='ocr_line' id='line_1_54' title="bbox 467 3420 1504 3490; baseline -0.001 -16"><span class='ocrx_word' id='word_1_381' title='bbox 467 3422 514 3474; x_wconf 86' lang='lat' dir='ltr'><strong>si</strong></span> <span class='ocrx_word' id='word_1_382' title='bbox 538 3425 825 3475; x_wconf 84' lang='lat' dir='ltr'><strong>servitutem</strong></span> <span class='ocrx_word' id='word_1_383' title='bbox 850 3422 1091 3485; x_wconf 85' lang='lat' dir='ltr'><strong>serviant,</strong></span> <span class='ocrx_word' id='word_1_384' title='bbox 1117 3436 1275 3490; x_wconf 89' lang='lat' dir='ltr'><strong>reges.</strong></span> <span class='ocrx_word' id='word_1_385' title='bbox 1304 3420 1504 3475; x_wconf 81' lang='lat' dir='ltr'><strong>BE&#39;l&#39;UL.</strong></span> 
     </span>
    </p>
   </div>
   <div class='ocr_carea' id='block_1_55' title="bbox 540 3489 2054 3562">
    <p class='ocr_par' dir='ltr' id='par_1_55' title="bbox 540 3489 2054 3562">
     <span class='ocr_line' id='line_1_55' title="bbox 540 3489 2054 3562; baseline -0.002 -18"><span class='ocrx_word' id='word_1_386' title='bbox 540 3492 620 3545; x_wconf 82' lang='lat' dir='ltr'><strong>Ad</strong></span> <span class='ocrx_word' id='word_1_387' title='bbox 650 3491 1027 3562; x_wconf 86' lang='lat' dir='ltr'><strong>coarguendam</strong></span> <span class='ocrx_word' id='word_1_388' title='bbox 1054 3490 1236 3562; x_wconf 79' lang='lat' dir='ltr'><strong>furiosi</strong></span> <span class='ocrx_word' id='word_1_389' title='bbox 1265 3491 1481 3562; x_wconf 83' lang='lat' dir='ltr'><strong>hominis</strong></span> <span class='ocrx_word' id='word_1_390' title='bbox 1510 3507 1750 3562; x_wconf 83' lang='lat' dir='ltr'><strong>errorem.</strong></span> <span class='ocrx_word' id='word_1_391' title='bbox 1783 3489 2054 3562; x_wconf 62' lang='lat' dir='ltr'><strong>Emman.,</strong></span> 
     </span>
    </p>
   </div>
   <div class='ocr_carea' id='block_1_56' title="bbox 466 3559 2055 3626">
    <p class='ocr_par' dir='ltr' id='par_1_56' title="bbox 466 3559 2055 3626">
     <span class='ocr_line' id='line_1_56' title="bbox 466 3559 2055 3626; baseline -0.003 -8"><span class='ocrx_word' id='word_1_392' title='bbox 466 3563 622 3618; x_wconf 91' lang='lat' dir='ltr'><strong>Cant.</strong></span> <span class='ocrx_word' id='word_1_393' title='bbox 647 3573 703 3619; x_wconf 92' lang='lat' dir='ltr'><strong>et</strong></span> <span class='ocrx_word' id='word_1_394' title='bbox 723 3559 953 3617; x_wconf 71' lang='lat' dir='ltr'><strong>Keimm.</strong></span> <span class='ocrx_word' id='word_1_395' title='bbox 976 3578 1099 3616; x_wconf 88' lang='lat' dir='ltr'><strong>cum</strong></span> <span class='ocrx_word' id='word_1_396' title='bbox 1128 3561 1371 3626; x_wconf 60' lang='lat' dir='ltr'><strong>Sabine,</strong></span> <span class='ocrx_word' id='word_1_397' title='bbox 1396 3560 1571 3625; x_wconf 72' lang='lat' dir='ltr'><strong>llost.,</strong></span> <span class='ocrx_word' id='word_1_398' title='bbox 1592 3561 1724 3617; x_wconf 83' lang='lat' dir='ltr'><strong>Ven.</strong></span> <span class='ocrx_word' id='word_1_399' title='bbox 1761 3561 1925 3624; x_wconf 74' lang='lat' dir='ltr'><strong>M71,</strong></span> <span class='ocrx_word' id='word_1_400' title='bbox 1962 3559 2055 3623; x_wconf 84' lang='lat'><strong>97,</strong></span> 
     </span>
    </p>
   </div>
   <div class='ocr_carea' id='block_1_57' title="bbox 466 3633 2056 3706">
    <p class='ocr_par' dir='ltr' id='par_1_57' title="bbox 466 3633 2056 3706">
     <span class='ocr_line' id='line_1_57' title="bbox 466 3633 2056 3706; baseline -0.003 -20"><span class='ocrx_word' id='word_1_401' title='bbox 466 3633 723 3706; x_wconf 79' lang='lat' dir='ltr'><strong>usquead</strong></span> <span class='ocrx_word' id='word_1_402' title='bbox 751 3634 947 3706; x_wconf 87' lang='lat' dir='ltr'><strong>Gymn.</strong></span> <span class='ocrx_word' id='word_1_403' title='bbox 971 3634 1039 3686; x_wconf 90' lang='lat' dir='ltr'><strong>ad</strong></span> <span class='ocrx_word' id='word_1_404' title='bbox 1082 3633 1432 3706; x_wconf 80' lang='lat' dir='ltr'><strong>coercendum.</strong></span> <span class='ocrx_word' id='word_1_405' title='bbox 1477 3636 1674 3706; x_wconf 83' lang='lat' dir='ltr'><strong>Aptuin</strong></span> <span class='ocrx_word' id='word_1_406' title='bbox 1718 3633 1890 3686; x_wconf 76' lang='lat' dir='ltr'><strong>visum</strong></span> <span class='ocrx_word' id='word_1_407' title='bbox 1935 3646 2056 3706; x_wconf 72' lang='lat' dir='ltr'><strong>ver-</strong></span> 
     </span>
    </p>
   </div>
   <div class='ocr_carea' id='block_1_58' title="bbox 463 3701 2053 3775">
    <p class='ocr_par' dir='ltr' id='par_1_58' title="bbox 463 3701 2053 3775">
     <span class='ocr_line' id='line_1_58' title="bbox 463 3701 2053 3775; baseline -0.003 -15"><span class='ocrx_word' id='word_1_408' title='bbox 463 3701 616 3773; x_wconf 79' lang='lat' dir='ltr'><strong>buin,</strong></span> <span class='ocrx_word' id='word_1_409' title='bbox 661 3701 1073 3775; x_wconf 63' lang='lat' dir='ltr'><strong>quia&#39;seqnitnr</strong></span> <span class='ocrx_word' id='word_1_410' title='bbox 1120 3704 1333 3773; x_wconf 81' lang='lat' dir='ltr'><strong>furiosi,</strong></span> <span class='ocrx_word' id='word_1_411' title='bbox 1384 3706 1475 3774; x_wconf 90' lang='lat' dir='ltr'><strong>qui</strong></span> <span class='ocrx_word' id='word_1_412' title='bbox 1522 3701 1691 3774; x_wconf 83' lang='lat' dir='ltr'><strong>magis</strong></span> <span class='ocrx_word' id='word_1_413' title='bbox 1729 3701 2053 3769; x_wconf 86' lang='lat' dir='ltr'><strong>coercendi,</strong></span> 
     </span>
    </p>
   </div>
   <div class='ocr_carea' id='block_1_59' title="bbox 463 3775 1150 3849">
    <p class='ocr_par' dir='ltr' id='par_1_59' title="bbox 463 3775 1150 3849">
     <span class='ocr_line' id='line_1_59' title="bbox 463 3775 1150 3849; baseline -0.001 -20"><span class='ocrx_word' id='word_1_414' title='bbox 463 3792 624 3847; x_wconf 85' lang='lat' dir='ltr'><strong>quam</strong></span> <span class='ocrx_word' id='word_1_415' title='bbox 663 3775 991 3849; x_wconf 88' lang='lat' dir='ltr'><strong>coarguendi.</strong></span> <span class='ocrx_word' id='word_1_416' title='bbox 1020 3775 1150 3831; x_wconf 80' lang='lat' dir='ltr'><strong>BUN.</strong></span> 
     </span>
    </p>
   </div>
   <div class='ocr_carea' id='block_1_60' title="bbox 537 3867 2052 3937">
    <p class='ocr_par' dir='ltr' id='par_1_60' title="bbox 537 3867 2052 3937">
     <span class='ocr_line' id='line_1_60' title="bbox 537 3867 2052 3937; baseline -0.003 -15"><span class='ocrx_word' id='word_1_417' title='bbox 537 3869 689 3937; x_wconf 89' lang='lat' dir='ltr'><strong>Quod</strong></span> <span class='ocrx_word' id='word_1_418' title='bbox 736 3871 867 3924; x_wconf 88' lang='lat' dir='ltr'><strong>inter</strong></span> <span class='ocrx_word' id='word_1_419' title='bbox 920 3869 1041 3921; x_wconf 82' lang='lat' dir='ltr'><strong>vitia</strong></span> <span class='ocrx_word' id='word_1_420' title='bbox 1090 3877 1138 3923; x_wconf 89' lang='lat' dir='ltr'><strong>et</strong></span> <span class='ocrx_word' id='word_1_421' title='bbox 1183 3868 1382 3923; x_wconf 86' lang='lat' dir='ltr'><strong>morbos</strong></span> <span class='ocrx_word' id='word_1_422' title='bbox 1438 3868 1842 3923; x_wconf 87' lang='lat' dir='ltr'><strong>misericordiam</strong></span> <span class='ocrx_word' id='word_1_423' title='bbox 1890 3867 2052 3934; x_wconf 84' lang='lat' dir='ltr'><strong>ponit.</strong></span> 
     </span>
    </p>
   </div>
   <div class='ocr_carea' id='block_1_61' title="bbox 465 3938 2057 4011">
    <p class='ocr_par' dir='ltr' id='par_1_61' title="bbox 465 3938 2057 4011">
     <span class='ocr_line' id='line_1_61' title="bbox 465 3938 2057 4011; baseline -0.004 -16"><span class='ocrx_word' id='word_1_424' title='bbox 465 3940 672 4011; x_wconf 82' lang='lat' dir='ltr'><strong>Dogtna</strong></span> <span class='ocrx_word' id='word_1_425' title='bbox 709 3942 934 3995; x_wconf 89' lang='lat' dir='ltr'><strong>stoicum</strong></span> <span class='ocrx_word' id='word_1_426' title='bbox 966 3942 1185 4005; x_wconf 87' lang='lat' dir='ltr'><strong>statuit,</strong></span> <span class='ocrx_word' id='word_1_427' title='bbox 1218 3941 1621 3994; x_wconf 89' lang='lat' dir='ltr'><strong>misericordiam</strong></span> <span class='ocrx_word' id='word_1_428' title='bbox 1651 3955 1759 3992; x_wconf 88' lang='lat' dir='ltr'><strong>esse</strong></span> <span class='ocrx_word' id='word_1_429' title='bbox 1792 3938 2057 4011; x_wconf 66' lang='lat' dir='ltr'><strong>aegritudi-</strong></span> 
     </span>
    </p>
   </div>
   <div class='ocr_carea' id='block_1_62' title="bbox 461 4010 2057 4082">
    <p class='ocr_par' dir='ltr' id='par_1_62' title="bbox 461 4010 2057 4082">
     <span class='ocr_line' id='line_1_62' title="bbox 461 4010 2057 4082; baseline -0.003 -17"><span class='ocrx_word' id='word_1_430' title='bbox 461 4010 613 4082; x_wconf 83' lang='lat' dir='ltr'><strong>nem,</strong></span> <span class='ocrx_word' id='word_1_431' title='bbox 659 4014 764 4067; x_wconf 87' lang='lat' dir='ltr'><strong>sive</strong></span> <span class='ocrx_word' id='word_1_432' title='bbox 806 4011 1229 4082; x_wconf 75' lang='lat' dir='ltr'><strong>perturbationem</strong></span> <span class='ocrx_word' id='word_1_433' title='bbox 1275 4013 1769 4080; x_wconf 85' lang='lat' dir='ltr'><strong>contractionemque</strong></span> <span class='ocrx_word' id='word_1_434' title='bbox 1814 4010 1995 4073; x_wconf 89' lang='lat' dir='ltr'><strong>animi,</strong></span> <span class='ocrx_word' id='word_1_435' title='bbox 2024 4024 2057 4061; x_wconf 92' lang='lat' dir='ltr'><strong>a</strong></span> 
     </span>
    </p>
   </div>
   <div class='ocr_carea' id='block_1_63' title="bbox 460 4081 2056 4151">
    <p class='ocr_par' dir='ltr' id='par_1_63' title="bbox 460 4081 2056 4151">
     <span class='ocr_line' id='line_1_63' title="bbox 460 4081 2056 4151; baseline -0.002 -16"><span class='ocrx_word' id='word_1_436' title='bbox 460 4081 661 4136; x_wconf 85' lang='lat' dir='ltr'><strong>ratione</strong></span> <span class='ocrx_word' id='word_1_437' title='bbox 683 4082 920 4136; x_wconf 90' lang='lat' dir='ltr'><strong>alienam.</strong></span> <span class='ocrx_word' id='word_1_438' title='bbox 950 4081 1133 4151; x_wconf 79' lang='lat' dir='ltr'><strong>Itaque</strong></span> <span class='ocrx_word' id='word_1_439' title='bbox 1176 4082 1446 4145; x_wconf 81' lang='lat' dir='ltr'><strong>Sapientes</strong></span> <span class='ocrx_word' id='word_1_440' title='bbox 1484 4099 1587 4151; x_wconf 75' lang='lat' dir='ltr'><strong>non</strong></span> <span class='ocrx_word' id='word_1_441' title='bbox 1629 4097 1738 4134; x_wconf 88' lang='lat' dir='ltr'><strong>esse</strong></span> <span class='ocrx_word' id='word_1_442' title='bbox 1767 4084 2056 4151; x_wconf 81' lang='lat' dir='ltr'><strong>misericor-</strong></span> 
     </span>
    </p>
   </div>
   <div class='ocr_carea' id='block_1_64' title="bbox 460 4142 2051 4221">
    <p class='ocr_par' dir='ltr' id='par_1_64' title="bbox 460 4142 2051 4221">
     <span class='ocr_line' id='line_1_64' title="bbox 460 4142 2051 4221; baseline -0.003 -14"><span class='ocrx_word' id='word_1_443' title='bbox 460 4155 568 4208; x_wconf 88' lang='lat' dir='ltr'><strong>des.</strong></span> <span class='ocrx_word' id='word_1_444' title='bbox 599 4152 780 4209; x_wconf 88' lang='lat' dir='ltr'><strong>Laert.</strong></span> <span class='ocrx_word' id='word_1_445' title='bbox 810 4154 898 4207; x_wconf 91' lang='lat' dir='ltr'><strong>lib.</strong></span> <span class='ocrx_word' id='word_1_446' title='bbox 930 4169 1029 4220; x_wconf 82' lang='lat' dir='ltr'><strong>vit,</strong></span> <span class='ocrx_word' id='word_1_447' title='bbox 1049 4142 1108 4207; x_wconf 79' lang='lat' dir='ltr'><strong>in</strong></span> <span class='ocrx_word' id='word_1_448' title='bbox 1126 4142 1363 4217; x_wconf 84' lang='lat' dir='ltr'><strong>Zenone;</strong></span> <span class='ocrx_word' id='word_1_449' title='bbox 1389 4153 1503 4207; x_wconf 90' lang='lat' dir='ltr'><strong>Cic.</strong></span> <span class='ocrx_word' id='word_1_450' title='bbox 1533 4142 1680 4205; x_wconf 73' lang='lat' dir='ltr'><strong>Orat.</strong></span> <span class='ocrx_word' id='word_1_451' title='bbox 1709 4167 1801 4221; x_wconf 89' lang='lat' dir='ltr'><strong>pro</strong></span> <span class='ocrx_word' id='word_1_452' title='bbox 1833 4150 1880 4202; x_wconf 85' lang='lat' dir='ltr'><strong><em>M</em></strong></span> <span class='ocrx_word' id='word_1_453' title='bbox 1890 4166 2051 4204; x_wconf 79' lang='lat' dir='ltr'><strong>uram.</strong></span> 
     </span>
    </p>
   </div>
   <div class='ocr_carea' id='block_1_65' title="bbox 459 4222 2056 4293">
    <p class='ocr_par' dir='ltr' id='par_1_65' title="bbox 459 4222 2056 4293">
     <span class='ocr_line' id='line_1_65' title="bbox 459 4222 2056 4293; baseline -0.003 -13"><span class='ocrx_word' id='word_1_454' title='bbox 459 4235 517 4281; x_wconf 91' lang='lat' dir='ltr'><strong>et</strong></span> <span class='ocrx_word' id='word_1_455' title='bbox 560 4241 614 4279; x_wconf 84' lang='lat' dir='ltr'><strong>tv</strong></span> <span class='ocrx_word' id='word_1_456' title='bbox 651 4225 997 4280; x_wconf 84' lang='lat' dir='ltr'><strong>&#39;l‘uscnlanar.</strong></span> <span class='ocrx_word' id='word_1_457' title='bbox 1044 4233 1234 4293; x_wconf 68' lang='lat' dir='ltr'><strong>quaest.</strong></span> <span class='ocrx_word' id='word_1_458' title='bbox 1262 4266 1276 4290; x_wconf 98' lang='lat'><strong>,</strong></span> <span class='ocrx_word' id='word_1_459' title='bbox 1319 4238 1439 4293; x_wconf 90' lang='lat' dir='ltr'><strong>cap.</strong></span> <span class='ocrx_word' id='word_1_460' title='bbox 1488 4222 1556 4277; x_wconf 83' lang='lat' dir='ltr'><strong>l8</strong></span> <span class='ocrx_word' id='word_1_461' title='bbox 1585 4240 1597 4276; x_wconf 91' lang='lat'><strong>:</strong></span> <span class='ocrx_word' id='word_1_462' title='bbox 1630 4238 1750 4276; x_wconf 88' lang='lat' dir='ltr'><strong>cum</strong></span> <span class='ocrx_word' id='word_1_463' title='bbox 1798 4222 1953 4277; x_wconf 89' lang='lat' dir='ltr'><strong>Plato</strong></span> <span class='ocrx_word' id='word_1_464' title='bbox 2001 4232 2056 4277; x_wconf 90' lang='lat' dir='ltr'><strong>et</strong></span> 
     </span>
    </p>
   </div>
   <div class='ocr_carea' id='block_1_66' title="bbox 458 4293 2050 4361">
    <p class='ocr_par' dir='ltr' id='par_1_66' title="bbox 458 4293 2050 4361">
     <span class='ocr_line' id='line_1_66' title="bbox 458 4293 2050 4361; baseline -0.004 -10"><span class='ocrx_word' id='word_1_465' title='bbox 458 4296 776 4351; x_wconf 82' lang='lat' dir='ltr'><strong>Aristotcles</strong></span> <span class='ocrx_word' id='word_1_466' title='bbox 802 4306 987 4350; x_wconf 85' lang='lat' dir='ltr'><strong>contra</strong></span> <span class='ocrx_word' id='word_1_467' title='bbox 1015 4296 1329 4361; x_wconf 88' lang='lat' dir='ltr'><strong>docuerint,</strong></span> <span class='ocrx_word' id='word_1_468' title='bbox 1362 4295 1458 4347; x_wconf 82' lang='lat' dir='ltr'><strong>uiri</strong></span> <span class='ocrx_word' id='word_1_469' title='bbox 1497 4293 1617 4347; x_wconf 88' lang='lat' dir='ltr'><strong>boni</strong></span> <span class='ocrx_word' id='word_1_470' title='bbox 1659 4308 1766 4348; x_wconf 87' lang='lat' dir='ltr'><strong>esse</strong></span> <span class='ocrx_word' id='word_1_471' title='bbox 1802 4293 2050 4347; x_wconf 85' lang='lat' dir='ltr'><strong>misereri.</strong></span> 
     </span>
    </p>
   </div>
   <div class='ocr_carea' id='block_1_67' title="bbox 457 4364 2051 4436">
    <p class='ocr_par' dir='ltr' id='par_1_67' title="bbox 457 4364 2051 4436">
     <span class='ocr_line' id='line_1_67' title="bbox 457 4364 2051 4436; baseline -0.001 -16"><span class='ocrx_word' id='word_1_472' title='bbox 457 4366 595 4435; x_wconf 86' lang='lat' dir='ltr'><strong>Quin</strong></span> <span class='ocrx_word' id='word_1_473' title='bbox 624 4377 678 4423; x_wconf 92' lang='lat' dir='ltr'><strong>et</strong></span> <span class='ocrx_word' id='word_1_474' title='bbox 706 4366 989 4436; x_wconf 85' lang='lat' dir='ltr'><strong>Euripides</strong></span> <span class='ocrx_word' id='word_1_475' title='bbox 1044 4375 1229 4420; x_wconf 89' lang='lat' dir='ltr'><strong>contra</strong></span> <span class='ocrx_word' id='word_1_476' title='bbox 1275 4380 1497 4436; x_wconf 91' lang='lat' dir='ltr'><strong>prorsus</strong></span> <span class='ocrx_word' id='word_1_477' title='bbox 1541 4379 1701 4435; x_wconf 87' lang='lat' dir='ltr'><strong>quam</strong></span> <span class='ocrx_word' id='word_1_478' title='bbox 1744 4364 1951 4432; x_wconf 89' lang='lat' dir='ltr'><strong>Stoici,</strong></span> <span class='ocrx_word' id='word_1_479' title='bbox 1997 4364 2051 4418; x_wconf 92' lang='lat' dir='ltr'><strong>in</strong></span> 
     </span>
    </p>
   </div>
   <div class='ocr_carea' id='block_1_68' title="bbox 455 4436 1476 4509">
    <p class='ocr_par' dir='ltr' id='par_1_68' title="bbox 455 4436 1476 4509">
     <span class='ocr_line' id='line_1_68' title="bbox 455 4436 1476 4509; baseline -0.002 -17"><span class='ocrx_word' id='word_1_480' title='bbox 455 4439 679 4509; x_wconf 82' lang='lat' dir='ltr'><strong>Antiopa</strong></span> <span class='ocrx_word' id='word_1_481' title='bbox 702 4439 844 4509; x_wconf 87' lang='lat' dir='ltr'><strong>apud</strong></span> <span class='ocrx_word' id='word_1_482' title='bbox 871 4436 1016 4494; x_wconf 90' lang='lat' dir='ltr'><strong>Stob.</strong></span> <span class='ocrx_word' id='word_1_483' title='bbox 1045 4448 1168 4492; x_wconf 91' lang='lat' dir='ltr'><strong>tom.</strong></span> <span class='ocrx_word' id='word_1_484' title='bbox 1196 4453 1258 4502; x_wconf 88' lang='grc' dir='ltr'>ιι,</span> <span class='ocrx_word' id='word_1_485' title='bbox 1293 4436 1371 4491; x_wconf 90' lang='lat' dir='ltr'><strong>tit.</strong></span> <span class='ocrx_word' id='word_1_486' title='bbox 1403 4437 1436 4490; x_wconf 81' lang='lat'><strong>&#39;5</strong></span> <span class='ocrx_word' id='word_1_487' title='bbox 1463 4454 1476 4490; x_wconf 92' lang='lat'><strong>:</strong></span> 
     </span>
    </p>
   </div>
   <div class='ocr_carea' id='block_1_69' title="bbox 577 4552 1572 4618">
    <p class='ocr_par' dir='ltr' id='par_1_69' title="bbox 577 4552 1572 4618">
     <span class='ocr_line' id='line_1_69' title="bbox 577 4552 1572 4618; baseline 0 -17"><span class='ocrx_word' id='word_1_488' title='bbox 577 4552 684 4618; x_wconf 82' lang='lat' dir='ltr'><strong>Non</strong></span> <span class='ocrx_word' id='word_1_489' title='bbox 704 4554 917 4618; x_wconf 85' lang='lat' dir='ltr'><strong>imperiti</strong></span> <span class='ocrx_word' id='word_1_490' title='bbox 939 4558 1098 4601; x_wconf 84' lang='lat' dir='ltr'><strong>motus</strong></span> <span class='ocrx_word' id='word_1_491' title='bbox 1120 4559 1200 4602; x_wconf 88' lang='lat' dir='ltr'><strong>est</strong></span> <span class='ocrx_word' id='word_1_492' title='bbox 1221 4557 1572 4618; x_wconf 72' lang='lat' dir='ltr'><strong>miserescere,</strong></span> 
     </span>
    </p>
   </div>
   <div class='ocr_carea' id='block_1_70' title="bbox 578 4614 1609 4678">
    <p class='ocr_par' dir='ltr' id='par_1_70' title="bbox 578 4614 1609 4678">
     <span class='ocr_line' id='line_1_70' title="bbox 578 4614 1609 4678; baseline -0.002 -13"><span class='ocrx_word' id='word_1_493' title='bbox 578 4616 679 4678; x_wconf 77' lang='lat' dir='ltr'><strong>Sed</strong></span> <span class='ocrx_word' id='word_1_494' title='bbox 704 4614 789 4665; x_wconf 89' lang='lat' dir='ltr'><strong>viri</strong></span> <span class='ocrx_word' id='word_1_495' title='bbox 814 4616 1077 4678; x_wconf 81' lang='lat' dir='ltr'><strong>sapientis;</strong></span> <span class='ocrx_word' id='word_1_496' title='bbox 1096 4627 1338 4677; x_wconf 60' lang='lat' dir='ltr'><strong>noxasque</strong></span> <span class='ocrx_word' id='word_1_497' title='bbox 1361 4614 1609 4678; x_wconf 83' lang='lat' dir='ltr'><strong>imminet,</strong></span> 
     </span>
    </p>
   </div>
   <div class='ocr_carea' id='block_1_71' title="bbox 577 4676 1760 4741">
    <p class='ocr_par' dir='ltr' id='par_1_71' title="bbox 577 4676 1760 4741">
     <span class='ocr_line' id='line_1_71' title="bbox 577 4676 1760 4741; baseline -0.002 -12"><span class='ocrx_word' id='word_1_498' title='bbox 577 4677 696 4729; x_wconf 86' lang='lat' dir='ltr'><strong>Cum</strong></span> <span class='ocrx_word' id='word_1_499' title='bbox 718 4676 898 4741; x_wconf 80' lang='lat' dir='ltr'><strong>sapere</strong></span> <span class='ocrx_word' id='word_1_500' title='bbox 921 4689 1037 4726; x_wconf 87' lang='lat' dir='ltr'><strong>sese</strong></span> <span class='ocrx_word' id='word_1_501' title='bbox 1060 4678 1144 4739; x_wconf 90' lang='lat' dir='ltr'><strong>qui</strong></span> <span class='ocrx_word' id='word_1_502' title='bbox 1162 4676 1352 4739; x_wconf 79' lang='lat' dir='ltr'><strong>putant,</strong></span> <span class='ocrx_word' id='word_1_503' title='bbox 1377 4676 1576 4741; x_wconf 86' lang='lat' dir='ltr'><strong>sapiunt</strong></span> <span class='ocrx_word' id='word_1_504' title='bbox 1596 4676 1760 4728; x_wconf 85' lang='lat' dir='ltr'><strong>nimis.</strong></span> 
     </span>
    </p>
   </div>
   <div class='ocr_carea' id='block_1_72' title="bbox 450 4777 2043 4851">
    <p class='ocr_par' dir='ltr' id='par_1_72' title="bbox 450 4777 2043 4851">
     <span class='ocr_line' id='line_1_72' title="bbox 450 4777 2043 4851; baseline -0.001 -14"><span class='ocrx_word' id='word_1_505' title='bbox 450 4782 654 4839; x_wconf 86' lang='lat' dir='ltr'><strong>Verum</strong></span> <span class='ocrx_word' id='word_1_506' title='bbox 706 4779 1013 4851; x_wconf 90' lang='lat' dir='ltr'><strong>Stoicorum</strong></span> <span class='ocrx_word' id='word_1_507' title='bbox 1061 4778 1253 4851; x_wconf 89' lang='lat' dir='ltr'><strong>dogma</strong></span> <span class='ocrx_word' id='word_1_508' title='bbox 1297 4779 1439 4835; x_wconf 89' lang='lat' dir='ltr'><strong>istud</strong></span> <span class='ocrx_word' id='word_1_509' title='bbox 1487 4778 1707 4851; x_wconf 14' lang='lat' dir='ltr'><strong>Seneca,</strong></span> <span class='ocrx_word' id='word_1_510' title='bbox 1744 4777 2043 4835; x_wconf 90' lang='lat' dir='ltr'><strong>clarissime</strong></span> 
     </span>
    </p>
   </div>
   <div class='ocr_carea' id='block_1_73' title="bbox 449 4849 2043 4923">
    <p class='ocr_par' dir='ltr' id='par_1_73' title="bbox 449 4849 2043 4923">
     <span class='ocr_line' id='line_1_73' title="bbox 449 4849 2043 4923; baseline -0.004 -13"><span class='ocrx_word' id='word_1_511' title='bbox 449 4855 684 4923; x_wconf 82' lang='lat' dir='ltr'><strong>explicat</strong></span> <span class='ocrx_word' id='word_1_512' title='bbox 707 4852 769 4905; x_wconf 86' lang='lat' dir='ltr'><strong>de</strong></span> <span class='ocrx_word' id='word_1_513' title='bbox 790 4850 1036 4923; x_wconf 84' lang='lat' dir='ltr'><strong>Clement.</strong></span> <span class='ocrx_word' id='word_1_514' title='bbox 1056 4849 1160 4923; x_wconf 49' lang='lat' dir='ltr'><strong>lib&#39;.</strong></span> <span class='ocrx_word' id='word_1_515' title='bbox 1185 4867 1245 4918; x_wconf 88' lang='grc' dir='ltr'>ιι,</span> <span class='ocrx_word' id='word_1_516' title='bbox 1271 4866 1390 4921; x_wconf 91' lang='lat' dir='ltr'><strong>cap.</strong></span> <span class='ocrx_word' id='word_1_517' title='bbox 1426 4854 1480 4916; x_wconf 78' lang='grc'><strong>4,</strong></span> <span class='ocrx_word' id='word_1_518' title='bbox 1524 4852 1558 4907; x_wconf 84' lang='grc'><strong>5</strong></span> <span class='ocrx_word' id='word_1_519' title='bbox 1584 4868 1601 4923; x_wconf 14' lang='grc' dir='ltr'><strong>εί</strong></span> <span class='ocrx_word' id='word_1_520' title='bbox 1633 4849 2043 4904; x_wconf 80' lang='lat' dir='ltr'><strong>Misericordiam</strong></span> 
     </span>
    </p>
   </div>
   <div class='ocr_carea' id='block_1_74' title="bbox 450 4921 2043 4993">
    <p class='ocr_par' dir='ltr' id='par_1_74' title="bbox 450 4921 2043 4993">
     <span class='ocr_line' id='line_1_74' title="bbox 450 4921 2043 4993; baseline -0.002 -14"><span class='ocrx_word' id='word_1_521' title='bbox 450 4921 680 4993; x_wconf 77' lang='lat' dir='ltr'><strong>plerique</strong></span> <span class='ocrx_word' id='word_1_522' title='bbox 705 4932 760 4975; x_wconf 90' lang='lat' dir='ltr'><strong>ut</strong></span> <span class='ocrx_word' id='word_1_523' title='bbox 786 4921 1019 4975; x_wconf 79' lang='lat' dir='ltr'><strong>virtutem</strong></span> <span class='ocrx_word' id='word_1_524' title='bbox 1044 4922 1275 4988; x_wconf 90' lang='lat' dir='ltr'><strong>laudant,</strong></span> <span class='ocrx_word' id='word_1_525' title='bbox 1296 4933 1343 4975; x_wconf 87' lang='lat' dir='ltr'><strong>et</strong></span> <span class='ocrx_word' id='word_1_526' title='bbox 1367 4923 1553 4976; x_wconf 86' lang='lat' dir='ltr'><strong>bonum</strong></span> <span class='ocrx_word' id='word_1_527' title='bbox 1583 4922 1837 4993; x_wconf 73' lang='lat' dir='ltr'><strong>hominem</strong></span> <span class='ocrx_word' id='word_1_528' title='bbox 1866 4931 2043 4993; x_wconf 84' lang='lat' dir='ltr'><strong>vocant</strong></span> 
     </span>
    </p>
   </div>
   <div class='ocr_carea' id='block_1_75' title="bbox 448 4991 2041 5049">
    <p class='ocr_par' dir='ltr' id='par_1_75' title="bbox 448 4991 2041 5049">
     <span class='ocr_line' id='line_1_75' title="bbox 448 4991 2041 5049; baseline -0.002 0"><span class='ocrx_word' id='word_1_529' title='bbox 448 4991 999 5049; x_wconf 59' lang='lat' dir='ltr'><strong>misericordemﬂnec</strong></span> <span class='ocrx_word' id='word_1_530' title='bbox 1024 5003 1192 5048; x_wconf 85' lang='lat' dir='ltr'><strong>autem</strong></span> <span class='ocrx_word' id='word_1_531' title='bbox 1231 4994 1406 5047; x_wconf 81' lang='lat' dir='ltr'><strong>vitium</strong></span> <span class='ocrx_word' id='word_1_532' title='bbox 1444 4993 1603 5046; x_wconf 88' lang='lat' dir='ltr'><strong>animi</strong></span> <span class='ocrx_word' id='word_1_533' title='bbox 1648 5003 1742 5046; x_wconf 89' lang='lat' dir='ltr'><strong>est.</strong></span> <span class='ocrx_word' id='word_1_534' title='bbox 1787 4991 1881 5045; x_wconf 85' lang='lat' dir='ltr'><strong>Est</strong></span> <span class='ocrx_word' id='word_1_535' title='bbox 1908 4992 2041 5046; x_wconf 88' lang='lat' dir='ltr'><strong>enim</strong></span> 
     </span>
    </p>
   </div>
   <div class='ocr_carea' id='block_1_76' title="bbox 447 5063 2039 5134">
    <p class='ocr_par' dir='ltr' id='par_1_76' title="bbox 447 5063 2039 5134">
     <span class='ocr_line' id='line_1_76' title="bbox 447 5063 2039 5134; baseline -0.001 -15"><span class='ocrx_word' id='word_1_536' title='bbox 447 5067 630 5120; x_wconf 80' lang='lat' dir='ltr'><strong>vitium</strong></span> <span class='ocrx_word' id='word_1_537' title='bbox 659 5066 832 5134; x_wconf 83' lang='lat' dir='ltr'><strong>pusilli</strong></span> <span class='ocrx_word' id='word_1_538' title='bbox 862 5065 1051 5130; x_wconf 88' lang='lat' dir='ltr'><strong>animi,</strong></span> <span class='ocrx_word' id='word_1_539' title='bbox 1090 5064 1158 5117; x_wconf 87' lang='lat' dir='ltr'><strong>ad</strong></span> <span class='ocrx_word' id='word_1_540' title='bbox 1204 5065 1422 5131; x_wconf 79' lang='lat' dir='ltr'><strong>speciem</strong></span> <span class='ocrx_word' id='word_1_541' title='bbox 1463 5063 1748 5118; x_wconf 87' lang='lat' dir='ltr'><strong>alienorum</strong></span> <span class='ocrx_word' id='word_1_542' title='bbox 1786 5063 2039 5117; x_wconf 89' lang='lat' dir='ltr'><strong>malorum</strong></span> 
     </span>
    </p>
   </div>
   <div class='ocr_carea' id='block_1_77' title="bbox 447 5134 2039 5204">
    <p class='ocr_par' dir='ltr' id='par_1_77' title="bbox 447 5134 2039 5204">
     <span class='ocr_line' id='line_1_77' title="bbox 447 5134 2039 5204; baseline -0.001 -14"><span class='ocrx_word' id='word_1_543' title='bbox 447 5137 774 5191; x_wconf 85' lang='lat' dir='ltr'><strong>succidentis.</strong></span> <span class='ocrx_word' id='word_1_544' title='bbox 808 5138 873 5193; x_wconf 86' lang='lat' dir='ltr'><strong>Et</strong></span> <span class='ocrx_word' id='word_1_545' title='bbox 893 5152 1012 5191; x_wconf 80' lang='lat' dir='ltr'><strong>mox</strong></span> <span class='ocrx_word' id='word_1_546' title='bbox 1042 5155 1053 5189; x_wconf 92' lang='lat'>:</span> <span class='ocrx_word' id='word_1_547' title='bbox 1082 5134 1434 5191; x_wconf 82' lang='lat' dir='ltr'><strong>Misericordia</strong></span> <span class='ocrx_word' id='word_1_548' title='bbox 1453 5136 1703 5204; x_wconf 79' lang='lat' dir='ltr'><strong>wgritudo</strong></span> <span class='ocrx_word' id='word_1_549' title='bbox 1733 5143 1803 5188; x_wconf 88' lang='lat' dir='ltr'><strong>est</strong></span> <span class='ocrx_word' id='word_1_550' title='bbox 1833 5134 1895 5187; x_wconf 91' lang='lat' dir='ltr'><strong>ob</strong></span> <span class='ocrx_word' id='word_1_551' title='bbox 1913 5136 2039 5188; x_wconf 83' lang='lat' dir='ltr'><strong>alie-</strong></span> 
     </span>
    </p>
   </div>
   <div class='ocr_carea' id='block_1_78' title="bbox 447 5205 2035 5277">
    <p class='ocr_par' dir='ltr' id='par_1_78' title="bbox 447 5205 2035 5277">
     <span class='ocr_line' id='line_1_78' title="bbox 447 5205 2035 5277; baseline -0.001 -17"><span class='ocrx_word' id='word_1_552' title='bbox 447 5224 633 5261; x_wconf 83' lang='lat' dir='ltr'><strong>narunt</strong></span> <span class='ocrx_word' id='word_1_553' title='bbox 658 5209 977 5263; x_wconf 88' lang='lat' dir='ltr'><strong>miseriarum</strong></span> <span class='ocrx_word' id='word_1_554' title='bbox 1005 5208 1221 5276; x_wconf 85' lang='lat' dir='ltr'><strong>speciem</strong></span> <span class='ocrx_word' id='word_1_555' title='bbox 1243 5208 1529 5277; x_wconf 75' lang='lat' dir='ltr'><strong>:tegritudo</strong></span> <span class='ocrx_word' id='word_1_556' title='bbox 1556 5213 1733 5277; x_wconf 74' lang='lat' dir='ltr'><strong>autem</strong></span> <span class='ocrx_word' id='word_1_557' title='bbox 1749 5207 1800 5277; x_wconf 86' lang='lat' dir='ltr'><strong>in</strong></span> <span class='ocrx_word' id='word_1_558' title='bbox 1826 5205 2035 5277; x_wconf 82' lang='lat' dir='ltr'><strong>sapien-</strong></span> 
     </span>
    </p>
   </div>
   <div class='ocr_carea' id='block_1_79' title="bbox 447 5275 2035 5348">
    <p class='ocr_par' dir='ltr' id='par_1_79' title="bbox 447 5275 2035 5348">
     <span class='ocr_line' id='line_1_79' title="bbox 447 5275 2035 5348; baseline -0.002 -16"><span class='ocrx_word' id='word_1_559' title='bbox 447 5288 547 5333; x_wconf 89' lang='lat' dir='ltr'><strong>tem</strong></span> <span class='ocrx_word' id='word_1_560' title='bbox 600 5278 764 5334; x_wconf 76' lang='lat' dir='ltr'><strong>uirum</strong></span> <span class='ocrx_word' id='word_1_561' title='bbox 814 5297 916 5334; x_wconf 90' lang='lat' dir='ltr'><strong>non</strong></span> <span class='ocrx_word' id='word_1_562' title='bbox 960 5275 1115 5332; x_wconf 85' lang='lat' dir='ltr'><strong>cadit.</strong></span> <span class='ocrx_word' id='word_1_563' title='bbox 1149 5275 1387 5348; x_wconf 83' lang='lat' dir='ltr'><strong>Denique</strong></span> <span class='ocrx_word' id='word_1_564' title='bbox 1424 5291 1545 5346; x_wconf 92' lang='lat' dir='ltr'><strong>cap.</strong></span> <span class='ocrx_word' id='word_1_565' title='bbox 1577 5278 1647 5331; x_wconf 77' lang='grc' dir='ltr'><strong>ϐε</strong></span> <span class='ocrx_word' id='word_1_566' title='bbox 1681 5275 2035 5330; x_wconf 79' lang='lat' dir='ltr'><strong>Misericordia</strong></span> 
     </span>
    </p>
   </div>
   <div class='ocr_carea' id='block_1_80' title="bbox 448 5349 2035 5418">
    <p class='ocr_par' dir='ltr' id='par_1_80' title="bbox 448 5349 2035 5418">
     <span class='ocr_line' id='line_1_80' title="bbox 448 5349 2035 5418; baseline -0.001 -15"><span class='ocrx_word' id='word_1_567' title='bbox 448 5351 621 5405; x_wconf 83' lang='lat' dir='ltr'><strong>vitium</strong></span> <span class='ocrx_word' id='word_1_568' title='bbox 647 5362 719 5405; x_wconf 90' lang='lat' dir='ltr'><strong>est</strong></span> <span class='ocrx_word' id='word_1_569' title='bbox 745 5353 1027 5405; x_wconf 87' lang='lat' dir='ltr'><strong>animorum</strong></span> <span class='ocrx_word' id='word_1_570' title='bbox 1054 5349 1204 5402; x_wconf 89' lang='lat' dir='ltr'><strong>nimis</strong></span> <span class='ocrx_word' id='word_1_571' title='bbox 1232 5349 1449 5403; x_wconf 73' lang='lat' dir='ltr'><strong>miseria:</strong></span> <span class='ocrx_word' id='word_1_572' title='bbox 1470 5349 1744 5418; x_wconf 82' lang='lat' dir='ltr'><strong>faventium</strong></span> <span class='ocrx_word' id='word_1_573' title='bbox 1771 5362 1791 5400; x_wconf 88' lang='lat'><strong><em>:</em></strong></span> <span class='ocrx_word' id='word_1_574' title='bbox 1817 5363 1967 5417; x_wconf 88' lang='lat' dir='ltr'><strong>quam</strong></span> <span class='ocrx_word' id='word_1_575' title='bbox 1989 5349 2035 5401; x_wconf 88' lang='lat' dir='ltr'><strong>si</strong></span> 
     </span>
    </p>
   </div>
   <div class='ocr_carea' id='block_1_81' title="bbox 444 5419 2029 5491">
    <p class='ocr_par' dir='ltr' id='par_1_81' title="bbox 444 5419 2029 5491">
     <span class='ocr_line' id='line_1_81' title="bbox 444 5419 2029 5491; baseline -0.002 -17"><span class='ocrx_word' id='word_1_576' title='bbox 444 5424 557 5491; x_wconf 87' lang='lat' dir='ltr'><strong>quis</strong></span> <span class='ocrx_word' id='word_1_577' title='bbox 586 5440 619 5476; x_wconf 92' lang='lat' dir='ltr'><strong>a</strong></span> <span class='ocrx_word' id='word_1_578' title='bbox 645 5426 872 5488; x_wconf 83' lang='lat' dir='ltr'><strong>sapiente</strong></span> <span class='ocrx_word' id='word_1_579' title='bbox 898 5421 1073 5490; x_wconf 66' lang='lat' dir='ltr'><strong>exigit,</strong></span> <span class='ocrx_word' id='word_1_580' title='bbox 1105 5436 1262 5490; x_wconf 88' lang='lat' dir='ltr'><strong>prope</strong></span> <span class='ocrx_word' id='word_1_581' title='bbox 1284 5430 1357 5475; x_wconf 88' lang='lat' dir='ltr'><strong>est</strong></span> <span class='ocrx_word' id='word_1_582' title='bbox 1389 5429 1443 5472; x_wconf 88' lang='lat' dir='ltr'><strong>ut</strong></span> <span class='ocrx_word' id='word_1_583' title='bbox 1483 5419 1893 5491; x_wconf 80' lang='lat' dir='ltr'><strong>lamentationem</strong></span> <span class='ocrx_word' id='word_1_584' title='bbox 1919 5420 2029 5491; x_wconf 71' lang='lat' dir='ltr'><strong>exi-</strong></span> 
     </span>
    </p>
   </div>
   <div class='ocr_carea' id='block_1_82' title="bbox 444 5490 2029 5563">
    <p class='ocr_par' dir='ltr' id='par_1_82' title="bbox 444 5490 2029 5563">
     <span class='ocr_line' id='line_1_82' title="bbox 444 5490 2029 5563; baseline -0.001 -18"><span class='ocrx_word' id='word_1_585' title='bbox 444 5490 565 5563; x_wconf 85' lang='lat' dir='ltr'><strong>gat;</strong></span> <span class='ocrx_word' id='word_1_586' title='bbox 593 5495 719 5547; x_wconf 88' lang='lat' dir='ltr'><strong>etin</strong></span> <span class='ocrx_word' id='word_1_587' title='bbox 748 5493 925 5547; x_wconf 90' lang='lat' dir='ltr'><strong>alienis</strong></span> <span class='ocrx_word' id='word_1_588' title='bbox 967 5491 1213 5563; x_wconf 88' lang='lat' dir='ltr'><strong>superbus</strong></span> <span class='ocrx_word' id='word_1_589' title='bbox 1256 5492 1492 5561; x_wconf 87' lang='lat' dir='ltr'><strong>gemitus.</strong></span> <span class='ocrx_word' id='word_1_590' title='bbox 1546 5490 1712 5544; x_wconf 87' lang='lat' dir='ltr'><strong>Porro</strong></span> <span class='ocrx_word' id='word_1_591' title='bbox 1762 5490 1862 5563; x_wconf 77' lang='lat' dir='ltr'><strong>ista</strong></span> <span class='ocrx_word' id='word_1_592' title='bbox 1887 5490 2029 5563; x_wconf 68' lang='lat' dir='ltr'><strong>quia</strong></span> 
     </span>
    </p>
   </div>
   <div class='ocr_carea' id='block_1_83' title="bbox 444 5558 2031 5631">
    <p class='ocr_par' dir='ltr' id='par_1_83' title="bbox 444 5558 2031 5631">
     <span class='ocr_line' id='line_1_83' title="bbox 444 5558 2031 5631; baseline -0.003 -12"><span class='ocrx_word' id='word_1_593' title='bbox 444 5558 632 5619; x_wconf 74' lang='lat' dir='ltr'><strong>durius</strong></span> <span class='ocrx_word' id='word_1_594' title='bbox 675 5558 1039 5631; x_wconf 54' lang='lat' dir='ltr'><strong>asperiusque&#39;</strong></span> <span class='ocrx_word' id='word_1_595' title='bbox 1067 5564 1208 5617; x_wconf 89' lang='lat' dir='ltr'><strong>dicta</strong></span> <span class='ocrx_word' id='word_1_596' title='bbox 1256 5558 1420 5616; x_wconf 82' lang='lat' dir='ltr'><strong>videri</strong></span> <span class='ocrx_word' id='word_1_597' title='bbox 1470 5569 1753 5631; x_wconf 81' lang='lat' dir='ltr'><strong>pot_erant,</strong></span> <span class='ocrx_word' id='word_1_598' title='bbox 1785 5558 2031 5631; x_wconf 77' lang='lat' dir='ltr'><strong>mitigare</strong></span> 
     </span>
    </p>
   </div>
   <div class='ocr_carea' id='block_1_84' title="bbox 444 5616 2029 5703">
    <p class='ocr_par' dir='ltr' id='par_1_84' title="bbox 444 5616 2029 5703">
     <span class='ocr_line' id='line_1_84' title="bbox 444 5616 2029 5703; baseline -0.003 -13"><span class='ocrx_word' id='word_1_599' title='bbox 444 5616 1174 5696; x_wconf 32' lang='lat' dir='ltr'><strong>conatur—idemibidem.ubi</strong></span> <span class='ocrx_word' id='word_1_600' title='bbox 1193 5633 1425 5701; x_wconf 87' lang='lat' dir='ltr'><strong>subjicit,</strong></span> <span class='ocrx_word' id='word_1_601' title='bbox 1450 5616 1624 5703; x_wconf 67' lang='grc' dir='ltr'><strong>ἐερῗῦ</strong></span> <span class='ocrx_word' id='word_1_602' title='bbox 1644 5643 1697 5687; x_wconf 89' lang='lat' dir='ltr'><strong>et</strong></span> <span class='ocrx_word' id='word_1_603' title='bbox 1718 5616 1751 5685; x_wconf 76' lang='lat' dir='ltr'><strong>ti</strong></span> <span class='ocrx_word' id='word_1_604' title='bbox 1771 5648 1784 5685; x_wconf 90' lang='lat'>:</span> <span class='ocrx_word' id='word_1_605' title='bbox 1806 5616 2029 5700; x_wconf 75' lang='lat' dir='ltr'><strong>Sapiens</strong></span> 
     </span>
    </p>
   </div>
   <div class='ocr_carea' id='block_1_85' title="bbox 445 5702 2025 5777">
    <p class='ocr_par' dir='ltr' id='par_1_85' title="bbox 445 5702 2025 5777">
     <span class='ocr_line' id='line_1_85' title="bbox 445 5702 2025 5777; baseline -0.004 -16"><span class='ocrx_word' id='word_1_606' title='bbox 445 5722 565 5775; x_wconf 82' lang='lat' dir='ltr'><strong>ergo</strong></span> <span class='ocrx_word' id='word_1_607' title='bbox 590 5723 691 5761; x_wconf 91' lang='lat' dir='ltr'><strong>non</strong></span> <span class='ocrx_word' id='word_1_608' title='bbox 711 5708 992 5769; x_wconf 86' lang='lat' dir='ltr'><strong>miseretur,</strong></span> <span class='ocrx_word' id='word_1_609' title='bbox 1027 5706 1147 5777; x_wconf 82' lang='lat' dir='ltr'><strong>quia</strong></span> <span class='ocrx_word' id='word_1_610' title='bbox 1171 5714 1216 5758; x_wconf 87' lang='lat' dir='ltr'><strong>et</strong></span> <span class='ocrx_word' id='word_1_611' title='bbox 1243 5706 1350 5759; x_wconf 88' lang='lat' dir='ltr'><strong>sine</strong></span> <span class='ocrx_word' id='word_1_612' title='bbox 1377 5702 1579 5777; x_wconf 83' lang='lat' dir='ltr'><strong>miseria</strong></span> <span class='ocrx_word' id='word_1_613' title='bbox 1606 5702 1765 5777; x_wconf 82' lang='lat' dir='ltr'><strong>animi</strong></span> <span class='ocrx_word' id='word_1_614' title='bbox 1793 5718 1895 5777; x_wconf 85' lang='lat' dir='ltr'><strong>non</strong></span> <span class='ocrx_word' id='word_1_615' title='bbox 1919 5702 1986 5755; x_wconf 87' lang='lat' dir='ltr'><strong>sit</strong></span> <span class='ocrx_word' id='word_1_616' title='bbox 2006 5718 2025 5755; x_wconf 90' lang='lat'><strong><em>:</em></strong></span> 
     </span>
    </p>
   </div>
   <div class='ocr_carea' id='block_1_86' title="bbox 447 5773 2025 5853">
    <p class='ocr_par' dir='ltr' id='par_1_86' title="bbox 447 5773 2025 5853">
     <span class='ocr_line' id='line_1_86' title="bbox 447 5773 2025 5853; baseline -0.006 -17"><span class='ocrx_word' id='word_1_617' title='bbox 447 5773 685 5836; x_wconf 50' lang='lat' dir='ltr'><strong>viatorum</strong></span> <span class='ocrx_word' id='word_1_618' title='bbox 710 5779 881 5837; x_wconf 83' lang='lat' dir='ltr'><strong>omnia</strong></span> <span class='ocrx_word' id='word_1_619' title='bbox 904 5773 1050 5853; x_wconf 68' lang='lat' dir='ltr'><strong>quat,</strong></span> <span class='ocrx_word' id='word_1_620' title='bbox 1069 5777 1155 5849; x_wconf 86' lang='lat' dir='ltr'><strong>qui</strong></span> <span class='ocrx_word' id='word_1_621' title='bbox 1183 5777 1499 5844; x_wconf 86' lang='lat' dir='ltr'><strong>miserentur,</strong></span> <span class='ocrx_word' id='word_1_622' title='bbox 1530 5773 1756 5831; x_wconf 84' lang='lat' dir='ltr'><strong>dolentes</strong></span> <span class='ocrx_word' id='word_1_623' title='bbox 1779 5775 2025 5848; x_wconf 85' lang='lat' dir='ltr'><strong>facerent,</strong></span> 
     </span>
    </p>
   </div>
   <div class='ocr_carea' id='block_1_87' title="bbox 2193 1874 3649 1959">
    <p class='ocr_par' dir='ltr' id='par_1_87' title="bbox 2193 1874 3649 1959">
     <span class='ocr_line' id='line_1_87' title="bbox 2193 1874 3649 1959; baseline 0.008 -32"><span class='ocrx_word' id='word_1_624' title='bbox 2193 1875 2277 1957; x_wconf 72' lang='lat' dir='ltr'><strong>hic</strong></span> <span class='ocrx_word' id='word_1_625' title='bbox 2301 1874 2460 1928; x_wconf 90' lang='lat' dir='ltr'><strong>libens</strong></span> <span class='ocrx_word' id='word_1_626' title='bbox 2487 1883 2534 1928; x_wconf 92' lang='lat' dir='ltr'><strong>et</strong></span> <span class='ocrx_word' id='word_1_627' title='bbox 2558 1875 2721 1959; x_wconf 77' lang='lat' dir='ltr'><strong>alacri</strong></span> <span class='ocrx_word' id='word_1_628' title='bbox 2745 1874 2888 1959; x_wconf 67' lang='lat' dir='ltr'><strong>nulla</strong></span> <span class='ocrx_word' id='word_1_629' title='bbox 2912 1876 3093 1947; x_wconf 84' lang='lat' dir='ltr'><strong>faciet.</strong></span> <span class='ocrx_word' id='word_1_630' title='bbox 3120 1875 3383 1959; x_wconf 75' lang='lat' dir='ltr'><strong>Succurret</strong></span> <span class='ocrx_word' id='word_1_631' title='bbox 3403 1881 3649 1959; x_wconf 47' lang='lat' dir='ltr'><strong>alienatur}</strong></span> 
     </span>
    </p>
   </div>
   <div class='ocr_carea' id='block_1_88' title="bbox 2188 1945 3647 2027">
    <p class='ocr_par' dir='ltr' id='par_1_88' title="bbox 2188 1945 3647 2027">
     <span class='ocr_line' id='line_1_88' title="bbox 2188 1945 3647 2027; baseline 0.007 -27"><span class='ocrx_word' id='word_1_632' title='bbox 2188 1947 2300 2027; x_wconf 81' lang='lat' dir='ltr'><strong>mis,</strong></span> <span class='ocrx_word' id='word_1_633' title='bbox 2331 1963 2432 1999; x_wconf 90' lang='lat' dir='ltr'><strong>non</strong></span> <span class='ocrx_word' id='word_1_634' title='bbox 2455 1945 2656 2027; x_wconf 76' lang='lat' dir='ltr'><strong>accedet</strong></span> <span class='ocrx_word' id='word_1_635' title='bbox 2681 1961 2698 1998; x_wconf 91' lang='lat'><em>:</em></span> <span class='ocrx_word' id='word_1_636' title='bbox 2725 1946 2865 2027; x_wconf 73' lang='lat' dir='ltr'><strong>dabit</strong></span> <span class='ocrx_word' id='word_1_637' title='bbox 2892 1945 3103 2027; x_wconf 73' lang='lat' dir='ltr'><strong>manum</strong></span> <span class='ocrx_word' id='word_1_638' title='bbox 3132 1953 3395 2027; x_wconf 84' lang='lat' dir='ltr'><strong>naufrago,</strong></span> <span class='ocrx_word' id='word_1_639' title='bbox 3421 1956 3529 2009; x_wconf 71' lang='lat' dir='ltr'><strong>exuli</strong></span> <span class='ocrx_word' id='word_1_640' title='bbox 3549 1945 3647 2027; x_wconf 72' lang='lat' dir='ltr'><strong>hospi-</strong></span> 
     </span>
    </p>
   </div>
   <div class='ocr_carea' id='block_1_89' title="bbox 2188 2017 3645 2093">
    <p class='ocr_par' dir='ltr' id='par_1_89' title="bbox 2188 2017 3645 2093">
     <span class='ocr_line' id='line_1_89' title="bbox 2188 2017 3645 2093; baseline 0.008 -24"><span class='ocrx_word' id='word_1_641' title='bbox 2188 2020 2334 2081; x_wconf 86' lang='lat' dir='ltr'><strong>tium,</strong></span> <span class='ocrx_word' id='word_1_642' title='bbox 2364 2018 2527 2087; x_wconf 85' lang='lat' dir='ltr'><strong>egenti</strong></span> <span class='ocrx_word' id='word_1_643' title='bbox 2546 2017 2727 2093; x_wconf 80' lang='lat' dir='ltr'><strong>stipem</strong></span> <span class='ocrx_word' id='word_1_644' title='bbox 2749 2034 2783 2093; x_wconf 69' lang='grc' dir='ltr'><strong>εΔ</strong></span> <span class='ocrx_word' id='word_1_645' title='bbox 2798 2017 3007 2093; x_wconf 80' lang='lat' dir='ltr'><strong>donabit</strong></span> <span class='ocrx_word' id='word_1_646' title='bbox 3034 2017 3275 2093; x_wconf 79' lang='lat' dir='ltr'><strong>lacrgmis</strong></span> <span class='ocrx_word' id='word_1_647' title='bbox 3300 2017 3505 2079; x_wconf 73' lang='lat' dir='ltr'><strong>ritaternis</strong></span> <span class='ocrx_word' id='word_1_648' title='bbox 3534 2017 3645 2093; x_wconf 72' lang='lat' dir='ltr'><strong>ﬁlim,</strong></span> 
     </span>
    </p>
   </div>
   <div class='ocr_carea' id='block_1_90' title="bbox 2186 2088 3645 2157">
    <p class='ocr_par' dir='ltr' id='par_1_90' title="bbox 2186 2088 3645 2157">
     <span class='ocr_line' id='line_1_90' title="bbox 2186 2088 3645 2157; baseline 0.007 -14"><span class='ocrx_word' id='word_1_649' title='bbox 2186 2098 2235 2143; x_wconf 84' lang='lat' dir='ltr'><strong>et</strong></span> <span class='ocrx_word' id='word_1_650' title='bbox 2260 2100 2465 2142; x_wconf 88' lang='lat' dir='ltr'><strong>catenas</strong></span> <span class='ocrx_word' id='word_1_651' title='bbox 2490 2090 2615 2141; x_wconf 82' lang='lat' dir='ltr'><strong>solvi</strong></span> <span class='ocrx_word' id='word_1_652' title='bbox 2639 2088 2856 2157; x_wconf 88' lang='lat' dir='ltr'><strong>jnbebit,</strong></span> <span class='ocrx_word' id='word_1_653' title='bbox 2881 2098 2928 2141; x_wconf 91' lang='lat' dir='ltr'><strong>et</strong></span> <span class='ocrx_word' id='word_1_654' title='bbox 2953 2089 3080 2142; x_wconf 89' lang='lat' dir='ltr'><strong>ludo</strong></span> <span class='ocrx_word' id='word_1_655' title='bbox 3105 2092 3306 2157; x_wconf 79' lang='lat' dir='ltr'><strong>eximet,</strong></span> <span class='ocrx_word' id='word_1_656' title='bbox 3324 2104 3366 2145; x_wconf 90' lang='lat' dir='ltr'><strong>et</strong></span> <span class='ocrx_word' id='word_1_657' title='bbox 3386 2088 3645 2153; x_wconf 67' lang='lat' dir='ltr'><strong>cadaueribus</strong></span> 
     </span>
    </p>
   </div>
   <div class='ocr_carea' id='block_1_91' title="bbox 2190 2160 3644 2232">
    <p class='ocr_par' dir='ltr' id='par_1_91' title="bbox 2190 2160 3644 2232">
     <span class='ocr_line' id='line_1_91' title="bbox 2190 2160 3644 2232; baseline 0.008 -19"><span class='ocrx_word' id='word_1_658' title='bbox 2190 2161 2401 2232; x_wconf 75' lang='lat' dir='ltr'><strong>noxium</strong></span> <span class='ocrx_word' id='word_1_659' title='bbox 2428 2160 2653 2225; x_wconf 87' lang='lat' dir='ltr'><strong>sepeliet.</strong></span> <span class='ocrx_word' id='word_1_660' title='bbox 2680 2162 2751 2211; x_wconf 86' lang='lat' dir='ltr'><strong>Ac</strong></span> <span class='ocrx_word' id='word_1_661' title='bbox 2780 2160 2934 2232; x_wconf 79' lang='lat' dir='ltr'><strong>faciet</strong></span> <span class='ocrx_word' id='word_1_662' title='bbox 2970 2160 3072 2214; x_wconf 87' lang='lat' dir='ltr'><strong>ista</strong></span> <span class='ocrx_word' id='word_1_663' title='bbox 3116 2163 3383 2230; x_wconf 88' lang='lat' dir='ltr'><strong>tranquilla</strong></span> <span class='ocrx_word' id='word_1_664' title='bbox 3417 2179 3555 2232; x_wconf 79' lang='lat' dir='ltr'><strong>mente,</strong></span> <span class='ocrx_word' id='word_1_665' title='bbox 3573 2173 3644 2223; x_wconf 78' lang='lat' dir='ltr'><strong>niti</strong></span> 
     </span>
    </p>
   </div>
   <div class='ocr_carea' id='block_1_92' title="bbox 2186 2229 3644 2306">
    <p class='ocr_par' dir='ltr' id='par_1_92' title="bbox 2186 2229 3644 2306">
     <span class='ocr_line' id='line_1_92' title="bbox 2186 2229 3644 2306; baseline 0.007 -21"><span class='ocrx_word' id='word_1_666' title='bbox 2186 2247 2315 2306; x_wconf 86' lang='lat' dir='ltr'><strong>suo._</strong></span> <span class='ocrx_word' id='word_1_667' title='bbox 2350 2229 2490 2306; x_wconf 72' lang='lat' dir='ltr'><strong>Ergn</strong></span> <span class='ocrx_word' id='word_1_668' title='bbox 2531 2247 2632 2285; x_wconf 91' lang='lat' dir='ltr'><strong>non</strong></span> <span class='ocrx_word' id='word_1_669' title='bbox 2661 2229 3211 2306; x_wconf 70' lang='lat' dir='ltr'><strong>miserebitursapiens</strong></span> <span class='ocrx_word' id='word_1_670' title='bbox 3232 2229 3250 2286; x_wconf 65' lang='grc' dir='ltr'><em>ξ</em></span> <span class='ocrx_word' id='word_1_671' title='bbox 3274 2236 3356 2288; x_wconf 89' lang='lat' dir='ltr'><strong>sed</strong></span> <span class='ocrx_word' id='word_1_672' title='bbox 3378 2229 3644 2306; x_wconf 56' lang='lat' dir='ltr'><strong>succurrentd</strong></span> 
     </span>
    </p>
   </div>
   <div class='ocr_carea' id='block_1_93' title="bbox 2187 2302 3643 2376">
    <p class='ocr_par' dir='ltr' id='par_1_93' title="bbox 2187 2302 3643 2376">
     <span class='ocr_line' id='line_1_93' title="bbox 2187 2302 3643 2376; baseline 0.006 -22"><span class='ocrx_word' id='word_1_673' title='bbox 2187 2302 2435 2370; x_wconf 85' lang='lat' dir='ltr'><strong>proderit,</strong></span> <span class='ocrx_word' id='word_1_674' title='bbox 2455 2302 2518 2376; x_wconf 70' lang='lat' dir='ltr'><strong>in</strong></span> <span class='ocrx_word' id='word_1_675' title='bbox 2539 2318 2805 2376; x_wconf 86' lang='lat' dir='ltr'><strong>commune</strong></span> <span class='ocrx_word' id='word_1_676' title='bbox 2830 2302 3261 2376; x_wconf 71' lang='lat' dir='ltr'><strong>auxiliumnatus</strong></span> <span class='ocrx_word' id='word_1_677' title='bbox 3285 2322 3341 2359; x_wconf 87' lang='lat' dir='ltr'><strong>ac</strong></span> <span class='ocrx_word' id='word_1_678' title='bbox 3360 2375 3366 2376; x_wconf 16' lang='grc' dir='ltr'><em>γ</em></span> <span class='ocrx_word' id='word_1_679' title='bbox 3386 2302 3584 2376; x_wconf 75' lang='lat' dir='ltr'><strong>publicani</strong></span> <span class='ocrx_word' id='word_1_680' title='bbox 3600 2314 3643 2365; x_wconf 72' lang='lat' dir='ltr'><strong>la-</strong></span> 
     </span>
    </p>
   </div>
   <div class='ocr_carea' id='block_1_94' title="bbox 2182 2372 3638 2443">
    <p class='ocr_par' dir='ltr' id='par_1_94' title="bbox 2182 2372 3638 2443">
     <span class='ocr_line' id='line_1_94' title="bbox 2182 2372 3638 2443; baseline 0.006 -18"><span class='ocrx_word' id='word_1_681' title='bbox 2182 2389 2329 2443; x_wconf 82' lang='lat' dir='ltr'><strong>num,</strong></span> <span class='ocrx_word' id='word_1_682' title='bbox 2356 2382 2459 2427; x_wconf 90' lang='lat' dir='ltr'><strong>etc.</strong></span> <span class='ocrx_word' id='word_1_683' title='bbox 2485 2372 2623 2439; x_wconf 83' lang='lat' dir='ltr'><strong>Quin</strong></span> <span class='ocrx_word' id='word_1_684' title='bbox 2654 2383 2709 2428; x_wconf 91' lang='lat' dir='ltr'><strong>et</strong></span> <span class='ocrx_word' id='word_1_685' title='bbox 2734 2374 3065 2443; x_wconf 78' lang='lat' dir='ltr'><strong>Augustinus</strong></span> <span class='ocrx_word' id='word_1_686' title='bbox 3096 2372 3213 2439; x_wconf 80' lang='lat' dir='ltr'><strong>ipse</strong></span> <span class='ocrx_word' id='word_1_687' title='bbox 3238 2376 3298 2429; x_wconf 86' lang='lat' dir='ltr'><strong>de</strong></span> <span class='ocrx_word' id='word_1_688' title='bbox 3323 2372 3515 2432; x_wconf 82' lang='lat' dir='ltr'><strong>Moribus</strong></span> <span class='ocrx_word' id='word_1_689' title='bbox 3531 2380 3638 2434; x_wconf 74' lang='lat' dir='ltr'><strong>Eata.</strong></span> 
     </span>
    </p>
   </div>
   <div class='ocr_carea' id='block_1_95' title="bbox 2184 2442 3641 2516">
    <p class='ocr_par' dir='ltr' id='par_1_95' title="bbox 2184 2442 3641 2516">
     <span class='ocr_line' id='line_1_95' title="bbox 2184 2442 3641 2516; baseline 0.005 -18"><span class='ocrx_word' id='word_1_690' title='bbox 2184 2442 2389 2516; x_wconf 82' lang='lat' dir='ltr'><strong>Cathol.</strong></span> <span class='ocrx_word' id='word_1_691' title='bbox 2424 2443 2515 2516; x_wconf 89' lang='lat' dir='ltr'><strong>lib.</strong></span> <span class='ocrx_word' id='word_1_692' title='bbox 2541 2460 2580 2506; x_wconf 85' lang='grc' dir='ltr'>ι.</span> <span class='ocrx_word' id='word_1_693' title='bbox 2603 2458 2723 2516; x_wconf 86' lang='lat' dir='ltr'><strong>cap.</strong></span> <span class='ocrx_word' id='word_1_694' title='bbox 2745 2442 2859 2499; x_wconf 70' lang='lat' dir='ltr'><strong>2T:</strong></span> <span class='ocrx_word' id='word_1_695' title='bbox 2888 2444 3062 2516; x_wconf 85' lang='lat' dir='ltr'><strong>Quare</strong></span> <span class='ocrx_word' id='word_1_696' title='bbox 3107 2445 3200 2499; x_wconf 90' lang='lat' dir='ltr'><strong>illa</strong></span> <span class='ocrx_word' id='word_1_697' title='bbox 3242 2448 3417 2512; x_wconf 89' lang='lat' dir='ltr'><strong>omnia,</strong></span> <span class='ocrx_word' id='word_1_698' title='bbox 3443 2451 3570 2516; x_wconf 76' lang='lat' dir='ltr'><strong>quibus</strong></span> <span class='ocrx_word' id='word_1_699' title='bbox 3594 2455 3641 2505; x_wconf 78' lang='lat' dir='ltr'><strong>lu-</strong></span> 
     </span>
    </p>
   </div>
   <div class='ocr_carea' id='block_1_96' title="bbox 2178 2515 3639 2591">
    <p class='ocr_par' dir='ltr' id='par_1_96' title="bbox 2178 2515 3639 2591">
     <span class='ocr_line' id='line_1_96' title="bbox 2178 2515 3639 2591; baseline 0.006 -24"><span class='ocrx_word' id='word_1_700' title='bbox 2178 2515 2466 2591; x_wconf 76' lang='lat' dir='ltr'><strong>iuscentodi</strong></span> <span class='ocrx_word' id='word_1_701' title='bbox 2508 2515 2659 2591; x_wconf 79' lang='lat' dir='ltr'><strong>malis</strong></span> <span class='ocrx_word' id='word_1_702' title='bbox 2704 2515 3106 2591; x_wconf 79' lang='lat' dir='ltr'><strong>incommodisve</strong></span> <span class='ocrx_word' id='word_1_703' title='bbox 3148 2517 3639 2591; x_wconf 72' lang='lat' dir='ltr'><strong>res_istitur,quiofﬁtiost</strong></span> 
     </span>
    </p>
   </div>
   <div class='ocr_carea' id='block_1_97' title="bbox 2182 2587 3638 2656">
    <p class='ocr_par' dir='ltr' id='par_1_97' title="bbox 2182 2587 3638 2656">
     <span class='ocr_line' id='line_1_97' title="bbox 2182 2587 3638 2656; baseline 0.005 -17"><span class='ocrx_word' id='word_1_704' title='bbox 2182 2598 2333 2656; x_wconf 87' lang='lat' dir='ltr'><strong>atque</strong></span> <span class='ocrx_word' id='word_1_705' title='bbox 2354 2587 2642 2640; x_wconf 83' lang='lat' dir='ltr'><strong>humaniter</strong></span> <span class='ocrx_word' id='word_1_706' title='bbox 2662 2587 2908 2656; x_wconf 69' lang='lat' dir='ltr'><strong>praebent,</strong></span> <span class='ocrx_word' id='word_1_707' title='bbox 2927 2587 3278 2642; x_wconf 83' lang='lat' dir='ltr'><strong>misericordes</strong></span> <span class='ocrx_word' id='word_1_708' title='bbox 3298 2587 3638 2656; x_wconf 55' lang='lat' dir='ltr'><strong>communitum</strong></span> 
     </span>
    </p>
   </div>
   <div class='ocr_carea' id='block_1_98' title="bbox 2179 2657 3637 2727">
    <p class='ocr_par' dir='ltr' id='par_1_98' title="bbox 2179 2657 3637 2727">
     <span class='ocr_line' id='line_1_98' title="bbox 2179 2657 3637 2727; baseline 0.003 -16"><span class='ocrx_word' id='word_1_709' title='bbox 2179 2662 2431 2727; x_wconf 86' lang='lat' dir='ltr'><strong>sapientes</strong></span> <span class='ocrx_word' id='word_1_710' title='bbox 2457 2674 2613 2727; x_wconf 88' lang='lat' dir='ltr'><strong>usque</strong></span> <span class='ocrx_word' id='word_1_711' title='bbox 2640 2657 2767 2710; x_wconf 86' lang='lat' dir='ltr'><strong>adeo</strong></span> <span class='ocrx_word' id='word_1_712' title='bbox 2796 2658 2917 2721; x_wconf 91' lang='lat' dir='ltr'><strong>sint,</strong></span> <span class='ocrx_word' id='word_1_713' title='bbox 2960 2668 3015 2710; x_wconf 90' lang='lat' dir='ltr'><strong>ut</strong></span> <span class='ocrx_word' id='word_1_714' title='bbox 3048 2659 3170 2727; x_wconf 89' lang='lat' dir='ltr'><strong>jam</strong></span> <span class='ocrx_word' id='word_1_715' title='bbox 3213 2659 3350 2715; x_wconf 89' lang='lat' dir='ltr'><strong>nullo</strong></span> <span class='ocrx_word' id='word_1_716' title='bbox 3387 2662 3513 2716; x_wconf 85' lang='lat' dir='ltr'><strong>animi</strong></span> <span class='ocrx_word' id='word_1_717' title='bbox 3543 2664 3637 2717; x_wconf 73' lang='lat' dir='ltr'><strong>dolui</strong></span> 
     </span>
    </p>
   </div>
   <div class='ocr_carea' id='block_1_99' title="bbox 2179 2728 3636 2801">
    <p class='ocr_par' dir='ltr' id='par_1_99' title="bbox 2179 2728 3636 2801">
     <span class='ocr_line' id='line_1_99' title="bbox 2179 2728 3636 2801; baseline 0.005 -22"><span class='ocrx_word' id='word_1_718' title='bbox 2179 2730 2473 2801; x_wconf 80' lang='lat' dir='ltr'><strong>turbentur.</strong></span> <span class='ocrx_word' id='word_1_719' title='bbox 2500 2728 2639 2782; x_wconf 86' lang='lat' dir='ltr'><strong>Nunt</strong></span> <span class='ocrx_word' id='word_1_720' title='bbox 2667 2728 2779 2792; x_wconf 88' lang='lat' dir='ltr'><strong>quis</strong></span> <span class='ocrx_word' id='word_1_721' title='bbox 2832 2732 3064 2798; x_wconf 82' lang='lat' dir='ltr'><strong>ignoret,</strong></span> <span class='ocrx_word' id='word_1_722' title='bbox 3116 2746 3181 2785; x_wconf 76' lang='lat' dir='ltr'><strong>ea:</strong></span> <span class='ocrx_word' id='word_1_723' title='bbox 3225 2747 3280 2785; x_wconf 88' lang='lat' dir='ltr'><strong>eo</strong></span> <span class='ocrx_word' id='word_1_724' title='bbox 3317 2732 3636 2801; x_wconf 67' lang='lat' dir='ltr'><strong>appellaturus:</strong></span> 
     </span>
    </p>
   </div>
   <div class='ocr_carea' id='block_1_100' title="bbox 2176 2800 3635 2873">
    <p class='ocr_par' dir='ltr' id='par_1_100' title="bbox 2176 2800 3635 2873">
     <span class='ocr_line' id='line_1_100' title="bbox 2176 2800 3635 2873; baseline 0.003 -20"><span class='ocrx_word' id='word_1_725' title='bbox 2176 2800 2767 2873; x_wconf 34' lang='lat' dir='ltr'><strong>misericordiamtquod</strong></span> <span class='ocrx_word' id='word_1_726' title='bbox 2811 2801 3051 2853; x_wconf 86' lang='lat' dir='ltr'><strong>miserum</strong></span> <span class='ocrx_word' id='word_1_727' title='bbox 3104 2817 3191 2854; x_wconf 92' lang='lat' dir='ltr'><strong>cor</strong></span> <span class='ocrx_word' id='word_1_728' title='bbox 3237 2800 3402 2873; x_wconf 77' lang='lat' dir='ltr'><strong>faciat,</strong></span> <span class='ocrx_word' id='word_1_729' title='bbox 3442 2806 3635 2858; x_wconf 66' lang='lat' dir='ltr'><strong>condoluit</strong></span> 
     </span>
    </p>
   </div>
   <div class='ocr_carea' id='block_1_101' title="bbox 2174 2870 3673 2944">
    <p class='ocr_par' dir='ltr' id='par_1_101' title="bbox 2174 2870 3673 2944">
     <span class='ocr_line' id='line_1_101' title="bbox 2174 2870 3673 2944; baseline 0.004 -21"><span class='ocrx_word' id='word_1_730' title='bbox 2174 2870 2343 2944; x_wconf 81' lang='lat' dir='ltr'><strong>alieno</strong></span> <span class='ocrx_word' id='word_1_731' title='bbox 2387 2870 2559 2944; x_wconf 84' lang='lat' dir='ltr'><strong>malo?</strong></span> <span class='ocrx_word' id='word_1_732' title='bbox 2603 2870 2937 2944; x_wconf 83' lang='lat' dir='ltr'><strong>Quamquam</strong></span> <span class='ocrx_word' id='word_1_733' title='bbox 2985 2886 3200 2944; x_wconf 12' lang='lat' dir='ltr'><strong>revera?</strong></span> <span class='ocrx_word' id='word_1_734' title='bbox 3214 2870 3520 2944; x_wconf 70' lang='lat' dir='ltr'><strong>misericordia</strong></span> <span class='ocrx_word' id='word_1_735' title='bbox 3537 2878 3634 2944; x_wconf 82' lang='lat' dir='ltr'><strong>potius</strong></span> <span class='ocrx_word' id='word_1_736' title='bbox 3670 2884 3673 2944; x_wconf 52' lang='grc' dir='ltr'><em>ἀ</em></span> 
     </span>
    </p>
   </div>
   <div class='ocr_carea' id='block_1_102' title="bbox 2173 2940 3631 3015">
    <p class='ocr_par' dir='ltr' id='par_1_102' title="bbox 2173 2940 3631 3015">
     <span class='ocr_line' id='line_1_102' title="bbox 2173 2940 3631 3015; baseline 0.004 -21"><span class='ocrx_word' id='word_1_737' title='bbox 2173 2942 2336 3015; x_wconf 72' lang='lat' dir='ltr'><strong>dicta,</strong></span> <span class='ocrx_word' id='word_1_738' title='bbox 2348 2942 2495 3015; x_wconf 82' lang='lat' dir='ltr'><strong>quod</strong></span> <span class='ocrx_word' id='word_1_739' title='bbox 2512 2943 2655 2995; x_wconf 89' lang='lat' dir='ltr'><strong>cordi</strong></span> <span class='ocrx_word' id='word_1_740' title='bbox 2671 2942 2737 3015; x_wconf 80' lang='lat' dir='ltr'><strong>sit</strong></span> <span class='ocrx_word' id='word_1_741' title='bbox 2751 2940 3163 3015; x_wconf 79' lang='lat' dir='ltr'><strong>alienantiseria.</strong></span> <span class='ocrx_word' id='word_1_742' title='bbox 3183 2942 3372 2999; x_wconf 83' lang='lat' dir='ltr'><strong>Verum</strong></span> <span class='ocrx_word' id='word_1_743' title='bbox 3400 2940 3631 3015; x_wconf 51' lang='grc' dir='ltr'><strong>ρει-εἰιλυεω</strong></span> 
     </span>
    </p>
   </div>
   <div class='ocr_carea' id='block_1_103' title="bbox 2172 3011 3633 3079">
    <p class='ocr_par' dir='ltr' id='par_1_103' title="bbox 2172 3011 3633 3079">
     <span class='ocr_line' id='line_1_103' title="bbox 2172 3011 3633 3079; baseline 0.003 -14"><span class='ocrx_word' id='word_1_744' title='bbox 2172 3011 2241 3065; x_wconf 83' lang='lat' dir='ltr'><strong>Et</strong></span> <span class='ocrx_word' id='word_1_745' title='bbox 2270 3011 2382 3079; x_wconf 86' lang='lat' dir='ltr'><strong>quis</strong></span> <span class='ocrx_word' id='word_1_746' title='bbox 2421 3030 2523 3068; x_wconf 90' lang='lat' dir='ltr'><strong>non</strong></span> <span class='ocrx_word' id='word_1_747' title='bbox 2548 3012 2828 3075; x_wconf 87' lang='lat' dir='ltr'><strong>concedat,</strong></span> <span class='ocrx_word' id='word_1_748' title='bbox 2879 3014 2943 3066; x_wconf 89' lang='lat' dir='ltr'><strong>ab</strong></span> <span class='ocrx_word' id='word_1_749' title='bbox 2985 3015 3124 3066; x_wconf 89' lang='lat' dir='ltr'><strong>omni</strong></span> <span class='ocrx_word' id='word_1_750' title='bbox 3166 3016 3358 3068; x_wconf 87' lang='lat' dir='ltr'><strong>miseria</strong></span> <span class='ocrx_word' id='word_1_751' title='bbox 3398 3011 3554 3069; x_wconf 73' lang='lat' dir='ltr'><strong>libentia</strong></span> <span class='ocrx_word' id='word_1_752' title='bbox 3578 3011 3633 3069; x_wconf 77' lang='lat' dir='ltr'><strong>au</strong></span> 
     </span>
    </p>
   </div>
   <div class='ocr_carea' id='block_1_104' title="bbox 3660 2912 3678 3331">
    <p class='ocr_par' dir='ltr' id='par_1_104' title="bbox 3666 2916 3674 3331">
     <span class='ocr_line' id='line_1_104' title="bbox 3666 2916 3674 3331; baseline 0 0"><span class='ocrx_word' id='word_1_753' title='bbox 3666 2916 3674 3331; x_wconf 54' lang='grc' dir='ltr'><em>ἓ</em></span> 
     </span>
    </p>
   </div>
   <div class='ocr_carea' id='block_1_105' title="bbox 3656 3331 3674 3541">
    <p class='ocr_par' dir='ltr' id='par_1_105' title="bbox 3660 3331 3670 3541">
     <span class='ocr_line' id='line_1_105' title="bbox 3660 3331 3670 3541; baseline 0 0"><span class='ocrx_word' id='word_1_754' title='bbox 3660 3331 3670 3541; x_wconf 72' lang='grc' dir='ltr'><strong>Ι</strong></span> 
     </span>
    </p>
   </div>
   <div class='ocr_carea' id='block_1_106' title="bbox 3636 3541 3672 3684">
    <p class='ocr_par' dir='ltr' id='par_1_106' title="bbox 3654 3541 3666 3684">
     <span class='ocr_line' id='line_1_106' title="bbox 3654 3541 3666 3684; baseline 0 0"><span class='ocrx_word' id='word_1_755' title='bbox 3654 3541 3666 3684; x_wconf 72' lang='lat' dir='ltr'><strong>i</strong></span> 
     </span>
    </p>
   </div>
   <div class='ocr_carea' id='block_1_107' title="bbox 3607 4576 3656 5173">
    <p class='ocr_par' dir='ltr' id='par_1_107' title="bbox 3607 4576 3652 5173">
     <span class='ocr_line' id='line_1_107' title="bbox 3607 4576 3652 5173; baseline 0 0"><span class='ocrx_word' id='word_1_756' title='bbox 3613 4576 3652 5173; x_wconf 74' lang='grc' dir='ltr'><strong>Ι</strong></span> 
     </span>
    </p>
   </div>
   <div class='ocr_carea' id='block_1_108' title="bbox 3598 5173 3648 5585">
    <p class='ocr_par' dir='ltr' id='par_1_108' title="bbox 3598 5173 3642 5585">
     <span class='ocr_line' id='line_1_108' title="bbox 3598 5173 3642 5585; baseline 0 0"><span class='ocrx_word' id='word_1_757' title='bbox 3602 5173 3642 5585; x_wconf 86' lang='grc' dir='ltr'><strong>Ι</strong></span> 
     </span>
    </p>
   </div>
   <div class='ocr_carea' id='block_1_109' title="bbox 3592 5608 3642 6142">
    <p class='ocr_par' dir='ltr' id='par_1_109' title="bbox 3592 5608 3636 6138">
     <span class='ocr_line' id='line_1_109' title="bbox 3592 5608 3636 6138; baseline 0 0"><span class='ocrx_word' id='word_1_758' title='bbox 3596 5608 3636 6138; x_wconf 78' lang='lat' dir='ltr'><strong>l</strong></span> 
     </span>
    </p>
   </div>
   <div class='ocr_carea' id='block_1_110' title="bbox 2165 3154 3630 3228">
    <p class='ocr_par' dir='ltr' id='par_1_110' title="bbox 2165 3154 3630 3228">
     <span class='ocr_line' id='line_1_110' title="bbox 2165 3154 3630 3228; baseline 0.001 -21"><span class='ocrx_word' id='word_1_759' title='bbox 2165 3154 2369 3228; x_wconf 83' lang='lat' dir='ltr'><strong>liberat,</strong></span> <span class='ocrx_word' id='word_1_760' title='bbox 2396 3172 2512 3209; x_wconf 88' lang='lat' dir='ltr'><strong>cum</strong></span> <span class='ocrx_word' id='word_1_761' title='bbox 2542 3156 2758 3228; x_wconf 83' lang='lat' dir='ltr'><strong>denique</strong></span> <span class='ocrx_word' id='word_1_762' title='bbox 2796 3154 3167 3228; x_wconf 84' lang='lat' dir='ltr'><strong>humanitatem</strong></span> <span class='ocrx_word' id='word_1_763' title='bbox 3204 3174 3342 3210; x_wconf 89' lang='lat' dir='ltr'><strong>suam</strong></span> <span class='ocrx_word' id='word_1_764' title='bbox 3374 3154 3569 3228; x_wconf 79' lang='lat' dir='ltr'><strong>usquead</strong></span> <span class='ocrx_word' id='word_1_765' title='bbox 3591 3175 3630 3209; x_wconf 74' lang='grc' dir='ltr'><strong>ιε-</strong></span> 
     </span>
    </p>
   </div>
   <div class='ocr_carea' id='block_1_111' title="bbox 2164 3226 3630 3298">
    <p class='ocr_par' dir='ltr' id='par_1_111' title="bbox 2164 3226 3630 3298">
     <span class='ocr_line' id='line_1_111' title="bbox 2164 3226 3630 3298; baseline 0.001 -20"><span class='ocrx_word' id='word_1_766' title='bbox 2164 3226 2424 3294; x_wconf 88' lang='lat' dir='ltr'><strong>pulturam</strong></span> <span class='ocrx_word' id='word_1_767' title='bbox 2451 3227 2666 3296; x_wconf 88' lang='lat' dir='ltr'><strong>porrigit</strong></span> <span class='ocrx_word' id='word_1_768' title='bbox 2719 3228 3076 3298; x_wconf 85' lang='lat' dir='ltr'><strong>mortuorum?</strong></span> <span class='ocrx_word' id='word_1_769' title='bbox 3107 3227 3313 3281; x_wconf 79' lang='lat' dir='ltr'><strong>Etiamsi</strong></span> <span class='ocrx_word' id='word_1_770' title='bbox 3340 3229 3388 3282; x_wconf 87' lang='lat' dir='ltr'><strong>id</strong></span> <span class='ocrx_word' id='word_1_771' title='bbox 3408 3226 3630 3298; x_wconf 66' lang='lat' dir='ltr'><strong>facilitatem</strong></span> 
     </span>
    </p>
   </div>
   <div class='ocr_carea' id='block_1_112' title="bbox 2161 3296 3625 3365">
    <p class='ocr_par' dir='ltr' id='par_1_112' title="bbox 2161 3296 3625 3365">
     <span class='ocr_line' id='line_1_112' title="bbox 2161 3296 3625 3365; baseline 0.002 -17"><span class='ocrx_word' id='word_1_772' title='bbox 2161 3298 2459 3364; x_wconf 90' lang='lat' dir='ltr'><strong>tranquilla,</strong></span> <span class='ocrx_word' id='word_1_773' title='bbox 2493 3298 2651 3351; x_wconf 82' lang='lat' dir='ltr'><strong>nullis</strong></span> <span class='ocrx_word' id='word_1_774' title='bbox 2675 3297 2867 3350; x_wconf 88' lang='lat' dir='ltr'><strong>aculeis</strong></span> <span class='ocrx_word' id='word_1_775' title='bbox 2894 3296 3090 3351; x_wconf 89' lang='lat' dir='ltr'><strong>doloris</strong></span> <span class='ocrx_word' id='word_1_776' title='bbox 3119 3296 3497 3365; x_wconf 78' lang='lat' dir='ltr'><strong>instinctus,sed</strong></span> <span class='ocrx_word' id='word_1_777' title='bbox 3514 3299 3625 3351; x_wconf 82' lang='lat' dir='ltr'><strong>addu-</strong></span> 
     </span>
    </p>
   </div>
   <div class='ocr_carea' id='block_1_113' title="bbox 2161 3367 3626 3437">
    <p class='ocr_par' dir='ltr' id='par_1_113' title="bbox 2161 3367 3626 3437">
     <span class='ocr_line' id='line_1_113' title="bbox 2161 3367 3626 3437; baseline 0.001 -19"><span class='ocrx_word' id='word_1_778' title='bbox 2161 3375 2241 3420; x_wconf 89' lang='lat' dir='ltr'><strong>tus</strong></span> <span class='ocrx_word' id='word_1_779' title='bbox 2265 3368 2423 3437; x_wconf 75' lang='lat' dir='ltr'><strong>officio</strong></span> <span class='ocrx_word' id='word_1_780' title='bbox 2448 3367 2711 3432; x_wconf 86' lang='lat' dir='ltr'><strong>bonitatis,</strong></span> <span class='ocrx_word' id='word_1_781' title='bbox 2732 3368 3017 3422; x_wconf 82' lang='lat' dir='ltr'><strong>misericors</strong></span> <span class='ocrx_word' id='word_1_782' title='bbox 3042 3378 3211 3422; x_wconf 87' lang='lat' dir='ltr'><strong>tamen</strong></span> <span class='ocrx_word' id='word_1_783' title='bbox 3234 3370 3461 3423; x_wconf 82' lang='lat' dir='ltr'><strong>vocandus</strong></span> <span class='ocrx_word' id='word_1_784' title='bbox 3479 3380 3552 3433; x_wconf 79' lang='lat' dir='ltr'><strong>est;</strong></span> <span class='ocrx_word' id='word_1_785' title='bbox 3568 3370 3626 3420; x_wconf 78' lang='lat' dir='ltr'><strong>luit</strong></span> 
     </span>
    </p>
   </div>
   <div class='ocr_carea' id='block_1_114' title="bbox 2159 3438 3625 3507">
    <p class='ocr_par' dir='ltr' id='par_1_114' title="bbox 2159 3438 3625 3507">
     <span class='ocr_line' id='line_1_114' title="bbox 2159 3438 3625 3507; baseline 0.002 -17"><span class='ocrx_word' id='word_1_786' title='bbox 2159 3438 2294 3490; x_wconf 87' lang='lat' dir='ltr'><strong>enim</strong></span> <span class='ocrx_word' id='word_1_787' title='bbox 2323 3438 2451 3491; x_wconf 87' lang='lat' dir='ltr'><strong>nihil</strong></span> <span class='ocrx_word' id='word_1_788' title='bbox 2476 3444 2612 3493; x_wconf 86' lang='lat' dir='ltr'><strong>obest</strong></span> <span class='ocrx_word' id='word_1_789' title='bbox 2642 3455 2844 3504; x_wconf 89' lang='lat' dir='ltr'><strong>nomen,</strong></span> <span class='ocrx_word' id='word_1_790' title='bbox 2871 3456 2987 3491; x_wconf 88' lang='lat' dir='ltr'><strong>cum</strong></span> <span class='ocrx_word' id='word_1_791' title='bbox 3009 3440 3139 3493; x_wconf 86' lang='lat' dir='ltr'><strong>absit</strong></span> <span class='ocrx_word' id='word_1_792' title='bbox 3168 3441 3376 3494; x_wconf 83' lang='lat' dir='ltr'><strong>miseria.</strong></span> <span class='ocrx_word' id='word_1_793' title='bbox 3407 3440 3542 3501; x_wconf 86' lang='lat' dir='ltr'><strong>Stoici,</strong></span> <span class='ocrx_word' id='word_1_794' title='bbox 3570 3444 3625 3507; x_wconf 73' lang='lat' dir='ltr'><strong>qui</strong></span> 
     </span>
    </p>
   </div>
   <div class='ocr_carea' id='block_1_115' title="bbox 2159 3508 3622 3581">
    <p class='ocr_par' dir='ltr' id='par_1_115' title="bbox 2159 3508 3622 3581">
     <span class='ocr_line' id='line_1_115' title="bbox 2159 3508 3622 3581; baseline 0 -20"><span class='ocrx_word' id='word_1_795' title='bbox 2159 3511 2360 3579; x_wconf 88' lang='lat' dir='ltr'><strong>sapiens</strong></span> <span class='ocrx_word' id='word_1_796' title='bbox 2384 3510 2480 3574; x_wconf 89' lang='lat' dir='ltr'><strong>sit,</strong></span> <span class='ocrx_word' id='word_1_797' title='bbox 2511 3520 2599 3564; x_wconf 89' lang='lat' dir='ltr'><strong>aut</strong></span> <span class='ocrx_word' id='word_1_798' title='bbox 2626 3512 2799 3581; x_wconf 84' lang='lat' dir='ltr'><strong>fuerit,</strong></span> <span class='ocrx_word' id='word_1_799' title='bbox 2831 3512 3001 3580; x_wconf 87' lang='lat' dir='ltr'><strong>inquit</strong></span> <span class='ocrx_word' id='word_1_800' title='bbox 3027 3508 3219 3566; x_wconf 86' lang='lat' dir='ltr'><strong>Cicero</strong></span> <span class='ocrx_word' id='word_1_801' title='bbox 3246 3512 3476 3574; x_wconf 82' lang='lat' dir='ltr'><strong>(Acadeut.</strong></span> <span class='ocrx_word' id='word_1_802' title='bbox 3500 3511 3557 3564; x_wconf 85' lang='lat' dir='ltr'><strong>lib.</strong></span> <span class='ocrx_word' id='word_1_803' title='bbox 3576 3518 3622 3573; x_wconf 74' lang='lat' dir='ltr'><strong>nl,</strong></span> 
     </span>
    </p>
   </div>
   <div class='ocr_carea' id='block_1_116' title="bbox 2160 3582 3623 3650">
    <p class='ocr_par' dir='ltr' id='par_1_116' title="bbox 2160 3582 3623 3650">
     <span class='ocr_line' id='line_1_116' title="bbox 2160 3582 3623 3650; baseline 0.001 -18"><span class='ocrx_word' id='word_1_804' title='bbox 2160 3595 2249 3632; x_wconf 88' lang='lat' dir='ltr'><strong>nec</strong></span> <span class='ocrx_word' id='word_1_805' title='bbox 2275 3582 2373 3648; x_wconf 86' lang='lat' dir='ltr'><strong>ipsi</strong></span> <span class='ocrx_word' id='word_1_806' title='bbox 2393 3582 2559 3636; x_wconf 87' lang='lat' dir='ltr'><strong>solent</strong></span> <span class='ocrx_word' id='word_1_807' title='bbox 2586 3582 2802 3649; x_wconf 79' lang='lat' dir='ltr'><strong>dicere;</strong></span> <span class='ocrx_word' id='word_1_808' title='bbox 2834 3585 3034 3650; x_wconf 89' lang='lat' dir='ltr'><strong>quique</strong></span> <span class='ocrx_word' id='word_1_809' title='bbox 3065 3583 3339 3643; x_wconf 82' lang='lat' dir='ltr'><strong>sapientem</strong></span> <span class='ocrx_word' id='word_1_810' title='bbox 3358 3624 3370 3647; x_wconf 95' lang='lat'><strong>,</strong></span> <span class='ocrx_word' id='word_1_811' title='bbox 3407 3583 3472 3636; x_wconf 85' lang='lat' dir='ltr'><strong>vel</strong></span> <span class='ocrx_word' id='word_1_812' title='bbox 3503 3584 3623 3649; x_wconf 77' lang='lat' dir='ltr'><strong>sapien-</strong></span> 
     </span>
    </p>
   </div>
   <div class='ocr_carea' id='block_1_117' title="bbox 2161 3650 3621 3724">
    <p class='ocr_par' dir='ltr' id='par_1_117' title="bbox 2161 3650 3621 3724">
     <span class='ocr_line' id='line_1_117' title="bbox 2161 3650 3621 3724; baseline 0 -21"><span class='ocrx_word' id='word_1_813' title='bbox 2161 3650 2229 3705; x_wconf 93' lang='lat' dir='ltr'><strong>tis</strong></span> <span class='ocrx_word' id='word_1_814' title='bbox 2257 3651 2428 3724; x_wconf 87' lang='lat' dir='ltr'><strong>ideam</strong></span> <span class='ocrx_word' id='word_1_815' title='bbox 2457 3653 2652 3719; x_wconf 84' lang='lat' dir='ltr'><strong>potius,</strong></span> <span class='ocrx_word' id='word_1_816' title='bbox 2684 3652 2838 3706; x_wconf 84' lang='lat' dir='ltr'><strong>talem</strong></span> <span class='ocrx_word' id='word_1_817' title='bbox 2866 3652 3009 3706; x_wconf 89' lang='lat' dir='ltr'><strong>nobis</strong></span> <span class='ocrx_word' id='word_1_818' title='bbox 3052 3654 3325 3721; x_wconf 81' lang='lat' dir='ltr'><strong>detineant,</strong></span> <span class='ocrx_word' id='word_1_819' title='bbox 3354 3653 3517 3724; x_wconf 85' lang='lat' dir='ltr'><strong>qualem</strong></span> <span class='ocrx_word' id='word_1_820' title='bbox 3547 3668 3621 3704; x_wconf 77' lang='lat' dir='ltr'><strong>tutu</strong></span> 
     </span>
    </p>
   </div>
   <div class='ocr_carea' id='block_1_118' title="bbox 2159 3723 3105 3795">
    <p class='ocr_par' dir='ltr' id='par_1_118' title="bbox 2159 3723 3105 3795">
     <span class='ocr_line' id='line_1_118' title="bbox 2159 3723 3105 3795; baseline 0.004 -20"><span class='ocrx_word' id='word_1_821' title='bbox 2159 3723 2393 3775; x_wconf 86' lang='lat' dir='ltr'><strong>mortalis</strong></span> <span class='ocrx_word' id='word_1_822' title='bbox 2420 3735 2492 3776; x_wconf 88' lang='lat' dir='ltr'><strong>est</strong></span> <span class='ocrx_word' id='word_1_823' title='bbox 2515 3739 2756 3795; x_wconf 89' lang='lat' dir='ltr'><strong>umquam</strong></span> <span class='ocrx_word' id='word_1_824' title='bbox 2783 3733 3105 3779; x_wconf 87' lang='lat' dir='ltr'><strong>consecutus.</strong></span> 
     </span>
    </p>
   </div>
   <div class='ocr_carea' id='block_1_119' title="bbox 2230 3812 3623 3883">
    <p class='ocr_par' dir='ltr' id='par_1_119' title="bbox 2230 3812 3623 3883">
     <span class='ocr_line' id='line_1_119' title="bbox 2230 3812 3623 3883; baseline 0 -16"><span class='ocrx_word' id='word_1_825' title='bbox 2230 3813 2310 3866; x_wconf 83' lang='lat' dir='ltr'><strong>Ad</strong></span> <span class='ocrx_word' id='word_1_826' title='bbox 2338 3824 2662 3883; x_wconf 89' lang='lat' dir='ltr'><strong>conspectum</strong></span> <span class='ocrx_word' id='word_1_827' title='bbox 2687 3814 2895 3868; x_wconf 88' lang='lat' dir='ltr'><strong>alterius</strong></span> <span class='ocrx_word' id='word_1_828' title='bbox 2922 3815 3145 3870; x_wconf 89' lang='lat' dir='ltr'><strong>hominis</strong></span> <span class='ocrx_word' id='word_1_829' title='bbox 3168 3814 3459 3883; x_wconf 69' lang='lat' dir='ltr'><strong>efferantur.</strong></span> <span class='ocrx_word' id='word_1_830' title='bbox 3499 3812 3623 3881; x_wconf 71' lang='lat' dir='ltr'><strong>Optimi</strong></span> 
     </span>
    </p>
   </div>
   <div class='ocr_carea' id='block_1_120' title="bbox 2154 3884 3621 4009">
    <p class='ocr_par' dir='ltr' id='par_1_120' title="bbox 2154 3884 3621 4009">
     <span class='ocr_line' id='line_1_120' title="bbox 2154 3884 3621 4009; baseline 0.007 -74"><span class='ocrx_word' id='word_1_831' title='bbox 2154 3884 2413 4009; x_wconf 44' lang='lat' dir='ltr'><strong>ili‘idicavit</strong></span> <span class='ocrx_word' id='word_1_832' title='bbox 2443 3886 2624 3952; x_wconf 72' lang='lat' dir='ltr'><strong>Isaeus,</strong></span> <span class='ocrx_word' id='word_1_833' title='bbox 2654 3902 2749 3955; x_wconf 93' lang='lat' dir='ltr'><strong>pro</strong></span> <span class='ocrx_word' id='word_1_834' title='bbox 2777 3902 2843 3941; x_wconf 88' lang='lat' dir='ltr'><strong>eo</strong></span> <span class='ocrx_word' id='word_1_835' title='bbox 2871 3888 3012 3956; x_wconf 90' lang='lat' dir='ltr'><strong>quod</strong></span> <span class='ocrx_word' id='word_1_836' title='bbox 3066 3889 3118 3941; x_wconf 91' lang='lat' dir='ltr'><strong>in</strong></span> <span class='ocrx_word' id='word_1_837' title='bbox 3168 3888 3194 3941; x_wconf 82' lang='grc'><strong>1</strong></span> <span class='ocrx_word' id='word_1_838' title='bbox 3243 3889 3362 3956; x_wconf 82' lang='lat' dir='ltr'><strong>ltcg.</strong></span> <span class='ocrx_word' id='word_1_839' title='bbox 3402 3902 3507 3947; x_wconf 90' lang='lat' dir='ltr'><strong>rec.,</strong></span> <span class='ocrx_word' id='word_1_840' title='bbox 3535 3884 3621 3945; x_wconf 53' lang='lat' dir='ltr'><strong>Bon»</strong></span> 
     </span>
     <span class='ocr_line' id='line_1_121' title="bbox 2204 3955 3620 4009; baseline -0.002 0"><span class='ocrx_word' id='word_1_841' title='bbox 2204 3972 2317 4009; x_wconf 84' lang='lat' dir='ltr'><strong>ax..</strong></span> <span class='ocrx_word' id='word_1_842' title='bbox 2349 3958 2659 4009; x_wconf 78' lang='lat' dir='ltr'><strong>auferretur.</strong></span> <span class='ocrx_word' id='word_1_843' title='bbox 2688 3956 2974 4009; x_wconf 68' lang='lat' dir='ltr'><strong>legendum</strong></span> <span class='ocrx_word' id='word_1_844' title='bbox 3008 3972 3132 4009; x_wconf 84' lang='lat' dir='ltr'><strong>esse</strong></span> <span class='ocrx_word' id='word_1_845' title='bbox 3158 3955 3450 4009; x_wconf 80' lang='lat' dir='ltr'><strong>elferaretur.</strong></span> <span class='ocrx_word' id='word_1_846' title='bbox 3474 3956 3620 4009; x_wconf 58' lang='lat' dir='ltr'><strong>Elimia</strong></span> 
     </span>
    </p>
   </div>
   <div class='ocr_carea' id='block_1_121' title="bbox 2204 3955 3620 4027">
    <p class='ocr_par' dir='ltr' id='par_1_121' title="bbox 2204 3955 3620 4027">
     <span class='ocr_line' id='line_1_122' title="bbox 2204 3955 3620 4027; baseline -0.001 -18"><span class='ocrx_word' id='word_1_847' title='bbox 2204 3972 2317 4022; x_wconf 85' lang='lat' dir='ltr'><strong>ax.,</strong></span> <span class='ocrx_word' id='word_1_848' title='bbox 2349 3958 2659 4027; x_wconf 80' lang='lat' dir='ltr'><strong>auferretur,</strong></span> <span class='ocrx_word' id='word_1_849' title='bbox 2688 3955 2974 4027; x_wconf 81' lang='lat' dir='ltr'><strong>legendum</strong></span> <span class='ocrx_word' id='word_1_850' title='bbox 3008 3972 3132 4013; x_wconf 88' lang='lat' dir='ltr'><strong>esse</strong></span> <span class='ocrx_word' id='word_1_851' title='bbox 3158 3955 3450 4024; x_wconf 76' lang='lat' dir='ltr'><strong>e/feraretur.</strong></span> <span class='ocrx_word' id='word_1_852' title='bbox 3474 3956 3620 4027; x_wconf 52' lang='lat' dir='ltr'><strong>Eliens</strong></span> 
     </span>
    </p>
   </div>
   <div class='ocr_carea' id='block_1_122' title="bbox 2161 4026 3621 4084">
    <p class='ocr_par' dir='ltr' id='par_1_122' title="bbox 2161 4026 3621 4084">
     <span class='ocr_line' id='line_1_123' title="bbox 2161 4026 3621 4084; baseline -0.001 -6"><span class='ocrx_word' id='word_1_853' title='bbox 2161 4035 2247 4078; x_wconf 89' lang='lat' dir='ltr'><strong>tur</strong></span> <span class='ocrx_word' id='word_1_854' title='bbox 2290 4026 2433 4081; x_wconf 75' lang='lat' dir='ltr'><strong>enini</strong></span> <span class='ocrx_word' id='word_1_855' title='bbox 2466 4026 2763 4081; x_wconf 70' lang='lat' dir='ltr'><strong>hominum</strong></span> <span class='ocrx_word' id='word_1_856' title='bbox 2792 4028 2955 4082; x_wconf 87' lang='lat' dir='ltr'><strong>animi</strong></span> <span class='ocrx_word' id='word_1_857' title='bbox 2996 4030 3331 4084; x_wconf 88' lang='lat' dir='ltr'><strong>miseratione</strong></span> <span class='ocrx_word' id='word_1_858' title='bbox 3378 4030 3546 4082; x_wconf 83' lang='lat' dir='ltr'><strong>sublata.</strong></span> <span class='ocrx_word' id='word_1_859' title='bbox 3575 4026 3621 4078; x_wconf 78' lang='lat' dir='ltr'><strong>Sit</strong></span> 
     </span>
    </p>
   </div>
   <div class='ocr_carea' id='block_1_123' title="bbox 2157 4096 3617 4167">
    <p class='ocr_par' dir='ltr' id='par_1_123' title="bbox 2157 4096 3617 4167">
     <span class='ocr_line' id='line_1_124' title="bbox 2157 4096 3617 4167; baseline -0.003 -17"><span class='ocrx_word' id='word_1_860' title='bbox 2157 4096 2343 4166; x_wconf 88' lang='lat' dir='ltr'><strong>legunt</strong></span> <span class='ocrx_word' id='word_1_861' title='bbox 2387 4099 2599 4167; x_wconf 88' lang='lat' dir='ltr'><strong>triginta</strong></span> <span class='ocrx_word' id='word_1_862' title='bbox 2641 4114 2771 4154; x_wconf 91' lang='lat' dir='ltr'><strong>mss.</strong></span> <span class='ocrx_word' id='word_1_863' title='bbox 2817 4114 2881 4154; x_wconf 90' lang='lat' dir='ltr'><strong>ac</strong></span> <span class='ocrx_word' id='word_1_864' title='bbox 2933 4100 3146 4165; x_wconf 89' lang='lat' dir='ltr'><strong>pluritni</strong></span> <span class='ocrx_word' id='word_1_865' title='bbox 3183 4101 3325 4154; x_wconf 88' lang='lat' dir='ltr'><strong>editi.</strong></span> <span class='ocrx_word' id='word_1_866' title='bbox 3372 4098 3443 4153; x_wconf 82' lang='lat' dir='ltr'><strong>Ea;</strong></span> <span class='ocrx_word' id='word_1_867' title='bbox 3463 4098 3617 4167; x_wconf 69' lang='lat' dir='ltr'><strong>Gutta.</strong></span> 
     </span>
    </p>
   </div>
   <div class='ocr_carea' id='block_1_124' title="bbox 2156 4165 3617 4240">
    <p class='ocr_par' dir='ltr' id='par_1_124' title="bbox 2156 4165 3617 4240">
     <span class='ocr_line' id='line_1_125' title="bbox 2156 4165 3617 4240; baseline 0.003 -22"><span class='ocrx_word' id='word_1_868' title='bbox 2156 4165 2311 4240; x_wconf 45' lang='lat' dir='ltr'><strong>T-Ad</strong></span> <span class='ocrx_word' id='word_1_869' title='bbox 2341 4165 2733 4237; x_wconf 81' lang='lat' dir='ltr'><strong>conspectum...</strong></span> <span class='ocrx_word' id='word_1_870' title='bbox 2766 4168 3086 4237; x_wconf 82' lang='lat' dir='ltr'><strong>e/feraretur.</strong></span> <span class='ocrx_word' id='word_1_871' title='bbox 3122 4172 3271 4226; x_wconf 91' lang='lat' dir='ltr'><strong>llinc.</strong></span> <span class='ocrx_word' id='word_1_872' title='bbox 3299 4172 3361 4226; x_wconf 92' lang='lat' dir='ltr'><strong>de</strong></span> <span class='ocrx_word' id='word_1_873' title='bbox 3385 4165 3617 4240; x_wconf 66' lang='lat' dir='ltr'><strong>Opificci:</strong></span> 
     </span>
    </p>
   </div>
   <div class='ocr_carea' id='block_1_125' title="bbox 2160 4238 3618 4311">
    <p class='ocr_par' dir='ltr' id='par_1_125' title="bbox 2160 4238 3618 4311">
     <span class='ocr_line' id='line_1_126' title="bbox 2160 4238 3618 4311; baseline -0.001 -19"><span class='ocrx_word' id='word_1_874' title='bbox 2160 4238 2330 4293; x_wconf 85' lang='lat' dir='ltr'><strong>Homo</strong></span> <span class='ocrx_word' id='word_1_875' title='bbox 2370 4256 2584 4310; x_wconf 89' lang='lat' dir='ltr'><strong>quoque,</strong></span> <span class='ocrx_word' id='word_1_876' title='bbox 2616 4241 2727 4295; x_wconf 88' lang='lat' dir='ltr'><strong>si...</strong></span> <span class='ocrx_word' id='word_1_877' title='bbox 2757 4241 2962 4295; x_wconf 86' lang='lat' dir='ltr'><strong>haberet</strong></span> <span class='ocrx_word' id='word_1_878' title='bbox 3010 4241 3080 4294; x_wconf 89' lang='lat' dir='ltr'><strong>ad</strong></span> <span class='ocrx_word' id='word_1_879' title='bbox 3128 4238 3454 4311; x_wconf 78' lang='lat' dir='ltr'><strong>prapulsanda</strong></span> <span class='ocrx_word' id='word_1_880' title='bbox 3488 4238 3618 4311; x_wconf 69' lang='lat' dir='ltr'><strong>ptrith</strong></span> 
     </span>
    </p>
   </div>
   <div class='ocr_carea' id='block_1_126' title="bbox 2157 4310 3617 4379">
    <p class='ocr_par' dir='ltr' id='par_1_126' title="bbox 2157 4310 3617 4379">
     <span class='ocr_line' id='line_1_127' title="bbox 2157 4310 3617 4379; baseline -0.004 -16"><span class='ocrx_word' id='word_1_881' title='bbox 2157 4322 2431 4379; x_wconf 88' lang='lat' dir='ltr'><strong>suppeteus</strong></span> <span class='ocrx_word' id='word_1_882' title='bbox 2461 4311 2635 4375; x_wconf 89' lang='lat' dir='ltr'><strong>robur,</strong></span> <span class='ocrx_word' id='word_1_883' title='bbox 2668 4329 2759 4366; x_wconf 89' lang='lat' dir='ltr'><strong>nec</strong></span> <span class='ocrx_word' id='word_1_884' title='bbox 2800 4312 2955 4366; x_wconf 90' lang='lat' dir='ltr'><strong>ullius</strong></span> <span class='ocrx_word' id='word_1_885' title='bbox 2982 4310 3194 4366; x_wconf 87' lang='lat' dir='ltr'><strong>alterius</strong></span> <span class='ocrx_word' id='word_1_886' title='bbox 3226 4310 3407 4366; x_wconf 70' lang='lat' dir='ltr'><strong>auxilio</strong></span> <span class='ocrx_word' id='word_1_887' title='bbox 3438 4310 3617 4379; x_wconf 56' lang='lat' dir='ltr'><strong>indigent;</strong></span> 
     </span>
    </p>
   </div>
   <div class='ocr_carea' id='block_1_127' title="bbox 2156 4374 3617 4454">
    <p class='ocr_par' dir='ltr' id='par_1_127' title="bbox 2156 4374 3617 4454">
     <span class='ocr_line' id='line_1_128' title="bbox 2156 4374 3617 4454; baseline -0.005 -18"><span class='ocrx_word' id='word_1_888' title='bbox 2156 4374 2270 4454; x_wconf 66' lang='lat' dir='ltr'><strong>qtae</strong></span> <span class='ocrx_word' id='word_1_889' title='bbox 2291 4383 2522 4454; x_wconf 78' lang='lat' dir='ltr'><strong>societas</strong></span> <span class='ocrx_word' id='word_1_890' title='bbox 2553 4374 2679 4454; x_wconf 79' lang='lat' dir='ltr'><strong>esset</strong></span> <span class='ocrx_word' id='word_1_891' title='bbox 2699 4384 2792 4436; x_wconf 84' lang='lat'><strong>?...</strong></span> <span class='ocrx_word' id='word_1_892' title='bbox 2833 4393 2921 4437; x_wconf 88' lang='lat' dir='ltr'><strong>aut</strong></span> <span class='ocrx_word' id='word_1_893' title='bbox 2967 4383 3093 4454; x_wconf 89' lang='lat' dir='ltr'><strong>quid</strong></span> <span class='ocrx_word' id='word_1_894' title='bbox 3129 4393 3253 4438; x_wconf 87' lang='lat' dir='ltr'><strong>esset</strong></span> <span class='ocrx_word' id='word_1_895' title='bbox 3295 4374 3617 4441; x_wconf 72' lang='lat' dir='ltr'><strong>tetriushouin.’</strong></span> 
     </span>
    </p>
   </div>
   <div class='ocr_carea' id='block_1_128' title="bbox 2077 4447 3305 4522">
    <p class='ocr_par' dir='ltr' id='par_1_128' title="bbox 2077 4447 3305 4522">
     <span class='ocr_line' id='line_1_129' title="bbox 2077 4447 3305 4522; baseline 0 -14"><span class='ocrx_word' id='word_1_896' title='bbox 2077 4447 2131 4508; x_wconf 83' lang='lat' dir='ltr'><strong>l)</strong></span> <span class='ocrx_word' id='word_1_897' title='bbox 2161 4447 2298 4518; x_wconf 87' lang='lat' dir='ltr'><strong>Quid</strong></span> <span class='ocrx_word' id='word_1_898' title='bbox 2327 4451 2634 4509; x_wconf 70' lang='lat' dir='ltr'><strong>efferatius?</strong></span> <span class='ocrx_word' id='word_1_899' title='bbox 2663 4455 2801 4522; x_wconf 84' lang='lat' dir='ltr'><strong>Quid</strong></span> <span class='ocrx_word' id='word_1_900' title='bbox 2828 4447 3150 4510; x_wconf 79' lang='lat' dir='ltr'><strong>immanius?</strong></span> <span class='ocrx_word' id='word_1_901' title='bbox 3180 4455 3305 4510; x_wconf 76' lang='lat' dir='ltr'><strong>Buu.</strong></span> 
     </span>
    </p>
   </div>
   <div class='ocr_carea' id='block_1_129' title="bbox 2224 4543 3611 4615">
    <p class='ocr_par' dir='ltr' id='par_1_129' title="bbox 2224 4543 3611 4615">
     <span class='ocr_line' id='line_1_130' title="bbox 2224 4543 3611 4615; baseline -0.001 -17"><span class='ocrx_word' id='word_1_902' title='bbox 2224 4543 2488 4615; x_wconf 84' lang='lat' dir='ltr'><strong>Soliuaga.</strong></span> <span class='ocrx_word' id='word_1_903' title='bbox 2519 4545 2651 4611; x_wconf 73' lang='lat' dir='ltr'><strong>Qua:</strong></span> <span class='ocrx_word' id='word_1_904' title='bbox 2681 4546 2923 4601; x_wconf 90' lang='lat' dir='ltr'><strong>solitarie</strong></span> <span class='ocrx_word' id='word_1_905' title='bbox 2948 4555 3094 4600; x_wconf 89' lang='lat' dir='ltr'><strong>amat</strong></span> <span class='ocrx_word' id='word_1_906' title='bbox 3130 4549 3336 4609; x_wconf 78' lang='lat' dir='ltr'><strong>vivere;</strong></span> <span class='ocrx_word' id='word_1_907' title='bbox 3369 4545 3611 4615; x_wconf 71' lang='lat' dir='ltr'><strong>iisqueopvo-</strong></span> 
     </span>
    </p>
   </div>
   <div class='ocr_carea' id='block_1_130' title="bbox 2150 4612 3610 4685">
    <p class='ocr_par' dir='ltr' id='par_1_130' title="bbox 2150 4612 3610 4685">
     <span class='ocr_line' id='line_1_131' title="bbox 2150 4612 3610 4685; baseline -0.003 -17"><span class='ocrx_word' id='word_1_908' title='bbox 2150 4616 2294 4669; x_wconf 88' lang='lat' dir='ltr'><strong>nitur</strong></span> <span class='ocrx_word' id='word_1_909' title='bbox 2323 4612 2441 4684; x_wconf 67' lang='lat' dir='ltr'><strong>quae</strong></span> <span class='ocrx_word' id='word_1_910' title='bbox 2468 4618 2731 4685; x_wconf 84' lang='lat' dir='ltr'><strong>gregatim</strong></span> <span class='ocrx_word' id='word_1_911' title='bbox 2757 4617 2967 4682; x_wconf 82' lang='lat' dir='ltr'><strong>vivunt,</strong></span> <span class='ocrx_word' id='word_1_912' title='bbox 3000 4628 3057 4669; x_wconf 87' lang='lat' dir='ltr'><strong>ut</strong></span> <span class='ocrx_word' id='word_1_913' title='bbox 3087 4632 3238 4685; x_wconf 88' lang='lat' dir='ltr'><strong>apes,</strong></span> <span class='ocrx_word' id='word_1_914' title='bbox 3268 4615 3475 4670; x_wconf 81' lang='lat' dir='ltr'><strong>formica:</strong></span> <span class='ocrx_word' id='word_1_915' title='bbox 3493 4612 3610 4685; x_wconf 74' lang='lat' dir='ltr'><strong>aliaque</strong></span> 
     </span>
    </p>
   </div>
   <div class='ocr_carea' id='block_1_131' title="bbox 2148 4682 3607 4759">
    <p class='ocr_par' dir='ltr' id='par_1_131' title="bbox 2148 4682 3607 4759">
     <span class='ocr_line' id='line_1_132' title="bbox 2148 4682 3607 4759; baseline -0.003 -20"><span class='ocrx_word' id='word_1_916' title='bbox 2148 4682 2432 4740; x_wconf 51' lang='lat' dir='ltr'><strong>multaf—</strong></span> <span class='ocrx_word' id='word_1_917' title='bbox 2454 4682 2703 4759; x_wconf 65' lang='lat' dir='ltr'><strong>Quarum</strong></span> <span class='ocrx_word' id='word_1_918' title='bbox 2751 4698 2936 4741; x_wconf 90' lang='lat' dir='ltr'><strong>natura</strong></span> <span class='ocrx_word' id='word_1_919' title='bbox 2978 4682 3227 4758; x_wconf 81' lang='lat' dir='ltr'><strong>solivaga.</strong></span> <span class='ocrx_word' id='word_1_920' title='bbox 3278 4686 3468 4741; x_wconf 90' lang='lat' dir='ltr'><strong>Tuscul.</strong></span> <span class='ocrx_word' id='word_1_921' title='bbox 3505 4682 3607 4759; x_wconf 40' lang='lat' dir='ltr'><strong>hbzt.</strong></span> 
     </span>
    </p>
   </div>
   <div class='ocr_carea' id='block_1_132' title="bbox 2144 4756 3605 4830">
    <p class='ocr_par' dir='ltr' id='par_1_132' title="bbox 2144 4756 3605 4830">
     <span class='ocr_line' id='line_1_133' title="bbox 2144 4756 3605 4830; baseline -0.014 -14"><span class='ocrx_word' id='word_1_922' title='bbox 2144 4772 2272 4830; x_wconf 54' lang='lat' dir='ltr'><strong>gap:</strong></span> <span class='ocrx_word' id='word_1_923' title='bbox 2296 4759 2403 4830; x_wconf 74' lang='lat' dir='ltr'><strong>l5:</strong></span> <span class='ocrx_word' id='word_1_924' title='bbox 2445 4756 2635 4813; x_wconf 71' lang='lat' dir='ltr'><strong>Bestia:</strong></span> <span class='ocrx_word' id='word_1_925' title='bbox 2683 4759 2925 4828; x_wconf 75' lang='lat' dir='ltr'><strong>solivaga:</strong></span> <span class='ocrx_word' id='word_1_926' title='bbox 2970 4756 3308 4830; x_wconf 29' lang='lat' dir='ltr'><strong>Oppon‘untur</strong></span> <span class='ocrx_word' id='word_1_927' title='bbox 3344 4756 3605 4830; x_wconf 67' lang='lat' dir='ltr'><strong>congregata...</strong></span> 
     </span>
    </p>
   </div>
   <div class='ocr_carea' id='block_1_133' title="bbox 2144 4827 3607 4900">
    <p class='ocr_par' dir='ltr' id='par_1_133' title="bbox 2144 4827 3607 4900">
     <span class='ocr_line' id='line_1_134' title="bbox 2144 4827 3607 4900; baseline -0.007 -17"><span class='ocrx_word' id='word_1_928' title='bbox 2144 4827 2395 4884; x_wconf 50' lang='lat' dir='ltr'><strong>Et&#39;Ol&#39;lic.</strong></span> <span class='ocrx_word' id='word_1_929' title='bbox 2429 4830 2465 4883; x_wconf 94' lang='lat' dir='ltr'><strong>l.</strong></span> <span class='ocrx_word' id='word_1_930' title='bbox 2495 4845 2538 4893; x_wconf 85' lang='grc' dir='ltr'>ι.</span> <span class='ocrx_word' id='word_1_931' title='bbox 2566 4845 2684 4900; x_wconf 90' lang='lat' dir='ltr'><strong>cap.</strong></span> <span class='ocrx_word' id='word_1_932' title='bbox 2723 4827 2925 4899; x_wconf 83' lang='lat' dir='ltr'><strong>penult.</strong></span> <span class='ocrx_word' id='word_1_933' title='bbox 2970 4827 3022 4884; x_wconf 66' lang='grc' dir='ltr'><strong>ε’</strong></span> <span class='ocrx_word' id='word_1_934' title='bbox 3043 4827 3284 4900; x_wconf 84' lang='lat' dir='ltr'><strong>Solivaga</strong></span> <span class='ocrx_word' id='word_1_935' title='bbox 3324 4828 3505 4884; x_wconf 84' lang='lat' dir='ltr'><strong>conditio</strong></span> <span class='ocrx_word' id='word_1_936' title='bbox 3532 4832 3607 4874; x_wconf 70' lang='lat' dir='ltr'><strong>cur</strong></span> 
     </span>
    </p>
   </div>
   <div class='ocr_carea' id='block_1_134' title="bbox 2143 4900 3456 4956">
    <p class='ocr_par' dir='ltr' id='par_1_134' title="bbox 2143 4900 3456 4956">
     <span class='ocr_line' id='line_1_135' title="bbox 2143 4900 3456 4956; baseline 0.002 -2"><span class='ocrx_word' id='word_1_937' title='bbox 2143 4900 2385 4955; x_wconf 88' lang='lat' dir='ltr'><strong>tnunioni</strong></span> <span class='ocrx_word' id='word_1_938' title='bbox 2410 4900 2747 4956; x_wconf 86' lang='lat' dir='ltr'><strong>adversatur.</strong></span> <span class='ocrx_word' id='word_1_939' title='bbox 2790 4900 2925 4956; x_wconf 76' lang='lat' dir='ltr'><strong>Buu.</strong></span> <span class='ocrx_word' id='word_1_940' title='bbox 3451 4900 3456 4904; x_wconf 80' lang='grc'><em>’</em></span> 
     </span>
    </p>
   </div>
   <div class='ocr_carea' id='block_1_135' title="bbox 2216 4979 3606 5065">
    <p class='ocr_par' dir='ltr' id='par_1_135' title="bbox 2216 4979 3606 5065">
     <span class='ocr_line' id='line_1_136' title="bbox 2216 4979 3606 5065; baseline 0.001 -19"><span class='ocrx_word' id='word_1_941' title='bbox 2216 4993 2316 5058; x_wconf 89' lang='lat' dir='ltr'><strong>Qui</strong></span> <span class='ocrx_word' id='word_1_942' title='bbox 2342 4994 2541 5065; x_wconf 88' lang='lat' dir='ltr'><strong>nigram</strong></span> <span class='ocrx_word' id='word_1_943' title='bbox 2567 4994 2700 5048; x_wconf 70' lang='lat' dir='ltr'><strong>dixit</strong></span> <span class='ocrx_word' id='word_1_944' title='bbox 2727 5010 2834 5049; x_wconf 89' lang='lat' dir='ltr'><strong>esse</strong></span> <span class='ocrx_word' id='word_1_945' title='bbox 2860 4995 3044 5050; x_wconf 86' lang='lat' dir='ltr'><strong>nivem.</strong></span> <span class='ocrx_word' id='word_1_946' title='bbox 3076 4995 3435 5065; x_wconf 81' lang='lat' dir='ltr'><strong>Anaxagoras,</strong></span> <span class='ocrx_word' id='word_1_947' title='bbox 3460 4997 3502 5065; x_wconf 81' lang='lat' dir='ltr'><strong>t_l_t</strong></span> <span class='ocrx_word' id='word_1_948' title='bbox 3521 4979 3606 5058; x_wconf 60' lang='grc' dir='ltr'><strong>τείεῖί</strong></span> 
     </span>
    </p>
   </div>
   <div class='ocr_carea' id='block_1_136' title="bbox 2144 5060 3607 5133">
    <p class='ocr_par' dir='ltr' id='par_1_136' title="bbox 2144 5060 3607 5133">
     <span class='ocr_line' id='line_1_137' title="bbox 2144 5060 3607 5133; baseline -0.001 -15"><span class='ocrx_word' id='word_1_949' title='bbox 2144 5060 2415 5127; x_wconf 51' lang='lat' dir='ltr'><strong>Galenus,</strong></span> <span class='ocrx_word' id='word_1_950' title='bbox 2438 5066 2533 5119; x_wconf 88' lang='lat' dir='ltr'><strong>lib.</strong></span> <span class='ocrx_word' id='word_1_951' title='bbox 2567 5065 2636 5120; x_wconf 86' lang='lat' dir='ltr'><strong>de</strong></span> <span class='ocrx_word' id='word_1_952' title='bbox 2665 5065 3009 5133; x_wconf 84' lang='lat' dir='ltr'><strong>Simplicibus</strong></span> <span class='ocrx_word' id='word_1_953' title='bbox 3042 5060 3439 5122; x_wconf 81' lang='lat' dir='ltr'><strong>medicamentis.</strong></span> <span class='ocrx_word' id='word_1_954' title='bbox 3460 5060 3607 5133; x_wconf 56' lang='lat' dir='ltr'><strong>Non“?</strong></span> 
     </span>
    </p>
   </div>
   <div class='ocr_carea' id='block_1_137' title="bbox 2142 5129 3605 5207">
    <p class='ocr_par' dir='ltr' id='par_1_137' title="bbox 2142 5129 3605 5207">
     <span class='ocr_line' id='line_1_138' title="bbox 2142 5129 3605 5207; baseline 0.002 -20"><span class='ocrx_word' id='word_1_955' title='bbox 2142 5150 2243 5207; x_wconf 87' lang='lat' dir='ltr'><strong>nus</strong></span> <span class='ocrx_word' id='word_1_956' title='bbox 2268 5146 2455 5207; x_wconf 86' lang='lat' dir='ltr'><strong>contra</strong></span> <span class='ocrx_word' id='word_1_957' title='bbox 2482 5129 2825 5191; x_wconf 75' lang='lat' dir='ltr'><strong>communem</strong></span> <span class='ocrx_word' id='word_1_958' title='bbox 2854 5152 3071 5192; x_wconf 86' lang='lat' dir='ltr'><strong>sensum</strong></span> <span class='ocrx_word' id='word_1_959' title='bbox 3102 5139 3344 5207; x_wconf 89' lang='lat' dir='ltr'><strong>pugnavit</strong></span> <span class='ocrx_word' id='word_1_960' title='bbox 3370 5132 3444 5207; x_wconf 90' lang='lat' dir='ltr'><strong>ille</strong></span> <span class='ocrx_word' id='word_1_961' title='bbox 3463 5173 3474 5195; x_wconf 88' lang='lat'><strong>,</strong></span> <span class='ocrx_word' id='word_1_962' title='bbox 3492 5129 3605 5207; x_wconf 36' lang='lat' dir='ltr'><strong>deli?“</strong></span> 
     </span>
    </p>
   </div>
   <div class='ocr_carea' id='block_1_138' title="bbox 2137 5192 3603 5277">
    <p class='ocr_par' dir='ltr' id='par_1_138' title="bbox 2137 5192 3603 5277">
     <span class='ocr_line' id='line_1_139' title="bbox 2137 5192 3603 5277; baseline -0.001 -18"><span class='ocrx_word' id='word_1_963' title='bbox 2137 5204 2192 5259; x_wconf 90' lang='lat' dir='ltr'><strong>in</strong></span> <span class='ocrx_word' id='word_1_964' title='bbox 2221 5205 2410 5261; x_wconf 86' lang='lat' dir='ltr'><strong>eodem</strong></span> <span class='ocrx_word' id='word_1_965' title='bbox 2439 5222 2604 5276; x_wconf 89' lang='lat' dir='ltr'><strong>opere</strong></span> <span class='ocrx_word' id='word_1_966' title='bbox 2628 5209 2748 5262; x_wconf 77' lang='lat' dir='ltr'><strong>Gal.</strong></span> <span class='ocrx_word' id='word_1_967' title='bbox 2784 5207 2877 5262; x_wconf 90' lang='lat' dir='ltr'><strong>lib.</strong></span> <span class='ocrx_word' id='word_1_968' title='bbox 2912 5225 2963 5262; x_wconf 75' lang='lat' dir='ltr'><strong>Ix</strong></span> <span class='ocrx_word' id='word_1_969' title='bbox 2990 5192 3210 5268; x_wconf 50' lang='lat' dir='ltr'><strong>scribit&quot;,</strong></span> <span class='ocrx_word' id='word_1_970' title='bbox 3241 5222 3350 5277; x_wconf 88' lang='lat' dir='ltr'><strong>cap.</strong></span> <span class='ocrx_word' id='word_1_971' title='bbox 3380 5206 3424 5265; x_wconf 81' lang='lat' dir='ltr'><strong>l,</strong></span> <span class='ocrx_word' id='word_1_972' title='bbox 3448 5192 3545 5270; x_wconf 77' lang='lat' dir='ltr'><strong>quod</strong></span> <span class='ocrx_word' id='word_1_973' title='bbox 3563 5192 3603 5245; x_wconf 59' lang='lat' dir='ltr'><strong>di‘</strong></span> 
     </span>
    </p>
   </div>
   <div class='ocr_carea' id='block_1_139' title="bbox 2138 5276 3602 5349">
    <p class='ocr_par' dir='ltr' id='par_1_139' title="bbox 2138 5276 3602 5349">
     <span class='ocr_line' id='line_1_140' title="bbox 2138 5276 3602 5349; baseline -0.003 -19"><span class='ocrx_word' id='word_1_974' title='bbox 2138 5276 2281 5349; x_wconf 60' lang='lat' dir='ltr'><strong>serit</strong></span> <span class='ocrx_word' id='word_1_975' title='bbox 2305 5318 2320 5341; x_wconf 92' lang='lat'><strong>,</strong></span> <span class='ocrx_word' id='word_1_976' title='bbox 2350 5277 2478 5331; x_wconf 89' lang='lat' dir='ltr'><strong>nihil</strong></span> <span class='ocrx_word' id='word_1_977' title='bbox 2506 5280 2816 5349; x_wconf 83' lang='lat' dir='ltr'><strong>prohibere,</strong></span> <span class='ocrx_word' id='word_1_978' title='bbox 2849 5281 3137 5348; x_wconf 89' lang='lat' dir='ltr'><strong>quominus</strong></span> <span class='ocrx_word' id='word_1_979' title='bbox 3165 5276 3415 5333; x_wconf 82' lang='lat' dir='ltr'><strong>diceretur</strong></span> <span class='ocrx_word' id='word_1_980' title='bbox 3438 5276 3502 5349; x_wconf 60' lang='lat' dir='ltr'><strong>nis</strong></span> <span class='ocrx_word' id='word_1_981' title='bbox 3520 5277 3602 5349; x_wconf 41' lang='lat' dir='ltr'><strong>et?</strong></span> 
     </span>
    </p>
   </div>
   <div class='ocr_carea' id='block_1_140' title="bbox 2135 5333 3601 5420">
    <p class='ocr_par' dir='ltr' id='par_1_140' title="bbox 2135 5333 3601 5420">
     <span class='ocr_line' id='line_1_141' title="bbox 2135 5333 3601 5420; baseline -0.002 -19"><span class='ocrx_word' id='word_1_982' title='bbox 2135 5346 2259 5401; x_wconf 85' lang='lat' dir='ltr'><strong>dem</strong></span> <span class='ocrx_word' id='word_1_983' title='bbox 2291 5333 2411 5420; x_wconf 73' lang='lat' dir='ltr'><strong>eum</strong></span> <span class='ocrx_word' id='word_1_984' title='bbox 2444 5333 2564 5417; x_wconf 71' lang='lat' dir='ltr'><strong>igne</strong></span> <span class='ocrx_word' id='word_1_985' title='bbox 2593 5333 2944 5406; x_wconf 34' lang='lat' dir='ltr'><strong>habere’tu-m&#39;</strong></span> <span class='ocrx_word' id='word_1_986' title='bbox 2966 5351 3273 5420; x_wconf 83' lang='lat' dir='ltr'><strong>qualitatem</strong></span> <span class='ocrx_word' id='word_1_987' title='bbox 3298 5389 3311 5413; x_wconf 96' lang='lat'><strong>,</strong></span> <span class='ocrx_word' id='word_1_988' title='bbox 3351 5357 3444 5399; x_wconf 90' lang='lat' dir='ltr'><strong>tum</strong></span> <span class='ocrx_word' id='word_1_989' title='bbox 3475 5333 3601 5393; x_wconf 51' lang='lat' dir='ltr'><strong>lacu“?</strong></span> 
     </span>
    </p>
   </div>
   <div class='ocr_carea' id='block_1_141' title="bbox 2134 5418 2638 5475">
    <p class='ocr_par' dir='ltr' id='par_1_141' title="bbox 2134 5418 2638 5475">
     <span class='ocr_line' id='line_1_142' title="bbox 2134 5418 2638 5475; baseline 0.006 -3"><span class='ocrx_word' id='word_1_990' title='bbox 2134 5426 2265 5473; x_wconf 91' lang='lat' dir='ltr'><strong>tem.</strong></span> <span class='ocrx_word' id='word_1_991' title='bbox 2308 5418 2638 5475; x_wconf 75' lang='grc' dir='ltr'>Βετιιιειιιε.</span> 
     </span>
    </p>
   </div>
   <div class='ocr_carea' id='block_1_142' title="bbox 2211 5472 3597 5563">
    <p class='ocr_par' dir='ltr' id='par_1_142' title="bbox 2211 5472 3597 5563">
     <span class='ocr_line' id='line_1_143' title="bbox 2211 5472 3597 5563; baseline 0.005 -22"><span class='ocrx_word' id='word_1_992' title='bbox 2211 5487 2258 5563; x_wconf 66' lang='grc' dir='ltr'><strong>ρ</strong></span> <span class='ocrx_word' id='word_1_993' title='bbox 2262 5498 2280 5542; x_wconf 83' lang='grc' dir='ltr'><strong>ι</strong></span> <span class='ocrx_word' id='word_1_994' title='bbox 2299 5472 2658 5563; x_wconf 30' lang='lat' dir='ltr'><strong>cwlniiiIV—ide</strong></span> <span class='ocrx_word' id='word_1_995' title='bbox 2677 5506 2836 5561; x_wconf 86' lang='lat' dir='ltr'><strong>supra</strong></span> <span class='ocrx_word' id='word_1_996' title='bbox 2859 5507 2979 5563; x_wconf 89' lang='lat' dir='ltr'><strong>cap.</strong></span> <span class='ocrx_word' id='word_1_997' title='bbox 2999 5491 3053 5557; x_wconf 92' lang='lat'><strong>9,</strong></span> <span class='ocrx_word' id='word_1_998' title='bbox 3075 5501 3128 5547; x_wconf 93' lang='lat' dir='ltr'><strong>et</strong></span> <span class='ocrx_word' id='word_1_999' title='bbox 3155 5490 3285 5545; x_wconf 85' lang='lat' dir='ltr'><strong>inira</strong></span> <span class='ocrx_word' id='word_1_1000' title='bbox 3300 5488 3389 5563; x_wconf 56' lang='lat' dir='ltr'><strong>lib:</strong></span> <span class='ocrx_word' id='word_1_1001' title='bbox 3408 5499 3466 5545; x_wconf 68' lang='lat' dir='ltr'><strong>XI.</strong></span> <span class='ocrx_word' id='word_1_1002' title='bbox 3483 5472 3597 5563; x_wconf 57' lang='grc' dir='ltr'><strong>οξΡζῘξ</strong></span> 
     </span>
    </p>
   </div>
   <div class='ocr_carea' id='block_1_143' title="bbox 2202 5552 3597 5631">
    <p class='ocr_par' dir='ltr' id='par_1_143' title="bbox 2202 5552 3597 5631">
     <span class='ocr_line' id='line_1_144' title="bbox 2202 5552 3597 5631; baseline 0.006 -19"><span class='ocrx_word' id='word_1_1003' title='bbox 2202 5558 2703 5631; x_wconf 80' lang='lat' dir='ltr'><strong>XenOphanes.Cic.</strong></span> <span class='ocrx_word' id='word_1_1004' title='bbox 2736 5552 2787 5617; x_wconf 75' lang='lat' dir='ltr'><strong>in</strong></span> <span class='ocrx_word' id='word_1_1005' title='bbox 2818 5552 2981 5618; x_wconf 81' lang='lat' dir='ltr'><strong>Acad.</strong></span> <span class='ocrx_word' id='word_1_1006' title='bbox 3012 5552 3245 5619; x_wconf 78' lang='lat' dir='ltr'><strong>Habitari</strong></span> <span class='ocrx_word' id='word_1_1007' title='bbox 3265 5560 3332 5613; x_wconf 91' lang='lat' dir='ltr'><strong>ait</strong></span> <span class='ocrx_word' id='word_1_1008' title='bbox 3354 5552 3597 5631; x_wconf 56' lang='lat' dir='ltr'><strong>X900me</strong></span> 
     </span>
    </p>
   </div>
   <div class='ocr_carea' id='block_1_144' title="bbox 2132 5624 3599 5703">
    <p class='ocr_par' dir='ltr' id='par_1_144' title="bbox 2132 5624 3599 5703">
     <span class='ocr_line' id='line_1_145' title="bbox 2132 5624 3599 5703; baseline 0.007 -19"><span class='ocrx_word' id='word_1_1009' title='bbox 2132 5630 2185 5703; x_wconf 82' lang='lat' dir='ltr'><strong>in</strong></span> <span class='ocrx_word' id='word_1_1010' title='bbox 2220 5632 2343 5686; x_wconf 93' lang='lat' dir='ltr'><strong>luna</strong></span> <span class='ocrx_word' id='word_1_1011' title='bbox 2356 5624 2378 5699; x_wconf 81' lang='grc'><em>’,</em></span> <span class='ocrx_word' id='word_1_1012' title='bbox 2410 5648 2637 5703; x_wconf 90' lang='lat' dir='ltr'><strong>eamque</strong></span> <span class='ocrx_word' id='word_1_1013' title='bbox 2668 5650 2788 5688; x_wconf 80' lang='lat' dir='ltr'><strong>esse</strong></span> <span class='ocrx_word' id='word_1_1014' title='bbox 2819 5643 3016 5689; x_wconf 85' lang='lat' dir='ltr'><strong>terram</strong></span> <span class='ocrx_word' id='word_1_1015' title='bbox 3039 5676 3053 5699; x_wconf 91' lang='lat'><strong>,</strong></span> <span class='ocrx_word' id='word_1_1016' title='bbox 3094 5637 3147 5687; x_wconf 92' lang='lat' dir='ltr'><strong>in</strong></span> <span class='ocrx_word' id='word_1_1017' title='bbox 3177 5648 3273 5703; x_wconf 77' lang='lat' dir='ltr'><strong>qua</strong></span> <span class='ocrx_word' id='word_1_1018' title='bbox 3312 5624 3599 5703; x_wconf 65' lang='grc' dir='ltr'><strong>ωυιιεξτυω,“ξ“</strong></span> 
     </span>
    </p>
   </div>
   <div class='ocr_carea' id='block_1_145' title="bbox 2127 5684 3591 5773">
    <p class='ocr_par' dir='ltr' id='par_1_145' title="bbox 2127 5684 3591 5773">
     <span class='ocr_line' id='line_1_146' title="bbox 2127 5684 3591 5773; baseline 0.003 -14"><span class='ocrx_word' id='word_1_1019' title='bbox 2127 5684 2643 5760; x_wconf 48' lang='lat' dir='ltr'><strong>mansuetum</strong></span> <span class='ocrx_word' id='word_1_1020' title='bbox 2673 5684 2920 5773; x_wconf 48' lang='lat' dir='ltr'><strong>partem;</strong></span> <span class='ocrx_word' id='word_1_1021' title='bbox 2934 5684 3209 5760; x_wconf 35' lang='lat' dir='ltr'><strong>Vitem—ori</strong></span> <span class='ocrx_word' id='word_1_1022' title='bbox 3222 5684 3416 5758; x_wconf 37' lang='lat' dir='ltr'><strong>&#39;De&#39;hoc</strong></span> <span class='ocrx_word' id='word_1_1023' title='bbox 3436 5696 3520 5763; x_wconf 71' lang='lat' dir='ltr'><strong>lette</strong></span> <span class='ocrx_word' id='word_1_1024' title='bbox 3535 5684 3591 5740; x_wconf 66' lang='grc' dir='ltr'><strong>ιη’</strong></span> 
     </span>
    </p>
   </div>
   <div class='ocr_carea' id='block_1_146' title="bbox 2127 5775 3256 5850">
    <p class='ocr_par' dir='ltr' id='par_1_146' title="bbox 2127 5775 3256 5850">
     <span class='ocr_line' id='line_1_147' title="bbox 2127 5775 3256 5850; baseline -0.004 -20"><span class='ocrx_word' id='word_1_1025' title='bbox 2127 5775 2343 5831; x_wconf 91' lang='lat' dir='ltr'><strong>cianum</strong></span> <span class='ocrx_word' id='word_1_1026' title='bbox 2374 5775 2431 5833; x_wconf 91' lang='lat' dir='ltr'><strong>in</strong></span> <span class='ocrx_word' id='word_1_1027' title='bbox 2458 5775 2905 5850; x_wconf 81' lang='lat' dir='ltr'><strong>lcaro_Mcoippo.</strong></span> <span class='ocrx_word' id='word_1_1028' title='bbox 2936 5776 3256 5834; x_wconf 77' lang='lat' dir='ltr'><strong>BETULEIUS.</strong></span> 
     </span>
    </p>
   </div>
  </div>
