3770 6264
156 337 270 396 437
1047 348 1256 408 LIBER
1294 351 1378 408 lll.
1421 351 1509 408 DE
1548 351 1772 412 FALSA
1811 354 2179 415 SAPIENTIA
2215 355 2616 420 PHILOSOPH.
3349 371 3454 426 458

152 457 328 556 enim,
358 475 480 519 cum
502 473 596 520 aut
623 465 956 536 ignorarent,
983 482 1016 524 a
1041 482 1150 540 quo
1173 478 1322 527 esset
1345 471 1570 528 effectus
1599 485 1757 529 mun-
1781 481 1832 542 Α
1859 484 2018 540 runt;
2054 489 2154 532 nec
2195 478 2416 536 omnino
2460 479 2564 536 ulla
2607 495 2794 538 eorum
2840 481 3131 556 disputatio
3159 484 3228 544 de
3253 487 3454 545 virtute

149 547 283 620 dus,
311 561 406 610 aut
430 556 760 627 persuadere
790 558 1024 628 vellent,
1060 561 1195 618 nihil
1221 577 1346 619 esse
1371 561 1549 620 divina
1578 573 1760 621 mente
1859 577 1942 623 est
1963 607 1978 635 ,
2010 568 2063 623 in
2095 584 2201 640 qua
2247 586 2354 626 non
2400 572 2610 629 fortuna
2639 584 2885 631 vexetur.
2917 547 2985 632 lii.
3011 577 3220 636 Tullius
3263 579 3318 636 in
3359 594 3456 637 sua

147 645 498 719 perfectum,
547 661 795 707 naturam
839 667 964 710 esse
1006 654 1259 711 dixerunt
1297 671 1480 712 rerum
1517 658 1756 714 omnium
1859 658 2242 717 Consolatione
2287 677 2554 736 pugnasse
2601 680 2662 722 se
2703 681 2919 739 semper
2959 679 3146 726 contra
3188 671 3454 729 fortunam

145 748 411 810 matrem,
435 743 586 813 quasi
608 742 875 814 dicerent,
901 747 1084 803 omnia
1115 763 1209 803 sua
1231 761 1426 820 sponte
1448 764 1571 807 esse
1594 760 1718 808 nata
1741 769 1753 807 :

146 837 272 898 quo
315 832 482 889 verbo
531 834 691 904 plane
743 835 1160 906 imprudentiam
1205 855 1358 896 suam
1406 841 1750 898 conﬁtentur.

143 917 364 980 Natura
392 927 556 992 enim,
581 938 785 982 remota
815 929 1146 1000 providentia
1175 939 1231 987 et
1261 942 1522 1002 potestate
1545 932 1749 1002 divina,

135 1026 381 1086 prorsus
415 1017 551 1074 nihil
589 1028 694 1076 est.
741 1020 894 1088 Quod
940 1023 984 1078 si
1027 1023 1194 1080 Deum
1237 1035 1482 1082 naturam
1521 1037 1752 1095 vocent,

137 1119 276 1177 Quae
315 1111 647 1181 perversitas
687 1125 800 1181 est,
847 1124 1093 1172 naturam
1149 1119 1326 1187 potius
1374 1135 1532 1190 quam
1580 1120 1753 1175 Deum

141 1199 476 1257 nominare?
505 1202 562 1259 Si
593 1213 776 1260 autem
805 1215 996 1261 natura
1026 1209 1166 1263 ratio
1195 1219 1300 1277 est,
1324 1211 1409 1266 vel
1433 1212 1750 1281 necessitas,

134 1291 220 1346 vel
251 1295 498 1352 conditio
523 1297 801 1366 nascendi,
831 1314 938 1354 non
961 1308 1044 1356 est
1076 1315 1172 1370 per
1187 1303 1419 1382 seipsatn
1447 1305 1746 1376 sensibilis;

133 1381 234 1437 sed
269 1400 504 1444 necesse
531 1397 616 1444 est
649 1400 885 1446 mentem
914 1407 1038 1448 esse
1064 1393 1324 1459 divinam,
1357 1411 1475 1466 qua:
1503 1410 1597 1451 sua
1626 1411 1752 1468 pro-

139 1473 387 1534 videntia
416 1480 674 1538 nascendi
694 1483 1019 1556 principium
1041 1486 1202 1542 rebus
1222 1489 1474 1544 omnibus
1493 1491 1748 1560 prasbeat.

133 1566 250 1624 Aut
281 1571 330 1626 si
360 1581 554 1628 natura
585 1583 670 1630 est
697 1575 893 1632 coelum
925 1588 1090 1650 atque
1121 1588 1286 1648 terra,
1319 1589 1376 1637 et
1394 1598 1575 1650 omne,
1605 1584 1752 1656 quod

130 1671 332 1718 natum
372 1673 478 1733 est,
511 1681 619 1722 non
646 1679 730 1724 est
757 1668 904 1726 Deus
929 1679 1142 1738 natura,
1171 1673 1268 1728 sed
1296 1674 1392 1730 Dei
1423 1690 1576 1746 opus.

209 1776 334 1834 Non
373 1781 628 1838 dissimili
650 1797 840 1841 errore
861 1786 1092 1843 credunt
1117 1803 1240 1844 esse
1271 1790 1563 1857 fortunam,
1593 1793 1748 1862 quasi

1857 751 2119 823 loquitur,
2152 768 2382 825 eamque
2406 771 2436 810 a
2463 771 2524 813 se
2549 771 2671 814 esse
2709 767 3015 830 superatam
3035 801 3052 828 ,
3081 775 3206 817 cum
3245 763 3457 822 fortiter

1857 844 2200 901 inimicorum
2240 847 2474 919 impetus
2517 849 2836 920 retudisset;
2873 867 2941 907 ne
2983 861 3098 908 tum
3140 853 3356 924 quidem
3397 869 3458 914 se

1857 939 1927 995 ab
1954 955 2018 996 ea
2049 939 2275 997 fractum
2295 983 2312 1008 ,
2343 959 2465 998 cum
2493 943 2656 1000 domo
2693 945 2880 1015 pulsus
2913 948 3080 1016 patria
3107 950 3318 1007 caruit:
3343 958 3456 1008 tum

1854 1041 2060 1102 autem,
2092 1049 2214 1090 cum
2246 1037 2490 1092 amiserit
2515 1037 2888 1094 charissimam
2917 1039 3116 1106 ﬁliam,
3146 1046 3350 1099 victum
3393 1058 3456 1102 se

1853 1139 1884 1181 a
1931 1126 2144 1182 fortuna
2187 1130 2415 1199 turpiter
2453 1130 2760 1186 conﬁtetur.
2790 1131 2972 1199 Cedo,
3007 1135 3212 1205 inquit,
3245 1145 3300 1192 et
3345 1151 3457 1192 ma.

1852 1233 1980 1274 num
2011 1219 2160 1275 tollo.
2187 1221 2324 1288 Quid
2355 1221 2459 1278 hoc
2486 1223 2706 1279 homine
2727 1225 3000 1292 miserius,
3026 1225 3120 1296 qui
3143 1227 3222 1283 sic
3245 1227 3462 1298 jaceat?

1852 1311 2198 1384 Insipienter,
2231 1314 2404 1386 inquit
2429 1333 2443 1370 :
2469 1316 2564 1373 sed
2595 1318 2684 1388 qui
2709 1317 2998 1387 proﬁtetur
3022 1335 3083 1376 se
3108 1335 3230 1378 esse
3247 1323 3458 1393 sapien-

1855 1415 1982 1461 tem.
2015 1406 2155 1476 Quid
2183 1423 2311 1479 ergo
2352 1409 2454 1465 sibi
2505 1413 2621 1466 vult
2666 1413 2966 1484 assumptio
3005 1415 3284 1471 nominis?
3321 1413 3458 1485 Quid

1853 1510 2196 1572 contemptus
2222 1503 2314 1558 ille
2339 1519 2542 1572 rerum,
2568 1506 2656 1576 qui
2683 1505 2986 1578 magniﬁcis
3013 1509 3197 1564 verbis
3222 1521 3457 1582 praeten-

1853 1591 2038 1648 ditur?
2061 1592 2197 1662 Quid
2225 1594 2409 1667 dispar
2435 1597 2646 1652 caeteris
2674 1597 2933 1654 habitus?
2962 1601 3070 1657 Aut
3103 1617 3204 1658 cur
3237 1605 3458 1661 omnino

1852 1695 2126 1756 praecepta
2151 1689 2431 1758 sapientia:
2457 1690 2627 1757 datis,
2657 1691 2700 1745 si
2724 1707 2882 1748 nemo
2899 1734 2912 1757 ,
2945 1693 3038 1764 qui
3062 1695 3255 1765 sapiat,
3280 1696 3458 1757 adhuc

1851 1777 2101 1834 inventus
2129 1781 2250 1836 est?
2281 1780 2350 1836 Et
2375 1783 2658 1854 quisquam
2688 1783 2848 1839 nobis
2873 1785 3128 1842 invidiam
3155 1787 3302 1854 facit,
3329 1791 3455 1860 quia

116 1869 292 1927 deam
323 1873 614 1935 quamdam
647 1891 736 1930 res
765 1875 1030 1934 humanas
1062 1879 1224 1936 variis
1253 1881 1471 1936 casibus
1509 1881 1742 1938 illuden-
1767 1879 1818 1942 B
1846 1868 2200 1942 philos'iphos
2237 1889 2498 1944 negamus
2545 1889 2666 1930 esse
2701 1873 3012 1946 sapient“?
3041 1893 3163 1934 cum
3205 1879 3310 1949 ίιιεῑ
3352 1897 3456 1940 ιιεο

117 1971 277 2030 tem;
300 1964 422 2035 quia
451 1966 722 2034 nesciunt,
743 1969 887 2025 unde
907 1969 1009 2026 sibi
1037 1971 1200 2040 bona,
1221 1983 1274 2028 et
1302 1975 1438 2028 mala
1465 1976 1734 2032 eveniant.

115 2054 272 2112 Cum
312 2055 415 2112 hac
451 2072 511 2112 se
550 2060 883 2129 compositos
911 2061 978 2115 ad
1009 2063 1361 2134 prmliandum
1391 2073 1606 2135 putant;
1638 2081 1740 2122 nec

115 2146 303 2202 ullam
344 2155 523 2204 tamen
567 2149 833 2206 rationem
881 2151 1148 2221 reddunt,
1186 2169 1214 2207 a
1257 2169 1364 2226 quo
1397 2165 1454 2211 et
1478 2171 1636 2226 quam
1668 2156 1738 2212 ob

111 2251 392 2296 causam:
423 2239 520 2296 sed
561 2250 766 2298 tantum
809 2259 931 2300 cum
974 2245 1188 2303 fortuna
1216 2262 1277 2304 se
1305 2247 1584 2319 digladiari
1617 2265 1737 2304 mo-

112 2327 338 2388 mentis
377 2331 626 2390 omnibus
665 2334 985 2406 gloriantur.
1014 2335 1130 2394 .lam
1175 2337 1497 2411 quicumque
1525 2341 1736 2412 aliquos

111 2422 398 2481 consolati
425 2433 549 2480 sunt
575 2423 645 2482 ob
659 2426 938 2484 interitum
951 2429 1404 2503 amissionemque
1419 2431 1730 2499 charorum,

110 2514 367 2573 fortuna
416 2527 616 2574 nomen
656 2521 937 2576 acerrimis
976 2523 1412 2581 accusationibus
1454 2523 1734 2596 proscide-

1847 1963 1988 2017 scire
2035 1977 2094 2018 se
2137 1965 2457 2033 quidquam,
2504 1979 2606 2021 nec
2649 1977 2842 2036 sapere
2887 1965 3174 2026 fateantur.
3222 1969 3358 2028 Nam
3407 1973 3454 2030 si

1846 2052 2062 2124 quando
2096 2051 2167 2108 ita
2205 2053 2534 2122 defecerint,
2563 2065 2622 2112 ut
2649 2072 2719 2113 ne
2747 2057 3008 2128 afﬁngere
3046 2062 3264 2133 quidem
3294 2065 3455 2136 quid-

1845 2159 2004 2218 quam
2045 2149 2286 2218 possint,
2319 2149 2465 2220 quod
2513 2149 2716 2207 faciunt
2754 2153 2808 2207 in
2851 2155 3016 2211 rebus
3055 2157 3306 2214 cmteris:
3338 2170 3450 2216 tum

1845 2251 1975 2294 vero
2003 2238 2318 2310 ignorantia:
2344 2242 2740 2312 admonentur,
2774 2253 2828 2300 et
2850 2248 3002 2316 quasi
3039 2247 3316 2307 furibundi
3340 2254 3455 2308 exi-

1843 2332 2001 2400 liunt,
2025 2342 2080 2390 et
2096 2335 2399 2390 exclamant
2427 2351 2486 2392 se
2509 2350 2684 2392 caecos
2711 2353 2835 2396 esse
2859 2349 2913 2396 et
2932 2341 3216 2400 excordes.
3240 2346 3456 2402 Anaxa-

1842 2441 2001 2500 goras
2044 2425 2359 2498 pronuntiat
2403 2428 2727 2484 circumfusa
2779 2445 2902 2487 esse
2957 2433 3200 2490 tenebris
3245 2437 3449 2491 omnia.

1841 2521 2198 2593 Empedocles
2223 2531 2476 2592 angustas
2503 2536 2622 2578 esse
2643 2537 2901 2579 sensuum
2928 2526 3148 2582 semitas
3169 2527 3445 2599 queritur,

1454 2662 1822 2722 VARIORUM
1861 2660 2090 2722 NOTAE.

117 2807 270 2867 cum
296 2807 355 2850 ea
384 2805 487 2867 non
515 2792 676 2850 modo
713 2794 768 2850 in
809 2795 1086 2867 utriusque
1131 2795 1467 2854 Testamenti
1507 2797 1738 2854 volumi-

121 2865 305 2938 nibus
341 2865 528 2921 crebro
569 2877 822 2922 occurrat
866 2865 1204 2938 legentibus,
1246 2869 1342 2924 sed
1387 2871 1549 2925 etiam
1595 2868 1740 2938 apud

121 2937 432 3006 scriptores
471 2938 868 3011 ecclesiasticos
903 2937 1330 3010 antiquissimos.
1371 2942 1556 3011 Neque
1595 2937 1736 2996 enim

124 3022 225 3081 es
263 3001 376 3081 sese
417 3009 508 3081 vel
541 3017 624 3064 est
666 3001 958 3080 quidquam
981 3053 996 3076 ,
1027 3001 1111 3065 vel
1150 3023 1430 3078 movetur,
1461 3001 1580 3081 qua:
1605 3011 1738 3066 nihil

125 3078 294 3134 aliud
315 3095 464 3148 quam
493 3080 585 3135 Dei
615 3091 778 3136 nutus
793 3078 900 3147 est,
919 3089 974 3136 et
999 3091 1056 3136 ut
1083 3082 1216 3148 dixi,
1242 3078 1491 3138 voluntas
1515 3092 1735 3138 aeterna.

127 3151 296 3226 Dcps
317 3159 494 3226 autem
513 3149 717 3226 Natura
741 3152 958 3226 quidem
990 3167 1112 3226 esse
1139 3163 1332 3222 potest,
1367 3156 1413 3208 si
1437 3168 1542 3208 non
1559 3157 1736 3226 quieta,

130 3217 256 3293 sed
285 3224 450 3278 οὐσίαν
479 3217 775 3293 intelligas.
799 3223 932 3278 Nam
964 3224 1045 3279 sic
1075 3217 1183 3280 non
1209 3217 1402 3280 Cicero
1428 3217 1612 3292 modo,
1643 3223 1738 3280 sed

129 3291 316 3348 etiam
343 3293 451 3363 ipse
481 3291 813 3362 Augustinus
833 3333 847 3358 ,
877 3306 1179 3350 creaturam
1226 3299 1406 3352 οὐσίαν
1453 3291 1740 3352 transtule-

129 3373 303 3429 runt,
328 3380 425 3418 non
455 3363 522 3420 de
563 3367 675 3420 Deo
713 3365 896 3432 modo,
925 3365 1020 3420 sed
1047 3367 1208 3421 etiam
1241 3368 1308 3422 de
1336 3368 1454 3422 aliis
1485 3367 1738 3424 substan‘

135 3433 270 3510 I._i_is_.
299 3434 494 3510 Namin
514 3451 552 3491 ιι
571 3437 643 3510 de
666 3437 1334 3510 Moribusbianichatorum
1363 3438 1522 3506 libro,
1542 3453 1662 3510 cap.
1684 3439 1736 3510 1,

135 3504 308 3584 dicit,
335 3507 865 3584 verbosubsta‘ntivo
892 3508 1048 3580 (nihil
1075 3508 1248 3584 refgrt
1285 3511 1398 3584 sive
1433 3504 1740 3584 siptrtinde

135 3577 309 3652 οὐᾳέα
332 3578 637 3652 deducitur;
671 3578 784 3652 sive
811 3577 952 3645 sum,
983 3579 1125 3652 unde
1149 3581 1416 3647 Essentia,
1443 3577 1736 3652 intelligas)

138 3649 374 3720 gubesse
400 3651 664 3704 manentis
686 3650 740 3705 in
769 3665 852 3716 se,
880 3662 1042 3720 atque
1070 3651 1589 3706 incommutabiliter
1617 3649 1741 3705 sese

139 3717 399 3774 habentis
439 3730 645 3776 natura:
691 3717 1161 3792 significationem.
1213 3722 1361 3777 Hanc
1414 3722 1546 3778 nihil
1595 3721 1740 3776 aliud

206 3805 314 3864 nam
342 3793 512 3864 Deum,
527 3807 817 3862 possumus
842 3793 1042 3848 dicere.
1075 3793 1221 3848 Idem
1275 3795 1604 3864 Augustinus
1639 3793 1676 3846 l.
1703 3809 1741 3847 ιι

140 3804 314 3916 gnam
343 3804 498 3847 Deum
527 3807 817 3862 possumus
842 3804 1042 3848 dicere.
1075 3804 1221 3848 luem
1275 3804 1604 3864 Augustinus
1639 3804 1676 3846 1.
1703 3809 1741 3847 ιι

205 3875 234 3915 e
257 3861 453 3936 Anima.
482 3863 661 3932 Quare
690 3864 1004 3936 Lactantius
1033 3864 1135 3918 hoc
1165 3879 1377 3936 quoque
1397 3906 1412 3931 ,
1442 3865 1584 3933 quod
1607 3877 1742 3918 sano

149 3945 280 4006 cum
311 3934 575 3990 intellectu
603 3943 661 3989 et
689 3933 792 4005 legi
818 3943 874 3990 et
902 3935 1124 4004 intelligi
1156 3933 1386 4004 poterat,
1416 3945 1610 4006 praeter
1631 3949 1744 4006 me-

147 4001 318 4059 ritum
355 4006 562 4061 videtur
589 4001 841 4061 acerbius
870 4001 1288 4076 reprehendere.
1329 4001 1498 4076 Quam
1524 4005 1740 4076 quidem

153 4078 497 4144 quaestionem
525 4092 646 4146 cap.
677 4078 768 4144 10,
801 4077 870 4132 de
901 4073 982 4132 Ira
1013 4078 1108 4132 Dei
1144 4073 1377 4134 t'efricat'.
1411 4073 1738 4134 Bsrutstus.

235 4146 293 4203 Si
317 4147 480 4204 Deum
523 4159 764 4203 naturam
801 4159 996 4203 uocent.
1043 4149 1173 4218 Quae
1215 4149 1438 4206 Senecae
1475 4149 1742 4205 sententia

153 4215 276 4272 fuit.
305 4219 430 4275 Vide
455 4235 619 4289 supra
645 4219 740 4274 lib.
774 4235 812 4286 ι,
837 4233 958 4290 cap.
988 4221 1042 4275 9.

231 4290 352 4362 Sed.
378 4291 457 4348 Ex
486 4305 621 4346 mss.
651 4291 900 4362 reposui;
929 4293 979 4346 in
1002 4291 1160 4346 editis
1185 4300 1268 4347 est
1289 4293 1426 4362 quia.

231 4361 348 4417 Non
388 4363 627 4418 dissimili
665 4377 856 4416 errore.
891 4363 947 4417 In
994 4362 1136 4417 hunc
1175 4361 1464 4418 Gentilium
1502 4373 1742 4418 errorem

160 4434 421 4490 invehitur
445 4436 502 4489 S.
537 4435 869 4506 Augustinus
911 4435 1004 4488 lib.
1051 4449 1105 4488 IV
1133 4433 1201 4490 de
1242 4435 1404 4490 Civil.
1447 4435 1579 4499 Dei,
1615 4448 1736 4504 cap.

161 4507 224 4562 18
242 4515 295 4560 et
323 4507 410 4562 19.

223 4577 351 4632 Cum
390 4579 484 4633 hac
523 4595 578 4634 se
617 4579 942 4648 compositos.
978 4577 1208 4632 Verbum
1245 4575 1624 4648 gladiatorum,
1654 4575 1744 4629 ubi

155 4649 302 4718 paria
329 4650 814 4716 componebantur,
847 4649 990 4718 quod
1021 4659 1076 4704 ct
1103 4649 1433 4712 committere,
1448 4661 1749 4718 comparare

151 4717 423 4778 dicebant.
457 4721 553 4777 Hic
583 4717 888 4776 Firmianus
927 4722 1161 4789 respexit
1189 4720 1254 4774 ad
1296 4720 1489 4775 Senec.
1519 4719 1588 4772 de
1619 4717 1751 4771 Pro-

147 4792 258 4848 vid.
282 4806 406 4863 cap.
435 4793 470 4846 2
494 4811 508 4846 :
538 4793 671 4848 Ecce
691 4809 787 4864 par
817 4791 927 4846 Deo
951 4791 1182 4862 dignum,
1205 4791 1280 4845 vir
1305 4791 1455 4860 {ortis
1476 4805 1590 4843 eum
1612 4789 1750 4844 mala

144 4868 365 4936 fortuna
387 4867 738 4934 compositus.
780 4864 1059 4936 Bassaris.

217 4931 663 5001 Amissionetnque
686 4951 948 4990 carorum.
975 4933 1131 4988 Conf.
1160 4931 1321 4998 infra,
1345 4931 1572 4986 amiserit
1593 4932 1751 4986 caris-

143 5010 359 5064 simam.
390 5005 634 5062 Interitus
655 5015 710 5062 et
735 5003 941 5060 amissio
963 5021 1071 5059 non
1100 5019 1223 5059 raro
1253 5020 1349 5074 pro
1378 5003 1516 5058 obitu
1545 5019 1751 5072 ponun-

146 5089 260 5136 tur.
282 5078 378 5134 Sic
403 5077 540 5134 sacri
560 5084 617 5134 et
637 5077 844 5146 profani
866 5077 1178 5145 scriptores.
1193 5075 1418 5130 Tertull.
1435 5076 1502 5130 de
1520 5075 1750 5146 l’aticnt.

145 5165 275 5219 cap.
308 5150 379 5204 M
405 5169 418 5204 :
445 5145 655 5204 amissio
682 5148 1084 5202 carissimorum.
1117 5146 1272 5219 Cunf.
1305 5161 1423 5215 cap.
1454 5147 1508 5212 9,
1538 5161 1616 5215 pr.
1643 5145 1753 5217 Cy-

144 5217 382 5296 prianus
407 5221 480 5296 tle
508 5219 661 5276 Bono
685 5219 916 5296 Patient.
946 5235 996 5296 n_.
1023 5219 1096 5296 9‘:
1121 5217 1398 5296 Multipieac
1421 5219 1754 5296 tentatiOnum

144 5289 688 5366 qualitasirrogatur,
715 5291 1014 5366 dejacturis
1045 5289 1413 5366 facultatum...
1440 5290 1518 5366 _d_e
1551 5289 1756 5366 crucia.

147 5359 294 5421 tibus
307 5359 599 5428 uulnerum,
613 5362 980 5418 deamissione
995 5373 1264 5416 carorum.
1290 5360 1559 5416 Arnobius
1581 5359 1669 5414 lib.
1695 5371 1756 5424 ll,

145 5455 206 5492 ιι.
243 5435 320 5491 98
346 5453 361 5487 :
389 5434 612 5489 Amissio
632 5435 922 5504 pignorum.
951 5432 1156 5504 Seneca
1179 5431 1248 5484 ad
1269 5431 1516 5504 Mqrciam
1546 5429 1754 5498 cap.7:

145 5507 244 5565 Ea:
287 5506 550 5570 discessu,
591 5501 889 5559 non'solum
917 5503 1208 5557 amissione
1235 5501 1634 5556 carissimorum
1664 5514 1756 5570 ue-

142 5577 416 5636 σιωπήν.
440 5569 640 5631 morsus
664 5582 756 5628 est.
785 5571 908 5644 Ipse
937 5573 1130 5628 Cicero
1155 5573 1249 5627 lii).
1283 5587 1340 5628 ιιι
1391 5571 1495 5627 Off.
1528 5586 1646 5644 cap.
1681 5569 1716 5625 5
1742 5585 1754 5623 :

139 5653 188 5710 Α
199 5648 400 5705 missio
418 5647 714 5706 liberorum,
737 5642 1160 5715 propinquorum,
1181 5645 1483 5708 anui-orum;
1495 5653 1548 5696 et
1563 5642 1658 5715 lib.
1678 5651 1758 5715 tu,

138 5708 316 5780 Tusc.
349 5735 400 5775 c.
433 5719 528 5778 30.
559 5732 641 5788 pr.
689 5708 748 5770 lu
791 5708 945 5788 Lips.
977 5708 1152 5770 altero
1185 5715 1398 5786 legitur,
1447 5715 1510 5768 ab
1552 5708 1762 5768 interitu

134 5791 538 5860 animamque
558 5787 816 5860 carorum.
852 5787 1130 5842 Βοκειιιικ.

233 5854 487 5930 παραδοῖ.
541 5857 803 5922 Diaulus:
847 5871 982 5949 pene
1030 5859 1164 5918 mss.
1217 5865 1271 5915 et
1323 5855 1590 5932 aditurum
1641 5854 1761 5930 est;

1843 2796 2026 2876 scripti
2043 2797 2083 2876 _t
2111 2795 2246 2853 Bon.
2277 2797 2472 2868 antiq.,
2500 2795 2524 2852 1
2556 2796 2714 2854 Colb.
2741 2807 2798 2856 et
2817 2801 2852 2858 5
2880 2800 3009 2858 editi
3037 2801 3244 2876 legunt,
3273 2823 3444 2864 uerse-

1843 2878 1961 2938 tur_;
1986 2869 2012 2922 1
2042 2868 2177 2938 Reg.
2201 2882 2340 2937 rec.,
2367 2879 2582 2923 veretur.

1915 2932 2152 3020 Eiamque
2173 2957 2225 3020 _a
2266 2932 2336 3020 sle:
2360 2955 2468 3020 esse
2491 2949 2806 3010 superatam.
2853 2943 2982 3020 Mss.
3015 2945 3050 3002 3
3087 2945 3246 3018 Reg.,
3272 2948 3420 3020 Lips.

1841 3009 2022 3090 Gothq
2040 2994 2095 3065 et
2121 3011 2254 3066 edit.
2271 3009 2484 3090 _Ce|lar.
2515 2994 2638 3081 post
2651 2994 2691 3066 "a’
2717 2994 2782 3067 se
2809 2994 3450 3090 εᾶίΙ-ιιῆινδέιῖιῗέιῖἧξῖίδδ

1843 3081 2023 3136 caeteri
2054 3095 2184 3135 mss.
2217 3082 2347 3138 editi
2374 3091 2671 3151 respuunt,
2698 3100 2872 3155 neque
2901 3081 3270 3146 necessarium
3297 3081 3450 3148 vide-

1846 3164 1952 3218 Iur,
1972 3167 2102 3232 cum
2125 3155 2633 3232 moxpratceszerit.
2668 3155 2799 3232 Vide
2815 3165 2870 3212 et
2892 3157 3452 3232 Tusculan.qn:estio-

1844 3222 2213 3306 nes-Ciceron.
2245 3225 2337 3278 lib.
2353 3239 2404 3306 __v
2425 3243 2438 3279 :
2463 3223 2720 3296 Occupavi
2737 3231 3014 3306 _te,_inquit,
3045 3222 3276 3306 fortuna,
3299 3246 3454 3306 atque

1843 3295 1974 3364 cepi,
1999 3311 2266 3365 omnesque
2294 3297 2469 3374 (igitur
2494 3295 2611 3352 tuos
2636 3299 2861 3362 exclusi,
2891 3295 2946 3354 ut
2987 3295 3056 3355 ad
3092 3319 3172 3356 me
3219 3295 3452 3374 aspirare

1843 3381 1946 3445 rion
1989 3381 2274 3445 possem--
2297 3367 2529 3445 Eamque
2571 3385 2603 3422 a
2649 3385 2704 3424 se
2745 3385 2945 3442 semper
2988 3389 3102 3445 esse
3131 3367 3447 3445 superatam.

1842 3435 1992 3516 yips.
2011 3447 2065 3492 et
2086 3435 2248 3516 Guth.
2269 3453 2468 3516 semper
2494 3435 3018 3516 interseruntgqnam
3038 3444 3127 3498 alit
3150 3435 3450 3516 negligunt,

1844 3507 2023 3581 forsan
2053 3507 2196 3581 quod
2241 3509 2522 3578 repetitam
2568 3526 2634 3564 ex
2681 3507 3052 3581 superioribus
3081 3507 3448 3572 crediderunt:

1846 3578 1956 3635 Nec
1981 3593 2111 3634 vero
2129 3579 2334 3649 ingrata
2357 3581 2628 3650 repetitio,
2646 3578 2785 3637 aut'a
2809 3585 2968 3708 genis
2989 3588 3226 3641 auctoris
3251 3585 3445 3644 aliena.

2973 3669 3208 3708 υκευλκ.

2973 3669 3208 3710 UNEIIAN.

1915 3719 2112 3790 Inquit.
2147 3717 2292 3774 [dem
2313 3718 2506 3775 Cicero
2533 3721 2586 3775 in
2611 3719 2926 3790 fragmentis
2953 3726 3020 3778 de
3041 3725 3446 3784 Consolatione.

1916 3791 1984 3844 Et
2010 3807 2220 3862 manum
2263 3791 2412 3862 tolio.
2443 3791 2518 3846 Ita
2568 3792 2854 3862 legendum
2898 3801 2984 3848 est
3023 3809 3088 3848 ex
3125 3810 3256 3850 mss.
3284 3807 3340 3852 et
3378 3813 3451 3852 ex

1845 3863 1963 3932 ipso
2001 3861 2280 3917 Cicerone.
2312 3861 2519 3916 Theud.
2547 3861 2811 3916 Cauterns
2851 3865 2922 3918 ita
2961 3866 3218 3920 correxit.
3251 3865 3328 3922 lta
3357 3869 3454 3922 ha-

1844 3935 1976 3990 bent
2006 3934 2135 3989 edit.
2160 3933 2446 4001 autiquiss.
2473 3934 2628 3987 Rom.
2658 3933 2818 3999 1170,
2837 3944 2892 3989 et
2907 3935 3115 3992 Veneta
3137 3935 3296 4000 M90.
3321 3939 3452 3995 editi

1844 4005 2048 4074 legunt,
2079 4021 2140 4058 en
2171 4021 2378 4076 manuni
2419 4002 2562 4058 tollo.
2597 4004 2698 4076 Qui
2739 4007 3136 4076 superabantur
3174 4023 3242 4066 ac
3279 4011 3453 4067 victos

1845 4091 1910 4149 se
1933 4075 2319 4149 agnoscebant,
2353 4089 2574 4149 manum
2599 4075 2800 4149 dabapt
2824 4095 2836 4130 :
2861 4077 2987 4133 hinc
3009 4079 3200 4149 Virgil.
3234 4080 3328 4136 lib.
3375 4090 3452 4138 xit

1845 4145 2062 4202 1Encid.
2094 4147 2297 4218 tendere
2322 4148 2522 4218 palmas
2545 4145 2696 4200 dixit.
2721 4144 2914 4202 Cicero
2946 4149 2998 4202 iu
3028 4144 3230 4218 Lailio,
3265 4151 3334 4206 ad
3362 4167 3452 4208 ea:-

1847 4229 2062 4304 treruupt
2084 4217 2174 4304 det.
2187 4217 2391 4282 manus,
2417 4217 2647 4288 vincique
2669 4232 2722 4272 se
2741 4222 2986 4290 patiatur.
3013 4219 3146 4276 Item
3171 4217 3448 4280 'l'beocrit.

1845 4289 2306 4428 Lugiiilgzjsaceat
2323 4357 2418 4415 71d
2441 4367 2545 4426 est,
2573 4359 2652 4415 sic
2677 4359 2942 4428 abiectus,
2972 4359 3226 4427 afﬂictus,
3252 4363 3454 4420 fractus

1850 4431 1939 4486 sit.
1979 4429 2405 4503 UndeCiceroui
2433 4431 2844 4503 sqpepﬂlictus
2891 4441 2950 4503 et
2975 4431 3194 4503 jacens,
3225 4434 3453 4503 abjectus

1771 4495 1828 4556 D
1852 4511 1897 4557 et
1907 4503 2112 4574 jacens,
2129 4501 2448 4573 junguntur.
2467 4495 2624 4556 conf.
2647 4495 2798 4556 Lact.
2818 4503 2884 4555 de
2903 4495 3058 4574 Mart:
3082 4495 3233 4556 Pers.
3258 4495 3376 4574 cap.
3397 4505 3449 4560 1.

3026 4571 3308 4628 Bassum.

1925 4642 2120 4714 Inquit.
2151 4644 2241 4702 Sic
2279 4654 2467 4699 omnes
2511 4657 2640 4698 mss.
2687 4649 2742 4698 et
2779 4649 2992 4698 veteres
3040 4643 3165 4698 edd.
3209 4643 3366 4700 Rom.
3401 4655 3459 4700 et

1850 4715 2023 4772 Paris.
2056 4716 2253 4786 vulgati
2286 4715 2352 4769 12
2376 4714 2564 4786 inquis.

1923 4785 2092 4842 Datis.
2117 4785 2346 4843 Secutus
2375 4801 2491 4839 sum
2523 4785 2784 4838 librorum
2809 4795 2939 4838 mss.
2964 4797 3102 4854 pene
3129 4789 3369 4842 omnium
3401 4796 3457 4842 et

1853 4860 2178 4930 optimorum
2202 4856 2592 4930 auctoritatem.
2607 4853 2855 4930 Quinque
2881 4857 3241 4930 recentissimi
3257 4857 3459 4915 habent

1855 4927 1982 4994 dat;
2013 4932 2037 4984 1
2064 4929 2212 4999 Lips.
2238 4930 2360 4984 data
2387 4942 2534 4991 sunt;
2556 4927 2592 4981 2
2619 4927 2752 4998 Reg.
2785 4935 2990 4982 recent.
3018 4937 3072 4984 et
3099 4928 3127 4984 1
3156 4927 3311 4986 Culb.
3331 4943 3454 4986 cum

1855 5001 2012 5057 editis
2040 5006 2246 5054 dantur.
2276 5000 2392 5055 Non
2424 5001 2581 5054 male.

1932 5071 2032 5138 Qui
2055 5071 2239 5143 sopiat.
2283 5069 2514 5143 Reposui
2552 5083 2618 5125 ex
2659 5067 2912 5143 omnibus
2939 5080 3073 5127 mss.
3106 5079 3161 5127 et
3185 5070 3457 5143 plerisque

1857 5141 2033 5200 editis.
2061 5141 2286 5196 Cmteris
2307 5142 2532 5209 vulgatis
2553 5149 2658 5206 est,
2687 5139 2844 5210 sapit.

1929 5211 2100 5267 Facit.
2130 5210 2186 5265 In
2218 5211 2534 5280 quibusdam
2557 5209 2900 5276 editionibus,
2931 5209 3110 5282 faciat.

1928 5284 2199 5356 Aﬁingere.
2219 5271 2482 5356 Cluuium,
2495 5285 2605 5338 fere
2634 5298 2764 5339 mss.
2797 5271 2963 5356 estet
2987 5271 3452 5356 edition.juigat.

1858 5348 2237 5410 accedentibus
2251 5353 2286 5409 5
2299 5353 2452 5409 Colb.
2469 5355 2520 5408 in
2543 5356 2736 5424 quibus
2759 5363 2842 5410 est
2857 5355 3058 5424 affigere
3071 5369 3090 5421 ;
3103 5366 3204 5408 ms.
3225 5348 3453 5410 Torties.

1859 5426 2124 5495 attingere.
2157 5425 2368 5497 angati
2394 5428 2575 5497 legunt
2596 5425 2846 5497 efﬁngere.

1932 5488 2294 5569 Anaxagoras",
2317 5505 2422 5569 etc.
2446 5488 2580 5551 Ἠτιξο
2603 5488 2851 5552 videntur
2877 5510 2952 5569 ex_
2971 5495 3146 5569 primo
3173 5488 3458 5569 Academi-

1860 5583 2046 5624 corum
2086 5565 2366 5622 C‘iceronis
2393 5567 2674 5637 desumpta
2714 5583 2865 5631 esse,
2906 5565 2993 5619 ubi
3023 5567 3090 5621 de
3114 5565 3460 5637 Aeatlernico-

1861 5653 1982 5696 rum
2021 5639 2344 5698 ὰκαταληὼία
2389 5633 2601 5694 scribit.
2630 5637 2800 5693 Verba
2829 5637 3107 5692 CiCcrouis
3141 5646 3298 5692 sunt:
3329 5633 3457 5690 Tum

1861 5727 1977 5781 eos.
2008 5727 2122 5765 cum
2143 5709 2366 5777 latone,
2397 5709 2628 5781 inquam,
2655 5720 2712 5764 ut
2731 5709 3014 5781 accepimus
3033 5749 3048 5772 ,
3075 5707 3326 5781 Arcesilas
3363 5707 3459 5781 sibi

1863 5777 2010 5838 oinue
2033 5795 2288 5852 certamen
2315 5777 2532 5852 instituit
2559 5823 2572 5850 ,
2601 5777 3012 5852 nou‘pertinacia
3042 5787 3132 5832 aut
3157 5779 3326 5852 studio
3347 5778 3458 5834 vin-

1865 5851 2010 5924 randi
2035 5849 2113 5932 (ut
2142 5849 2268 5912 mh.-
2289 5849 2495 5928 .fuidem
2521 5847 2745 5920 ridetur)’
2767 5849 2856 5906 sed
2879 5857 3054 5906 eorum
3080 5857 3250 5907 rerum
3277 5847 3456 5923 obseu-
