3770 6264
392 353 501 409 159

1469 343 1655 402 FlltM.
1699 338 2060 398 LACTAN'I‘II
2106 338 2308 394 lthlN.
2354 309 2596 396 msm.
3531 333 3601 394 ιιο
3686 307 3687 402 l

399 483 670 545 tamquam
699 471 772 526 illi
801 469 863 524 ad
904 466 1248 538 cogitandum
1279 464 1444 531 rheda
1473 473 1527 518 et
1551 460 1827 533 quadrigis
1858 472 1992 528 opus
2021 459 2070 519 Α
2096 471 2192 510 eos
2221 455 2492 524 homines,
2517 457 2611 530 qui
2642 471 2741 512 suo
2786 456 2890 512 sibi
2927 451 3105 525 gladio
3124 451 3375 522 pereunt?
3410 449 3520 519 Quid
3550 455 3600 509 la.

403 578 568 621 esset.
601 562 933 619 Democritus
979 561 1129 630 quasi
1177 560 1229 614 itt
1276 569 1438 629 puteo
1488 555 1638 631 (Vid.
1681 555 1786 611 Cic.
1836 553 1998 608 Acad.

400 673 521 729 cap.
550 655 639 726 12)
667 654 896 725 quodam
933 654 1010 706 sic
1039 652 1148 705 allo
1169 693 1182 716 ,
1214 660 1266 704 ut
1301 649 1495 703 fundus
1520 649 1591 702 sit
1618 646 1797 701 nullus
1816 686 1831 709 ,
1864 644 2004 698 veri-

405 759 567 804 tatem
593 747 778 817 jacere
805 745 1140 808 demersam;
1173 743 1422 797 nitnirtun
1456 741 1648 803 stulte,
1685 747 1741 793 ut
1784 747 1998 793 caetera.

403 840 520 895 Non
551 840 692 894 enim
709 848 980 908 tamquam
1005 839 1055 892 in
1084 847 1241 906 puteo
1269 835 1516 888 demersa
1547 833 1745 886 veritas
1767 839 1870 895 est,
1899 843 2006 897 quo

401 935 491 991 vel
516 933 869 993 descendere,
900 931 984 986 vel
1016 931 1178 985 etiam
1203 928 1397 983 cadere
1421 927 1494 980 illi
1521 925 1733 987 licebat,
1749 923 1841 977 sed
1871 932 2005 975 tam-

401 1043 564 1098 quam
593 1026 646 1080 in
677 1040 888 1079 summo
921 1024 1116 1077 montis
1147 1020 1348 1075 excelsi
1377 1019 1600 1081 vertice,
1629 1016 1712 1070 vel
1739 1015 1912 1084 potius
1954 1014 2006 1066 in

402 1120 569 1180 caelo.
599 1119 740 1190 quod
774 1127 856 1172 est
881 1118 1246 1172 verissimum.
1279 1113 1415 1181 Quid
1447 1113 1588 1165 enim
1619 1119 1702 1165 est
1725 1152 1739 1174 ,
1768 1125 1864 1164 cur
1889 1122 2007 1163 eam

411 1207 588 1277 potius
617 1206 669 1259 in
697 1205 861 1259 imum
891 1202 1202 1272 depressam
1232 1200 1632 1268 diceret,quam
1661 1196 1714 1250 in
1738 1208 2007 1249 sumntum

407 1297 679 1353 levatam?
720 1296 821 1350 nisi
867 1295 1004 1350 forte
1044 1303 1278 1348 mentem
1321 1306 1537 1362 quoque
1571 1291 1621 1343 in
1649 1286 1896 1358 pedibus.
1918 1291 2012 1339 aut

404 1392 458 1444 in
495 1390 630 1444 imis
656 1387 895 1444 calcibus
919 1387 1253 1442 constituere
1285 1383 1518 1437 malebat
1545 1380 1744 1451 potius,
1767 1391 1929 1449 quam
1957 1377 2009 1431 in

406 1492 646 1560 pectore,
676 1481 840 1535 autin
865 1480 1062 1549 capite.

479 1575 632 1630 Adeo
685 1573 1031 1629 remotissimi
1085 1571 1303 1626 luerunt
1354 1569 1423 1623 ab
1472 1566 1586 1638 ipsa
1631 1566 1861 1620 veritate
1890 1605 1905 1629 ,
1955 1570 2015 1616 ut

411 1685 506 1726 eos
537 1684 605 1725 ne
632 1677 805 1723 status
831 1665 1045 1738 quidem
1065 1667 1145 1720 sui
1171 1664 1420 1734 corporis
1437 1661 1774 1719 admoneret.
1809 1656 2011 1712 verita-

411 1772 519 1818 tem
555 1764 606 1815 in
635 1775 847 1816 summo
878 1757 989 1813 illis
1015 1771 1137 1812 esse
1165 1755 1537 1825 quarrendam.
1568 1753 1646 1807 Ex
1676 1751 1776 1805 hac
1813 1750 2011 1819 despe-

2105 547 2286 615 borcs,
2319 558 2373 602 ut
2396 564 2490 604 eos
2521 550 2952 620 destruas,‘quos
2981 560 3073 601 sua
3113 543 3255 613 ipsos
3276 541 3477 598 destruit
3495 555 3602 616 atque

2105 640 2272 695 allicit
2313 642 2526 697 oratio?
2570 641 2913 706 Aristoteles,
2965 636 3135 708 inquit
3160 636 3344 692 Cicero
3365 636 3437 706 (ut
3460 636 3600 709 Tum),

2108 742 2320 788 veteres
2363 733 2714 802 philosophos
2743 745 3029 794 accusans,
3057 729 3131 783 ait
3175 742 3268 782 eos
3305 737 3389 781 aut
3424 728 3604 786 stultissi-

2109 837 2245 887 mos,
2297 835 2390 878 aut
2438 824 2864 895 gloriosissimos
2909 822 3113 886 fuisse,
3164 819 3253 889 qui
3297 818 3603 879 existimassem

2111 915 2501 989 pltil0$0p|tiam
2560 919 2672 974 suis
2731 916 2957 988 ingeniis
3011 912 3338 984 perfectam:
3377 909 3459 966 sed
3482 927 3526 968 se
3556 917 3603 969 ti-

2109 1011 2262 1079 dere,
2296 1011 2438 1084 quod
2468 1012 2653 1082 paucis
2680 1011 2837 1066 anuis
2865 1022 3057 1079 magna
3087 1005 3323 1061 accessio
3355 1003 3474 1059 facta
3497 1018 3605 1072 esset,

2109 1102 2262 1159 brevi
2291 1114 2531 1176 tempore
2579 1101 2982 1174 philosophiam
3014 1099 3171 1171 plane
3213 1096 3483 1152 absolutam
3519 1095 3606 1154 lore.

2109 1195 2264 1263 Quod
2288 1197 2446 1266 igitur
2474 1197 2574 1252 fuit
2596 1196 2725 1252 illud
2751 1194 3004 1265 tempus?
3032 1207 3138 1264 quo
3156 1193 3341 1247 more?
3368 1191 3541 1261 quando
3559 1203 3608 1248 est

2113 1298 2255 1343 auta
2284 1291 2479 1360 quibus
2525 1288 2813 1345 absoluta?
2856 1287 2990 1343 Nam
3051 1285 3194 1357 quod
3235 1284 3308 1338 ait
3355 1282 3608 1341 stultissimos

2116 1382 2305 1447 fuisse,
2339 1382 2427 1452 qui
2463 1389 2741 1451 putassent
2764 1381 2992 1452 ingeniis
3017 1380 3130 1434 suis
3158 1375 3433 1448 perfectam
3455 1391 3544 1432 esse
3557 1394 3607 1432 sa-

2113 1473 2391 1543 pientiam,
2416 1488 2603 1528 verum
2630 1481 2713 1528 est
2741 1491 2754 1525 :
2789 1472 2884 1527 sed
2913 1485 2980 1526 ne
3017 1471 3131 1540 ipse
3174 1467 3381 1539 quidem
3408 1467 3514 1521 satis
3533 1483 3609 1538 prn-

2112 1567 2321 1632 denter,
2373 1568 2462 1638 qui
2498 1577 2591 1622 aut
2628 1582 2658 1621 a
2696 1565 2972 1620 veteribus
3023 1572 3295 1632 emptam,
3334 1569 3418 1615 aut
3456 1575 3481 1613 a
3516 1563 3609 1616 novis

2113 1670 2346 1727 auctam,
2371 1669 2464 1714 aut
2492 1675 2615 1715 mox
2641 1674 2670 1712 a
2704 1657 3099 1730 posterioribus
3133 1653 3417 1727 perlectum
3441 1653 3493 1708 iri
3517 1664 3611 1724 put:-

2115 1755 2210 1808 vit.
2241 1753 2523 1833 linoquam
2548 1754 2693 1828 enim
2724 1762 2901 1827 poteSt
2921 1748 3258 1823 investigari,
3290 1746 3420 1820 quod
3444 1762 3540 1820 non
3551 1763 3609 1818 per

411 1854 628 1908 ratione
660 1850 928 1905 confessio
955 1849 1045 1903 illa
1076 1847 1316 1904 Socratis
1340 1855 1462 1900 nata
1495 1853 1601 1909 est,
1626 1858 1728 1914 qua
1767 1856 1826 1896 se
1871 1840 2006 1895 nihil
2037 1839 2260 1918 B_via_n_t
2281 1861 2432 1902 suam
2462 1846 2742 1918 qumritur.

412 1945 557 2000 scire
596 1943 763 2007 dixit,
810 1941 908 1996 nisi
941 1941 1043 1994 hoc
1092 1953 1279 2004 unum,
1319 1938 1462 2008 quod
1490 1935 1619 1990 nihil
1665 1934 1819 1988 sciat.
1873 1931 2007 1986 lliuc

414 2033 724 2090 Academiae
768 2031 1052 2102 disciplina
1103 2029 1372 2092 manavit;
1421 2028 1466 2081 si
1516 2036 1691 2080 tamen
1726 2023 2006 2093 disciplina

353 2154 374 2167 ι
413 2128 519 2184 diei
560 2137 760 2198 potest,
793 2127 845 2180 in
875 2141 976 2196 qua
1027 2123 1293 2193 ignoratio
1319 2132 1375 2176 et
1419 2121 1650 2176 discitur
1678 2129 1733 2173 et
1758 2117 2004 2172 docetur.

415 2219 526 2276 Sed
558 2235 622 2275 ne
645 2219 720 2274 illi
753 2219 994 2290 quidem,
1027 2218 1114 2286 qui
1145 2217 1424 2270 scientiam
1449 2213 1548 2268 sibi
1575 2223 2005 2280 assumpserunt,

416 2313 469 2367 id
501 2314 698 2384 ipsum,
731 2311 872 2382 quod
909 2326 966 2366 se
999 2311 1140 2365 scire
1171 2307 1446 2380 putabant,
1479 2315 1791 2362 constanter
1821 2304 2008 2358 delen-

414 2405 546 2459 dere
593 2416 902 2473 pomerunt.
955 2400 1078 2468 Qui,
1132 2401 1388 2470 quoniam
1434 2400 1573 2453 ratio
1600 2396 1717 2453 illis'
1739 2413 1844 2452 non
1872 2411 2008 2468 qua-

417 2495 641 2560 drabat,
676 2512 771 2565 per
796 2494 1150 2566 ignorantiam
1198 2509 1377 2548 rerum
1434 2492 1733 2547 divinarum
1769 2503 1876 2544 tam
1923 2507 2014 2544 va-

423 2589 513 2655 rii,
547 2599 651 2642 tam
687 2588 876 2642 incerti
909 2585 1145 2650 fuerunt,
1177 2586 1384 2655 sibique
1429 2599 1573 2654 smpe
1605 2582 1869 2638 contraria
1897 2581 2010 2636 dis-

417 2692 683 2747 serentes,
717 2692 774 2734 ttt
803 2681 925 2750 quid
956 2680 1237 2745 sentirent,
1263 2679 1388 2748 quid
1417 2678 1636 2739 vellent,
1670 2687 1914 2731 statuere
1942 2691 2006 2730 ac

433 2773 732 2843 diiudicare
758 2787 862 2828 non
900 2773 1093 2842 possis.
1140 2770 1279 2838 Quid
1326 2769 1485 2840 igitur
1523 2784 1727 2840 pugnes
1752 2768 2012 2822 adversus

2089 1913 2134 1921 ’-
2143 1913 2380 1934 --u~—-.n
2389 1931 2396 1934 .
2405 1913 2494 1937 ,πτῖ

2655 1931 2912 2014 “CAPUT
2936 1954 3134 2012 xxnx.

2478 2093 2554 2149 De
2592 2099 2804 2165 fortuna
2833 2093 3016 2148 iterum
3045 2099 3088 2145 et
3117 2092 3316 2144 virtute.

2186 2206 2291 2263 Sed
2325 2216 2632 2278 repetamus
2673 2206 2725 2261 id
2765 2205 2909 2277 quod
2939 2203 3248 2260 omisimus.
3297 2203 3500 2259 Fortuna
3533 2219 3611 2275 ergo

2114 2316 2208 2372 per
2229 2316 2287 2357 se
2310 2301 2438 2355 nihil
2468 2312 2571 2365 est;
2598 2315 2694 2355 nec
2715 2301 2792 2355 sic
2819 2297 3129 2354 habendum
3155 2306 3260 2367 est,
3285 2295 3612 2368 tamquamsitin

2114 2398 2295 2467 aliquo
2320 2412 2506 2452 sensu.
2541 2394 2820 2466 Siquidem
2845 2394 3058 2449 fortuna
3103 2403 3192 2449 est
3231 2392 3541 2448 accidentium
3559 2408 3608 2446 te-
3636 2431 3650 2450 ν

2118 2506 2236 2545 rum
2265 2491 2475 2546 subitus
2503 2499 2662 2560 atque
2687 2488 2996 2556 inotlinatus
3027 2495 3278 2541 eventus.
3317 2485 3487 2541 Verum
3506 2484 3614 2555 philo

2119 2581 2301 2651 sophi,
2349 2597 2416 2636 ne
2447 2580 2739 2652 aliquando
2775 2594 2882 2635 non
2920 2589 3128 2646 errent,
3161 2579 3214 2634 in
3244 2594 3302 2634 re
3330 2578 3473 2632 stulta
3495 2577 3612 2631 volunt

2121 2688 2240 2728 esse
2271 2674 2573 2744 sapientes;
2605 2675 2693 2743 qui
2724 2671 2955 2726 fortuna:
2993 2686 3186 2725 sexum
3233 2677 3444 2736 mutant,
3467 2682 3612 2738 eamque

2122 2782 2228 2821 non
2285 2767 2484 2834 deam,
2537 2766 2675 2821 sicut
2714 2767 2936 2837 vulgus,
2991 2763 3087 2819 sed
3138 2764 3299 2820 deum
3343 2777 3448 2818 esse
3481 2760 3608 2816 dicunt.

1749 2881 2105 2940 VARIORUM
2133 2881 2363 2938 NOTAE.

419 3005 573 3057 ritate
594 3043 607 3065 ,
631 3018 744 3072 qua:
785 3001 854 3055 ad
903 3001 1269 3069 confessionem
1317 2998 1682 3072 ignorationit
1699 2997 2023 3072 adduagerunt
2049 2995 2096 3058 C
2131 2997 2205 3072 t_io
2237 2996 2307 3051 sit
2332 2997 2572 3072 omnium
2601 2995 2770 3072 ferme
2792 3004 2847 3050 et
2882 2996 3208 3072 optimorum
3239 3007 3362 3048 mss.
3385 2993 3566 3048 codicum
3583 2991 3612 3042 in

422 3067 688 3129 Socratem
707 3115 721 3138 ,
751 3083 796 3126 et
827 3073 981 3126 veluti
1003 3067 1008 3069 ’
1030 3081 1257 3123 amantes
1313 3067 1577 3124 Socratem
1597 3110 1612 3132 ,
1643 3067 2022 3132 Democritum,

425 3145 790 3212 Anaxagoram
819 3185 832 3207 ,
883 3141 1244 3212 Empedoclem
1273 3181 1286 3203 ,
1310 3156 1488 3212 omnes
1526 3155 1650 3212 pene
1688 3145 1875 3212 ueteres
1897 3179 1911 3203 ,
1939 3140 2027 3212 qui

427 3160 790 3212 anaxagoram
819 3185 832 3207 ,
883 3160 977 3195 mu
1022 3160 1244 3194 eaOCtem
1273 3181 1286 3203 ,
1310 3160 1482 3193 omnes
1526 3160 1650 3204 pene
1688 3160 1875 3191 veteres
1897 3179 1911 3203 ,
1939 3160 2026 3205 qut

427 3215 560 3268 nihil
587 3215 845 3285 cognosci,
870 3160 1022 3285 nihif
1019 3212 1234 3285 percipi,
1266 3210 1398 3285 nihil
1419 3211 1537 3285 sciri
1577 3225 1724 3285 posse
1750 3208 2026 3285 disserunt;

423 3279 671 3353 angustos
700 3300 896 3343 sensus,
920 3279 1211 3353 imbecillos
1241 3281 1460 3353 animos,
1485 3282 1654 3335 brevia
1675 3279 1871 3353 circulo
1891 3281 2026 3344 citra,

423 3366 472 3408 et
491 3352 566 3424 (ut
595 3352 938 3420 Democritus)
962 3354 1012 3405 iu
1042 3352 1297 3424 profundo
1324 3358 1578 3424 veritatem
1601 3368 1706 3424 esse
1725 3352 2026 3424 demersam.

427 3421 539 3480 Hoc
569 3424 837 3490 posterius
857 3426 1046 3492 legitur
1072 3423 1231 3478 etiam
1261 3424 1312 3475 iu
1339 3423 1677 3492 altermquod
1696 3432 1862 3484 extat,
1889 3421 2028 3475 Aca-

429 3494 760 3550 demicorum
789 3491 989 3562 Quaist.
1018 3492 1319 3563 fragmento
1350 3511 1360 3544 :
1399 3491 1657 3546 Naturam
1683 3509 1888 3558 accusa,
1920 3507 2034 3562 qua:

424 3566 482 3618 in
530 3566 786 3635 profundo
819 3566 1096 3631 veritatem,
1129 3575 1182 3617 ut
1214 3566 1282 3617 ait
1324 3563 1644 3617 Democritus
1666 3606 1681 3630 ,
1713 3568 1912 3633 penitus
1937 3565 2031 3617 ab-

427 3638 680 3690 struserit.
718 3637 922 3691 Beroe.

502 3707 569 3760 In
599 3718 749 3775 puteo
781 3707 1010 3760 deluersa
1050 3706 1253 3762 veritas.
1290 3704 1364 3758 lta
1410 3720 1531 3759 cum
1578 3714 1685 3759 vet.
1733 3704 1766 3760 8
1815 3705 2034 3760 excusis

429 3775 614 3833 ferunt
637 3779 812 3832 cuncti
847 3793 977 3831 mss.
1010 3784 1208 3846 pra-ter
1237 3778 1372 3829 duos
1404 3777 1538 3846 Reg.
1573 3791 1684 3832 rec.
1717 3780 1805 3846 qui
1836 3777 2037 3831 habent

428 3849 485 3902 in
540 3857 768 3918 puteum.
825 3849 929 3902 Sed
985 3858 1039 3902 et
1089 3847 1226 3917 apud
1282 3847 1594 3902 Ciceronem
1659 3863 1674 3902 ι
1724 3847 2033 3902 Acadetnic.

429 3918 658 3987 Quaest,
706 3935 826 3988 cap.
881 3918 980 3983 12,
1027 3918 1251 3973 ell‘ertur
1294 3929 1452 3973 sexto
1497 3933 1625 3973 casu
1662 3936 1672 3970 :
1716 3918 2036 3972 Democritus

431 3989 585 4050 dixit,
608 3990 660 4043 in
686 3990 942 4059 profundo
963 3990 1220 4042 veritatem
1245 4006 1351 4044 esse
1371 3990 1673 4043 demersam.

505 4059 574 4113 In
622 4058 820 4114 summo
862 4059 987 4113 illis.
1034 4059 1257 4114 Veteres
1305 4060 1571 4115 editiones
1617 4060 1799 4129 legunt
1841 4058 1947 4112 illis
1981 4059 2036 4113 in

434 4146 631 4184 summa
641 4172 653 4184 .

511 4199 631 4255 Nisi
683 4201 778 4271 hoc
819 4215 994 4253 unum.
1037 4199 1178 4255 Istud
1214 4201 1334 4256 vide
1364 4202 1502 4270 apud
1544 4201 1680 4254 Plat.
1720 4201 1773 4253 in
1808 4202 2033 4271 Apolog.

436 4269 693 4326 Phaedon.
711 4270 915 4326 Criton.
939 4283 986 4326 et
1009 4272 1144 4340 apud
1159 4273 1335 4327 Cicer.
1353 4289 1366 4326 I
1385 4269 1548 4325 Acad.
1571 4280 1761 4341 quaest.
1781 4272 1900 4325 sub.
1920 4269 2033 4328 init.

512 4341 682 4410 Smpe.
716 4342 841 4397 Mss.
867 4344 900 4395 6
931 4357 1040 4397 rec.
1079 4359 1295 4410 semper.

513 4413 651 4479 Quid
678 4419 940 4476 sentirent,
972 4413 1093 4482 quid
1125 4413 1323 4466 vellent.
1356 4411 1483 4466 Mss.
1510 4413 1596 4482 10
1626 4427 1736 4466 rec.
1757 4427 1877 4467 cum
1903 4413 2033 4469 edit.

2130 3067 2162 3120 7
2187 3083 2296 3138 rec.
2330 3077 2384 3121 et
2471 3068 2699 3138 vulgatis
2727 3077 2915 3121 estaut
2936 3067 3206 3138 gloriosos.

2206 3137 2468 3206 Tempus?
2512 3135 2610 3206 qu'o
2665 3154 2802 3192 more
2825 3138 2850 3191 Ξ)
2876 3135 3080 3208 quando
3101 3147 3196 3192 est.
3231 3136 3373 3208 Usus
3391 3135 3526 3190 rarior
3545 3148 3615 3208 pro-

2130 3208 2246 3264 bari
2277 3201 2449 3279 potest
2475 3201 2539 3264 es
2571 3209 2683 3263 Cic.
2734 3210 2826 3263 lib.
2857 3201 3109 3263 t'lnvent.
3159 3249 3176 3275 ,
3211 3222 3261 3263 c.
3312 3207 3396 3276 25,
3444 3221 3504 3275 pr.
3541 3223 3550 3258 :
3579 3201 3614 3255 li

2132 3281 2266 3333 victu
2296 3280 2620 3335 considerare
2645 3290 2862 3348 oportet,
2885 3279 3024 3349 apud
3051 3295 3182 3351 quos
3228 3288 3273 3333 et
3319 3295 3408 3349 quo
3451 3292 3562 3341 more,
3591 3285 3615 3326 tl

2133 3353 2280 3418 cujus
2306 3354 2553 3407 arbitratu
2581 3353 2644 3406 sit
2670 3351 2933 3406 educatus.

2211 3421 2489 3489 Tamquam
2511 3425 2576 3476 sit
2596 3423 2650 3475 in
2667 3424 2836 3492 aliqua
2861 3439 3029 3477 sensu.
3059 3421 3226 3492 Lege,
3256 3432 3483 3487 tamquam
3499 3418 3545 3472 sit
3558 3416 3616 3469 illis

2135 3493 2321 3564 aliquis
2341 3511 2534 3548 sensus.
2553 3493 2800 3548 Hennam.
2830 3492 3192 3564 -—-Tamquam
3207 3493 3336 3564 sitia
3356 3493 3497 3560 aliqua
3512 3503 3614 3564 setis}.

2137 3558 2267 3618 Sine
2297 3565 2874 3632 prmpositioneCicero
2903 3564 2940 3618 l.
2970 3580 3005 3618 ll
3049 3558 3119 3618 de
3137 3564 3255 3618 Nat.
3275 3558 3435 3624 deor.,
3457 3575 3544 3628 cap.
3561 3558 3613 3632 l5:

2137 3635 2206 3688 Id
2231 3631 2424 3690 animal
2445 3646 2491 3691 et
2520 3651 2669 3689 sensu
2719 3638 2990 3699 acerrimo,
3033 3645 3080 3688 et
3139 3636 3408 3698 mobilitate
3442 3631 3614 3685 celerrima

2135 3722 2259 3762 esse.
2281 3707 2386 3762 Sed
2413 3715 2595 3761 notum
2623 3715 2728 3771 est,
2759 3717 2967 3761 veteres
2991 3721 3134 3775 ssepe
3166 3707 3218 3759 in
3243 3706 3440 3761 addere.
3475 3702 3566 3756 Bon.

2212 3778 2318 3833 Sed
2338 3779 2488 3831 deum
2507 3794 2614 3832 esse
2631 3778 2823 3832 dicunt.
2844 3778 2994 3844 Quod
3017 3777 3320 3846 pltilosOphi
3348 3775 3437 3829 hoc
3453 3775 3613 3846 fecerint,

2140 3850 2376 3903 nondum
2437 3850 2557 3919 legi.
2603 3849 2714 3903 Nisi
2767 3842 3257 3903 fortassis-Pluma}
3303 3847 3540 3919 intelligas,
3567 3842 3614 3919 qui

2137 3920 2277 3986 apttd
2319 3911 2596 3990 Aristo'ph.
2629 3929 2680 3974 et
2705 3920 2820 3988 ipse
2846 3935 3023 3974 caecus
3041 3919 3330 3974 inducitur.
3357 3911 3614 3990 Sed‘Roniani

2140 3984 2434 4044 Fortunam
2468 3984 2779 4055 niasculam,
2804 3999 2858 4046 et
2887 3990 3181 4046 Fortunam
3205 3990 3491 4045 muliebrem
3506 3984 3615 4039 colue-

2140 4074 2286 4127 runt,
2321 4070 2379 4115 ut
2406 4076 2434 4113 a
2476 4061 2762 4115 Plutarcho
2790 4064 3049 4130 scriptum
3076 4072 3161 4117 est
3190 4063 3242 4116 in
3272 4062 3342 4116 lib
3381 4061 3438 4114 dc
3463 4056 3614 4111 Fortuna

2143 4132 2526 4186 Romanorum.
2557 4132 2886 4202 Augustinus
2907 4129 3189 4202 iutriuSque
3220 4131 3442 4187 meminit
3468 4129 3616 4202 locosu-

2139 4217 2234 4272 pra
2256 4204 2438 4257 citato.
2471 4195 2716 4258 Masculac
2743 4203 2994 4258 Fortunae
3020 4195 3274 4273 templum
3307 4203 3369 4256 ab
3403 4202 3523 4273 Anco
3537 4195 3615 4249 llat-

2143 4269 2235 4337 iio,
2253 4283 2444 4344 quarto
2461 4274 2829 4330 Romanorum
2847 4290 2990 4344 rege,
3009 4269 3330 4340 extructum,
3345 4272 3466 4342 quod
3480 4269 3615 4344 plosor

2140 4334 2246 4398 lam
2273 4334 2392 4398 'sibi
2447 4345 2713 4400 fortunam
2745 4346 2810 4401 ad
2857 4334 3276 4415 ittilipiscendam
3319 4334 3615 4415 victoriam

2141 4416 2325 4477 fuisse,
2351 4432 2509 4487 quam
2540 4415 2908 4471 fortitudinem
2927 4408 3246 4472 ettetliderat.
3281 4417 3393 4471 Fuit
3412 4414 3536 4468 etiam
3557 4408 3613 4458 alia

432 4483 632 4550 Βθιυιιν
660 4485 785 4556 quid
813 4481 1051 4549 sentiant,
1084 4485 1207 4553 quid
1245 4483 1420 4537 velint.
1473 4481 1598 4538 Mss.
1630 4482 1872 4550 Cotton.,
1904 4488 2026 4554 quid
2054 4492 2108 4552 1)
2135 4481 2386 4542 mascula?
2412 4487 2660 4542 Fortuna:
2685 4487 2906 4542 aedicula
2936 4490 3000 4541 ad
3028 4488 3248 4542 Veneris
3269 4487 3452 4546 fantnn,
3474 4488 3615 4534 auctore

431 4557 618 4610 sentire
637 4555 837 4610 vellent.

509 4627 768 4680 Statuere.
804 4626 894 4681 Sic
921 4624 1282 4696 antiquissimi
1302 4623 1517 4696 codices
1547 4623 1780 4696 Bonam,
1808 4626 1842 4678 5
1865 4625 2024 4696 Reg,

432 4692 621 4768 Caua,
648 4699 684 4752 5
714 4696 888 4768 Oxon.
921 4692 1246 4768 comeditis
1275 4706 1416 4749 octo.
1462 4694 1813 4768 Becentiores
1842 4692 2026 4768 scripti

433 4767 508 4822 25
533 4782 654 4822 cum
679 4776 784 4820 vet.
812 4767 1090 4835 impressis
1117 4766 1150 4820 8
1178 4765 1354 4819 lerunt
1375 4767 1501 4819 satis
1523 4775 1766 4819 statuere.

507 4838 618 4892 Suo
653 4837 748 4889 sibi
780 4837 954 4906 gladio
984 4846 1212 4906 pereunt.
1243 4835 1339 4889 Ms.
1373 4837 1396 4891 1
1443 4836 1682 4891 Clarom.
1716 4854 1744 4890 a
1791 4838 2026 4893 secunda

441 4923 646 4976 manu,
680 4923 771 4959 suo
806 4922 913 4960 sese
938 4907 1112 4976 gladio
1153 4918 1493 4975 peremerunt.
1528 4907 1876 4962 l’roverbium
1907 4921 2024 4964 est:

434 4977 558 5032 vide
587 4973 808 5031 Terent.
838 4977 889 5030 in
915 4973 1188 5046 A'delpliis.

512 5047 654 5117 Quos
703 5063 798 5100 sua
823 5047 962 5117 ipsos
991 5045 1226 5102 destruit.
1258 5045 1336 5102 Ita
1375 5048 1556 5104 cuncti
1598 5048 1713 5106 fere
1741 5064 1874 5104 mss.
1905 5065 2028 5106 cum

437 5116 853 5192 omnibuspeue
887 5117 1067 5192 editis.
1110 5119 1166 5173 In
1199 5120 1367 5192 lgibus
1406 5119 1563 5174 editis
1607 5120 1828 5192 estipsa
1869 5138 2029 5188 suos;

440 5187 492 5242 in
520 5188 735 5271 scriptis
765 5204 876 5244 rec.
908 5188 1108 5245 lColb.
1138 5198 1192 5245 et
1221 5190 1385 5244 Brun.
1429 5192 1544 5261 ipsa
1571 5208 1704 5258 sua;
1736 5187 1786 5246 in
1831 5193 1857 5247 1
1893 5187 2024 5264 Reg.

434 5273 576 5322 ηε..
601 5275 696 5314 sua
714 5277 848 5328 ipsa.

509 5330 704 5402 Afﬁcit.
736 5331 826 5386 Sic
873 5330 1082 5387 restitui
1118 5345 1184 5386 ex
1229 5332 1436 5402 optimo
1478 5341 1530 5387 ct
1575 5334 1864 5388 veterrimo
1921 5349 2023 5389 ms.

436 5399 785 5472 Regio-PaL,
813 5403 846 5457 5
876 5403 943 5474 al.
963 5404 1133 5474 lteg.,
1155 5402 1190 5458 6
1214 5399 1376 5474 Colb:
1397 5413 1711 5474 septemque
1733 5406 1872 5473 aliis,
1903 5420 2030 5460 nec-

438 5487 547 5543 non
577 5488 642 5527 ex
660 5481 765 5528 vet.
799 5473 929 5527 edit.
961 5473 1114 5527 Rom.
1152 5473 1308 5528 1470.
1344 5472 1543 5543 Scripti
1588 5472 1697 5530 tres
1723 5486 1777 5530 et
1804 5472 1929 5530 editi
1961 5475 2027 5530 M-

437 5541 618 5620 ferunt
657 5544 885 5620 afﬂigit,-
931 5544 956 5598 1
1010 5543 1173 5620 βρεζ
1188 5558 1298 5620 ree.
1336 5541 1524 5620 inﬂigit
1564 5561 1584 5600 :
1613 5547 1708 5602 sed
1739 5555 1795 5602 et
1820 5547 2029 5620 afﬁcere

437 5615 760 5685 simpliciter
783 5615 1026 5670 Ciceroni
1056 5621 1111 5669 et
1136 5615 1604 5672 Coltttnellzeidetn
1619 5626 1721 5684 est,
1737 5634 1801 5673 ac
1821 5615 2026 5682 vexare,

434 5685 658 5756 afﬂigere
703 5702 722 5739 :
760 5702 920 5758 quam
965 5700 1152 5742 vocem
1218 5687 1612 5744 substituerent
1665 5688 1834 5760 ignari
1881 5703 2029 5744 ama-

434 5770 690 5811 nuenses.

504 5827 607 5877 Aut
627 5826 975 5896 stultissimos,
1007 5836 1096 5883 aut
1121 5827 1513 5898 gloriosissimos
1542 5829 1717 5899 fuisse.
1759 5829 1884 5886 Hac
1912 5829 2022 5886 lec-

2132 4559 2324 4612 eodem
2373 4558 2661 4613 Plutarcho
2681 4599 2696 4624 ,
2727 4564 2814 4629 qui
2843 4560 3112 4613 variarum
3155 4559 3482 4613 Fortunarum
3507 4559 3615 4629 etno-

2133 4630 2276 4682 mina
2309 4640 2363 4684 et
2412 4630 2633 4684 delubra
2664 4624 2929 4685 recenset.
2977 4631 3082 4686 Sed
3139 4631 3224 4684 hic
3271 4629 3408 4684 locus
3441 4624 3614 4691 iuniorem

2132 4700 2375 4768 acquiret
2401 4701 2594 4767 lucem,
2627 4703 2670 4755 si
2703 4701 2983 4756 Ciceronis
3009 4701 3170 4756 verba
3209 4715 3325 4769 qua!
3352 4699 3427 4751 hic
3444 4695 3613 4769 citantur.

2131 4762 2681 4843 ex'Aeademicarutu
2723 4773 2924 4838 Quaest.
2983 4775 3154 4843 primo
3193 4762 3614 4843 adscripsero‘inlr

2129 4855 2257 4911 gra;
2294 4842 2363 4913 ibi
2396 4842 2536 4897 enim
2568 4835 2826 4913 perfectio
2856 4843 2944 4898 illa
2985 4835 3169 4899 rerum
3203 4835 3375 4913 multis
3401 4835 3612 4913 nominall"

2131 4907 2185 4966 ct
2215 4911 2376 4966 variis
2405 4907 2732 4967 nominibus.
2768 4913 2938 4969 Verba
2967 4913 3244 4970 Ciceronis
3264 4956 3278 4977 ,
3331 4911 3408 4964 ubi
3444 4907 3500 4962 de
3521 4911 3614 4958 nato.

2133 4983 2230 5036 rali
2281 4983 2614 5053 philosophia
2667 4985 2919 5054 loquitur.
2964 4987 3040 5040 sic
3074 4987 3302 5039 habent:
3334 4981 3489 5054 Partes
3510 4983 3611 5028 autem

2130 5068 2239 5108 esse
2274 5051 2450 5108 mundi
2468 5096 2480 5117 ,
2514 5055 2685 5108 omnia
2707 5051 2822 5124 quae
2845 5055 3001 5109 insint
3030 5057 3080 5110 in
3098 5072 3177 5121 eo,
3217 5051 3521 5125 quwnNatura
3549 5058 3613 5125 ml;

2132 5125 2284 5200 tiente
2320 5135 2606 5200 teneantur,
2647 5119 2852 5200 ἕης-φφ
2897 5129 3031 5200 ratio
3072 5119 3292 5200 perfecta
3327 5119 3613 5200 insin-quifitl

2131 5195 2307 5266 eadem
2332 5191 2658 5266 sempiterna.
2690 5191 2839 5250 Nihil
2866 5199 2998 5251 enim
3023 5191 3332 5260 valen'tius,a
3351 5207 3439 5263 quo
3453 5191 3610 5244 interul-

2134 5265 2302 5333 Quam
2331 5267 2428 5320 vim
2441 5265 2684 5322 Animum
2704 5268 2883 5321 dicunt
2903 5285 3010 5322 esse
3033 5269 3230 5333 mundi,
3258 5266 3538 5327 eamdem?“
3552 5267 3612 5333 εδξί

2130 5323 2344 5412 mentem
2371 5339 2770 5412 sapientiamque
2807 5339 3116 5408 perfectam,
3157 5323 3306 5412 quam
3332 5323 3612 5412 ρευηίαρρθξ

2130 5407 2262 5480 lant,
2302 5411 2626 5480 omniumque
2659 5407 2851 5475 rerum,
2896 5426 3010 5476 aute
3055 5407 3180 5464 sunt
3195 5411 3241 5464 ei
3267 5409 3490 5480 subiecta,
3521 5409 3609 5478 φίλια

2129 5479 2453 5549 prudentia»:
2477 5481 2752 5549 quamdam
2783 5491 3176 5549 procurantem,
3208 5479 3414 5535 calestia
3445 5480 3607 5526 mantu-

2129 5547 2331 5622 Deinde
2376 5554 2430 5605 in
2469 5547 2614 5607 terris
2643 5569 2703 5606 ea
2730 5547 2843 5622 qua:
2875 5553 3122 5618 pertinent
3151 5553 3218 5606 ad
3260 5549 3478 5622 homines,
3514 5551 3608 5622 ιμφξξ

2128 5620 2382 5693 interdum
2430 5605 2658 5676 eamdem
2691 5605 3364 5693 rn'ecessitatemappellant,
3393 5605 3491 5684 quia
3523 5605 3609 5693 itif!“

2128 5691 2277 5765 aliter
2307 5693 2485 5765 possit,
2515 5703 2664 5765 atque
2691 5695 2754 5748 ab
2780 5711 2839 5746 ea
2865 5681 3192 5748 constitutum
3215 5693 3276 5746 sit
3291 5681 3411 5765 inter
3420 5681 3542 5765 omni
3558 5681 3606 5765 [ιζ’

2129 5762 2283 5816 talem
2307 5758 2354 5818 et
2399 5758 2764 5819 immutabilem
2805 5767 3230 5820 continuationem
3279 5758 3449 5815 ordinis
3487 5762 3606 5820 εεηιριτ

2130 5834 2279 5888 terni.
2315 5817 2704 5905 Nonnunquam
2719 5817 2926 5901 quidem
2953 5817 3485 5892 eamd'eitirrFortuuam,
3519 5817 3604 5886 σιθά
