3770 6264
59 289 144 354 Li
159 297 190 356 ι

951 304 1156 366 LIBER
1195 307 1286 366 Ill.
1328 309 1414 367 DE
1453 305 1678 368 FALSA
1719 308 2080 369 SAPIENTIA
2123 312 2524 376 PHILOSOPH.

3275 312 3386 376 442

53 411 360 476 Eumdem
387 397 566 478 tainen
593 421 862 480 interdum
887 431 1138 482 naturam
1162 467 1178 495 ,
1225 425 1495 486 interdum
1526 429 1686 484 fortu-
1713 431 1765 493 Α
1792 433 1932 504 vulgi
1959 442 2015 490 et
2042 433 2413 507 imperitorum
2447 437 2789 508 opinionibus
2813 436 3061 506 credidit,
3090 435 3182 509 qui
3210 436 3384 495 fortu-

54 521 214 566 nam
247 524 478 584 vocant;
513 535 534 569 σ
567 517 713 588 quod
741 519 930 584 multa,
955 521 1128 592 inquit
1155 520 1297 581 idem
1325 522 1538 587 Cicero,
1567 523 1684 579 elli-

51 599 190 658 ciat
225 604 504 678 inopinata
535 609 712 678 nobis,
741 621 959 682 propter
987 611 1370 668 obscuritatem
1402 614 1690 684 ignoratio-

55 708 329 770 nemque
375 715 680 758 causarum.
719 723 738 757 ι
771 703 908 760 Cum
961 705 1126 777 igitur
1172 719 1362 762 causas
1411 707 1683 778 ignorent,

52 799 317 860 propter
343 807 472 863 quas
490 793 582 849 ﬂat
603 794 820 866 aliquid,
851 805 908 852 et
932 796 1106 868 ipsum
1133 797 1222 868 qui
1241 796 1686 868 faciatignorent,

50 893 317 940 necesse
340 893 438 941 est.
469 884 616 942 Idem
647 887 701 941 in
727 903 893 958 opere
917 888 1071 945 valde
1111 889 1278 955 serio,
1327 893 1380 944 in
1410 905 1518 960 quo
1549 906 1688 960 prte-

49 983 245 1043 cepta
269 979 392 1034 vitae
411 977 730 1052 deprompta
751 996 814 1036 ex
839 981 1176 1054 philosophia
1201 982 1309 1037 tilio
1333 983 1522 1038 dabat:
1544 983 1688 1039 «Ma-

53 1077 275 1134 gnam,
303 1069 496 1139 inquit,
521 1085 642 1128 esse
670 1070 897 1128 fortunae
923 1073 1029 1128 vim
1057 1073 1108 1128 in
1141 1083 1423 1146 utramque
1453 1085 1684 1143 partem,

60 1159 217 1228 quis
247 1163 492 1220 nesciat?
515 1163 650 1220 Nam
679 1175 732 1222 ct
750 1207 767 1234 ,
797 1181 920 1222 cum
969 1182 1230 1238 prospero
1258 1168 1390 1224 ﬂatu
1432 1169 1549 1238 ejus
1579 1169 1685 1226 uti-

53 1265 230 1322 mur,
257 1255 324 1310 ad
352 1256 530 1312 exitus
547 1260 902 1330 pervenimus
922 1267 1174 1330 optatos;
1205 1271 1282 1327 et,
1301 1275 1424 1316 cum
1455 1260 1683 1318 reﬂave-

56 1343 160 1411 rit,
199 1345 516 1419 afﬂigimur.
555 1370 576 1404 ι
602 1350 865 1420 Primum,
893 1351 989 1423 qui
1003 1360 1164 1423 negat
1179 1352 1312 1408 sciri
1342 1367 1508 1423 posse
1531 1355 1688 1425 quid-

54 1453 270 1510 quam,
330 1443 410 1498 sic
462 1443 566 1500 hoc
611 1444 769 1511 dixit,
822 1453 1092 1516 tamquam
1135 1455 1191 1502 et
1227 1446 1364 1518 ipse,
1415 1455 1468 1502 et
1499 1461 1688 1503 omnes

53 1530 280 1588 sciant.
309 1535 540 1600 Deinde,
569 1537 686 1608 qui,
715 1537 877 1594 etiam
901 1553 1021 1609 qua:
1047 1537 1190 1594 clara
1219 1547 1367 1605 sunt,
1396 1539 1558 1596 dubia
1585 1555 1680 1597 co-

53 1633 252 1682 natur
275 1627 520 1696 efﬂcere,
545 1630 650 1688 hoc
679 1631 882 1702 putavit
899 1646 1020 1690 esse
1043 1633 1266 1700 clarum,
1289 1633 1434 1706 quod
1453 1633 1535 1690 illi
1569 1651 1689 1694 esse

53 1714 278 1774 debuit
319 1721 408 1777 vel
450 1723 684 1779 maxime
726 1723 986 1791 dubium;
1017 1739 1142 1780 nam
1192 1725 1422 1796 sapienti
1468 1731 1689 1784 omnino

1792 541 1915 580 nam
1940 535 2126 596 putant
2142 543 2284 595 esse,
2300 543 2420 600 qua:
2438 529 2745 586 hominibus
2761 529 2959 586 tribuat
2977 529 3116 585 bona
3140 538 3196 586 et
3212 531 3384 588 mala.

1791 617 1924 674 Nam
1955 619 2302 676 simulacrum
2331 622 2451 692 ejus
2479 637 2601 678 cum
2627 623 2782 694 copia
2812 632 2868 679 et
2889 622 3257 694 gubernaculo
3285 623 3389 680 fin-

1790 722 1945 783 gunt,
1985 723 2254 784 tamquam
2285 714 2401 770 haec
2433 724 2486 771 et
2514 729 2645 786 opes
2683 717 2906 783 tribuat,
2947 725 3004 772 et
3031 715 3388 774 humanarum

1790 819 1968 860 rerum
1991 806 2228 877 regimen
2249 807 2509 864 obtineat.
2539 809 2637 864 Cui
2664 809 2906 881 opinioni
2929 818 2984 866 et
3009 809 3268 882 Virgilius
3293 825 3385 867 as-

1793 898 1977 964 sentit,
1992 898 2082 969 qui
2095 896 2364 954 fortunam
2377 900 2800 970 omnipotentem
2815 909 2991 969 vocat;
3005 910 3061 957 et
3078 901 3388 974 historicus,

1791 992 1882 1062 qui
1919 993 2030 1048 ait:
2063 991 2170 1050 Sed
2207 993 2450 1064 profecto
2473 995 2682 1051 fortuna
2712 995 2766 1052 in
2791 997 2940 1052 omni
2972 1012 3032 1054 re
3057 997 3386 1054 dominatur.

1790 1082 1930 1150 Quid
1977 1099 2107 1156 ergo
2148 1085 2364 1141 czeteris
2403 1086 2506 1142 diis
2554 1088 2653 1144 loci
2683 1089 2968 1160 superest?
3007 1089 3118 1146 Cur
3156 1105 3264 1146 non
3299 1095 3394 1146 aut

1791 1174 1906 1244 ipsa
1934 1191 2163 1246 regnare
2190 1175 2408 1243 dicitur,
2431 1179 2475 1232 si
2507 1178 2623 1249 plus
2652 1187 2864 1249 potest;
2897 1187 2992 1235 aut
3027 1180 3142 1236 sola
3172 1181 3388 1250 colitur,

1792 1265 1838 1320 si
1863 1267 2090 1322 omnia?
2113 1266 2232 1335 Vel,
2265 1269 2310 1324 si
2343 1278 2546 1325 tantum
2573 1270 2712 1325 mala
2743 1269 3004 1338 immittit,
3037 1271 3242 1344 aliquid
3265 1287 3394 1328 cau-

1791 1371 1867 1414 saz
1905 1359 2201 1429 proferant,
2249 1377 2368 1429 cur,
2418 1362 2466 1419 si
2513 1361 2613 1418 dea
2656 1364 2747 1432 sit,
2785 1364 3090 1420 hominibus
3135 1364 3390 1434 invideat,

1793 1464 1994 1523 eosque
2022 1453 2260 1524 perditos
2287 1455 2486 1526 cupiat,
2513 1471 2636 1512 cum
2662 1455 2838 1512 abhis
2865 1456 3116 1528 religiose
3143 1457 3390 1513 colatur:

1793 1555 1889 1598 cur
1915 1545 2119 1616 aequior
2144 1547 2216 1602 sit
2245 1547 2422 1616 malis,
2451 1547 2682 1619 iniquior
2705 1556 2885 1604 autem
2914 1549 3070 1604 bouis
3097 1567 3110 1605 :
3139 1563 3238 1605 cur
3257 1548 3394 1604 insi-

1793 1635 1992 1702 dietur,
2013 1637 2234 1710 afﬂigat,
2252 1640 2486 1710 decipiat
2513 1649 2568 1696 et
2592 1642 2920 1696 exterminet
2945 1659 2956 1694 :
2981 1641 3102 1713 quis
3128 1641 3273 1696 illam
3299 1655 3396 1713 ge-

1793 1733 1910 1784 neri
1954 1728 2230 1786 hominum
2274 1733 2602 1788 vexatricem
2649 1744 2963 1804 perpetuam
3005 1732 3390 1788 constituerit:

53 1807 280 1866 falsum
317 1821 420 1868 est.
453 1814 604 1882 Quis,
655 1815 846 1884 inquit,
891 1815 1105 1873 nescit?
1143 1817 1253 1888 Ego
1291 1833 1422 1874 vero
1475 1821 1682 1876 nescio.
1717 1823 1764 1884 B
1791 1836 1889 1876 cur
1908 1822 2142 1896 denique
2170 1834 2277 1880 tam
2302 1827 2498 1883 malam
2527 1829 2716 1884 sortita
2743 1829 2816 1883 sit
2843 1835 3189 1894 potestatem,
3215 1836 3273 1882 ut
3301 1841 3394 1884 res

59 1904 296 1962 Doceat
319 1921 430 1973 me,
459 1909 504 1962 si
532 1918 732 1979 potest,
752 1925 874 1981 qua:
903 1910 974 1965 sit
995 1911 1085 1966 illa
1113 1911 1214 1978 vis,
1242 1910 1332 1983 qui
1354 1911 1516 1968 ﬂatus
1545 1912 1682 1981 iste,

55 2007 124 2054 et
151 1999 260 2071 qui
281 1998 527 2058 reﬂatus.

141 2091 343 2163 Turpe
369 2091 533 2164 igitur
559 2102 664 2161 est,
695 2093 967 2150 hominem
1013 2095 1348 2166 ingeniosum
1379 2097 1560 2155 dicere
1591 2099 1644 2156 id
1668 2141 1684 2167 ,

57 2184 256 2256 quod,
288 2185 337 2242 si
367 2201 555 2256 neges,
585 2187 815 2258 probare
841 2202 950 2244 non
989 2187 1177 2259 possit.
1211 2188 1516 2258 Postremo,
1539 2194 1682 2262 quod

58 2277 140 2342 is,
178 2280 278 2351 qui
309 2279 438 2336 dicit
474 2293 727 2336 assensus
749 2295 870 2338 esse
904 2265 1238 2349 retinendos,
1269 2283 1412 2352 quod
1437 2284 1588 2340 stulti
1613 2287 1686 2342 sit

59 2371 348 2439 hominis,
387 2371 548 2430 rebus
573 2373 861 2445 ineognitis
897 2381 1102 2430 temere
1137 2375 1411 2444 assentiri,
1454 2377 1498 2432 is
1529 2378 1688 2448 plane

1795 1925 2020 1971 cunctas
2063 1933 2128 1972 ex
2172 1919 2394 1975 libidine
2437 1921 2626 1990 magis,
2658 1935 2817 1990 quam
2845 1933 2914 1974 ex
2949 1933 3077 1974 vero
3109 1917 3390 1986 celebret,

1793 2009 2198 2082 obscuretque?
2244 2013 2394 2079 Haec,
2427 2015 2665 2084 inquam,
2718 2012 3071 2084 pliil050plios
3119 2013 3394 2084 inquirere

1793 2103 2031 2172 oportuit
2070 2104 2270 2174 potius,
2309 2121 2468 2176 quam
2503 2116 2708 2161 temere
2745 2105 3090 2162 innocentem
3136 2120 3394 2164 accusare

1792 2193 2060 2252 fortunam
2089 2215 2100 2249 :
2133 2212 2254 2268 quae
2279 2197 2490 2254 etiamsi
2521 2198 2591 2254 sit
2617 2197 2820 2268 aliqua,
2843 2197 2979 2254 nihil
3007 2207 3186 2256 tamen
3209 2197 3393 2256 afferri

1791 2288 1860 2342 ab
1887 2287 1970 2344 his
2001 2297 2195 2360 potest,
2209 2305 2305 2347 cur
2326 2291 2631 2348 hominibus
2653 2299 2760 2346 tam
2776 2291 2990 2347 inimica
3009 2291 3102 2357 sit,
3115 2306 3275 2364 quam
3292 2307 3392 2362 pu-

1793 2388 1952 2437 tatur.
1974 2382 2156 2456 Itaque
2185 2385 2291 2440 illa:
2311 2399 2501 2442 omnes
2529 2383 3036 2457 oratiouesﬁquibus
3056 2384 3394 2456 iniquitatem

1417 2519 1778 2582 VARIORUM
1814 2523 2048 2582 ΝΟΤιΕ.

56 2633 270 2708 eiiciat
284 2634 457 2708 multa
483 2635 754 2708 improuisa
780 2637 909 2705 lucc,
938 2653 1028 2692 nec
1055 2637 1266 2706 opinata
1290 2635 1438 2708 nobis
1469 2647 1678 2708 propter

60 2705 448 2780 obscuritatem
463 2777 475 2780 _
498 2705 967 2780 ignorationemque
990 2779 997 2780 γ
1017 2705 1330 2763 caussarum.
1385 2707 1492 2764 Sed
1537 2705 1678 2780 apud

60 2777 264 2832 Cicer.
299 2777 354 2832 in
379 2793 416 2832 ιι
445 2777 535 2850 de
555 2777 891 2834 Divinatione
921 2795 940 2844 ;
969 2779 1294 2850 disputatur,
1329 2787 1508 2833 utrum
1535 2777 1676 2850 divi-

60 2850 236 2902 natio
266 2863 448 2905 rerum
479 2847 820 2906 fortuitarum
859 2864 982 2906 esse
1011 2847 1199 2918 possit.
1249 2849 1317 2904 Et
1351 2849 1678 2906 contradici-

61 2927 169 2974 tur
204 2938 219 2972 :
253 2919 304 2974 si
325 2918 536 2975 fortuna
564 2921 656 2985 sit,
699 2919 867 2976 fatum
908 2923 1054 2985 tolli;
1085 2921 1166 2975 sin
1201 2929 1378 2976 autem
1411 2923 1587 2976 omnia
1611 2936 1680 2975 ex

61 2990 393 3062 aeternitate
421 2989 758 3062 fataliterque
792 2991 942 3058 fiant,
991 2991 1102 3047 tolli
1134 2989 1422 3046 fortunam.
1455 2991 1683 3046 Addidit

57 3060 239 3128 Lact.
292 3061 540 3117 eumdem
590 3060 756 3116 Deum
799 3062 1066 3118 interdum
1101 3071 1366 3122 naturam.
1415 3061 1682 3117 interdum

59 3131 358 3204 fortunam
401 3148 543 3189 esse.
591 3133 732 3189 Plut.
766 3150 892 3189 vero
923 3135 974 3188 iu
1019 3132 1288 3189 Problem.
1349 3133 1486 3188 hanc
1535 3133 1684 3204 ponit

63 3203 474 3270 differentiam,
505 3204 649 3274 quod
677 3204 890 3261 fortuna
928 3206 998 3260 sit
1027 3219 1208 3259 rerum
1249 3205 1488 3257 omnium
1535 3203 1678 3272 priu-

65 3275 316 3346 cipium,
347 3284 538 3332 natura
564 3290 694 3332 vero
727 3291 856 3331 casu
877 3278 1160 3332 consistat.
1191 3274 1300 3330 Sed
1322 3275 1398 3346 de
1432 3275 1516 3329 his
1565 3276 1683 3346 lege

70 3345 246 3401 Joan.
282 3347 672 3402 Damascenum
700 3347 795 3401 lib.
827 3363 866 3402 ιι
913 3346 1239 3401 Orthodoxze
1268 3345 1410 3410 fidei,
1451 3361 1570 3414 cap.
1592 3345 1682 3403 15.

149 3415 428 3472 Interdum
448 3426 702 3474 naturam.
719 3417 816 3473 Ha:
848 3419 967 3474 dua:
990 3432 1151 3473 voces
1167 3417 1360 3472 absunt
1380 3432 1411 3472 a
1440 3417 1507 3472 12
1538 3433 1668 3473 mss.

73 3497 134 3543 et
163 3488 238 3544 ab
264 3489 394 3544 edit.
423 3488 680 3545 Thomas.

151 3558 381 3629 Efﬁciat
413 3561 684 3631 inopinata
721 3560 885 3615 nobis.
927 3559 1003 3615 Ita
1045 3559 1171 3631 editi
1207 3568 1262 3616 et
1291 3575 1422 3615 mss.
1445 3574 1641 3631 omnes
1665 3601 1682 3624 ,

70 3643 288 3701 praeter
312 3631 348 3686 2
373 3629 774 3686 recentissimos
815 3632 936 3686 Em.
967 3642 1020 3686 et
1049 3629 1237 3701 Cant.”
1263 3631 1315 3686 in
1345 3629 1539 3700 quibus
1577 3640 1681 3695 est,

78 3699 310 3770 Efﬁciat
331 3703 608 3774 improvisa
643 3719 736 3758 nec
763 3705 974 3772 apinata
998 3703 1179 3774 nobis.
1197 3699 1335 3757 Vide
1368 3699 1685 3756 Ciceronem

72 3774 134 3828 in
160 3789 181 3828 ι
209 3772 579 3830 Academicar.
607 3775 964 3844 quaestionum
988 3773 1132 3828 circa
1163 3772 1343 3828 finem.

163 3863 337 3920 Valde
379 3866 534 3921 serio.
568 3865 680 3920 Hac
701 3881 832 3920 voce
862 3865 1129 3920 indicatur
1161 3865 1319 3920 liber.
1360 3878 1392 3917 ιι
1432 3862 1501 3916 de
1525 3860 1684 3918 Offic.

77 3950 212 4008 cap.
234 3936 274 3991 2
297 3939 362 3992 ad
393 3939 573 4001 linem,
603 3937 926 4007 quibusdam
955 3945 1133 4008 tamen
1159 3934 1474 4008 immutatis.

153 4004 517 4064 Peruenimus.
581 4004 804 4077 Legitur
844 4007 1165 4076 pervehimur
1194 4005 1350 4077 apud
1385 4004 1686 4077 Bunernan,

76 4078 182 4151 qui
222 4078 386 4148 hujus
433 4074 744 4151 mutationis
774 4074 853 4134 sic
896 4079 1160 4151 rationem
1201 4074 1496 4132 reddit.-—
1541 4074 1690 4151 lianc

75 4145 380 4208 rectionem
425 4165 548 4206 cum
592 4148 855 4206 Cicerone
910 4150 1318 4204 convenientem
1386 4145 1565 4216 recepi
1621 4161 1689 4201 ex

75 4222 352 4290 Reimm.,
402 4236 532 4277 mss.
573 4230 630 4278 et
671 4220 902 4278 Tornes.
943 4219 1107 4287 1587,
1152 4219 1241 4275 ubi
1273 4227 1396 4274 ante
1437 4217 1640 4273 editum
1669 4259 1684 4284 ,

75 4293 430 4365 peruenimus.
457 4293 593 4348 Buri.

156 4384 295 4442 Cum
320 4385 594 4455 reﬂauerit.
625 4385 716 4442 Sic
745 4380 936 4454 legitur
961 4381 1015 4437 in
1042 4381 1264 4436 excusis
1288 4389 1341 4455 et
1372 4394 1502 4455 mss.
1533 4378 1686 4455 codi-

78 4457 245 4512 cibus
265 4498 283 4524 ,
316 4450 509 4525 ιιι-ἔνων
555 4467 678 4511 octo
707 4450 1001 4525 qui'l'erunt
1027 4469 1144 4525 cum
1173 4451 1612 4525 respiraverittet
1654 4450 1680 4504 1

78 4528 227 4600 Reg.
261 4518 378 4600 eum
403 4529 690 4600 respiravit.
719 4518 790 4580 At
813 4523 1092 4600 reﬂauerit,
1133 4518 1275 4594 quod
1325 4533 1410 4600 est
1435 4537 1501 4577 ex
1531 4518 1684 4600 Cice-_

78 4591 244 4656 ratiis
263 4599 402 4664 loco,
437 4591 638 4664 optime
667 4591 960 4670 respondet
982 4603 1056 4670 τῷ
1077 4591 1322 4670 prospero
1347 4593 1508 4662 ﬂatu,
1543 4591 1688 4670 quod

81 4685 214 4726 mox
245 4670 545 4742 pasces-sit.
569 4669 658 4742 Sic
684 4664 928 4742 etjufra,
957 4664 1043 4738 qui
1085 4666 1394 4742 ﬂatuque:
1419 4664 1580 4742 et_qui
1605 4677 1687 4742 reo

79 4734 273 4812 ﬂatus:
301 4771 374 4781 —
401 4739 700 4812 Reﬂaverit.
743 4734 988 4812 Emman.
1022 4734 1105 4812 _et_
1138 4735 1300 4792 Goth.
1347 4734 1686 4812 respirayerit.

81 4804 388 4884 Receptam
437 4804 717 4868 Ciceronis
763 4809 977 4884 codices
1022 4807 1239 4884 habent,
1289 4815 1344 4860 et
1368 4805 1485 4876 ipse
1538 4804 1688 4860 Lact.

81 4877 260 4952 infra,
287 4883 374 4955 qui
401 4884 624 4954 ﬂatus...
653 4892 700 4936 et
723 4882 808 4952 qui
834 4881 1066 4950 reﬂatus.
1100 4877 1380 4933 BUNEIAN.

162 4975 422 5030 Assensit:
464 4990 572 5030 esse
612 4974 922 5028 retinendos.
965 4970 1070 5026 Sed
1103 4969 1226 5024 vide
1267 4969 1447 5039 potius
1476 4965 1692 5024 Cicero-

82 5063 216 5104 nem
261 5046 434 5116 ipsum
476 5046 529 5100 in
568 5045 826 5100 librorum
871 5043 940 5098 de
977 5039 1183 5116 Officiis
1237 5039 1568 5116 praefatione,
1605 5039 1694 5093 ubi

85 5119 218 5174 huic
250 5109 538 5187 objecuoni
566 5117 842 5187 occurrit:
871 5113 1157 5169 occurritur
1179 5120 1350 5165 autem
1389 5109 1554 5176 nobis,
1583 5117 1690 5165 etc.

83 5205 257 5262 quam
291 5185 698 5262 reSjionsionem
731 5185 936 5262 videas.

164 5259 314 5316 Nam
357 5251 690 5313 simulacrum
719 5257 848 5328 ejus,
878 5265 980 5310 etc.
1021 5251 1157 5328 cum
1176 5251 1358 5328 copia;
1383 5265 1552 5328 cornu
1584 5251 1695 5305 Bu-

85 5333 252 5403 palus
276 5329 359 5403 (ut
385 5345 451 5403 es
476 5321 1188 5403 PausaniaVolaterr.cita_t)
1219 5322 1360 5392 apud
1389 5321 1698 5392 Smyrnrcos

83 5395 332 5458 Statuam
393 5401 630 5456 fortuna:
701 5399 858 5463 fecit,
893 5412 1014 5452 cum
1061 5395 1186 5466 polo
1225 5408 1386 5464 supra
1434 5403 1614 5466 caput,
1645 5403 1700 5448 et

76 5476 267 5531 altera
292 5487 454 5527 manu
475 5486 646 5526 cornu
670 5461 861 5538 capite.
885 5467 990 5524 Sed
1013 5461 1199 5523 Galeni
1223 5461 1435 5535 quoque
1463 5461 1698 5538 Fortuna

74 5544 524 5619 gubernaculum
550 5534 888 5619 inmanibus
915 5539 1094 5619 habet.
1127 5534 1390 5619 Czrterum
1423 5534 1697 5619 quod‘cte-

76 5604 174 5684 Ea,
205 5623 269 5672 et
290 5615 460 5688 globo
481 5611 982 5688 volubiliinsistens
1013 5609 1282 5688 purgatur,
1316 5616 1514 5688 praeter
1539 5604 1701 5688 (iule-

86 5675 249 5749 nuin.
273 5675 399 5741 vide
423 5685 639 5740 Cebetis
659 5684 916 5746 tabulam,
941 5689 997 5736 et
1016 5675 1230 5749 Pacuvii
1255 5675 1446 5731 versus
1477 5677 1528 5730 in
1561 5675 1702 5731 Rhe-

87 5747 266 5814 torica
299 5757 369 5810 ad
399 5756 623 5823 Herem,
652 5755 745 5810 lib.
777 5768 847 5819 ιι,
875 5767 996 5822 cap.
1028 5749 1097 5806 de
1128 5747 1331 5804 Vitiosa
1358 5756 1701 5818 argumenta-

84 5831 264 5889 tione.
300 5827 482 5884 ﬂaua.

1863 2641 1946 2718 Et
1982 2643 2344 2718 Immanarum,
2397 2654 2503 2718 etc.
2553 2643 2863 2718 Plin.,_lib.
2899 2661 2949 2710 _u
2978 2663 2995 2718 7:
3029 2645 3159 2702 Toto
3207 2646 3396 2718 quippe

1785 2713 1978 2768 mundo
2025 2725 2072 2768 et
2121 2715 2246 2770 locis
2287 2717 2542 2781 omnibus,
2591 2715 2923 2785 omnibusque
2964 2717 3125 2783 horis,
3165 2713 3394 2772 omnium

1784 2785 1995 2858 uocibus
2028 2789 2238 2858 fortuna
2285 2788 2398 2842 sola
2446 2787 2707 2852 laudatur,
2742 2789 2853 2858 sola
2888 2789 3146 2858 arguitur,
3185 2799 3235 2844 et
3279 2805 3395 2844 cum

1785 2856 2290 2930 conviciis'gcolitur;
2332 2859 2588 2924 volubilis,
2633 2875 2665 2912 a
2705 2856 2967 2930 plerisque
3005 2875 3122 2913 vero
3167 2871 3215 2914 et
3260 2876 3398 2915 eatea

1707 2941 1752 3006 ρ
1785 2929 1938 2982 etiam
1979 2928 2304 3006 existimata,
2352 2939 2399 3006 et
2442 2931 2498 3006 in
2525 2937 2648 3006 ~tota
2697 2928 2906 3006 ratione
2940 2931 3250 3006 mortalium
3285 2931 3399 3006 sola

1785 3008 2056 3069 utramque
2086 3001 2324 3069 paginam
2351 3001 2494 3070 facit.
2521 3000 2610 3057 Sic
2634 3011 2690 3056 et
2717 3001 2976 3057 Minucius
3003 3000 3183 3056 Felix:
3211 3001 3398 3058 Saluta
3458 3004 3468 3011 ’

1785 3070 1976 3140 legibus
2005 3071 2215 3140 fortuna
2243 3072 2560 3126 dominatur.

1867 3141 2132 3212 Virgilius.
2169 3143 2332 3212 Cujus
2363 3145 2477 3198 lucc
2502 3142 2667 3199 verba
2712 3151 2839 3199 sunt
2883 3143 2980 3198 lib.
3013 3159 3106 3199 vru
3149 3141 3396 3211 JEneid.,

1785 3229 1930 3270 vers.
1958 3215 2083 3270 554.
2120 3214 2322 3270 Encas
2349 3215 2622 3286 loquitur:

1879 3327 1960 3392 hie
1988 3326 2181 3390 pulsum
2203 3329 2379 3392 patria,
2401 3327 2669 3392 pelagique
2686 3333 2914 3392 extrema
2937 3336 3254 3392 sequentem,

1880 3389 2095 3453 Fortuna
2117 3389 2432 3453 omnipotens
2451 3397 2504 3441 et
2525 3389 2848 3441 ineluctabile
2871 3389 3026 3441 fatum

1879 3452 1969 3502 His
1991 3465 2208 3516 posuere
2227 3452 2370 3512 lucis,
2399 3461 2497 3504 etc.

1785 3557 1964 3626 Atque
2005 3556 2074 3610 ibi
2119 3555 2338 3611 Servius
2368 3557 2443 3610 ait
2473 3567 2686 3624 poetam
2727 3557 3028 3612 secundum
3061 3556 3276 3612 Stoicos
3317 3557 3400 3612 lo-

1787 3636 1969 3681 cntum
1997 3641 2138 3688 esse,
2172 3627 2260 3695 qui
2295 3627 2438 3680 nasci
2468 3636 2522 3680 et
2549 3629 2684 3681 mori
2719 3628 2840 3682 fatis
2867 3629 3029 3690 dant,
3066 3629 3241 3682 media
3273 3643 3396 3682 om-

1789 3699 1875 3752 nia
1923 3697 2188 3782 fortuutn,
2233 3713 2301 3752 eo
2354 3697 2496 3768 quod
2546 3699 2668 3752 vita:
2719 3700 2967 3752 humana:
3020 3698 3226 3752 incerta
3271 3707 3402 3753 sunt

1789 3783 1995 3824 omnia.

1867 3838 1933 3894 Et
1969 3841 2260 3902 historicus.
2301 3849 2406 3895 etc.
2461 3839 2788 3896 Sallustius:
2821 3838 3036 3894 locutus
3065 3845 3150 3891 est
3187 3836 3239 3891 in
3265 3851 3400 3907 pro-

1789 3912 1912 3980 logo
1941 3911 2264 3966 Catilinurizu
2312 3913 2570 3967 historiae.
2620 3911 2854 3966 Possunt
2900 3908 3124 3978 plurima
3159 3907 3212 3962 in
3261 3908 3398 3980 hanc

1790 3979 2112 4040 sententiam
2142 3981 2443 4038 testimonia
2472 3997 2535 4038 ex
2569 3981 2774 4038 Graecis
2811 3980 3126 4050 Latinisque
3170 3979 3402 4050 scripto-

1793 4057 1942 4110 ribus
1967 4055 2167 4126 colligi.
2201 4055 2306 4110 Sed
2340 4055 2442 4109 hoc
2483 4053 2707 4109 instituti
2751 4052 2918 4108 nostri
2967 4047 3072 4106 non
3104 4059 3208 4106 est.
3241 4047 3318 4104 Ita
3345 4059 3402 4107 et

1791 4127 1946 4198 Plato
1968 4127 2019 4181 in
2052 4141 2104 4180 tv
2134 4127 2200 4180 de
2231 4127 2484 4198 Legibus.

1872 4197 1988 4265 Vel,
2019 4199 2062 4252 si
2095 4191 2449 4252 tuntumfAlii
2479 4195 2616 4252 duas
2643 4193 2888 4250 fortunas
2919 4191 3141 4260 faciunt,
3177 4193 3398 4265 bonam,

1795 4271 2117 4340 malamque.
2161 4269 2232 4324 At
2272 4269 2516 4324 diversas
2547 4268 2792 4322 fortunas
2811 4280 2950 4340 csse
2997 4279 3176 4340 posse,
3211 4264 3404 4340 validis

1793 4333 2123 4413 argumentis
2169 4341 2366 4396 refellit
2413 4340 2780 4410 Augustinus,
2811 4337 2906 4391 lib.
2955 4333 3008 4390 tv
3053 4333 3220 4390 Civil.
3266 4337 3395 4401 Dei,

1793 4428 1844 4467 c.
1886 4413 1975 4468 18.

1865 4483 1890 4537 Ι
1902 4483 2027 4538 llam
2057 4485 2228 4556 generi
2258 4483 2534 4556 hominum
2575 4478 2880 4556 venatricem
2919 4475 3256 4556 constituerit.
3279 4474 3398 4556 _Si_c

1793 4557 2008 4626 reposui
2051 4545 2118 4626 ex
2159 4553 2378 4625 optimis
2405 4563 2460 4607 et
2499 4552 2751 4626 omnibus
2790 4548 2903 4602 fere
2931 4545 3160 4626 mss._lp
3184 4547 3404 4616 scriptis

1793 4615 1916 4682 Em.
1949 4636 2004 4682 et
2031 4629 2058 4683 1
2091 4615 2326 4682 Clarum.
2357 4633 2462 4689 est,
2491 4621 2664 4693 generi
2693 4617 3038 4693 liumano;_in
3065 4617 3091 4693 1
3121 4615 3398 4693 Beg._rec.

1793 4709 1849 4754 et
1895 4701 2105 4755 cunctis
2143 4697 2326 4761 editis,
2374 4686 2580 4766 generis
2623 4690 2910 4766 hominum.
2959 4686 3212 4766 At-iul'ra
3258 4686 3402 4742 idem

1793 4770 2108 4826 Lactantius
2149 4756 2322 4824 simili
2355 4756 2522 4820 utitur
2569 4763 2840 4818 locutione
2861 4801 2878 4826 ,
2919 4773 2970 4814 c.
3001 4759 3108 4816 50:
3144 4756 3261 4813 Una
3289 4773 3405 4828 spes

1795 4841 2273 4912 homini....positaf
2295 4848 2391 4901 est;
2413 4846 2467 4892 et
2495 4850 2640 4912 mox,
2684 4831 2972 4912 hominibus
3014 4840 3130 4912 tam
3171 4831 3401 4912 inimica.

1795 4943 1872 4956 —-
1892 4899 2114 4970 Generis
2138 4899 2400 4966 hominum
2429 4905 2761 4962 venatricem.
2791 4903 2982 4970 60th.,
3014 4901 3270 4956 Reimm.:
3301 4899 3402 4956 Ge-

1795 4987 1906 5040 neri
1935 4985 2220 5047 hominum,
2255 4988 2504 5048 respectu
2535 4975 2716 5042 verbi,
2747 4974 3102 5048 constituerit;
3131 4971 3404 5042 genitivus

1797 5057 1997 5126 pendet
2025 5072 2054 5110 a
2081 5046 2404 5126 venatricem.
2437 5048 2506 5107 Ut
2545 5048 2640 5104 lib.
2681 5063 2744 5116 ιι,
2777 5061 2824 5102 c.
2865 5046 2954 5113 15,
2988 5046 3104 5099 lin.:
3139 5055 3404 5099 vexatores

1798 5125 2084 5182 hominum.
2125 5125 2262 5180 Buri.

1877 5221 2240 5288 Obscuretque.
2272 5215 2414 5286 Lege
2443 5214 2756 5269 obscuratae.

1882 5309 2186 5366 Hominibus
2207 5307 2484 5362 inimica...
2513 5313 2568 5360 et
2590 5317 2736 5367 mox,
2765 5300 3004 5356 inimicus
3026 5298 3188 5352 bonis.
3220 5295 3406 5350 Inimi-

1799 5401 1890 5442 cus
1925 5398 2046 5438 cum
2095 5382 2254 5438 tertio
2297 5393 2425 5435 casu
2473 5378 2633 5432 etiam
2679 5374 2773 5429 lib.
2817 5388 2891 5438 vr,
2931 5386 2982 5428 c.
3012 5369 3105 5434 20,
3137 5367 3398 5437 Epitom.,

1801 5475 1853 5514 c.
1881 5456 1972 5516 71,
2000 5455 2093 5509 lib.
2119 5454 2186 5508 de
2215 5452 2296 5507 lra
2327 5449 2442 5514 Dei,
2467 5461 2536 5522 c.‘
2561 5446 2648 5501 19.
2825 5513 2876 5522 Α.
3062 5509 3117 5522 Μ

1874 5507 2203 5598 iniquitatem
2249 5507 2473 5594 fortuna:
2519 5518 2763 5598 lacerant.
2820 5513 3028 5592 Cic..xl
3062 5507 3404 5598 Philippglz

1803 5601 1934 5657 Cum
1961 5582 2229 5652 uerborum
2249 5582 2261 5594 ’
2283 5589 2606 5648 contumeliis
2653 5582 3085 5658 optiutumuirum
3113 5582 3403 5658 lacerasset.

1809 5652 1928 5728 Val.
1974 5669 2140 5734 Max.,
2183 5666 2274 5720 lib.
2305 5680 2381 5728 ιν,
2423 5679 2484 5734 c.
2517 5662 2572 5726 4,
2613 5652 2776 5734 extr.:
2819 5653 3072 5734 Quid"...
3099 5652 3406 5734 fortunam,

1805 5723 1951 5813 quasi
1976 5723 2303 5813 prwcipuuut
2317 5723 2512 5813 generis
2539 5723 2751 5785 humani
2780 5725 2972 5780 malum
2998 5723 3261 5776 diuturnis
3286 5735 3410 5775 con-

1805 5807 1948 5870 uiciis
1979 5807 2305 5866 lacernatus?
2333 5807 2466 5863 Bua.
