3770 6264
426 301 534 363 443

1528 310 1716 370 rma.
1758 311 2125 375 LACTANTII
2166 315 2371 376 DlVlN.
2414 314 2661 377 utam.
3553 342 3612 404 ω

427 422 656 481 fortunre
684 424 939 493 lacerant,
963 438 1021 482 se
1039 440 1269 499 suasque
1295 426 1520 485 virtutes
1540 436 1727 485 contra
1749 428 2019 487 fortunam
2050 436 2096 497 Λ
2124 434 2392 505 ignoratio
2423 446 2602 489 rerum
2630 440 2791 506 atque
2816 444 3119 503 causarum,
3148 434 3353 496 Natura:
3376 456 3429 499 ac
3446 446 3613 515 Fortune

428 519 811 589 superbissime
831 517 1209 589 jactant,nibil
1235 521 1379 578 aliud
1423 528 1569 589 sunt,
1611 534 1769 594 quam
1826 522 2023 581 delira-

427 622 607 668 menta
634 608 1041 668 inconsideratae
1065 614 1315 670 levitatis.

500 703 679 771 Quare
709 717 812 758 non
846 704 1126 760 invideant
1178 706 1333 761 nobis
1362 707 1557 775 quibus
1582 709 1789 779 aperuit
1822 707 2020 783 vegita-

427 803 532 852 tem
562 796 703 849 Deus
729 812 742 849 :
773 796 860 866 qui
884 799 1023 852 sicut
1049 796 1271 865 scimus,
1305 798 1442 854 nihil
1469 814 1592 855 esse
1616 800 1923 867 fortunam;
1949 802 2022 857 ita

422 889 623 942 scimus
664 900 787 943 esse
831 903 1054 959 pravum
1104 904 1168 947 ac
1209 891 1497 947 subdolum
1530 892 1802 963 spiritum,
1834 895 1923 964 qui
1953 894 2021 948 sit

420 980 673 1037 inimicus
701 981 877 1049 bonis,
924 984 1200 1055 hostisque
1236 985 1491 1054 justitize;
1529 987 1618 1055 qui
1646 987 1917 1041 contraria
1946 986 2024 1042 fa-

422 1076 549 1142 ciat,
576 1091 735 1147 quam
778 1077 941 1145 Deus,
984 1080 1139 1148 cujus
1181 1080 1396 1135 invidiae
1422 1095 1639 1136 causam
1684 1083 1735 1135 in
1784 1080 2023 1136 secundo

422 1168 561 1224 libro
583 1167 735 1241 (Cap.
764 1170 856 1239 15)
884 1171 1298 1239 explicavimus.
1327 1172 1424 1227 llic
1445 1187 1575 1243 ergo
1601 1173 1883 1227 insidiatur
1904 1173 2024 1227 uni-

420 1262 633 1325 versis;
666 1260 761 1315 sed
794 1274 908 1328 eos,
937 1263 1026 1330 qui
1063 1263 1311 1318 nesciunt
1344 1265 1531 1331 Deum,
1562 1277 1746 1319 errore
1777 1263 2018 1336 impedit,

420 1356 644 1414 stultitia
674 1356 875 1421 obruit,
910 1357 1145 1413 tenebris
1174 1359 1576 1425 circumfundit,
1612 1375 1677 1414 ne
1706 1361 1825 1431 quis
1856 1358 2023 1429 possit

420 1448 487 1505 ad
520 1448 687 1503 divini
733 1450 965 1505 nominis
1003 1452 1291 1520 pervenire
1312 1452 1587 1519 notitiam,
1613 1453 1664 1506 in
1694 1467 1801 1522 quo
1836 1467 1942 1507 uno
1969 1458 2023 1508 et

420 1543 684 1613 sapientia
732 1542 1062 1609 continetur,
1112 1555 1166 1599 et
1204 1545 1311 1599 vita
1362 1554 1640 1615 perpetua.
1674 1544 1780 1599 Eos
1815 1553 2019 1609 autem,

419 1637 509 1708 qui
539 1637 707 1691 Deum
737 1636 939 1704 sciunt,
968 1636 1109 1692 dolis
1136 1644 1192 1693 et
1217 1643 1334 1693 astu
1362 1637 1688 1709 aggreditur,
1723 1644 1780 1691 ut
1810 1636 2020 1706 cupidi-

420 1734 534 1785 tate
562 1742 626 1784 ac
651 1726 874 1785 libidine
902 1729 1131 1797 irretiat,
1154 1744 1217 1785 ac
1242 1731 1480 1800 peccatis
1505 1728 1903 1786 blandientibus
1928 1728 2022 1784 de-

419 1831 673 1894 pravatos
704 1823 945 1893 impellat
974 1824 1041 1878 ad
1073 1833 1340 1890 mortem;
1373 1823 1481 1889 vel,
1509 1823 1554 1877 si
1584 1822 1709 1878 dolo
1738 1823 1867 1878 nihil
1900 1839 2021 1892 pro-
2051 1831 2098 1892 Β

418 1913 632 1980 fecerit,
661 1914 711 1968 vi
735 1925 788 1970 et
824 1915 1081 1969 violentia
1104 1915 1339 1985 dejicere
1364 1926 1609 1971 conatur.
1638 1915 1845 1971 Idcirco
1874 1917 2017 1971 enim

419 2006 477 2062 in
517 2002 824 2076 primordiis
855 2008 1301 2078 transgressionis
1331 2023 1435 2063 non
1476 2008 1656 2062 statim
1698 2008 1766 2063 ad
1805 2023 2017 2079 ptenam

419 2100 674 2156 detrusus
701 2115 731 2154 a
762 2102 871 2155 Deo
897 2109 997 2166 est,
1027 2109 1083 2155 ut
1105 2100 1376 2155 hominem
1409 2101 1613 2156 malitia
1640 2117 1738 2156 sua
1769 2109 2021 2157 exerceat

419 2194 487 2249 ad
514 2195 768 2249 virtutem
799 2209 813 2246 :
842 2210 962 2265 qua:
1000 2194 1107 2250 nisi
1143 2195 1395 2265 agitetur,
1417 2196 1470 2249 ni
1494 2194 1709 2249 assidua
1731 2198 2021 2251 vexatione

419 2287 727 2352 roboretur,
760 2303 866 2343 non
896 2296 1076 2358 potest
1109 2303 1231 2344 esse
1261 2288 1527 2359 perfecta;
1558 2288 1823 2360 siquidem
1852 2290 2022 2345 virtus

419 2390 500 2438 est
533 2381 980 2451 perferendarum
1011 2382 1273 2437 malorum
1304 2383 1459 2437 fortis
1488 2398 1552 2438 ac
1576 2383 1773 2438 invicta
1809 2384 2020 2455 patien-

418 2476 512 2530 tia.
544 2474 624 2530 Ex
654 2490 763 2546 quo
789 2475 866 2542 ﬁt,
896 2486 953 2531 ut
982 2477 1153 2531 virtus
1184 2478 1329 2532 nulla
1357 2477 1447 2545 sit,
1478 2478 1524 2533 si
1550 2479 1897 2535 adversarius
1923 2480 2023 2536 de-

417 2567 507 2623 sit.
541 2568 714 2638 Hujus
745 2570 925 2640 itaque
954 2586 1223 2641 perversa:
1252 2574 1537 2643 potestatis
1562 2588 1683 2628 cum
1712 2572 1820 2628 vim
1850 2575 2021 2630 senti-

416 2666 539 2714 rent
569 2655 750 2715 virtuti
779 2670 1189 2731 repugnantem,
1220 2678 1526 2735 nomenque
1554 2663 1888 2735 ignorarent,
1915 2664 2024 2722 for-

419 2758 564 2806 tuna:
594 2750 917 2808 vocabulum
961 2753 1065 2808 sibi
1115 2755 1275 2810 inane
1325 2754 1617 2811 tinxerunt.
1659 2756 1811 2824 Quod
1858 2772 2021 2828 quam

419 2848 582 2919 longe
609 2865 638 2905 a
660 2851 923 2922 sapientia
954 2852 1025 2909 sit
1050 2863 1341 2923 remotum,
1371 2856 1614 2912 declarat
1636 2855 1911 2914 Iuvenalis
1938 2857 2023 2916 bis

417 2940 664 2997 versibus
688 2959 702 2997 :

541 3055 736 3125 gallum
754 3071 934 3125 nume_n
953 3060 1112 3120 abest,
1140 3063 1179 3110 si
1205 3064 1271 3111 sit
1296 3062 1555 3125 prudentia
1584 3062 1705 3112 :sed
1727 3075 1815 3112 nos

542 3118 617 3169 'l'e
640 3118 862 3186 facimus,
888 3118 1123 3185 Fortuna,
1143 3118 1309 3188 deam,
1333 3126 1563 3189 caeloque
1588 3125 1821 3176 locamus.

417 3247 650 3305 Stultitia
685 3250 863 3322 igitur,
892 3261 947 3308 et
976 3268 1150 3320 error,
1174 3264 1228 3309 et
1248 3253 1484 3323 caecitas,
1517 3261 1594 3320 et,
1623 3262 1681 3309 ut
1711 3254 1900 3310 Cicero
1923 3254 2020 3321 ait,

2126 527 2341 583 nomina
2373 527 2600 584 induxit.
2634 527 2739 586 Sed
2768 537 2824 584 ut
2851 530 3217 588 adversarium
3248 546 3390 591 suum
3419 546 3610 607 nescium;

2124 619 2203 674 sic
2242 630 2342 675 nec
2383 620 2635 675 virtutem
2684 618 2899 691 quidem
2945 620 3141 685 sciunt.
3189 625 3336 695 cujus
3377 631 3549 692 scientia
3579 646 3613 699 ab

2123 712 2415 769 adversarii
2435 714 2653 771 notione
2668 715 2970 771 descendit.
2991 715 3122 785 Quae
3136 719 3181 773 si
3199 720 3458 791 conjuncta
3472 743 3532 786 ρει
3542 748 3611 793 cum

2124 807 2407 879 sapientia,
2437 808 2541 876 vel,
2568 818 2625 862 ut
2648 809 2746 880 ipsi
2772 807 2976 877 dicunt,
2995 811 3181 867 eadem
3207 813 3317 883 ipsa
3334 818 3611 895 sapientiam,

2126 900 2375 972 ignorent
2404 918 2628 958 necesse
2656 912 2738 957 est
2779 904 2829 957 in
2871 903 3067 975 quibus
3108 904 3271 961 rebus
3298 907 3390 961 sila
3416 911 3487 966 sit.
3511 913 3613 976 Nemo

2125 994 2265 1050 enim
2315 1003 2491 1065 potest
2532 995 2674 1050 veris
2720 997 2884 1051 armis
2924 995 3152 1064 instrui,
3188 998 3231 1053 si
3280 999 3463 1057 hostem
3497 1023 3613 1067 contra

2124 1100 2283 1158 quem
2333 1087 2493 1142 fuerit
2538 1088 2859 1155 armandus,
2910 1090 3152 1161 ignorat;
3207 1106 3305 1146 nec
3347 1093 3612 1157 adversarium

2123 1181 2378 1245 vincere,
2409 1182 2498 1252 qui
2544 1182 2594 1236 in
2636 1181 2943 1237 dimicando
2989 1199 3092 1237 non
3142 1182 3345 1239 hostem
3382 1203 3543 1256 verum,
3562 1196 3614 1250 sed

2125 1275 2367 1331 umbram
2401 1275 2548 1345 petit.
2581 1274 2963 1332 Prosternetur
2993 1277 3138 1332 enim
3164 1320 3178 1342 ,
3209 1280 3296 1349 qui
3321 1281 3417 1334 alio
3443 1282 3613 1355 intentus,

2124 1369 2427 1423 venientem
2455 1366 2705 1424 vitalibus
2736 1371 2848 1425 suis
2892 1371 3053 1425 ictum
3096 1387 3197 1427 nec
3240 1373 3509 1443 prazviderit
3528 1393 3612 1448 ante,

2124 1477 2225 1518 nec
2252 1458 2475 1517 caverit.

2706 1572 2934 1632 CAPUT
2976 1574 3149 1631 XXX.

2126 1693 2377 1766 Epilogus
2399 1701 2518 1747 ante
2539 1692 2829 1757 dictorum;
2858 1701 2905 1746 et
2921 1707 3026 1762 qua
3053 1691 3253 1745 ratione
3270 1691 3332 1746 sit
3355 1700 3616 1755 transeuntis

2194 1804 2229 1841 α
2273 1788 2493 1841 vanitate
2562 1784 2987 1855 philosophorum
3051 1784 3122 1837 ad
3185 1784 3468 1853 sapientiam
3514 1804 3616 1846 tam

2198 1889 2245 1934 et
2274 1881 2376 1933 seri
2421 1877 2519 1933 Dei
2561 1878 2927 1949 cognitionem,
2959 1878 3012 1932 in
3060 1893 3165 1949 quo
3209 1876 3317 1932 solo
3357 1878 3491 1936 virtus
3521 1895 3617 1939 estet

2199 1971 2473 2027 beatitudo.

2197 2138 2386 2206 Docui,
2418 2147 2679 2209 quantum
2721 2152 2839 2194 mea
2877 2136 3231 2194 mediocritas
3258 2136 3403 2203 tulit,
3428 2132 3548 2209 longe
3563 2142 3616 2197 de-

2122 2229 2269 2287 vium
2305 2229 2657 2301 philosophos
2689 2231 2792 2286 iter
2816 2245 2848 2285 a
2877 2234 3106 2286 veritate
3139 2230 3388 2284 tenuisse.
3412 2230 3553 2286 Sentio
3571 2244 3615 2288 ta-

2124 2338 2273 2388 men,
2319 2336 2477 2392 quatn
2523 2322 2689 2377 multa
2727 2321 3103 2391 prmterierim,
3144 2322 3266 2391 quia
3295 2337 3393 2378 non
3429 2332 3519 2379 erat
3544 2326 3617 2381 mihi

2126 2415 2339 2488 proiiria
2380 2426 2566 2471 contra
2607 2416 2960 2487 philosophos
2990 2416 3303 2486 disputatio.
3346 2415 3440 2472 Sed
3477 2417 3617 2473 hacne

2126 2507 2363 2564 cessario
2388 2506 2762 2563 divertendum
2789 2506 2919 2576 fuit,
2946 2517 3003 2562 ut
3024 2507 3385 2575 ostenderem,
3406 2518 3467 2563 tot
3483 2520 3524 2563 et
3535 2520 3617 2565 tanta

2125 2600 2341 2673 ingenia
2369 2602 2424 2657 in
2451 2601 2615 2657 rebus
2643 2601 2792 2658 falsis
2817 2616 2939 2659 esse
2964 2611 3321 2672 consumpta;
3348 2617 3410 2657 ne
3432 2602 3524 2672 quis
3539 2602 3619 2658 torte

2124 2708 2156 2749 a
2188 2694 2366 2763 pravis
2406 2694 2756 2765 religionibus
2794 2694 3077 2763 exclusus,
3127 2693 3197 2749 ad
3240 2707 3332 2750 eos
3369 2708 3423 2749 se
3456 2695 3617 2751 conferre

2123 2784 2309 2853 vellet,
2343 2793 2613 2857 tamquam
2642 2787 2774 2842 certi
2804 2784 3005 2857 aliquid
3047 2793 3377 2857 reperturus.
3405 2785 3498 2842 Utta
3522 2786 3616 2857 igitur

2123 2892 2249 2947 spes
2278 2876 2505 2944 homini,
2530 2894 2636 2933 una
2660 2877 2807 2933 salus
2835 2879 2890 2933 in
2916 2878 3018 2934 hac
3039 2878 3316 2945 doctrina,
3344 2894 3481 2949 quam
3502 2877 3615 2933 deleo

2124 2970 2321 3039 dimus,
2354 2973 2526 3042 posita
2552 2981 2655 3028 est.
2688 2970 2876 3027 Omnis
2913 2973 3185 3043 sapientia
3238 2972 3453 3027 hominis
3492 2973 3529 3027 in
3557 2972 3615 3025 hoc

2126 3082 2233 3123 uno
2261 3076 2362 3133 est,
2393 3078 2451 3122 ut
2495 3067 2662 3121 Deum
2707 3077 2999 3138 cognoscat
3038 3077 3092 3123 et
3132 3068 3311 3122 colat:
3343 3067 3433 3122 hoc
3455 3078 3613 3121 nostrum

2125 3158 2339 3231 dogma,
2383 3158 2498 3213 haec
2531 3160 2796 3214 sententia
2827 3169 2930 3215 est.
2961 3158 3176 3229 Quanta
3218 3159 3387 3229 itaque
3418 3174 3521 3213 voce
3548 3172 3619 3226 pos-

2125 3268 2266 3317 sum,
2298 3253 2578 3319 testilicor,
2601 3252 2902 3324 proclamo,
2924 3252 3211 3309 denuntio.
3228 3252 3345 3320 llic,
3362 3252 3439 3309 hic
3450 3250 3616 3313 cstillud.

1752 3368 2118 3427 VARIURUM
2157 3366 2384 3424 NOTAE.

490 3482 562 3539 Se
585 3501 799 3556 suasque
822 3486 1051 3548 virtutes,
1074 3493 1178 3540 etc.
1205 3485 1279 3539 lla
1307 3478 1486 3539 scribo
1512 3499 1641 3556 cunt
1663 3500 1791 3540 mss.
1820 3485 2011 3554 Regio-
2040 3484 2086 3548 C
2118 3498 2259 3556 Laio.
2292 3481 2424 3537 Vide
2447 3482 2639 3556 Isaiam
2668 3483 2724 3556 si
2744 3482 2909 3537 lubet.

416 3553 563 3621 Put.,
586 3556 622 3609 2
651 3553 914 3619 Colbert.,
948 3557 982 3609 2
1006 3556 1266 3619 Clarom.,
1299 3557 1454 3611 Cant.
1488 3568 1542 3611 et
1583 3555 1742 3611 editis
1767 3572 1882 3612 sex.
1907 3553 2013 3610 Alii

419 3638 526 3681 tres
545 3628 741 3697 vulgati
771 3628 990 3690 habent,
1011 3636 1057 3679 et
1083 3643 1136 3699 se
1156 3643 1374 3697 suosque
1399 3629 1624 3683 virtutes.
1657 3629 1713 3683 lu
1742 3630 1776 3684 8
1801 3628 2017 3699 scriptis

419 3699 748 3767 totidemque
778 3698 1053 3765 impressis
1079 3698 1230 3752 deest
1250 3710 1296 3752 et
1319 3716 1391 3753 se.

488 3768 759 3824 Contraria
803 3770 981 3839 faciat,
1023 3786 1178 3837 quam
1220 3770 1373 3825 Deus.
1415 3770 1526 3839 Ego
1566 3772 1671 3827 tale
1704 3769 2013 3841 exemplum

416 3840 747 3910 deprehendi
776 3841 892 3894 sine
932 3841 1035 3895 ulla
1069 3855 1198 3895 mss.
1231 3842 1528 3897 variatione
1554 3842 1604 3895 in
1636 3840 1914 3911 AuguStini
1948 3842 2016 3897 de

415 3911 574 3986 Civil.
639 3912 727 3964 llei
754 3952 768 3973 ,
802 3912 919 3986 Alib.
981 3926 1097 3978 vm,
1142 3928 1191 3966 c.
1214 3912 1328 3986 24:
1362 3913 1468 3978 Qui
1502 3912 1690 3986 (Deus)
1727 3913 2013 3986 [Mecon-

417 3984 599 4038 trariis
642 3983 856 4043 caussis,
890 3996 1049 4051 quam
1101 3985 1334 4037 instituta
1380 3983 1520 4051 sunt,
1566 3983 1794 4037 abstulit.
1830 3984 2016 4038 Melius

416 4064 595 4108 tamen
641 4063 823 4108 ttttsiel‘
850 4052 1153 4110 Firtnianus
1193 4054 1261 4110 de
1309 4055 1413 4121 Ira,
1446 4071 1496 4110 c.
1524 4056 1599 4111 ὃς
1635 4054 1736 4119 Qui
1761 4057 2019 4109 contraria

417 4123 529 4178 Deo
554 4125 728 4190 faciat.
766 4124 899 4180 BUN.

491 4194 594 4247 Hic
619 4213 737 4266 ergo
763 4197 1038 4250 insidiatur
1065 4198 1331 4251 universis.
1356 4197 1446 4252 Sic
1473 4211 1663 4251 omnes
1682 4211 1812 4251 mss.
1834 4206 1887 4253 et
1908 4196 2020 4267 ple-

415 4267 570 4336 rique
596 4268 759 4334 editl;
793 4270 844 4320 in
875 4269 1103 4336 vulgatis
1134 4270 1405 4323 nonnullis
1432 4280 1512 4323 est
1542 4267 1661 4323 His.

489 4337 884 4410 Circumfundit.
910 4339 984 4393 lta
1005 4340 1301 4407 repositum
1324 4355 1389 4395 ex
1420 4356 1548 4394 mss.
1578 4351 1628 4395 et
1652 4349 1884 4410 quatuor
1908 4340 2012 4395 edi-

416 4409 507 4476 tis;
527 4413 576 4464 itt
600 4409 809 4466 meti-ris
827 4422 909 4465 est
930 4412 1279 4480 circumfudit,
1307 4412 1465 4466 male.
1490 4411 1620 4467 Vide
1637 4409 2014 4480 lit‘wccdetttia.

490 4481 639 4537 Dolis
667 4492 714 4537 et
740 4492 875 4537 astu.
911 4482 1138 4553 llestitui
1167 4499 1230 4537 ex
1263 4483 1329 4538 16
1356 4496 1485 4537 mas.
1511 4485 1817 4538 veterrimis
1843 4493 1897 4538 et
1923 4498 2020 4553 op-

417 4554 563 4609 timis
594 4569 656 4609 ac
682 4554 811 4608 edit.
849 4553 917 4608 Is.
950 4552 1007 4607 In
1041 4548 1108 4606 te
1138 4555 1351 4625 scriptis
1380 4568 1489 4611 rec.
1522 4562 1575 4611 et
1616 4556 1893 4626 impressis
1937 4548 2019 4610 est

418 4627 551 4680 dolis
574 4637 619 4679 et
642 4628 847 4679 astutia.

486 4696 569 4768 Ac
609 4698 826 4766 peccatis
870 4695 1260 4751 blandientibus.
1307 4696 1396 4753 Sic
1436 4694 1652 4768 reposui
1691 4714 1757 4752 ex
1788 4697 1945 4752 editis
1988 4696 2021 4751 3

416 4776 526 4821 vel.
559 4767 834 4828 Bottianis,
869 4768 933 4822 Is.
964 4777 1015 4822 et
1040 4768 1232 4822 Gellar.
1265 4784 1362 4825 nec
1387 4767 1580 4825 nouex
1604 4770 1855 4825 omnibus
1884 4782 2012 4823 mss.

415 4846 615 4910 printer
640 4836 800 4893 Cauc.
827 4848 880 4892 et
914 4839 935 4893 1
968 4839 1096 4910 Reg.
1122 4856 1230 4895 rec.
1266 4843 1316 4895 itt
1348 4843 1563 4910 quibus,
1596 4850 1652 4896 ut
1678 4848 1733 4894 et
1755 4840 1807 4894 iu
1836 4841 2020 4910 vulga-

416 4908 486 4962 tis
502 4910 767 4980 undecim
798 4921 879 4964 est
907 4908 1098 4980 peccati
1130 4908 1524 4967 blandantenris.

499 4979 561 5106 ἔξ
592 4992 643 5106 fit
674 4982 932 5066 ttiolentia.
975 4982 1148 5039 Voces
1186 4985 1235 5038 vi
1262 4994 1313 5040 ct
1343 4986 1539 5040 absunt
1566 4996 1596 5035 a
1641 4981 1711 5036 15
1742 4994 1871 5037 mss.
1906 4996 2015 5037 rec.

560 5068 590 5106 e
633 5065 738 5106 IIIS.

417 5061 471 5110 et
500 5054 533 5106 8
560 5054 738 5108 editis.

492 5123 616 5178 Non
649 5126 819 5179 statim
864 5126 931 5178 ad
979 5142 1199 5194 pwnam.
1228 5127 1286 5180 In
1329 5123 1517 5180 eadem
1563 5124 1829 5178 sententia
1872 5125 2020 5180 fuere

417 5197 660 5250 nonnulli
681 5197 1024 5268 antiquiores
1066 5198 1249 5253 Patres
1270 5234 1286 5260 ,
1320 5194 1717 5268 uixividelicet
1746 5194 1829 5249 his
1871 5197 2021 5250 testi-

418 5269 615 5323 moniis
646 5267 899 5337 Mattluui,
924 5283 971 5323 c.
1008 5285 1120 5331 vut,
1145 5286 1197 5322 ν.
1223 5269 1293 5322 ‘29
1320 5276 1372 5320 et
1400 5267 1490 5329 5i,
1516 5282 1578 5320 ac
1598 5270 1756 5336 epist.
1788 5283 1825 5321 ιι
1846 5268 2013 5337 Petr.,

418 5353 468 5393 c.
500 5356 562 5405 ll,
595 5354 647 5391 v.
696 5340 747 5404 4,
798 5336 854 5393 S.
905 5338 1149 5395 Justinus
1190 5337 1417 5408 Apolog.
1468 5352 1485 5390 ι
1532 5352 1628 5406 pro
1672 5337 2014 5404 christianis;

419 5409 478 5465 S.
530 5412 799 5473 lreuacus,
836 5410 927 5463 lib.
966 5426 995 5462 v
1024 5410 1236 5464 advers.
1290 5408 1521 5470 lla-res;
1560 5408 1919 5464 Tertullianus
1962 5410 2015 5465 in

419 5481 672 5549 Apolog,
700 5498 749 5537 c.
773 5482 875 5545 27;
908 5481 1168 5550 Origenes
1202 5482 1251 5532 iu
1280 5495 1405 5550 cap.
1438 5496 1550 5534 χχιι
1574 5479 1789 5535 Numer.
1816 5480 2011 5537 llomil.

419 5553 524 5616 15;
558 5548 619 5608 εξ
646 5548 1130 5622 Augustinus,'lib.
1175 5566 1211 5604 ιι
1258 5548 1325 5622 de
1360 5548 1566 5622 Genesi
1616 5561 1803 5608 contra
1848 5552 2019 5607 Mani-

418 5624 619 5690 claros,
651 5640 699 5679 c.
733 5621 819 5683 17,
847 5621 975 5674 citat
1007 5621 1132 5676 illud
1164 5621 1364 5678 Christi
1392 5621 1604 5689 Matth.,
1636 5639 1685 5678 c.
1721 5641 1862 5689 xxv;
1897 5622 2018 5679 Dis-

417 5696 580 5750 cedite
608 5713 637 5747 a
664 5712 762 5760 me,
797 5691 1075 5765 maledicti,
1106 5695 1159 5747 in
1190 5695 1355 5765 ignem
1395 5705 1660 5760 (etet-num,
1690 5698 1779 5765 qui
1808 5706 2017 5762 paratus

419 5780 491 5821 est
513 5767 793 5838 diabolo}!
825 5763 1019 5838 angelis
1047 5766 1174 5838 ejus.
1205 5763 1413 5822 Clarius
1435 5766 1618 5838 adhuc
1638 5763 2014 5838 testimonium

416 5838 541 5903 Vide
570 5840 620 5897 in
652 5836 693 5905 ll
724 5833 870 5913 Petri
894 5833 1141 5917 Epistdb,
1169 5854 1217 5896 c.
1251 5854 1310 5913 tt,
1339 5855 1393 5896 v.
1417 5837 1472 5913 ι,
1492 5834 1694 5899 Partim
1723 5853 1803 5903 ex.
1839 5835 2015 5897 Βετο-

2189 3553 2275 3611 Ea:
2301 3570 2400 3624 quo
2433 3555 2511 3621 ﬁt,
2544 3567 2647 3610 etc.
2684 3553 2838 3609 Falsa
2874 3556 2988 3610 haec
3017 3552 3282 3609 Lactantii
3309 3562 3387 3610 est
3417 3552 3617 3608 sententia.

2118 3626 2299 3682 Virtus
2329 3626 2547 3695 quidem
2577 3637 2694 3682 est:
2725 3626 2821 3681 sed
2861 3627 2979 3682 sine
3021 3626 3363 3692 adversario,
3405 3626 3519 3681 vires
3545 3638 3617 3679 suis

2120 3715 2227 3754 non
2254 3699 2448 3752 exerit.

2192 3769 2410 3824 Nullum
2459 3783 2645 3823 numen
2687 3767 2844 3823 abest.
2892 3768 2984 3824 Sic
3026 3768 3275 3839 profecto
3319 3766 3551 3839 legendum
3582 3779 3618 3819 et

2118 3856 2250 3896 mss.
2286 3842 2492 3895 Bonan.
2538 3839 2574 3894 4
2621 3839 2756 3908 Reg.
2800 3838 3041 3910 aliisque
3064 3855 3214 3907 octo,
3243 3856 3303 3895 ac
3337 3840 3398 3895 12
3419 3838 3617 3898 editis,ut

2118 3912 2395 3969 Iuvenalis
2420 3912 2747 3985 respondeat
2790 3909 2975 3985 scopo.
3003 3912 3074 3985 _lu
3120 3912 3190 3968 19
3220 3927 3372 3985 manu
3400 3909 3618 3985 exaratiset

2119 3984 2153 4038 2
2184 3984 2461 4053 impressis
2488 3978 2639 4037 [tabes
2658 4023 2672 4048 ,
2706 3982 2863 4037 male.
2890 3978 2956 4038 Hi
2982 3983 3091 4038 duo
3120 3998 3307 4040 versus
3351 3983 3398 4038 iu
3435 3978 3617 4053 iuvenalis

2122 4055 2237 4112 Sat.
2265 4051 2335 4109 10
2379 4056 2522 4109 circa
2570 4054 2750 4109 linem.
2771 4083 2844 4093 —
2867 4054 3088 4110 Nullum
3135 4070 3318 4111 numen
3359 4055 3505 4107 habes.
3528 4051 3617 4107 llas.

2120 4126 2310 4192 Cauc.,
2360 4126 2556 4191 Palat.,
2601 4125 2751 4191 Juu.,
2783 4125 2931 4196 Lips.
2984 4129 3036 4192 1,
3078 4128 3330 4189 lieimm.,
3366 4120 3617 4196 Rosthen;

2122 4190 2441 4258 διιεωιιε,
2473 4190 2669 4250 Paris.:
2700 4190 2897 4252 nullum
2928 4190 3117 4254 numen
3147 4200 3318 4253 habes.
3353 4194 3533 4258 Ultraj.:
3552 4190 3620 4244 ssi-

2125 4269 2232 4324 lum
2278 4286 2459 4322 nomen
2497 4267 2651 4322 habes
2675 4313 2689 4333 ,
2721 4286 2840 4323 cum
2891 4268 3090 4325 Veneta
3136 4273 3304 4339 prima
3341 4269 3454 4324 478.
3480 4264 3621 4339 Variam
3690 4264 3691 4283 ἶ

2124 4356 2339 4411 quoque
2366 4339 2642 4395 iuvenalis
2673 4332 2832 4405 libri;
2861 4348 2917 4393 at
2947 4343 3110 4396 tuenti
3136 4332 3409 4396 'Lactantii
3443 4335 3557 4392 halm
3571 4332 3619 4384 hic

2126 4412 2551 4475 convenientius,
2585 4428 2745 4481 quam
2775 4412 3025 4478 aliorum,
3056 4411 3213 4466 abest.
3258 4412 3383 4467 Βυιι.

2195 4481 2391 4555 Cicero.
2423 4482 2593 4555 Quem
2623 4483 2745 4538 vide
2776 4484 2826 4538 in
2850 4499 2868 4537 ι
2893 4482 3063 4538 Acad.
3094 4492 3285 4555 quzest.
3316 4482 3397 4536 ubi
3420 4491 3561 4555 supra.

2195 4553 2385 4610 Annis.
2433 4546 2502 4608 lis
2545 4554 2771 4624 scilicet,
2815 4555 2882 4611 de
2921 4546 3125 4625 quibus
3153 4554 3348 4611 Paulus
3374 4551 3434 4606 ad
3473 4546 3617 4618 Epheso

2122 4639 2171 4681 c.
2202 4640 2280 4690 vn,
2313 4642 2361 4680 v.
2398 4626 2451 4680 ll
2490 4635 2546 4680 et
2574 4626 2660 4682 13.
2874 4642 2879 4647 ’

2203 4694 2471 4752 Vitalibus.
2520 4697 2619 4751 Hic
2658 4706 2739 4754 est
2785 4712 2883 4768 pro
2916 4696 3186 4768 intestinis
3225 4704 3279 4752 et
3308 4690 3620 4768 visceribus..—

2132 4768 2421 4825 Venientem
2450 4765 2802 4824 vitalibus....l
2825 4770 3001 4822 ictum.
3039 4767 3227 4824 Vitalia
3251 4775 3369 4824 sunt
3397 4765 3554 4817 viscera
3576 4769 3618 4807 In-

2122 4850 2293 4896 terna.
2330 4842 2534 4896 Seneca
2566 4857 2653 4910 cp.
2682 4842 2753 4897 99
2783 4858 2795 4894 :
2833 4842 3000 4907 Quam
3039 4842 3211 4895 multis
3239 4840 3405 4894 vitalia
3436 4838 3618 4910 crusti}!-

2120 4914 2391 4967 Amtuian.
2423 4907 2737 4978 Marcelliu.,
2763 4913 2859 4967 lib.
2892 4928 3002 4980 va,
3025 4927 3076 4967 c.
3104 4912 3208 4971 12;
3239 4911 3355 4965 Tela
3378 4919 3521 4962 eorum
3544 4907 3618 4952 υκα-

2118 4983 2250 5038 libus
2279 4985 2618 5054 immergebat.
2648 4985 2777 5040 BDN.
3130 5053 3135 5054 7
3206 5053 3212 5054 7
3295 5053 3298 5054 7
3375 5051 3388 5054 7
3485 5044 3516 5054 _
3568 5037 3588 5049 ..

2193 5056 2390 5111 Sentio.
2425 5044 2500 5109 lia
2539 5058 2744 5111 restitui
2774 5071 2842 5111 ex
2869 5053 3245 5109 vetustissimis
3273 5051 3463 5124 duobus

2117 5126 2155 5201 ἓ
2182 5126 2389 5201 Βοιιοιι.
2432 5129 2661 5197 aliisque
2692 5129 2763 5183 32
2789 5141 2920 5201 mss.
2954 5125 3200 5201 (ab_sque_
3228 5124 3291 5179 12
3328 5119 3618 5201 Vaticanislfc

2120 5199 2154 5253 5
2185 5209 2292 5251 vet.
2325 5186 2587 5253 Romanis
2623 5201 2848 5266 aliisque
2893 5200 2925 5254 8
2960 5186 3145 5253 'editt's.
3181 5196 3235 5251 ln
3282 5186 3617 5266 scripIiS_C?"°w

2122 5270 2148 5323 1
2180 5267 2311 5338 ηεξ·
2344 5286 2478 5336 ωσι,
2509 5259 2778 5337 atat-.n.,i
2820 5271 2966 5339 Lips.
3001 5280 3055 5324 et
3086 5269 3117 5323 7
3141 5268 3359 5338 vulgatis
3380 5259 3454 5317 est
3471 5259 3576 5313 Scio.

2193 5342 2236 5393 Α
2264 5334 2435 5409 pravis
2462 5334 2811 5409 religionibus.
2840 5334 2930 5397 Sic
2963 5340 3155 5395 Paulus
3193 5334 3259 5393 ad
3301 5334 3616 5409 Cttlosseiis.ntl.

2118 5392 2287 5466 vocatr
2302 5392 2594 5488 antemna“.
2616 5392 2977 5488 tetigistis;
2991 5392 3251 5488 sapientia
3296 5392 3615 5488 carentesqlllf

2119 5497 2274 5556 serva
2306 5474 2571 5553 religionis
2604 5474 2796 5556 ιιοιιιὲιι
2824 5486 2872 5538 in
2906 5474 3099 5556 plurali
3130 5502 3154 5534 ιι
3184 5477 3443 5536 Lactantio
3467 5474 3613 5536 semper

2119 5555 2172 5609 in
2204 5558 2397 5629 malam
2428 5555 2668 5629 usurpari
2703 5568 2925 5626 partem.
2958 5557 3273 5629 Berunstus.
3434 5617 3445 5629 .

2193 5626 2326 5696 Spes
2357 5618 2570 5680 homini:
2600 5626 2671 5680 Ita
2703 5618 2833 5682 'cum
2876 5628 3124 5681 otttnibus
3151 5626 3258 5680 fere
3284 5618 3471 5696 excusis
3494 5618 3616 5696 malli"

2119 5688 2327 5769 scripti,
2357 5707 2552 5767 prieter
2579 5697 2615 5750 2
2640 5698 2772 5769 Reg.
2804 5714 2912 5754 rec.
2942 5706 2994 5752 et
3024 5698 3185 5753 Gotlt.
3212 5688 3615 5754 nonnullosqtte‘l'

2119 5768 2545 5844 pisexpressos,
2560 5769 2762 5844 quibus
2786 5769 3132 5844 estnominis.
3427 5830 3437 5844 _

2194 5827 2316 5910 Ηέεξ
2335 5840 2418 5897 hic
2436 5827 2681 5917 εδιῖιιὶιά,
2706 5852 2810 5901 etc.
2834 5841 2922 5899 Sic
2945 5840 3169 5901 restituo
3204 5854 3272 5898 ex
3310 5830 3512 5897 omnium
3527 5827 3611 5881 ωεεε
