3770 6264
79 392 180 448 445

811 388 1147 447 ANALYSIS
1183 372 1497 448 munitv.
1538 381 1628 446 DE
1666 380 1860 445 vana.
1901 376 2267 446 SAPIENTIA
2307 386 2396 445 ΕΤ
2436 387 2665 447 neue.

3241 368 3363 446 tts'

72 505 206 580 quod
256 505 557 577 philosophi
609 520 800 565 omnes
848 508 905 563 in
958 514 1069 563 tota
1120 518 1217 563 sua
1252 488 1363 563 vita
1414 507 1645 579 quaesie-
1668 509 1725 569 Α
1746 516 1907 578 quam
1936 507 2173 576 reperire
2202 504 2650 577 p0tuerunt?Qui
2679 505 2793 561 vult;
2818 492 3034 577 sapiens
3063 520 3125 562 ac
3151 504 3345 563 beatus

64 607 199 665 runt,
221 608 319 654 nec
341 610 573 671 unquam
596 604 775 658 tamen
799 598 1146 673 investigare,
1166 599 1645 672 comprehendere,

62 700 234 749 tenere
256 691 562 758 valuerunt,
587 690 678 764 qui
702 688 1023 767 religionem
1044 704 1135 749 aut
1158 710 1377 765 pravam
1409 694 1648 750 retinue—

61 793 196 848 runt,
221 792 314 838 aut
343 794 509 840 totam
541 787 756 854 perlitus
783 787 1134 842 sustulerunt.
1168 785 1460 841 Facessant
1485 785 1647 856 igitur

59 878 127 934 illi
164 888 372 944 omnes,
404 880 497 949 qui
529 879 817 935 humanam
848 881 1015 937 vitam
1067 895 1172 935 non
1222 880 1514 950 instruunt,
1547 879 1643 937 sed

60 969 278 1027 turbant.
307 968 445 1038 Quid
478 971 621 1027 enim
661 971 893 1028 docent?
926 981 1020 1028 aut
1053 988 1214 1043 quem
1257 973 1527 1029 instruunt
1551 972 1641 1043 qui

54 1076 108 1117 se
133 1062 273 1130 ipsos
300 1061 540 1117 nondum
572 1063 980 1119 instruxerunt?
1004 1064 1175 1133 Quem
1205 1079 1399 1121 sanare
1428 1065 1637 1137 tcgroti,

53 1166 195 1226 quem
216 1166 413 1224 regere
437 1155 568 1210 caici
594 1157 854 1226 possunt?
875 1156 990 1211 Huc
1008 1169 1138 1226 ergo
1165 1172 1263 1213 nos
1285 1171 1494 1221 omnes,
1520 1157 1638 1229 qui-

54 1247 138 1302 bus
160 1253 241 1301 est
266 1260 401 1301 cura
428 1248 729 1319 sapientiae,
748 1248 1109 1305 conferamus.
1128 1251 1213 1307 An
1235 1250 1636 1322 expectabimus

52 1339 202 1396 donec
229 1337 490 1398 Socrates
518 1342 721 1414 aliquid
751 1344 925 1399 sciat?
964 1354 1055 1398 aut
1088 1344 1436 1416 Anaxagoras
1466 1345 1519 1401 in
1552 1355 1635 1401 te-

48 1431 210 1488 nebris
240 1432 434 1491 lumen
478 1435 754 1491 inveniat?
775 1446 870 1491 aut
895 1434 1233 1492 Democritus
1261 1439 1539 1494 veritatem
1570 1437 1638 1496 de

46 1536 188 1598 puteo
216 1527 522 1583 extrahat?
548 1538 639 1584 aut
667 1526 1025 1600 Eutpedocles
1052 1530 1239 1587 dilatet
1264 1531 1429 1588 animi
1457 1532 1540 1590 sui
1561 1549 1645 1591 se-

42 1617 228 1675 mitas?
256 1628 357 1675 aut
388 1620 662 1678 Arcesilas
683 1629 739 1676 et
763 1619 1075 1678 Carneades
1104 1622 1346 1693 videant,
1377 1627 1639 1695 sentiant,

44 1709 373 1783 percipiant?

101 1802 238 1859 Ecce
261 1816 373 1860 vox
406 1804 479 1860 de
517 1805 657 1863 ctelo
683 1805 967 1865 veritatem
1005 1807 1229 1878 docens,
1261 1816 1316 1866 et
1339 1808 1495 1866 nobis
1525 1810 1640 1867 sole

47 1895 147 1970 ipso
179 1894 388 1953 clarius
417 1896 604 1954 lumen
644 1897 954 1956 ostendens.
987 1899 1126 1968 Quid
1155 1901 1308 1958 nobis
1346 1903 1512 1974 iniqui
1542 1917 1637 1959 su-

1756 615 1896 670 esse,
1926 600 2110 657 audiat
2138 602 2227 657 Dei
2252 616 2441 657 vocem
2463 642 2478 667 ,
2509 600 2683 657 discat
2704 598 2969 671 justitiam
2988 643 3003 667 ,
3039 615 3347 657 sacramenr-

1754 702 1867 748 tum
1888 692 2184 749 nativitatis
2205 702 2319 749 suae
2341 694 2518 760 norit;
2550 692 2787 749 humana
2812 702 3140 755 contemnat.
3173 695 3353 750 divina

1751 785 2037 855 suscipiat,
2072 794 2129 840 ut
2155 800 2424 841 summum
2468 785 2596 841 illud
2639 785 2840 840 bonum
2863 830 2878 851 ,
2910 785 2977 841 ad
3018 784 3161 858 quod
3192 796 3349 844 natus

1750 883 1856 944 est,
1890 877 2060 947 possit
2088 876 2338 947 adipisci.
2371 875 2658 932 DiSSolutis
2682 877 3034 948 religionibus
3065 877 3355 946 universis,

1749 979 1802 1027 ct
1830 969 2105 1032 omnibus,
2139 985 2493 1040 quaecumque
2532 971 2585 1024 in
2622 985 2807 1025 earum
2846 970 3216 1025 defensionem
3247 972 3353 1028 dici

1747 1063 1835 1119 vel
1861 1062 2127 1127 solebant,
2160 1061 2242 1117 vel
2271 1068 2534 1133 poterant,
2570 1061 2837 1127 refutatis,
2862 1062 3060 1118 deinde
3086 1062 3351 1120 convictis

1746 1153 2101 1228 phil030pbizc
2142 1154 2462 1223 disciplinis,
2504 1155 2569 1209 ad
2607 1170 2789 1210 veram
2833 1154 2986 1209 nobis
3027 1154 3344 1226 religionem

1744 1251 2169 1321 sapientiamque
2194 1249 2519 1304 veniendum
2561 1258 2684 1314 est,
2715 1249 2969 1320 quoniam
3008 1260 3113 1315 est,
3164 1260 3219 1303 nt
3247 1250 3347 1305 do-

1742 1344 1900 1409 cebo,
1928 1352 2215 1415 utrumque
2237 1343 2616 1413 conjnnetum;
2644 1352 2700 1397 nt
2727 1358 2846 1397 eam
2877 1343 2961 1398 vel
2985 1344 3343 1413 argumentis,

1743 1435 1829 1493 vel
1859 1437 2138 1508 exemplis,
2170 1436 2255 1491 vel
2282 1435 2491 1491 idoneis
2522 1434 2748 1491 testibus
2774 1450 3099 1501 asseramus,
3129 1443 3183 1491 et
3205 1436 3345 1492 stul-

1744 1531 1942 1592 titiam,
1965 1546 2123 1602 quam
2146 1530 2302 1585 nobis
2322 1530 2409 1584 isti
2430 1528 2653 1584 deorum
2681 1527 2920 1583 cultores
2935 1528 3209 1599 objectare
3232 1544 3340 1585 non

1746 1627 2020 1694 desinunt,
2043 1636 2103 1681 ut
2126 1626 2331 1681 nullam
2361 1639 2526 1695 penes
2553 1639 2672 1688 nos,
2701 1624 2779 1679 sic
2811 1632 2976 1678 totam
3007 1638 3171 1693 penes
3203 1623 3348 1694 ipsos

1745 1734 1868 1778 esse
1896 1721 2205 1777 doceamus.
2239 1714 2304 1775 Et
2333 1731 2657 1789 quamquam
2696 1710 2965 1787 prioribus
3006 1716 3179 1780 libris,
3221 1732 3347 1771 cum

1742 1813 1907 1869 falsas
1946 1828 2228 1885 arguerem
2272 1811 2581 1883 religiones,
2611 1809 2823 1877 ethoc,
2860 1824 2979 1863 cum
3021 1806 3209 1862 falsam
3252 1824 3344 1862 sa-

1739 1908 1992 1976 pientiam
2035 1906 2277 1961 tollerem
2298 1946 2313 1971 ,
2343 1905 2431 1959 ubi
2460 1905 2657 1959 veritas
2682 1903 2781 1967 sit,
2814 1899 3174 1964 Ostenderim;
3231 1901 3345 1970 pla-

53 1990 189 2046 mus'l
214 2000 272 2046 et
298 1990 621 2060 sapientiam
652 1994 929 2064 suscipere
948 2006 1285 2062 cunctamur,
1309 2011 1469 2068 quam
1490 1997 1636 2053 docti
1665 1982 1715 2043 Β
1742 1998 1864 2053 nius
1897 2005 2096 2061 tamen,
2139 2004 2259 2067 qua:
2300 1995 2507 2064 religio,
2548 2004 2602 2052 et
2641 2004 2761 2067 quin
2801 1994 3064 2066 sapientia
3096 2006 3220 2050 vera
3251 1993 3340 2062 sit,

56 2080 300 2176 hpmipes,
330 2083 581 2139 contritis
620 2084 672 2139 in
716 2085 1010 2156 qutcreudo
1048 2087 1296 2146 aetatibus
1326 2090 1459 2158 suis,
1493 2107 1631 2147 nun-

1740 2091 1879 2148 liber
1911 2090 2187 2161 proximus
2216 2087 2493 2144 indicabit.

1380 2206 1742 2265 VARIORUM
1780 2196 2005 2261 NOTAE.

62 2311 421 2392 vetustissimis
445 2320 501 2368 et
527 2314 745 2392 Optimis
774 2311 798 2370 l
826 2312 986 2392 Bon.,
1022 2319 1045 2392 l
1078 2318 1212 2392 Reg.
1236 2314 1343 2392 900
1367 2332 1638 2392 annotaet

62 2382 350 2456 Regio-Put.
386 2382 597 2441 necnon
628 2389 746 2442 Em.
781 2394 837 2443 et
864 2382 992 2445 edit.
1026 2386 1096 2446 is.
1127 2382 1188 2445 ιιῖ
1218 2388 1474 2447 scribitur
1506 2386 1638 2446 HIC

62 2459 117 2532 in,
144 2464 517 2532 contractnutn
552 2460 804 2532 margine
832 2475 863 2516 e
889 2460 1108 2532 regione
1135 2462 1260 2531 ioci,
1290 2464 1341 2517 in
1370 2479 1477 2532 quo
1506 2479 1635 2519 con--

63 2529 180 2600 stitit
202 2538 409 2600 Summa
439 2527 693 2600 reinnde
716 2527 1059 2600 indicandum
1106 2545 1187 2588 est
1212 2553 1225 2589 :
1247 2527 1401 2600 quod
1429 2533 1636 2592 Gallice

62 2599 263 2654 dicimus
288 2600 342 2671 leg
358 2592 461 2653 Hic
500 2598 565 2655 de
595 2601 645 2655 la
687 2592 843 2671 piece,
875 2601 959 2657 vel
997 2604 1132 2659 voilt‘t
1159 2605 1206 2659 le
1236 2592 1376 2660 Hic:
1409 2607 1524 2661 hare
1552 2616 1632 2662 ta-

66 2686 166 2748 men
191 2668 391 2748 nonnisi
418 2673 665 2748 populari
689 2668 940 2748 dicuntur
968 2691 1236 2748 sermone,
1271 2694 1376 2732 non
1401 2676 1633 2748 eleganti

67 2741 266 2817 eloquio;
284 2740 505 2817 Nostrae
521 2743 736 2799 lectioni
761 2744 935 2800 lavent
957 2762 1088 2817 mss.
1115 2742 1149 2801 3
1168 2740 1301 2817 Reg.
1319 2750 1430 2813 alii,
1458 2740 1635 2803 l'Col-

68 2810 202 2881 hert.,
231 2810 370 2885 (ἶιιι.Ξ
397 2810 597 2880 Brun.,
628 2817 820 2885 quibus
850 2823 952 2881 est,
981 2814 1082 2871 Hic
1121 2830 1189 2872 est
1214 2810 1367 2885 ilind,
1400 2810 1515 2874 sine
1544 2836 1630 2875 re.

70 2885 321 2956 petitione;
345 2882 474 2940 Jun.
506 2886 532 2941 1
562 2882 708 2943 Culb.
748 2887 886 2955 Hoc,
912 2889 1007 2941 hoc
1028 2898 1100 2956 est
1122 2890 1289 2956 illud;
1319 2882 1369 2944 in
1394 2890 1555 2946 Cauc.
1579 2901 1637 2946 et

69 2955 256 3080 ll‘all‘iis’
271 2971 376 3012 rec.
414 2958 640 3029 scriptis
679 2960 996 3030 cunctisque
1036 2954 1152 3016 fere
1182 2954 1484 3033 impressis,
1519 2961 1633 3017 Hoc

69 3041 107 3079 es
141 3043 155 3080 ι
196 3044 222 3080 ιι
262 3068 273 3080 .

68 3041 124 3079 εει
141 3041 273 3081 ιιιιια.

128 3120 448 3177 Retinuerunt.
509 3123 586 3179 ita
634 3123 848 3191 reposui
898 3140 964 3179 ex
1007 3124 1169 3179 editis
1212 3124 1462 3192 Tornes.,
1494 3125 1631 3181 Sou-

71 3189 216 3269 bron.,
242 3192 445 3249 Walch.
476 3206 540 3269 et
566 3189 816 3269 erunibus
846 3210 975 3251 mss.
1000 3206 1195 3266 praeter
1214 3196 1250 3250 2
1273 3197 1402 3269 ileg.
1428 3189 1540 3253 rec.
1578 3205 1633 3253 et

72 3262 124 3317 lt
147 3266 435 3334 impressus,
474 3267 534 3321 in
560 3266 754 3336 quibus
783 3279 865 3322 ost
890 3262 1179 3321 tenuerunt.

127 3356 531 3432 Sacramentum._
555 3358 607 3432 id
639 3368 720 3414 est
750 3360 1098 3432 mysterium,
1128 3375 1258 3417 voce
1292 3376 1322 3416 a
1353 3360 1630 3417 Lactantio

70 3440 187 3498 sepe
207 3441 467 3502 usurpata.
516 3430 571 3486 Id
611 3438 693 3487 est
720 3448 753 3486 a
785 3430 884 3502 quo
922 3443 1072 3487 natus
1110 3433 1173 3488 sit
1214 3442 1260 3487 et
1289 3444 1507 3490 creatus.
1541 3435 1631 3490 Sic

1737 2306 2069 2381 Lactantius,
2101 2315 2196 2371 lib.
2228 2330 2290 2380 ιι,
2321 2329 2370 2370 c.
2401 2313 2491 2379 18,
2518 2313 2648 2369 dicit
2676 2312 3067 2369 Sacramentum
3095 2315 3337 2369 hominis.

1736 2421 1807 2432 —
1844 2391 2235 2445 Sacramentum
2285 2386 2567 2440 nativitatis
2610 2402 2717 2441 sua:
2773 2386 2925 2439 norit.
2976 2385 3175 2440 Nostro
3222 2386 3341 2441 loco

1737 2462 1980 2531 proxima
2014 2461 2102 2514 illa
2132 2475 2197 2512 ex
2230 2457 2322 2513 lib.
2352 2474 2446 2522 vn,
2474 2473 2523 2531 c.
2548 2458 2619 2531 5‘:
2650 2461 2826 2531 Quare
2847 2457 3102 2531 hominem
3130 2458 3341 2521 fecerit;

1736 2527 1900 2599 supra
1928 2572 1942 2595 ,
1975 2531 2017 2583 si
2062 2538 2433 2583 sacramentum
2467 2527 2688 2583 hominis
2732 2528 3081 2599 cognovissent
3114 2542 3292 2599 supra
3320 2567 3336 2591 ,

1736 2605 1872 2673 quod
1892 2602 2028 2656 solus
2048 2602 2121 2673 ita
2143 2603 2413 2669 formatus,
2436 2609 2489 2652 ut
2510 2600 2643 2653 oculi
2667 2598 2778 2668 ejus
2803 2598 2869 2651 ad
2885 2599 3066 2651 caelum
3087 2598 3334 2652 directi...

1736 2672 2006 2729 excitasse.
2042 2672 2173 2725 Βυιι.

1814 2744 2105 2821 Utrumque
2127 2743 2473 2821 conjunclum.
2523 2739 2659 2820 Dicit
2698 2737 3092 2821 utrumqueLid
3123 2748 3226 2802 est,
3259 2754 3340 2821 r5-

1737 2817 1977 2885 ligionem
1994 2809 2393 2885 sapientiamque
2413 2810 2777 2885 conjunctaut.
2804 2810 2971 2885 idem,
2994 2810 3085 2885 lib.
3107 2824 3178 2873 tv,
3202 2825 3250 2864 c.
3280 2809 3337 2873 2,

1736 2881 1828 2941 ﬁn.
1860 2886 2024 2941 dicit:
2056 2881 2378 2954 Sapientiam
2421 2897 2534 2936 cum
2575 2881 3242 2954 religionegsic_coltterere,
3285 2891 3340 2935 ut

1736 2959 1911 3012 divelli
1937 2952 2209 3020 utrumth
2234 2971 2336 3007 non
2364 2955 2542 3021 possit.
2574 2953 2731 3016 Ibid.,
2757 2968 2807 3006 c.
2833 2952 2904 3007 ὅς
2935 2952 3202 3018 Sapientia
3225 2966 3339 3004 cum

1736 3029 1982 3099 religione
1999 3025 2331 3096 inseparabili
2350 3041 2485 3099 nexu
2499 3024 2739 3099 conteret;
2757 3023 2886 3099 ibid.
2900 3065 2913 3089 ,
3054 3041 3070 3099 :_
3086 3024 3335 3099 Apparet,

1730 3094 1884 3171 quain
1912 3100 2043 3171 inter
2068 3094 2120 3151 se
2148 3098 2546 3171 conjunctasint
2577 3096 2829 3162 sapientia
2853 3105 2897 3148 et
2922 3095 3140 3171 religio,
3173 3094 3302 3171 ibid.
3319 3132 3333 3157 ,

1735 3164 1783 3226 ὁ.
1817 3172 1851 3231 5
1876 3190 1888 3223 :
1921 3164 2251 3239 Sapientiam
2268 3178 2314 3222 et
2340 3168 2640 3239 religionem
2665 3184 2767 3220 non
2792 3183 2940 3239 posse
2965 3166 3175 3239 diduci._
3204 3164 3336 3218 BUN.

1807 3242 1875 3297 Et
1917 3234 2031 3295 hoc.
2067 3240 2285 3296 Scilicet
2317 3234 2473 3297 tertio
2504 3234 2641 3293 libro
2673 3256 2685 3291 :
2728 3234 2872 3307 quod
2921 3239 3057 3292 bene
3095 3235 3337 3290 cohaeret

1733 3313 1989 3383 prioribus
2028 3312 2190 3383 libris.
2235 3311 2419 3383 Itaque
2450 3311 2656 3366 restitui
2701 3306 2796 3383 hoc
2829 3325 2959 3383 cum
2999 3306 3233 3383 cellario
3270 3322 3336 3383 ex

1734 3377 1865 3440 inss.
1910 3395 2108 3452 praeter
2153 3380 2185 3439 6
2225 3377 2356 3453 Reg.
2402 3381 2456 3436 in
2503 3383 2698 3452 quibus
2741 3382 2932 3451 legitur
2973 3389 3021 3433 et
3063 3380 3164 3445 hic,
3198 3377 3335 3433 utin

1733 3456 1943 3512 cunctis
1971 3459 2086 3511 fere
2111 3455 2358 3526 vulgatis.

760 3778 775 3789 _
967 3684 1523 3770 ANALYSIS
1570 3686 1890 3770 LIBRI
1944 3682 2410 3794 QUARTI

576 3842 708 3918 QUI
749 3841 1251 3906 INSCRIBITUR
1292 3843 1397 3905 DE
1428 3844 1649 3906 VEBA
1699 3838 2125 3906 SAPIENTIA
2158 3838 2263 3903 ET
2307 3834 2767 3903 RELlGlONE.

1900 4030 1929 4044 -

124 4143 286 4222 Partes
312 4147 427 4222 libri
451 4149 619 4219 hujus
636 4156 877 4222 quatuor
902 4157 1029 4204 sunt
1056 4167 1069 4203 :
1100 4147 1409 4222 Prooemium
1436 4191 1451 4216 ,
1479 4151 1626 4222 cui,
1657 4151 1703 4215 α
1734 4148 2290 4222 moriioATrismegisti,
2311 4148 2733 4222 Sibyllarum,et
2751 4148 3056 4206 Salomonis
3071 4150 3333 4207 Proverb.

70 4214 114 4291 ἓ,
147 4218 195 4291 5,
232 4221 282 4285 4;
310 4214 578 4275 Institutio
609 4214 675 4275 de
696 4219 919 4281 Christo.
952 4236 979 4273 a
1010 4235 1129 4290 cap.
1177 4221 1212 4276 5
1239 4233 1409 4291 usque
1439 4214 1505 4275 ad
1529 4214 1624 4286 29;

72 4283 321 4362 Erpiicatio
346 4292 665 4361 quaestionis,
696 4294 947 4362 quomodo
974 4283 1093 4347 dati
1116 4283 1363 4358 persontt},
1395 4291 1557 4346 Pater
1578 4283 1629 4347 et

70 4355 108 4433 Ε
110 4360 226 4426 ilius,
251 4355 519 4417 sint'unus
548 4355 852 4433 Dens,'c:ip.
885 4362 955 4417 29
984 4380 998 4429 ;
1046 4355 1345 4417 Admonitio
1371 4364 1433 4417 de
1460 4365 1628 4418 causis

72 4428 293 4506 harenam
325 4436 460 4506 (cap.
486 4435 609 4505 30).

128 4499 418 4558 Promittiinn
451 4499 577 4561 tria'
600 4505 842 4560 continet
872 4523 884 4558 :
911 4504 1186 4569 querelam
1225 4500 1293 4560 de
1319 4502 1628 4560 introducto

73 4568 260 4628 deorum
291 4576 454 4639 cultu,
484 4592 645 4646 quem
687 4578 864 4631 omnis
895 4568 1153 4645 injustitia
1183 4586 1238 4630 et
1269 4577 1517 4643 impietas
1543 4588 1627 4631 est

75 4654 318 4720 colisecuta
344 4663 358 4711 ;
382 4662 582 4720 causas
601 4664 698 4701 cur
716 4649 977 4720 sapientia
1004 4662 1033 4699 a
1058 4646 1395 4715 phii050pbis
1424 4662 1530 4703 non
1550 4648 1625 4720 rsit

76 4718 277 4791 iuventa,
306 4719 711 4791 quia_nimirunt
742 4730 893 4773 extra
925 4718 1056 4791 lines
1087 4732 1215 4791 suos
1255 4733 1373 4791 eant
1394 4719 1623 4791 quaesie-

74 4788 179 4848 riut,
203 4802 292 4842 nec
317 4790 381 4844 ad
420 4788 637 4845 Jlltltl'OS
689 4789 1041 4854 accesserint,
1069 4788 1245 4842 divina
1275 4789 1415 4843 haud
1463 4789 1624 4844 dubie

77 4855 365 4919 providentia
395 4859 662 4926 derelicti,
704 4875 801 4913 nec
833 4858 960 4913 inde
990 4856 1129 4914 scire
1160 4868 1450 4926 potuerunt
1483 4859 1626 4927 veri-

79 4932 211 5004 tatem
234 4944 247 4993 ;
269 4930 532 5004 denique
553 4930 1067 5004 disputationcmde
1085 4930 1378 5004 sapientia:
1408 4938 1463 4985 et
1494 4929 1624 4987 reli-

76 4998 220 5072 gionis
240 4998 460 5068 vinculo,
482 5002 573 5057 tibi
599 4998 823 5057 docetur
852 5002 992 5072 apud
1017 4998 1504 5055 Solos—christianos
1529 5016 1622 5056 sa-

76 5074 293 5144 pientiam
334 5086 452 5144 cum
488 5075 748 5144 religione
794 5088 914 5128 esse
942 5072 1281 5142 conjunclam
1307 5113 1320 5133 .
1366 5087 1398 5125 a
1426 5073 1621 5144 quibus

79 5147 196 5214 unus
219 5136 617 5214 Deuscolaturf
646 5160 750 5198 non
779 5144 920 5211 apud
938 5136 1202 5208 ethniCos,
1231 5136 1455 5211 quoruni
1488 5136 1616 5197 reli-

76 5218 147 5285 8'9
172 5223 291 5285 vana
310 5213 398 5285 sit,
422 5225 477 5270 et
503 5231 531 5266 ιι
563 5215 899 5285 philosophia
941 5215 1191 5278 discreta,
1232 5228 1459 5282 quorum
1486 5215 1616 5270 item

77 5276 222 5333 cultus
249 5276 453 5340 divinus
469 5276 653 5341 contra
681 5276 898 5340 omnem
925 5286 994 5340 sit
1020 5276 1305 5339 rationein.

136 5344 372 5426 Institutio
414 5356 481 5410 de
529 5357 746 5412 Christo
791 5357 1166 5426 complectitur
1207 5355 1510 5410 doctrinam
1547 5355 1618 5411 de

77 5411 243 5499 illuristi
263 5427 579 5499 cognitione,
594 5411 870 5499 persona,
892 5411 1125 5492 nomine,
1153 5426 1452 5495 nativitate,
1481 5427 1618 5482 dua-

76 5482 168 5568 bus
185 5482 391 5568 naturis,
420 5482 716 5564 miraculis,
738 5482 1009 5568 passione,
1041 5482 1223 5553 cruce.

134 5556 473 5639 Cognitionem
501 5556 705 5624 Christi
740 5556 1091 5625 hauriendam
1133 5577 1318 5623 monet
1362 5576 1428 5623 ex
1482 5584 1613 5639 pro.

75 5624 257 5707 Plletis,
288 5639 370 5710 qui
412 5640 662 5710 omnibus
702 5624 1042 5697 ethnicdrutn
1088 5640 1440 5710 scriptoribus
1470 5624 1613 5695 anti-

74 5710 258 5782 qui?!“
280 5708 376 5761 sint
400 5707 535 5779 (cap.
567 5711 645 5782 5).

131 5767 395 5833 Personam
407 5767 793 5840 subsistentem
819 5790 943 5839 ante
970 5780 1227 5838 mundum
1258 5780 1559 5851 conditum,
1583 5796 1614 5840 a

77 5835 265 5917 υοοιιιιο
284 5835 789 5935 gmoramiuisvto—
803 5835 1438 5940 Obrutam-demonstrat
1455 5835 1612 5919 ίιᾶἰιῖ

1761 4234 1877 4276 cati.
1909 4220 1985 4276 6i.

1739 4220 2012 4346 (“litigio
2041 4286 2241 4347 CltriSll
2272 4294 2545 4363 proprium
2589 4292 2687 4347 soli
2716 4292 2826 4347 Deo
2851 4293 2995 4347 Patri
3027 4294 3213 4349 scribit
3241 4308 3337 4348 no-

1736 4372 1847 4417 tum
1876 4379 2018 4429 esse,
2046 4380 2144 4418 nec
2163 4375 2289 4418 ante
2319 4365 2369 4418 id
2404 4365 2728 4433 publiCatum
2762 4365 2846 4427 iri,
2872 4380 3028 4433 quam
3053 4367 3336 4434 dispositio

1734 4434 1899 4489 fuerit
1928 4435 2013 4489 dei
2045 4436 2283 4504 impleta.
2308 4435 2494 4490 Jesum
2520 4444 2695 4489 tamen
2720 4435 2857 4488 inter
2886 4436 3130 4490 homines
3164 4438 3335 4489 norni-

1735 4505 1851 4560 nari
1886 4524 1897 4558 :
1930 4505 2202 4561 Christum
2251 4516 2429 4561 autem
2483 4518 2588 4559 non
2642 4504 2912 4574 propriqu
2962 4509 3078 4573 ejus
3130 4521 3327 4560 nomen

1735 4593 1877 4641 esse,
1908 4577 2003 4631 sed
2034 4578 2491 4645 nuncupationem
2518 4578 2797 4644 potestatis
2821 4585 2875 4630 et
2902 4579 3049 4645 regni
3084 4580 3226 4644 (cap.
3249 4576 3327 4647 7).

1798 4649 2060 4702 Nativitas
2102 4647 2298 4703 Christi
2325 4648 2522 4717 duplex
2553 4647 2848 4709 asset-itur;
2880 4663 2982 4700 una
3012 4650 3061 4700 in
3094 4648 3289 4711 Spiritu
3311 4690 3325 4711 ,

1726 4719 1897 4774 altera
1929 4724 1979 4773 in
2011 4734 2195 4774 Carne.
2226 4718 2316 4773 lila
2347 4737 2452 4773 non
2484 4734 2547 4773 ex
2578 4717 2848 4773 connubio
2875 4733 2937 4772 ac
2967 4719 3331 4787 permixtione

1725 4788 1942 4844 femina:
1966 4791 2218 4858 alicujus,
2243 4805 2418 4860 neque
2442 4804 2507 4844 ex
2539 4791 2648 4844 Deo
2670 4789 2759 4857 qui
2781 4804 2894 4842 mas
2919 4790 2989 4843 sit
3011 4800 3065 4844 et
3104 4791 3325 4858 fortuna,

1725 4862 1865 4932 sicut
1894 4862 2145 4929 Orpheus
2176 4870 2231 4915 et
2262 4860 2487 4915 [let-mes
2531 4870 2819 4930 putarunt,
2874 4860 2968 4915 sed
3024 4862 3330 4932 incompre-

1726 4930 2069 5003 hensibiiiter
2091 4949 2212 4987 cum
2240 4948 2374 4987 voce
2405 4948 2466 4986 ac
2508 4946 2642 4986 sono
2696 4947 2761 4984 ex
2791 4932 2907 5003 gDei
2962 4947 3058 4988 ore
3105 4930 3328 5003 proces-

1726 5002 1865 5057 sisse
1922 5004 2143 5067 dicitur,
2197 5004 2334 5058 sicut
2389 5004 2644 5069 verbum;
2696 5002 2835 5056 unde
2894 5002 3325 5059 tnerito’sermo

1726 5081 1783 5128 ot
1834 5075 2056 5148 verbum
2111 5074 2205 5129 Dei
2254 5086 2635 5148 nuncupetur,
2697 5076 2905 5148 ret-tius
2955 5084 3133 5129 tamen
3183 5076 3327 5148 λόγος

1727 5145 1868 5214 apud
1927 5142 2147 5201 Gl‘iPCOS
2190 5152 2330 5214 (cap.
2390 5142 2515 5200 8'et
2554 5146 2632 5213 9).
2697 5145 2808 5201 Hac
2856 5146 2925 5200 de
2967 5148 3171 5215 virgine
3226 5142 3323 5199 ria-

1723 5224 1808 5269 tus
1836 5218 2245 5283 manifestatur,
2289 5218 2444 5283 cujus
2488 5217 2783 5271 nativitatis
2808 5218 3098 5283 exponitur
3128 5230 3155 5268 a
3186 5218 3321 5271 Lac-

1722 5289 1893 5341 tantio
1943 5288 2259 5352 necessitas,
2316 5286 2510 5352 forma,
2561 5288 2733 5352 locus,
2787 5288 2928 5341 linis.
2961 5288 3314 5352 Necessitas,

1719 5358 1841 5427 quia
1868 5358 2009 5413 enim
2040 5358 2217 5413 Judaei
2243 5359 2452 5429 magnis
2476 5374 2505 5413 a
2534 5360 2642 5414 Deo
2663 5359 2937 5413 ben’eliciis
2965 5359 3147 5412 allecti
3177 5374 3204 5409 a
3238 5358 3321 5429 di-

1720 5424 1842 5500 vina
1874 5430 1990 5499 lege
2018 5424 2381 5496 desciverani,
2414 5430 2577 5483 filium
2604 5442 2758 5484 suurn
2786 5430 3199 5500 primogenitum
3224 5424 3319 5481 de-

1721 5499 1829 5554 labi
1856 5501 2014 5570 jussit
2040 5516 2072 5556 e
2095 5501 2236 5555 cmlo
2269 5501 2428 5562 Deus,
2454 5512 2510 5555 ut
2535 5500 2850 5570 religionem
2874 5499 3112 5555 sanctam
3141 5508 3322 5553 trans-

1720 5570 1888 5626 ferret
1912 5572 1978 5626 ad
2002 5582 2191 5642 gentes
2220 5572 2361 5641 (cap.
2397 5572 2464 5625 19
2494 5582 2538 5625 et
2568 5570 2681 5642 ll).
2716 5572 2909 5627 Forma
2937 5583 3159 5626 externa
3195 5570 3322 5642 des—

1719 5655 1873 5713 pecm
1904 5640 2081 5698 fuit—et
2106 5642 2346 5708 humilis,
2377 5652 2435 5695 ut
2458 5640 2694 5711 ingratus
2726 5644 2776 5695 in
2807 5642 2971 5697 Deum
3004 5642 3235 5713 pupuius
3264 5640 3318 5693 ἱιι

1717 5712 1960 5770 errorem
1991 5713 2281 5768 maximum
2308 5714 2654 5768 induceretur
2683 5715 2820 5785 (cap.
2858 5714 2969 5783 ll).
3003 5712 3197 5785 Forma
3228 5712 3303 5785 in-

1720 5793 1873 5840 terna
1899 5796 2001 5853 est,
2029 5786 2174 5855 quod
2208 5787 2471 5856 virginem
2494 5783 2867 5856 elegit,‘cujus
2899 5792 3055 5856 utero
3083 5796 3145 5838 se
3176 5783 3315 5837 insi-

1718 5858 1925 5939 ttuavit;
1954 5853 2096 5939 quod
2143 5853 2365 5925 minime
2394 5853 2713 5924 incredibile
2755 5855 2926 5917 vitiari
2957 5855 3160 5929 debet,
3194 5869 3319 5919 cum
