3770 6264
86 177 198 237 449

1023 181 1224 241 LIBER
1263 182 1350 242 IV.
1395 183 1482 241 DE
1520 184 1713 245 VERA
1750 184 2111 247 SAPIENTIA
2148 186 2239 249 ΕΤ
2278 187 2505 250 RELlG.

3270 188 3374 252 450

79 296 268 354 animo
294 311 412 355 meo
443 309 588 368 saepe
614 297 883 369 reputanti
904 298 1141 369 priorem
1166 300 1319 356 illum
1339 301 1553 372 generis
1578 303 1677 357 hu-
1705 308 1759 368 Α
1784 305 1903 362 luce
1933 316 2201 363 versatam
2228 307 2403 382 caligo
2447 322 2510 365 ac
2535 305 2776 365 tenebrae
2801 306 3372 380 comprehenderunt;

74 393 232 447 inani
278 401 575 459 statum,et
621 393 816 448 mirum
859 393 1088 465 pariter,
1116 404 1169 450 et
1191 393 1472 467 indignum
1506 395 1679 452 videri

65 483 242 554 solet,
268 487 406 559 quod
429 488 587 543 unius
616 488 799 544 saeculi
826 489 1054 545 stultitia
1074 491 1364 563 religiones
1379 491 1559 548 varias
1572 506 1686 548 sus-

68 574 353 647 cipientis,
385 578 625 652 deosque
673 580 879 637 multos
915 595 1039 639 esse
1068 583 1362 650 credentis,
1394 587 1445 639 in
1478 593 1683 640 tantam

66 669 263 729 subito
283 673 669 745 ignorationem
690 675 1013 732 sniventum
1035 684 1141 743 est,
1159 663 1407 732 utablata
1432 693 1498 733 ex
1512 676 1682 734 oculis

68 762 331 831 veritate,
353 780 526 836 neque
546 764 737 835 religio
756 766 851 822 Dei
864 767 979 822 veri
994 766 1529 838 nequehumanitatis
1543 770 1683 823 ratio

68 856 359 909 teneretur
385 895 400 921 ,
455 854 762 912 hominibus
802 871 910 912 non
937 857 988 912 in
1017 858 1157 914 coelo
1183 874 1452 915 summum
1481 859 1681 917 bonum

71 947 466 1016 quarentibus,
489 947 584 1004 sed
609 947 664 1004 in
699 957 861 1005 terra.
894 950 1064 1019 Quam
1092 951 1164 1008 ob
1189 967 1407 1008 causam
1437 953 1684 1025 profecto

81 1038 404 1096 saeculorum
453 1049 703 1098 veterum
756 1051 957 1098 mutata
990 1043 1223 1101 felicitas
1248 1055 1352 1102 est.
1386 1046 1687 1116 Coeperunt

85 1132 254 1202 enim,
282 1135 469 1191 relicto
507 1145 728 1207 parente
769 1147 825 1194 et
871 1138 1227 1195 conStitutore
1257 1140 1499 1196 omnium
1550 1142 1681 1209 Deo,

81 1222 418 1283 iusensibilia
435 1228 726 1300 digitorum
745 1243 966 1286 suorum
987 1229 1239 1302 ﬁgmenta
1260 1233 1531 1289 venerari.
1553 1234 1686 1301 Quae

84 1319 329 1383 pravitas
371 1319 501 1391 quid
549 1319 815 1387 ell‘ecerit,
841 1330 936 1377 aut
964 1321 1094 1392 quid
1126 1322 1388 1378 malorum
1420 1325 1683 1393 attulerit,

71 1422 173 1467 res
225 1411 337 1483 ipsa
383 1413 649 1469 declarat.
684 1414 881 1471 Aversi
936 1430 1171 1486 namque
1214 1430 1243 1471 a
1272 1432 1489 1473 summo
1517 1416 1682 1486 bono,

68 1504 230 1571 quod
260 1505 383 1561 ideo
409 1507 631 1562 beatum
659 1521 724 1562 ac
752 1509 1146 1579 sempiternum
1176 1516 1281 1577 est,
1337 1510 1459 1581 quia
1491 1509 1684 1579 videri,

62 1599 252 1670 tangi,
294 1599 683 1670 comprehendi
735 1614 843 1656 non
898 1608 1115 1670 potest,
1149 1609 1204 1657 et
1254 1616 1285 1655 a
1317 1602 1606 1658 virtutibus
1636 1602 1687 1658 ei

1784 407 1840 454 et
1863 398 2005 470 quod
2035 398 2159 455 huic
2179 402 2426 471 pravitati
2449 415 2754 473 congruens
2777 409 2916 468 erat,
2939 407 3225 472 postquam
3245 399 3376 456 sub-

1784 488 1892 546 lata
1922 492 2190 561 sapientia
2221 501 2326 559 est,
2357 501 2468 547 tum
2511 491 2729 548 demum
2753 491 2855 548 sibi
2882 490 3132 547 homines
3159 491 3378 563 sapien-

1785 592 1898 638 tum
1927 600 2125 642 nomen
2159 586 2446 643 vendicare
2471 594 2774 657 creperum.
2825 585 2961 641 Tum
3011 592 3189 640 autem
3219 599 3378 641 nemo

1785 675 2004 747 sapiens
2056 680 2387 747 vocabatur,
2441 693 2564 734 cum
2603 692 2797 734 omnes
2846 686 3021 734 erant.
3056 676 3382 748 Utinamque

1786 782 1983 823 nomen
2012 767 2148 825 illud
2178 769 2469 841 aliquando
2484 770 2786 841 publicum,
2808 769 3055 841 quamvis
3084 767 3153 824 ad
3182 783 3386 840 paucos

1785 859 2089 928 redactum,
2120 872 2299 919 tamen
2330 862 2438 917 vim
2466 877 2621 919 suam
2668 861 2949 919 retineret.
2979 862 3208 918 Possent
3241 861 3385 918 enim

1785 947 2017 1008 fortasse
2046 953 2200 1023 pauci
2230 953 2309 1009 illi
2337 953 2423 1009 vel
2441 953 2682 1025 ingenio,
2714 953 2799 1008 vel
2824 952 3172 1021 auctoritate,
3190 953 3275 1009 vel
3300 969 3389 1009 as-

1786 1041 1955 1097 siduis
1986 1044 2347 1101 hortamentis
2377 1044 2611 1102 liberare
2636 1045 2895 1116 populum
2923 1044 3070 1100 vitiis
3107 1053 3162 1101 et
3187 1045 3390 1101 errori-

1786 1132 1909 1190 bus.
1942 1135 2048 1192 Sed
2103 1135 2242 1192 adeo
2286 1136 2340 1190 in
2372 1145 2547 1192 totum
2576 1137 2840 1206 sapientia
2891 1135 3188 1205 occiderat,
3236 1147 3295 1191 ut
3322 1152 3390 1192 ex

1789 1229 1901 1298 ipsa
1933 1229 2173 1285 nominis
2199 1230 2508 1299 arrogantia
2527 1229 2738 1285 nullum
2762 1245 2976 1297 eorum,
3000 1231 3093 1301 qui
3122 1244 3387 1286 vocaren-

1789 1329 1919 1390 tur,
1970 1332 2229 1393 appareat
2283 1321 2453 1379 fuisse
2504 1324 2826 1395 sapientem.
2883 1323 2954 1379 Et
2998 1331 3178 1380 tamen
3210 1324 3392 1394 prius,

1790 1430 1951 1485 quam
1978 1415 2096 1472 haec
2125 1414 2487 1487 philosophia,
2508 1432 2629 1488 qua:
2651 1415 2848 1473 dicitur
2870 1430 3014 1484 esse,
3038 1415 3394 1483 inveniretur,

1791 1514 1998 1575 septem
2031 1505 2197 1563 fuisse
2222 1507 2529 1573 traduntur,
2558 1509 2648 1579 qui
2698 1509 2857 1579 primi
2879 1509 3145 1576 omnium,
3173 1510 3300 1581 quia
3325 1508 3396 1567 de

1790 1598 1954 1653 rebus
1981 1599 2319 1655 naturalibus
2358 1615 2605 1668 quaerere
2656 1615 2719 1656 ac
2758 1601 3042 1672 disputare
3067 1610 3195 1658 sunt
3222 1601 3391 1669 .ausi,

53 1688 234 1747 bono
257 1690 708 1762 congruentibus,
738 1706 860 1762 quae
886 1701 1012 1747 sunt
1056 1707 1212 1764 aeque
1240 1693 1595 1759 immortales,
1622 1694 1690 1749 ad
1720 1704 1767 1763 Β
1795 1692 2072 1764 sapientes
2095 1691 2283 1750 haberi
2303 1694 2669 1766 appellarique
2699 1702 3035 1750 meruerunt.

52 1784 195 1844 hos
212 1793 497 1854 corruptos
519 1792 573 1840 et
612 1783 833 1855 fragiles
881 1785 1014 1841 deos
1043 1785 1203 1856 lapsi,
1232 1795 1287 1841 et
1311 1786 1591 1841 studentes
1623 1787 1687 1841 iis

49 1879 271 1945 rebus,
298 1877 495 1948 quibus
530 1877 705 1933 solum
730 1893 928 1948 corpus
967 1888 1212 1944 ornatur,
1243 1879 1419 1946 alitur,
1449 1880 1689 1935 delecta-

1869 1784 1915 1840 Ο
1938 1785 2192 1841 miserum
2221 1786 2699 1857 calamitosumque
2744 1787 3026 1853 saeculum,
3047 1801 3152 1855 quo
3174 1801 3271 1857 per
3298 1800 3387 1841 or-

1792 1879 1914 1935 bem
1946 1889 2116 1935 totum
2145 1889 2353 1951 septem
2405 1881 2505 1936 soli
2531 1879 2766 1945 fuerunt,
2801 1880 2896 1949 qui
2927 1879 3204 1935 hominum
3230 1893 3395 1936 voca-

51 1981 206 2040 tur,
231 1978 458 2027 mortem
512 1969 614 2025 sibi
655 1979 972 2040 perpetuam
1011 1984 1131 2025 cum
1162 1970 1266 2026 diis
1294 1981 1498 2025 etcum
1528 1970 1686 2026 bonis
1788 1972 1915 2027 bulo
1941 1975 2257 2040 cierentur;
2308 1988 2470 2029 nemo
2513 1973 2656 2027 enim
2708 1980 2886 2043 potest
2912 1971 3037 2042 jure
3064 1971 3171 2029 dici
3196 1971 3386 2040 homo,

50 2062 461 2137 corporalibus
506 2061 877 2133 quaesierunt;
933 2061 1056 2132 quia
1086 2062 1249 2116 morti
1298 2075 1496 2131 corpus
1525 2075 1686 2116 omne
1786 2064 1889 2119 nisi
1940 2065 2028 2134 qui
2072 2065 2288 2135 sapiens
2336 2075 2441 2119 est.
2473 2063 2579 2120 Sed
2622 2064 2665 2118 si
2713 2065 2895 2119 caeteri
2947 2079 3164 2133 omnes,
3186 2077 3393 2137 prmter

51 2159 390 2231 subjectum
422 2165 527 2214 est.
577 2156 822 2211 Insecuta
873 2164 958 2210 est
1010 2154 1172 2225 igitur
1221 2153 1530 2225 hujusmodi
1559 2153 1681 2208 reli-

48 2252 279 2325 giones
302 2249 562 2322 injustitia
600 2258 656 2305 et
692 2248 944 2319 impietas
969 2288 983 2312 ,
1018 2248 1178 2303 sicuti
1220 2246 1395 2303 fuerat
1440 2261 1684 2303 necesse.

49 2344 380 2400 Desierunt
422 2340 568 2399 enim
623 2340 806 2397 vultus
854 2355 986 2396 suos
1016 2339 1068 2394 in
1101 2339 1297 2396 eteltnn
1331 2339 1559 2395 tollere:
1591 2338 1689 2395 sed

49 2438 345 2495 deorsum
373 2443 584 2492 mentes
612 2434 894 2491 hominum
920 2434 1215 2505 depressae,
1250 2432 1479 2489 terrenis
1507 2442 1564 2487 ut
1594 2448 1688 2488 re-

47 2532 402 2605 ligionibus,
433 2531 511 2587 sic
546 2531 709 2587 etiam
741 2530 901 2585 bonis
926 2529 1282 2585 inharebaut.
1316 2524 1693 2583 Secutunt'est

54 2625 374 2683 dissidium
398 2624 617 2695 generis
658 2621 903 2688 humani,
924 2628 981 2677 et
1018 2620 1185 2685 fraus,
1210 2629 1267 2675 et
1289 2618 1442 2675 nefas
1490 2633 1691 2685 omne;

59 2719 227 2791 quia
269 2716 462 2788 spretis
524 2715 744 2770 aeternis
794 2723 959 2786 atque
1001 2712 1330 2782 incorruptis
1376 2712 1553 2777 bonis,
1579 2725 1701 2782 qua:

61 2809 218 2864 sola
266 2808 466 2865 debent
514 2808 582 2862 ab
635 2805 854 2862 homine
894 2805 1239 2874 concupisci,
1275 2802 1591 2872 temporalia
1646 2811 1702 2857 et

60 2900 285 2956 brevia
334 2899 670 2963 maluerunt,
720 2897 1002 2968 majorque
1049 2895 1358 2952 hominibus
1404 2894 1469 2949 ad
1500 2898 1698 2949 malum

1785 2154 1956 2224 ipsos,
1990 2155 2142 2209 stulti
2190 2156 2426 2222 fuerunt,
2470 2170 2538 2211 ne
2585 2154 2661 2209 illi
2688 2156 2905 2225 quidem
2937 2156 3239 2226 sapientes,
3268 2156 3397 2225 quia

1795 2239 2219 2311 magneta
2238 2255 2386 2309 esse
2396 2239 2815 2311 ﬁwdjgig
2822 2241 3165 2303 ,atultomm
3186 2250 3394 2312 potest.

1798 2334 1951 2389 Adeo
1977 2333 2045 2389 ab
2068 2333 2149 2389 his
2177 2332 2348 2388 abfuit
2377 2332 2661 2404 sapientia,
2686 2341 2746 2388 ut
2768 2348 2836 2388 ne
2857 2344 3051 2404 postea
3078 2333 3296 2404 quidem
3318 2333 3404 2388 in-

1798 2435 2085 2484 crescente
2112 2427 2381 2495 doctrina,
2421 2436 2477 2482 et
2505 2425 2691 2481 multis
2740 2426 3061 2497 magnisque
3084 2425 3317 2496 ingeniis
3343 2426 3399 2482 in

1797 2520 1853 2576 id
1894 2521 2068 2591 ipsum
2118 2535 2333 2590 semper
2380 2520 2624 2588 intentis,
2661 2518 2899 2589 potuerit
2926 2518 3159 2589 perspici
3189 2519 3392 2575 veritas

1801 2622 1857 2668 et
1875 2612 2280 2683 comprehendi.
2312 2611 2442 2665 Nam
2470 2621 2594 2681 post
2613 2610 2834 2666 illorum
2856 2619 3063 2680 septem
3087 2610 3395 2680 sapientum

1799 2704 2050 2776 gloriam,
2080 2703 2396 2760 incredibile
2447 2713 2550 2769 est,
2601 2709 2802 2772 quanto
2846 2701 3026 2757 studio
3057 2701 3394 2772 inquirendae

1802 2796 2047 2853 veritatis
2069 2795 2277 2852 Graecia
2305 2794 2483 2851 omnis
2511 2793 2800 2849 exarserit.
2825 2793 2903 2848 Ac
2921 2792 3175 2864 primum,
3199 2807 3398 2849 nomen

1804 2891 1978 2962 ipsum
2011 2889 2290 2961 sapientiae
2317 2901 2578 2959 arrogans
2607 2894 2950 2958 putaverunt,
2982 2899 3150 2956 seque
3176 2899 3284 2941 non
3316 2900 3407 2940 sa-

1770 2301 2011 2311 -———.-.————

63 2992 242 3049 ﬁdes
269 2991 389 3060 fuit,
421 2992 511 3063 qui
569 3006 793 3063 pravum
840 2998 1011 3057 recto,
1069 2989 1189 3059 quia
1239 2986 1562 3058 praesentius
1587 2985 1702 3041 fue-
1738 3057 1770 3063 _
1803 2984 2030 3054 pientes,
2087 2984 2181 3040 sed
2236 2982 2510 3039 studiosos
2566 2980 2848 3052 sapientiae
2895 2987 3244 3034 vocaverunt.
3281 2977 3402 3047 Quo

59 3092 192 3142 rat
218 3083 586 3155 praetulerunt.

180 3175 269 3234 Sic
292 3176 582 3233 humanam
602 3174 766 3231 vitam
784 3172 1055 3245 prioribus
1078 3171 1361 3228 saeculisin
1388 3170 1692 3226 clarissima

1726 3057 1771 3120 (ἶ
1805 3075 1967 3144 facto,
2000 3086 2056 3131 et
2101 3076 2242 3143 illos,
2271 3076 2360 3146 qui
2391 3084 2594 3131 temere
2625 3073 2927 3144 sapientum
2951 3071 3052 3128 sibi
3081 3087 3279 3127 nomen
3309 3086 3403 3128 as-

1801 3170 2039 3225 civerant
2073 3211 2089 3237 ,
2145 3170 2349 3227 erroris
2394 3169 2745 3239 stultitiaque
2798 3167 3211 3236 damnaverunt,
3264 3175 3318 3223 et
3348 3181 3410 3224 se

1424 3283 1787 3341 VARIORUM
1823 3283 2054 3343 NOTE.

68 3394 138 3443 el
156 3383 321 3450 editi,
342 3390 478 3440 teste
492 3381 722 3445 Gallaeo,
752 3395 818 3435 ex
849 3378 1046 3450 quibus
1071 3386 1194 3433 sunt
1212 3375 1469 3450 fasitel.,
1487 3375 1692 3450 Ιξθιιιιη

69 3447 353 3521 Τοι-ηθῡζ,
405 3454 603 3527 Thys.,_
654 3452 794 3527 Gall.
827 3493 843 3519 ,
868 3447 1087 3527 'Cellar.
1120 3490 1151 3527 ,_
1188 3448 1399 3527 Walch.
1431 3487 1447 3514 ,
1496 3447 1692 3503 Sonbr.

72 3529 314 3585 Absunt
340 3520 370 3582 a
408 3520 718 3593 32'scriptis
747 3533 802 3579 et
836 3521 1106 3578 nonnullis
1139 3520 1437 3590 impressis,
1470 3528 1525 3574 et
1558 3533 1700 3588 prae-

74 3600 293 3657 sertim
320 3599 372 3654 in
394 3598 480 3654 ed.
504 3596 722 3653 Sublac.

160 3690 251 3745 Et
277 3707 389 3744 eam
416 3692 588 3744 animo
638 3702 748 3741 meo
777 3700 913 3755 saepe
937 3682 1215 3755 reputanti.
1240 3679 1560 3755 Praepositio
1586 3696 1701 3755 cum

74 3763 138 3819 in
164 3762 212 3819 5
244 3777 376 3816 mss.
417 3759 812 3816 Oxoniensihus
838 3750 892 3811 et
921 3756 976 3812 in
996 3750 1239 3809 editione
1266 3750 1574 3806 Florentina
1600 3750 1700 3805 de-

69 3834 408 3899 sideratur;
438 3840 586 3887 extat
609 3838 786 3884 autem
812 3826 1104 3899 itit‘caateris
1128 3834 1237 3878 tum
1272 3837 1402 3899 mss.
1437 3831 1555 3899 tum.
1580 3821 1699 3875 edi-

77 3904 190 3971 tis,
223 3912 287 3958 et
329 3892 466 3973 apud
517 3902 796 3957 Minutium
841 3897 1102 3973 Felicem,
1141 3910 1301 3965 quem
1353 3892 1439 3948 hic
1467 3892 1706 3948 imitatus

74 3970 179 4033 est
212 3970 551 4038 Lactantius,
583 3983 644 4027 ut
668 3987 827 4040 supra
853 3970 1128 4023 admonui.

163 4047 255 4102 Et
280 4048 465 4101 mirum
493 4034 816 4116 pariterue-te.
861 4041 1037 4106 Lact.,
1070 4040 1106 4095 ι.
1142 4054 1179 4103 ι,
1222 4053 1272 4116 εζ
1309 4038 1382 4116 ll
1407 4034 1518 4116 ald
1539 4044 1586 4090 et
1612 4034 1707 4116 tio-

76 4120 194 4174 etis
228 4119 435 4187 pariter
455 4106 508 4173 ei
526 4106 749 4170 indoctis
778 4127 1079 4188 persuasum
1108 4119 1200 4163 est.
1238 4109 1312 4188 D_e
1343 4106 1510 4188 99in,
1546 4121 1596 4188 c.
1626 4108 1697 4188 8.:

78 4177 415 4246 Ministeriis
435 4199 482 4244 et
505 4188 748 4242 instruxit
780 4177 969 4253 pariter
1013 4191 1068 4236 ct
1101 4180 1318 4235 ornauit.
1350 4177 1705 4253 Elegantissi-

72 4276 232 4318 mus
267 4259 493 4325 Plinius,
521 4260 557 4314 1.
585 4274 682 4320 vit,
705 4249 792 4326 ep.
826 4255 927 4309 19:
966 4253 1145 4324 Meque
1179 4261 1244 4326 et
1278 4266 1406 4326 agito
1437 4249 1627 4319 pariter
1650 4255 1706 4303 et

78 4331 331 4386 rescisso
355 4320 559 4385 uulnere
577 4320 807 4397 adﬁciet;
831 4333 885 4380 et
915 4327 949 4380 I.
979 4341 1033 4391 ι,
1062 4320 1159 4397 ep:
1181 4320 1395 4397 44156)
1423 4341 1435 4373 ;
1460 4329 1508 4373 et
1521 4335 1707 4397 _susce-
1734 4328 1742 4387 ς

81 4403 286 4471 pimus
325 4401 515 4471 pariter
541 4411 596 4456 et
640 4390 902 4471 Solvimus.
934 4390 1423 4471 Solus’ilypriattus
1450 4390 1537 4446 vel
1576 4406 1711 4446 cen-

84 4462 213 4528 iies
245 4483 292 4526 et
321 4462 512 4540 pariter
559 4480 605 4525 et
651 4468 846 4540 posuit.
883 4466 939 4521 In
989 4462 1233 4540 versibus
1261 4462 1508 4540 Ovidius,
1541 4477 1642 4540 pro
1666 4472 1715 4517 et

94 4534 331 4615 pariter
359 4553 428 4606 et,
460 4557 605 4615 saepe
629 4534 851 4596 adhibet
890 4548 938 4592 et
968 4538 1276 4607 pariterque,
1310 4534 1347 4588 l.
1392 4549 1489 4588 xut
1540 4534 1715 4590 Meta-

89 4612 365 4684 inorph.,
392 4628 477 4669 vs.
508 4612 633 4669 422.

246 4726 311 4779 Et
334 4730 479 4779 vitam
502 4729 685 4793 pariter
711 4735 1020 4788 regnumque
1044 4721 1264 4785 reliquit.
1304 4720 1427 4770 Bos.

321 4843 487 4889 erunt.
523 4834 596 4889 De
624 4832 726 4887 hac
750 4827 1051 4885 defectione
1073 4835 1126 4880 et
1153 4823 1428 4880 hominum
1460 4821 1718 4892 insipien-

102 4907 221 4970 tia,
246 4894 372 4962 vide
398 4906 620 4961 Paulum
649 4903 717 4957 ad
747 4902 1041 4962 Romanos,
1069 4912 1120 4953 c.
1153 4894 1308 4970 1,21,
1332 4895 1426 4970 ἓξ),
1454 4894 1544 4948 24.

200 4967 466 5044 Elfecerit.
509 4976 717 5045 Sequor
743 4972 1030 5046 lectionem
1075 4968 1316 5046 omnium
1365 4967 1473 5046 fere
1500 4978 1633 5046 mss.
1665 4972 1721 5046 e_t

105 5049 151 5105 9
189 5035 335 5119 typis
384 5035 743 5119 vulgaturum.
793 5041 852 5098 In
894 5042 1033 5119 lieg.
1072 5053 1211 5119 _rec..
1241 5044 1325 5093 est
1368 5035 1575 5103 e/fecit;
1605 5035 1658 5090 in
1685 5035 1720 5090 5

106 5110 347 5190 scriptis
372 5110 562 5174 reciet
589 5115 812 5172 t0tidem
841 5110 1026 5179 editis,
1056 5110 1251 5238 [ευριπ.
1554 5176 1566 5188 ο

210 5190 348 5238 auia
371 5190 554 5238 uideri-
585 5186 748 5238 tanai.
799 5195 903 5238 etc.
934 5183 1029 5238 Sic
1099 5181 1253 5235 auius
1301 5179 1323 5234 Ι
1349 5177 1417 5233 ad
1442 5177 1566 5234 Cori

210 5176 348 5256 Q'uia
371 5190 554 5254 uideri,
585 5186 748 5257 tangi,
799 5195 907 5257 etc.
934 5176 1029 5240 Sic
1056 5176 1253 5257 Paulus
1301 5179 1323 5234 Ι
1349 5177 1417 5233 ad
1442 5176 1717 5257 Cori_ntli.,

103 5276 177 5317 c.
213 5248 273 5328 ξ,
296 5262 369 5318 de
414 5248 697 5331 Sapientia
721 5248 816 5313 Dei
865 5256 941 5310 ait
960 5254 1107 5331 quod
1130 5252 1312 5331 oculus
1360 5266 1463 5303 non
1488 5248 1639 5331 uidit,
1671 5256 1721 5302 et

102 5319 274 5388 auris
301 5350 408 5389 non
432 5319 646 5394 au'divit,
673 5339 720 5385 et
749 5331 803 5382 in
837 5343 925 5381 cor
949 5319 1168 5380 horninis
1210 5339 1311 5377 non
1330 5319 1577 5394 ascendit.

201 5400 555 5461 haerebant.
577 5392 705 5457 Mss.
732 5399 960 5455 Tornes.
1003 5396 1329 5450 att/iterabant
1356 5410 1374 5460 ;
1403 5392 1429 5449 1
1462 5392 1596 5448 Βοιι.
1624 5406 1724 5444 an-

97 5472 252 5545 ιὶφ,
280 5477 440 5541 Jun.,
474 5471 753 5545 Ulli-"fed.
782 5469 878 5545 l§._,
904 5467 1290 5545 inﬁmarum.“

193 5534 483 5618 Sapientia
505 5534 782 5618 occiderat.
798 5541 897 5618 Sic
912 5540 1180 5618 lego_cum
1207 5535 1533 5618 edituzlvetn.
1560 5534 1718 5618 Rom.

80 5604 305 5684 μιθεῖ
354 5618 517 5684 mo,
571 5613 764 5670 Venet.
799 5604 1007 5684 1490,:
1017 5608 1245 5684 Tornes.
1305 5605 1467 5684 157a,
1500 5604 1721 5669 Soubr.,

68 5676 340 5753 θεῶν.
392 5676 559 5757 1713,
584 5685 809 5753 Cellar.,
840 5692 895 5739 et
937 5679 1151 5738 Walclt.
1183 5686 1239 5734 ct
1286 5676 1538 5735 omnibus
1586 5690 1721 5732 mss.

1348 5887 1377 5895 Α

1804 3385 2002 3448 praeter
2035 3377 2061 3431 1
2096 3374 2336 3448 Clarum.
2366 3383 2430 3448 et
2477 3375 2547 3430 12
2573 3374 2731 3448 edit.,
2776 3376 2974 3448 quibus
3025 3385 3110 3432 est
3155 3378 3411 3447 sapientia

1801 3446 2076 3504 ceciderat.
2100 3477 2171 3488 ——
2195 3446 2467 3516 Sapientia
2493 3447 2769 3519 occiderat.
2799 3446 2925 3503 Haec
2967 3462 3097 3502 vera
3131 3446 3409 3519 scriptura

1804 3519 1962 3576 valde
1996 3520 2049 3574 in
2085 3519 2238 3574 libris
2264 3519 2577 3586 depravata.
2604 3519 2694 3573 Sic
2726 3518 2828 3584 l.v,
2858 3533 2908 3573 c.
2940 3519 2997 3585 4,
3028 3529 3168 3573 extr.
3201 3538 3214 3572 :
3249 3519 3412 3575 Occa-

1800 3608 1976 3647 suram
2023 3606 2132 3644 esse
2161 3605 2363 3643 omnem
2411 3588 2816 3656 philosOphiam;
2862 3589 2898 3642 Ι.
2932 3604 2991 3655 ιι,
3025 3604 3075 3643 c.
3111 3590 3179 3644 10
3208 3608 3221 3642 :
3256 3589 3408 3644 Occi-

1803 3662 1925 3717 dere
1970 3663 2023 3715 in
2070 3670 2254 3725 totum,
2284 3668 2343 3713 ut
2371 3658 2459 3713 hic
2490 3659 2645 3712 dixit.
2674 3657 2868 3714 Cicero
2900 3659 2952 3713 in
2982 3658 3207 3724 Catone,
3236 3674 3286 3713 c.
3315 3660 3409 3726 20,

1804 3742 1943 3788 extr.
1983 3751 1995 3788 :
2031 3730 2100 3787 Ut
2122 3732 2444 3800 superiorum
2464 3739 2676 3783 relatum
2698 3729 2871 3800 studia
2893 3728 3176 3800 occidunt,
3204 3731 3280 3784 sic
3309 3746 3408 3800 oc-

1809 3804 1997 3860 cidunt
2046 3799 2201 3858 etiam
2250 3801 2560 3866 senectutis;
2591 3800 2627 3855 ι.
2662 3814 2679 3854 ι
2725 3800 2794 3855 de
2823 3799 3035 3871 Legib.,
3063 3814 3113 3855 c.
3148 3801 3256 3855 1'2:
3286 3799 3412 3856 Jam

1811 3876 2058 3932 amicitia:
2078 3889 2263 3929 nomen
2291 3871 2573 3928 occiderit.
2634 3871 2767 3927 BUN.

1883 3948 2161 4017 Appareat.
2222 3945 2456 4017 Reposui
2509 3960 2575 4017 ex
2624 3943 2785 3998 editis
2828 3944 2863 3998 4
2915 3952 2972 3999 et
2999 3944 3209 4017 cunctis
3240 3959 3413 4014 prope

1812 4015 1945 4075 mss.
1969 4015 2027 4073 ln
2057 4017 2183 4073 Jun.
2208 4027 2264 4069 et
2294 4015 2362 4071 l0
2388 4016 2604 4085 excusis
2634 4024 2719 4069 est
2741 4015 3087 4085 apparuerit;
3118 4016 3172 4070 iu
3205 4016 3238 4072 5
3268 4017 3409 4071 scri-

1813 4091 2058 4163 ptisrec.
2088 4088 2365 4163 apparuit;
2394 4088 2449 4163 ξι]
2482 4087 2508 4140 1
2537 4084 2776 4163 Clarum.
2816 4084 3119 4163 appareret.

1887 4160 2013 4216 Esse
2038 4159 2362 4230 inveniretur.
2398 4157 2536 4212 Vera
2569 4158 2750 4222 lectio,
2781 4173 2942 4230 quam
2972 4173 3079 4212 non
3109 4158 3414 4230 intelligen-

1815 4242 1895 4288 tes
1926 4232 2128 4286 librarii
2160 4230 2227 4284 12
2257 4229 2595 4300 scripserunt
2644 4237 2773 4283 esset
2819 4229 3024 4283 inventa
3047 4243 3068 4294 ;
3094 4229 3127 4284 5
3156 4245 3269 4286 rec.
3292 4229 3413 4285 esse

1812 4305 2037 4371 inventa,
2061 4308 2336 4371 corrupte.

1894 4369 2100 4443 Septem
2127 4369 2285 4444 fuisse
2323 4372 2619 4444 traduntur,
2650 4379 2756 4444 etc_.
2789 4369 2879 4444 Sic
2908 4369 3030 4444 lego
3071 4385 3196 4444 cum
3235 4371 3415 4444 omnig-

1821 4447 1921 4503 bus
1943 4439 2058 4500 fere
2085 4439 2218 4499 mss.
2251 4453 2305 4499 et
2329 4443 2562 4513 vulgatis
2586 4457 2702 4497 sex.
2733 4439 2793 4513 In
2844 4442 2878 4495 4
2905 4439 3124 4513 scriptis
3166 4457 3279 4497 rec.
3307 4450 3362 4497 et
3381 4443 3416 4497 8

1819 4517 1981 4575 editis
2019 4526 2102 4572 est
2134 4534 2147 4570 :
2174 4515 2383 4582 Septem
2433 4514 2593 4586 fuisse
2639 4512 2913 4566 traduntur
2964 4512 3120 4586 primi
3164 4512 3412 4586 omnium,

1818 4590 1907 4661 qui
1930 4589 2051 4659 quia
2075 4587 2139 4642 de
2179 4586 2346 4661 ratius,
2379 4582 2978 4661 etcLSeptemnautem
3008 4582 3084 4637 illi
3116 4584 3299 4661 _p_rim_i
3323 4598 3416 4661 sa-

1820 4653 2033 4732 pientes
2060 4668 2186 4732 sunt
2215 4656 2432 4732 Thales,
2463 4653 2700 4732 Pittacus
2722 4653 3087 4732 11ἱιγ1ςιιεξίιιεζ
3114 4654 3238 4732 Bias
3264 4655 3422 4711 Prie-

1821 4724 2029 4796 nensis,
2061 4729 2249 4793 Solon,
2283 4726 2578 4784 Cleobulus
2606 4724 2851 4791 Lindius,
2879 4724 3038 4781 Chilo
3065 4724 3418 4783 Lacedaemo-

1822 4804 1968 4869 nius,
1990 4798 2306 4857 Periander.
2334 4796 2431 4870 llis
2469 4796 2686 4870 addunt
2710 4797 2875 4867 aliqui
2900 4796 3259 4854 Anacharsim
3287 4796 3425 4870 Scy-

1823 4866 1990 4930 tham.
2023 4874 2097 4928 De
2123 4870 2320 4942 quibus
2342 4868 2610 4942 Laertius,
2634 4866 2773 4942 libro
2802 4866 2844 4920 i.

1894 4938 2178 5000 Cierentur.
2210 4941 2310 4997 Ms.
2339 4940 2465 4996 Jun.
2500 4938 2629 5011 legit
2652 4938 3001 4995 crederentur.
3028 4938 3172 4995 Nihil
3202 4948 3423 4995 mutan-

1822 5016 1951 5073 dum
1996 5014 2203 5073 censui.
2240 5011 2508 5069 Cierentur
2551 5019 2636 5068 est
2660 5019 2981 5066 vocarentur.
3033 5011 3127 5068 Sic
3170 5011 3422 5081 Lucret.,

1825 5090 1988 5144 Lv:

1978 5195 2259 5249 Dissimiles
2279 5195 2470 5247 soleant
2497 5207 2646 5246 voces
2666 5196 2929 5259 variasque
2953 5195 3113 5246 ciere.

1826 5300 2030 5367 Livius,
2063 5298 2194 5353 ciere
2221 5307 2410 5368 patres.
2446 5296 2594 5369 Virg.
2626 5313 2698 5365 vr,
2734 5295 2996 5353 IEneida

1983 5469 2040 5496 .7:
2068 5471 2080 5483 .
2113 5473 2124 5484 .
2155 5472 2167 5484 .
2190 5469 2204 5483 .
2233 5470 2245 5482 .
2274 5470 2287 5483 .
2315 5432 2423 5493 Quo
2445 5445 2544 5483 non
2562 5432 2873 5496 praestantior
2893 5429 3020 5481 alter

1985 5494 2103 5546 [Ere
2125 5498 2264 5547 ciere
2280 5497 2430 5546 viros.

1900 5602 2239 5676 Putaverunt.
2264 5602 2599 5676 Pythagoras
2628 5602 2858 5672 scilicet,
2879 5598 2950 5659 de
2975 5616 3085 5673 quo
3110 5600 3232 5660 vide
3257 5616 3420 5676 supra

1830 5675 1971 5735 libro
1999 5691 2074 5745 ιιι,
2099 5689 2149 5731 c.
2176 5674 2215 5729 2
2233 5684 2287 5731 et
2317 5674 2404 5732 li.
