3770 6264
61 264 168 328 455

669 395 895 457 CAPUT
937 395 1025 453 Ill.

71 537 324 613 Sapientia
362 548 406 595 et
443 535 622 609 religio
651 534 827 591 divelli
867 549 967 589 non
1025 540 1271 606 possunt;
1308 532 1648 589 necessarium

187 642 251 689 est
272 642 324 687 ut
350 639 548 687 natura
568 626 822 683 Dominus
850 626 914 682 sit
940 626 1336 697 uniuscujusque
1370 631 1532 695 pater.

144 769 363 828 Deorum
391 768 589 832 cultus,
621 775 681 823 ut
706 765 760 821 in
786 764 963 835 priore
989 763 1127 819 libro
1153 761 1335 827 docui,
1356 775 1463 816 non
1488 758 1649 815 habet

81 864 395 934 Sapientiam,
420 877 526 917 non
551 860 713 915 modo
738 860 861 928 quia
883 857 1122 913 divinum
1149 854 1347 911 animal
1374 852 1650 908 hominem

75 957 288 1014 terrenis
328 954 712 1026 fragilibusque
748 952 1063 1018 substernit,
1097 949 1195 1006 sed
1236 949 1361 1018 quia
1402 947 1537 1003 nihil
1577 946 1651 1001 ibi

68 1050 361 1116 disseritur,
390 1048 537 1119 quod
582 1044 827 1118 proﬁciat
857 1045 924 1100 ad
967 1060 1150 1100 mores
1189 1042 1525 1099 excolendos
1563 1039 1648 1095 vi-

67 1152 272 1213 tamque
312 1139 653 1197 formandam
697 1157 711 1192 :
760 1153 861 1195 nec
901 1137 1065 1194 habet
1106 1136 1512 1206 inquisitionem
1550 1133 1653 1188 ali-

57 1251 218 1306 quam
245 1234 507 1299 veritatis,
537 1233 634 1288 sed
667 1230 1042 1288 tantummodo
1072 1230 1236 1285 ritum
1274 1228 1524 1293 colendi,
1560 1228 1654 1299 qui

53 1346 174 1386 non
201 1327 376 1384 ofﬁcio
402 1328 625 1395 mentis,
664 1325 761 1383 sed
803 1326 1113 1381 ministerio
1142 1325 1390 1394 corporis
1417 1331 1650 1381 constat.

48 1423 139 1478 Et
173 1421 291 1478 ideo
331 1437 440 1477 non
484 1430 572 1477 est
614 1420 706 1474 illa
744 1417 938 1490 religio
980 1432 1109 1473 vera
1148 1417 1478 1487 iudicanda;
1529 1416 1656 1486 quia

40 1515 220 1573 nullis
243 1515 471 1585 iustitiae
506 1512 836 1583 virtutisque
864 1511 1154 1582 prazceptis
1177 1510 1360 1567 erudit
1385 1509 1657 1581 efﬁcitque

36 1610 329 1666 meliores.
352 1609 431 1664 Ita
465 1606 833 1678 philosophia,
857 1606 982 1676 quia
1024 1620 1207 1661 veram
1231 1604 1573 1683 religionem,
1602 1602 1656 1658 id

34 1711 146 1758 est
168 1717 437 1757 summam
478 1702 733 1770 pietatem
772 1713 881 1753 non
916 1697 1099 1764 habet,
1129 1712 1239 1751 non
1283 1706 1368 1753 est
1397 1711 1527 1751 vera
1565 1710 1656 1751 sa-

24 1794 281 1867 pientia.
310 1792 447 1848 Nam
477 1793 522 1846 si
542 1792 818 1857 divinitas,
850 1806 970 1860 quae
1007 1790 1277 1860 gubernat
1322 1789 1463 1841 hunc
1492 1803 1653 1841 mun-

19 1890 213 1954 dum,
230 1884 536 1942 incredibili
554 1882 918 1940 beneﬁcentia
940 1897 1113 1951 genus
1137 1879 1415 1934 hominum
1437 1886 1657 1933 susten-

26 1994 99 2040 ta
122 1990 167 2046 ι,
194 1991 247 2037 et
275 1980 427 2050 quasi
455 1989 681 2048 paterna
714 1976 1044 2045 indulgentia
1073 1975 1246 2038 fovet,
1275 1974 1390 2029 vult
1412 1973 1655 2044 profecto

28 2075 289 2149 gratiam
320 2072 422 2128 sibi
455 2069 673 2133 referri,
701 2077 756 2125 et
786 2067 1050 2123 honorem
1082 2066 1197 2120 dari
1229 2083 1243 2120 :
1278 2080 1378 2121 nec
1402 2075 1657 2120 constare

38 2166 270 2224 homini
299 2164 438 2220 ratio
468 2163 686 2233 pietatis
716 2167 917 2231 potest,
950 2160 995 2215 si
1033 2159 1346 2216 cmlesubus
1375 2157 1658 2214 beneﬁciis

44 2257 307 2316 extiterit
346 2257 623 2327 ingratus;
675 2253 821 2325 quod
872 2268 979 2308 non
1018 2262 1103 2308 est
1147 2252 1331 2323 utique
1373 2251 1655 2321 sapientis.

47 2352 335 2421 Quoniam
369 2350 551 2420 igitur,
585 2355 645 2403 ut
688 2347 821 2413 dixi,
853 2345 1198 2417 pltilosOphia
1228 2353 1283 2401 et
1308 2345 1499 2415 religio
1529 2345 1662 2400 deo-

44 2462 196 2502 rum
248 2443 514 2515 disiuncta
548 2451 697 2509 sunt,
753 2443 1021 2513 longeque
1061 2440 1316 2506 discreta,
1359 2442 1403 2494 si
1440 2440 1661 2511 quidem

48 2542 163 2597 alii
212 2549 332 2595 sunt
373 2537 712 2610 professores
750 2537 1048 2606 sapientiae,
1114 2552 1211 2605 per
1273 2550 1410 2607 quos
1479 2536 1666 2606 utique

54 2637 140 2693 ad
190 2636 326 2692 deos
370 2649 478 2690 non
528 2632 727 2698 aditur,
774 2632 865 2686 alii
916 2630 1196 2702 religionis
1230 2629 1526 2692 antistites,
1570 2643 1666 2699 per

10 2776 13 2779 ,
54 2745 221 2801 quos
270 2742 458 2799 sapere
499 2742 606 2782 non
637 2725 895 2789 discitur;
926 2732 1187 2795 apparet,
1221 2737 1324 2778 nec
1368 2723 1513 2777 illam
1546 2736 1669 2777 esse

54 2838 264 2879 veram
311 2822 628 2889 sapientiam
657 2861 672 2887 ,
727 2833 830 2873 nec
884 2818 1025 2872 hanc
1071 2816 1414 2888 religionem.
1460 2812 1671 2870 idcirco

10 2932 173 2979 inec
236 2914 567 2987 philosophia
621 2912 799 2985 potuit
838 2910 1122 2969 veritatem
1174 2908 1669 2979 comprehendere,

10 2994 11 2999 η
48 3026 175 3068 nec
228 3010 409 3081 religio
444 3008 672 3064 deorum
718 3005 986 3060 rationem
1032 3004 1138 3071 sui,
1184 3018 1289 3073 qua
1336 3010 1506 3066 caret,
1545 3000 1673 3056 red-

10 3098 11 3107 “
45 3104 241 3160 dere.
266 3102 361 3158 Ubi
400 3109 579 3156 autem
608 3097 873 3169 sapientia
912 3112 1035 3153 cum
1078 3095 1339 3167 religione
1389 3095 1670 3166 insepara-

936 256 1142 317 LlBls‘ll
1177 254 1266 317 Ν.
1310 255 1398 314 DE
1436 253 1623 315 VERA
1664 253 2022 323 SAPIENTIA
2063 252 2151 315 ET
2188 251 2419 313 BELlG.

1668 367 1977 459 Adcnique
2019 367 2179 424 iidem
2222 376 2348 423 sunt
2374 365 2625 422 doctores
2663 365 2965 434 sapientiae,
3012 366 3102 437 qui
3139 375 3197 422 et
3244 367 3341 422 Dei

3192 199 3344 310 .454

1749 462 2080 518 sacerdotes.
2110 462 2221 519 Nec
2248 470 2426 517 tamen
2449 470 2657 516 moveat
2681 474 3026 530 quemquam,
3050 462 3172 530 quia
3194 474 3342 531 saepe

1751 553 1948 611 factum
1993 565 2097 619 est,
2143 562 2198 610 et
2239 555 2353 610 ﬁeri
2398 562 2608 624 potest,
2654 562 2712 607 ut
2757 551 3111 622 philosophus
3149 552 3341 622 aliquis

1752 648 1977 705 deorum
2018 648 2278 718 suscipiat
2318 647 2680 703 sacerdotium
2722 647 2912 717 :quod
2949 660 3071 700 cum
3118 646 3197 710 ﬁt,
3235 661 3345 701 non

1757 748 1938 796 tamen
1968 740 2313 810 conjungitur
2335 740 2673 811 pltilosOpltia
2700 754 2822 794 cum
2845 739 3145 810 religione;
3170 738 3266 794 sed
3291 745 3348 795 et

1758 832 2099 903 philosophia
2139 833 2281 888 inter
2306 847 2458 887 sacra
2497 833 2750 899 cessabit,
2786 842 2841 888 et
2875 832 3087 904 religio,
3130 831 3348 903 quando

1753 923 2103 995 philosophia
2132 924 2469 980 tractabitur.
2504 924 2600 979 illa
2645 924 2791 980 enim
2836 925 3028 994 religio
3057 933 3203 979 muta
3235 932 3343 994 cst,

1754 1034 1861 1077 non
1906 1030 2135 1088 tantum,
2170 1021 2294 1092 quia
2323 1029 2599 1076 mutorum
2628 1032 2734 1087 est,
2781 1019 2877 1075 sed
2914 1021 3036 1091 quia
3069 1021 3204 1076 ritus
3233 1020 3351 1090 ejus

1753 1114 1809 1168 in
1837 1129 1998 1171 manu
2020 1122 2076 1170 et
2096 1114 2278 1184 digitis
2298 1125 2402 1181 est,
2436 1129 2545 1169 non
2572 1114 2622 1168 in
2646 1113 2834 1181 corde,
2860 1123 2953 1168 aut
2974 1114 3178 1184 lingua,
3209 1113 3348 1168 sicut

1758 1215 1942 1262 nostra
1977 1222 2098 1277 quae
2129 1222 2256 1263 vera
2296 1215 2400 1263 est.
2427 1206 2638 1262 Idcirco
2669 1215 2725 1261 et
2756 1207 2809 1260 in
2841 1205 3377 1283 sapientiaﬂreligio,

1758 1307 1814 1361 et
1842 1299 1894 1361 in
1924 1299 2185 1371 religione
2216 1301 2614 1371 sapientiast
2657 1300 2799 1370 Ergo
2829 1314 2936 1354 non
2968 1309 3144 1371 potest
3172 1313 3356 1370 segre-

1756 1392 1912 1461 gari;
1939 1393 2063 1463 quia
2104 1408 2297 1463 sapere
2324 1392 2456 1447 nihil
2487 1392 2635 1447 aliud
2677 1402 2783 1459 est,
2822 1392 2925 1449 nisi
2967 1394 3136 1449 Deum
3167 1406 3356 1448 verum

1754 1481 1914 1552 jnstis
1956 1497 2019 1537 ac
2062 1484 2168 1554 piis
2211 1484 2447 1540 cultibus
2502 1483 2794 1539 honorare.
2843 1484 3131 1539 Multorum
3175 1492 3357 1540 autem

1761 1575 1988 1630 deorum
2021 1578 2199 1634 cultus
2243 1592 2351 1633 non
2393 1591 2516 1634 esse
2551 1578 2850 1634 secundum
2897 1587 3164 1644 naturam,
3196 1579 3360 1634 etiam

1763 1667 1869 1724 hoc
1907 1682 2225 1740 argumento
2250 1672 2433 1743 colligi
2470 1681 2649 1745 potest
2685 1682 2737 1728 et
2767 1672 3151 1743 comprehendi
3187 1690 3199 1725 :
3230 1672 3361 1728 0m-

1762 1776 1886 1816 ncm
1922 1764 2113 1829 Deum,
2139 1769 2231 1835 qui
2260 1765 2327 1821 ab
2359 1765 2577 1821 homine
2606 1766 2823 1832 colitur,
2856 1780 3078 1821 necesse
3106 1772 3191 1821 est
3218 1765 3362 1820 inter

1760 1854 2032 1910 solemnes
2063 1857 2199 1910 ritus
2226 1866 2281 1912 et
2304 1859 2642 1926 precationes
2672 1866 2877 1926 patrem
2908 1857 3228 1926 nuncupari,
3248 1871 3360 1912 non

1762 1953 1967 2001 tautmn
2009 1947 2231 2005 honoris
2267 1951 2460 2021 gratia,
2494 1965 2679 2006 verum
2713 1951 2875 2005 etiam
2921 1952 3179 2016 rationis;
3214 1949 3361 2022 quod

1759 2047 1815 2093 et
1834 2040 2104 2110 antiquior
2130 2051 2212 2097 est
2238 2042 2480 2111 homine,
2510 2051 2564 2096 et
2590 2043 2734 2113 quod
2762 2044 2949 2111 vitam,
2973 2044 3226 2111 salutem,
3250 2044 3364 2099 vic-

1762 2140 1873 2184 tum
1905 2140 2145 2200 praestat,
2191 2142 2247 2187 ut
2276 2141 2451 2203 pater.
2497 2133 2678 2205 Itaque
2725 2144 2781 2190 et
2817 2134 3028 2205 Jupiter
3066 2151 3096 2190 a
3138 2148 3365 2205 precan-

1763 2221 1905 2277 tibus
1936 2235 2088 2293 pater
2114 2235 2359 2293 vocatur,
2393 2236 2447 2281 et
2478 2225 2766 2292 Saturnus,
2794 2237 2848 2282 et
2874 2227 3059 2293 Janus,
3091 2236 3145 2283 et
3180 2226 3363 2293 Liber,

1763 2326 1820 2372 et
1839 2319 2027 2374 caeteri
2052 2317 2339 2389 deinceps;
2365 2319 2510 2390 quod
2533 2318 2774 2375 Lucilius
2798 2320 2853 2375 in
2874 2321 3100 2378 deorum
3127 2320 3361 2377 concilio

1762 2409 1953 2467 irridet
1973 2427 1989 2463 :

1866 2547 1928 2599 Ut
1950 2559 2096 2597 nemo
2118 2549 2182 2597 sit
2204 2555 2441 2606 nostrum,
2465 2550 2583 2609 quin
2608 2552 2751 2610 pater
2781 2549 2985 2610 optimu'
3006 2548 3205 2607 divum;

1865 2610 1929 2675 l_it
1950 2610 2197 2675 Neptuuu‘
2224 2620 2383 2675 pater,
2406 2611 2574 2669 Liber,
2604 2610 2834 2661 Saturnu'
2860 2623 3021 2675 pater,
3043 2612 3192 2673 Mars,

1862 2671 2027 2735 Jauu‘,
2044 2671 2268 2735 Quiriuu‘
2288 2682 2447 2735 pater,
2471 2686 2651 2725 nomen
2670 2671 2868 2723 dicatur
2885 2675 2942 2723 ad
2964 2671 3138 2724 unum.

1772 2797 1924 2864 Quod
1954 2798 2001 2852 si
2034 2807 2221 2851 natura
2271 2813 2380 2853 non
2427 2798 2650 2868 patitur,
2696 2808 2755 2853 ut
2799 2798 2909 2857 sint
2939 2800 3097 2855 unius
3128 2798 3366 2856 hominis

1773 2890 1926 2947 multi
1972 2900 2151 2960 patres
2190 2888 2282 2960 (ex
2324 2906 2431 2946 uno
2482 2891 2625 2947 enim
2676 2890 3018 2964 procreatur)
3068 2907 3199 2963 ergo
3241 2892 3374 2948 deos

1775 2985 1936 3041 etiam
1966 2985 2167 3040 multos
2208 2984 2395 3040 colere
2432 2995 2622 3041 contra
2658 2995 2906 3041 naturam
2937 2994 3043 3053 est,
3076 2994 3374 3055 contraque

1775 3079 2051 3148 pietatem.

50 3197 166 3253 bili
232 3209 364 3249 nexu
402 3191 662 3260 cohaeret,
709 3200 997 3260 utrumque
1036 3205 1225 3244 verum
1282 3203 1403 3245 esse
1444 3202 1670 3247 necesse
1700 3189 1746 3255 C
1848 3190 1998 3247 Unus
2025 3191 2184 3262 igitur
2212 3191 2473 3248 colendus
2503 3200 2607 3256 est,
2631 3193 2722 3265 qui
2754 3202 2931 3273 potest
2954 3212 3080 3254 vere
3102 3206 3255 3274 pater
3276 3213 3374 3256 no-

49 3298 195 3352 est;
245 3287 356 3356 quia
375 3294 429 3342 et
455 3286 508 3340 in
530 3281 761 3339 colendo
790 3296 981 3352 sapere
1009 3280 1292 3346 debemus,
1327 3281 1379 3335 id
1400 3289 1482 3335 est
1510 3280 1670 3347 scire,

43 3378 216 3452 quid
256 3377 398 3432 nobis
424 3386 477 3431 et
514 3373 786 3445 quomodo
815 3374 887 3429 sit
913 3373 1225 3440 colendum,
1249 3382 1302 3428 et
1329 3372 1381 3427 in
1410 3371 1675 3443 sapiendo

40 3472 291 3533 colere,
321 3469 371 3525 id
397 3478 477 3525 est
502 3483 563 3524 re
593 3477 648 3523 et
669 3477 812 3533 actu,
844 3466 986 3538 quod
1014 3466 1324 3535 scierimus,
1355 3466 1606 3538 implere.

130 3563 271 3621 Ubi
297 3577 420 3634 ergo
450 3560 712 3632 sapientia
742 3575 865 3617 cum
910 3559 1171 3631 religione
1191 3561 1577 3630 conjungitur?
1598 3561 1677 3617 Ibi

36 3656 317 3718 scilicet,
358 3653 445 3710 ubi
494 3652 637 3708 Deus
676 3652 873 3707 colitur
915 3665 1087 3717 unus;
1134 3651 1225 3706 ubi
1275 3654 1379 3706 vita
1422 3659 1478 3707 et
1523 3661 1675 3709 actus

32 3746 272 3805 cumis
292 3744 355 3801 ad
375 3760 536 3801 unum
558 3753 720 3817 caput
745 3752 803 3800 et
829 3743 895 3799 ad
919 3757 1082 3799 unam
1112 3758 1380 3805 summam
1409 3744 1671 3815 refertur;

1777 3285 1990 3340 minari.
2032 3285 2177 3340 Idem
2221 3286 2381 3341 etiam
2428 3286 2678 3347 dominus
2722 3288 2791 3344 sit
2831 3300 3057 3350 necesse
3099 3301 3214 3359 est;
3255 3294 3382 3365 quia

1778 3378 1917 3434 sicut
1944 3386 2121 3449 potest
2147 3378 2443 3451 indulgere,
2476 3380 2547 3437 ita
2577 3380 2738 3441 etiam
2768 3397 3044 3440 coercere.
3070 3385 3228 3440 Pater
3257 3385 3382 3442 ideo

1778 3470 2131 3542 appellandus
2159 3479 2263 3533 est.
2289 3471 2407 3539 quia
2436 3472 2594 3529 nobis
2618 3474 2782 3527 multa
2812 3484 2866 3529 et
2892 3490 3086 3545 magna
3118 3477 3341 3548 largitur
3365 3495 3379 3531 :

1779 3561 2031 3616 dominus
2083 3562 2241 3627 ideo,
2294 3562 2418 3631 quia
2463 3564 2759 3633 eaStigandi
2808 3580 2871 3619 ac
2926 3567 3179 3635 puniendi
3226 3568 3387 3625 habet

1784 3652 2069 3707 maximam
2098 3660 2438 3725 potestatem.
2470 3652 2751 3709 Dominum
2786 3668 2919 3711 vero
2949 3656 3197 3711 eumdem
3229 3670 3380 3725 esse,

1783 3746 1874 3817 qui
1922 3747 1993 3801 sit
2039 3754 2207 3817 pater,
2251 3746 2414 3805 etiam
2453 3744 2592 3816 juris
2632 3745 2805 3803 civilis
2847 3748 2987 3805 ratio
3026 3749 3383 3807 demonstrat.

1441 3883 1802 3943 VARIORUM
1842 3882 2072 3942 ΝΟΤᾸΞ.

112 4048 339 4127 0175050
364 4049 562 4107 mentis.
593 4043 720 4106 Ideo
749 4047 839 4104 lex
866 4047 1037 4119 jubet,
1069 4056 1126 4104 ut
1148 4042 1437 4105 Dominum
1458 4062 1526 4107 ex
1556 4055 1671 4104 toto

18 4130 263 4188 corde
286 4138 535 4180 amemus.

108 4200 273 4256 Ita.
302 4197 385 4253 Sic
413 4204 518 4251 vet.
549 4193 680 4250 edit.
718 4190 876 4247 Rom.
913 4202 968 4246 et
1001 4205 1187 4246 omnes
1217 4206 1318 4247 ms.
1364 4200 1562 4260 praeter
1592 4206 1682 4247 re-

18 4271 429 4333 centissimos
455 4266 481 4321 1
516 4266 649 4337 Reg.
676 4273 731 4321 et
753 4260 789 4319 2
811 4262 986 4329 (1011).,
1012 4262 1065 4318 in
1090 4263 1304 4333 quibus,
1329 4273 1387 4319 ut
1414 4264 1467 4318 in
1498 4263 1681 4333 editis,

67 4356 132 4402 st
171 4342 206 4397 Ι
222 4352 406 4402 taque.

25 4357 132 4405 est
171 4357 202 4397 ι
222 4357 406 4411 taque.

120 4415 314 4470 Hanc
344 4409 656 4481 religionem.
682 4403 979 4481 Subaudivi
1010 4421 1203 4462 veram.

120 4488 278 4554 Qua
327 4476 478 4537 care}.
530 4479 606 4535 ita
651 4477 866 4554 repasui
906 4492 973 4533 ex
1014 4490 1117 4535 ms.
1159 4487 1213 4533 et
1254 4476 1323 4533 12
1353 4485 1459 4532 vet.
1499 4476 1680 4539 editis.

23 4550 209 4631 Quid
247 4554 613 4610 recentiorum
642 4550 907 4631 editorum
934 4558 1037 4631 est.

121 4629 450 4695 Utrumque
478 4641 649 4679 verum
675 4638 800 4678 esse.
834 4617 1095 4676 Francius
1121 4617 1403 4691 legendum
1432 4618 1687 4690 conjicie-

20 4705 174 4767 bat,
222 4710 501 4767 utramque
526 4712 695 4751 veram
727 4708 852 4767 esse.

120 4760 270 4830 Ubi
322 4760 485 4823 autem
524 4765 773 4837 sapientia
826 4780 943 4837 cum
990 4760 1236 4837 religione
1282 4762 1685 4837 inseparabili...

15 4834 593 4918 itnplerf._l_ttlegr:t
627 4837 748 4918 haec
790 4834 972 4918 scc‘ti_o_
986 4835 1248 4918 _neglecta
1280 4834 1461 4918 estﬂiu
1502 4835 1689 4918 primis

18 4903 191 4977 edit.
257 4912 443 4971 Suhl.,
484 4911 661 4971 llost..
700 4905 841 4965 Ven.
871 4904 1032 4975 1471,
1072 4903 1127 4961 et
1162 4903 1461 4975 praesertim
1500 4906 1554 4960 in
1598 4904 1686 4960 ed.

14 4989 317 5047 Sulrlac.
342 4982 472 5038 BUN.

112 5052 549 5127 Coujungitur?
716 5050 926 5127 scilicet:
958 5044 1174 5127 Estne.
1203 5054 1258 5101 et
1287 5043 1561 5127 plerisque
1588 5046 1690 5101 im-

12 5117 309 5206 pressis
349 5117 528 5181 addidi
575 5121 679 5190 Ibi,
722 5122 864 5193 quod
898 5119 1176 5190 ascriptis
1215 5128 1268 5173 et
1300 5117 1337 5171 2
1389 5118 1546 5173 editis
1577 5132 1691 5174 rec.

106 5210 259 5259 85!.

9 5207 305 5327 “alia
333 5276 378 5322 et
403 5277 567 5322 actus.
615 5265 774 5334 Saepe
817 5270 1002 5334 nostro
1037 5268 1224 5334 actus,
1269 5260 1601 5334 utMinucio
1641 5266 1696 5334 et

9 5346 210 5407 aliis,
238 5349 347 5397 est
363 5341 522 5395 actio.
545 5337 671 5392 Vid.
696 5330 734 5391 ι’.
763 5350 845 5400 ιιι,
867 5349 918 5388 c.
945 5332 1044 5401 19;
1073 5332 1111 5386 l.
1140 5348 1216 5401 tv,
1243 5348 1292 5389 c.
1319 5333 1384 5400 '5;
1418 5333 1455 5387 l.
1480 5347 1536 5399 v,
1560 5345 1611 5386 c.
1636 5330 1693 5399 9,

9 5420 100 5478 de
146 5415 269 5471 Ira
311 5410 474 5478 c.l2,
506 5410 681 5485 c._‘l7._
708 5407 877 5485 BU_N_._
991 5475 1004 5485 _
1058 5476 1070 5485 _
1113 5472 1142 5485 __

106 5488 422 5542 Doctores
458 5472 835 5552 sapientius.“
866 5478 919 5531 in
957 5472 1249 5552 christiana
1294 5474 1556 5552 religione
1582 5472 1699 5537 fac.

9 5574 159 5618 tum
207 5562 355 5623 est,
381 5553 500 5626 quia
522 5546 532 5552 ’
557 5549 949 5626 apostoli_suut
976 5546 1228 5626 doctores
1255 5554 1311 5602 et
1339 5546 1652 5626 sacerdotes
1680 5562 1696 5626 ξ

9 5619 411 5706 mendicant
442 5619 747 5685 doctrinam
788 5619 1087 5693 Evangelii,
1139 5626 1196 5674 et
1244 5619 1414 5679 sacris
1460 5622 1702 5688 praesunt

10 5724 34 5759 1
46 5720 136 5759 vs
149 5700 306 5754 teri
318 5700 399 5755 is.

45 5720 304 5774 ysserl
318 5720 399 5755 as.
1348 5759 1360 5772 .
1499 5760 1511 5773 ,

74 5772 183 5832 Us
256 5764 467 5826 Pater.
506 5764 716 5840 Spoliat
752 5762 885 5822 deos
922 5760 1177 5822 Gentium
1219 5768 1392 5835 patris
1427 5762 1671 5834 epitheto

1778 4048 2097 4124 auctoritate
2121 4044 2259 4117 juris
2281 4054 2341 4124 et
2370 4047 2632 4124 naturalis
2658 4056 2713 4105 et
2739 4050 2913 4107 civilis
2938 4069 2952 4108 :
2986 4052 3131 4124 quod
3159 4062 3307 4111 certe
3334 4055 3390 4113 in

1787 4121 1933 4190 ipsos
1963 4134 2070 4174 non
2110 4119 2391 4188 competit.
2437 4119 2571 4189 Quia
2628 4124 2793 4190 patris
2828 4119 3024 4181 nomen
3075 4141 3179 4181 non
3226 4129 3390 4185 modo

1786 4191 1886 4264 soli
1937 4192 2066 4264 Deo,
2121 4190 2215 4264 sed
2264 4192 2425 4246 etiam
2474 4207 2690 4262 semper
2731 4198 3003 4252 convenit.
3048 4197 3128 4251 Illi
3178 4208 3388 4264 autem,

1785 4263 1910 4333 quia
1941 4261 2228 4340 aliquando
2273 4271 2477 4331 patres,
2517 4261 2756 4340 etesse,
2799 4269 3158 4340 et_uotnit_tari
3203 4261 3390 4340 coepe;-

1789 4332 1935 4397 rum,
1968 4332 2042 4388 dii
2082 4348 2204 4411 esse
2240 4349 2346 4411 non
2396 4335 2842 4411 possunt._‘Nantn
2857 4338 2995 4390 Deus
3036 4336 3264 4411 ἄχρονος
3293 4332 3392 4395 ἐει

1787 4416 1960 4484 pater,
2013 4405 2102 4474 qui
2153 4405 2337 4473 genuit
2386 4405 2546 4484 etiam
2599 4406 2763 4461 lilium
2808 4405 3205 4484 ἄχρονογίἙξι
3246 4413 3389 4484 enim

1787 4476 2018 4551 ὁμήλικας
2042 4485 2276 4551 νενιτῆρ,
2305 4486 2364 4532 ut
2386 4475 2619 4551 Nonnus
2638 4493 2769 4551 eum
2808 4475 3117 4546 εὺῖὶινθιιειι.
3157 4481 3258 4550 ipsi
3296 4497 3393 4535 au-

1787 4548 1899 4605 tem
1934 4550 1985 4601 in
2019 4548 2263 4617 tempore
2290 4548 2399 4603 nati
2432 4555 2577 4611 sunt,
2609 4548 2652 4603 si
2686 4549 2936 4604 volumus
2966 4548 3201 4605 Hesiodo
3231 4553 3393 4607 litlem

1786 4619 2008 4677 habere.
2032 4619 2147 4673 Non
2167 4634 2303 4688 opus
2318 4629 2407 4674 est
2423 4619 2509 4673 hic
2529 4620 2761 4689 allegare
2776 4621 3149 4677 auctoritatem
3170 4621 3392 4691 Christi,

1788 4692 1879 4761 qui
1906 4692 2048 4759 apud
2077 4691 2264 4745 Matth.
2296 4706 2416 4762 cap.
2448 4706 2604 4753 χχιιι,
2635 4707 2800 4762 unum
2836 4705 2958 4745 esse
2994 4693 3125 4748 dicit
3154 4695 3390 4762 Patrem,

1791 4760 1913 4818 eum
1945 4777 2158 4831 nempe,
2193 4762 2282 4831 qui
2314 4760 2543 4817 incaelis
2567 4769 2667 4814 est.
2699 4761 3027 4819 Bsrunems.

1869 4832 2046 4897 Pater,
2081 4850 2262 4885 nomen
2290 4833 2491 4887 dicatur
2527 4833 2595 4886 ad
2636 4850 2813 4888 unum.
2857 4835 2948 4890 Fr.
2980 4836 3160 4892 Douza
3198 4846 3252 4892 et
3277 4838 3398 4893 Sel-

1793 4904 1965 4960 tlcnus
2004 4906 2210 4974 legunt,
2244 4920 2417 4957 omnes
2449 4904 2676 4958 dicamus
2718 4905 2786 4959 ad
2816 4923 2993 4965 unum.
3031 4907 3162 4963 Vitlc
3202 4909 3397 4965 Selde-

1795 4992 1921 5032 nutn
1965 4974 2033 5031 de
2067 4975 2175 5029 Diis
2215 4975 2369 5045 Syris
2407 4975 2630 5046 Syntag.
2666 4991 2738 5044 ιι;
2781 4979 2862 5032 sic
2900 4979 3069 5033 edidit
3107 4982 3270 5034 etiam
3311 4980 3396 5036 Cl.

1801 5048 2024 5103 Vossius
2051 5046 2121 5101 de
2149 5046 2461 5101 Idololatria
2501 5048 2592 5101 lib.
2633 5062 2692 5112 ιι,
2734 5065 2855 5118 cap.
2890 5050 2978 5106 l6.
3013 5051 3295 5107 GALLIEUS.
3326 5080 3399 5094 -—

1796 5119 1863 5177 Hi
1884 5131 2226 5191 _t_resversus
2255 5134 2320 5191 c_x
2344 5118 2537 5174 Lucilii
2565 5119 2774 5191 Satyris
2795 5122 3064 5191 desumpti
3092 5133 3235 5177 sunt.

1873 5187 2029 5261 Multi
2061 5200 2249 5258 patres.
2278 5189 2423 5261 Lego
2451 5192 2599 5253 multi
2624 5187 2746 5247 cum
2771 5208 2904 5249 mss.
2934 5187 3401 5250 et'CellarioNul-

1798 5261 1908 5334 εειιῇ
1935 5260 2376 5334 Ιιειιιειιιηριιινει.

1871 5330 1903 5387 J
1913 5332 2018 5386 uris
2040 5330 2203 5391 civilis
2233 5334 2365 5387 ratio
2391 5333 2725 5389 denwnstrat.
2761 5335 3007 5398 Patribus
3026 5337 3157 5391 olim
3186 5349 3401 5394 summa

1802 5404 2098 5478 inliberos
2129 5414 2246 5459 erat
2288 5413 2545 5478 potestas,
2584 5406 2724 5478 adeo
2750 5417 2811 5462 ut
2846 5410 2935 5478 jus
2976 5407 3101 5463 vita:
3143 5421 3207 5463 ac
3249 5407 3401 5462 necis

1801 5474 2092 5549 habuerint
2113 5514 2126 5539 ,
2167 5477 2623 5549 quemadmodtun
2655 5474 2862 5534 domini
2896 5480 2949 5533 in
2996 5494 3183 5535 servos
3206 5478 3271 5549 (Ι.
3300 5478 3399 5549 ll,

1804 5547 1873 5621 ρ.
1903 5546 2177 5621 distaret
2199 5547 2511 5621 [emittm-.71.
2545 5550 2740 5621 lianc.
2774 5550 2838 5605 de
2868 5549 3013 5621 Patr.
3049 5546 3255 5621 potasti,
3288 5548 3325 5602 Ι.
3361 5563 3400 5615 ι,

1803 5615 2161 5694 geminent,
2188 5615 2420 5694 dignus.
2444 5615 2636 5694 libet).
2668 5620 2893 5694 Sopater
2910 5618 2967 5694 in
2994 5615 3320 5694 Hermogen.
3348 5627 3407 5675 et

1807 5689 2121 5763 Simplicius
2150 5693 2206 5746 in
2254 5691 2428 5763 Epict.
2466 5689 2607 5748 Hice
2632 5689 2796 5760 patris
2828 5692 2883 5749 in
2910 5693 3118 5763 liberos
3149 5689 3407 5763 maiestas

1806 5761 1874 5818 ab
1914 5762 2092 5820 Attica
2144 5762 2264 5836 lege
2301 5761 2569 5837 migravit
2618 5764 2842 5823 Romam
2894 5762 3017 5842 (sub
3068 5761 3405 5841 Consulite);
