3770 6264
496 310 608 368 455

1581 311 1767 370 FIRM.
1809 311 2179 372 LACTANTII
2237 316 2439 377 DIV’IN.
2482 319 2722 379 lNSTlT.
3633 340 3682 400 ibi

499 425 635 493 Quis
673 425 814 482 enim
856 424 1054 495 poterit
1091 424 1234 480 ﬁlios
1257 425 1506 494 educare,
1553 428 1658 482 nisi
1696 428 1890 482 habeat
1927 430 1978 484 in
2009 445 2102 486 eos
2129 435 2184 494 Α
2209 433 2411 490 habere
2444 436 2610 490 ullam
2639 436 2949 492 ﬁrmitatem
2981 435 3170 508 religio
3192 447 3387 509 potest,
3417 449 3593 513 quando
3618 471 3683 512 ea.

500 518 704 574 domini
734 519 1088 588 potestatem?
1118 519 1226 574 Nec
1254 521 1521 575 immerito
1550 521 1940 592 paterfamilias
1967 521 2098 578 dici-

503 621 608 678 tur,
633 613 756 666 licet
785 619 988 665 tantum
1027 611 1168 667 ﬁlios
1194 611 1393 667 habeat
1425 631 1437 665 :
1469 613 1759 669 vindelicet
1784 629 1978 669 nomen
2008 631 2099 684 pa-

499 706 598 760 tris
619 703 992 772 complectitur
1011 703 1172 758 etiam
1194 719 1402 770 servos,
1431 705 1554 775 quia
1582 706 1812 761 familias
1833 690 2096 777 sequitur,

497 802 553 848 et
579 808 772 848 nomen
799 792 1014 849 familiae
1035 795 1409 864 complectitur
1429 796 1591 852 etiam
1620 797 1779 865 ﬁlios,
1799 798 1922 868 quia
1953 807 2102 867 pater

497 886 808 941 antecedit:
841 886 981 942 unde
1018 897 1244 956 apparet
1283 887 1532 944 eumdem
1580 890 1775 958 ipsum,
1809 899 1863 945 et
1897 897 2102 960 patrem

499 993 621 1033 esse
670 991 972 1045 servorum,
1027 984 1082 1033 et
1125 976 1402 1032 dominum
1453 978 1706 1034 ﬁliorum.
1760 981 2000 1052 Denique
2051 989 2106 1036 et

501 1071 645 1128 ﬁlius
680 1071 1073 1126 manumittitur
1105 1079 1376 1142 tamquam
1407 1087 1617 1140 servus,
1650 1083 1704 1128 et
1745 1089 1933 1129 servus
1976 1074 2107 1130 libe-

503 1177 650 1225 ratus
679 1167 889 1238 patroni
915 1182 1112 1222 nomen
1145 1166 1359 1236 accipit,
1384 1175 1656 1237 tamquam
1685 1167 1846 1222 ﬁlius.
1881 1167 2032 1235 Quod
2059 1167 2107 1222 si

501 1269 790 1332 propterea
830 1256 1216 1329 paterfamilias
1249 1258 1577 1323 nominatur,
1607 1267 1662 1312 ut
1691 1267 1947 1328 appareat
1984 1274 2107 1312 eum

504 1352 704 1422 duplici
746 1359 1016 1420 potestate
1049 1349 1352 1420 prmditum,
1385 1351 1508 1421 quia
1540 1360 1594 1404 et
1621 1349 1897 1420 indulgere
1925 1349 2106 1417 debet,

505 1445 629 1515 quia
657 1453 810 1514 pater
833 1451 935 1508 est,
966 1451 1022 1497 et
1045 1456 1318 1507 coercere,
1339 1443 1465 1512 quia
1495 1441 1782 1508 dominus;
1812 1457 1939 1512 ergo
1965 1441 2107 1496 idem

506 1549 697 1591 servus
724 1543 825 1598 est,
853 1535 942 1604 qui
966 1541 1019 1588 et
1049 1532 1223 1598 ﬁlius;
1255 1531 1394 1586 idem
1429 1532 1704 1600 dominus,
1733 1534 1824 1602 qui
1854 1541 1908 1586 et
1935 1542 2107 1602 pater.

510 1630 661 1686 Sicut
697 1631 858 1700 igitur
888 1637 1089 1682 natura:
1131 1626 1452 1682 necessitate
1493 1642 1599 1681 non
1642 1635 1817 1696 potest
1847 1641 1967 1682 esse
2009 1626 2108 1681 nisi

508 1736 648 1776 unus
678 1732 854 1792 pater,
896 1720 966 1774 ita
1009 1734 1109 1774 nec
1141 1718 1394 1774 dominus
1441 1719 1540 1774 nisi
1584 1735 1756 1784 unus;
1798 1721 1924 1790 quid
1968 1721 2108 1774 enim

2205 536 2258 581 to
2285 536 2339 582 et
2363 529 2540 588 stabili
2565 528 2838 585 domicilio
2867 540 3035 585 caret.
3060 529 3248 586 Cultus
3275 532 3428 602 igitur
3445 536 3619 599 deorum
3633 563 3682 606 τε.

2204 621 2249 676 ri
2277 635 2400 677 esse
2428 637 2530 676 non
2561 632 2809 692 possunt,
2837 623 3028 679 eodem
3059 624 3240 690 modo,
3274 641 3380 696 quo
3396 635 3682 698 matrimonium

2205 711 2312 767 dici
2343 729 2451 768 non
2503 724 2702 784 potest,
2745 715 2836 771 ubi
2877 715 3070 770 mulier
3097 731 3200 771 una
3244 717 3437 774 multos
3462 722 3576 780 viros
3597 728 3684 790 [ulla

2205 803 2300 858 sed
2331 803 2448 861 haec
2485 815 2578 860 aut
2621 807 2901 870 meretrix,
2931 817 3025 862 aut
3065 807 3312 863 adultera
3344 813 3684 890 nominabitum

2207 910 2310 965 qua
2337 897 2478 950 enim
2515 897 2708 966 pudor,
2757 898 2998 965 castitas,
3040 897 3174 955 ﬁdes
3199 899 3375 967 abest,
3404 904 3686 974 virtutemren

2209 1003 2432 1043 necesse
2461 998 2563 1044 est.
2613 989 2701 1045 Sic
2727 1000 2781 1044 et
2824 990 3013 1060 religio
3050 989 3277 1045 deorum
3305 991 3544 1063 impudica
3574 1008 3684 1062 estin.

2209 1089 2380 1146 cesta,
2413 1081 2536 1149 quia
2568 1080 2671 1135 ﬁde
2709 1091 2877 1148 caret,
2925 1081 3046 1152 quia
3093 1080 3267 1136 honos
3307 1082 3394 1138 ille
3437 1085 3635 1148 instabilis
3659 1113 3684 1153 ei

2210 1171 2466 1239 incertus,
2514 1183 2673 1242 caput
2723 1181 2886 1243 atque
2912 1173 3173 1244 originem
3223 1188 3332 1228 non
3383 1173 3540 1234 habet.

2835 1283 3064 1340 CAPUT
3092 1285 3178 1341 IV.

2212 1373 2294 1429 De
2349 1376 2604 1446 sapientia
2656 1378 2830 1432 itidem
2857 1391 2905 1431 et
2931 1379 3208 1502 zeligione,
3233 1389 3383 1449 atque
3417 1382 3474 1435 de
3491 1387 3579 1452 jure
3599 1395 3681 1454 patrii

2841 1461 2887 1502 et
2968 1466 3148 1502 omini.

2841 1461 2887 1503 et
2932 1461 3148 1504 dommt.

2212 1540 2420 1608 Quibus
2446 1543 2606 1598 rebus
2632 1553 2874 1614 apparet,
2904 1559 3064 1614 quam
3107 1545 3249 1600 inter
3283 1559 3344 1600 se
3365 1549 3598 1617 conjuncta
3623 1563 3678 1611 sint

2214 1635 2475 1704 sapientia
2521 1646 2577 1690 et
2627 1637 2818 1708 religio
2860 1656 2874 1692 :
2929 1638 3192 1708 sapientia
3257 1649 3456 1709 spectat
3491 1644 3544 1697 ad
3581 1647 3680 1712 filios,

2214 1743 2335 1797 qme
2427 1729 2590 1798 exigit
2656 1744 2950 1795 amorem;
3028 1731 3222 1802 religio
3294 1733 3358 1786 ad
3428 1749 3576 1792 servos
3619 1760 3678 1808 qua

506 1811 674 1868 faciat
697 1827 908 1879 servus,
942 1812 986 1866 si
1021 1811 1172 1865 multi
1199 1811 1401 1865 domini
1433 1811 1646 1866 diversa
1688 1813 2109 1882 imperaverint?
2141 1819 2187 1878 Β
2217 1819 2382 1888 exigit
2411 1820 2680 1874 timorem.
2710 1820 2844 1875 Nam
2865 1821 3005 1877 sicut
3027 1823 3102 1877 illi
3133 1830 3344 1892 patrem
3365 1825 3556 1896 diligere
3573 1831 3696 1891 delita.

510 1907 655 1978 Ergo
681 1917 871 1962 contra
904 1907 1164 1962 rationem
1209 1915 1504 1976 c0ntraque
1544 1916 1788 1961 naturam
1829 1917 1954 1962 sunt
1984 1907 2109 1962 relic

509 2001 700 2072 giones
722 2002 1010 2056 multorum
1036 2000 1261 2054 deorum
1288 2016 1302 2066 ;
1329 1999 1594 2070 siquidem
1625 2016 1724 2056 nec
1751 2010 1934 2070 patres
1962 2001 2110 2056 multi

509 2102 740 2162 possunt
767 2107 908 2158 esse,
944 2107 1043 2146 nec
1081 2091 1283 2146 domini
1313 2108 1324 2142 :
1358 2091 1488 2146 deos
1518 2103 1695 2146 autem
1735 2100 1789 2147 et
1825 2102 2025 2162 patres,
2059 2102 2113 2148 et

510 2183 760 2239 dominos
791 2183 1084 2253 nuncupari
1111 2197 1334 2237 necesse
1358 2193 1460 2237 est.

582 2275 775 2331 Teucri
825 2290 952 2346 ergo
979 2277 1177 2330 veritas
1223 2289 1328 2328 non
1381 2282 1574 2344 potest,
1633 2275 1721 2329 ubi
1773 2275 1936 2330 homo
1964 2276 2106 2330 idem

511 2368 698 2424 multis
726 2369 964 2438 patribus
989 2367 1331 2437 dominisque
1349 2366 1624 2436 subjectus
1649 2376 1751 2431 est,
1776 2368 1868 2423 ubi
1894 2369 2102 2425 animus

511 2466 566 2522 iu
595 2463 763 2520 multa
792 2465 1089 2536 dispersus,
1133 2461 1239 2518 huc
1275 2471 1436 2532 atque
1488 2461 1614 2518 illuc
1662 2462 1960 2534 divagatur.
1996 2464 2105 2522 Nec

2217 1923 2272 1969 et
2293 1915 2582 1983 honorare,
2617 1919 2696 1974 sic
2730 1919 2784 1974 hi
2810 1920 3086 1976 domimnn
3117 1924 3305 1980 colere
3346 1941 3405 1980 ac
3431 1929 3582 1983 vereri.
3605 1931 3675 1986 Dea

2217 2017 2419 2073 autem,
2452 2009 2542 2078 qui
2575 2025 2712 2066 unus
2742 2022 2844 2079 est,
2902 2015 3156 2083 quoniam
3206 2025 3474 2089 utramque
3509 2037 3675 2090 person

2217 2101 2467 2167 sustinet,
2496 2114 2550 2158 et
2583 2107 2773 2173 patris,
2821 2115 2876 2162 et
2905 2107 3142 2173 domini;
3177 2120 3237 2165 et
3279 2128 3451 2170 amare
3475 2131 3568 2170 eum
3596 2120 3676 2174 debt-

2219 2210 2361 2261 mus,
2393 2198 2519 2266 quia
2552 2197 2644 2252 ﬁlii
2673 2213 2881 2267 sumus,
2911 2211 2965 2256 et
2995 2203 3190 2258 timere
3211 2207 3334 2274 quia
3364 2208 3505 2261 servi.
3538 2208 3613 2263 Non
3635 2228 3676 2278 re

2219 2298 2320 2340 test
2353 2289 2512 2358 igitur
2542 2306 2641 2346 nec
2687 2293 2880 2363 religio
2916 2310 2945 2347 a
2988 2296 3255 2366 sapientia
3288 2301 3523 2366 separari,
3548 2318 3612 2356 nec
3634 2317 3672 2356 n-

2214 2377 2411 2447 pieutia
2439 2395 2468 2433 a
2497 2381 2740 2452 religioni
2763 2386 3006 2451 secerni;
3029 2387 3157 2457 quia
3184 2387 3326 2443 idem
3353 2390 3477 2444 Deus
3497 2402 3572 2456 est,
3592 2396 3674 2463 quiet

2213 2469 2439 2543 intelligi
2470 2473 2655 2542 debet,
2679 2477 2823 2547 quod
2840 2487 2924 2534 est
2949 2480 3236 2550 sapientiae
3257 2523 3271 2548 ,
3296 2491 3350 2538 et
3373 2482 3591 2550 honorari,
3607 2489 3672 2556 quoi

1825 2598 2188 2660 VARIORUM
2226 2605 2457 2663 NOTAE.

512 2742 740 2800 Athenis
766 2742 911 2798 enim
939 2740 1104 2796 Solon
1135 2737 1310 2814 legem
1335 2737 1457 2814 tulit
1476 2741 1598 2814 περὶ
1616 2745 1715 2792 τῶν
1737 2740 1982 2814 ἀκρίτων,
2010 2757 2114 2810 qua

515 2815 681 2869 ﬁlium
719 2828 912 2868 necare
940 2810 1149 2882 parenti
1178 2811 1520 2882 permissum,
1544 2810 1621 2882 'ut
1644 2810 1833 2865 auctor
1855 2821 1939 2865 est
1963 2813 2111 2867 Sext.

515 2885 772 2956 Empiric.
798 2880 1047 2950 libro—ut,
1074 2881 1346 2953 Pyrrhon.
1384 2880 1624 2952 Hypoth.

589 2976 708 3032 Nisi
731 2976 912 3031 habeat
935 2974 986 3028 in
1009 2990 1094 3028 eos
1121 2973 1314 3027 domini
1333 2983 1648 3041 potestatem.
1683 2973 1810 3028 Huic
1842 2973 1999 3028 lectio
2023 2983 2108 3030 cst

2293 2750 2436 2835 Qnia.
2453 2762 2598 2822 pater
2627 2766 2731 2835 est._
2758 2756 3014 2814 Additum
3048 2769 3123 2816 est
3150 2775 3219 2816 ex
3250 2759 3483 2818 omnibus
3501 2761 3582 2819 fere
3605 2780 3671 2819 mss.

2220 2833 2275 2876 et
2305 2825 2577 2894 plerisque
2605 2829 2786 2883 editis.

2293 2893 2355 2948 Si
2385 2893 2555 2952 multi.
2575 2899 2753 2968 Quare
2778 2900 3140 2958 Terentianus
3173 2903 3266 2958 ille
3285 2903 3468 2960 Servus
3485 2907 3674 2961 scirerole-

2220 2963 2312 3018 bat
2336 2963 2718 3036 qnotnam'sibi
2745 2981 2926 3027 essent
2956 2973 3187 3030 domini.
3232 2975 3366 3031 Hinc
3401 2976 3529 3031 Philo
3555 2977 3697 3038 intimus

514 3050 804 3104 multorum
863 3060 995 3102 mss.
1042 3047 1182 3100 inter
1226 3039 1362 3117 quos
1423 3054 1549 3098 sunt
1593 3043 1703 3117 duo
1765 3046 2110 3100 vetustissimi

2221 3039 2666 3117 po»t_Hor_nerum
2686 3042 2839 3098 Iliad.
2870 3059 2948 3109 v1,
2979 3046 3054 3098 ait
3075 3049 3266 3100 bonam
3292 3064 3388 3102 non
3412 3065 3500 3102 esse
3515 3050 3671 3101 mttllorra
3696 3057 3697 3117 ᾖ

517 3121 694 3189 Regii,
723 3131 776 3174 et
807 3119 839 3173 5
868 3117 1001 3172 edit.
1033 3117 1122 3171 Sic
1159 3125 1212 3171 et
1257 3115 1620 3189 Lactantius,
1643 3115 1738 3169 lib.
1801 3132 1855 3189 γ,
1905 3131 2026 3186 cap.
2059 3119 2112 3182 6,

520 3185 710 3248 scribit
733 3191 854 3261 jure
880 3189 1226 3261 dominorum.
1271 3185 1328 3239 in
1371 3185 1404 3240 6
1437 3185 1655 3261 scriptis
1699 3195 1773 3261 et;
1789 3185 2120 3261 deceni’_im-

517 3256 936 3334 pressis'legitnr
965 3258 1196 3334 dominii,
1227 3273 1346 3328 quae
1369 3272 1474 3311 vox
1491 3256 1642 3312 deest
1668 3261 1718 3310 in
1744 3257 1779 3310 2
1807 3273 1938 3314 mss.
1981 3259 2115 3330 Reg.

518 3329 631 3390 rec.
657 3339 712 3386 et
739 3332 776 3385 2
803 3329 913 3384 vet.
944 3330 1073 3384 edit.
1099 3329 1259 3384 Rom.

591 3402 1010 3470 Paterfamilias,
1051 3409 1158 3455 etc.
1203 3397 1668 3467 Quemadmodum
1720 3399 2117 3470 paterfamilias

519 3474 714 3529 dicitur
735 3475 801 3539 is,
827 3476 918 3543 qui
948 3472 1000 3526 in
1029 3472 1190 3525 domo
1219 3471 1515 3526 dominium
1546 3472 1726 3538 habet,
1760 3475 2010 3540 quamvis
2045 3474 2116 3526 li-

520 3547 650 3601 lium
678 3561 783 3599 nou
837 3544 1058 3597 habeat:
1117 3544 1196 3596 sic
1253 3543 1600 3614 servientium
1633 3559 1846 3614 quoque
1874 3545 2112 3600 solemus

519 3617 792 3687 appellare
819 3614 1097 3687 familiam,
1124 3622 1345 3687 auctore
1375 3611 1626 3687 Ulpiano,
1649 3611 2111 3687 lengronuntia-

519 3684 619 3754 tio',
654 3688 681 3760 §
715 3687 904 3760 Famil.
931 3686 1132 3760 appel.,
1157 3684 1214 3738 ﬁ”.
1248 3684 1316 3738 de
1355 3685 1504 3760 verb.
1539 3688 1643 3760 sig.
1671 3684 1841 3760 E’tol)
1874 3686 1923 3739 id
1949 3691 2112 3753 (teste

517 3755 827 3830 Macrbbio)
859 3755 1090 3830 majores
1113 3771 1328 3830 omnem
1349 3755 1875 3830 dominisim'idiatn,
1893 3772 2110 3812 omnem

517 3832 690 3888 servis
721 3825 1100 3886 contumeliam
1143 3825 1488 3882 detrahentes
1512 3869 1526 3892 ,
1567 3829 1844 3882 dominum
1880 3840 2110 3894 patrem-

517 3903 774 3966 familias,
818 3915 1005 3956 scrvos
1053 3898 1347 3952 familiares
1379 3900 1737 3966 appellarunt.
1780 3900 2105 3955 Berucews.

594 3973 662 4027 Et
687 3975 825 4043 [ilius
854 3970 1244 4046 manumittitur.
1294 3979 1737 4046 Κᾳταχρηστικῶς
1763 3971 1838 4046 _id
1871 3971 2107 4046 quidem.

518 4046 652 4100 Nam
688 4041 912 4114 proprie
960 4042 1110 4096 liberi
1153 4041 1592 4114 emancipaniur,
1634 4042 1775 4096 servi
1823 4043 2111 4114 manumit-

522 4111 726 4171 tuutnr.
760 4114 869 4169 Hoc
899 4113 1066 4169 claret
1092 4128 1155 4167 ex
1195 4115 1275 4166 tit.
1308 4111 1342 4165 5
1369 4111 1540 4166 lnstit.
1574 4114 1664 4180 qui
1693 4121 1777 4166 est
1822 4112 1890 4165 de
1920 4111 2111 4167 Liber-

523 4187 671 4242 tinis.
708 4185 838 4240 Illud
884 4201 948 4238 ex
982 4184 1064 4238 tit.
1100 4183 1168 4238 12
1198 4226 1212 4251 ,
1245 4184 1334 4253 qui
1385 4183 1544 4238 docet
1588 4183 1802 4253 quibus
1828 4183 2001 4236 modis
2026 4186 2114 4250 jus

521 4257 712 4327 patria:
739 4255 1022 4326 potestatis
1050 4252 1311 4310 solvatur.
1347 4252 1645 4327 Utrumque
1682 4252 1897 4323 quidem
1935 4270 1968 4327 7a
2001 4269 2116 4327 ma-

519 4325 628 4389 ilu,
677 4325 852 4383 id’est
895 4328 1118 4396 imperio
1164 4327 1386 4380 dictum.
1425 4325 1689 4396 Caeterum
1733 4325 2113 4392 emancipandi

520 4401 743 4456 verbum
771 4403 933 4454 etiam
964 4395 1029 4452 ad
1058 4399 1190 4452 alias
1217 4411 1306 4452 res
1336 4398 1587 4465 pertinet,
1615 4395 1683 4449 de
1709 4410 1816 4463 quo
1841 4396 2109 4450 videndus

519 4484 602 4528 est
635 4471 861 4526 Budaeus
889 4472 940 4523 in
973 4470 1320 4523 Annotation.
1354 4467 1647 4535 prioribus.
1676 4466 1883 4520 BETUL.

593 4543 808 4598 Patroni
831 4558 1014 4596 nomen
1038 4541 1243 4610 accipit.
1271 4539 1474 4610 Servis,
1506 4538 1700 4610 quibus
1731 4537 1937 4591 domini
1969 4553 2115 4591 sum-

519 4631 666 4671 mum
692 4615 952 4670 libertatis
983 4609 1212 4680 pretium
1247 4609 1648 4680 persolvebant,
1700 4624 1896 4662 nomen
1947 4624 2014 4663 ex
2061 4624 2121 4663 se

519 4688 605 4740 vel
649 4687 900 4750 alterum,
952 4679 1035 4737 vel
1075 4682 1235 4736 etiam
1275 4681 1490 4733 tertium
1535 4679 1760 4734 dabant.
1797 4680 2119 4735 Praenonem

518 4758 680 4814 Marci
714 4760 908 4812 Damas
937 4754 1230 4809 Persianas
1253 4767 1281 4805 a
1307 4760 1535 4820 patrono
1553 4752 1784 4820 accepit.
1814 4750 1981 4806 Tertii
2008 4767 2122 4807 me-

520 4831 678 4886 minit
697 4830 860 4885 etiam
887 4825 1189 4891 Juvenalis,

769 4941 1020 5002 Tanquam
1044 4937 1230 4986 habeas
1252 4937 1345 4987 tria
1370 4937 1578 4986 nomina.

518 5053 581 5112 ld
607 5061 726 5107 est:
777 5062 872 5116 per
903 5042 1403 5106 manumissioncm,
1460 5041 1600 5095 ultra
1627 5041 1849 5116 servile
1895 5055 2116 5116 n_om_en,

522 5112 835 5194 prmnomen
863 5127 916 5194 et
945 5131 1138 5170 nomen
1163 5131 1190 5194 a
1229 5124 1455 5194 patrono
1482 5113 1859 5194 acquisiveris.
1912 5112 2116 5167 Eodem

521 5184 579 5250 id
609 5192 770 5246 modo
799 5189 980 5251 ﬁebat,
1023 5202 1131 5257 quo
1171 5185 1420 5257 hzeredes
1459 5194 1787 5257 testamento
1822 5184 1876 5238 in
1921 5199 2117 5257 nomen

521 5263 889 5330 familiamque
917 5255 1332 5330 adoptabantur.
1365 5255 1466 5324 Qui
1506 5272 1637 5330 vero
1665 5273 1692 5308 a
1733 5255 1964 5330 dominis
2003 5271 2117 5330 nia-

524 5327 974 5398 numittebantur,
998 5327 1089 5385 alii
1121 5329 1268 5385 cives
1303 5328 1529 5382 Romani
1557 5328 1780 5395 ﬁebant,
1810 5329 1898 5381 alii
1923 5327 2120 5382 dediti-

522 5408 607 5474 tii,
639 5407 727 5460 alii
747 5405 943 5459 Latini.
971 5406 1043 5457 De
1064 5418 1170 5474 quo
1188 5410 1306 5470 post
1325 5399 1697 5474 Theophilum
1712 5399 2114 5474 institutionum

523 5469 1118 5551 paraphrastem,_vitl_e_
1153 5469 1475 5551 [folitimmm
1503 5485 1624 5541 cap.
1645 5471 1759 5551 rei;
1791 5470 1990 5551 Miscel.
2018 5469 2113 5551 Al-

523 5541 746 5614 ctatn'm,
779 5563 897 5617 cap.
949 5547 1016 5600 M
1065 5544 1190 5598 libri
1244 5559 1263 5597 ι
1306 5543 1601 5617 ᾼΡιιτρνείλ
1630 5541 2001 5617 Alexandrum
2045 5541 2114 5596 ab

521 5612 1008 5681 Alexandro'libro
1037 5631 1107 5679 iv,
1142 5630 1262 5685 cap.
1297 5615 1386 5678 10,
1418 5612 1627 5668 Gcnial.
1649 5614 1884 5685 dierum.
1909 5612 2109 5668 BETUL.

595 5695 728 5760 Quia
762 5700 811 5745 et
847 5687 1142 5760 indulgere.
1169 5684 1241 5740 Ita
1285 5701 1407 5760 cum
1451 5686 1661 5740 cunctis
1722 5684 1881 5760 editis
1922 5699 2112 5738 omnes

522 5757 652 5822 mss.
699 5771 927 5830 excepto
956 5757 1062 5814 uno
1115 5757 1246 5830 Reg.
1291 5757 1493 5830 iniquo
1521 5765 1637 5810 erat
1678 5772 1707 5810 a
1747 5757 1918 5826 prima
1953 5769 2111 5810 manu

519 5837 644 5916 qui;
674 5845 728 5893 et
755 5827 1038 5904 sic’legere
1067 5829 1299 5887 mallem.
1338 5827 1466 5885 Vide
1494 5845 1606 5900 seq.

2224 3107 2680 3188 dominationetrt;_
2704 3131 2834 3188 unus
2864 3107 3023 3188 igitur
3042 3118 3107 3171 sit
3148 3117 3403 3184 dominus,
3437 3121 3669 3173 silanum.

2284 3180 2364 3262 .Et
2393 3184 2606 3262 incesta.
2635 3185 2762 3239 Mss.
2791 3187 2826 3241 4
2857 3180 2969 3242 rce.
3013 3196 3068 3242 et
3098 3188 3132 3242 8
3164 3180 3406 3260 impressi
3437 3191 3599 3243 incerta:
3628 3193 3670 3242 sel

2225 3257 2403 3308 minus
2435 3257 2591 3311 bene.

2246 3395 2258 3407 .
2295 3324 2548 3382 Incertus.
2593 3328 2668 3383 Ita
2695 3343 2885 3407 omnes
2913 3331 3122 3399 scripti,
3147 3329 3374 3407 dempto
3401 3333 3423 3386 1
3453 3331 3552 3407 Heg.
3574 3346 3668 3384 recei-

2224 3401 2382 3472 t_iore,
2416 3408 2475 3472 et
2495 3415 2684 3454 omnes
2729 3401 2861 3472 editi
2899 3412 3096 3468 praeter
3133 3402 3168 3456 4
3212 3405 3401 3472 quibus
3441 3401 3667 3456 estinterim.

2222 3467 2391 3522 Ret-te
2418 3469 2739 3524 'l‘homasius
2767 3467 3012 3527 defendit
3039 3467 3330 3528 lectionem
3358 3475 3556 3527 incertas.

2297 3537 2455 3613 Deus.
2495 3540 2841 3597 Constructio
2875 3543 3089 3613 phrasis
3121 3545 3356 3611 vitiosa;
3386 3545 3536 3599 dicere
3555 3542 3666 3596 debet»
3692 3555 3693 3602 ξ

2221 3620 2303 3666 set
2338 3628 2350 3663 :
2384 3611 2618 3666 Deum...
2648 3624 2694 3667 et
2725 3611 2898 3668 amare
2923 3614 3183 3669 debemus.
3692 3633 3693 3727 ‘

2298 3682 2579 3727 Iltrnmmm
2612 3701 2879 3727 nes-annum
2905 3687 3118 3727 essetin»!
3166 3686 3257 3727 ςὶρ
3279 3685 3343 3727 (In
3359 3685 3430 3727 Im
3457 3701 3480 3727 ρ
3512 3681 3668 3727 9343m-

2298 3682 2579 3752 Utramqne
2612 3701 2881 3753 personam
2905 3687 3138 3740 sustinet.
3166 3686 3257 3742 Sic
3279 3685 3432 3741 delra
3457 3681 3668 3740 c.2517":-

2219 3769 2315 3822 qtte
2345 3771 2563 3823 persona
2593 3756 2646 3809 in
2675 3773 2731 3810 eo
2761 3756 3085 3812 venerabilis.
3121 3755 3373 3820 Persona,
3405 3757 3450 3810 id
3472 3767 3666 3819 esuriant

2218 3826 2466 3899 conditio.
2492 3825 2650 3896 S:epe
2675 3826 2890 3893 Cicero,
2921 3845 3197 3899 personam
3227 3838 3405 3893 tenere,
3433 3828 3656 3899 sustineat

2216 3911 2270 3966 g.
2305 3897 2343 3951 Ι.
2374 3914 2410 3952 tt
2437 3899 2502 3952 de
2527 3899 2754 3954 Oratore
2775 3915 2896 3968 cap.
2923 3897 3003 3954 ⁷24
3029 3899 3190 3954 :Tres
3223 3917 3448 3968 personas
3486 3897 3666 3950 annuat?
3690 3919 3691 3968 ἦ

2220 3985 2382 4021 ηεο...
2419 3986 2601 4036 meam,
2635 3970 2942 4036 adversarii,
2973 3972 3185 4034 iudicis.
3220 3971 3348 4026 BUN.

2291 4037 2357 4092 Et
2394 4034 2595 4117 timere,
2622 4042 2742 4117 quia
2775 4034 3143 4117 servi."l:imor
3186 4042 3326 4117 apud
3365 4038 3592 4117 Prophetas
3615 4034 3664 4086 itte

2217 4115 2580 4166 reverentiam
2623 4110 2926 4181 majestatis
2967 4112 3186 4178 divinaz,
3217 4110 3663 4182 adeoquerreligion‘ca

2219 4181 2520 4257 signiﬁcat;
2554 4200 2676 4238 cum
2707 4179 3004 4254 Apostolus
3036 4186 3284 4257 timorem
3320 4179 3662 4257 cunrl’liiloseplzi
3688 4243 3689 4246 η

2219 4253 2352 4339 ntali
2377 4255 2686 4339 opinionem
2717 4253 2894 4338 dicat,
2920 4271 3079 4325 quam
3110 4255 3293 4339 odium
3321 4253 3660 4339 conlital‘unlllflJ
3688 4281 3689 4339 χ

2221 4325 2482 4398 tragicum
2513 4327 2653 4398 illud
2683 4323 3133 4398 tyrannicumque
3165 4344 3177 4379 :
3209 4325 3412 4398 Oderint
3439 4365 3450 4386 ,
3495 4323 3581 4398 dunt
3616 4329 3662 4398 tnt-

2221 4392 2386 4449 tuant.
2405 4397 2518 4451 Hoc
2538 4392 3001 4452 modo'Dominum
3031 4392 3243 4462 timent,
3264 4397 3348 4466 qui
3377 4392 3659 4466 nouitium“em

2139 4471 2192 4532 D
2219 4468 2336 4535 ejus
2365 4469 2774 4523 inestimabilem
2804 4511 2819 4534 ,
2847 4469 2942 4523 scd
2976 4468 3241 4537 justitiam
3281 4463 3658 4537 inevitabilcmvcm‘

2225 4527 2469 4594 siderant
2501 4558 2513 4594 :
2551 4557 2654 4595 non
2683 4551 2740 4594 ut
2769 4527 3090 4594 salvatorem
3131 4549 3332 4604 amant,
3360 4535 3444 4591 sed
3481 4541 3523 4585 ut
3537 4527 3660 4610 indictm

2226 4619 2273 4645 nl
2309 4612 2457 4645 nus-sci
2497 4611 2764 4645 ι’...ῖηυοηι
2797 4610 3086 4645 nun-utinm
3123 4610 3456 4645 avlimncmlnl
3512 4567 3687 4645 Tlﬂlﬁl‘fﬂ‘

2226 4619 2278 4664 et
2307 4612 2459 4680 quasi
2497 4611 2765 4680 Vasjovem
2797 4610 3087 4680 quemdam
3123 4601 3478 4680 extimescunt.
3512 4601 3658 4680 Timorem

2224 4670 2404 4736 autem
2435 4681 2572 4737 idem
2585 4670 2659 4738 'cu
2669 4700 2717 4736 m
2737 4670 2998 4754 religione
3013 4681 3157 4754 apud
3179 4679 3476 4754 Prophﬁui'.“
3497 4670 3660 4754 “Sil”???

2226 4763 2332 4808 tem
2359 4769 2502 4820 esse,
2537 4764 2763 4809 testatur
2785 4741 2970 4809 Οἴαξοη
2995 4741 3302 4808 translatio?
3320 4741 3655 4820 eiusdemi!

2223 4805 2903 4907 réi'igia;.éin"{s'ie“s.;n{
2919 4805 3164 4880 ‘reimn.
3233 4805 3570 4890 interpretatur)
3595 4805 3657 4883 ire

2223 4897 2364 4949 quod
2391 4905 2474 4949 est
2496 4897 2782 4949 sapientia.
2805 4895 2956 4949 dicit.
3003 4895 3124 4949 Pari
3157 4893 3311 4948 modo
3345 4887 3657 4949 θιυυηυτιίεηω

2222 4887 2364 4965 quod
2391 4905 2474 4970 est
2496 4887 2782 4970 sapientia,
2805 4895 2956 4950 dicit.
3003 4895 3124 4949 Pari
3157 4893 3311 4970 modo
3345 4887 3657 4970 exponunt

2223 4948 2502 5044 oraculum
2531 4948 2944 5044 l’fropheticum,
2965 4973 3166 5044 πνεῦμᾳ
3191 4948 3420 5044 γνὼςξωέ
3435 4948 3655 5044 καί

2224 5039 2468 5112 ἐμπλήσει
2521 5025 2690 5096 αὐτὼ.
2751 5038 2842 5112 Ex
2892 5025 2993 5112 his
3025 5025 3656 5112 faéi‘le'colligerCﬁ-‘f;

2222 5093 2912 5184 signiﬁcationeutrinque
2959 5108 3182 5184 timoris
3207 5121 3306 5160 vox
3342 5093 3683 5184 {aiming}

2223 5168 2325 5271 ξιδο
2374 5183 2489 5271 sine
2521 5168 3110 5271 ἓςτῖριυτεεέκεπηριρ
3161 5168 3655 5271 Ετὶοξὲῗέίίὶῗι.ξὲ¹ῗέἷῖξιῖῗέ

2224 5252 2326 5307 hoc
2356 5262 2458 5340 est.
2493 5237 2804 5340 "eliﬁii’ﬁe'"
2834 5265 2956 5340 °‘_"“
2982 5237 3655 5340 5§Pi§9”3-.‘5".‘l.3§f'.2

2221 5297 2784 5406 §§5ui5§séf
2799 5297 2982 5406 autem
3000 5297 3307 5406 Lactantius
3325 5297 3650 5406 alludere

2220 5377 2462 5450 Malach.
2483 5377 2521 5448 i'
2543 5412 2555 5446 :
2596 5393 2762 5449 Filius
2791 5395 3008 5448 honorat
3038 5391 3244 5445 Patrem
3271 5399 3314 5442 et
3341 5399 3485 5462 servus
3505 5377 3642 5462 άοξξ¹ξ¹ξξ

2219 5483 2390 5520 suum.
2427 5466 2487 5521 Si
2512 5481 2632 5536 ergo
2668 5475 2812 5535 pater
2841 5481 2932 5536 ego
2961 5481 3094 5530 sum,
3128 5462 3214 5516 ubi
3241 5469 3308 5514 est
3349 5459 3488 5536 nonor

2217 5539 2262 5592 si
2289 5537 2543 5630 Dfmltinus
2563 5516 2816 5608 ggerimus,
2845 5516 2927 5589 uiri
2953 5545 3024 5590 est
3052 5516 3203 5588 timor
3219 5516 3654 5630 nteus?Q22iLlsggﬂ

2225 5611 2303 5630 ---Ι
2331 5628 2336 5630 .
2364 5625 2391 5630 --
2419 5609 2481 5630 et-
2502 5607 2589 5630 Α--.
2606 5611 2708 5630 -.-Ζ-
2731 5623 2925 5630 _.._.......
2944 5622 3038 5630 ..ι-,ι
3065 5611 3396 5630 -.Α-ιΑ-ιηιιΛ-ιιλ
3416 5616 3437 5630 ιι

2218 5611 2306 5665 cul
2325 5609 2486 5664 dubio
2502 5600 2710 5663 timoris
2731 5600 2927 5663 nomen
2944 5622 3042 5676 pro
3065 5603 3396 5676 veneratione
3415 5600 3588 5676 accipiet

2217 5693 2322 5749 est,
2351 5690 2406 5735 et
2433 5679 2813 5744 sollicitudine,
2845 5694 2912 5734 ne
2943 5666 2988 5732 is
3028 5675 3325 5731 offendatur
3351 5683 3433 5751 per
3453 5666 3608 5751 993:qu

2218 5739 2432 5807 summo
2462 5751 2641 5808 studio
2669 5739 2897 5806 colimus
2925 5759 2981 5805 et
3005 5760 3276 5811 amamus;
3306 5739 3364 5799 et
3379 5739 3422 5800 id
3451 5739 3581 5804 ίΡ⁵¹υ⁵ι

2218 5824 2389 5882 nostri
2413 5837 2593 5882 causa.
2625 5823 2948 5880 Βετυιειυε.

3605 5378 3650 5416 is!

3611 5437 3621 5483 l
3632 5443 3650 5482 ι

3605 5516 3649 5558 re

3605 5590 3624 5626 ξιξ
3650 5580 3654 5590 ⁵

3605 5666 3608 5699 ι

3605 5723 3648 5772 illi
