3770 6264
393 257 503 316 465

1461 239 1648 298 FlRM.
1690 233 2054 295 LACTANTII
2092 230 2299 295 DlVlN.
2340 229 2582 293 lNSTlT.
3538 240 3609 299 164
3690 249 3691 266 ‘

391 381 577 430 autem
627 368 966 442 jucundabar
1002 373 1130 422 ante
1169 361 1360 419 faciem
1381 359 1499 431 ejus
1520 401 1536 425 ,
1568 373 1690 414 cum
1719 356 1993 411 laetaretur

2167 377 2313 432 Αἰτίαι
2333 372 2387 430 δὲ
2406 370 2593 429 τούτου
2613 376 2704 426 τοῦ
2724 372 2887 428 αἰτίου
2905 369 2937 428 ri
2957 375 3043 425 τοῦ
3061 370 3194 426 θείου
3216 370 3395 443 ἀγαθοῦ
3416 369 3610 445 βούλησις,
3690 421 3691 460 ι

391 470 528 527 orbe
554 466 810 539 perfecto.
855 483 874 516 ›
902 461 1076 518 Idirco
1116 466 1293 514 autem
1339 454 1719 522 Trismegistus
1747 450 1993 526 δημιουρ-

390 562 481 636 γὸν
505 567 596 617 τοῦ
623 563 751 615 Θεοῦ
771 554 924 620 dixit,
945 561 1002 608 et
1021 550 1223 622 Sibylla
1259 546 1548 620 σύμϐουλον
1579 543 1835 614 appellat,
1851 539 1994 612 quod

390 660 541 708 tanta
597 645 858 718 sapientia
901 653 957 700 et
981 645 1180 699 virtute
1203 642 1274 696 sit
1307 640 1600 696 instructus
1622 652 1654 692 a
1684 637 1794 692 Deo
1814 636 1993 700 Patre,

389 752 455 799 ut
498 750 555 798 et
591 739 820 796 consilio
849 737 997 809 ejus,
1039 744 1094 793 et
1133 733 1380 791 manibus
1407 738 1651 788 uteretur
1681 730 1733 784 in
1765 727 1996 786 fabrica-

390 835 540 892 tione
563 831 772 889 mundi.

998 916 1227 975 CAPUT
1266 913 1381 971 VII.

499 1017 580 1073 De
605 1015 810 1072 nomine
836 1012 1006 1080 Filii;
1039 1021 1190 1082 atque
1218 1009 1355 1064 unde
1380 1006 1534 1065 Iesus
1561 1017 1609 1064 et
1637 1007 1869 1065 Christus

1046 1101 1356 1175 appellatur.

466 1222 725 1280 Fortasse
762 1226 970 1291 quaerat
1011 1216 1207 1288 aliquis
1258 1215 1364 1272 hoc
1412 1214 1564 1283 loco,
1591 1213 1727 1285 quis}
1769 1213 1841 1268 sit
1897 1213 1998 1269 iste

390 1327 501 1374 tam
535 1323 760 1387 potens,
786 1321 896 1367 tam
926 1311 1037 1367 Deo
1061 1324 1221 1365 carus
1245 1349 1262 1376 ,
1285 1317 1339 1364 et
1367 1307 1516 1378 quod
1543 1322 1740 1363 nomen
1773 1306 1994 1374 habeat,

390 1410 546 1481 cujus
566 1408 740 1479 prima
757 1403 1010 1460 nativitas
1033 1417 1137 1458 non
1155 1399 1318 1457 modo
1337 1401 1687 1455 antecesserit
1711 1397 1994 1464 mundum,

389 1517 583 1559 verum
614 1500 776 1556 etiam
807 1495 1089 1568 prudentia
1117 1491 1450 1564 disposuerit
1475 1533 1489 1557 ,
1520 1490 1717 1545 virtute
1747 1497 1999 1545 constru-

389 1597 554 1654 xerit.
573 1594 814 1649 Primum
832 1590 974 1646 scire
1003 1603 1105 1644 nos
1129 1586 1404 1650 convenit,
1429 1599 1627 1640 nomen
1656 1585 1774 1654 ejus
1797 1597 1866 1638 ne
1891 1584 2000 1637 An-

392 1689 530 1761 gelis
558 1685 774 1757 quidem
803 1690 988 1739 notum
1019 1695 1142 1737 esse
1162 1724 1176 1748 ,
1211 1679 1302 1750 qui
1333 1687 1612 1732 morantur
1632 1676 1685 1730 in
1711 1676 1872 1739 coelo,
1899 1673 1996 1730 sed

2095 470 2126 528 ἢ
2175 470 2280 523 θεὸν
2320 469 2642 542 προήνεγκεν,
2671 459 2731 517 οὗ
2758 464 2816 519 τὸ
2842 459 3000 533 ὄνομα
3042 463 3097 516 οὐ
3148 458 3353 518 δύναται
3397 465 3613 538 ὼῶρωπίνῳ

2096 561 2319 633 στόματι
2341 559 2627 618 λαληθῆναι.

2169 653 2237 708 Et
2271 650 2429 722 paulo
2453 658 2576 720 post
2601 647 2668 704 ad
2698 647 2868 704 tilium
2894 663 2910 702 :

2167 744 2314 804 Ἐστι
2330 767 2430 810 τις,
2451 740 2696 810 ὧτέκνον,
2722 741 3011 816 ἆπόῥρητος
3033 740 3179 816 λόγος
3205 739 3391 813 σοφίας,
3417 737 3527 803 ὅσιος
3542 751 3616 820 περὶ

2097 846 2192 896 τοῦ
2218 840 2374 911 μόνου
2406 839 2588 913 κυρίου
2617 836 2837 899 πάντων,
2887 836 2970 888 καὶ
3010 833 3425 908 προεννοουμένου
3450 841 3562 900 Θεοῦ,
3583 835 3615 891 3-,

2099 936 2261 991 εἰπεῖν
2287 933 2422 1008 ὑπὲρ
2449 927 2713 1006 ἄνθρωπόν
2737 929 2868 983 ἐστι.
2901 924 3010 981 Sed
3043 923 3295 996 quamvis
3323 938 3494 980 nomen
3515 927 3613 996 ejus,

2099 1023 2247 1096 quod
2291 1023 2343 1079 ei
2387 1037 2417 1076 a
2451 1019 2716 1092 principio
2743 1027 2894 1089 pater
2921 1030 3169 1073 summus
3209 1016 3472 1086 imposuit,
3497 1021 3614 1074 nullus

2099 1116 2239 1171 alius
2261 1123 2460 1185 praeter
2486 1113 2661 1182 ipsum
2691 1110 2864 1177 sciat,
2895 1109 3060 1165 habet
3089 1116 3271 1163 tamen
3293 1116 3345 1162 et
3364 1107 3484 1162 inter
3500 1111 3617 1181 Ange-

2099 1207 2184 1263 los
2226 1204 2372 1262 aliud
2417 1201 2739 1259 vocabulum
2763 1245 2778 1269 ,
2809 1209 2867 1257 et
2897 1200 3038 1256 inter
3069 1197 3318 1254 homines
3355 1197 3496 1251 aliud.
3517 1198 3618 1257 lcsus

2100 1300 2299 1372 quippe
2324 1297 2465 1353 inter
2491 1296 2739 1354 homines
2766 1294 3081 1349 nominatur
3106 1309 3121 1345 :
3157 1305 3284 1345 nam
3323 1288 3533 1346 Christus
3550 1309 3616 1351 non

2100 1391 2376 1462 proprium
2419 1403 2615 1444 nomen
2663 1396 2788 1454 est,
2835 1384 2933 1442 sed
2966 1383 3297 1452 nuncupatio
3338 1385 3569 1451 potestatis
3585 1397 3615 1440 et

2100 1486 2284 1558 regni;
2336 1485 2414 1540 sic
2463 1484 2607 1539 enim
2651 1479 2824 1537 Judaei
2864 1493 3022 1549 reges
3043 1491 3172 1533 suos
3197 1475 3525 1546 appellabant.
3555 1479 3617 1535 Sed

2101 1576 2417 1648 exponenda
2466 1574 2624 1644 hujus
2667 1572 2902 1628 nominis
2929 1570 3066 1626 ratio
3095 1577 3182 1624 est
3205 1577 3414 1637 propter
3439 1570 3615 1638 ignoran-

2105 1669 2238 1724 tium
2287 1682 2566 1732 errorem,
2611 1664 2703 1736 qui
2732 1679 2855 1720 eum
2897 1662 3182 1718 immutata
3208 1659 3381 1716 littera
3414 1659 3617 1718 Chrestqu
3640 1691 3653 1704 ν

392 1747 498 1854 ipsi
554 1747 657 1836 s'oli
682 1819 698 1847 ,
752 1792 817 1832 ac
860 1777 969 1830 Deo
1023 1774 1197 1837 Patri;
1229 1747 1329 1827 nec
1367 1781 1494 1826 ante
1522 1770 1574 1825 id
1602 1769 1992 1840 publicabitur,
2026 1747 2074 1807 B
2104 1763 2281 1819 solent
2304 1757 2654 1816 dicere.Erat
2675 1755 2879 1813 Iudaeis
2903 1764 3029 1810 ante
3045 1762 3393 1824 praeceptum,
3417 1762 3464 1809 ut
3478 1770 3617 1811 sacrum

393 1882 457 1929 ut
485 1882 569 1928 est
609 1870 812 1925 sanctis
837 1866 1036 1923 litteris
1066 1864 1353 1931 traditum,
1397 1878 1554 1933 quam
1595 1861 1876 1932 dispositio
1902 1860 1996 1917 Dei

393 1962 558 2020 fuerit
606 1959 844 2030 impleta.
901 1957 1106 2013 Deinde
1140 1971 1241 2012 nec
1282 1953 1550 2010 enuntiari
1579 1968 1738 2024 posse
1765 1953 1998 2008 hominis

394 2068 532 2121 ore;
557 2052 696 2110 sicut
721 2050 946 2106 Hermes
975 2049 1166 2115 docet,
1192 2047 1306 2102 haec
1333 2044 1520 2101 dicens
1551 2060 1566 2097 :

2105 1859 2439 1916 conﬁcerent
2489 1862 2854 1927 unguentum,
2905 1866 3012 1923 quo
3039 1848 3268 1921 perungi
3298 1858 3492 1917 possent
3510 1849 3666 1919 ii,qui,-

2105 1952 2439 2009 vocabantur
2467 1947 2536 2004 ad
2560 1946 2921 2003 sacerdotium
2939 1984 2954 2009 ,
2985 1941 3175 2008 velad
3202 1955 3432 2011 regnum.
3466 1938 3519 1994 Et
3534 1942 3619 1996 sicut

2105 2057 2249 2099 nunc
2285 2040 2549 2097 Romanis
2574 2037 2948 2095 indumentum
2987 2047 3245 2106 purpura:
3271 2031 3461 2102 insigne
3485 2041 3546 2086 est
3567 2047 3601 2086 rc

1749 2177 2117 2236 VARIORUM
2155 2177 2384 2235 norm.

472 2302 784 2378 Δημιουρχρν
804 2305 897 2356 τοῦ
910 2301 1061 2378 βιοῦ.
1091 2296 1299 2378 Latine,
1333 2295 1587 2378 Opiﬁcem
1609 2294 1733 2378 JDei.
1753 2294 1996 2378 ’l‘risme-

398 2367 570 2450 gistu's
609 2367 674 2428 in'
703 2367 1013 2450 Pimandroi
1037 2383 1085 2424 c.
1121 2370 1170 2422 1.
1205 2368 1536 2450 Demiurgon
1570 2367 1996 2450 etiamlrenazus

395 2435 521 2504 loco
538 2446 648 2516 jam
670 2443 848 2516 citato
863 2449 1050 2507 vocat,
1093 2447 1147 2494 et
1171 2439 1294 2516 alibi
1323 2435 1468 2506 saepe
1494 2435 1993 2516 Yalentiniannrum

397 2508 683 2575 animalem
709 2512 1045 2581 demiurgum
1071 2509 1352 2565 conlutans
1373 2549 1388 2575 ,
1418 2518 1471 2562 et
1498 2508 1790 2577 Apostolus
1810 2523 1934 2578 cap.
1959 2524 1995 2563 ιι

398 2589 468 2645 ad
500 2586 662 2641 Hebr.
695 2585 1025 2638 Bsrunsws.

473 2657 775 2730 SquWIBm
804 2652 994 2730 Latine
1012 2692 1028 2717 ,
1054 2650 1466 2714 Consiliatorem,
1496 2664 1563 2730 εξ
1589 2664 1718 2704 mss.
1758 2651 1788 2728 _l
1817 2647 1998 2730 Coll},

401 2732 430 2785 1
476 2719 651 2797 Li'ps.,
684 2727 851 2797 Brun.
879 2723 994 2790 Qua
1049 2737 1181 2777 voce
1229 2736 1363 2776 usus
1401 2730 1483 2776 est
1528 2719 1836 2775 Lactantius
1866 2720 2001 2774 inira

400 2801 496 2857 lib.
523 2795 604 2864 1v,
634 2811 753 2866 cap.
788 2795 877 2849 11.

479 2861 630 2938 Quod
677 2861 819 2921 tanta
871 2863 1122 2938 sapientia
1167 2871 1214 2917 et
1267 2862 1448 2916 virtute
1487 2863 1554 2915 sit
1596 2863 1893 2938 instructus.
1924 2861 2002 2916 lta

399 2932 622 3010 reposui
658 2953 726 2992 ex
753 2932 1002 2991 omnibus
1059 2949 1188 2988 mss.
1223 2943 1577 3010 praeterquam
1620 2932 1727 2988 iul
1763 2934 2002 2988 Colbert.

401 3003 491 3069 cui
531 3017 614 3065 est
637 3015 790 3079 quot;
819 3014 1090 3079 corrupte,
1126 3003 1400 3079 pro_quo_d.

481 3073 728 3135 Fortasse
756 3087 950 3148 quaerat
979 3076 1184 3148 aliquis.
1208 3074 1424 3136 Parrh.,
1451 3073 1770 3148 Junt.,Ald.
1794 3115 1808 3140 ,
1832 3073 2004 3148 Crat.

406 3153 633 3224 Gymn.,
661 3151 716 3204 in
743 3145 920 3224 futuro
945 3187 960 3213 ,
1008 3145 1224 3224 fortasse
1260 3154 1456 3224 quieret
1479 3145 1662 3224 aliquis
1684 3185 1698 3209 ,
1726 3155 1779 3199 et
1823 3146 2011 3224 probat

405 3216 780 3282 Heumannus,
808 3217 932 3288 quia
953 3227 1007 3271 et
1032 3216 1159 3269 alibi
1185 3217 1256 3269 ita
1287 3217 1551 3284 loquatur.
1575 3216 1738 3269 Recte
1758 3216 2002 3288 quidem;

407 3293 507 3350 sed
564 3293 792 3346 alterum
813 3285 842 3355 ,'
873 3291 1090 3358 fortasse
1124 3295 1538 3358 guwrat,_aeque
1567 3295 1802 3358 rectum,
1838 3298 1890 3358 et
1923 3285 2010 3342 hic

408 3363 599 3418 nititur
622 3355 938 3415 auctoritate
963 3372 1095 3412 mss.
1122 3357 1266 3426 Lips.
1295 3398 1309 3421 ,
1340 3355 1526 3418 60th.,
1554 3355 1785 3426 Gryph.,
1816 3357 2006 3424 'l‘orn.,

409 3433 624 3498 Betul.,
656 3430 912 3484 Thomas.
945 3440 1000 3484 et
1027 3429 1376 3496 reliquorum.
1414 3427 1563 3498 Lact.
1590 3426 1639 3498 l.
1660 3444 1698 3492 ι,
1741 3429 1856 3498 6.νὸ
1884 3437 1939 3483 et
1969 3429 2006 3482 Ι.

413 3519 497 3570 ιν,
537 3517 588 3556 c.
612 3497 710 3582 QQ
734 3517 746 3550 :
777 3498 928 3581 Dicat
971 3502 1184 3623 {ortasse
1223 3499 1429 3578 aliquis.
1456 3497 1589 3551 Ibid.
1616 3497 1686 3552 29
1720 3515 1732 3551 :
1769 3497 2012 3581 Fortasse

413 3581 610 3623 aumrat
639 3573 846 3623 aliauts.
877 3571 950 3623 De
1003 3585 1057 3622 ra
1088 3585 1136 3622 c.
1172 3570 1240 3623 15
1271 3587 1283 3622 :
1320 3567 1420 3622 Hic
1450 3570 1662 3623 fortasse
1688 3582 1883 3623 auazrat
1914 3572 2012 3623 alt-

413 3567 610 3644 quterat
630 3571 846 3644 aliquis.
877 3571 950 3623 De
971 3567 1057 3644 Ira
1088 3585 1136 3644 c.
1172 3570 1240 3623 15
1271 3587 1283 3622 :
1320 3567 1420 3644 Hjc
1447 3570 1662 3644 fortasse
1688 3582 1883 3639 quaerat
1914 3570 2012 3624 ali-

413 3638 547 3716 quis.
582 3638 744 3697 Plura
768 3651 895 3695 noto
920 3641 986 3694 ad
1010 3640 1245 3716 hlpitom.
1270 3655 1318 3694 e.
1349 3638 1603 3716 29.8013.

486 3712 682 3767 Virtute
726 3707 1081 3767 construxerit.
1126 3711 1200 3765 lta
1251 3725 1380 3766 mss.
1435 3718 1490 3765 et
1515 3709 1663 3764 editi.
1712 3707 2008 3776 Francius,

414 3785 557 3842 forte
582 3785 762 3838 virtus.

489 3854 636 3911 Scire
659 3871 752 3909 nos
777 3853 1028 3915 convenit,
1062 3866 1244 3904 nomen
1270 3853 1378 3922 ejus
1392 3867 1455 3904 ne
1477 3850 1681 3921 Angelis
1701 3852 1903 3920 quidem
1927 3869 2013 3906 no-

416 3935 524 3982 tum
557 3943 680 3981 esse.
725 3925 855 3993 Quae
883 3923 1043 3978 lectio
1072 3922 1330 3993 majorem
1362 3927 1734 3976 auctoritatem
1766 3923 1922 3976 habet
1944 3939 2008 3977 cx

415 4010 552 4053 mss.
606 3996 675 4052 10
701 3992 831 4065 Reg.
864 4007 1093 4065 quorum
1136 3992 1242 4065 duo
1282 4004 1405 4065 sunt
1435 3996 1742 4065 veterrimi,
1772 3993 1805 4065 6
1853 3994 2006 4065 Coll).

417 4081 624 4136 sexque
679 4063 806 4118 aliis
844 4073 898 4118 et
943 4063 1093 4136 edit._
1125 4063 1185 4136 '2_
1206 4073 1312 4118 vet.
1346 4063 1503 4136 Rom.
1534 4076 1611 4136 c_t_
1642 4063 1814 4136 Bentl.
1841 4134 1848 4136 Α
1871 4063 1926 4116 In

416 4133 554 4205 Reg:
588 4151 684 4206 pro
708 4151 769 4188 ne
813 4143 896 4190 est
936 4150 1043 4206 nec.
1073 4133 1128 4188 In
1151 4133 1523 4206 Cauendum,
1556 4133 1727 4206 Lips,
1761 4134 2012 4206 Pal.et4

419 4204 796 4276 edit.,’neque;
839 4207 889 4258 in
928 4204 963 4258 4
1005 4206 1217 4258 excusis
1265 4204 1412 4272 Ald.,
1460 4205 1630 4258 Paris.
1668 4205 1823 4276 15‘25,
1864 4205 2008 4258 Crat.

421 4276 624 4346 Graph.
650 4277 778 4330 scire
799 4291 980 4329 nomen
1005 4277 1113 4345 ejus
1139 4293 1238 4330 non
1267 4277 1496 4330 convenit
1522 4275 1829 4340 hominibus,
1856 4291 2014 4344 neque

420 4347 630 4417 Angelis
656 4346 857 4417 quidem
879 4355 1050 4400 notum
1077 4357 1169 4400 est.

555 4398 1059 4488 intestina-ar...
1082 4398 1257 4482 Quia,
1284 4426 1340 4470 ut
1364 4416 1438 4470 ait
1469 4415 1663 4469 Paulus
1685 4415 1750 4469 ad
1779 4415 2008 4486 Philipp.
2037 4398 2092 4458 D

421 4506 540 4562 cap.
594 4491 652 4557 2,
698 4489 837 4562 dedit
876 4489 952 4542 illi
976 4504 1158 4562 nomen
1188 4489 1322 4556 quod
1347 4496 1597 4562 est‘super
1633 4503 1778 4539 omne
1805 4504 2008 4562 nomen.

489 4556 655 4618 Ἀίτία.
699 4559 888 4614 Latine
919 4577 930 4611 :
963 4557 1130 4611 Causa
1155 4568 1322 4611 autent
1351 4556 1504 4624 hujus
1543 4573 1712 4610 causa:
1751 4568 1821 4611 est
1859 4559 2016 4612 divini

420 4633 540 4687 boni
582 4632 839 4696 voluntas,
886 4644 1000 4698 qua:
1044 4628 1207 4681 Deum
1249 4627 1479 4696 protulit,
1511 4629 1658 4698 cujus
1697 4644 1877 4682 nomen
1916 4647 2014 4684 non

420 4713 584 4774 potest
605 4703 828 4756 humano
855 4716 941 4774 ore
966 4699 1085 4751 dici.

494 4776 642 4829 Θείου
669 4775 876 4836 ἀγαθοῦ.
899 4771 955 4824 1η
981 4767 1160 4836 paucis
1187 4766 1476 4822 admodum
1494 4776 1642 4825 Θεοῦ.
1665 4768 2012 4827 Ed.Torncs.

421 4844 476 4900 in
495 4859 673 4915 marg.
702 4844 1047 4915 Dei,_ex‘ms.

493 4910 665 4982 ²Ἐστῖ,
693 4923 798 4968 etc.
833 4910 1018 4965 Latine
1053 4928 1065 4962 :
1098 4910 1222 4975 Est,
1252 4927 1282 4964 ο
1305 4910 1402 4977 ﬁli,
1432 4921 1651 4982 secretus
1679 4912 1885 4982 quidam
1912 4930 2018 4968 ser-

422 5001 506 5040 mo
533 4981 819 5054 sapientiae,
849 4990 1052 5034 sanctus
1082 4982 1218 5035 circa
1244 4982 1411 5054 solum
1437 4981 1716 5054 Dominum
1744 4987 1972 5038 omnium
2000 5027 2015 5048 ,

419 5065 470 5127 et
518 5051 726 5109 Domini
781 5063 900 5127 ante
923 5062 1113 5127 _mente
1150 5053 1468 5123 percipientis
1497 5051 1517 5125 (
1547 5054 1830 5126 percepti)
1871 5071 2018 5127 quem

421 5126 591 5180 dicere
616 5139 774 5192 supra
795 5122 1046 5176 hominem
1074 5135 1166 5178 est.

490 5200 666 5282 Ὀο-ιος
687 5205 830 5282 ’ςπερέ
872 5208 963 5256 τοῦ
1011 5202 1162 5282 μόνου
1191 5207 1365 5282 ξευρίου
1405 5204 1624 5282 naturain.
1661 5205 1785 5260 l-lazc
1817 5206 1978 5282 verba
2000 5249 2015 5274 ,

419 5286 543 5344 quas
569 5273 624 5328 in
653 5273 915 5342 aliquibus
941 5275 1153 5343 scriptis
1180 5273 1374 5329 desunt
1396 5316 1411 5338 ,
1456 5277 1700 5330 restituta
1731 5285 1854 5333 sunt
1878 5277 2016 5333 Lac-

419 5345 623 5417 tantio,
654 5345 735 5417 vel
765 5345 940 5417 potin_s
967 5344 1201 5417 llerineti
1221 5385 1235 5410 ,
1268 5360 1348 5417 ex,
1375 5359 1506 5400 mss.
1545 5345 1774 5411 Bonon.,
1811 5349 1974 5404 Cane.
1998 5393 2014 5417 ,

417 5414 629 5486 Regiis,
685 5414 844 5477 Tax.,
891 5414 1010 5468 Em.
1032 5455 1046 5480 ,
1097 5414 1249 5469 Cant.
1274 5457 1289 5477 .
1337 5416 1502 5470 Brun.
1530 5457 1546 5483 ,
1573 5417 1608 5470 2
1634 5417 1869 5474 Colbert.
1899 5420 1952 5474 ln
1986 5414 2012 5477 l

417 5485 552 5556 Reg.
575 5529 590 5554 ,
623 5488 649 5541 1
685 5486 916 5540 Sorbon.
956 5496 1011 5540 et
1059 5486 1110 5540 in
1136 5485 1454 5557 quibusdam
1483 5489 1642 5544 editis
1681 5489 2019 5548 desideratur

417 5561 499 5614 καὶ
518 5559 940 5634 προεννοουμένου
970 5563 1118 5612 Θεοῦ.

489 5651 744 5725 Θεοῡειεο
775 5650 980 5725 restitui
1010 5665 1076 5705 ex
1107 5651 1508 5725 antiquissimis
1543 5669 1678 5725 mss.
1710 5653 1744 5707 ‘2
1768 5653 1975 5709 Bonan.
1995 5698 2012 5725 ,

417 5717 607 5794 Caue.,
633 5723 661 5780 1
692 5721 823 5794 Reg.
845 5719 950 5781 900
972 5735 1160 5778 annor.
1195 5717 1312 5780 aliis
1333 5723 1464 5781 item
1482 5723 1518 5778 2
1543 5723 1742 5797 Regiis,
1768 5727 1802 5780 2
1831 5717 2012 5798 Coll»,

2101 2295 2138 2350 2
2195 2295 2359 2350 Brun.
2389 2290 2562 2360 ,"edit.
2594 2293 2754 2348 Rom.
2787 2291 2927 2348 M70
2948 2333 2963 2357 ,
2989 2300 3156 2363 atque
3180 2289 3336 2346 etiam
3372 2290 3476 2344 anni
3501 2291 3616 2355 H97,

2102 2376 2159 2421 et
2188 2367 2359 2422 Isiana
2391 2367 2577 2421 Romae
2606 2364 2766 2420 1650.
2798 2363 2904 2419 Sed
2931 2364 2986 2417 in
3013 2379 3149 2418 mss.
3181 2363 3216 2416 2
3242 2371 3296 2418 et
3324 2363 3354 2414 7
3379 2364 3548 2417 excusis
3568 2377 3616 2417 t‘sl

2103 2445 2299 2509 κυρίου.
2329 2438 2388 2491 In
2418 2436 2686 2506 plerisque
2717 2449 2847 2490 mss.
2879 2433 3032 2491 deest
3063 2443 3373 2504 utrumque.

2177 2509 2350 2564 Iesus.
2382 2509 2570 2562 Latine
2598 2516 2843 2562 servator.

2180 2578 2469 2634 Chrestum.
2503 2578 2793 2633 Suetonius
2832 2576 2997 2632 refert
3022 2618 3036 2641 ,
3066 2575 3346 2641 impulsore
3379 2573 3617 2629 Chrestalu-

2110 2649 2258 2705 dicos
2280 2651 2496 2705 assidue
2514 2649 2678 2703 fuisse
2700 2648 3050 2702 tumultuatos
3074 2662 3088 2699 :
3116 2645 3186 2701 de
3199 2645 3406 2702 Christo
3422 2645 3528 2714 ipso,
3542 2647 3615 2701 licet

2113 2720 2250 2776 falso
2263 2729 2317 2776 et
2330 2721 2512 2790 impie,
2537 2719 2832 2790 intellexit;
2853 2717 3230 2790 veteresenim
3247 2717 3461 2786 gentiles
3473 2721 3615 2790 verine

2112 2793 2274 2847 minis
2293 2786 2652 2861 ignoratione,
2666 2788 2953 2861 Chrestum
2968 2799 3029 2861 et
3044 2789 3412 2861 Chrestianos,
3427 2803 3510 2861 non
3525 2786 3616 2861 Chri-

2112 2873 2254 2917 stum
2275 2859 2337 2918 et
2345 2863 2684 2917 Christianos
2701 2859 2910 2915 dixere.
2924 2860 2983 2915 Id
3003 2875 3088 2914 me
3110 2870 3168 2914 et
3194 2859 3280 2914 hic
3293 2859 3548 2913 Tertulliani
3566 2860 3612 2910 lo-

2113 2947 2208 2988 cus
2224 2935 2273 2988 in
2287 2933 2516 3003 Apolog.
2532 2933 2734 2988 docuit.
2753 2931 2812 2984 Si
2830 2932 3049 2985 nominis
3067 2930 3289 3002 (inquit)
3303 2930 3459 3003 odium
3471 2929 3611 3003 atque

2033 3010 2078 3074 C
2115 3005 2336 3058 nominis
2363 3001 2570 3059 reatus?
2589 3018 2704 3074 qua:
2732 3003 2989 3056 accusatio
3010 3001 3402 3074 vocabulorum?
3423 3001 3499 3053 nisi
3518 3003 3546 3051 si
3561 3009 3614 3050 aut

2112 3074 2400 3128 Barbarum
2424 3086 2570 3129 sonat
2598 3073 2769 3144 aliqua
2789 3089 2887 3127 vox
2912 3073 3158 3140 nominis,
3185 3081 3276 3125 aut
3299 3074 3546 3144 infaustum,
3563 3081 3614 3121 aut

2114 3146 2444 3208 maledicum,
2463 3156 2551 3200 aut
2575 3140 2908 3214 impudicum.
2928 3143 3034 3199 Sed
3052 3154 3098 3196 et
3118 3159 3235 3196 cum
3253 3140 3489 3214 perperam
3503 3140 3615 3193 Clim-

2114 3217 2280 3271 tianos
2318 3218 2350 3288 ί(
2379 3217 2456 3288 sic
2484 3231 2554 3271 ex
2583 3212 2932 3288 sequentibus
2972 3212 3319 3288 scribendum
3352 3212 3559 3288 arbitror,
3582 3219 3615 3263 ut

2112 3296 2168 3342 et
2193 3282 2607 3366 apud"_l‘a_citum
2633 3282 2729 3340 lib.
2762 3301 2831 3339 xv
2856 3283 3277 3366 )_pronuntiatur
3314 3283 3486 3366 aeoliis
3506 3282 3615 3366 (“nam

2113 3375 2205 3413 nec
2229 3355 2468 3413 nominis
2495 3368 2631 3412 certa
2669 3366 2741 3411 est
2763 3355 2942 3411 notitia
2972 3373 3125 3428 penes
3151 3372 3239 3411 vos
3266 3355 3306 3428 ),
3335 3355 3392 3409 de
3414 3355 3614 3428 suavitate,

2113 3429 2190 3500 vel
2210 3428 2517 3500 benignitate
2541 3429 2874 3498 compositum
2901 3423 3017 3483 est:
3049 3426 3224 3481 oditur
3263 3423 3420 3500 itaque
3440 3425 3480 3476 in
3505 3423 3610 3500 luenti-

2113 3499 2260 3554 nibus
2283 3492 2514 3555 innocuis
2534 3492 2684 3552 etiam
2725 3515 2910 3554 nomen
2946 3501 3246 3553 innocuum.
3279 3492 3510 3552 Hactenus
3531 3492 3615 3546 Ter-

2115 3570 2235 3642 tull.
2262 3571 2442 3635 verba,
2475 3586 2544 3626 ex
2568 3570 2764 3640 quibus
2790 3585 2921 3642 sane
2947 3568 3093 3642 quod
3126 3568 3373 3642 proposui
3398 3564 3616 3642 conlectum

2114 3633 2534 3719 cred°_¥eﬁ°"r_°c
2562 3633 2781 3719 suavem
2799 3681 2815 3706 .
2853 3633 3080 3719 facilem
3109 3633 3166 3695 ἐι
3180 3633 3616 3719 benignum‘siguiﬁ-

2114 3721 2220 3766 cat.
2277 3705 2412 3768 Vide
2467 3714 2690 3768 Sueten.
2749 3705 2806 3766 in
2846 3711 3070 3768 Claudio
3095 3726 3149 3766 c.
3177 3711 3285 3781 ’25,
3315 3705 3613 3766 Tertulliunum

2114 3783 2450 3854 Apologetic.
2477 3799 2595 3852 cap.
2629 3785 2686 3836 5.

2188 3855 2268 3908 Ad
2291 3847 2655 3908 'sacerdotium
2671 3896 2686 3921 ,
2732 3854 2808 3908 vel
2846 3853 2914 3907 ad
2940 3870 3175 3925 regnum,
3197 3861 3303 3910 etc.
3324 3851 3566 3925 Utrumque
3584 3847 3613 3898 in

2114 3923 2330 3980 Christo
2361 3926 2536 3981 locum
2565 3920 2746 3988 habet,
2775 3925 2863 3995 qui
2890 3935 2945 3979 et
2973 3920 3068 3981 rex
3097 3935 3184 3980 est
3202 3967 3217 3991 ,
3251 3924 3396 3993 cujus
3418 3920 3612 3995 regulum!

2116 3997 2220 4051 erit
2261 3998 2420 4062 linis,
2467 4006 2524 4051 ut
2571 3992 2810 4066 Angelus
2855 3995 3082 4051 Beatiss.
3120 3992 3327 4066 Virgini
3363 3992 3615 4066 propitiate!

2117 4068 2370 4136 sacerdos
2399 4060 2450 4120 in
2479 4060 2737 4121 aetermim
2760 4109 2776 4132 ,
2821 4066 3116 4122 secundum
3152 4060 3388 4122 ordinem
3421 4060 3616 4136 Machin-

2116 4135 2242 4192 dek.
2277 4138 2431 4194 Unde
2457 4137 2648 4193 Petrus
2676 4131 2993 4201 Ecclesiam,
3019 4139 3072 4193 id
3102 4148 3206 4206 est,
3237 4149 3444 4208 regnum
3466 4131 3613 4208 Christi.

2117 4220 2264 4264 recte
2315 4209 2508 4280 regale
2543 4208 2902 4264 sacerdotium
2955 4201 3264 4278 appellavit.
3285 4201 3393 4280 θ’οο
3437 4201 3614 4280 unctione

2117 4281 2260 4347 regis
2291 4269 2405 4348 lege
2435 4279 2666 4350 primum
2690 4280 2955 4336 Samuelis
2983 4269 3178 4336 librum
3201 4323 3215 4346 ,
3267 4279 3341 4350 de,
3377 4269 3615 4350 sacerdqlali

2117 4342 2248 4404 vero
2278 4342 2589 4416 chrismate,
2614 4351 2791 4405 Levit.
2816 4365 2866 4406 c.
2899 4351 3035 4405 Vlll.
3063 4352 3138 4407 De
3163 4342 3446 4407 sacerdotio
3467 4342 3613 4418 Clusii.

2117 4418 2361 4492 adeoque
2405 4422 2571 4490 ipsius
2602 4421 2885 4492 unctione,
2916 4437 3077 4478 nemo
3103 4422 3312 4478 doetius
3355 4428 3436 4472 aut
3477 4417 3615 4483 plenius

2117 4491 2283 4562 quam
2304 4493 2500 4548 Paulus
2528 4494 2581 4546 in
2610 4493 2778 4562 Epist.
2804 4491 2872 4546 ad
2902 4493 3177 4550 Hebraeos.
3203 4493 3499 4562 BETUsts.

2197 4561 2288 4617 Vel
2339 4564 2408 4616 ad
2453 4561 2684 4632 regnum.
2733 4563 2846 4618 Mos
2884 4571 3066 4620 tamen
3095 4565 3197 4622 iste
3223 4563 3290 4618 ad
3335 4561 3454 4616 alias
3475 4565 3616 4626 ίιιιοηυθ

2115 4644 2307 4706 gentes
2333 4642 2517 4706 postea
2545 4633 2859 4688 dimanavit.
2905 4705 2910 4706 ί
3334 4705 3343 4706 ί
3433 4701 3457 4706 η
3517 4697 3538 4706 ,_
3568 4693 3586 4706 ,.

2190 4697 2556 4759 Ιηάιιῖηεηιαηι
2609 4721 2851 4775 purpura:
2896 4705 3094 4776 insigne
3133 4713 3204 4760 est
3244 4705 3387 4776 regiae
3411 4697 3610 4776 dignitati:-

2120 4777 2502 4832 Ornamentum
2527 4773 2834 4846 estregium
2855 4816 2871 4841 ,
2904 4773 3324 4831 hoc'rubicundo
3356 4773 3510 4846 colore
3531 4773 3611 4817 inSI'

2117 4862 2289 4903 nnans
2318 4847 2590 4917 sanguinis
2617 4844 2924 4917 imperium,
2947 4856 3002 4902 et
3031 4849 3177 4902 necis
3207 4844 3476 4902 inferendae
3503 4846 3614 4917 μυιιςὸζ

2119 4927 2303 4991 tatem.
2362 4906 2496 4991 an,
2526 4906 2869 4991 sensu:_l_orte
2911 4906 3108 4973 'llorat.
3153 4919 3418 4991 Tyrannos
3457 4906 3614 4978 ορρουεί

2117 4989 2442 5060 Purpureos,
2480 4990 2504 5044 1
2537 4987 2665 5054 Od.,
2687 4989 2776 5045 35.

2365 5079 2609 5145 Purpurei
2627 5085 2856 5145 metuunt
2879 5084 3087 5145 tyranni,

2365 5142 2606 5206 lnjurioso
2630 5155 2695 5192 ne
2719 5143 2846 5206 pede
2867 5142 3071 5206 proruas

2461 5204 2684 5256 Stantem
2707 5204 2997 5255 columnam.

2119 5289 2187 5346 Et
2210 5289 2280 5343 ob
2308 5289 2447 5345 hanc
2486 5290 2822 5361 majestatem
2854 5291 2994 5348 Deus
3025 5291 3165 5348 haud
3205 5291 3358 5348 dubie
3397 5279 3609 5360 sacerdotis

2117 5371 2321 5435 vestem
2349 5361 2467 5416 lieri
2484 5361 2644 5435 jussit
2670 5377 2992 5435 purpuream
3021 5364 3039 5435 (
3069 5364 3237 5420 Exod.
3267 5363 3331 5418 59
3356 5363 3392 5429 ),
3420 5368 3464 5413 ct
3486 5361 3608 5435 Ψυρνέ

2117 5433 2302 5488 salutis
2325 5425 2524 5487 nostrae
2550 5425 2880 5489 instaurator
2918 5425 3160 5490 Christus
3187 5450 3304 5488 cum
3345 5425 3368 5482 εὶ
3399 5425 3608 5499 ριόῐιίὲίηίδ

2116 5504 2384 5577 militibus
2419 5503 2536 5557 Rex
2585 5505 2942 5573 salutaretur,
3001 5522 3229 5577 purpura
3282 5504 3472 5558 indutus
3505 5500 3608 5546 tum

2118 5575 2330 5646 legitur.
2361 5575 2637 5646 Sittium.

2187 5644 2399 5707 Αὐτοὺς.
2434 5644 2597 5717 (Vide
2623 5646 2808 5718 infra.)
2838 5647 3029 5704 Latine
3055 5666 3068 5701 :

2211 5736 2308 5788 Eos
2323 5744 2488 5790 autem
2509 5735 2701 5788 famulae
2717 5737 2962 5802 laverunt,
2985 5747 3036 5792 et
3058 5746 3301 5791 unxeruut
3315 5735 3426 5788 oleo.
