3770 6264
181 329 299 387 469

1048 337 1256 398 LIBER
1293 340 1384 401 iV.
1427 345 1516 402 DE
1561 347 1749 408 VERA
1791 355 2157 414 SAPIENTIA
2194 355 2283 412 ET
2315 354 2541 415 RELIG.

3393 371 3501 428 470

183 461 407 551 cut-nem.
428 453 711 551 creaturam
727 463 761 551 ;.
776 465 867 522 ego
907 451 961 551 in
989 453 1132 510 cretis
1158 459 1256 528 feci
1283 469 1338 513 ut
1365 461 1585 517 oriretur
1628 466 1800 522 lumen
1828 484 1878 546 Α
1905 472 2048 542 cipio
2076 473 2410 542 processisse
2438 474 2852 545 dispositionem
2882 483 3079 537 summi
3107 482 3235 551 Dei,
3273 493 3333 541 ut
3357 498 3502 543 esset

181 540 514 608 indeﬁciens,
544 550 591 595 et
612 541 794 598 nebula
818 545 920 599 tean'
947 561 1150 602 omnem
1179 559 1386 605 terram.
1429 551 1540 626 Ego
1578 557 1634 611 in
1675 557 1795 614 altis

178 632 443 700 habitavi,
475 641 523 688 et
569 634 780 690 thronus
811 653 953 694 meus
983 641 1038 694 in
1068 643 1309 698 columna
1356 646 1523 701 nubis.
1558 648 1793 708 Joannes

176 738 409 796 quoque
431 724 500 781 ita
525 725 742 782 tradidit
768 727 905 801 (cap.
941 731 981 802 ι)
1012 732 1117 788 :In
1145 737 1398 808 principio
1422 751 1527 793 erat
1548 739 1790 812 Verbum,

170 827 234 872 et
271 816 489 874 Verbum
515 828 624 873 erat
653 822 795 892 apud
815 823 1003 894 Deum,
1033 837 1082 881 et
1099 826 1240 885 Deus
1268 842 1377 886 erat
1409 832 1648 889 Verbum.
1675 835 1792 892 Hoc

168 911 288 981 fuit
311 911 366 967 in
396 913 652 985 principio
683 917 824 986 apud
864 917 1050 974 Deum.
1087 920 1275 979 Omnia
1316 942 1405 997 per
1443 926 1614 998 ipsum
1652 931 1792 1001 facta

163 1014 330 1077 sunt,
349 1015 397 1064 et
421 1008 528 1064 sine
554 1008 669 1081 ipso
694 1013 890 1082 factum
915 1022 988 1068 est
1015 1016 1163 1071 nihil.

799 1124 1030 1183 CAPUT
1068 1129 1163 1184 IX.

770 1217 853 1274 De
888 1219 1051 1276 Verbo
1081 1223 1197 1279 Dei.

253 1324 370 1380 Sed
394 1325 590 1382 melius
618 1326 791 1385 Graeci
820 1331 958 1405 λόγον
985 1333 1193 1404 dicunt,
1223 1351 1384 1407 quam
1412 1352 1512 1394 nos
1541 1339 1787 1410 verbum,

159 1415 303 1471 sive
329 1432 641 1474 sermonem
665 1438 680 1487 ;
724 1422 867 1494 λόγος
893 1426 1038 1480 enim
1066 1437 1120 1482 et
1149 1442 1459 1486 sermonem
1502 1433 1788 1504 signiﬁcat,

160 1515 239 1562 et
271 1510 572 1579 rationem,
605 1513 729 1582 quia
770 1515 862 1571 ille
889 1529 994 1586 est,
1021 1529 1077 1575 et
1104 1537 1243 1588 vox,
1274 1533 1328 1579 et
1372 1525 1638 1596 sapientia
1672 1529 1786 1586 Dei.

157 1598 347 1656 Hunc
367 1617 683 1661 sermonem
703 1606 941 1664 divinum
967 1626 1034 1666 ne
1059 1611 1365 1686 philosophi
1388 1618 1604 1687 quidem
1636 1620 1790 1690 igno-

155 1705 469 1750 raverunt.
489 1695 764 1767 Siquidem
788 1699 937 1756 Zeno
959 1718 1142 1760 rerum
1171 1717 1376 1762 naturae
1404 1709 1790 1779 dispositorem

93 1782 106 1788 '
155 1791 355 1852 atque
401 1787 651 1855 opificem
697 1790 1071 1850 universitatis
1111 1797 1252 1871 λόγον
1300 1799 1599 1867 praedicat,
1630 1818 1790 1867 quem

1901 581 2170 632 necesse,
2247 568 2715 638 appropinquante
2788 574 2976 628 saeculi
3052 575 3321 644 termino,
3405 579 3501 635 Dei

1899 657 2095 712 Filium
2124 657 2458 715 descendere
2485 660 2538 714 in
2594 671 2790 718 terram
2819 706 2834 730 ,
2880 673 2940 719 ut
2983 666 3338 724 constitueret
3389 669 3501 727 Deo

1901 753 2184 821 templum,
2215 753 2541 825 duceretque
2562 756 2824 824 justitiam
2857 777 2870 814 :
2899 771 3276 817 verumtamen
3298 778 3408 819 non
3440 766 3493 822 in

1899 843 2103 899 virtute
2145 846 2340 916 Angeli
2368 888 2382 912 ,
2428 857 2518 902 aut
2550 859 2818 918 potestate
2844 852 3053 907 caelesti
3074 895 3088 919 ,
3122 854 3218 909 sed
3247 855 3299 909 in
3332 856 3500 926 ﬂgura

1898 937 2158 1004 hominis,
2186 946 2242 993 et
2274 939 2588 996 conditione
2618 942 2874 1009 mortali,
2907 953 2964 998 ut
3009 959 3132 1000 cum
3173 949 3490 1018 magisterio

1897 1029 2119 1086 functus
2173 1030 2396 1097 fuisset,
2448 1033 2752 1092 traderetur
2804 1037 2857 1092 in
2911 1053 3103 1095 manus
3156 1040 3492 1114 impiorum,

1897 1133 2243 1194 mortemque
2289 1125 2622 1196 susciperet,
2671 1137 2730 1183 ut
2771 1143 2833 1184 ea
2877 1145 3092 1201 quoque
3119 1147 3216 1202 per
3239 1134 3492 1192 virtutem

1895 1214 2139 1282 domita,
2198 1225 2538 1288 resurgeret,
2596 1228 2652 1274 et
2700 1220 2946 1290 homini,
2997 1239 3158 1293 quem
3199 1225 3490 1296 induerat,

1896 1323 2059 1378 quem
2085 1309 2328 1378 gerebat,
2357 1318 2410 1365 et
2435 1324 2588 1380 spem
2616 1312 2898 1369 vincendre
2937 1316 3130 1371 mortis
3157 1316 3400 1385 afferret,
3433 1328 3488 1376 et

1898 1401 1965 1455 ad
2025 1403 2247 1472 praemia
2305 1402 2728 1459 immortalitatis
2773 1405 3101 1463 admitteret.
3157 1408 3308 1465 Hanc
3358 1425 3489 1483 ergo

1899 1493 2314 1564 dispositionem
2345 1511 2411 1551 ne
2439 1497 2558 1564 quis
2589 1496 2839 1566 ignoret,
2887 1499 3203 1556 docebimus
3234 1502 3489 1570 praedicta

1901 1600 2026 1641 esse
2051 1588 2254 1652 omnia,
2289 1603 2406 1656 qua:
2432 1589 2484 1642 in
2524 1585 2742 1644 Christo
2767 1590 3012 1646 videmus
3052 1607 3173 1648 esse
3199 1595 3489 1665 completa.

1900 1675 2071 1734 Nemo
2111 1680 2502 1734 asseverationi
2551 1690 2750 1736 nostra:
2798 1682 2957 1737 ﬁdem
2998 1685 3340 1753 commodet;
3389 1687 3498 1744 nisi

1901 1773 2220 1840 ostendero,
2250 1774 2549 1844 Pmphetas
2598 1785 2724 1831 ante
2773 1777 2996 1832 multam
3047 1786 3349 1848 temporum
3404 1795 3497 1836 se-

161 1884 234 1932 et
265 1877 437 1932 fatum
457 1921 472 1947 ,
505 1889 559 1935 et
604 1884 980 1941 necessitatem
1010 1868 1222 1957 rerum,
1253 1900 1308 1946 et
1335 1893 1532 1960 Deum,
1574 1905 1628 1950 et
1674 1898 1790 1951 ani-
1820 1892 1863 1951 B

1976 1884 2038 1922 :m
2075 1869 2437 1937 praedicasse,
2472 1868 2590 1924 fore
2639 1869 2927 1938 aliquando
2975 1879 3032 1924 ut
3086 1871 3227 1925 lilius
3270 1871 3368 1926 Dei
3395 1878 3520 1928 ηαδ.

163 1984 338 2025 mum
364 1969 514 2027 Jovis
544 1985 819 2044 nuncupat
844 1994 858 2035 :
890 1993 952 2033 ea
982 1981 1189 2036 scilicet
1233 1985 1649 2051 consuetudine,
1680 2003 1785 2058 qua

161 2064 369 2120 solent
416 2064 606 2122 Jovem
652 2083 751 2138 pro
782 2069 892 2125 Deo
937 2073 1205 2144 accipere.
1239 2075 1348 2131 Sed
1405 2078 1540 2134 nihil
1568 2081 1788 2137 obstant

163 2159 375 2224 verba,
419 2174 541 2214 cum
589 2163 858 2218 sententia
906 2177 1169 2236 congruat
1213 2170 1451 2227 veritati.
1501 2173 1598 2228 Est
1639 2175 1784 2230 enim

165 2252 412 2324 spiritus
443 2252 574 2321 Dei,
625 2271 784 2326 quem
830 2258 922 2314 ille
971 2260 1211 2316 animum
1258 2262 1406 2320 Jovis
1456 2267 1782 2323 nominavit.

164 2349 324 2405 Nam
355 2349 735 2421 Trismegistus
779 2352 1051 2426 (Trismeg.
1086 2355 1336 2413 Pimand.
1380 2377 1496 2431 cap.
1528 2361 1671 2417 Ascl.
1703 2361 1784 2434 4),

167 2442 281 2514 qui
316 2441 601 2499 veritatem
649 2459 788 2516 pene
814 2446 1119 2504 universam
1157 2452 1345 2508 nescio
1388 2454 1661 2524 quomodo
1705 2455 1788 2509 in-

169 2535 509 2606 vestigavit,
537 2536 793 2593 virtutem
822 2539 1269 2613 maiestatemque
1314 2545 1466 2600 verbi
1495 2560 1642 2616 saepe
1683 2547 1782 2602 de-

166 2628 446 2698 scripsit,
496 2628 636 2684 sicut
680 2631 921 2686 declarat
960 2635 1210 2704 superius
1257 2634 1391 2691 illud
1436 2638 1786 2708 exemplum,

171 2735 301 2791 quo
360 2719 556 2776 fatetur
602 2735 723 2778 esse
757 2721 1085 2781 ineliabilem
1116 2730 1405 2798 quemdam
1428 2740 1792 2800 sanctumque

171 2827 526 2881 sermonem,
549 2814 704 2885 cujus
729 2819 1005 2874 enarratio
1032 2819 1253 2876 modum
1279 2821 1515 2877 hominis
1536 2822 1785 2878 excedat.

170 2906 318 2962 Dixi
353 2907 423 2963 de
443 2908 727 2965 nativitate
755 2911 926 2981 prima
954 2911 1214 2981 breviter,
1260 2923 1318 2968 ut
1346 2916 1514 2984 potui.
1545 2914 1700 2970 Nunc
1725 2915 1792 2971 de

175 2998 438 3054 secunda
466 3041 481 3066 ,
529 3001 780 3071 quoniam
828 3003 1204 3060 controversia
1233 3015 1316 3061 est
1344 3007 1397 3062 in
1429 3022 1490 3063 ea
1519 3008 1749 3063 maxima
1774 3050 1789 3077 ,

169 3089 358 3147 latius
388 3090 765 3148 disserendum
797 3102 914 3162 est;
947 3104 1006 3152 ut
1035 3097 1316 3153 veritatem
1349 3099 1488 3154 scire
1528 3100 1792 3170 cupienti-

179 3181 295 3239 bus
332 3183 513 3241 lumen
545 3185 913 3257 intelligentiae
942 3188 1314 3258 pralferamus.

839 3301 1067 3358 CAPUT
1107 3303 1174 3358 X.

839 3302 1067 3360 CAPUT
1107 3303 1174 3358 X.

180 3393 272 3450 De
317 3393 447 3449 Iesu
495 3392 755 3461 adventu;
804 3395 866 3450 de
909 3393 1216 3452 Iudaeorum
1263 3399 1463 3454 casibus
1510 3415 1572 3455 ac
1615 3416 1793 3455 eorum

373 3487 620 3558 regimine
659 3504 818 3559 usque
854 3488 923 3542 ad
951 3488 1256 3546 Passionem
1283 3489 1623 3547 Dominicam.

262 3598 329 3656 In
355 3599 547 3670 primis
573 3599 734 3672 igitur
763 3603 904 3658 scire
932 3601 1181 3661 homines
1210 3612 1458 3674 oportet,
1500 3605 1579 3661 sic
1601 3620 1631 3660 a
1653 3605 1800 3675 prin-

1898 1968 2116 2016 ceretur
2143 1959 2283 2013 sicut
2313 1959 2477 2012 homo
2496 2001 2510 2026 ,
2560 1968 2616 2014 et
2642 1959 2908 2013 mirabilia
2942 1959 3166 2027 faceret,
3203 1971 3259 2017 et
3288 1961 3495 2018 cultum

1893 2054 1992 2107 Dei
2023 2067 2122 2122 per
2153 2060 2322 2106 totam
2366 2061 2568 2107 terram
2596 2053 2929 2119 seminaret,
2958 2061 3012 2108 et
3056 2065 3332 2124 postremo
3365 2057 3499 2126 pati-

1897 2142 2028 2198 bulo
2061 2141 2319 2213 ﬁgeretur
2341 2185 2354 2208 ,
2378 2152 2431 2198 et
2464 2143 2622 2198 tertia
2650 2144 2740 2199 die
2780 2153 3112 2216 resurgeret.
3146 2147 3277 2215 Qua:
3322 2149 3504 2205 omnia

1890 2249 2019 2290 cum
2064 2235 2366 2306 probavero
2413 2250 2602 2290 eorum
2653 2236 2895 2306 ipsorum
2952 2237 3170 2304 litteris,
3199 2239 3295 2310 qui
3326 2240 3500 2297 Deum

1893 2342 2052 2382 suum
2105 2327 2322 2382 mortali
2367 2341 2596 2397 corpore
2646 2338 2887 2384 utentem
2943 2328 3321 2400 violaverunt,
3375 2332 3506 2403 quid

1892 2428 2039 2484 aliud
2067 2427 2334 2492 obstabit,
2376 2428 2670 2498 quominus
2715 2443 2900 2484 veram
2927 2430 3248 2498 sapientiam
3300 2429 3506 2486 clarum

1896 2523 1972 2579 sit
2013 2523 2066 2576 in
2100 2522 2201 2576 hac
2247 2520 2364 2576 sola
2403 2520 2688 2591 Religione
2727 2522 2968 2576 versari?
2999 2521 3153 2579 Nunc
3178 2537 3209 2578 a
3238 2523 3507 2594 principio

1897 2612 2063 2668 totius
2090 2612 2417 2668 sacramenti
2446 2611 2598 2682 origo
2626 2609 2898 2666 narranda
2929 2620 3033 2666 est.

1968 2766 2200 2837 Majores
2242 2766 2446 2832 nostri,
2477 2767 2565 2836 qui
2613 2775 2769 2823 erant
2798 2767 3068 2838 principes
3115 2768 3466 2827 Hebraeorum
3497 2815 3509 2839 ,

1898 2875 2021 2915 cum
2050 2859 2339 2916 sterilitate
2383 2867 2550 2930 atque
2575 2860 2755 2929 inopia
2791 2861 3138 2929 laborarent,
3186 2863 3516 2920 transierunt

1897 2951 1952 3010 in
1979 2952 2270 3025 ZEgyptum
2311 2953 2390 3008 rei
2429 2951 2795 3007 frumentaria:
2839 2952 3044 3022 gratia,
3088 2954 3271 3024 ibique
3313 2953 3513 3010 diutius

1897 3055 2338 3111 commorantes,
2393 3043 2717 3100 intolerabili
2774 3044 3049 3100 servitutis
3105 3045 3234 3114 jugo
3305 3060 3514 3114 preme-

1899 3140 2117 3194 bantur.
2147 3136 2285 3192 Tum
2315 3136 2574 3191 misertus
2627 3149 2815 3190 eorum
2865 3137 3005 3190 Deus
3047 3135 3233 3191 eduxit
3275 3150 3406 3202 eos,
3451 3151 3516 3193 ac

1901 3229 2154 3286 liberavit
2172 3230 2240 3286 de
2268 3245 2428 3284 manu
2451 3233 2596 3300 regis
2616 3227 3000 3301 IEgyptiorum
3023 3240 3146 3299 post
3171 3243 3342 3283 annos
3383 3244 3533 3301 qua-_
3571 3251 3677 3299 ωίη

1823 3281 1868 3344 C
1901 3321 2218 3393 dringentos
2245 3329 2299 3376 et
2331 3281 2568 3391 trigintz,
2601 3281 2746 3376 duc:
2759 3281 2977 3390 lloyse,
3008 3281 3106 3390 per
3136 3335 3296 3389 quem
3326 3281 3556 3390 postea"

1900 3415 2010 3470 illis
2054 3415 2143 3469 lex
2171 3429 2201 3468 a
2233 3414 2344 3468 Deo
2374 3413 2494 3468 data
2550 3421 2632 3468 est
2665 3430 2677 3465 :
2708 3413 2762 3466 in
2806 3427 2908 3481 qua
2940 3411 3225 3466 eductione
3273 3411 3515 3466 ostendit

1902 3511 2156 3566 virtutem
2201 3523 2312 3562 suae
2341 3509 2642 3578 maiestatis
2676 3508 2839 3564 Deus.
2872 3506 3110 3577 Trajecit
3156 3507 3302 3562 enim
3348 3519 3515 3577 popu-

1908 3603 2021 3658 lum
2073 3600 2255 3657 medio
2313 3600 2447 3656 Mari
2507 3600 2728 3665 Rubro,
2795 3599 3135 3670 praecedente
3178 3598 3410 3669 angelo,
3459 3606 3514 3652 et

1560 3761 1921 3820 VARIORUM
1958 3760 2188 3817 NOTAE.

190 3915 324 3971 rum
357 3898 479 3955 loca
507 3913 737 3970 operose
765 3899 983 3971 collegit
1003 3899 1275 3955 Pamelius
1299 3899 1363 3971 ad
1387 3898 1644 3970 Cyprian.
1677 3898 1711 3971 Ι.
1740 3913 1798 3965 ιι,

190 3973 264 4027 ad
297 3970 512 4038 Quirin.
565 3973 804 4035 ineunte,
839 3981 894 4026 ut
915 3970 1183 4041 probaret
1203 3971 1269 4026 ad
1300 3970 1468 4024 libros
1499 3970 1801 4024 Cbronicos

192 4045 502 4112 pertinere,
557 4052 774 4097 notatus
805 4044 931 4099 inde
960 4043 1027 4096 ab
1057 4041 1357 4097 Goulartio.
1393 4041 1648 4096 Veterum
1685 4041 1800 4094 loca

194 4114 646 4170 Ecclesiasticum
679 4114 954 4170 Salomoni
988 4115 1336 4168 tribuentium
1365 4114 1568 4182 colligit
1589 4125 1802 4182 quoque

197 4185 454 4242 Serarius
487 4185 551 4239 ad
575 4187 631 4240 S.
666 4186 922 4240 Bonil‘acii
952 4185 1124 4252 Epist.
1158 4201 1196 4240 ι.
1224 4185 1356 4240 Βυιι.

275 4255 538 4310 Tradidit.
569 4256 694 4311 Mss.
721 4259 753 4311 8
773 4268 827 4311 et
857 4259 890 4310 4
911 4257 1022 4319 ed.,
1047 4256 1224 4309 tradit.

277 4325 443 4382 Zeno.
475 4327 600 4382 Haec
631 4330 742 4382 l'ere
762 4328 904 4397 apud
929 4327 1202 4382 Laertium
1232 4336 1286 4381 et
1316 4326 1457 4396 apud
1486 4326 1803 4380 Ciceronem

202 4401 263 4456 in
297 4399 436 4454 libro
464 4414 482 4452 1
510 4400 577 4454 de
603 4400 799 4454 Natura
823 4400 1049 4453 deorum
1085 4397 1388 4452 traduntur.

285 4469 452 4534 Quem
479 4480 524 4523 et
555 4472 738 4537 fatum.
769 4470 903 4524 ltem
951 4469 1132 4524 Laert.
1165 4471 1260 4534 ait,
1309 4467 1395 4523 Ἐν
1443 4489 1497 4522 τε
1528 4463 1651 4522 εἶναι
1676 4469 1804 4534 θεὸν,

1908 3896 2005 3951 Dei
2048 3895 2350 3966 sitihomo.
2385 3893 2522 3966 Vide
2547 3893 2604 3949 S.
2647 3893 2911 3950 Thomam
2936 3892 2992 3947 in
3020 3907 3075 3966 ιιι
3104 3908 3161 3966 p.
3203 3899 3506 3966 quaestav,

1907 3977 2012 4022 art.
2048 3969 2102 4023 5.
2134 3965 2318 4021 Ιειιευε.
2346 3995 2418 4006 —
2449 3965 2697 4032 Homini,
2742 3980 2890 4034 quem
2947 3963 3204 4019 induerat.
3227 3963 3230 3964 ⁷
3256 3963 3509 4028 Homini,

1909 4038 1964 4093 id
1992 4049 2096 4102 est,
2142 4039 2383 4092 humana:
2410 4047 2609 4091 natura:
2632 4079 2646 4103 ,
2699 4053 2851 4105 quam
2897 4037 3169 4103 induerat;
3199 4044 3509 4105 concretum

1907 4125 2008 4178 pro
2033 4111 2326 4163 abstracto.
2361 4109 2519 4177 Saepe
2554 4108 2626 4161 ita
2675 4103 3002 4179 Cyprianus,
3051 4123 3101 4162 e.
3152 4123 3205 4177 g.
3261 4103 3507 4179 deldol.

1910 4177 2092 4234 Venit.
2128 4182 2237 4235 line
2269 4198 2281 4233 :
2315 4180 2414 4246 Qui
2442 4180 2694 4232 mediator
2720 4177 2940 4232 duorum
2971 4180 3230 4234 hominem
3253 4177 3440 4230 induit.
3474 4216 3510 4230 ..

1912 4263 1966 4306 ut
1992 4253 2246 4307 hominem
2268 4293 2283 4318 ,
2332 4267 2480 4320 quem
2509 4250 2709 4317 dilexit,
2740 4267 2888 4316 quem
2911 4252 3079 4304 induit
3104 4291 3117 4303 .
3223 4252 3290 4302 ad
3317 4258 3514 4318 patrem

1913 4324 2077 4378 victor
2107 4319 2406 4393 imponeret.
2441 4323 2712 4377 Arnobius
2746 4322 2782 4375 l.
2816 4338 2852 4386 ι,
2981 4321 3053 4375 '58
3086 4339 3098 4373 :
3133 4319 3335 4382 Homo,
3369 4335 3517 4388 quem

1917 4396 2179 4445 induerat-
2209 4405 2254 4445 et
2280 4411 2453 4445 secum
2484 4395 2592 4445 inse
2617 4392 2874 4445 portabat.
2928 4403 2974 4444 ta
2999 4407 3212 4445 auonue
3237 4391 3288 4443 in
3314 4389 3517 4444 Graecis

1917 4389 2190 4461 induerat,
2209 4405 2254 4449 et
2280 4411 2453 4449 secum
2484 4395 2592 4457 ipse
2617 4392 2874 4461 portabat.
2901 4389 2974 4445 Ita
2999 4407 3212 4461 quoque
3237 4391 3288 4461 in
3314 4389 3517 4461 Graecis

1914 4460 2172 4530 lrenccus,
2203 4465 2464 4535 Origenes
2484 4474 2538 4518 et
2563 4460 2886 4535 Athanasius
2909 4478 2923 4526 ;
2949 4464 3001 4516 in
3019 4460 3228 4516 Latinis
3255 4460 3509 4525 Hilarius,

206 4533 452 4618 semipede,
483 4533 568 4596 καὶ
598 4544 931 4618 εἱμαρμέηην,
959 4544 1044 4596 καὶ
1069 4544 1193 4605 Ala;
1236 4541 1465 4608 aliisque
1494 4539 1676 4618 multis
1715 4554 1812 4618 tip-

1976 4539 2257 4618 rrlbrosius,
2289 4533 2640 4618 Augustinus.
2669 4533 2948 4618 Bessum;

207 4613 408 4680 pullati
465 4613 950 4681 nuncupationibus
995 4630 1007 4664 :

216 4826 478 4896 Orphicis
507 4838 787 4882 enumerat
811 4827 1052 4894 ejusdem
1091 4826 1181 4879 Dei
1211 4826 1458 4896 noutina.
1484 4825 1691 4878 BETUL.

299 4895 417 4962 Quo
452 4899 660 4968 fatetur.
703 4898 843 4952 Editi
874 4900 927 4964 7,
957 4899 1012 4950 in
1057 4913 1196 4968 quo,
1226 4895 1671 4968 Praepositionem
1726 4909 1819 4948 ex-

221 4969 421 5042 punxi,
445 4967 570 5042 qua:
597 4970 751 5024 abest
777 4984 807 5022 a
838 4967 1618 5042 caeterisetlitisclunibusque
1644 4979 1780 5042 mss.

296 5045 342 5094 Α
373 5037 626 5110 principio
679 5041 999 5104 processisse.
1053 5039 1179 5093 Mss.
1238 5037 1271 5093 6
1324 5053 1432 5092 rec.
1489 5049 1544 5093 et
1595 5037 1726 5092 edit.
1767 5037 1818 5101 7,

225 5113 567 5186 praecessisse.

307 5183 378 5239 Ut
403 5199 519 5237 cum
564 5184 877 5254 magisterio.
908 5181 1055 5237 Idem
1104 5181 1240 5235 inira
1279 5193 1398 5249 cap.
1430 5178 1519 5247 '16,
1569 5193 1668 5249 quo
1711 5192 1824 5231 ma-

227 5255 438 5328 gisterio
462 5271 524 5308 ac
549 5254 647 5309 Dei
677 5256 928 5328 legatione
955 5257 1272 5328 perfunctus

306 5325 374 5379 Et
403 5327 627 5390 homini,
673 5321 820 5386 quem
881 5321 1140 5378 induerat.
1211 5322 1520 5378 Familiaris
1583 5321 1828 5374 Patribus

231 5397 437 5454 locutio
469 5437 484 5459 ,
542 5407 601 5451 ut
650 5397 834 5451 dicant
863 5396 1101 5450 Verbum
1133 5395 1372 5449 divinum
1431 5393 1790 5459 assumpsisse
1812 5430 1826 5454 ,

231 5471 320 5525 vel
348 5468 592 5524 induisse
619 5468 916 5523 hominem.
951 5466 1042 5520 Sic
1067 5464 1372 5538 Cyprianus
1399 5464 1451 5538 in
1486 5465 1591 5538 line
1614 5462 1735 5516 libri
1763 5461 1832 5516 de

231 5541 507 5597 ldolorum
529 5542 806 5603 vanitate;
841 5534 1173 5608 Augustinus
1198 5541 1248 5590 in
1278 5535 1466 5608 libade
1489 5534 1620 5608 Fide
1643 5545 1830 5608 contra

233 5611 472 5669 Manicb.
505 5611 661 5666 initio
705 5625 824 5678 cap.
849 5607 945 5673 26;
977 5609 1170 5675 llilar.,
1200 5625 1234 5662 x
1264 5609 1333 5662 de
1361 5607 1628 5662 Triuitate
1650 5645 1664 5669 ,
1692 5607 1834 5678 circa

231 5684 408 5746 med.;
441 5683 587 5752 quod
632 5682 704 5735 ita
753 5675 1158 5752 intelligendum
1207 5689 1310 5744 est,
1362 5688 1421 5731 ut
1468 5677 1714 5730 dicamus
1740 5675 1834 5729 ho-

234 5758 439 5812 minem
464 5751 829 5822 assumptum,
863 5754 988 5819 quia
1015 5751 1133 5819 ejus
1179 5759 1367 5822 natura
1403 5757 1491 5822 est
1519 5756 1794 5822 assumpta
1818 5786 1831 5810 ,

235 5837 293 5894 et
318 5826 441 5900 quia
492 5816 1108 5908 assumptiolerminala
1153 5830 1238 5880 est
1285 5821 1351 5877 ad
1403 5818 1526 5887 hoc,
1579 5828 1638 5876 ut
1666 5816 1834 5888 Filius

1061 4621 1192 4671 Ζῆνα
1213 4651 1228 4676 ,
1280 4625 1474 4680 nempe
1495 4652 1511 4677 ,
1568 4608 1767 4669 ’Λθηνᾶν
1795 4650 1810 4674 ,

207 4681 716 4759 ἮρανκἭᾳξᾳιστοπέ,
761 4683 1081 4759 ilco-sedebant,
1114 4687 1425 4759 Δήμητραν.-
1455 4681 1559 4737 Sed
1604 4681 1815 4759 Aristo-

212 4753 356 4812 teles
403 4756 456 4809 in
492 4753 642 4809 libro
670 4756 738 4810 de
765 4755 962 4810 Mundo
983 4796 996 4819 ,
1031 4753 1367 4808 cit'ca'linem
1402 4753 1534 4816 fere,
1567 4753 1717 4820 plura
1748 4767 1814 4806 ex

1989 4601 2318 4670 Tenmoru’m.
2349 4601 2614 4662 l'Bonon.
2647 4605 2814 4673 antiq.
2844 4615 2898 4658 et
2928 4603 2954 4656 l
2981 4601 3158 4666 Colb.,
3187 4615 3460 4654 annorum.

1991 4700 2256 4754 Patibulo.
2303 4695 2917 4774 Solemne_Lacta_ntio,
2953 4694 3321 4774 llic-remum,
3362 4691 3516 4774 aliis,

1920 4790 2123 4827 crucem
2151 4786 2355 4851 vocare
2390 4768 2695 4842 patibulum.
2749 4765 2908 4820 Cotti.
2968 4765 3110 4835 Epit.
3150 4761 3199 4818 (Ξ.
3226 4765 3317 4831 47,
3346 4777 3395 4818 c.

1920 4843 2179 4898 Prudent.
2237 4841 2358 4897 Peri
2410 4839 2670 4905 Slepban.
2725 4837 2790 4891 Η.
2824 4839 2911 4900 10,
2965 4853 3017 4905 ρ.
3071 4836 3168 4890 641
3205 4851 3218 4886 :
3249 4851 3376 4889 crua:
3429 4835 3522 4890 illa

1920 4843 2179 4898 Prudent.
2237 4841 2358 4897 Peri
2391 4841 2670 4908 Stephan.
2725 4841 2790 4891 Η.
2824 4841 2911 4900 10,
2965 4853 3017 4905 ρ.
3071 4841 3168 4890 641
3205 4851 3218 4886 :
3249 4851 3376 4889 crus:

1923 4925 2099 4970 nostra
2130 4923 2223 4981 est,
2253 4929 2345 4966 nos
2367 4911 2664 4982 patibulum
2695 4909 3075 4963 adscendimus.
3109 4906 3391 4963 BUNEHAN.

2000 5007 2229 5076 Majores
2273 5005 2455 5058 nostri.
2492 5001 2848 5076 APatriarchaz
2907 5001 3134 5076 scilicet.
3181 5029 3251 5040 -—-
3293 4998 3522 5076 Illajores

1926 5069 2108 5133 nostri.
2142 5077 2277 5144 Quia
2316 5092 2408 5129 nos
2450 5074 2511 5129 ab
2542 5074 2744 5128 Christo
2769 5075 3032 5127 convocati
3081 5088 3147 5126 ea;
3192 5071 3425 5144 gentibus
3469 5069 3523 5121 in

1926 5151 2133 5205 illorum
2148 5140 2190 5218 ⁷⁷(
2208 5147 2518 5219 Judzeorutn
2614 5146 2782 5200 locum
2797 5215 2815 5219 _
2832 5140 3208 5219 successimus,
3225 5140 3522 5196 secundum

1928 5221 1966 5276 1.
2000 5237 2073 5288 ιν,
2116 5215 2233 5288 cap.
2256 5219 2344 5283 ll,
2371 5215 2598 5283 unde,'i.
2631 5233 2685 5282 v,
2714 5232 2763 5271 c.
2791 5215 2860 5269 ‘22
2892 5233 2904 5268 :
2944 5215 3174 5288 Quorum
3205 5229 3298 5265 nos
3319 5223 3522 5264 succes-

1929 5284 2068 5346 sores
2095 5301 2142 5344 et
2183 5284 2376 5361 posteri
2407 5305 2582 5343 sumus
2601 5304 2620 5353 ;
2648 5299 2700 5343 et
2727 5288 2858 5358 epit.
2893 5303 2941 5341 c.
2969 5286 3058 5339 48.
3091 5284 3376 5337 Bessum.

2009 5386 2069 5440 In
2087 5385 2396 5458 Egyptum.
2425 5382 2559 5458 Vide
2583 5383 2778 5438 Genes.
2814 5395 2941 5435 χιιι.
2986 5371 3420 5458 llomerusnlliad.
3443 5386 3523 5458 vi,

1933 5441 2247 5530 IEgyptuin'
2277 5468 2472 5530 terram
2535 5453 2770 5530 feracem
2824 5447 3191 5530 vocat;_hrcc
3240 5441 3523 5501 Strabonis

1935 5520 2178 5594 tempore
2217 5527 2513 5582 vocabatur
2555 5522 3008 5596 publicnmgorbis
3037 5520 3314 5573 horreum.

2011 5601 2274 5656 Misertus.
2309 5598 2480 5652 Exod.
2513 5614 2528 5650 ι
2556 5594 2611 5650 et
2631 5611 2710 5660 ιιι,
2740 5594 2896 5648 Esdr.
2928 5608 2963 5645 ιι
2991 5601 3043 5643 et
3066 5604 3139 5643 ιχ.

2009 5653 2138 5725 Post
2184 5686 2344 5723 annos
2392 5653 2789 5738 quadringentos
2828 5674 2875 5716 et
2931 5663 3160 5738 triginta.
3219 5658 3303 5738 ita,
3348 5653 3526 5738 ierunt

1937 5757 2069 5799 mss.
2141 5741 2356 5796 codices
2406 5729 2680 5808 'optimi'i
2740 5735 2901 5800 Bon.,
2947 5729 3180 5856 21mg).
3223 5729 3530 5788 veterriml,

1938 5817 2176 5856 itmnmm
2203 5813 2236 5856 Ei
2265 5811 2354 5856 alii
2382 5811 2538 5856 Rem-
2573 5809 2609 5856 9
2636 5806 2902 5856 Vaticani.
2927 5802 3088 5856 Τειχ..
3181 5812 3294 5856 θη..
3330 5797 3363 5853 6
3407 5793 3530 5856 θοι*

1938 5793 2355 5886 elanguisse:
2382 5793 2539 5880 μέθη
2573 5809 2609 5864 9
2636 5793 3088 5874 Vaticani,’l‘att..
3131 5793 3294 5869 Pen.,
3330 5797 3363 5853 6
3407 5793 3533 5858 Colo
