3770 6264
466 350 578 410 475

1529 351 1716 411 man.
1759 334 2125 414 mersura
2164 350 2365 415 DlVlN.
2406 356 2655 418 msm.
3603 374 3658 438 lii

470 457 573 559 ille
614 471 792 524 rerum
842 467 1050 559 lenitis,
1104 463 1191 521 hie
1211 464 1349 522 ordo
1392 464 1447 522 in
1499 465 1710 525 areanis
1759 468 2065 559 sanctarum
2091 469 2145 531 Α
2169 484 2203 526 d
2230 468 2312 527 aia
2337 490 2431 529 sua
2456 477 2616 544 mala,
2641 483 2690 530 et
2709 490 2741 530 a
2766 471 3088 547 nequissimis
3111 472 3461 545 aﬂ'ectionibus
3486 490 3656 559 vostrist:

468 548 796 618 Litterarum
841 554 1163 616 continetur.
1191 557 1296 617 Sed
1325 557 1473 630 prius
1527 558 1831 629 ostendam,
1873 572 1977 633 qua
2004 553 2072 619 de
2173 560 2466 622 habitabilis
2494 569 2549 623 in
2593 574 2725 624 terra
2752 571 2870 636 ista,
2898 586 3052 641 quam
3100 570 3221 625 dedi
3262 571 3401 628 vobis
3444 584 3486 629 et
3520 548 3658 649 patrita

454 648 628 710 causa
660 652 714 708 in
745 657 944 709 terram
992 652 1198 708 Venerit
1245 650 1527 721 Christus,
1576 654 1636 710 ut
1666 650 2069 713 fundamentum

467 742 662 804 ditime
682 744 977 819 Religionis
1005 752 1059 804 et
1078 746 1215 802 ratio
1236 740 1521 804 clarescat.

1086 888 1317 949 CAPUT
1354 888 1449 945 XI.

792 1002 869 1059 De
907 1010 1069 1060 causa
1107 1003 1492 1060 Incdrnationis
1533 1002 1745 1061 Christi.

535 1116 667 1183 Cum
714 1132 863 1197 saepe
893 1118 1068 1183 Judaei
1110 1128 1396 1199 prazceptis
1435 1122 1762 1184 salutaribus
1800 1130 2065 1200 repugna-

464 1222 602 1290 rent,
637 1231 800 1291 atque
851 1235 882 1277 a
935 1221 1118 1277 divina
1177 1223 1297 1294 lege
1341 1221 1729 1290 desciscerent,
1752 1223 2067 1279 aberrantes

461 1308 531 1375 ad
560 1318 758 1390 impios
786 1312 963 1374 cultus
992 1314 1243 1384 deorum,
1268 1327 1378 1372 tum
1410 1314 1554 1374 Deus
1577 1315 1754 1388 justos
1784 1327 1839 1374 et
1865 1316 2068 1372 electos

461 1413 612 1468 viros
656 1411 864 1481 Spiritu
907 1420 1099 1466 sancto
1141 1411 1429 1480 implebat,
1461 1409 1750 1481 prophetas
1792 1410 1848 1465 in
1889 1408 2067 1465 media

462 1504 622 1577 plebe
666 1505 1024 1569 constituens,
1065 1519 1164 1575 per
1193 1519 1329 1574 quos
1375 1513 1596 1574 peccata
1642 1503 1839 1574 ingrati
1884 1503 2066 1573 populi

462 1588 641 1654 Verbis
671 1592 972 1651 minacibus
1004 1596 1329 1668 increparet,
1358 1604 1412 1652 et
1440 1594 1792 1651 nihilominus
1818 1588 2059 1652 hortare-

463 1700 549 1748 tur
569 1690 635 1747 ad
660 1690 1035 1762 paenitentiam
1062 1689 1282 1746 sceleris
1308 1689 1593 1761 agendam,
1616 1702 1778 1760 quam
1800 1691 1902 1745 nisi
1925 1690 2066 1762 egis-

460 1782 603 1851 sent,
631 1794 791 1856 atque
836 1784 1063 1855 abjectis
1104 1783 1430 1839 Vanitatibus
1476 1783 1542 1838 ad
1574 1783 1741 1838 Deum
1784 1796 1940 1837 suum
1972 1788 2060 1838 re-

2169 660 2348 714 vestris
2389 675 2422 714 a
2461 661 2651 716 saeculo
2690 676 2851 733 usque
2892 662 2947 716 in
2989 660 3260 717 swculum.
3294 655 3469 720 Nolite
3491 672 3658 734 auium;

2170 758 2286 824 past
2327 746 2448 808 deos
2474 755 2667 811 alienos
2692 763 2747 810 ut
2773 757 3004 812 serviatis
3040 757 3144 825 eis,
3177 767 3225 812 et
3255 775 3320 812 ne
3359 760 3660 829 incitaturum

2170 845 2410 919 aperibus
2454 862 2699 904 manuum
2728 856 3035 917 vestrarum,
3066 850 3139 905 ad
3182 848 3531 923 disperdendos
3560 878 3657 919 tot.)

2169 932 2372 996 Esdras
2401 941 2561 997 etiam
2594 941 2854 1013 propheta
2875 986 2891 1012 ,
2919 938 3011 1015 qui
3043 942 3142 998 fuit
3169 943 3415 1015 ejusdem
3452 947 3551 1021 Cyri
3583 964 3660 1011 tem.

2168 1028 2409 1104 poribus,
2433 1048 2464 1088 a
2493 1049 2601 1106 quo
2628 1032 2799 1091 Judaei
2822 1043 2943 1091 sunt
2983 1035 3242 1105 restituti,
3274 1038 3354 1093 sic
3373 1036 3591 1110 loquitur:
3610 1046 3663 1103 De-

2167 1124 2419 1180 sciverunt
2458 1140 2491 1181 α
2534 1132 2603 1193 te,
2648 1136 2697 1182 et
2740 1127 3037 1193 abiecerunt
3064 1129 3230 1201 legem
3264 1137 3406 1184 tuam
3432 1142 3529 1203 post
3555 1153 3663 1211 tam;

2168 1226 2339 1285 suum,
2368 1222 2417 1272 ei
2444 1219 2722 1290 prapltetas
2752 1231 2865 1275 tuos
2903 1218 3293 1293 interfecerunt,
3322 1224 3410 1294 qui
3445 1226 3661 1288 obtutui”.

2169 1309 2254 1363 tur
2282 1324 2365 1364 eos
2392 1318 2451 1364 ut
2473 1321 2843 1367 reverterentur
2868 1314 2937 1366 ad
2966 1322 3032 1368 te.

2240 1404 2374 1459 item
2426 1404 2606 1461 Helias
2650 1408 2702 1460 in
2748 1407 2887 1463 libro
2928 1409 3179 1464 Βασιλεῶν
3219 1410 3385 1465 tertio
3427 1411 3543 1485 (cap.
3575 1422 3661 1494 in):

2167 1496 2495 1553 .Emulando
2542 1501 2814 1556 aemulatus
2859 1519 2972 1556 sum
3027 1502 3247 1558 Domino
3282 1502 3392 1559 Deo
3415 1508 3662 1580 omnipotenti,

2165 1593 2285 1665 quia
2313 1592 2689 1665 dereliquerunt
2717 1601 2765 1649 te
2793 1595 2892 1666 ﬁlii
2922 1593 3113 1664 Israel,
3146 1604 3195 1653 et
3222 1596 3416 1663 altaria
3456 1610 3529 1656 tua
3559 1605 3663 1662 dm.

2167 1684 2439 1757 [ἔνηφι
2457 1688 2734 1758 prop/telas
2750 1697 2864 1744 tuos
2880 1688 3248 1761 interfecerunt
3264 1691 3459 1762 gladio,
3475 1703 3516 1748 et
3531 1705 3664 1755 remisi

2166 1790 2258 1847 ego
2281 1777 2563 1844 solitarius,
2588 1788 2637 1833 et
2661 1786 2898 1850 quwrttnt
2925 1782 3153 1836 animam
3185 1797 3352 1837 meam
3380 1787 3555 1856 auferre
3572 1806 3594 1842 a
3609 1808 3660 1845 ne

461 1876 713 1945 dilssent,
746 1872 883 1946 lore,
914 1886 973 1933 ut
1002 1885 1383 1935 testamentum
1405 1892 1563 1933 suum
1593 1885 1843 1944 mutaret,
1874 1877 1927 1933 ld
1956 1884 2061 1946 est,
2093 1898 2143 1959 Β
2170 1866 2397 1943 Propter
2422 1868 2518 1928 has
2542 1866 2758 1929 illorum
2789 1873 3098 1945 impietates
3131 1870 3404 1931 abdicavit
3431 1891 3512 1933 eos
3534 1880 3570 1934 in
3596 1897 3670 1951 per:

463 1969 837 2028 litereditatem
864 1969 987 2026 vitae
1025 1970 1344 2026 immortalis
1383 1969 1451 2025 ad
1481 1978 1694 2025 exteras
1723 1978 2065 2026 converteret

461 2063 735 2129 nationes,
766 2061 1044 2132 aliumque
1071 2062 1173 2117 sibi
1209 2060 1462 2132 populum
1496 2060 1794 2117 fideliorem
1831 2076 1895 2117 cx
1930 2061 2063 2118 alie-

463 2152 674 2226 nigenis
702 2160 1073 2225 congregaret.
1106 2148 1187 2208 Illi
1213 2162 1393 2209 autem
1418 2168 1447 2209 a
1476 2148 1753 2225 prephetis
1779 2150 2061 2226 increpati.

462 2262 571 2303 non
616 2246 777 2302 modo
821 2246 985 2301 verba
1025 2261 1214 2302 eorum
1260 2253 1620 2317 respuerant,
1650 2245 1747 2302 sed
1791 2244 1933 2317 quod
1962 2244 2063 2301 sibi

462 2341 681 2411 peccata
712 2339 1172 2409 exprobrarentur
1199 2337 1424 2404 oil'ensi,
1458 2353 1553 2393 eos
1596 2338 1741 2408 ipsos
1777 2337 2064 2409 exquisitis

461 2429 788 2487 cruciatibus
831 2440 1209 2487 necaverunt:
1240 2444 1360 2501 quae
1401 2430 1580 2484 omnia
1625 2428 1821 2485 divina:
1866 2426 2063 2486 litterae

460 2520 670 2594 signata
697 2531 1043 2580 conservant.
1081 2522 1220 2579 Dicit
1261 2522 1407 2578 enim
1451 2523 1716 2595 propheta
1758 2520 2060 2581 Jeremias:

462 2619 591 2675 Misi
617 2619 685 2674 ad
710 2634 798 2675 uos
823 2636 994 2675 seruas
1023 2635 1165 2674 meos
1188 2618 1468 2691 prophetas
1490 2634 1510 2674 :
1535 2628 1657 2674 ante
1693 2620 1857 2674 lucem
1886 2620 2061 2673 mitte-

462 2712 599 2784 bam,
628 2724 677 2770 et
703 2726 805 2771 non
831 2712 1119 2769 audiebatis
1145 2726 1245 2781 me,
1277 2726 1439 2783 neque
1470 2712 1814 2770 intendebatis
1851 2709 2065 2768 auribus

460 2804 664 2878 vestris,
696 2826 814 2865 cum
842 2802 1061 2865 dicerent
1086 2807 1269 2865 vobis:
1305 2828 1324 2863 ι
1362 2807 1699 2866 Convertatur
1723 2802 2068 2880 unusquisque

2172 1976 2389 2035 petuum
2420 1982 2433 2017 :
2467 1966 2646 2037 itaque
2667 1965 2828 2023 desiit
2859 1967 3151 2039 prophetas
3180 1970 3401 2025 mittere
3423 1970 3484 2025 ad
3501 1987 3585 2029 eos.
3606 1976 3660 2032 Sed

2170 2057 2323 2114 illum
2349 2057 2515 2114 lilium
2543 2073 2701 2115 suum
2733 2060 3176 2131 primogenitum,
3210 2061 3361 2117 illum
3400 2063 3659 2133 upilionum»

2170 2166 2311 2221 rum,
2350 2161 2404 2208 et
2443 2152 2846 2209 consiliatorem
2879 2167 3038 2208 suum
3064 2151 3241 2210 delabi
3267 2153 3430 2225 jussit
3454 2169 3482 2210 e
3504 2158 3613 2226 cisio,
3633 2171 3659 2215 tt

2169 2242 2483 2316 religionem
2513 2253 2752 2301 sanctam
2785 2240 2877 2301 Dei
2907 2241 3222 2302 transferret
3247 2246 3317 2302 ad
3343 2256 3532 2317 gentes,
3552 2249 3656 2317 idest

2169 2336 2239 2394 ad
2265 2352 2382 2404 eos,
2416 2338 2508 2408 qui
2533 2337 2699 2393 Deum
2730 2337 3089 2409 ignorabant;
3122 2336 3446 2410 duceretque
3467 2340 3654 2410 justitiam,

2170 2444 2330 2503 quam
2358 2426 2597 2499 perfidus
2637 2430 2867 2502 populus
2911 2428 3217 2501 abiecerat;
3259 2429 3404 2502 quod
3439 2431 3658 2504 jampridem

2171 2524 2579 2581 denuntiaverat
2606 2538 2666 2581 se
2694 2539 2815 2581 esse
2843 2522 3133 2593 facturum,
3164 2524 3309 2581 sicut
3336 2520 3659 2598 Malscliissprc

2169 2620 2335 2691 pheta
2372 2620 2593 2686 indicat,
2633 2618 2819 2675 dicens
2846 2635 2862 2673 δ
2893 2618 3017 2675 Non
3061 2629 3135 2674 est
3180 2621 3309 2674 mihi
3356 2621 3557 2676 uoluntas
3584 2624 3658 2676 cita

2168 2722 2278 2779 uos,
2306 2710 2430 2766 dicit
2453 2711 2726 2779 Dominus,
2751 2719 2798 2766 et
2819 2711 3134 2782 sacrificium
3160 2720 3426 2782 acceptum
3447 2728 3530 2767 non
3548 2712 3659 2767 iride

2172 2821 2235 2862 ex
2263 2802 2498 2861 manibus
2527 2804 2706 2861 vestris
2722 2821 2743 2873 ;
2767 2804 3011 2875 quoniam
3039 2820 3072 2860 α
3097 2804 3226 2862 solis
3255 2812 3373 2861 ortu
3400 2804 3597 2879 usquead
3614 2822 3660 2861 ot-

1826 2920 1917 2980 VA
1927 2912 2190 2979 RIORUM
2227 2920 2457 2977 ΝΟΤᾸΕ.

457 3066 555 3125 lib.-
583 3067 778 3122 varlar.
811 3073 1005 3136 qumSt.
1035 3063 1181 3121 Idem
1221 3073 1275 3120 et
1296 3064 1355 3122 S.
1384 3064 1712 3136 Augustinus
1738 3063 1917 3136 Serm.
1945 3063 2036 3136 22,
2072 3063 2118 3127 C
2226 3062 2554 3136 .dt‘mulando
2578 3063 2848 3119 aemulatus
2864 3078 3005 3136 sum.
3036 3062 3111 3119 ita
3146 3072 3258 3120 vet.
3290 3063 3573 3121 edit.'Rom.
3593 3080 3663 3122 cum

394 3194 397 3197 λ
461 3139 531 3195 de
548 3138 765 3207 Temp.,
786 3134 878 3207 qni
905 3145 987 3191 est
1018 3135 1089 3207 de
1110 3136 1347 3207 ,Nativit.
1376 3134 1583 3191 Domini
1616 3136 1720 3207 18;
1750 3134 1893 3207 Retia
1915 3175 1929 3200 ,
1982 3135 2049 3207 de

461 3205 701 3265 Ratione
722 3205 885 3278 temp.
919 3221 1039 3278 cap.
1069 3206 1156 3273 65,
1193 3208 1243 3261 in
1274 3205 1575 3272 Chronico;
1606 3205 1723 3260 Ado
1754 3205 1957 3278 Vienn.
1994 3206 2049 3261 in

463 3280 708 3336 Breviar.
761 3274 1077 3334 Ch'ronic'ur.
1110 3285 1269 3332 :etate
1299 3279 1465 3346 prima
1500 3279 1549 3331 in
1581 3278 1907 3347 principio;
1934 3274 2048 3332 An-

462 3352 664 3406 selmus
686 3365 745 3414 it,
773 3349 842 3404 de
870 3348 1036 3415 lniag.
1063 3348 1270 3413 mundi,
1303 3364 1423 3418 cap.
1450 3350 1538 3413 l7;
1565 3349 1778 3404 Nicetas
1798 3361 1861 3401 ac
1878 3346 2051 3418 Grieci

462 3420 579 3476 fere
609 3412 819 3477 omnes.
845 3429 899 3473 ct
929 3412 1036 3473 alii.
1072 3419 1155 3473 Ea:
1190 3412 1533 3475 Flumentana
1575 3430 1620 3474 et
1647 3418 1892 3474 Isso.-—-
1918 3412 2051 3474 Vide

417 3501 703 3547 ~nostram
774 3490 995 3546 Dissert.
1066 3490 1131 3546 ad
1187 3490 1282 3549 lib.
1339 3488 1406 3546 de
1458 3490 1716 3545 Mortibus
1792 3490 2053 3545 Persecu-

463 3571 678 3631 torum,
734 3559 1222 3632 atqueiEpistolam
1268 3562 1616 3617 eruditissimi
1670 3569 1724 3632 et
1768 3562 2053 3617 clarissimi

461 3634 563 3689 viri
591 3631 848 3701 Stephani
890 3631 1094 3687 Baluzii
1136 3631 1201 3686 ad
1246 3633 1533 3688 lienricum
1576 3631 1645 3688 de
1672 3631 1831 3687 Naris
1866 3632 1932 3686 ad
1957 3633 2049 3688 lib.

463 3705 532 3761 de
558 3690 816 3760 Mortibus
862 3703 1275 3759 Persecutorum
1315 3704 1514 3759 editam
1544 3703 1680 3759 infra
1715 3714 1924 3760 tamen
1955 3704 2058 3759 hu-

457 3777 614 3848 jusce
636 3775 1007 3848 Lactantianae
1028 3775 1296 3848 editionis.

532 3846 725 3923 Rerum
751 3850 933 3900 textus.
961 3840 1032 3923 Ut
1055 3847 1140 3923 hic
1169 3854 1333 3923 matus
1371 3855 1431 3923 et_
1470 3848 1634 3923 ordo;
1686 3847 1768 3923 sic
1810 3855 1977 3923 textus
2004 3858 2053 3903 et

459 3919 614 3989 series
639 3919 940 3989 junguntur
981 3917 1049 3989 ab
1092 3916 1366 3989 Artibbio,
1417 3918 1454 3971 1.
1492 3932 1545 3972 v.
1592 3917 1863 3972 Ammian.
1912 3916 2054 3973 illar-

461 3982 706 4046 cellinfl.
738 3982 835 4055 ix,
860 3994 981 4053 cap.
1012 3982 1045 4043 8
1075 4005 1087 4041 :
1122 3982 1387 4043 Gestarum
1419 3990 1500 4043 hic
1526 3998 1689 4043 textus
1707 3997 1798 4042 est.
1829 3989 1901 4043 De
1925 4002 2056 4044 voce

460 4058 607 4117 conf.
636 4056 897 4131 Borricht
913 4058 1121 4115 Vindic.
1154 4058 1272 4117 Lat.
1317 4077 1370 4131 p.
1398 4059 1526 4125 229,
1552 4073 1671 4130 sqq.
1701 4060 1801 4115 Ed.
1832 4059 2053 4117 Sublac.

462 4130 630 4186 habet
655 4132 838 4186 exitus.
870 4128 1004 4185 Buri.

496 4200 644 4330 alios
689 4203 844 4274 ipsos.
884 4202 1079 4258 Addidi
1118 4203 1257 4273 ipsas
1300 4216 1368 4259 ex
1400 4215 1531 4257 mss.
1581 4208 1637 4256 et
1664 4201 1872 4256 cunctis
1920 4215 2058 4273 pene

535 4291 547 4329 Ι
579 4289 641 4329 IS.

462 4275 641 4330 editis.

535 4342 798 4420 Propheta
836 4344 1106 4400 Jeremias.
1152 4343 1682 4420 [loetcstimoninm
1719 4344 1950 4399 maxima
1991 4356 2059 4400 ex

460 4428 614 4487 parte
634 4410 717 4472 est
742 4416 975 4472 Hieretn.
1005 4432 1147 4473 xuv.
1172 4410 1363 4471 Addita
1391 4425 1514 4487 sunt
1533 4414 1773 4481 qumtlatn
1796 4430 1861 4469 ex
1887 4430 1936 4470 c.
1958 4428 2051 4483 vtt,

459 4486 578 4553 stin,
607 4502 716 4556 xw,
748 4496 802 4543 ct
826 4488 1056 4543 fortasse
1084 4487 1222 4551 aliis,
1255 4500 1360 4541 non
1390 4486 1675 4556 observata
1703 4500 2054 4555 personarum

460 4554 780 4624 mutatione,
806 4570 924 4629 qua:
947 4558 1087 4630 apud
1111 4556 1329 4613 Graecos
1350 4556 1433 4612 vel
1462 4554 1719 4613 Hebraeos
1740 4566 1822 4612 est
1842 4555 2054 4614 creber-

459 4630 617 4688 rima.
657 4631 987 4690 Bs'ruuatus.

533 4704 578 4756 Α
622 4703 939 4772 nequissimis
984 4697 1335 4768 directionibus
1378 4700 1580 4772 vestris.
1616 4697 1687 4772 ita
1730 4699 1946 4772 reposui
1992 4710 2059 4755 ex

461 4769 710 4829 omnibus
741 4788 878 4841 pene
909 4787 1041 4825 mss.
1072 4778 1137 4841 et
1179 4771 1452 4841 plerisque
1499 4769 1679 4825 editis.
1730 4770 1787 4824 In
1837 4773 1871 4826 4
1920 4771 2058 4841 Reg.

458 4859 597 4909 rec.,
630 4844 657 4899 1
692 4840 866 4907 coll»,
902 4843 926 4896 1
962 4840 1120 4897 Sorb.
1155 4853 1209 4895 et
1254 4842 1323 4898 15
1365 4840 1607 4903 excusis;
1638 4842 1797 4897 etiam
1845 4843 1898 4898 in
1929 4840 2058 4899 Gal-

459 4915 629 4971 lmana
660 4923 713 4969 et
741 4913 1036 4968 Cellariana
1061 4912 1253 4984 legitur
1273 4911 1701 4980 affectatianibus.

537 4985 734 5040 Esdras
756 4986 907 5037 etiam
930 4982 1198 5055 propheta.
1232 4984 1505 5042 Nebemlte
1527 4998 1577 5040 c.
1604 4999 1679 5050 lx,
1698 4982 1784 5040 hic
1802 4985 1951 5040 locus
1973 4984 2058 5040 ln-

464 5058 699 5128 vcnitur,
723 5055 822 5128 qui
850 5054 1066 5128 quidem
1101 5056 1233 5111 liber
1263 5056 1403 5128 apud
1435 5055 1657 5128 Graecos
1694 5064 1777 5112 est
1821 5055 2061 5128 secundo

461 5128 652 5184 Esdra:
681 5124 819 5180 libro
846 5127 1117 5194 insertus;
1147 5138 1203 5183 et
1229 5124 1316 5183 hic
1338 5144 1517 5184 sermo
1537 5125 1741 5191 Esdraa,
1762 5144 1866 5182 non
1887 5126 2063 5182 Nehe-

463 5199 588 5254 mite
620 5197 956 5254 attribuitur.
990 5199 1086 5254 Est
1112 5210 1291 5255 autem
1332 5201 1507 5265 locus,
1536 5208 1596 5253 ut
1620 5198 1755 5265 dixi,
1785 5194 2062 5255 Nehemite

463 5285 514 5325 c.
534 5285 609 5323 ix.
632 5266 822 5342 Utrum
846 5280 1026 5326 autem
1063 5270 1261 5342 Esdras
1292 5270 1551 5342 propheta
1579 5271 1650 5324 sit
1682 5271 1919 5340 disputat
1948 5272 2060 5325 Au-

462 5342 728 5412 gustinus,
766 5341 860 5401 lib.
892 5358 1025 5402 XVIII
1055 5342 1121 5412 de
1150 5341 1308 5397 Civil.
1342 5341 1458 5409 Del,
1493 5358 1542 5398 c.
1575 5342 1664 5396 '56.

535 5410 662 5467 Post
683 5429 869 5483 corpus
895 5430 1061 5467 suum.
1088 5410 1179 5469 Sic
1205 5414 1413 5469 restitui
1441 5425 1509 5467 ex
1534 5412 1693 5468 editis
1714 5411 1811 5479 13.,
1834 5410 2060 5483 Celiar.,

462 5483 703 5551 Walcln,
732 5482 787 5539 et
814 5486 1064 5540 omnibus
1088 5500 1220 5540 mss.
1251 5495 1448 5553 printer
1473 5484 1510 5539 2
1540 5484 1672 5554 Reg.
1704 5498 1814 5540 rec.
1845 5482 2060 5553 quibus,

462 5557 606 5612 sicut
631 5565 684 5610 et
711 5554 778 5610 12
806 5557 1106 5626 impressis,
1141 5563 1225 5611 est
1251 5564 1364 5629 post
1408 5571 1496 5610 cor
1521 5572 1707 5621 suum;
1752 5556 1805 5609 in
1836 5558 2060 5629 Bonan.

462 5629 658 5698 antiq.,
692 5637 804 5698 post
849 5629 1075 5682 dorsum.
1118 5629 1186 5684 At
1233 5628 1355 5683 eum
1403 5636 1584 5683 nostra
1635 5636 1811 5698 textus
1834 5628 2064 5682 lectione

462 5697 733 5754 consentit
778 5698 998 5755 Graecus
1044 5699 1320 5755 Nehetniai
1365 5698 1524 5767 liber,
1554 5713 1714 5770 quem
1755 5697 2064 5752 Lactantius

464 5771 758 5851 εΞΞίῐηξςεμὶι,
803 5778 893 5827 aut
932 5772 1048 5846 ejus
1075 5773 1378 5837 versi0ncm
1405 5776 1574 5834 ὀπίσω
1606 5776 1845 5851 σώματος
1873 5772 2061 5830 αὐτῶν.

464 5837 551 5907 lict:
575 5838 861 5934 Caepasio.

2155 3135 2407 3206 omnibus
2438 3149 2569 3191 mss.
2613 3143 2813 3205 praeter
2852 3134 2886 3189 1
2911 3134 3045 3206 Reg.
3077 3137 3498 3191 recentissimum
3529 3149 3567 3192 et
3596 3150 3664 3191 om-

2156 3220 2255 3261 nes
2283 3205 2396 3261 l'ere
2435 3207 2566 3262 edit.
2598 3207 2650 3262 in
2681 3207 2877 3277 quibus
2907 3205 3139 3279 legitur:
3174 3206 3457 3263 {Emulans
3480 3208 3661 3263 amittam

2154 3292 2292 3332 sum.

2227 3348 2513 3421 Abdicavit.
2559 3348 2826 3421 Abdicant
2878 3357 3062 3419 patres
3103 3349 3316 3404 liberos
3346 3350 3665 3421 degeneres,ii

2156 3427 2260 3482 est.
2293 3419 2602 3484 excludunt,
2627 3420 2993 3489 alienantque.
3014 3419 3447 3489 ἀποκηρύττουσί.
3477 3422 3580 3476 Nam
3594 3424 3665 3477 isa-

2397 3474 2664 3616 iibbdiclatg)
2698 3500 2802 3616 gat,
2822 3474 2993 3617 gpttud'
3017 3474 3232 3547 iustiti.
3255 3474 3333 3547 CV.
3356 3474 3434 3548 de
3462 3474 3577 3564 patr.

2261 3579 2272 3614 ι
2338 3579 2500 3617 ..ι.
2574 3602 2589 3617 .
2655 3602 2667 3614 .
2777 3603 2789 3615 .
2866 3579 3147 3617 ETLEIUS.

2226 3577 2376 3628 Clal.,
2408 3577 2500 3616 ΙΙΙ).
2530 3578 2589 3625 ll,
2617 3577 2667 3616 C.
2698 3577 2789 3616 26.
2822 3577 3147 3618 ϋετυιειυε.

2234 3630 2645 3687 Consiliatorem.
2677 3633 2778 3688 Ed.
2811 3632 3027 3690 Sublac.
3058 3633 3224 3689 habet
3251 3636 3601 3690 consolatores.

2229 3703 2413 3758 Delabi
2447 3705 2608 3777 jussit
2646 3720 2673 3757 e
2715 3705 2862 3777 caelo.
2910 3705 2997 3777 ιιειΔ
3026 3705 3282 3761 meliores
3334 3717 3392 3762 et
3433 3708 3666 3777 antiquiores

2159 3789 2292 3830 mss.
2310 3785 2373 3846 et
2396 3775 2778 3845 quamplurlmi
2799 3776 2952 3846 editi.
2978 3773 3037 3831 In
3064 3776 3283 3846 scriptis
3310 3793 3424 3834 rec.
3449 3788 3499 3833 et
3520 3773 3667 3833 nonani

2156 3845 2225 3902 lis
2255 3845 2411 3920 editis
2436 3854 2519 3901 est
2547 3847 2667 3900 labi.
2692 3875 2763 3888 -—
2784 3845 3033 3920 Delabi...
3077 3865 3104 3903 e
3139 3845 3292 3920 coelo.
3327 3849 3585 3920 Eleganter
3613 3850 3669 3902 itii

2159 3926 2215 3972 et
2241 3917 2431 3982 delabi,
2466 3933 2565 3986 pro
2590 3917 2913 3985 descendere,
2936 3918 3015 3972 uti
3037 3919 3208 3974 variat
3234 3920 3288 3973 in
3317 3917 3667 3988 Epitom.,c.l3.

2160 3988 2385 4043 Tertull.
2424 3990 2606 4058 Apol.,
2652 4003 2701 4044 c.
2749 3989 2816 4043 21
2863 3988 2932 4045 de
2976 3988 3228 4060 Christo,
3270 3992 3505 4063 delapsus
3540 3994 3581 4046 in
3613 3992 3667 4043 tir-

2160 4059 2349 4114 ainem.
2380 4060 2514 4114 BUN.

2196 4076 2349 4113 mem.
2380 4075 2514 4115 UUN.

2196 4077 2349 4113 mem.
2380 4077 2514 4115 non.

2159 4077 2192 4131 g
2232 4128 2631 4208 _Det_t_untiaverat
2649 4149 2709 4208 se
2732 4147 2846 4208 esse
2872 4135 3166 4208 facturum.
3185 4130 3280 4208 Sic
3315 4134 3438 4208 lego
3462 4151 3564 4208 cuiu
3589 4130 3668 4187 sati

2161 4202 2440 4271 quioribns
2468 4212 2521 4257 et
2551 4198 2848 4272 potioribus
2872 4198 3009 4257 ’mss.
3053 4213 3107 4257 et
3136 4205 3170 4259 6
3195 4198 3400 4263 editis."
3414 4204 3467 4263 In
3492 4209 3515 4261 1
3540 4204 3665 4261 Bonas.

2162 4274 2330 4348 antiq.
2362 4281 2417 4329 et
2458 4273 2607 4348 Lips.
2642 4282 2762 4348 est,
2797 4273 3182 4348 denunliaverat
3225 4293 3335 4332 sese
3385 4272 3667 4348 facturumin

2165 4344 2198 4397 6
2225 4358 2353 4398 mss.
2381 4354 2436 4399 et
2458 4343 2492 4397 4
2515 4345 2748 4413 excusis,
2766 4344 3155 4401 annuntiaverat
3171 4365 3192 4414 ;
3218 4347 3272 4403 in
3301 4343 3459 4418 Pen.,
3482 4346 3667 4405 annuntia-

2162 4429 2315 4468 vernn
2322 4425 2355 4468 ιο

2082 4522 2138 4589 D
2241 4484 2525 4541 Malae/tias
2556 4487 2804 4558 propheta
2832 4487 3048 4542 indicat.
3077 4489 3133 4543 In
3160 4488 3196 4543 2
3218 4491 3581 4561 antiquissimis
3596 4500 3666 4543 mss.

2163 4556 2295 4612 Reiz.
2319 4558 2546 4612 aliisaue
2587 4558 2623 4612 2
2650 4561 2777 4612 item
2810 4558 2989 4612 Regiis
3032 4558 3229 4612 leaitnr
3260 4562 3544 4612 Malachiel.
3570 4560 3666 4612 Abest

2243 4558 2546 4631 g._aliisqu_e
2587 4558 2623 4612 2
2650 4561 2777 4613 item
2810 4558 2989 4629 Regiis
3032 4558 3229 4631 legitur
3260 4558 3544 4618 Malacltiel.
3570 4560 3666 4616 Abest

2163 4629 2409 4700 praplteta
2431 4644 2462 4683 a
2489 4629 2520 4684 '7
2547 4631 2820 4686 veteribus
2847 4629 3107 4686 excusis.‘
3123 4632 3228 4688 Pro
3257 4635 3473 4701 indicat,
3497 4635 3667 4701 scriptas

2162 4709 2245 4775 est
2273 4702 2542 4775 annuntiat
2571 4702 2627 4775 in
2640 4703 2676 4775 ri
2717 4702 2996 4775 Regio;gin
3024 4702 3173 4775 Lips.
3201 4700 3531 4760 annuntiaait.
3552 4700 3668 4775 ltitia»

2162 4771 2328 4897 tha‘no
2358 4781 2442 4828 est
2472 4771 3109 4844 simpliciter‘blalachias
3148 4778 3404 4848 propheta
3429 4778 3555 4841 dicit.
3587 4772 3666 4831 scil-3

2237 4915 2579 4991 Sacriﬁcium
2610 4925 2871 4991 acceptum
2913 4934 3016 4991 non
3054 4918 3268 4991 (iubebo.
3313 4919 3404 4976 Sic
3445 4916 3667 4991 restituit!

2161 5000 2296 5043 mss.
2324 4987 2359 5040 2
2384 4986 2687 5059 veterrimis
2725 4984 2885 5059 Reg.,
2916 4987 2951 5042 4
2976 4988 3216 5045 Colbert.
3250 5001 3305 5046 et
3336 5001 3493 5048 recte.
3520 4984 3669 5059 Nectit-

2165 5067 2249 5114 ter
2276 5059 2481 5130 legitur,
2514 5058 2654 5130 apud
2700 5051 3053 5130 Cyprianum,
3089 5059 3181 5115 lib.
3211 5077 3231 5117 ι
3254 5051 3669 5130 Testimoniorgi-

2167 5124 2355 5185 versus
2384 5124 2622 5204 Judaei-is,
2653 5145 2703 5185 c.
2739 5124 2830 5204 16ἴ
2862 5130 3421 5204 ApndASeptnaginta,
3455 5133 3570 5204 etin
3592 5124 3669 5181 Η·

2163 5208 2307 5270 gata,
2337 5217 2438 5255 non
2477 5203 2790 5268 suscipiam;
2819 5203 2874 5256 in
2914 5203 2950 5256 2
2993 5202 3064 5258 al.
3104 5202 3346 5260 Colbert.
3378 5202 3428 5260 et
3458 5205 3491 5260 2
3513 5203 3668 5259 Clamit-

2166 5272 2438 5341 Sacriﬁcia
2463 5290 2564 5327 non
2592 5275 2876 5345 accipiant;
2906 5272 3045 5344 quod
3078 5276 3130 5328 in
3164 5275 3307 5330 idem
3343 5276 3535 5332 recidit.
3562 5272 3667 5326 lure-

2165 5345 2495 5399 centioribus
2519 5344 2554 5398 2
2585 5344 2717 5415 Reg,
2748 5354 2802 5400 et
2830 5345 2996 5400 Brnn.
3026 5361 3088 5400 ac
3114 5346 3168 5400 in
3198 5350 3411 5403 excusis
3430 5355 3519 5407 est.
3547 5352 3663 5415 aelii;

2167 5422 2273 5469 tum
2319 5431 2419 5468 non
2459 5415 2638 5470 habeo.
2665 5404 2899 5486 “Legitur
2943 5427 3206 5485 acceptum
3246 5435 3350 5473 non
3393 5404 3558 5473 habebo
3584 5404 3667 5477 apii

2165 5487 2489 5550 Buneman.,
2522 5486 2613 5556 qui
2666 5487 2719 5541 in
2777 5488 2913 5542 hanc
2965 5488 3267 5543 variantcm
3318 5499 3485 5544 notam
3517 5490 3666 5552 seque!-

2167 5568 2276 5614 tctn
2326 5557 2565 5612 exhibet.
2592 5589 2663 5598 —-
2690 5557 2941 5613 Omnium
2994 5560 3200 5627 optime
3247 5558 3500 5615 Betuleius
3541 5560 3669 5627 egw-

2166 5629 2250 5685 lus
2276 5627 2475 5695 edidit,
2512 5640 2771 5699 acceptum
2803 5646 2904 5684 non
2932 5618 3125 5695 habito;
3153 5632 3223 5685 ita
3253 5632 3393 5688 enim
3416 5627 3558 5685 codex
3576 5618 3667 5699 τζε-

2168 5703 2271 5756 rin.
2317 5688 2496 5775 Epitf,
2530 5715 2578 5755 c.
2627 5688 2719 5764 18,
2758 5698 2931 5775 clare,
2960 5688 3117 5775 teque
3149 5717 3213 5757 ac
3242 5700 3519 5775 μζέγριήεω.ἰ
3545 5708 3586 5775 c.
3614 5688 3666 5775 “3

2167 5787 2330 5843 quem
2359 5764 2590 5828 maxime
2619 5773 2879 5843 sequitur,
2906 5764 3215 5842 prasi'erunt.
3242 5764 3318 5829 Εἰ
3334 5764 3413 5831 est
3434 5774 3481 5829 in
3506 5764 3619 5828 belli.
3637 5768 3669 5821 ti

2167 5860 2250 5923 gr.
2275 5842 2530 5907 futurum.
2555 5842 2719 5915 [sanis
2747 5859 2958 5927 quoque
2983 5842 3131 5903 vidit.
3166 5845 3299 5915 BDN.
