3770 6264
394 397 506 461 479

1491 401 1680 460 FIRM.
1718 398 2088 459 LACTANTII
2128 396 2330 456 DlV'IN.
2372 398 2614 459 lNS’l‘lT.

3530 404 3621 463 £80

397 525 583 591 putet,
615 533 735 575 cum
763 517 956 590 spiritu
982 517 1113 588 Dei,
1140 519 1228 575 cui
1255 517 1413 575 facile
1438 528 1524 576 est
1546 517 1804 590 quidquid
1828 517 1979 587 velit,
2010 526 2060 585 Α
2086 524 2133 571 et
2159 515 2586 574 exacerbaverunt
2608 519 2847 591 spiritum
2868 526 3132 585 sanctum,
3156 526 3204 573 et
3229 534 3471 577 conversus
3490 536 3545 579 est
3562 528 3622 581 a’s

395 620 670 685 gravatam
708 624 829 666 esse
858 609 1134 683 Virginem
1161 612 1434 667 dicimus?
1461 611 1614 681 Quod
1652 627 1784 668 sane
1810 611 1987 667 incre-

395 704 563 761 dibile
585 711 774 777 posset
798 705 968 761 videri
985 746 1001 769 ,
1026 706 1132 761 nisi
1162 705 1265 761 hoc
1287 705 1525 762 futurum
1549 713 1673 762 ante
1696 706 1860 761 multa
1882 719 1986 760 ste-

392 795 515 852 cula
545 795 829 870 Pr0phetae
858 798 1200 855 cecinissent.
1237 799 1493 856 Salomon
1523 800 1597 855 ita
1626 798 1786 855 dicit:
1823 797 1986 867 Inﬁr-

391 898 564 948 ntatus
605 901 681 947 est
710 900 884 947 uterus
903 893 1135 964 virginis,
1182 902 1227 948 et
1255 894 1449 964 accepit
1470 897 1677 965 fatum,
1706 902 1753 947 et
1776 902 1990 965 gravata

391 992 487 1054 est,
516 994 567 1040 et
591 985 731 1055 facta
754 995 829 1043 est
851 987 906 1042 in
932 987 1094 1042 multa
1121 987 1442 1043 miseratione
1464 996 1626 1042 mater
1658 986 1832 1058 Virgo.
1855 984 1988 1043 Item

393 1078 657 1149 propheta
686 1078 895 1146 Esaias,
927 1080 1080 1150 cujus
1110 1081 1273 1137 verba
1304 1089 1429 1136 sunt
1458 1080 1575 1137 haec
1601 1100 1614 1135 :
1644 1078 1870 1150 Propter
1896 1080 1991 1135 hoc

394 1169 536 1225 dabit
573 1168 714 1226 Deus
748 1170 859 1243 ipse
895 1172 1035 1227 vobis
1075 1173 1318 1244 signum;
1348 1171 1479 1227 Ecce
1511 1171 1667 1244 Virgo
1696 1172 1908 1243 accipiet
1934 1171 1990 1226 in

393 1271 569 1329 utero,
604 1272 653 1318 et
682 1265 847 1335 pariet
873 1264 1069 1333 ﬁlium,
1101 1273 1148 1319 et
1175 1265 1414 1321 vocabitis
1444 1281 1627 1320 nomen
1655 1266 1766 1337 ejus
1797 1263 1992 1320 Hemo-

393 1355 535 1411 nuel.
566 1356 704 1425 Quid
732 1358 836 1412 hoc
860 1356 1196 1413 manifestius
1222 1356 1326 1413 dici
1356 1356 1568 1427 potest?
1592 1356 1868 1428 Legebant
1894 1356 1993 1411 ista

393 1449 599 1518 Judaei,
627 1450 719 1521 qui
748 1465 870 1506 eum
898 1457 1249 1521 negaverunt.
1283 1448 1341 1506 Si
1371 1450 1490 1519 quis
1519 1463 1621 1505 nos
1646 1448 1765 1505 haec
1794 1447 1996 1519 ﬁngere

395 1542 710 1611 arbitratur,
734 1542 802 1598 ab
823 1541 909 1598 his
935 1542 1207 1613 requirat,
1231 1540 1300 1596 ab
1321 1540 1407 1597 his
1432 1540 1770 1612 potissimum
1794 1546 1994 1595 sumat.

397 1637 543 1697 Satis
574 1638 790 1694 ﬁrmum
821 1636 1189 1695 testimonium
1219 1645 1305 1693 est
1330 1637 1396 1692 ad
1438 1635 1768 1708 probandam
1796 1635 1995 1690 verita-

397 1740 540 1798 tem,
573 1730 716 1803 quod
756 1729 825 1786 ab
860 1729 996 1802 ipsis
1035 1729 1350 1801 perhibetur
1394 1730 1648 1785 inimicis.
1701 1726 1999 1784 Hemanuel

394 1823 576 1879 autem
608 1838 881 1893 nunquam
913 1823 1179 1879 vocitatus
1205 1832 1321 1889 est,
1350 1822 1444 1878 sed
1484 1821 1671 1886 Jesus,
1700 1823 1792 1892 qui
1834 1821 1999 1876 latine

2089 608 2157 664 ad
2182 609 2527 666 inimicitiam.
2572 610 2641 666 Et
2677 612 2787 683 ipse
2825 614 3166 684 expugnavit,
3204 621 3253 665 et
3291 616 3542 673 recordatus
3564 628 3623 675 cst

2089 702 2287 757 dierum
2313 704 2488 759 steculi
2507 746 2522 772 ,
2546 706 2633 774 qui
2653 706 2913 761 suscitavit
2933 706 2998 761 de
3018 714 3157 761 terra
3182 714 3427 777 pastorem
3446 711 3595 767 ovium

2163 794 2295 863 Quis
2316 805 2497 852 autem
2523 796 2734 853 futurus
2753 806 2901 854 esset
2926 798 3017 854 ille
3040 806 3247 870 pastor,
3269 796 3519 858 declaravit
3534 805 3628 859 alio

2094 888 2235 956 loco,
2270 889 2491 946 dicens:
2527 891 2775 947 Exultent
2801 892 2917 948 caeli
2946 892 3187 964 desuper,
3218 900 3266 946 et
3294 891 3438 948 nubes
3457 894 3632 951 induant

2084 983 2376 1053 justitiam:
2402 986 2665 1054 aperiatur
2691 994 2827 1039 terra
2846 1026 2860 1051 ,
2888 995 2937 1041 et
2964 984 3186 1055 pullulet
3213 983 3518 1043 Salvatorent.
3541 989 3629 1063 Ego

2094 1078 2229 1131 enim
2270 1076 2525 1133 Dominus
2544 1077 2685 1133 Deus
2711 1078 2879 1133 creavi
2907 1094 3041 1132 eum.
3064 1078 3315 1133 Salvator
3339 1092 3456 1133 vero
3478 1088 3559 1145 est,
3587 1090 3633 1137 ut

2094 1183 2254 1238 supra
2282 1168 2517 1225 diximus
2537 1210 2554 1236 ,
2576 1168 2755 1225 Iesus.
2783 1169 2890 1226 Sed
2911 1179 2964 1225 et
2985 1169 3091 1224 alio
3118 1168 3242 1223 loco
3267 1168 3403 1223 idem
3424 1172 3632 1242 propheta

2095 1260 2174 1315 sic
2203 1260 2543 1330 praedicavit:
2576 1260 2708 1316 Ecce
2735 1272 2891 1317 natus
2918 1269 2993 1316 est
3022 1259 3169 1316 nobis
3190 1277 3341 1333 puer,
3371 1270 3417 1315 et
3442 1262 3633 1321 datuscst

2097 1355 2239 1409 nobis
2263 1356 2438 1425 ﬁlius:
2464 1357 2609 1422 cuius
2634 1357 2905 1427 imperium
2931 1373 3083 1430 super
3107 1357 3345 1412 humeros
3367 1357 3494 1427 ejus;
3511 1370 3549 1412 et
3566 1375 3633 1415 ro-

2098 1457 2269 1505 catum
2298 1459 2372 1504 est
2402 1466 2587 1505 nomen
2615 1452 2761 1522 ejus,
2794 1451 2973 1523 magni
3000 1451 3203 1506 consilii
3231 1450 3451 1506 nuntius.
3477 1449 3635 1507 Idcirco

2099 1546 2242 1600 enim
2271 1544 2467 1600 missus
2495 1555 2579 1601 est
2604 1560 2635 1600 a
2663 1546 2774 1601 Deo
2803 1545 2996 1614 Patre,
3027 1558 3085 1601 ut
3115 1544 3383 1601 universis
3407 1546 3635 1615 gentibus,

2098 1650 2220 1707 qua:
2251 1636 2351 1692 sub
2374 1636 2517 1693 coelo
2544 1649 2703 1703 sunt,
2738 1636 3029 1709 singularis
3067 1646 3122 1693 et
3162 1638 3277 1693 veri
3318 1637 3410 1693 Dei
3445 1647 3636 1695 sanctam

2101 1730 2418 1801 mysterium
2458 1730 2759 1796 revelaret,
2800 1729 3037 1786 ablatum
3080 1727 3289 1801 perﬁdo
3334 1729 3541 1799 populo,
3572 1732 3639 1800 qui

2102 1821 2363 1876 adversus
2395 1821 2562 1877 Deum
2589 1836 2735 1891 smpe
2764 1821 3013 1892 deliquit.
3046 1819 3236 1875 Daniel
3264 1832 3471 1891 quoque
3490 1821 3639 1877 similia

395 1914 597 1970 dicitur
621 1915 906 1984 salutaris,
934 1914 1049 1970 sive
1072 1914 1338 1981 salvator;
1364 1914 1486 1985 quia
1509 1913 1718 1969 cunctis
1742 1915 1993 1985 gentibus
2022 1932 2073 1993 Β
2100 1914 2423 1983 prtelocutus
2461 1921 2562 1969 est.
2603 1912 2846 1968 Videbunt
2864 1954 2882 1981 ,
2925 1913 3129 1981 inquit,
3171 1914 3226 1966 in
3266 1913 3377 1968 visu
3418 1914 3579 1979 noctis;
3608 1924 3640 1968 et

396 2006 646 2062 salutifer
675 2007 841 2063 venit.
866 2006 975 2062 Sed
1005 2006 1267 2077 propheta
1288 2005 1581 2063 declaravit
1610 2006 1712 2061 hoc
1742 2006 1959 2061 nomine
1979 2047 1994 2071 ,

396 2098 541 2170 quod
572 2099 715 2156 Deus
741 2099 810 2155 ad
840 2098 1087 2155 homines
1117 2100 1170 2154 in
1198 2113 1363 2155 carne
1391 2108 1651 2155 venturus
1679 2106 1843 2155 esset.
1884 2097 1994 2154 He-

397 2189 617 2247 manuel
642 2191 786 2247 enim
809 2189 1104 2263 signiﬁcat,
1132 2190 1413 2248 nobiscum
1440 2190 1615 2258 Deus;
1644 2192 1849 2247 scilicet
1871 2190 1997 2260 quia

397 2284 495 2340 illo
521 2300 619 2355 per
647 2283 910 2356 virginem
945 2293 1104 2349 nato,
1134 2284 1384 2340 conﬁteri
1426 2284 1670 2340 homines
1713 2283 1998 2354 oportebat

398 2376 567 2433 Deum
596 2391 781 2433 secum
811 2391 932 2433 esse
952 2418 967 2444 ,
998 2376 1049 2432 id
1078 2385 1193 2443 est,
1222 2376 1274 2431 in
1304 2387 1442 2434 terra
1463 2419 1476 2443 ,
1508 2385 1564 2432 et
1589 2378 1640 2431 in
1666 2390 1828 2431 carne
1853 2389 1999 2431 mor-

398 2470 513 2525 tali.
544 2470 699 2527 Unde
725 2470 889 2526 David
919 2471 974 2526 in
1004 2470 1213 2540 psalmo
1241 2484 1480 2525 Lxxxw.
1517 2468 1756 2535 Veritas,
1788 2468 1995 2537 inquit,

395 2563 464 2620 de
490 2574 633 2620 terra
659 2573 776 2620 orta
803 2571 923 2630 est;
952 2564 1077 2634 quia
1104 2564 1245 2619 Deus
1268 2604 1282 2628 ,
1312 2565 1362 2617 in
1392 2578 1497 2633 quo
1516 2563 1716 2617 veritas
1742 2570 1825 2617 est
1843 2602 1858 2626 ,
1890 2570 1999 2617 ter-

395 2672 585 2714 renum
626 2672 822 2728 corpus
852 2657 1095 2727 accepit,
1129 2665 1188 2712 ut
1217 2658 1446 2713 terrenis
1474 2658 1613 2712 viam
1646 2657 1837 2712 salutis
1867 2669 1997 2726 ape-

394 2751 546 2809 riret.
587 2750 720 2809 Item
751 2750 939 2807 Esaias
970 2752 1117 2822 ipse:
1150 2749 1265 2821 Ipsi
1293 2761 1466 2806 autem
1495 2766 1597 2805 non
1629 2749 1992 2814 crediderunt,

2104 2022 2218 2061 ecce
2242 2006 2295 2059 in
2322 2006 2537 2060 nubibus
2563 2006 2675 2060 cali
2702 2014 2758 2059 ut
2788 2005 2928 2075 ﬁlius
2957 2004 3179 2060 hominis
3203 2004 3438 2072 veniens,
3465 2013 3505 2059 et
3526 2022 3640 2071 usqu

2104 2098 2175 2153 ad
2202 2106 2451 2152 vetustum
2480 2098 2677 2153 dierum
2706 2098 2951 2169 pervenit.
2983 2095 3052 2151 Et
3079 2098 3167 2168 qui
3197 2096 3509 2166 assistebant,
3536 2100 3642 2152 obtu-

2105 2196 2272 2249 lerunt
2297 2209 2410 2247 eum
2426 2236 2441 2259 ,
2473 2202 2519 2247 et
2542 2192 2718 2246 datum
2741 2201 2816 2247 est
2842 2192 2887 2246 ei
2911 2207 3124 2263 regnum
3141 2233 3156 2257 ,
3182 2201 3231 2245 et
3256 2191 3440 2257 honor,
3466 2202 3505 2245 et
3524 2192 3645 2259 impe-

2101 2290 2270 2355 rium,
2299 2298 2343 2343 et
2374 2304 2545 2344 omnes
2586 2287 2794 2357 populi,
2836 2286 3027 2351 tribus,
3077 2286 3272 2357 lingute
3299 2285 3503 2340 servient
3524 2285 3643 2348 εἰςει

2106 2391 2327 2451 potestas
2369 2382 2480 2451 ejus
2522 2389 2745 2446 aeterna,
2788 2395 2903 2451 qute
2937 2395 3198 2449 nunquam
3239 2378 3501 2444 transibit,
3534 2387 3644 2432 stre.

2105 2490 2262 2546 gnum
2293 2475 2439 2544 ejus,
2483 2474 2620 2545 quod
2657 2490 2761 2527 non
2801 2484 3177 2543 corrumpetur.
3224 2470 3497 2539 Quomodo
3528 2470 3644 2541 igitur

2105 2566 2275 2623 Judtci
2302 2578 2355 2622 et
2378 2567 2724 2632 conﬁtentur,
2768 2576 2823 2623 et
2863 2575 3087 2636 sperant
3122 2565 3398 2621 Christum
3438 2563 3553 2619 Dei?
3582 2566 3641 2634 qui

2104 2657 2247 2715 hunc
2285 2658 2486 2717 idcirco
2524 2659 2978 2730 reprobaverunt,
3020 2660 3144 2730 quia
3185 2675 3253 2716 ex
3295 2658 3501 2714 homine
3531 2666 3642 2712 natus

2102 2758 2207 2806 est.
2248 2750 2383 2806 Nam
2429 2765 2551 2807 cum
2592 2752 2664 2808 ita
2704 2753 2775 2808 sit
2813 2767 2843 2808 a
2887 2753 2997 2808 Deo
3037 2752 3419 2819 constitutum,
3457 2759 3511 2807 ut
3542 2750 3644 2820 idem

1745 2884 2108 2944 VARIORUM
2149 2885 2378 2943 NOTAE}.

394 3044 514 3102 cap.
555 3028 945 3102 22,,lib.vtn,
986 3043 1105 3102 cap.
1144 3026 1259 3102 θλ
1298 3026 1539 3102 lib._xvr,
1582 3039 1701 3102 cap.
1728 3025 1821 3080 24.
1861 3024 1990 3080 Haec

394 3097 730 3172 comparatio
768 3112 853 3157 est
890 3116 919 3155 a
961 3097 1156 3155 minori
1196 3098 1263 3153 ad
1304 3098 1508 3167 majus:
1554 3097 1661 3172 sed
1688 3112 1884 3172 vereor
1923 3111 1990 3151 ne

396 3167 536 3229 tunc
552 3173 811 3241 temporis
838 3173 1214 3241 auctoritatem
1244 3184 1490 3238 magnam
1519 3183 1625 3241 non
1652 3167 1915 3222 habuerit.

469 3239 744 3298 Gravatam
766 3258 872 3297 esse
898 3241 1173 3310 Virginem.
1195 3240 1270 3295 fta
1288 3255 1478 3295 omnes
1501 3239 1629 3310 editi
1646 3248 1700 3293 et
1716 3252 1843 3292 mss.
1869 3253 2002 3307 prac-

398 3326 483 3373 ter
507 3317 542 3369 4
570 3330 681 3370 rec.
711 3314 765 3369 in
804 3308 1003 3382 quibus
1029 3321 1114 3367 est
1152 3312 1495 3382 gravidatam.
1527 3310 1555 3364 1
1582 3308 1821 3382 (ὶοιιιιιιι.ζ
1854 3324 1882 3362 a
1913 3324 2000 3382 se-

396 3386 572 3443 cunda
616 3400 774 3439 manu
815 3380 1101 3456 gravidam.
1144 3383 1212 3438 Et
1244 3380 1380 3437 infra
1410 3391 1624 3453 gravata
1653 3390 1726 3435 est
1753 3380 1913 3435 etiam
1946 3380 1998 3435 in

395 3474 530 3514 mss.
558 3455 856 3511 codicibus.

473 3526 723 3584 Salomon
763 3528 838 3581 ita
874 3526 1016 3581 dicit.
1049 3523 1138 3580 Sic
1164 3523 1344 3580 ferunt
1371 3523 1525 3578 multi
1553 3537 1686 3578 mss.
1720 3522 1867 3578 Inter
1895 3536 2001 3577 ea:-

401 3608 548 3656 teros
574 3598 663 3653 alii
690 3597 891 3653 addunt
918 3598 973 3651 in
1004 3596 1116 3651 0de
1141 3596 1517 3666 undevigesima
1532 3609 1553 3659 ;
1580 3594 1669 3648 alii
1709 3596 1763 3648 in
1786 3592 2000 3647 Psalmo

396 3670 809 3742 undevigesimo;
856 3668 921 3735 2,
976 3670 1030 3742 in
1078 3666 1293 3721 Psalmo
1340 3667 1776 3742 vigesimo_:_qua:
1819 3666 1999 3718 omnia

395 3742 527 3798 mihi
558 3736 807 3796 videntur
831 3754 953 3795 esse
981 3739 1328 3809 glossemata.
1360 3739 1527 3809 Alteri
1568 3738 1604 3789 2
1631 3736 1766 3807 Reg.
1798 3751 1908 3790 rec.
1943 3744 2001 3809 et

397 3814 527 3868 editi
568 3821 725 3879 octo,
758 3807 1013 3867 Salamon
1041 3811 1114 3864 sic
1143 3811 1236 3863 ait.
1269 3808 1397 3864 Haec
1421 3808 1725 3864 Salomonis
1755 3809 1916 3862 verba
1948 3807 2000 3860 in

395 3885 515 3956 ejus
544 3884 695 3956 libris
723 3897 829 3938 non
872 3884 1146 3956 leguntur.
1198 3920 1227 3951 ο

469 3955 604 4009 Ecce
640 3953 799 4025 Virgo
825 3947 1039 4022 accipiet
1063 3953 1118 4025 in
1148 3947 1311 4025 utero.
1344 3951 1418 4025 Ita
1452 3964 1556 4025 ms.
1588 3947 2001 4025 antiquissimus

399 4020 903 4096 Regio—Puteanus,
933 4020 1135 4096 lelb.
1167 4023 1286 4096 Em.
1311 4034 1370 4096 et
1401 4023 1423 4076 i
1451 4022 1689 4096 Clarum.
1720 4033 1819 4073 nec
1843 4020 2002 4096 aliter

400 4088 531 4167 legit
559 4097 616 4152 S.
648 4095 952 4167 Cyprianus
983 4094 1076 4167 l_ih.
1107 4110 1142 4147 ll
1174 4092 1564 4167 Testimonior.
1608 4090 1880 4167 adversus
1906 4088 2002 4167 Ju-

400 4159 582 4234 σῶος,
610 4159 810 4236 εεῤ.’8.
840 4165 895 4220 in
923 4165 959 4219 2
984 4165 1112 4236 Reg.
1141 4174 1195 4220 et
1220 4164 1287 4218 12
1313 4164 1484 4236 editis,
1498 4170 1579 4216 est
1602 4163 1655 4215 in
1682 4171 1917 4236 uterum;
1947 4159 1999 4236 in

402 4240 472 4295 19
500 4231 718 4308 scriptis
750 4231 1134 4291 recentissimis
1163 4247 1217 4291 et
1244 4236 1278 4291 8
1304 4235 1518 4289 excusis
1544 4245 1647 4297 est,
1673 4231 1923 4300 concipiet
1948 4231 2001 4283 in

398 4321 561 4365 utero.
594 4307 690 4364 Ed.
722 4308 935 4363 Sublac.
970 4308 1128 4362 habet
1156 4307 1424 4374 concipiet.

487 4379 754 4435 Vocabitis.
778 4379 853 4433 lta
880 4394 1008 4433 mss.
1032 4379 1066 4435 9
1097 4378 1268 4448 Regii,
1299 4371 1595 4448 intergquos
1620 4382 1746 4448 sunt
1770 4371 1877 4426 duo
1900 4387 1999 4426 an-

403 4451 725 4522 tiquissimi,
768 4451 966 4520 aliique
996 4466 1116 4504 cum
1144 4445 1390 4522 9'editis.
1436 4446 1634 4522 scripti
1665 4445 1698 4497 6
1728 4458 1836 4498 rec.
1879 4458 2000 4522 cum

404 4514 625 4579 toiidem
655 4514 1093 4577 esensis'habent
1124 4520 1417 4591 vocabitur;
1446 4518 1601 4571 alteri
1636 4531 1743 4591 rec.
1777 4514 1996 4569 vocabis.
2028 4523 2084 4585 ι)
2180 4518 2417 4591 ᾼὺιαιιιηι
2457 4514 2655 4591 per/ida
2696 4520 2908 4591 populo.

399 4593 696 4721 ξῗξεῶυιιά
723 4592 916 4649 Isaiam
945 4608 1063 4663 cap.
1092 4608 1184 4646 vn.
1208 4590 1339 4645 Vide
1356 4589 1618 4643 [renteum
1650 4586 1741 4641 lib.
1769 4601 1849 4652 ιιι,
1879 4600 1997 4655 cap.

477 4708 712 4804 Quicum
730 4743 1056 4803 negaverunt.
1083 4733 1159 4804 ita
1181 4746 1371 4804 omnes
1395 4729 1674 4804 editidcum
1705 4741 1833 4804 mss.
1866 4742 2005 4804 prae-

404 4799 547 4862 ter—'2
575 4806 740 4878 Reg.,
773 4799 999 4860 Tornes.
1022 4803 1104 4878 ,β
1127 4803 1371 4878 Colbert.
1391 4844 1407 4868 ,
1441 4805 1464 4856 1
1494 4800 1733 4878 Clarum.
1753 4838 1769 4864 ,
1805 4799 2005 4878 inqui—

403 4879 505 4934 bus
534 4868 1005 4941 estinecavcrunt.
1045 4874 1174 4928 Vide
1203 4873 1451 4928 eamdem
1493 4872 1820 4927 locutionem
1863 4868 2003 4924 infra

404 4964 521 5005 can.
560 4950 644 5005 l8.

471 4967 768 5076 iiieitiiinuel
786 5027 953 5071 autem
981 5032 1240 5085 nunquam
1265 5017 1511 5070 vocitatus
1538 5024 1641 5079 est,
1670 5022 1772 5069 etc.
1800 5011 2001 5085 Verum

403 5103 486 5147 est
507 5106 778 5161 nunquam
804 5088 967 5143 fuisse
991 5090 1059 5161 ita
1084 5081 1376 5161 vocitatum
1401 5084 1854 5161 nomineproprio
1870 5081 2004 5161 :sed

404 5175 613 5218 certum
641 5153 820 5215 iamen
852 5171 964 5223 est,
1000 5159 1147 5213 illum
1181 5158 1346 5213 fuisse
1372 5174 1559 5214 verum
1592 5153 2003 5211 Einmanuelem

406 5246 683 5299 nostrum,
719 5246 828 5284 non
867 5230 1043 5300 quoad
1087 5229 1501 5300 appellationem
1543 5227 1776 5300 nominis
1818 5233 2001 5300 exter-

404 5321 528 5359 nam
552 5345 567 5369 ,
600 5296 693 5357 sed
723 5302 807 5356 vel
835 5296 898 5356 ad
930 5296 1306 5365 efﬁcientiam,
1348 5301 1434 5355 vel
1474 5300 1539 5354 ad
1584 5296 2000 5369 applicationem

405 5378 516 5440 rei,
544 5387 665 5443 quae
696 5388 792 5443 per
820 5388 1015 5427 nomen
1043 5372 1171 5426 illud
1203 5372 1533 5442 designatur.

482 5442 584 5512 Qui
609 5442 887 5499 suscitavit.
919 5442 1017 5498 Ms.
1051 5445 1074 5498 1
1108 5442 1314 5497 Βοηυιι.
1344 5445 1514 5512 antiq.
1543 5442 1680 5511 quia.

480 5510 755 5571 Suscitavit
781 5520 844 5569 de
868 5525 1002 5587 terra
1025 5523 1278 5587 pastorem
1304 5510 1490 5568 ovium.
1515 5510 1712 5587 Prode
1736 5522 1889 5578 terra,
1920 5510 2001 5566 le-

403 5590 552 5662 gitur
576 5588 714 5662 apud
740 5603 872 5662 va.
901 5585 1079 5662 eduxit
1104 5586 1167 5662 de
1187 5588 1343 5662 mari,
1376 5587 1429 5639 ἐκ
1452 5594 1543 5662 τῇς
1562 5585 1844 5662 galina-anc,
1878 5598 1999 5662 pas-

405 5654 564 5717 iorem
592 5654 777 5715 ovium.
811 5658 884 5711 Ita
913 5658 1074 5712 etiam
1107 5656 1363 5712 Hebraeus
1392 5666 1447 5711 et
1472 5658 1529 5712 S.
1560 5656 1919 5717 Hieronymus
1946 5654 2001 5707 in

405 5673 564 5717 torem
592 5675 777 5715 ovium.
813 5672 884 5711 Ita
913 5672 1074 5712 etiam
1107 5672 1363 5712 Hebraeus
1392 5672 1447 5711 et
1472 5672 1529 5712 δ.
1560 5672 1919 5780 ιιιειοῖἴιιιιιδ
1946 5672 2001 5707 ιιι

404 5748 501 5788 sua
536 5747 679 5787 vers.
710 5730 768 5783 In
801 5730 1047 5793 caeteris,
1091 5730 1149 5783 ἐκ
1172 5739 1264 5791 τῆς
1288 5738 1414 5801 γῆς,
1456 5738 1511 5782 et
1549 5728 1691 5797 apud
1786 5730 2002 5849 ierontv-

404 5819 549 5849 mum
577 5803 640 5849 de
660 5812 812 5849 terra.
837 5800 989 5849 Hunc
1017 5802 1189 5849 locum
1212 5842 1227 5849 _
1254 5815 1413 5849 mtem
1436 5800 1501 5849 ad
1522 5799 1723 5849 calcem
1749 5799 1931 5849 Entslo
1957 5811 2002 5849 re

404 5819 549 5858 mum
577 5803 640 5856 de
660 5812 812 5855 terra.
836 5800 989 5854 Hunc
1016 5802 1190 5856 locum
1212 5842 1228 5868 ,
1254 5798 1413 5871 quem
1436 5800 1501 5854 ad
1522 5799 1723 5854 calcem
1749 5798 2003 5871 Epistolte

410 5875 478 5928 ad
520 5872 775 5927 Hebraeos
814 5871 1014 5927 Paulus
1052 5867 1355 5944 respexisse
1392 5872 1607 5929 videtur
1646 5867 1808 5939 paulo
1845 5867 2003 5923 aliter

2021 3137 2067 3201 C

2097 3027 2353 3097 protulit:
2383 3025 2525 3081 Deus
2545 3067 2559 3081 .
2584 3068 2597 3082 .
2625 3065 2639 3079 .
2668 3027 2755 3097 qui
2784 3027 2961 3083 eduxit
2984 3027 3050 3083 de
3074 3029 3287 3085 mortuis
3311 3038 3548 3101 pastorem
3569 3046 3646 3083 ata-

2097 3115 2252 3174 gnum
2282 3100 2482 3165 ovium,
2516 3101 2541 3155 ὀ
2567 3100 2827 3174 ἀναγάγων
2855 3106 2907 3155 ἐκ
2936 3108 3141 3174 νεκρῶν.
3192 3100 3329 3157 Vide
3364 3101 3545 3156 lsaiam
3582 3116 3646 3155 ca-

2103 3171 2210 3240 pite
2238 3186 2364 3225 thtt
2389 3181 2499 3240 atq.
2530 3186 2654 3225 ην.

2175 3239 2286 3310 Ego
2317 3239 2716 3294 enimidominus
2748 3239 2887 3296 Deus
2917 3242 3080 3295 crcavi
3102 3284 3117 3301 .
3149 3251 3259 3298 etc.
3302 3243 3416 3299 Non
3448 3242 3648 3313 estquod

2100 3313 2340 3366 somnies
2378 3313 2473 3366 tibi
2514 3321 2752 3366 creatum
2800 3314 3086 3380 quemdam
3139 3314 3231 3368 Dei
3276 3314 3501 3370 Filium:
3543 3316 3649 3383 cujus

2101 3387 2302 3457 erroris
2349 3383 2568 3457 arcendi
2608 3398 2769 3457 causa
2796 3383 3032 3457 _Nicaena
3076 3389 3317 3457 synodus
3356 3387 3582 3447 curavit,
3614 3395 3651 3438 ut

2101 3452 2359 3526 deinceps
2402 3455 2452 3507 in
2504 3453 2750 3526 symbolo
2780 3452 3051 3526 diceretur
3076 3452 3435 3520 ,Τεννηθέντα,
3460 3461 3513 3511 οὐ
3545 3478 3648 3515 ποιη-

2101 3525 2263 3596 θέντα.
2297 3525 2371 3579 Dc
2394 3540 2502 3594 quo
2532 3525 2643 3593 iege
2673 3525 2852 3579 Basilii
2885 3527 3167 3596 epistolam
3214 3529 3281 3583 ad
3316 3529 3651 3584 Antiochenses

2103 3594 2380 3663 scriptam.
2407 3607 2461 3650 et
2492 3598 2650 3650 aliam
2679 3594 3096 3667 littsebii,‘quam
3118 3597 3499 3654 Tlteodoretus
3524 3600 3651 3653 eccle-

2103 3668 2336 3722 siasticae
2356 3667 2601 3727 historia:
2629 3668 2855 3721 inseruit
2884 3667 2979 3722 lib.
3013 3685 3061 3733 t,
3088 3682 3211 3738 cap.
3244 3671 3336 3725 12.
3385 3669 3520 3725 Vide
3554 3669 3651 3737 apud

2107 3738 2487 3806 Epiphaniam,
2525 3738 2794 3794 hiereticte
2828 3738 3109 3807 pravitatis
3142 3741 3518 3810 inquisitorem
3546 3756 3651 3794 acer-

2106 3812 2343 3875 rimum,
2394 3810 2833 3879 propheticarum
2879 3825 3071 3864 vocum
3118 3813 3529 3867 conciliatorem
3565 3811 3651 3865 dili-

2103 3880 2475 3953 gentissimum
2499 3921 2514 3944 ,
2558 3881 2698 3935 libro
2739 3896 2817 3945 nt,
2842 3896 2961 3951 qua:
2998 3883 3068 3936 sit
3107 3882 3249 3937 inter
3276 3884 3453 3938 creari
3485 3892 3536 3939 et
3555 3882 3653 3953 gigni

2103 3950 2429 4006 differentia.
2454 3952 2777 4006 BETULEIUS.

2180 4020 2311 4075 Ecce
2331 4062 2346 4083 ,
2377 4033 2482 4077 etc.
2516 4023 2637 4077 lsai.
2669 4038 2741 4076 ix.
2772 4021 2877 4077 Sed
2904 4021 3018 4077 haec
3046 4038 3152 4078 non
3179 4034 3309 4079 sunt
3335 4025 3552 4081 totidem
3570 4039 3653 4079 ver-

2108 4092 2188 4146 his
2230 4094 2281 4146 in
2323 4093 2630 4162 Scriptura:
2675 4092 2817 4148 unde
2854 4094 3124 4163 conjicere
3167 4095 3327 4159 licet,
3374 4096 3655 4153 Lactantium

2106 4166 2420 4219 memoriter
2447 4166 2711 4233 allegasse
2736 4163 3047 4231 Scripturas
3075 4180 3278 4221 sacras.
3728 4163 3731 4233 ἶ

2177 4233 2493 4307 Singularis.
2528 4233 2640 4289 Vox
2672 4234 2971 4303 theologica
2994 4278 3007 4301 ,
3061 4238 3234 4307 inquit
3266 4239 3539 4295 Betuleius
3559 4255 3571 4303 ;
3593 4236 3655 4291 sed

2106 4319 2214 4358 non
2245 4306 2413 4380 magis
2438 4322 2597 4380 quam
2628 4322 2783 4380 unus.
2817 4308 3017 4380 unicus,
3052 4306 3151 4377 pro
3186 4325 3296 4380 quo
3326 4325 3475 4376 saepe
3503 4310 3657 4380 elegan-

2105 4376 2494 4448 tersingularis
2520 4378 2688 4447 ponit.
2721 4376 2910 4448 Notavi
2940 4378 3006 4432 ad
3039 4376 3131 4433 lib.
3165 4376 3221 4447 ιζ
3255 4396 3306 4435 c.
3341 4382 3376 4436 4
3406 4383 3503 4436 lin.
3533 4376 3656 4447 Α’Ϊιιαε

2106 4461 2170 4501 ac
2194 4446 2280 4501 hic
2303 4446 2395 4501 lib.
2423 4463 2469 4514 ι,
2498 4446 2619 4515 cap.
2646 4449 2742 4503 15:
2770 4446 2866 4501 Dei
2892 4450 3169 4515 singularis
3190 4467 3249 4504 ac
3275 4453 3381 4507 veri
3400 4452 3548 4507 dixit.
3571 4446 3653 4505 Bis.

3000 4523 3113 4594 0th.
3143 4538 3155 4573 :
3190 4522 3364 4577 ablato
3393 4523 3656 4594 per/idatu-

2108 4589 2263 4658 pulo,
2294 4604 2476 4656 prave.
2501 4589 2621 4645 Lib.
2654 4605 2727 4655 tv,
2767 4589 2888 4657 cap.
2920 4590 2990 4644 2:
3026 4591 3289 4648 Statuerat
3326 4589 3462 4649 Deus
3487 4589 3503 4648 ζ
3526 4592 3658 4648 ..ὀι-

2107 4675 2216 4713 cem
2254 4661 2487 4725 mittere,
2532 4662 2622 4731 qui
2662 4677 2774 4715 eam
2804 4661 3068 4729 justitiam
3114 4663 3256 4732 (hoc
3287 4666 3437 4732 loco,
3476 4673 3655 4720 sanctus

2107 4732 2442 4804 mysterium)
2474 4732 2673 4803 perﬁdo
2701 4732 3002 4803 ingrataque
3032 4733 3223 4804 populo
3253 4736 3487 4791 ablatam
3513 4734 3657 4792 ceteris

2106 4802 2398 4856 nationibus
2429 4804 2692 4858 reuelaret.
2722 4805 2859 4858 BUN.

2184 4872 2364 4948 Daniel
2392 4889 2589 4948 quoque
2616 4875 2805 4928 similia
2832 4875 3140 4944 praelocutus
3167 4886 3261 4931 est.
3308 4877 3437 4948 Cap.
3479 4894 3557 4934 ιιι.
3576 4874 3657 4948 Ἰἰετ

2106 4942 2237 5017 ι)ιωὶ
2278 4959 2399 4999 eum
2433 4942 2708 5014 prophetis
2734 4942 2842 4999 non
2872 4958 3196 5012 accensent;
3227 4942 3400 5003 causa
3421 4960 3535 5015 est,
3558 4943 3654 5017 quod

2106 5014 2271 5091 vitam
2300 5017 2472 5091 egerit
2503 5033 2611 5091 non
2655 5018 3058 5091 prophetieam.
3105 5020 3200 5074 sed
3246 5014 3594 5091 Satrapicam’.
3622 5024 3659 5067 ﬁl

2109 5085 2271 5161 David
2301 5085 2556 5161 regalem.
2581 5085 2768 5155 Quare
2779 5090 3045 5161 cosiaiunt
3067 5092 3354 5159 scripsisse
3374 5085 3575 5161 quidem
3594 5101 3658 5157 per

2106 5155 2364 5226 Spiritum
2400 5158 2697 5229 Sanctum,
2736 5160 2829 5213 sed
2870 5155 3318 5229 Prophetas'non
3351 5155 3537 5218 fuisse:
3563 5155 3658 5213 atta-

2108 5242 2235 5301 men;
2268 5239 2323 5301 et
2353 5228 2627 5295 Christus,
2658 5240 2709 5285 et
2738 5228 3004 5301 Iosephus
3024 5271 3040 5294 ,
3068 5240 3124 5287 et
3164 5231 3433 5289 catholica
3475 5230 3659 5289 Ecclesia

2109 5298 2381 5369 Danielem
2413 5310 2603 5356 vocant
2632 5298 2968 5369 prophetam.
3007 5302 3086 5356 Ea:
3117 5302 3384 5359 Pansam.

2181 5368 2330 5436 Quod
2378 5387 2479 5424 non
2528 5368 2902 5440 corrumpetur.
2953 5371 3166 5427 Amittit
3226 5376 3365 5437 quod
3417 5375 3656 5429 Bunemaa.

2112 5439 2357 5513 «Antea,
2383 5442 2573 5510 inquit,
2607 5442 2779 5496 fuerat
2800 5444 3000 5498 editum
3028 5444 3095 5497 ab
3124 5446 3395 5511 omnibus,
3430 5456 3476 5500 et
3499 5455 3658 5513 regas!

2106 5512 2237 5587 ejus,
2273 5513 2411 5587 quieti
2444 5529 2544 5587 non
2573 5524 2947 5587 corrumpetur.
2958 5518 3140 5587 AAtque
3157 5515 3357 5571 habent
3377 5516 3506 5587 quod
3518 5512 3657 5587 textus

2106 5580 2675 5655 liebr.,"l‘_ertullianus
2696 5580 2908 5655 qunque
2937 5585 3028 5639 lib.
3057 5580 3118 5639 ἰιι
3143 5629 3156 5649 ,
3189 5580 3449 5643 adversus
3488 5581 3658 5655 Marcio-

2106 5668 2229 5707 nem
2264 5672 2276 5708 :
2321 5652 2388 5706 Et
2428 5671 2637 5725 regnum
2677 5652 2835 5720 eiusp
2859 5656 2997 5724 quod
3035 5673 3138 5709 non
3184 5660 3462 5712 vitiabitur.
3505 5654 3659 5711 Nihilo-

2107 5726 2283 5798 minus
2306 5726 2484 5798 Aomisi
2535 5727 2638 5781 ﬁde
2662 5726 2863 5781 codicis
2894 5725 3146 5798 Gothani,
3178 5732 3270 5797 qui
3302 5731 3493 5798 pariter
3514 5741 3567 5780 ac
3589 5739 3657 5775 ειη-

2107 5795 2445 5865 tiquissimus
2474 5798 2821 5854 tauriniensis
2864 5798 2917 5852 in
2944 5797 3088 5868 Epit.
3118 5813 3170 5853 c.
3199 5795 3272 5855 Π
3299 5795 3444 5857 clare
3482 5800 3655 5867 legunt:

2111 5878 2156 5921 et
2183 5883 2396 5938 regnum
2437 5872 2547 5936 ejus
2588 5886 2690 5924 non
2726 5878 3100 5941 corrumpetur.
3133 5870 3269 5926 BUN.
3298 5891 3318 5924 ι
