3770 6264
76 199 183 257 ιι81
931 195 1139 254 LIBER
1176 191 1268 255 IV.
1309 192 1400 255 DE
1442 198 1626 256 VERA
1668 190 2037 256 SAPIENTIA
2071 195 2160 254 ET
2196 192 2428 256 RELIG.

3266 193 3374 256 482

80 312 325 369 Christus
369 310 456 370 bis
495 311 745 369 adveniat
788 312 842 368 in
886 320 1109 382 terram,
1140 314 1333 384 semel,
1391 326 1448 370 ut
1497 330 1660 370 unum
1688 318 1740 378 Α
1765 314 1955 382 sibiles,
1982 323 2039 368 ut
2066 314 2198 369 scias
2226 315 2351 384 quia
2370 330 2463 385 ego
2488 330 2603 370 sum
2632 311 2885 371 Dominus
2924 310 3093 383 Deus,
3129 312 3220 386 qui
3248 329 3371 368 voco

78 404 250 462 Deum
287 403 539 474 gentibus
577 405 819 473 nuntiet,
858 405 1056 463 deinde
1097 423 1316 476 rursus,
1350 417 1405 463 ut
1446 419 1670 480 regnet:
1775 423 1959 462 nomen
2001 415 2166 475 tuum,
2208 406 2348 463 Deus
2396 406 2584 463 Israel.
2632 407 2875 478 Denique
2910 407 2983 463 ob
3009 407 3270 463 virtutem
3305 421 3371 462 ac

79 494 347 566 quomodo
376 496 430 550 in
460 496 756 554 secundum
786 497 904 568 ejus
943 497 1234 555 adventum
1276 498 1539 569 credunt,
1581 499 1675 570 qui
1772 500 1958 568 ﬁdem,
1988 515 2150 571 quam
2183 500 2294 556 Deo
2315 500 2563 557 exhibuit
2595 500 2651 557 in
2679 510 2844 570 terra,
2878 500 3063 556 datum
3094 508 3178 556 est
3203 499 3257 556 ei
3280 514 3371 556 re-

75 589 134 643 in
163 589 387 659 primum
415 604 522 644 non
554 589 940 647 crediderunt?
1773 608 1956 665 gnum,
1987 602 2043 648 et
2068 591 2265 661 honor,
2296 602 2352 650 et
2376 593 2706 665 imperium;
2736 603 2792 649 et
2819 606 3011 648 omnes
3028 591 3244 663 populi,
3268 592 3370 647 tri-

157 679 313 752 Atqui
338 681 600 752 propheta
628 690 887 755 utrosque
905 683 1169 741 adventus
1198 685 1317 756 ejus
1342 684 1526 754 paucis
1546 700 1677 741 vcr-
1773 683 1877 739 bus
1899 726 1914 752 ,
1954 683 2153 756 linguae
2174 725 2189 752 ,
2222 685 2466 742 servient
2492 686 2577 753 ei;
2627 693 2684 741 et
2706 692 2948 757 potestas
2984 683 3102 753 ejus
3133 695 3367 749 acterna,

71 775 161 831 bis
203 775 630 846 comprehendit.
662 777 824 843 Ecce,
857 778 1054 848 inquit,
1091 777 1145 833 in
1186 778 1424 835 nubibus
1464 779 1589 834 caeli
1616 786 1675 834 ut
1776 788 1899 846 qua:
1926 790 2203 847 nunquam
2226 776 2495 846 transibit,
2515 785 2570 833 et
2599 791 2827 847 regnum
2846 775 2967 847 ejus
2991 789 3101 830 non
3126 788 3374 830 corrum-

69 866 215 923 ﬁlius
243 866 475 924 hominis
522 868 770 925 veniens.
800 868 920 925 Non
963 869 1120 935 dixit,
1157 852 1214 925 ut
1259 869 1399 926 ﬁlius
1428 871 1543 937 Dei,
1575 870 1673 927 sed
1773 877 1951 939 petor.
1983 867 2138 937 Quod
2164 868 2384 941 quidem
2407 868 2618 926 duobus
2652 869 2828 926 modis
2852 868 3214 939 intelligitur:
3248 867 3374 937 quia

65 957 219 1018 ﬁlius
243 957 497 1029 hominis,
528 969 586 1016 ut
610 963 948 1031 ostenderet,
975 961 1120 1033 quod
1136 976 1304 1019 carne
1327 962 1477 1019 indui
1500 963 1673 1020 habe-
1776 969 1830 1017 et
1861 977 2005 1018 nunc
2032 961 2202 1020 habet
2247 973 2565 1035 perpetuam
2614 968 2976 1035 potestatem‘,
3031 965 3375 1031 cumfomnes

58 1059 147 1106 ret
172 1051 235 1106 in
260 1060 424 1120 terra,
447 1062 506 1107 ut
534 1062 788 1125 suscepta
806 1053 1043 1110 hominis
1074 1053 1266 1125 ﬁgura,
1292 1055 1675 1112 etconditione
1775 1065 1986 1126 gentes,
2006 1066 2061 1112 et
2087 1070 2279 1112 omnes
2299 1056 2496 1127 linguae
2516 1071 2715 1113 nomen
2745 1057 2863 1128 ejus
2877 1065 3231 1125 venerantur,
3254 1070 3375 1111 ma-

54 1142 305 1210 morlali,
332 1143 555 1201 doceret
594 1145 843 1202 homines
869 1146 1165 1217 justitiam;
1215 1155 1269 1203 et
1295 1161 1419 1203 cum
1449 1147 1677 1203 manda-
1770 1147 2025 1217 jestatem
2053 1149 2404 1219 conﬁtentur,
2434 1151 2734 1206 doctrinam
2764 1159 3087 1222 sequuntur,
3116 1150 3375 1207 virtutem

55 1237 124 1291 tis
155 1236 270 1294 Dei
296 1238 530 1304 iunctus,
564 1241 849 1296 veritatem
880 1240 1130 1310 gentibus
1160 1240 1496 1306 revelasset,
1532 1240 1674 1296 mul-
1777 1242 2086 1311 imitantur;
2151 1245 2315 1301 habet
2352 1245 2637 1315 imperium
2681 1253 2844 1316 atque
2894 1244 3159 1301 honorem
3188 1287 3205 1311 ,
3248 1260 3372 1301 cum

50 1336 280 1385 taretur
305 1331 469 1387 etiam
522 1343 719 1396 morte,
753 1340 813 1387 ut
850 1330 1057 1387 inferos
1100 1346 1316 1402 quoque
1346 1334 1588 1389 vinceret
1615 1348 1678 1389 ac
1779 1349 1971 1393 omnes
2000 1337 2170 1393 tribus
2210 1348 2371 1394 terra:
2415 1337 2699 1408 praeceptis
2725 1337 2844 1408 ejus
2869 1337 3289 1407 obtemperant:
3320 1346 3377 1394 et

48 1420 574 1493 resignaret,atque
594 1424 665 1477 ita
683 1422 901 1478 demum
918 1423 1301 1493 resurgens,ad
1320 1423 1534 1480 Patrem
1552 1439 1674 1491 DPO-
1780 1428 1922 1486 idem
1971 1440 2157 1499 postea
2208 1446 2330 1487 cum
2379 1447 2569 1488 rursus
2597 1431 2881 1487 advenerit
2911 1432 2965 1486 in
3013 1440 3284 1501 potestate
3313 1446 3379 1489 ac

46 1512 410 1570 ﬁcisceretur
439 1514 495 1569 in
526 1515 949 1585 nubejsublatus.
980 1514 1198 1585 Adjecit
1216 1516 1362 1571 enim
1393 1518 1674 1587 propheta,
1781 1522 2044 1586 claritate,
2073 1532 2133 1578 ut
2159 1538 2374 1579 omnem
2407 1525 2639 1578 animam
2658 1523 2892 1593 judicet,
2918 1531 2974 1578 et
2993 1522 3172 1593 justos
3213 1522 3377 1579 resti-

42 1604 577 1677 etait:Etusquead
593 1609 874 1679 antiquum
890 1607 1100 1663 dierum
1119 1608 1382 1679 pervenit,
1402 1618 1454 1665 et
1469 1610 1680 1666 oblatus
1785 1623 1899 1668 mat
1920 1614 1983 1669 ad
2016 1614 2199 1679 vitam,
2231 1625 2355 1671 tunc
2386 1631 2514 1672 vere
2543 1615 2711 1670 totius
2758 1623 2917 1670 terra:
2954 1614 3200 1685 regimen
3232 1613 3376 1670 obti-

43 1702 118 1750 est
155 1695 260 1752 ei.
289 1695 584 1770 Autiquum
613 1698 823 1756 dierum
845 1699 1139 1771 appellavit
1168 1701 1334 1757 Deum
1356 1717 1626 1757 summum
1654 1745 1669 1770 ,
1702 1706 1751 1766 B
1779 1706 1959 1772 nebit;
2007 1716 2133 1763 tunc
2180 1708 2393 1764 sublato
2419 1708 2488 1764 de
2518 1707 2681 1763 rebus
2710 1707 2959 1762 humanis
3003 1707 3153 1761 omni
3187 1687 3375 1774 malo:

42 1784 221 1855 cujus
250 1794 407 1853 tetas,
439 1798 495 1843 et
524 1789 679 1860 origo
723 1805 828 1846 non
878 1800 1059 1861 potest
1084 1793 1511 1863 comprehendi;
1543 1794 1671 1863 quia
1778 1812 2007 1853 aureum
2027 1799 2287 1855 saeculum
2317 1803 2399 1871 (ut
2419 1809 2594 1870 poetae
2620 1797 2864 1870 vocant),
2897 1798 2950 1853 id
2982 1806 3064 1853 est
3075 1798 3283 1869 justum
3311 1813 3375 1855 ac

46 1877 217 1934 solus
244 1894 276 1932 a
296 1879 514 1935 saeculis
534 1879 655 1948 fuit,
681 1891 738 1936 et
765 1882 871 1938 erit
895 1898 1114 1952 semper
1144 1882 1199 1937 in
1231 1883 1448 1938 saecula.
1481 1882 1671 1940 Chris-

50 1979 159 2026 tum
203 1980 389 2027 autem
418 1981 542 2043 post
573 1975 878 2042 passionem
896 1988 960 2030 ac
990 1976 1442 2030 resurrectionem
1473 1990 1668 2031 ascen-

51 2078 257 2121 surum
273 2079 395 2122 esse
435 2065 503 2121 ad
530 2066 702 2123 Deum
735 2075 965 2137 patrem,
1001 2067 1169 2123 David
1200 2069 1254 2124 in
1300 2069 1508 2139 psalmo
1537 2084 1671 2126 cen-

53 2156 270 2213 tesimo
291 2172 437 2215 nono
463 2166 799 2215 contestatus
824 2166 910 2215 est
937 2157 1023 2215 his
1050 2159 1235 2216 verbis
1262 2178 1275 2215 :
1308 2158 1456 2216 Dixit
1486 2160 1670 2217 Domi-

53 2266 147 2306 nus
196 2250 420 2306 Domino
451 2267 580 2316 meo,
614 2251 735 2307 sede
756 2269 786 2305 a
812 2252 1007 2308 dextris
1022 2254 1147 2307 meis
1162 2268 1185 2318 ;
1217 2255 1547 2324 quoadusque
1567 2272 1662 2326 po-

52 2356 191 2395 nam
229 2341 455 2397 inimicos
484 2351 597 2397 tuos
622 2343 1010 2416 suppedaneum
1057 2344 1246 2414 pedum
1291 2355 1520 2401 tuorum.
1569 2347 1669 2414 Qui

55 2437 360 2510 propheta,
408 2452 533 2494 cum
560 2453 655 2494 rex
686 2446 853 2506 esset,
888 2454 1047 2509 quem
1092 2438 1366 2509 appellare
1393 2439 1672 2496 dominum

56 2544 246 2585 suurn
266 2539 459 2601 posset,
483 2530 575 2602 qui
596 2530 812 2586 sederet
840 2531 907 2585 ad
933 2530 1211 2587 dexteram
1233 2531 1347 2598 Dei,
1378 2532 1479 2587 nisi
1498 2531 1676 2588 Chris-

60 2632 189 2680 tum
229 2623 412 2680 Filium
449 2624 563 2689 Dei,
598 2625 689 2695 qui
717 2631 800 2680 est
831 2638 924 2679 rex
953 2638 1162 2695 regum,
1195 2633 1248 2678 et
1275 2622 1530 2679 dominus
1577 2622 1676 2678 do-

61 2715 390 2773 minorum?
413 2715 568 2786 Quod
591 2717 778 2771 Esaias
807 2716 1047 2786 apertius
1068 2715 1309 2772 ostendit
1332 2714 1520 2771 dicens
1546 2732 1560 2767 :
1587 2714 1678 2769 Sic

62 2811 216 2865 dicit
256 2809 500 2865 Dominus
526 2808 667 2863 Deus
709 2805 913 2864 Christo
940 2808 1147 2863 domino
1196 2824 1330 2876 meo,
1360 2809 1512 2878 cujus
1536 2808 1679 2863 tenui

66 2902 376 2968 dexteram;
430 2901 677 2956 obaudire
702 2908 823 2955 ante
848 2916 966 2954 eum
993 2908 1167 2971 gentes
1205 2899 1415 2970 faciam,
1450 2908 1496 2954 et
1524 2900 1678 2972 forti-

66 2996 313 3051 tudinem
329 3011 502 3067 regum
525 2995 869 3064 disrumpam.
887 2993 1131 3065 Aperiunt
1156 3002 1274 3046 ante
1299 2992 1451 3047 illum
1478 3001 1674 3063 portas,

1777 1889 2058 1958 paciﬁcum
2091 1900 2303 1962 tempus
2328 1893 2551 1947 orietur.
2578 1890 2684 1949 Sed
2712 1891 2831 1946 haec
2852 1890 3074 1947 uberius
3100 1890 3154 1945 in
3181 1890 3374 1949 ultimo

1775 1982 1914 2038 libro
1944 1984 2296 2053 disseremus,
2335 2000 2460 2041 cum
2511 1984 2580 2041 de
2617 1985 2857 2042 secundo
2900 1983 3135 2041 adventu
3178 1984 3369 2059 loque-

1775 2089 1897 2129 mur
1926 2093 1940 2129 :
1966 2091 2110 2132 nunc
2138 2075 2207 2133 de
2240 2077 2439 2148 primo,
2472 2087 2530 2134 ut
2558 2078 2848 2149 capimus,
2874 2078 3230 2149 explicemus.

2368 2212 2601 2270 CAPUT
2627 2213 2770 2271 XIII.

1848 2325 1925 2381 De
1954 2325 1985 2380 J
1994 2341 2082 2381 esu
2102 2324 2215 2381 Deo
2237 2336 2284 2381 et
2306 2327 2551 2393 homine;
2582 2338 2733 2399 atque
2759 2328 2823 2383 de
2851 2344 2911 2384 eo
2937 2328 3307 2401 prophetarum

2418 2420 2725 2474 testimonia.

1853 2530 2107 2587 Summus
2131 2531 2293 2602 igitur
2321 2531 2461 2585 Deus
2486 2545 2551 2585 ac
2583 2545 2783 2600 parens
2804 2530 3070 2598 omnium,
3095 2546 3219 2587 cum
3247 2530 3377 2587 reli-

1778 2622 1991 2694 gionem
2019 2637 2173 2677 suam
2200 2622 2498 2678 transferre
2525 2622 2817 2691 voluissetf,
2850 2622 3128 2679 doctorem
3155 2623 3378 2694 iustitia:

1779 2713 1928 2768 misit
1946 2728 1978 2769 e
2000 2714 2161 2781 coelo,
2186 2721 2245 2767 ut
2264 2713 2419 2769 novis
2444 2712 2747 2769 cultoribus
2777 2727 2975 2769 novam
3012 2714 3188 2784 legem
3218 2715 3271 2769 in
3310 2728 3379 2771 eo

1779 2805 1868 2861 vel
1895 2820 1995 2876 per
2015 2820 2137 2860 eum
2156 2805 2310 2861 daret
2336 2822 2352 2859 :
2380 2819 2491 2860 non
2512 2805 2656 2861 sicut
2680 2814 2806 2861 ante
2830 2805 3032 2862 iecerat
3063 2822 3157 2876 per
3196 2806 3376 2863 homi-

1781 2913 1937 2953 nem:
1961 2899 2057 2955 sed
2073 2908 2250 2955 tamen
2275 2898 2423 2955 nasci
2446 2914 2570 2954 eum
2594 2898 2762 2954 voluit
2785 2907 3057 2971 tamquam
3079 2900 3376 2967 hominem,

1782 3000 1839 3047 ut
1886 3006 1986 3062 per
2024 2991 2205 3046 omnia
2250 3005 2465 3046 summo
2512 2990 2659 3045 Patri
2690 2989 2888 3046 similis
2929 2991 3208 3048 existeret.
3262 2991 3382 3063 Ipse

65 3101 104 3145 et
123 3090 379 3145 civitates
402 3105 506 3144 non
532 3088 855 3143 claudentur.
888 3084 1005 3158 Ego
1025 3095 1145 3141 ante
1176 3097 1223 3141 te
1260 3085 1365 3154 ibo,
1406 3096 1454 3141 et
1483 3097 1676 3142 montes
1701 3089 1747 3153 C
1780 3088 1924 3142 enim
1954 3094 2108 3155 pater
2131 3085 2292 3146 Deus,
2324 3092 2380 3140 et
2399 3085 2570 3157 origo,
2596 3095 2651 3140 et
2682 3084 2999 3157 principium
3025 3102 3228 3153 rerum,
3255 3101 3382 3157 quo-

66 3182 400 3254 deplanabo,
434 3192 482 3237 et
522 3182 661 3252 {ores
708 3196 868 3236 (creas
898 3188 1178 3246 conteram,
1223 3189 1270 3234 et
1298 3196 1439 3235 seras
1479 3184 1674 3251 ferreas

64 3276 430 3347 confringam;
461 3283 509 3330 et
550 3272 682 3328 dabo
713 3273 801 3328 tibi
832 3273 1097 3328 thesauros
1121 3273 1444 3328 absconditos
1473 3282 1519 3328 et
1543 3273 1673 3329 invi-

1779 3182 1921 3235 niam
1952 3179 2264 3250 parentibus
2287 3188 2457 3244 caret,
2490 3179 2702 3255 ἀπάτωρ
2731 3189 2893 3249 atque
2923 3181 3142 3257 ἀμήτωρ
3172 3194 3201 3233 a
3225 3179 3382 3236 Tris-

1780 3272 2009 3345 megisto
2029 3270 2310 3328 verissime
2336 3270 2674 3337 nominatur,
2705 3270 2850 3342 quod
2878 3285 2948 3328 ex
2978 3271 3130 3328 nullo
3157 3272 3228 3327 sit
3247 3286 3380 3342 pro-

1419 3410 1785 3472 VARIORUM
1821 3411 2053 3469 NOTAE.

142 3552 239 3613 Ut
271 3554 495 3612 Christus
524 3554 600 3609 bis
630 3553 863 3608 adveniat
893 3553 947 3608 in
977 3559 1185 3617 terram,
1206 3560 1311 3608 etc.
1340 3552 1557 3608 Falsum
1582 3553 1685 3610 hoc

56 3636 195 3684 est.
229 3626 299 3682 Ita
322 3641 540 3683 sensere
566 3625 640 3680 illi
665 3639 802 3695 quos
837 3624 1167 3695 Millenarios
1189 3634 1422 3695 vocant,
1454 3640 1684 3693 quorum

56 3712 326 3768 errorem
348 3707 535 3768 postea
570 3693 925 3768 refutabimus
948 3693 1037 3768 ub_i
1067 3694 1417 3763 quaestionem
1441 3696 1588 3750 illam
1614 3711 1681 3751 ex

53 3767 333 3843 professo
350 3764 605 3823 tractabit
633 3766 960 3821 Lactantius.
994 3764 1277 3821 Cumas.

139 3859 326 3916 Carne
351 3859 495 3914 indui
519 3857 724 3913 haberet
753 3858 805 3910 in
846 3868 1005 3912 terra.
1034 3856 1162 3910 Mss.
1193 3855 1343 3921 Jun.,
1375 3857 1398 3911 1
1436 3853 1617 3922 Colb.,
1650 3859 1673 3912 1

54 3932 176 3988 Cla
190 3947 325 3985 rom.
352 3940 407 3986 et
430 3930 562 3985 edit.
589 3928 739 3990 Ald.,
773 3926 1002 3997 Graph.,
1028 3926 1203 3986 Crat..
1229 3943 1381 3981 carne
1407 3928 1557 3981 indui
1584 3930 1679 3982 de-

56 4006 231 4059 beret
254 4004 308 4057 in
330 4010 485 4057 terra.
512 3999 618 4056 Sed
648 3999 854 4054 haberet
896 4014 1020 4054 vera
1072 3999 1253 4064 lectio,
1286 4014 1406 4068 qua:
1436 3999 1675 4054 ninnium

52 4075 318 4129 aliorum
337 4072 582 4129 codicum
613 4072 965 4125 conﬁrmatur
992 4070 1333 4136 auctoritate,
1364 4077 1419 4124 et
1448 4069 1679 4125 Lactan-

54 4147 129 4200 tii
179 4142 322 4199 infra
345 4159 463 4214 cap.
484 4145 576 4209 50,
596 4141 1172 4214 paulopostinitium,
1202 4150 1257 4214 et
1287 4142 1379 4214 lib.
1411 4156 1519 4214 ⁸γη,
1555 4156 1673 4210 cap.

50 4218 85 4272 6
96 4257 123 4287 ι
168 4224 304 4270 ante
324 4211 751 4287 [inetur-ludat
767 4212 999 4287 haberet.
1016 4211 1183 4287 Lego,
1213 4211 1387 4281 inquit
1408 4211 1679 4287 Heuman-

51 4283 220 4351 nbs,
250 4286 463 4351 deberet,
486 4284 624 4340 utin
664 4284 801 4339 1515
827 4291 882 4337 et
910 4285 1070 4338 1515.
1105 4283 1200 4337 Hic
1226 4294 1310 4337 est
1338 4286 1511 4353 stylus
1545 4283 1678 4338 Lac-

52 4357 251 4413 tantii
286 4367 336 4413 et
380 4356 716 4420 Scriptorum
749 4368 1046 4408 sacrorum.
1093 4353 1245 4409 Lact.
1277 4353 1314 4406 l.
1366 4369 1440 4419 iv,
1476 4369 1525 4409 c.
1554 4356 1625 4412 20
1660 4372 1674 4410 :

1792 3551 1947 3621 Reg,
1992 3551 2028 3604 2
2055 3549 2308 3621 (ἑοιὶηξιοιἑ
2349 3565 2460 3605 rec.
2501 3559 2559 3606 et
2600 3549 2668 3606 12
2707 3551 2954 3621 vulgatis.
2999 3553 3092 3609 Est
3129 3555 3183 3610 in
3232 3564 3382 3613 textu

1791 3618 1955 3695 ﬂebr.
2007 3630 2062 3676 et
2103 3620 2243 3695 apud
2275 3618 2660 3695 septuaginta;
2698 3630 2763 3695 et
2785 3618 2925 3695 mss.
2981 3623 3378 3695 Lipsiensibus,

1786 3692 1900 3764 Ego
1917 3701 2034 3775 ante
2053 3708 2166 3815 eight
2179 3691 2282 3745 ibo.
2305 3692 2372 3746 Et
2397 3707 2522 3746 mox
2549 3701 2672 3762 post
2689 3692 2984 3758 invisibiles,
3012 3691 3123 3749 Lxx
3151 3691 3378 3764 addunt,

1786 3780 2015 3815 anenam
2044 3773 2081 3815 Ιι
2115 3779 2153 3814 ι.

1786 3763 2015 3818 aperiam
2044 3763 2153 3816 tibi.

1820 3783 2314 3902 Ρῖΐὺῗιπιῗῖεήαηι
2353 3841 2502 3901 atque
2533 3833 2797 3905 honorem.
2839 3833 2914 3889 Ita
2943 3848 3076 3890 mss.
3110 3835 3380 3905 antiquis-

1787 3905 1911 3978 simi
1944 3915 1998 3978 et
2027 3904 2059 3958 7
2090 3904 2229 3978 typis
2256 3906 2552 3978 excusi.At
2579 3904 2862 3978 scripti_l7
2891 3921 3001 3978 rec.
3044 3913 3101 3978 et
3128 3904 3327 3978 vulgati
3350 3908 3383 3961 7

1783 3976 1933 4031 habet
1957 3973 2253 4045 imperium,
2282 3973 2431 4029 habet
2454 3977 2717 4029 honorem.
2742 3974 2868 4032 Haec
2882 3977 3068 4032 ultima
3086 3973 3249 4033 lectio
3273 3994 3382 4035 non

1781 4056 1934 4103 caret
1961 4046 2249 4117 elegantia,
2281 4061 2452 4117 eaque
2482 4045 2858 4102 Lactantiana.

1853 4116 2349 4189 Rursus’aduenerit.
2369 4116 2576 4172 Rursus
2604 4117 2669 4189 ad
2692 4118 2966 4189 ingenium
2993 4120 3132 4175 redit
3152 4119 3385 4177 Lactan-

1782 4189 1888 4244 tius
1908 4205 1923 4264 ς
1944 4198 2109 4264 atque
2132 4188 2325 4264 iterum
2348 4191 2584 4264 somniat
2611 4188 2679 4243 de
2706 4188 2875 4261 regno
2898 4191 3051 4247 mille
3088 4206 3381 4264 annorum,

1782 4261 1923 4332 quod
1944 4260 1995 4314 in
2030 4270 2208 4315 mente
2229 4260 2483 4314 habebat.

1857 4352 2070 4409 Summo
2127 4351 2280 4406 Patri
2315 4352 2519 4424 similis.
2557 4352 2688 4424 Mss.
2744 4352 3078 4420 Lipsienses,
3128 4356 3153 4409 1
3195 4356 3380 4424 Colb.,

55 4397 251 4495 ὅὶἱᾶἱὶ
273 4397 1440 4495 5e}EEiiiiIinliriZZtZS-Efi66336356?
1458 4397 1679 4490 ῤ’ἱωῖἰλ
1706 4397 1759 4457 1)
1787 4397 2153 4489 suiSui-"Gn;
2177 4397 2519 4478 ἔὶιίἱιηὶἴὶὶὲῐ
2547 4397 2715 4477 iiiis}.
2744 4397 3384 4495 niz'ssizai’.s.mn‘a's

54 4503 312 4554 Issenses
332 4500 568 4553 haberent
597 4498 831 4550 existere.
858 4495 1220 4550 Tcrtullianus
1234 4495 1301 4550 de
1322 4496 1684 4552 VclandaVir-

52 4573 123 4641 gi
134 4584 222 4641 ne
234 4583 285 4623 c.
300 4570 352 4625 5:
374 4569 449 4624 De
461 4587 564 4641 qua
581 4567 815 4641 Christus
835 4567 978 4641 nasci
1002 4568 1236 4641 habebat,
1255 4581 1307 4622 c.
1330 4566 1392 4641 11
1415 4584 1428 4622 :
1446 4566 1686 4641 Respon-

56 4636 210 4697 Heri
233 4656 295 4695 ex
313 4636 518 4695 aduerso
540 4639 775 4693 habebat.
790 4636 870 4691 Ad
880 4653 1017 4692 vers.
1042 4638 1068 4693 J
1079 4638 1261 4692 udmos
1285 4656 1298 4691 :
1325 4637 1456 4691 Dari
1475 4637 1687 4693 habebat

58 4713 451 4777 circumcisio;
479 4727 529 4766 c.
556 4710 621 4765 8:
652 4709 1004 4764 Exterminari
1033 4708 1235 4762 haberet
1257 4724 1276 4773 ;
1297 4724 1418 4777 cap.
1452 4710 1549 4763 Il:
1578 4709 1686 4763 Ha-

61 4782 246 4837 bebat
271 4783 526 4866 serpungi,
558 4797 677 4866 cap.
712 4782 823 4866 tan:
843 4781 1073 4866 Agnosci
1095 4780 1278 4866 habet;
1308 4780 1373 4833 de
1414 4779 1691 4866 [inplist

64 4869 218 4925 cap.
266 4840 368 4909 16':
406 4840 573 4907 Habet
602 4840 750 4922 tingi.
786 4851 858 4905 De
882 4840 1058 4906 Carne
1101 4851 1227 4903 Chr.
1261 4840 1381 4932 cap.
1403 4851 1445 4930 .7
1481 4840 1692 4933 {Nasci

72 4925 333 4992 haberet;
358 4926 577 4982 Resurr.
601 4925 762 4979 Carn.
787 4937 904 4992 cap.
940 4922 1040 4977 M:
1076 4920 1276 4975 [labent
1296 4921 1541 4989 judicart.
1579 4922 1689 4977 Bu-

76 5012 303 5055 NBIAN.

169 5090 348 5161 Usque
369 5089 748 5161 adantiqnum.
777 5085 997 5161 Sublac.
1022 5086 1260 5161 et_\len_:_
1291 5085 1427 5140 1471
1460 5105 1473 5141 :
1522 5085 1694 5161 Usque

88 5156 488 5234 antiquum.Ut
513 5156 693 5234 notavi
722 5159 786 5213 ad
812 5158 904 5212 lib.
938 5175 976 5222 ι,
1003 5157 1178 5234 0.22,
1211 5156 1297 5211 hic
1328 5171 1435 5234 non
1481 5157 1690 5234 probo;

90 5226 300 5294 habent
321 5233 465 5289 enim
497 5230 687 5300 reliqui
704 5244 894 5300 omnes
925 5246 937 5280 :
964 5230 1134 5282 variat
1166 5238 1343 5300 tamen
1367 5226 1453 5300 hjc
1481 5229 1535 5282 in
1568 5244 1692 5284 ver-

94 5307 194 5365 bis.
228 5304 357 5361 Vid.
376 5316 560 5372 supra,
577 5297 734 5369 neque
759 5299 827 5372 ad
848 5309 1095 5354 vetustum
1114 5298 1351 5372 dierunn
1369 5297 1690 5369 Cyprianus,

94 5378 126 5433 Ι.
158 5396 201 5437 η
236 5375 392 5433 Test.
422 5370 518 5441 26,
549 5388 709 5442 usque
730 5370 799 5424 ad
826 5380 1044 5424 ueterum
1088 5370 1303 5442 dierum.
1337 5370 1467 5424 Buu.

153 5448 383 5511 Esaias.
412 5445 599 5513 Capite
618 5440 958 5498 scilicethv.
984 5444 1051 5496 At
1067 5441 1310 5510 quamvis
1326 5442 1441 5513 haec
1465 5440 1696 5511 prophe-

93 5523 154 5582 tia
187 5522 348 5592 Cyro
371 5510 699 5592 nominatim
719 5512 1038 5592 conveniat,
1079 5521 1315 5567 attamen
1355 5510 1694 5582 aliquatenus

86 5608 209 5655 eam
239 5582 472 5647 Christo
498 5584 732 5653 theologi
763 5582 1088 5653 adjudicant.

152 5666 284 5738 Ego
309 5668 436 5738 ante
456 5667 501 5713 te
525 5658 632 5738 ibo.
665 5655 995 5738 Sictreposui
1026 5669 1097 5738 eis,
1123 5653 1370 5738 omnibus
1416 5654 1529 5738 fere
1559 5668 1691 5738 mss;

78 5723 305 5807 acuat.
346 5730 483 5790 edit.
525 5727 711 5798 Rom.,
751 5723 977 5795 Golian,
1027 5723 1239 5782 Walcb.
1293 5725 1458 5783 Deest
1499 5734 1548 5782 te
1576 5725 1632 5783 in
1659 5725 1696 5784 3

1789 4495 2131 4565 intelligenda
2146 4504 2228 4549 est
2245 4509 2351 4549 non
2370 4494 2674 4565 consistens
2685 4493 3076 4565 accidentibus,
3097 4510 3216 4564 quae
3239 4497 3385 4553 nulla

1789 4568 1844 4622 in
1877 4563 2041 4621 Deum
2068 4565 2289 4629 cadunt,
2318 4564 2411 4620 sed
2437 4565 2694 4619 essentia.
2726 4563 2956 4619 Videtur
2982 4563 3128 4619 enim
3160 4569 3383 4623 omnino

1790 4639 1847 4693 r6
1872 4639 2134 4710 ὀμρούσιᾳν
2156 4637 2296 4692 velle
2316 4634 2679 4710 constituere,
2701 4634 2844 4705 quod
2875 4645 3063 4705 postea
3080 4636 3133 4710 in
3165 4637 3383 4710 Nicmna

1791 4707 2001 4774 synodo
2031 4709 2131 4763 fuit
2154 4708 2505 4763 constitutum
2535 4723 2549 4759 :
2576 4719 2773 4774 nempe
2795 4716 2850 4758 ut
2872 4715 3058 4761 contra
3082 4707 3314 4763 Arianos
3329 4719 3386 4765 et

1792 4775 1927 4835 alias
1950 4779 2181 4855 hzereses
2202 4778 2593 4855 conﬁterentur
2616 4818 2631 4841 ,
2656 4775 2855 4855 _'tna-oﬁa
2899 4780 3119 4855 Χριστὸν
3157 4780 3265 4855 υἱὸν
3293 4788 3383 4836 τσῦ

1793 4857 1942 4918 Θεοῦ,
1972 4850 2265 4925 γεννηθέντα
2286 4850 2339 4902 ἐκ
2364 4854 2471 4925 ⁸ἰ’θῦ
2505 4849 2704 4925 Πατρός
2745 4849 3004 4925 μονογεῦἦ,
3040 4852 3305 4925 τουτέστιν
3330 4855 3387 4909 ἐκ

1793 4932 1886 4997 τῆς
1911 4920 2186 4997 obuias-cor?
2216 4920 2432 4997 ἰξατρός)
2461 4920 2584 4997 ῷεὸν
2616 4920 2679 4975 ’ἐκ
2703 4924 2967 4997 Θεξτξκκαὶ
2993 4928 3096 4995 φῶς
3117 4924 3384 4997 ἐζ-φῳτὸς,

1794 4994 1897 5048 θεὸν
1921 4992 2137 5051 ἀληθινὸν
2162 4992 2217 5046 in
2236 4989 2347 5045 θεοῦ
2373 4990 2619 5057 ἀληθινοῦ,
2647 5000 2752 5046 etc.
2781 4989 2905 5045 Fuit
2931 4989 3112 5048 autem
3138 4989 3386 5051 Christus

1798 5064 2001 5119 homini
2028 5063 2188 5131 etiam
2218 5062 2288 5115 ita
2315 5061 2530 5127 similis,
2554 5070 2612 5117 ut
2630 5069 2880 5131 peccator
2901 5063 3195 5120 videretur.
3223 5065 3380 5120 Rom.

1796 5150 1918 5206 vni:
1945 5132 2082 5206 Deus
2112 5130 2308 5206 Filium
2327 5132 2464 5186 misit
2490 5134 2545 5186 in
2572 5130 2961 5206 similitudinem
2975 5134 3146 5206 carnis
3166 5137 3383 5206 peccati.

1796 5205 1932 5261 Hinc
1963 5205 2123 5259 etiam
2156 5204 2332 5273 capite
2361 5203 2607 5272 sequenti
2629 5218 2697 5260 ex
2727 5203 3000 5259 Zachariae
3028 5203 3237 5261 visione
3259 5220 3383 5261 sor-

1797 5277 1936 5333 didis
1963 5275 2295 5332 vestimentis
2313 5274 2539 5331 amictus
2565 5283 2809 5346 apparet.
2838 5275 3167 5331 Bsrucews.

1870 5366 2103 5443 Ἀπὰτωρ
2119 5377 2271 5444 atque
2284 5370 2519 5444 ἀμῄτωρ.
2534 5365 2650 5444 Hoc
2676 5365 2816 5420 idem
2835 5364 3067 5444 Cy_r_ill_us
3090 5365 3387 5444 contra_Ju-

1798 5439 1998 5496 lianum
2014 5436 2217 5493 monet.
2238 5436 2390 5493 Pauli
2416 5436 2667 5506 epistola,
2690 5452 2810 5505 quce
2826 5436 2893 5492 ad
2909 5436 3167 5493 Hebraeos
3185 5439 3386 5507 scripta

1798 5518 1901 5575 est,
1917 5525 2038 5580 cap.
2056 5525 2154 5576 vn,
2179 5508 2406 5565 multum
2430 5508 2566 5564 lucis
2583 5508 2710 5563 hinc
2730 5508 2981 5580 acquirit;
3007 5523 3184 5580 neque
3201 5508 3284 5562 hic
3308 5510 3388 5563 lo-

1799 5597 1896 5638 cus
1922 5578 2041 5638 sine
2056 5581 2148 5635 illo
2170 5589 2317 5651 recte
2338 5580 2691 5651 intelligetur.
2712 5578 2881 5635 Docet
2895 5579 3037 5651 enim
3059 5578 3130 5633 ibi
3152 5580 3388 5651 Apostof

1800 5655 1884 5708 lus
1907 5695 1921 5717 .
1950 5667 2132 5723 regem
2164 5650 2346 5723 salem
2373 5648 2792 5723 Melchisedech,
2828 5649 2921 5720 qui
2950 5648 3097 5723 idem
3135 5650 3389 5723 altissimi

1801 5725 1899 5785 Dei
1916 5719 2167 5783 Pontifex
2195 5722 2316 5793 luit,
2350 5723 2405 5781 in
2433 5738 2498 5782 eo
2522 5721 2724 5782 Christi
2755 5719 2935 5795 typum
2958 5719 3214 5795 gessisse,
3245 5720 3392 5798 quod
