3770 6264
90 335 193 396 497

960 345 1165 405 LIBER
1198 349 1285 406 IV.
1328 352 1419 409 DE
1456 353 1646 412 VEBA
1679 355 2043 418 SAPIENTIA
2080 362 2168 420 ET
2206 364 2465 435 RELIGJ

3258 374 3367 432 198

87 454 468 562 cons-ilium‘de
517 471 583 514 eo
623 458 859 517 tollendo
905 466 1302 540 cruciandoque
1345 483 1605 544 ceperunt
1636 495 1651 532 :
1677 476 1734 537 A
1760 476 1863 533 illis
1891 491 2106 550 peccata
2136 491 2191 538 et
2220 483 2525 553 injustitias,
2573 493 2628 541 et
2667 500 2695 538 a
2730 486 2927 557 populo
2964 504 3098 560 pene
3128 489 3353 562 deserti,

85 546 215 619 quod
237 547 510 618 prophetae
539 551 712 608 multo
739 564 868 610 ante
893 554 1316 631 descripserant.

148 638 272 694 Nam
287 648 342 695 et
359 639 550 708 David,
570 644 622 698 in
646 646 909 718 principio
926 650 1263 711 Psalmorum
1286 657 1306 729 (
1316 657 1454 717 Psal.
1479 666 1521 736 ι)
1540 681 1667 722 suo-

82 749 211 801 rum,
239 735 525 804 providens
550 739 603 793 in
632 741 821 810 spiritu
851 754 1107 813 quantum
1134 747 1341 807 facinus
1369 755 1663 817 admissuri

80 834 267 891 essent,
298 825 515 883 Beatum
539 846 646 886 esse
674 833 769 901 ait,
799 836 888 905 qui
914 853 1017 893 non
1037 841 1217 897 abierit
1241 845 1295 899 in
1324 850 1540 906 consilio
1560 854 1663 908 im-

80 920 281 1016 piorum.
315 919 386 975 Et
414 920 670 1016 Salomon
696 927 749 982 in
776 929 915 985 libro
955 931 1246 1003 Sapientiae
1273 940 1416 1014 (cap.
1460 946 1544 1016 ιι),
1572 946 1658 1005 his

75 1010 234 1066 verbis
265 1026 391 1069 usus
415 1023 500 1071 est
525 1035 538 1072 :
564 1014 1030 1079 Circumveniamus
1049 1028 1272 1099 justum,
1302 1010 1545 1103 quoniam
1570 1040 1654 1095 in-

73 1104 226 1159 suavis
249 1114 323 1159 est
349 1107 518 1176 nobis,
551 1118 599 1164 et
627 1113 897 1183 exprobrat
922 1117 1068 1173 nobis
1098 1133 1309 1190 peccata
1338 1125 1462 1199 legis
1487 1145 1506 1184 :
1531 1149 1657 1201 pro-

73 1193 205 1249 mittit
227 1210 281 1250 se
298 1197 567 1254 scientiam
589 1199 686 1257 Dei
706 1203 906 1271 habere,
936 1216 984 1262 et
1005 1208 1172 1278 ﬁlium
1196 1211 1294 1268 Dei
1316 1233 1370 1270 se
1385 1193 1619 1277 nominat
1641 1241 1656 1279 :

71 1290 215 1360 {actus
242 1299 319 1345 est
358 1292 506 1349 nobis
532 1294 586 1349 in
629 1297 1001 1354 traductionem
1039 1304 1407 1374 cogitationum
1451 1323 1657 1369 nostra-

67 1398 159 1437 rum
183 1399 203 1436 :
228 1385 406 1454 gravis
430 1395 505 1441 est
520 1388 664 1442 nobis
690 1390 844 1445 etiam
862 1392 932 1446 ad
951 1393 1261 1465 videndum;
1284 1403 1526 1468 quoniam
1550 1405 1657 1461 dis.

62 1474 225 1529 similis
254 1485 331 1531 est
359 1478 483 1534 aliis
503 1480 607 1534 vita
634 1480 794 1549 illius,
832 1492 879 1538 et
902 1485 1182 1543 immutata
1210 1502 1328 1546 sunt
1353 1495 1449 1550 viae
1468 1497 1607 1553 illius
1638 1516 1656 1554 :

63 1577 307 1638 tamquam
335 1588 565 1644 nugaces
590 1575 829 1630 aestimati
857 1595 1030 1634 sumus
1058 1582 1123 1636 ab
1162 1599 1221 1638 eo
1252 1602 1264 1637 :
1299 1589 1521 1644 continet
1546 1607 1600 1646 se
1622 1610 1655 1648 a

61 1660 135 1715 viis
164 1664 385 1727 nostris,
414 1666 565 1737 quasi
587 1667 652 1721 ab
678 1669 1037 1739 immunditiis,
1069 1683 1118 1728 et
1142 1681 1353 1749 prwfert
1378 1683 1654 1739 novissima

1768 571 2020 627 concitati
2049 581 2172 629 sunt
2192 574 2259 630 ad
2285 591 2406 631 eum
2434 576 2754 631 necandum.

1836 661 2001 732 Cujus
2030 664 2109 719 rei
2139 664 2417 722 audaciam
2446 666 2593 722 dedit
2620 668 2727 723 illis
2755 668 3024 727 humilitas
3052 672 3188 743 ejus.
3220 674 3356 732 Nam

1768 769 1887 809 cum
1915 756 2175 826 legerent,
2206 774 2329 814 cum
2354 769 2551 831 quanta
2578 761 2773 816 virtute
2818 772 2872 817 et
2900 762 3144 820 claritate
3193 766 3362 823 Filius

1769 847 1862 903 Dei
1901 860 2156 905 venturus
2184 860 2328 907 esset
2358 869 2387 907 e
2432 854 2593 918 caelo,
2636 853 2820 909 Jesum
2864 867 3044 912 autem
3073 869 3363 915 cernerent

1765 943 2044 1013 humilem,
2076 946 2334 1015 quietum,
2367 948 2665 1013 sordidum,
2698 948 3001 1017 informem,
3038 966 3147 1006 non
3173 952 3364 1008 crede-

1767 1032 1899 1089 bant
1923 1032 2090 1089 ﬁlium
2123 1036 2214 1091 Dei
2242 1051 2383 1105 esse,
2438 1038 2749 1109 ignorantes
2791 1041 2927 1096 duos
2952 1041 3069 1112 ejus
3095 1043 3360 1100 adventus

1761 1141 1790 1179 a
1832 1128 2108 1198 prophetis
2153 1145 2274 1186 esse
2319 1132 2604 1201 prtedictos
2634 1152 2648 1188 :
2680 1135 2911 1204 primum
2960 1138 3012 1192 in
3058 1137 3361 1196 humilitate

1760 1220 1936 1273 carnis
1966 1221 2275 1290 obscurum,
2311 1224 2603 1280 secundum
2634 1226 2689 1281 in
2720 1226 3032 1285 fortitudine
3060 1233 3359 1303 majestatis

1759 1313 2121 1370 manifestum.
2154 1316 2230 1372 De
2262 1317 2436 1387 primo
2461 1318 2623 1374 David
2648 1320 2699 1374 in
2725 1321 2930 1389 psalmo
2957 1326 3355 1395 septuagesimo

1760 1408 1932 1478 primo
1961 1410 2039 1464 sic
2078 1411 2189 1465 ait:
2220 1410 2505 1468 Descendet
2525 1416 2653 1469 sicut
2674 1416 2847 1485 pluvia
2868 1418 2921 1471 in
2949 1417 3132 1485 vellus,
3155 1431 3201 1474 et
3224 1422 3357 1475 orie-

1759 1508 1843 1554 tur
1862 1502 1915 1556 in
1940 1502 2115 1557 diebus
2155 1506 2266 1575 ejus
2283 1506 2508 1578 justitia,
2551 1517 2599 1561 et
2628 1508 2944 1566 abundantia
2986 1515 3147 1584 pacis,
3192 1515 3355 1571 donec

1757 1595 2031 1650 extollatur
2070 1597 2213 1654 luna.
2242 1597 2393 1654 Sicut
2438 1601 2579 1656 enim
2630 1603 2830 1672 pluvia,
2877 1607 2920 1660 si
2959 1607 3252 1664 descendat
3300 1610 3356 1665 in

1757 1688 1947 1752 vellus,
1980 1690 2333 1748 animadverti
2366 1708 2473 1749 non
2519 1704 2714 1765 potest,
2758 1700 2879 1768 quia
2912 1703 3195 1772 strepitum
3244 1720 3354 1759 non

50 1753 310 1823 jsstorum,
345 1765 398 1861 et
423 1757 680 1828 gloriatur
704 1770 901 1830 patrem
929 1780 983 1819 se
1011 1765 1196 1821 habere
1235 1768 1420 1826 Deum.
1464 1772 1650 1831 Videa-
1752 1776 1918 1835 facit:
1944 1780 2014 1836 ita
2044 1779 2315 1839 Christum
2342 1785 2395 1840 in
2437 1753 2632 1842 teri-am
2662 1753 2793 1845 sine.
2819 1753 3135 1864 cujusquam
3168 1798 3350 1867 suspi-

58 1861 148 1899 πως
175 1860 297 1916 ergo
326 1848 377 1902 si
418 1865 678 1957 sermlqnes
705 1852 845 1909 illius
870 1857 975 1909 veri
1009 1858 1143 1924 sint;
1177 1869 1225 1913 et
1253 1870 1501 1920 tentemus
1529 1883 1645 1937 qua:
1672 1870 1721 1930 B
1746 1870 1903 1927 cione
1935 1884 2222 1931 venturum
2247 1892 2369 1933 esse
2387 1878 2540 1945 dixit,
2571 1890 2628 1934 ut
2642 1880 2907 1950 justitiam
2935 1885 3156 1941 doceret
3177 1896 3232 1942 et
3257 1848 3351 1957 pa—

58 1947 243 1991 ventura
262 1948 387 1993 sunt
414 1940 515 1995 illi.
543 1939 877 1999 Contumeliis
905 1955 953 2000 et
982 1952 1245 2005 tormentis
1271 1952 1641 2026 interrogemus
1742 1977 1881 2019 cem.
1912 1965 2100 2021 Esaias
2130 1984 2344 2039 quoque
2374 1970 2447 2026 ita
2480 1939 2696 2028 tradidit
2741 1974 2880 2045 (cap.
2913 1975 3027 2048 Lm)
3062 1998 3073 2031 :
3108 1939 3348 2046 Domine,

59 2045 150 2132 eum
288 2033 517 2087 sciamus
539 2036 870 2132 reverentiam
889 2037 1050 2132 illiut,
1079 2050 1127 2093 et
1152 2042 1421 2111 probemus
1440 2052 1638 2116 patien-
1737 2059 1852 2127 quis
1881 2060 2097 2115 credidit
2138 2064 2336 2117 auditui
2380 2075 2575 2132 nostro,
2616 2077 2662 2120 et
2707 2070 2970 2124 brachium
3008 2033 3226 2126 Domini
3263 2074 3351 2127 cui

60 2121 161 2174 tiam
184 2119 344 2187 illius,
388 2132 553 2178 morte
581 2125 879 2195 turpissima
918 2130 1309 2187 condemnemus
1337 2151 1470 2189 eum.
1510 2137 1635 2193 Haec

1808 2150 2010 2205 telatum
2045 2155 2156 2208 est?
2180 2154 2608 2213 Annuntiavimus
2636 2152 2809 2214 coram
2853 2162 2966 2232 ipso
3003 2163 3136 2217 sicut
3175 2166 3348 2236 pueri,

57 2216 394 2286 cogitaverunt,
424 2225 472 2271 et
503 2231 821 2276 erraverunt.
854 2220 1147 2279 Excwcavit
1186 2228 1320 2282 enim
1348 2230 1466 2285 illos
1501 2234 1633 2287 stul-

59 2308 149 2364 titia
169 2309 422 2381 ipsorum;
451 2320 502 2366 et
527 2315 817 2369 nescierunt
852 2327 1170 2373 sacramenta
1192 2317 1309 2374 Dei.
1338 2321 1528 2379 Nonne
1557 2325 1628 2380 ita

57 2403 309 2473 descripsit
337 2403 610 2461 nefarium
642 2408 773 2464 illud
800 2411 1083 2467 consilium
1112 2414 1182 2470 ab
1224 2415 1402 2487 impiis
1432 2418 1624 2475 initum

55 2504 209 2552 contra
236 2496 421 2564 Deum,
464 2507 530 2555 ut
557 2499 715 2570 plane
742 2503 1049 2562 interfuisse
1074 2507 1363 2565 videatur?
1405 2513 1569 2584 Atqui
1596 2530 1627 2571 a

56 2590 327 2661 Salomone,
360 2598 453 2664 qui
482 2594 603 2652 haec
627 2597 840 2664 cecinit,
875 2614 1046 2670 usque
1074 2602 1141 2657 ad
1173 2603 1225 2658 id
1248 2612 1484 2676 tempus,
1517 2624 1626 2678 quo

53 2694 173 2758 gesta
199 2701 276 2742 res
303 2696 403 2756 est,
438 2689 601 2745 mille
629 2706 693 2747 ac
718 2690 903 2748 decem
935 2695 1061 2749 anni
1090 2696 1324 2755 fuerunt.
1356 2700 1496 2757 Nihil
1527 2719 1626 2759 nos

52 2777 330 2849 afﬁngimus,
373 2779 525 2837 nihil
554 2781 825 2840 addimus.
853 2784 1136 2843 Habebunt
1166 2790 1303 2857 hzec,
1345 2793 1432 2863 qui
1476 2793 1622 2851 fece-

53 2881 182 2927 runt:
205 2871 460 2944 legebant,
508 2875 561 2930 in
590 2891 727 2948 quos
753 2879 870 2934 haec
900 2880 1043 2937 dicta
1075 2892 1218 2938 sunt.
1249 2884 1356 2941 Sed
1401 2896 1455 2942 et
1481 2905 1625 2947 nunc

52 2964 251 3020 heredes
279 2967 525 3025 nominis
551 2984 615 3026 ac
652 2971 877 3027 sceleris
904 2971 1118 3029 illorum
1161 2974 1279 3032 haec
1307 2987 1362 3033 et
1401 2979 1618 3047 habent,

52 3067 92 3114 et
114 3058 498 3117 damnationem
546 3078 697 3118 suam
729 3068 1113 3135 prophetarum
1146 3083 1279 3125 voce
1307 3072 1619 3141 praedictam

52 3152 322 3222 quotidianis
362 3154 703 3212 lectionibus
745 3171 1073 3227 personant;
1118 3176 1219 3217 nec
1248 3163 1539 3235 aliquando
1566 3168 1617 3223 in

1734 2250 1781 2295 et
1809 2241 1935 2295 sicut
1958 2243 2111 2298 radix
2136 2246 2188 2298 in
2215 2254 2350 2300 terra
2374 2250 2565 2303 sitienti
2591 2266 2610 2305 :
2639 2268 2741 2305 non
2772 2262 2844 2306 est
2870 2253 3039 2323 ﬁgura
3081 2255 3215 2326 ejus,
3248 2272 3341 2310 ne-

1730 2350 1828 2405 que
1851 2336 2092 2402 claritas;
2136 2349 2184 2392 et
2210 2341 2430 2395 vidimus
2458 2344 2626 2411 illum,
2668 2356 2715 2399 et
2746 2363 2848 2400 non
2887 2348 3062 2401 habuit
3095 2350 3342 2420 ﬁgurant,

1730 2444 1891 2499 neque
1914 2438 2142 2486 decorent
2164 2450 2178 2489 :
2204 2434 2291 2487 sed
2316 2435 2483 2506 ﬁgura
2506 2438 2614 2506 ejus
2639 2439 2748 2492 sine
2770 2441 2979 2506 honore,
3010 2450 3059 2495 et
3084 2440 3329 2508 deﬁciens

1731 2529 1915 2591 prwter
1949 2532 2157 2578 cwteros
2187 2525 2433 2580 homines.
2485 2526 2653 2582 Homo
2698 2530 2750 2583 in
2791 2530 2947 2601 plaga
2993 2533 3188 2601 positus
3231 2541 3330 2599 est,

1728 2616 1893 2670 sciens
1923 2618 2056 2687 ferre
2083 2618 2504 2686 imbecillitatem,
2534 2622 2653 2690 quia
2694 2639 2901 2677 aversus
2930 2632 3025 2689 est,
3056 2632 3105 2678 et
3133 2641 3235 2679 non
3262 2635 3334 2680 est

1727 2718 2067 2778 computatus.
2097 2707 2200 2762 Hic
2221 2723 2431 2780 peccata
2459 2723 2635 2768 nostra
2661 2723 2852 2784 portat,
2881 2727 2928 2770 et
2951 2732 3043 2783 pro
3073 2716 3217 2771 nobis
3253 2717 3338 2771 hic

1728 2800 1902 2867 dolet;
1928 2811 1974 2855 et
2005 2818 2096 2858 nos
2123 2804 2413 2873 putavimus
2433 2806 2602 2878 ipsum
2630 2824 2738 2862 esse
2760 2808 2812 2862 in
2839 2809 3033 2877 dolore,
3062 2819 3107 2864 et
3134 2809 3188 2864 in
3219 2811 3336 2879 pla-

1726 2911 1815 2966 ga,
1842 2906 1888 2949 et
1917 2897 1970 2950 in
1996 2899 2280 2954 vexatione.
2316 2898 2438 2970 Ipse
2478 2911 2648 2957 autem
2690 2904 2982 2959 vulneratus
3022 2914 3096 2958 est
3122 2913 3336 2976 propter

1726 2988 1959 3059 facinora
1975 3001 2172 3057 nostra,
2197 3000 2244 3044 et
2269 2992 2560 3061 inﬁrmatus
2581 2999 2653 3048 est
2675 3004 2881 3064 propter
2904 3006 3109 3065 peccata
3126 3003 3300 3049 nostra
3315 3010 3338 3048 .'

1725 3081 1957 3135 doctrina
1979 3085 2118 3150 pacis
2151 3094 2339 3138 nostra:
2357 3100 2510 3156 super
2529 3086 2676 3140 illum
2697 3103 2717 3151 ;
2743 3088 2899 3142 livore
2917 3089 3026 3160 ejus
3050 3104 3141 3142 nos
3161 3089 3335 3143 sanati

1722 3190 1918 3230 sumus.
1943 3174 2131 3232 Omnes
2148 3178 2275 3234 sicut
2291 3194 2405 3235 oves
2423 3181 2723 3247 erravimus,
2742 3192 2787 3235 et
2810 3181 2943 3236 Deus
2958 3182 3169 3237 tradidit
3184 3183 3327 3237 illum

52 3258 122 3300 θον
140 3260 294 3314 suum.
319 3263 437 3319 (lim
464 3262 613 3318 1³³1³3
640 3260 723 3305 θεῖ
752 3259 807 3306 ei
834 3250 947 3321 ipsa
978 3251 1340 3311 ἀθιηητιιῖοηῖε
1358 3299 1372 3322 .
1416 3257 1614 3315 admil-
1646 3246 1691 3310 (ἶ
1724 3285 1816 3338 pro
1842 3273 2269 3340 peccatisnostris.
2289 3273 2360 3330 Et
2381 3274 2584 3348 Sibylla
2602 3276 2792 3333 eodem
2812 3277 2975 3333 modo
2999 3278 3178 3334 locuta
3202 3286 3285 3333 est
3310 3295 3325 3331 :

184 3337 407 3361 1-----.”
436 3356 571 3361 -___-
608 3357 627 3361 _
661 3340 867 3361 ωηελ,
1068 3343 1088 3361 .
1150 3344 1162 3361 .
1218 3346 1229 3358 .
1428 3348 1441 3361 .
1574 3360 1577 3361 ν
2204 3351 2217 3361 .

57 3344 166 3392 tunt.
184 3337 413 3411 lncrepiti
431 3356 577 3413 ergo
604 3357 633 3396 a
660 3340 875 3398 Christo
895 3358 1041 3415 saepe
1061 3343 1231 3401 Judaei
1254 3348 1619 3418 exprobrante

1973 3390 2141 3440 οὶιτρὸς,
2162 3384 2309 3439 ἄτιμος,
2328 3386 2503 3444 ἄμορφος,
2531 3395 2569 3432 ιν
2592 3395 2749 3446 οὶιτροῖς
2774 3387 2906 3433 tanta:
2927 3388 3054 3432 δώσιι.

1353 3470 1720 3533 VARIORUM
1755 3476 1989 3536 NOTJE.

64 3578 251 3673 magif'l‘ri
272 3596 442 3673 fanum
466 3571 539 3636 ac
566 3581 831 3673 primorei.
844 3619 883 3673 ._.
914 3582 1276 3673 tradiderunt";
1304 3595 1361 3667 et
1386 3585 1618 3673 Cypria-
1719 3596 1997 3673 nesAediti.
2026 3597 2083 3653 In
2103 3600 2148 3673 fi
2177 3614 2311 3654 mss.
2341 3616 2458 3673 prec.
2488 3610 2572 3658 est
2594 3604 2785 3673 ipsum.

63 3664 142 3724 nus
176 3650 636 3724 Tertullianmnin
664 3652 889 3723 Apolog.
915 3668 1037 3724 cap.
1063 3654 1125 3709 21
1170 3672 1182 3708 :
1218 3650 1485 3714 Primores
1511 3657 1611 3713 Ju-

63 3718 268 3789 deorum,
291 3724 512 3795 reliqua.
542 3718 825 3779 Bassum.

118 3814 387 3891 cruciando.
414 3817 581 3891 Conf.
612 3832 730 3891 capi.
766 3817 1011 3891 18;_cap_.
1042 3817 1145 3883 Ὧς
1168 3819 1307 3890 Epit.
1338 3835 1459 3889 cap.
1514 3820 1614 3891 46,

65 3881 133 3960 l8.
156 3886 369 3960 illustrat
412 3890 631 3960 Lipsius
665 3881 756 3944 lib.
788 3906 823 3955 ι,
858 3889 926 3944 de
964 3881 1165 3954 Cruce,
1194 3881 1314 3959 cap.
1342 3881 1484 3955 ὄξει
1512 3881 1615 3947 (Σοί

65 3952 234 4031 lumbus
274 3960 335 4014 ad
379 3952 585 4015 libfde
634 3952 1039 4016 MarnPersec.
1071 3952 1191 4031 cap.
1235 3952 1291 4017 Ξ.
1335 3952 1614 4018 Boarium.

120 4026 172 4081 Et
193 4028 423 4105 Salomon
452 4032 504 4105 in
532 4031 663 4085 libro
701 4031 1002 4105 Sapientiae.
1036 4026 1392 4105 Hieronymus
1418 4034 1615 4090 corda-

66 4098 145 4175 tior
166 4104 452 4175 przefatione
471 4104 537 4175 _in
569 4098 850 4170 proverbia
886 4102 1187 4175 Salomonis
1216 4098 1299 4159 est
1322 4107 1338 4174 (
1360 4122 1477 4175 quae
1498 4106 1616 4174 cpio

26 4216 27 4223 .
63 4170 427 4251 stolacstdiii).
461 4173 635 4251 Liber,
667 4175 857 4251 inquit,
905 4170 1338 4251 ψευδεπίγρᾳφρς,
1379 4170 1473 4245 'qui
1516 4170 1618 4233 Sa-

65 4242 217 4309 pientia
245 4242 533 4300 Salomonis
574 4242 886 4309 inscribitur,
918 4242 1019 4316 'qui
1059 4242 1198 4317 apud
1222 4242 1469 4301 Hebrteos
1493 4266 1616 4303 nus-

65 4327 184 4380 quam
210 4326 297 4379 est,
336 4327 380 4371 et
421 4318 533 4383 ipse
576 4317 739 4387 stylus
781 4332 999 4388 graecam
1038 4319 1375 4388 eloquentiam
1400 4318 1616 4388 redolet,

65 4391 106 4458 et
124 4388 329 4458 nonnulli
354 4386 661 4458 scriptorum
687 4386 910 4443 veterum
938 4387 1069 4442 hunc
1096 4386 1204 4443 esse
1231 4387 1403 4444 Judaei
1428 4386 1615 4445 Philo-

65 4455 397 4525 nisnﬁirmant.
458 4455 604 4515 ‘BUN.

1795 3665 2054 3732 Quietum.
2085 3670 2255 3724 Abest
2279 3688 2309 3726 a
2339 3671 2372 3726 7
2400 3687 2531 3727 mss.
2562 3665 2676 3730 rec.

1796 3737 2097 3794 Sordidum.
2134 3741 2197 3794 ll.
2225 3741 2267 3813 Ι,
2296 3757 2402 3796 non
2433 3744 2698 3813 significat
2724 3747 3069 3813 immundum,
3090 3764 3191 3803 nec
3207 3764 3334 3803 ava-

1720 3823 1857 3872 rum,
1889 3824 2055 3879 parco
2081 3812 2410 3881 oppositum,
2439 3812 2499 3867 ut
2521 3830 2569 3867 c.
2596 3815 2647 3879 1,
2674 3815 2711 3868 l.
2740 3832 2814 3880 vr,
2839 3832 2888 3871 c.
2919 3818 3006 3882 14,
3035 3819 3127 3872 sed
3152 3821 3330 3872 obscu-

1721 3894 1857 3956 rum,
1887 3892 2252 3956 abutemptum,
2279 3884 2419 3938 haud
2454 3884 2653 3939 clarum
2682 3902 2702 3941 :
2723 3887 2864 3956 quod
2895 3898 3039 3956 patet
3070 3905 3134 3943 ex
3166 3890 3332 3945 citato

1726 3949 1872 4023 dicto
1902 3949 2096 4018 Esaiae,
2128 3971 2181 4007 n.
2216 3955 2308 4021 15;
2340 3964 2396 4010 et
2419 3956 2570 4010 Lact.
2604 3973 2677 4023 vr,
2706 3949 2756 4012 c'.
2789 3949 3036 4013 1-1.Buu.

1802 4020 1866 4075 In
1899 4024 2197 4103 humilitate
2223 4029 2414 4103 carnis.
2466 4020 2787 4103 Secundum
2813 4030 3042 4103 Tertull.
3093 4032 3325 4103 Apolog.

1727 4107 1846 4162 cap.
1896 4093 2010 4149 21:
2059 4094 2126 4149 In
2175 4096 2464 4152 humilitate
2509 4100 2814 4154 conditionis
2862 4093 3325 4158 Itunianw.'Laci.

1729 4164 1822 4236 lib.
1854 4182 1925 4229 tv,
1963 4182 2082 4236 cap.
2115 4169 2217 4233 14;
2247 4168 2402 4224 Cnnf.
2431 4185 2480 4223 c.
2513 4171 2742 4225 22:Cur
2761 4190 2815 4227 se
2844 4184 2947 4226 tant
2971 4174 3212 4228 humilem
3234 4176 3333 4229 im—

1730 4235 2062 4311 becillamque
2087 4239 2241 4308 fecit;
2267 4255 2386 4310 cap.
2419 4240 2489 4296 26
2516 4259 2528 4296 :
2567 4240 2791 4297 Humilis
2817 4244 3111 4311 advenerat,
3159 4256 3211 4299 ut
3234 4251 3333 4300 hu-

1728 4308 1931 4384 milibus
1958 4319 2006 4384 εί
2034 4310 2226 4384 inﬁmis
2256 4308 2403 4384 opem
2426 4317 2601 4382 ferret,
2624 4324 2728 4368 etc.
2757 4313 2940 4379 Conf.,
2972 4316 3008 4369 l.
3036 4308 3236 4384 tt,vcap.
3273 4319 3328 4383 1,

1727 4392 1777 4431 c.
1807 4378 1864 4443 ἓ,
1895 4395 1944 4434 c.
1975 4381 2016 4457 ξ
2034 4378 2167 4437 etc.
2195 4382 2259 4448 Δις
2290 4378 2336 4437 1.
2377 4378 2435 4448 v,
2464 4400 2513 4439 c.
2548 4384 2614 4438 14
2649 4404 2661 4439 :
2690 4385 2767 4439 Ab
2808 4378 3089 4440 humilibus
3126 4378 3196 4442 ad
3237 4378 3331 4457 po;

1728 4458 1911 4505 tentes.
1981 4452 2113 4508 Bun.

122 4523 345 4602 lusuavis.
378 4531 487 4586 llac
515 4545 650 4585 voce
677 4530 874 4602 passim
907 4531 1073 4585 utitur
1094 4531 1406 4588 Lactantius
1433 4532 1527 4588 lib.
1557 4549 1616 4602 ν,
1643 4523 1656 4582 ]

1808 4524 2242 4602 annuntiavimus,
2272 4533 2376 4580 etc.
2418 4524 2887 4602 Hebrmilegunt:
2921 4537 2967 4602 et
3007 4527 3234 4602 ascendit
3259 4529 3331 4582 si-

65 4609 176 4675 cap;
182 4600 228 4664 1,
252 4602 473 4675 Epitnm.
507 4617 629 4672 cap.
653 4602 799 4675 {ipset
821 4601 912 4675 δέ,
940 4603 1034 4656 lib.
1050 4601 1130 4675 _d_e
1155 4603 1232 4656 Ira
1262 4603 1355 4675 Dei
1382 4619 1501 4675 cap.
1525 4600 1617 4662 20.

144 4668 383 4735 Ωιιαεὶἀὸ
431 4668 791 4728 immunditiis.
849 4672 962 4727 Non
1013 4672 1266 4728 abhorret
1312 4668 1623 4731 Lactantius

66 4750 89 4789 a
113 4754 237 4815 voce.
267 4742 322 4797 L.
351 4760 423 4809 tv,
452 4761 571 4814 Cap.
604 4745 692 4809 17,
712 4744 786 4797 Ab
813 4744 1169 4799 immunditiis.
1188 4744 1401 4815 Lipsius
1425 4746 1491 4801 ad
1523 4747 1623 4803 Se-

68 4822 160 4890 nec.
182 4813 218 4890 l.
246 4830 299 4869 tu
320 4816 385 4890 d_e
406 4813 587 4883 lra,’c.
616 4816 709 4881 54,
735 4815 1120 4883 lmmunditias,
1150 4831 1214 4871 ex
1239 4813 1460 4890 antiquo
1483 4819 1623 4874 libro

66 4882 277 4939 malebat.
332 4887 463 4943 BUN.

125 4971 179 5026 Et
196 4976 428 5046 gloriatur
455 4990 652 5054 patrem
684 4978 869 5054 Deum.
903 4979 1196 5054 Ediderant
1224 4991 1416 5049 antea;
1447 4992 1495 5037 et
1520 4983 1625 5054 glo-

66 5043 402 5116 riatur'patrem
428 5043 482 5105 se
511 5051 695 5105 habere
736 5051 923 5106 Deum.
966 5053 1037 5107 At
1079 5043 1488 5116 antiquissimus
1520 5043 1620 5109 ἷξο-

64 5112 149 5197 dex
167 5112 392 5197 Tam-im,
415 5138 464 5176 c.
487 5122 579 5179 45.
607 5122 672 5176 Et
693 5123 945 5197 gloriatur
962 5133 1159 5193 patrem
1186 5112 1459 5179 Dominum
1490 5126 1625 5197 (legs,

68 5181 245 5261 Deum).
275 5181 467 5263 Atque,
500 5204 557 5249 ut
586 5181 834 5264 ego-edo.
869 5181 1004 5250 Βυά.

131 5277 259 5336 Mille
275 5299 331 5336 ac
356 5285 524 5340 decem
552 5287 692 5341 anni.
734 5285 830 5342 Sat
857 5294 1006 5340 recte
1033 5285 1099 5340 ad
1123 5295 1358 5341 mentem
1388 5286 1624 5342 chrono-

70 5345 395 5419 logitesacraa.
431 5357 687 5413 Salomon
734 5359 881 5413 enim
925 5356 1059 5412 obiit
1100 5373 1245 5411 anno
1288 5366 1412 5411 ante
1461 5374 1622 5412 teram

64 5426 297 5497 vulgarem
324 5426 445 5482 980.
478 5425 729 5485 Christus
768 5443 896 5484 vero
933 5429 1078 5483 cruci
1109 5429 1304 5483 afﬁxus
1332 5437 1414 5483 est
1435 5469 1447 5487 ,
1475 5427 1625 5497 juxta

60 5500 236 5566 vetere;
253 5496 496 5553 Ecclesiae
512 5502 794 5563 doctores,
809 5499 1017 5554 duobus
1033 5499 1275 5554 Geminis
1290 5496 1625 5566 consulibus,

61 5559 107 5612 id
130 5571 198 5615 est
225 5580 357 5620 anno
377 5566 701 5625 Christiana:
729 5559 851 5625 mra:
876 5570 967 5626 29.
996 5570 1145 5626 Hanc
1169 5586 1435 5627 summam
1460 5569 1506 5625 si
1533 5559 1629 5625 ad;

70 5628 229 5703 dasad
255 5651 368 5692 eam
388 5640 518 5703 980,
549 5642 746 5696 efﬁcies
774 5658 943 5697 annos
967 5642 1126 5699 1009.

136 5701 266 5761 Nihil
293 5701 543 5766 addimus.
567 5712 690 5769 Mss.
726 5714 842 5769 Em.
873 5722 929 5769 et
953 5713 1146 5779 Brun.,
1174 5712 1322 5768 Nihil
1344 5730 1434 5769 nos
1475 5712 1626 5768 addi-

75 5786 188 5826 ntus.

135 5844 312 5904 Iesum.
346 5851 414 5906 lta
444 5856 812 5927 quamplurimi
831 5863 886 5911 et
904 5854 1261 5927 antiquissimi
1284 5869 1413 5913 mss.
1440 5863 1494 5912 et
1512 5871 1627 5915 om-

1726 4600 1811 4645 cut
1836 4593 2106 4665 virgultum
2131 4612 2305 4649 coram
2332 4611 2408 4650 eo.
2427 4613 2530 4651 Lxx
2551 4607 2606 4651 et
2622 4593 2879 4666 Augusta
2902 4597 3330 4655 Annuntiabimus

1725 4679 1899 4738 coram
1940 4666 2050 4727 illo.
2092 4677 2144 4719 ut
2170 4668 2373 4738 infans.
2417 4666 2555 4736 Quid
2592 4668 2812 4721 multis?
2841 4668 3000 4738 Apud
3032 4669 3325 4725 humanttm

1721 4733 1982 4816 judicium
2012 4733 2302 4816 napédogmt
2324 4733 2723 4816 est,'s_un_1mam
2750 4733 3040 4816 potentiam
3067 4742 3118 4794 in
3146 4740 3326 4797 humi-

1726 4805 1874 4861 litate
1899 4805 2162 4876 quaarei'e.
2191 4808 2438 4864 Carualis
2467 4805 2776 4864 Judaeoruni
2799 4811 3061 4879 sapientia
3096 4821 3203 4866 tam
3232 4826 3324 4866 sa-

1725 4892 1827 4946 gax
1856 4894 1976 4951 non
2029 4890 2162 4945 erat,
2212 4890 2265 4935 ut
2310 4879 2633 4951 intelligeret
2676 4880 2929 4950 quidnam
2984 4883 3111 4938 illud
3160 4892 3325 4948 esset,

1726 4950 1866 5019 quod
1891 4949 2118 5006 Zachar.
2155 4949 2517 5019 praedixerat}
2551 4951 2665 5007 Rex
2699 4949 2820 5006 tuus
2860 4953 3008 5009 venit
3036 4955 3129 5010 tibi
3171 4970 3328 5010 man-

1724 5033 1929 5077 suetus.
2099 5021 2421 5077 Bsruwws.

1800 5090 1908 5147 Pro
1930 5093 2076 5164 nobis
2114 5093 2271 5149 dolet.
2306 5094 2550 5148 Restituo
2571 5108 2753 5149 veram
2775 5095 3059 5151 lectionem
3083 5111 3148 5152 ex
3174 5096 3323 5164 Lips.

1727 5163 2099 5237 te_rt.,ﬂGoth.,
2133 5164 2391 5229 Reimnt.,
2422 5164 2602 5237 Rost.,
2638 5164 2770 5219 Ven.
2797 5166 2957 5234 1171,
2982 5176 3209 5237 utraque
3233 5163 3325 5234 78,

1727 5235 1817 5299 93,
1850 5234 1941 5299 97,
1972 5237 2140 5291 Paris.
2164 5237 2330 5291 Torn.
2365 5236 2525 5303 1587,
2559 5236 2728 5298 1615,
2779 5234 3135 5292 conformem'
3160 5238 3324 5294 Hebr.

1726 5315 1781 5379 et
1809 5320 1947 5379 Lxx,_
1970 5307 2096 5359 item
2124 5307 2395 5379 Cypriane
2427 5309 2461 5361 Ι.
2498 5324 2556 5368 ιι,
2589 5308 2711 5379 adv.
2739 5307 2865 5362 Jud.
2894 5323 2944 5363 c.
2992 5309 3078 5363 15.
3112 5308 3325 5364 Recen-

1729 5377 1893 5431 tiores
1921 5376 2137 5450 Parrh..
2170 5376 2314 5450 Ald,
2363 5378 2597 5450 Gryph,
2630 5378 2885 5434 Thomas.
2932 5388 2986 5435 et
3025 5393 3173 5450 seqq.
3206 5382 3326 5438 sine

1729 5448 2053 5503 necessitate
2081 5464 2173 5517 pro
2205 5449 2348 5505 nobis
2375 5448 2456 5504 hic
2482 5451 2616 5503 dolet
2644 5450 2946 5506 ediderant.
2979 5450 3110 5506 Bura.

1798 5521 2038 5595 Οἰκτρός,
2064 5529 2171 5574 etc.
2200 5520 2387 5592 Sibyll.
2422 5522 2596 5576 Serm.
2623 5522 2677 5576 8.
2698 5521 2815 5577 Lat.
2849 5540 2863 5577 :

1729 5655 2047 5714 Miserahilis,
2094 5655 2446 5721 inhonoratus,
2494 5660 2602 5709 sine
2640 5660 2828 5724 Specie,
2877 5660 2926 5724 in
2965 5659 3330 5724 miserabilibus

2884 5721 3044 5787 (Spem
3062 5723 3324 5785 praebebit.

1729 5908 1733 5912 .
1801 5854 2006 5911 Ε’λπίδα
2055 5849 2226 5910 δώσει.
2256 5850 2333 5910 lta
2360 5867 2513 5929 'mss.
2543 5854 2674 5929 Reg.
2702 5853 2822 5912 Put.
2847 5863 2900 5914 et
2928 5855 2963 5912 5
2988 5856 3077 5933 ‘al.
3106 5856 3266 5930 Reg.,
3296 5857 3323 5912 1
