3786 6262
164 255 247 313 5‘2
258 261 276 314 Ι

1086 259 1295 319 LIBER
1333 258 1422 319 IV.
1465 261 1551 320 DE
1592 259 1780 320 VERA
1819 261 2190 323 SAPIENTIA
2219 260 2308 322 ET
2348 264 2576 322 RELIG.

3369 270 3475 326 5'22

160 392 335 447 quem
387 379 598 435 venisse
635 393 662 432 a
718 379 828 434 Deo
859 388 1077 451 negant.
1125 379 1416 451 Fingamus
1446 383 1677 453 aliquem
1703 381 1770 435 de
1797 381 1847 440 A
1877 379 2088 436 docenti
2122 381 2284 436 homo
2331 381 2408 436 sic
2461 377 2794 450 respondere
2825 395 2836 430 :
2871 377 3005 434 Volo
3054 379 3304 450 equidem
3356 399 3468 438 non

159 473 314 528 celo
337 488 460 529 esse
491 471 834 538 mittendum,
865 477 954 544 qui
985 475 1150 530 vitam
1185 476 1462 533 hominum
1494 476 1770 532 rudimen-

161 564 243 618 tis
283 565 502 620 virtutis
528 565 792 635 instituat,
817 575 872 622 et
899 568 964 622 ad
1009 568 1274 638 justitiam
1304 569 1519 624 formet.
1565 568 1773 624 Nemini

161 655 399 712 dubium
431 665 611 726 potest
637 672 783 725 esse,
811 658 944 728 quin
976 658 1023 714 is
1049 658 1262 728 doctor,
1295 660 1385 731 qui
1409 661 1623 716 caelitus
1650 660 1772 713 mit-

159 747 326 816 titur,
359 758 465 805 tam
514 751 741 806 scientia
780 752 849 806 sit
904 765 1086 807 rerum
1117 753 1357 809 omnium
1386 769 1546 824 quam
1577 755 1773 810 virtute

155 842 446 913 perfectus
473 860 486 910 ;
519 859 587 899 ne
616 843 752 900 nihil
777 845 918 902 inter
942 845 1225 902 caelestem
1257 855 1637 916 terrenumque
1666 847 1771 902 dif-

156 932 332 990 ferat.
375 933 508 990 Nam
541 935 594 990 in
643 935 864 992 homine
920 938 1130 994 interna
1184 947 1242 994 et
1281 939 1499 1010 propria
1526 940 1770 996 doctrina

155 1040 290 1081 esse
322 1027 471 1083 nullo
496 1036 654 1098 pacto
687 1038 886 1099 potest.
917 1029 1028 1087 Nec
1055 1030 1203 1087 enim
1252 1046 1408 1088 mens
1437 1032 1667 1088 terrenis
1689 1033 1768 1086 vi-

155 1117 416 1174 sveribns
439 1118 670 1188 inclusa,
693 1131 748 1175 et
779 1121 900 1177 tabe
921 1124 1170 1192 corporis
1194 1121 1472 1193 impedita,
1501 1133 1594 1178 aut
1619 1138 1770 1178 com-~

53 1262 90 1282 ,,
155 1213 515 1283 prehendere
543 1231 640 1285 per
671 1230 731 1272 se
759 1227 956 1288 potest,
985 1229 1076 1273 aut
1122 1233 1317 1289 capere
1336 1222 1640 1287 veritatem,
1669 1221 1769 1275 nisi

151 1307 386 1366 aliunde
411 1309 687 1366 doceatur.
727 1314 793 1367 Et
831 1313 876 1368 si
907 1313 1142 1370 maxime
1175 1314 1365 1384 possit,
1391 1331 1654 1372 summam
1689 1325 1770 1372 ta-

148 1417 291 1458 men
316 1404 572 1461 virtutem
602 1421 800 1477 capere
844 1417 1097 1479 nequeat,
1129 1417 1184 1464 et
1223 1409 1474 1465 omnibus
1504 1410 1652 1467 vitiis
1680 1426 1771 1467 re-

143 1495 382 1564 sistere,
414 1513 648 1567 quorum
673 1490 896 1554 materia
926 1501 979 1554 in
1011 1500 1311 1557 visceribus
1338 1503 1665 1559 continetur.
1692 1503 1771 1559 Eo

139 1585 238 1652 ﬁt,
270 1597 332 1643 ut
369 1597 619 1646 terrenus
665 1591 854 1647 doctor
883 1593 1152 1662 perfectus
1192 1609 1313 1651 esse
1344 1611 1450 1651 non
1479 1597 1666 1666 possit.
1701 1597 1774 1653 At

137 1694 300 1734 vero
329 1684 589 1746 caelestis,
620 1684 707 1739 cui
737 1685 1018 1741 scientiam
1063 1686 1342 1754 divinitas,
1393 1688 1641 1745 virtutem
1674 1690 1772 1744 ἱιιι-

1859 1763 2072 1770 ...ον-...-

1875 489 2099 545 peccare
2132 474 2262 539 ;sed
2294 474 2500 537 vincor;
2529 472 2748 526 indutus
2769 486 2887 526 sum
2917 471 3056 526 enim
3081 487 3241 528 carne
3273 473 3470 546 fragili,

1875 575 1930 622 et
1954 567 2222 622 imbecilla
2257 565 2411 632 ;hzec
2462 573 2567 632 est,
2592 581 2710 635 quae
2759 564 3112 634 concupiscit,
3140 583 3258 633 (iure
3287 567 3475 622 irasci-

1876 677 1984 732 tur,
2018 683 2136 738 qua:
2160 666 2329 732 dolet,
2353 681 2472 736 quae
2493 663 2632 719 mori
2659 665 2831 718 timet.
2857 661 3040 731 Itaque
3068 661 3235 716 ducor
3253 663 3468 731 invitus,

1875 771 1930 816 et
1961 776 2148 832 pecco,
2168 777 2274 816 non
2303 759 2424 830 quia
2448 759 2591 826 volo,
2610 757 2703 813 sed
2735 757 2857 827 quia
2883 773 3068 826 cogor.
3101 755 3287 812 Sentio
3313 773 3399 812 me
3419 766 3474 813 et

1875 853 1993 924 ipse
2022 869 2250 924 peccare
2278 872 2289 907 :
2323 852 2418 909 sed
2449 851 2743 908 necessitas
2772 850 3082 921 fragilitatis
3111 850 3360 922 impellit,
3385 853 3471 906 cui

1875 961 2177 1018 repugnare
2223 963 2328 1002 non
2381 960 2623 1017 possum.
2681 943 2820 1012 Quid
2869 943 2934 998 ad
2982 943 3098 999 hzec
3129 943 3474 1014 respondebit

1873 1052 2179 1114 praeceptor
2202 1041 2294 1096 ille
2308 1039 2567 1110 justitiae?
2583 1037 2854 1109 quomodo
2882 1035 3180 1092 confutabit
3205 1053 3267 1092 ac
3287 1036 3473 1092 redar-

1874 1147 2001 1210 guet
2031 1138 2327 1204 hominem,
2358 1135 2447 1206 qui
2475 1133 2687 1191 delictis
2715 1131 2826 1186 suis
2865 1131 3264 1188 excusationem
3296 1131 3472 1186 carnis

1874 1231 2154 1298 obtendet,
2180 1231 2280 1284 nisi
2310 1238 2365 1285 et
2391 1231 2504 1300 ipse
2530 1243 2695 1284 carne
2741 1225 2902 1281 fuerit
2932 1225 3170 1292 indutus,
3202 1236 3260 1280 ut
3282 1233 3468 1282 osten-

1874 1325 1985 1393 dat,
2016 1327 2177 1380 etiam
2217 1339 2436 1380 carnem
2460 1337 2621 1394 posse
2646 1336 2842 1391 capere
2862 1320 3114 1374 virtutem
3132 1319 3155 1372 ?
3175 1319 3439 1374 Contuma
3456 1350 3470 1362 -

1873 1418 1955 1472 cia
1981 1418 2124 1473 enim
2151 1416 2402 1488 redargui
2430 1429 2536 1471 non
2565 1423 2766 1485 potest,
2797 1412 2897 1467 nisi
2919 1411 3193 1481 exemplo.
3220 1411 3352 1467 Nam
3384 1411 3474 1467 ha-

1875 1508 2004 1566 bere
2048 1527 2155 1566 non
2185 1517 2426 1579 possunt,
2470 1523 2588 1579 quae
2643 1507 2860 1569 doceas,
2896 1504 3220 1569 firmitatem,
3276 1505 3378 1560 nisi
3408 1520 3473 1562 ea

1875 1602 2024 1673 prior
2053 1601 2277 1670 feceris;
2304 1602 2425 1672 quia
2455 1597 2946 1676 patinlhomjnum
2970 1597 3295 1672 proclivisuin
3319 1599 3468 1664 vitia,

1876 1690 3486 1767 ᾔρὲιῑιὼέιρρ-ηιρὼ,ἯιΨηῖρεέβᾲ,ειίέειΒ-ρυιῐι-ιῖτιέ,

135 1774 468 1829 mortalitas
497 1775 695 1841 tribuit,
729 1777 781 1831 in
813 1777 1060 1833 docendo
1101 1795 1333 1851 quoque,
1359 1780 1499 1836 sicut
1526 1782 1578 1835 in
1605 1792 1768 1837 cwte-
1801 1770 2024 1859 B_tione
2053 1802 2303 1860 peccare.
2329 1787 2554 1856 Oportet
2604 1786 2916 1854 magistrum
2948 1784 3333 1853 doctore-mque
3361 1785 3472 1838 vir~

149 1865 317 1933 leris,
353 1867 622 1936 perfectus
649 1878 704 1924 et
745 1881 1154 1928 consummatus
1188 1876 1257 1929 sit
1287 1890 1510 1930 necesse
1565 1885 1667 1932 est.
1700 1879 1769 1932 At

140 1956 206 2013 id
241 1959 470 2013 omnino
491 1957 608 2014 fieri
657 1976 764 2016 non
795 1972 990 2031 potest,
1022 1965 1124 2018 nisi
1167 1967 1396 2020 mortale
1425 1966 1525 2021 sibi
1570 1982 1768 2037 corpus

142 2060 419 2104 assumat.
444 2050 551 2105 Cur
578 2060 756 2107 autem
810 2054 925 2108 fieri
953 2071 1059 2110 non
1102 2058 1289 2128 possit,
1315 2059 1452 2113 ratio
1478 2059 1622 2116 clara
1661 2071 1763 2116 est.

143 2143 296 2200 Nam
325 2146 369 2199 si
419 2147 599 2200 veniat
647 2145 716 2201 ad
772 2146 1054 2216 homines,
1099 2160 1156 2204 ut
1199 2150 1361 2213 Dens.
1392 2160 1450 2207 ut
1497 2153 1762 2223 omittam,

147 2235 306 2306 quod
349 2236 603 2291 mortales
653 2237 795 2292 oculi
840 2240 1138 2296 claritatem
1169 2242 1466 2312 majestatis
1492 2244 1608 2313 ejus
1633 2261 1765 2301 con-

148 2327 373 2397 spicere
397 2342 460 2384 ac
482 2329 749 2386 sustinere
776 2346 882 2386 non
923 2343 1164 2402 possunt,
1187 2336 1301 2404 ipse
1323 2344 1471 2392 certe
1496 2337 1638 2392 Deus
1661 2339 1767 2394 vir-

151 2430 333 2477 tutem
357 2423 551 2478 docere
569 2439 674 2478 non
700 2426 917 2494 poterit,
943 2427 1064 2496 quia
1079 2443 1274 2497 expers
1291 2431 1533 2499 corporis
1562 2448 1666 2488 non
1688 2432 1768 2487 fa-

153 2515 294 2582 ciet,
309 2531 428 2586 quae
446 2515 680 2582 docebit,
698 2533 760 2574 ac
777 2534 872 2589 per
886 2518 989 2575 hoc
1005 2519 1248 2577 doctrina
1265 2523 1382 2594 ejus
1402 2525 1634 2595 perfecta
1663 2541 1767 2583 non

155 2609 289 2663 erit.
321 2609 533 2680 Alioqui
580 2610 627 2666 si
656 2626 865 2668 summa
889 2613 1057 2669 virtus
1085 2626 1188 2683 est,
1223 2617 1466 2674 dolorem
1501 2621 1771 2690 patienter

152 2699 485 2771 projnstitia
524 2701 815 2774 officioque
843 2704 1111 2773 perferre,
1144 2708 1188 2762 si
1220 2708 1388 2764 virtus
1413 2722 1517 2775 εει,
1542 2722 1769 2767 mortem

157 2794 338 2864 ipsam
380 2805 434 2849 et
460 2795 775 2852 intentatam
805 2813 910 2854 non
943 2809 1208 2867 metuere,
1242 2813 1297 2857 et
1328 2803 1529 2858 illatam
1564 2803 1773 2861 fortiter

157 2888 468 2957 sustinere;
501 2890 661 2946 debet
685 2907 816 2963 ergo
841 2895 1033 2950 doctor
1061 2895 1152 2950 ille
1179 2896 1472 2966 perfectus,
1499 2909 1554 2954 et
1578 2899 1772 2955 docere

155 2982 268 3038 ista
302 2983 687 3054 praecipiendo,
705 2996 760 3041 et
783 2987 1106 3044 confirmare
1125 2989 1369 3046 faciendo
1392 3008 1406 3058 ;
1427 2993 1548 3060 quia
1572 2994 1660 3063 qui
1682 2993 1773 3050 dat

167 3089 447 3149 prmcepta
494 3080 732 3145 vivendi,
783 3092 1066 3151 amputare
1115 3084 1278 3139 dehet
1306 3086 1544 3140 omnium
1575 3101 1769 3142 excusa

163 3173 374 3228 tionum
406 3175 541 3241 vias,
573 3185 631 3230 ιιι
675 3175 919 3247 imponat
950 3177 1256 3234 hominibus
1281 3179 1502 3250 parendi
1535 3181 1772 3237 necessi-
1800 3152 1845 3216 Ο

162 3276 360 3326 tatem.
391 3283 497 3324 non
526 3269 579 3323 vi
625 3269 824 3340 aliqua,
863 3270 956 3325 sed
991 3271 1215 3340 pudore,
1245 3281 1300 3326 et
1325 3282 1502 3329 tamen
1553 3274 1771 3330 liberta-

164 3373 274 3418 tem
302 3363 595 3434 relinquat,
627 3373 686 3418 ut
713 3375 767 3419 et
791 3366 1074 3436 praemium
1105 3365 1177 3420 sit
1196 3368 1548 3422 constitutum
1574 3385 1769 3439 paren-

162 3455 331 3521 tibus,
364 3454 490 3525 quia
546 3464 797 3525 poterant
839 3471 945 3511 non
1004 3472 1216 3528 parere,
1244 3459 1288 3512 si
1320 3459 1542 3524 vellent,
1569 3468 1623 3515 et
1662 3475 1769 3516 non

161 3548 483 3618 parentibus
536 3563 717 3619 paena,
751 3551 874 3619 quia
922 3558 1169 3618 poterant
1197 3566 1406 3620 parere,
1439 3551 1484 3605 si
1537 3552 1762 3607 vellent.

160 3641 454 3712 Quomodo
482 3657 610 3714 ergo
636 3643 835 3715 poterit
860 3645 1127 3714 amputari
1156 3644 1572 3707 excusatio,nisi
1600 3644 1771 3714 utqui

160 3734 346 3803 docet,
385 3734 543 3791 faciat
569 3751 687 3806 quae
717 3735 896 3800 docet,
927 3744 980 3790 et
1022 3735 1066 3790 si
1097 3736 1246 3804 quasi
1298 3736 1552 3805 pravius,
1572 3744 1625 3791 et
1654 3751 1773 3790 ma-

160 3844 293 3883 num
327 3827 571 3899 porrigat
620 3829 918 3884 secuturo?
972 3827 1427 3898 quemadmodum
1455 3836 1635 3883 autem
1678 3843 1772 3899 po-

161 3930 274 3977 test
301 3921 484 3976 facere
514 3938 633 3992 qua:
663 3922 845 3988 docet,
878 3921 922 3976 si
948 3937 1054 3977 non
1084 3923 1154 3976 sit
1179 3922 1372 3978 similis
1401 3925 1450 3977 ei
1479 3938 1638 3993 quem
1673 3923 1773 3978 do-

156 4014 468 4072 cet?Nam
521 4016 568 4071 si
621 4015 756 4072 nulli
785 4015 1061 4087 subjectus
1119 4017 1190 4072 sit
1233 4017 1694 4089 passioni,potest
1721 4019 1772 4073 ei

1873 1884 2003 1936 tutis
2026 1882 2228 1935 homini
2259 1881 2586 1934 simillimum
2626 1878 2762 1940 fieri,
2791 1888 2848 1931 ut
2872 1875 3137 1931 vincendo
3169 1884 3470 1945 peccatum,

1870 1971 2064 2028 doceat
2096 1971 2372 2027 hominem
2392 1971 2530 2025 vinci
2557 1969 2624 2024 ab
2650 1984 2715 2023 eo
2736 1983 2895 2039 posse
2925 1977 3224 2038 peccatum.
3259 1967 3316 2023 Si
3345 1983 3472 2024 vero

1871 2065 1942 2118 sit
1974 2065 2293 2118 immortalis
2318 2107 2332 2129 ,
2373 2064 2680 2130 exemplum
2713 2076 3016 2131 proponere
3070 2060 3272 2116 homini
3321 2062 3470 2117 nullo

1869 2157 2032 2212 modo
2058 2166 2253 2226 potest.
2281 2156 2488 2211 Existet
2511 2156 2655 2210 enim
2685 2165 2940 2211 constans
2971 2155 3184 2225 aliquis,
3204 2171 3266 2211 ac
3293 2157 3470 2213 dicet:

1870 2248 1948 2304 Tu
1973 2249 2190 2321 quidem
2215 2265 2320 2305 non
2350 2263 2563 2319 peccas,
2597 2248 2718 2318 quia
2751 2247 2887 2303 liber
2911 2263 2971 2304 es
2998 2248 3065 2302 ab
3089 2249 3192 2305 hoc
3220 2265 3469 2321 corpore;

1870 2361 1977 2399 non
2041 2343 2405 2414 concupiscis,
2457 2344 2579 2414 quia
2639 2343 2924 2398 immortali
2973 2343 3102 2397 nihil
3151 2353 3236 2400 est
3285 2360 3472 2400 neces-

1871 2437 2093 2491 sarium.
2131 2436 2258 2490 Mihi
2307 2450 2439 2490 vero
2484 2434 2666 2489 multis
2719 2435 2883 2489 rebus
2930 2449 3067 2503 opus
3091 2443 3194 2500 est,
3225 2445 3286 2490 ut
3320 2446 3473 2492 tuear

1873 2529 2014 2584 hanc
2043 2528 2228 2583 vitam.
2263 2527 2486 2582 Mortem
2519 2543 2625 2581 non
2650 2527 2827 2593 times,
2852 2527 2973 2595 quia
2994 2527 3173 2584 valere
3198 2528 3252 2583 in
3283 2539 3334 2583 te
3362 2545 3471 2586 non

1874 2628 2072 2692 potest.
2106 2619 2357 2673 Dolorem
2384 2619 2710 2683 contemnis,
2741 2618 2860 2688 quia
2886 2618 3085 2672 nullam
3117 2621 3220 2674 vim
3251 2622 3355 2690 pati
3381 2637 3474 2692 po-

1875 2727 1975 2770 tes.
2003 2714 2073 2770 At
2098 2728 2198 2782 ego
2240 2712 2485 2766 mortalis
2515 2722 2800 2782 utrumque
2832 2712 3015 2773 timeo.
3044 2715 3168 2784 quia
3200 2716 3471 2773 cruciatus

1876 2805 2007 2862 mihi
2036 2805 2386 2877 gravissimos
2418 2803 2658 2859 inferunt
2683 2846 2696 2865 .
2740 2821 2876 2873 quos
2905 2805 3141 2862 tolerare
3182 2809 3361 2864 carnis
3389 2810 3471 2863 in~

1879 2897 2104 2952 firmitas
2133 2912 2239 2951 non
2269 2904 2464 2966 potest.
2491 2895 2689 2951 Doctor
2711 2895 2889 2965 itaque
2915 2896 3130 2951 virtutis
3151 2897 3309 2953 etiam
3337 2900 3474 2955 hanc

1875 2991 2279 3047 excusationem
2335 2989 2522 3044 debuit
2566 2988 2876 3044 hominibus
2923 2990 3134 3046 auferre
3162 3009 3174 3056 ;
3206 3008 3272 3047 ne
3328 2995 3470 3061 quis,

1876 3083 2017 3154 quod
2051 3091 2253 3152 peccat,
2285 3082 2590 3137 necessitati
2620 3082 2796 3150 potius
2816 3082 3104 3143 adscrihat.
3127 3100 3283 3155 quam
3302 3086 3474 3156 culpa:

1877 3192 2009 3231 suae.
2065 3175 2212 3246 Ergo
2258 3183 2316 3229 ut
2348 3173 2617 3245 perfectus
2672 3189 2793 3230 esse
2840 3177 3027 3244 possit,
3061 3177 3189 3232 nihil
3237 3183 3284 3234 ci
3316 3179 3477 3235 debet

1877 3267 2077 3339 Opponi
2103 3267 2172 3322 ab
2201 3283 2267 3323 eo
2296 3267 2387 3338 qui
2434 3266 2711 3323 docendus
2739 3276 2820 3320 est
2851 3285 2864 3332 ;
2901 3268 3024 3322 utsi
3055 3267 3192 3326 forte
3237 3270 3472 3327 dixerit:

1878 3361 2214 3431 lmpossbilia
2249 3360 2495 3430 praecipis
2529 3377 2542 3425 ;
2574 3359 2904 3429 respondeat
2934 3379 2944 3412 :
2978 3359 3120 3416 Ecce
3153 3361 3270 3431 ipse
3319 3363 3476 3417 facio.

1879 3456 1948 3509 At
2001 3468 2102 3525 ego
2146 3468 2310 3508 carne
2365 3450 2583 3506 indutus
2631 3468 2769 3516 sum,
2801 3451 2954 3522 cujus
2984 3461 3067 3507 est
3095 3469 3319 3523 peccare
3348 3471 3474 3525 pro-

1881 3547 2079 3619 prium.
2111 3545 2183 3601 Et
2207 3561 2308 3616 ego
2333 3544 2578 3600 eamdem
2607 3561 2824 3600 carnem
2857 3562 2987 3616 gero
3013 3564 3028 3611 ;
3061 3557 3114 3601 et
3142 3560 3320 3604 tamen
3351 3566 3471 3620 pec-

1873 3653 2049 3700 catum
2079 3640 2131 3694 in
2161 3654 2248 3693 me
2277 3653 2383 3691 non
2423 3636 2750 3692 dominatur.
2777 3637 2904 3690 Mihi
2951 3653 3082 3708 opes
3124 3649 3477 3700 contemnere

1874 3735 2095 3792 difficile
2124 3742 2227 3797 est,
2259 3731 2382 3802 quia
2410 3730 2519 3784 vivi
2568 3731 2722 3784 aliter
2773 3745 2878 3783 non
2930 3738 3108 3798 potest
3139 3731 3192 3784 in
3221 3731 3323 3786 hoc
3347 3748 3472 3787 cor-

1874 3845 2026 3902 pore.
2052 3827 2192 3882 Ecce
2212 3834 2264 3881 et
2293 3824 2424 3879 mihi
2454 3837 2652 3893 corpus
2682 3831 2764 3877 est
2789 3839 2803 3888 ;
2836 3831 2891 3877 et
2934 3832 3110 3877 tamen
3145 3839 3322 3894 pugno
3345 3839 3477 3880 con-

1874 3932 1954 3979 tra
1985 3935 2200 3975 omnem
2224 3916 2589 3987 cupiditatem.
2617 3914 2733 3970 Non
2760 3930 2976 3985 possum
3012 3931 3108 3986 pro
3135 3916 3340 3987 justitia
3375 3934 3475 3975 nec

1876 4015 2122 4071 dolorem
2149 4010 2311 4079 ferre,
2338 4025 2438 4066 nec
2482 4016 2734 4076 mortem,
2764 4009 2885 4079 quia
2934 4009 3137 4080 fragilis
3167 4026 3310 4068 sum.
3336 4011 3477 4069 Ecce

1514 4131 1874 4192 VARIORUM
1911 4129 2140 4188 NOTAE.

236 4251 366 4307 Nisi
392 4250 599 4306 aliunde
641 4251 899 4304 doceatur.
933 4247 1068 4315 Quia
1105 4262 1234 4303 caro
1262 4257 1317 4303 et
1347 4248 1585 4318 sanguis.
1609 4249 1764 4319 juxta

153 4323 446 4382 Christum
473 4323 665 4392 ipsum,
687 4338 792 4375 non
824 4321 1025 4376 revelat
1050 4321 1205 4392 nobis
1228 4323 1503 4390 mysteria.

239 4353 665 4450 ἓῧῒῧὲῖἰῗὶἒὶὶΐ
687 4353 838 4448 ῗὲϊιὶιὶ
852 4353 1025 4448 ῗῐὲἑέἱ
1043 4353 1419 4447 ἰέἴὲἒιῖἱίἱῆιῖῒῖ
1437 4353 1571 4446 Elim.
1598 4391 1760 4457 M76,
1790 4353 1844 4413 Ῑ)

158 4470 184 4524 1
197 4466 505 4529 497,1515
522 4475 576 4518 et
605 4463 765 4519 1515.

241 4538 313 4594 Et
363 4549 532 4592 tamen
579 4537 892 4598 libertatem,
945 4543 1048 4592 etc.
1081 4534 1288 4589 Trihuit
1331 4533 1500 4589 lihero
1539 4532 1767 4589 arhitrio

159 4611 314 4684 quod
347 4609 603 4677 competit
636 4626 650 4684 ς
678 4617 734 4684 at
785 4609 904 4661 sine
932 4607 1115 4661 divino
1160 4605 1358 4684 auxilio
1410 4623 1514 4684 non
1545 4613 1770 4676 pussunt

162 4677 424 4739 homines
456 4679 651 4734 mereri
679 4681 842 4732 vitam
863 4689 1140 4732 :eternam.
1170 4677 1356 4744 Neque
1383 4681 1526 4732 enim
1553 4687 1770 4744 peccata

159 4757 461 4816 vincimus,
482 4750 602 4818 quia
629 4748 877 4804 Christus
905 4750 1206 4817 exemplum
1235 4757 1338 4814 est,
1357 4748 1452 4803 sed
1477 4749 1597 4818 quia
1630 4748 1772 4802 vires

163 4826 379 4897 praebet
409 4823 551 4897 :_nisi
574 4821 1648 4897 fortassispermanuum‘porrectiotiem,
1669 4821 1772 4874 vir-

166 4891 342 4952 iutem
366 4895 588 4964 spiritus
610 4892 806 4947 Christi
833 4892 1129 4960 intelligere
1148 4891 1298 4945 velis.

246 4967 315 5020 Et
347 4963 450 5020 non
496 4964 789 5035 parentibus
832 4979 1000 5030 poena,
1029 4964 1157 5035 quia
1205 4969 1434 5032 poterant
1475 4977 1676 5035 parere,
1728 4963 1773 5035 si

165 5039 381 5094 vellent.
413 5032 614 5091 Desunt
663 5037 776 5090 hac
798 5037 958 5088 verba
1012 5036 1062 5087 in
1098 5032 1167 5088 12
1194 5049 1352 5087 manu
1398 5034 1634 5088 exaratis
1663 5033 1774 5089 et?)

168 5109 456 5180 impressis
489 5126 502 5160 :
534 5106 629 5161 sed
662 5105 910 5160 videntur
936 5105 1268 5180 necessaria.

247 5174 379 5246 Qua:
415 5180 676 5242 irascitur,
710 5193 824 5249 quae
869 5177 1024 5249 dolet,
1055 5191 1169 5245 qua:
1197 5175 1510 5249 mori_tii_net.
1694 5174 1774 5230 le-

1867 4245 2087 4302 scribit:
2117 4242 2237 4297 Non
2282 4243 2417 4298 enim
2445 4241 2582 4306 quod
2631 4240 2744 4295 volo
2785 4242 2994 4305 bonum,
3046 4243 3140 4296 hoc
3178 4245 3313 4366 Cario
3341 4259 3358 4298 :
3382 4245 3471 4298 sed

1868 4317 2004 4366 auod
2029 4315 2114 4366 odi
2159 4315 2370 4366 malum.
2404 4314 2500 4366 hoc
2523 4314 2675 4366 facio.
2706 4311 2858 4366 Velle
2879 4314 3095 4366 quidem
3125 4315 3168 4366 si
3212 4315 3226 4366 i
3253 4315 3464 4366 adesse.

1868 4317 2004 4389 quod
2029 4315 2114 4370 odi
2159 4315 2370 4389 malum,
2404 4314 2500 4389 hoc
2521 4314 2675 4389 facio.
2706 4311 2858 4367 Velle
2879 4314 3098 4389 quidem
3125 4311 3226 4389 sibi
3253 4315 3464 4389 adesse,

1873 4383 1929 4443 ut
1973 4387 2131 4441 faciat
2158 4387 2381 4442 bonum.
2403 4386 2497 4439 sed
2530 4383 2842 4436 facultatem
2875 4383 3100 4437 faciendi
3134 4386 3182 4436 in
3204 4385 3314 4436 suis
3343 4386 3471 4438 viri-

1873 4460 1972 4514 hus
2001 4473 2106 4513 non
2148 4457 2469 4526 reperiebat.
2510 4453 2623 4526 Sed
2650 4469 2791 4526 cap,
2821 4455 3089 4526 sequenti,
3119 4471 3172 4509 ν.
3201 4455 3234 4508 5
3267 4472 3279 4507 :
3317 4455 3468 4520 Quod

1870 4530 2182 4599 impossibile
2206 4523 2316 4582 erat
2354 4527 2452 4597 legi
2499 4525 2553 4599 in
2578 4523 3059 4599 quoin/irritabatur
3089 4541 3178 4593 per
3221 4541 3424 4599 carnem
3448 4568 3461 4589 ,

1873 4595 2013 4656 Deus
2045 4600 2092 4654 F
2096 4601 2242 4654 ilium
2265 4595 2414 4654 suum
2444 4597 2645 4649 mittens
2672 4595 2722 4646 in
2744 4595 3130 4647 similitudinem
3149 4596 3320 4649 carnis
3341 4612 3462 4664 pec-

1872 4675 1990 4731 cati.
2021 4684 2066 4729 et
2091 4671 2152 4725 de
2175 4679 2380 4740 peccato
2406 4667 2666 4740 damnavit
2692 4675 2953 4735 peccatum
2974 4666 3024 4718 in
3053 4676 3362 4740 ca_rﬁue,_etc.

1947 4737 2767 4810 Confutabit.illamiseriptornm
2823 4746 2906 4790 est
2956 4747 3008 4791 et
3065 4737 3194 4792 edit.
3231 4737 3461 4793 Torncs.

1875 4808 2162 4887 Refutobit,
2195 4811 2354 4887 turios
2376 4809 2622 4887 Collizet
2644 4808 2930 4887 editorum.

1952 4877 2162 4941 Homini
2179 4883 2492 4937 simillimum
2511 4879 2642 4946 ﬁeri.
2664 4879 2769 4932 Mss
2818 4878 2850 4933 9
2869 4888 2922 4932 ct
2940 4877 3090 4943 editi,
3111 4880 3370 4934 hominum
3393 4882 3463 4935 si-

1876 4959 2165 5013 millimum.
2192 4955 2216 5008 1
2250 4953 2455 5006 Bonan.
2483 4951 2678 5020 antiq.,
2703 4948 2866 5014 Ultr.,
2885 4950 3101 5003 hominis
3121 4952 3459 5007 simillimum.

1875 5030 2022 5093 Jun.,
2059 5025 2253 5080 homini
2279 5021 2516 5077 similem.

1950 5101 2217 5155 Constans.
2252 5095 2307 5149 ld
2339 5103 2440 5155 est.
2475 5092 2718 5161 pertinax
2769 5101 2823 5146 et
2875 5107 3228 5162 perseverans
3285 5095 3335 5147 in
3369 5110 3463 5149 sua

1878 5172 2158 5242 opinione,
2175 5183 2333 5242 quam
2365 5173 2710 5234 opposuerat.

1954 5243 2088 5309 Quia
2115 5235 2211 5294 vivi
2239 5240 2388 5292 aliter
2418 5254 2523 5309 non
2547 5246 2716 5309 potest
2733 5237 2786 5289 in
2818 5236 2911 5309 hoc
2939 5250 3175 5309 corpore.
3208 5235 3464 5291 Additum

1879 5306 1996 5378 vivi,
2020 5311 2158 5382 quod
2182 5311 2365 5366 deerat
2395 5307 2631 5378 pluribus
2657 5307 2834 5362 editis.
2860 5306 2916 5361 In
2945 5322 3046 5362 ms.
3077 5306 3195 5360 Em.
3224 5316 3326 5369 est,
3349 5310 3467 5377 quia

1879 5387 2040 5439 vivere
2059 5385 2208 5436 aliter
2235 5399 2334 5435 non
2365 5397 2588 5449 possum.

1959 5455 2138 5526 Neque
2163 5455 2416 5526 hominem
2445 5454 2665 5526 perfecta
2693 5450 2921 5526 doctrina
2948 5466 3055 5526 esse
3082 5465 3254 5526 posse._
3274 5449 3401 5526 Mss.
3429 5451 3465 5503 2

1881 5520 2064 5591 Colb.,
2088 5526 2123 5579 2
2162 5525 2332 5592 Lips.,
2365 5522 2399 5575 '2
2449 5520 2680 5576 Clarum.
2715 5530 2769 5575 et
2813 5521 2940 5576 edit.
2971 5520 3198 5592 Tornes.
3244 5521 3464 5584 habent,

1883 5600 2118 5669 perfecta:
2145 5591 2431 5669 docti-iura;
2486 5593 2508 5646 ’1
2539 5592 2672 5669 lieg.
2716 5594 2892 5669 antiq.
2921 5602 2974 5669 et
3019 5591 3137 5646 Em.
3177 5595 3469 5669 perfection

247 5663 434 5746 Itaque
459 5678 622 5732 ducor
665 5677 872 5739 invitus.
901 5686 1005 5734 etc.
1038 5676 1198 5744 Atqui
1247 5675 1351 5730 hoc
1395 5675 1555 5751 etiam
1581 5673 1782 5751 Paulus
1883 5663 2160 5751 doctrina;
2297 5665 2542 5751 (λιιι)ςῇ
2589 5665 2794 5751 {taurini
2829 5667 3102 5751 perfectam
3152 5663 3470 5719 doctrinam.

166 5734 552 5827 canqu'critur.
600 5748 690 5803 Sic
733 5734 876 5804 enini
927 5748 992 5803 ad
1046 5734 1328 5804 Romanos
1359 5747 1536 5817 capite
1560 5761 1656 5814 vn,
1689 5745 1776 5812 15,
1959 5741 2120 5815 (Vide
2142 5742 2281 5810 infra
2303 5737 2407 5793 col.
2440 5736 2565 5807 525,
2596 5735 2691 5791 lin.
2733 5734 2844 5803 ιιι.)

472 5845 756 5912 Ρλτιοι..
784 5842 890 5905 Vl.

2891 5827 2963 5895 17

171 5252 284 5308 ctio
313 5259 399 5305 est
441 5265 572 5304 mss.
609 5246 839 5312 Bonon.,
882 5248 1053 5320 Regio
1085 5250 1229 5313 l’ut.,
1258 5250 1290 5303 6
1317 5246 1772 5320 flolb._aliorum_-

169 5339 280 5395 que
308 5322 706 5395 plurimorum,
736 5329 788 5395 et
840 5321 907 5375 M
927 5317 1289 5395 vulgatornm.
1322 5318 1435 5395 ln_l
1474 5317 1606 5395 Reg.
1637 5318 1777 5370 anti-

173 5391 459 5466 quissimo.
480 5402 536 5447 et
563 5393 617 5447 in
641 5393 745 5466 alio
770 5393 898 5466 item
927 5391 1217 5466 Regiaesl,
1243 5405 1356 5460 qua:
1379 5391 1650 5466 ir_aacitur1
1665 5403 1779 5466 quo:

178 5459 370 5531 dolere,
402 5480 517 5533 qua:
543 5465 672 5517 mori
693 5465 849 5518 timet.
882 5463 937 5517 In
969 5459 1129 5517 editis
1157 5461 1376 5526 Thom.,
1399 5461 1592 5530 Thys.,
1612 5459 1774 5533 Gall.,

176 5554 290 5609 φιω
317 5531 492 5604 irasci,
520 5551 635 5606 qua:
677 5535 832 5599 dolet,
883 5534 1164 5600 mendose,
1203 5541 1533 5604 repugnante
1585 5531 1780 5586 verbo-

172 5625 293 5668 rum
321 5625 483 5663 nexu.
