3786 6262
357 248 459 306 5ὶ7

1457 241 1646 306 FIRM.
1688 242 2055 306 LACTANTII
2092 242 2300 306 DlVlN.
2341 242 2585 306 INSTIT.
3494 263 3569 324 533

354 368 487 424 uitae
517 367 841 437 cupiditates
855 366 921 423 ad
966 366 1192 432 scelera.
1220 365 1305 423 vel
1342 366 1673 424 insatiabiles
1706 366 1953 437 volupta-
1980 370 2031 431 Α
2054 380 2118 421 ac
2137 365 2381 422 laborum
2409 373 2465 421 et
2490 362 2829 420 miseriarum
2857 363 3130 435 praebebat
3153 371 3454 443 exemplum.
3476 378 3571 447 Qua

357 467 444 515 tes
489 459 557 515 ad
597 459 795 528 ﬂagitia
849 458 1200 527 compellunt,
1241 466 1298 513 et
1348 457 1676 513 dedecorum
1723 457 1950 513 maculis

355 554 566 610 inustus
594 553 713 608 labe
741 550 986 607 afﬁciunt
1029 552 1379 621 sempiterna.
1428 552 1670 608 Jacentia
1713 561 1953 608 mortuo-

358 663 479 704 rum
506 661 729 717 corpora
754 648 949 713 erexit,
978 660 1181 717 eosque
1210 647 1519 703 nominibus
1539 648 1651 703 suis
1671 647 1954 703 inclinatos

352 754 385 794 a
418 749 591 794 morte
622 740 921 794 revocavit.
955 739 1091 808 Quid
1113 741 1501 811 congruentius
1525 741 1671 796 Deo?
1696 741 1831 811 Quid
1855 741 1956 796 mi-

352 831 538 887 raculo
564 831 776 902 dignius
815 832 1057 887 omnium
1090 834 1438 900 saeculorum,
1478 849 1638 903 quam
1672 833 1955 888 decursam

355 923 519 980 vilam
550 924 879 994 resignasse,
905 924 1295 996 completisque
1316 925 1595 980 hominum
1628 926 1960 996 temporibus

354 1025 599 1085 tempora
625 1016 891 1086 adjecisse
917 1027 1193 1085 perpetua,
1222 1032 1417 1073 arcana
1442 1018 1632 1072 mortis
1654 1017 1957 1072 revelasse?

359 1109 469 1167 Sed
500 1111 614 1163 haec
646 1107 1027 1163 inenarrabilis
1056 1116 1297 1178 potestas
1319 1108 1497 1180 imago
1535 1109 1753 1164 virtutis
1782 1109 1958 1179 majo-

354 1205 434 1259 ris
468 1202 589 1270 fuit,
643 1218 762 1274 quae
793 1203 1204 1258 demonstrabat
1240 1212 1443 1258 tantam
1499 1202 1607 1258 vim
1652 1202 1959 1258 habituram

354 1310 478 1352 esse
506 1296 806 1351 doctrinam
848 1309 1024 1363 suam,
1079 1305 1138 1349 ut
1178 1306 1369 1366 gentes
1413 1297 1465 1351 in
1493 1297 1626 1352 orbe
1679 1306 1809 1361 toto,
1841 1311 1962 1366 qua:

354 1389 547 1446 aliena:
577 1404 608 1444 a
658 1390 789 1451 Deo.
838 1388 1099 1459 subjectae
1140 1388 1303 1445 morti
1351 1387 1594 1454 fuerunt,
1649 1389 1959 1461 cognitione

353 1483 468 1538 veri
496 1481 716 1536 luminis
741 1480 1014 1549 animatae,
1042 1480 1107 1535 ad
1131 1480 1554 1536 immortalitatis
1579 1483 1801 1553 praemia
1836 1496 1961 1551 per-

355 1577 627 1632 venirent.
658 1574 769 1631 Eos
792 1574 937 1630 enim
967 1583 1116 1630 recte
1141 1583 1390 1631 mortuos
1412 1576 1830 1643 existimaveris,
1869 1578 1959 1646 qui

356 1668 603 1725 datorem
631 1668 756 1722 vitae
779 1668 946 1723 Deum
971 1667 1301 1735 nescientes,
1332 1676 1495 1740 atque
1522 1669 1733 1723 animas
1763 1682 1894 1724 suas
1924 1684 1955 1723 a

2057 458 2240 512 omnia
2271 456 2505 513 tolerare
2534 471 2597 511 ac
2635 456 2842 527 perpeti
2872 472 3092 514 necesse
3122 472 3203 516 est
3237 477 3342 527 eos,
3369 468 3444 537 qui
3470 473 3573 527 reri-

2056 558 2224 608 tatem
2258 560 2555 622 sequuntnr
2581 568 2595 618 ;
2620 551 2874 621 quoniam
2896 552 3092 608 veritas
3133 555 3316 611 acerba
3341 569 3429 625 ρει,
3452 572 3495 617 et
3520 566 3575 620 iu-

2060 645 2174 700 visa
2202 644 2473 714 omnibus,
2506 644 2597 717 qui
2623 644 2837 700 virtutis
2853 655 3124 717 expertes,
3149 649 3302 704 vitam
3328 666 3458 710 suam
3475 672 3576 715 mor-

2060 737 2239 794 tiferis
2264 738 2629 807 voluptatibus
2653 738 2879 794 dedunt.
2928 738 3058 794 Nam
3094 755 3287 797 corona
3328 748 3485 814 spinea
3514 768 3575 808 ca.

2061 831 2296 901 piliejus
2319 830 2568 902 imposita
2600 831 2650 885 id
2681 819 3020 898 declarabat,
3056 831 3170 889 fore
3198 843 3253 888 ut
3290 835 3490 896 divinam
3508 845 3576 901 sibi

2064 925 2276 994 plebem
2308 924 2376 981 de
2403 926 2724 981 nocentibus
2759 934 3132 996 congregaret.
3163 922 3362 983 Corona
3387 933 3503 988 enim
3525 936 3579 991 di-

2064 1016 2225 1082 citur,
2249 1018 2605 1073 circumstans
2627 1016 2679 1070 in
2709 1015 2897 1071 orbem
2928 1016 3175 1089 populus.
3206 1017 3311 1074 Nos
3333 1029 3579 1097 autem,qui

2065 1118 2196 1165 ante
2224 1108 2588 1180 cognitionem
2628 1108 2720 1165 Dei
2750 1110 2947 1164 fuimus
2996 1110 3203 1180 injusti,
3247 1113 3420 1183 spiam.
3452 1117 3493 1173 id
3526 1132 3582 1178 est

2065 1203 2191 1257 mali
2220 1213 2274 1257 et
2304 1210 2562 1258 nocentes
2589 1216 2831 1267 eramus,
2881 1202 3192 1274 ignorantes
3229 1205 3345 1274 quid
3379 1221 3496 1264 esset
3513 1212 3579 1268 bo-

2067 1310 2231 1361 num;
2277 1302 2332 1349 et
2369 1310 2397 1347 a
2439 1293 2663 1365 justitiae
2709 1294 2929 1350 notione
2975 1304 3138 1365 atque
3183 1297 3414 1367 operibus
3452 1303 3577 1369 alieni,

2073 1387 2255 1442 omnia
2285 1387 2492 1443 scelere
2512 1402 2575 1442 ac
2602 1386 2828 1444 libidine
2842 1386 3236 1458 polluebamus.
3259 1388 3414 1445 Electi
3432 1407 3583 1463 ergoex

2064 1478 2243 1533 dumis
2274 1488 2329 1533 et
2356 1478 2597 1535 sentibus
2626 1489 2871 1535 sanctum
2921 1480 3010 1534 Dei
3039 1480 3481 1553 caputcingimus;
3500 1488 3582 1558 quia

2064 1574 2350 1629 convocati
2391 1573 2460 1630 ab
2512 1574 2652 1645 ipso,
2707 1582 2761 1629 et
2800 1573 3116 1630 circumfusi
3156 1576 3378 1647 undique
3400 1578 3454 1633 ad
3485 1595 3582 1644 eum,

2065 1668 2322 1741 magistro
2341 1684 2405 1725 ac
2430 1669 2637 1726 doctori
2673 1669 2804 1736 Deo,
2833 1667 3160 1736 assistimus,
3195 1686 3457 1741 regemque
3483 1673 3583 1729 illum

355 1762 497 1818 caelo
517 1761 571 1816 in
596 1770 794 1817 terram
817 1760 1206 1831 dcprimenles,
1236 1762 1289 1816 in
1319 1762 1543 1832 laqueos
1567 1775 1786 1818 (eterna:
1810 1777 1955 1817 mor-
1986 1778 2035 1838 Β
2064 1761 2248 1817 mundi
2277 1772 2332 1817 et
2367 1763 2607 1816 omnium
2639 1762 2938 1818 viventium
2987 1760 3272 1816 Dominum
3311 1777 3579 1820 coronamus.

356 1852 428 1909 tis
453 1855 756 1908 incurrunt.
789 1854 922 1919 Qum
968 1851 1133 1923 igitur
1182 1861 1293 1907 tum
1335 1853 1568 1909 faciebat
1607 1856 1658 1908 in
1689 1869 1956 1925 praesens,

358 1945 622 2016 imagines
651 1954 807 2002 erant
836 1944 1162 2011 futurortun;
1212 1961 1333 2016 qua:
1371 1944 1427 2000 in
1472 1946 1617 2002 lmsis
1645 1946 1964 2018 aﬂ‘eetisque

359 2040 679 2111 corporibus
703 2039 1019 2105 exhibebat,
1060 2054 1122 2094 ea
1166 2037 1491 2109 spiritalium
1535 2039 1767 2111 ﬁguram
1811 2055 1967 2111 gere-

354 2133 509 2199 bant,
542 2143 684 2189 utet
730 2134 783 2188 in
814 2132 1066 2203 praesenti
1114 2133 1329 2189 virtutis
1373 2148 1481 2188 non
1540 2142 1753 2188 terrena
1799 2148 1964 2204 opera

351 2237 698 2294 monstraret,
728 2237 783 2283 et
832 2228 885 2282 in
926 2227 1164 2282 futurum
1203 2235 1531 2298 potestatem
1561 2226 1809 2282 caelestis
1842 2241 1955 2282 sure

360 2321 662 2393 majestatis
686 2320 1020 2376 ostenderet.

432 2414 575 2486 Ergo
588 2415 728 2470 sicut
747 2429 913 2483 opera
934 2418 1053 2484 ejus
1069 2412 1482 2482 significantiam
1503 2427 1721 2483 quoque
1746 2411 1964 2483 majoris

357 2508 644 2581 potestatis
658 2507 982 2575 habuerunt,
1006 2506 1077 2561 ita
1096 2506 1259 2561 etiam
1276 2506 1452 2575 passio
1466 2519 1573 2560 non
1594 2505 1845 2574 simplex,
1867 2519 1968 2561 nec

359 2617 717 2674 supervacua,
750 2616 852 2656 nec
887 2598 1110 2655 fortuita
1138 2599 1434 2670 praecessit.
1464 2600 1573 2656 Sed
1601 2611 1655 2655 ut
1689 2600 1799 2665 illa,
1839 2615 1963 2671 quae

360 2698 509 2765 fecit,
542 2711 790 2769 magnam
823 2695 1077 2750 virtutem
1106 2708 1169 2749 ac
1192 2702 1518 2765 potestatem
1546 2693 1810 2750 doctrina:
1845 2693 1963 2764 ejus

362 2789 777 2864 significabant:
825 2788 905 2842 sic
931 2802 1016 2853 ea,
1054 2802 1174 2858 quae
1219 2801 1412 2858 passus
1440 2795 1543 2854 est,
1575 2787 1699 2843 odio
1726 2786 1961 2843 futuram

363 2898 487 2941 esse
510 2881 827 2954 sapientiam
849 2879 1191 2935 nuntiabant.
1220 2881 1373 2935 Aceti
1400 2881 1546 2935 enim
1570 2888 1749 2949 potus,
1784 2894 1848 2934 ac
1873 2879 1964 2935 fel-

362 2977 432 3033 lis
455 2976 626 3043 cibus,
657 2972 980 3029 acerbitates
1008 2980 1062 3028 et
1083 2971 1477 3027 amaritudines
1502 2974 1555 3025 in
1588 2971 1690 3027 hac
1709 2971 1818 3027 vita
1846 2986 1967 3027 sec-

363 3070 629 3125 tatoribus
657 3066 898 3123 veritatis
925 3064 1301 3135 pollicebatur.
1332 3064 1398 3119 Et
1430 3079 1757 3134 quamquam
1786 3064 1967 3135 passio

2142 1854 2294 1922 Quod
2327 1870 2455 1910 vero
2481 1853 2548 1909 ad
2575 1869 2793 1911 crucem
2826 1862 3058 1925 spectat,
3095 1869 3284 1925 magna
3314 1856 3362 1909 in
3391 1871 3446 1911 ea
3471 1857 3529 1911 vis
3546 1872 3585 1914 ac

2075 1947 2217 2002 ratio
2248 1956 2353 2012 est,
2378 1962 2538 2018 quam
2567 1961 2712 2003 nunc
2738 1947 2979 2002 conabor
2999 1945 3308 2001 ostendere.
3339 1946 3459 2001 Deus
3482 1964 3584 2002 nam-

2077 2055 2183 2110 que
2217 2037 2378 2112 (sicut
2401 2041 2650 2110 superius
2676 2038 2924 2112 exposui)
2947 2055 3069 2096 cum
3095 2038 3366 2095 statuisset
3389 2039 3584 2096 hominem

2081 2131 2334 2201 liberare,
2356 2132 2673 2200 magistrum
2697 2133 2911 2188 virtutis
2939 2132 3141 2205 legavit
3173 2133 3225 2187 in
3253 2143 3451 2199 terram,
3477 2133 3587 2203 quiet

2068 2226 2356 2297 praeceptis
2392 2226 2719 2282 salutaribus
2750 2228 3006 2282 formaret
3043 2226 3294 2283 homines
3315 2227 3374 2282 ad
3401 2228 3583 2283 innocen-

2073 2321 2225 2387 tiam,
2248 2329 2304 2376 et
2328 2321 2584 2391 operibus
2619 2320 2879 2393 factisque
2904 2321 3270 2392 prmsentibus
3291 2322 3477 2389 jttstitize
3492 2323 3583 2375 viam

2077 2412 2357 2482 panderet,
2387 2428 2491 2484 qua
2520 2412 2773 2485 gradiens
2797 2413 2977 2476 homo,
3013 2421 3068 2469 et
3088 2413 3362 2470 doctorem
3387 2430 3508 2469 suum
3527 2429 3582 2470 sc-

2069 2519 2266 2576 quens,
2298 2504 2366 2561 ad
2406 2506 2573 2561 vitam
2606 2514 2869 2563 aeternam
2898 2506 3238 2576 perveniret.
3282 2506 3330 2562 ls
3359 2507 3491 2579 igitur
3511 2523 3586 2583 erg;
3612 2539 3629 2543 «ν

2075 2605 2298 2669 poratps
2324 2606 2431 2659 est.
2461 2605 2519 2654 et
2565 2608 2720 2655 veste
2761 2598 2941 2655 carnis
2990 2598 3236 2666 indutus,
3268 2608 3320 2655 ut
3347 2599 3525 2664 homini,
3543 2600 3583 2654 ad

2067 2705 2230 2760 quem
2257 2688 2561 2745 docendum
2593 2697 2841 2756 venerat,
2872 2690 3084 2746 virtutis
3115 2698 3174 2747 et
3214 2691 3457 2761 exempla,
3478 2700 3516 2744 et
3535 2691 3582 2744 in-

2066 2781 2357 2837 citamenta
2398 2780 2688 2852 prmberet.
2730 2780 2838 2837 Sed
2864 2795 2989 2837 cum
3034 2782 3087 2836 in
3138 2782 3379 2837 omnibus
3398 2780 3584 2836 vitatofli-

2067 2874 2167 2930 ciis
2198 2875 2424 2945 justitia:
2450 2875 2726 2946 specimen
2750 2873 3099 2945 praebuisset,
3136 2884 3196 2929 ut
3232 2874 3423 2930 doloris
3441 2888 3578 2943 quoque

2069 2968 2384 3040 patientiam
2416 2968 2719 3039 mortisque
2761 2974 3160 3037 contemptum,
3204 2965 3389 3037 quibus
3422 2965 3585 3036 perfect:

2068 3074 2124 3120 et
2157 3072 2536 3120 consummata
2565 3063 2637 3118 sit
2661 3062 2853 3129 virtus,
2893 3061 3138 3116 traderet
3178 3060 3389 3126 homini,
3418 3059 3527 3113 venit
3554 3058 3584 3111 in

2101 2664 2289 2680 ’.ι-⁸.*

362 3162 479 3233 ipsa
508 3176 605 3231 per
621 3175 681 3215 se
703 3157 894 3212 acerba
913 3164 1166 3211 etamara
1185 3156 1459 3227 specimen
1486 3154 1638 3209 nobis
1658 3153 1965 3211 futurorum
1991 3166 2035 3229 α
2069 3168 2262 3210 manus
2285 3153 2466 3225 impia:
2492 3154 2750 3217 nationis,
2780 3169 2904 3209 eum
2928 3162 2984 3209 et
3007 3152 3184 3208 vitare
3215 3153 3454 3223 potuisset
3474 3150 3588 3206 scien-

358 3264 757 3311 tormentorum
783 3251 968 3313 dabat,
998 3264 1121 3319 quae
1167 3248 1507 3304 morantibus
1548 3249 1601 3303 in
1644 3248 1747 3304 hoc
1773 3248 1973 3305 swculo

367 3355 540 3408 virtus
567 3351 682 3420 ipsa
711 3344 1000 3418 proponit;
1037 3353 1212 3398 tamen
1252 3342 1397 3398 illius
1421 3342 1565 3398 modi
1587 3353 1766 3413 potus,
1797 3354 1852 3399 et
1889 3343 1968 3398 ei-

364 3444 467 3500 bus
492 3442 550 3497 in
574 3454 637 3496 os
658 3437 893 3495 doctoris
914 3435 1086 3491 nostri
1111 3433 1354 3500 veniens,
1386 3449 1762 3504 pressurarum
1788 3436 1965 3500 nobis,

2083 3250 2157 3305 tia
2189 3249 2352 3304 futuri
2384 3264 2543 3318 quam
2568 3248 2810 3319 gerebat,
2855 3257 2911 3302 et
2939 3246 3208 3317 repellere
3234 3245 3409 3303 eadem
3433 3246 3584 3307 virtute,

2073 3357 2178 3412 qua
2209 3341 2469 3398 mirabilia
2521 3339 2770 3397 faciebat.
2814 3338 3081 3395 Sustinuit
3120 3354 3253 3411 ergo
3286 3339 3525 3404 cruciatus,
3554 3346 3588 3391 ct

2072 3434 2323 3502 verbera,
2346 3434 2622 3505 etspinas.
2647 3434 2931 3490 Postremo
2950 3433 3116 3488 etiam
3143 3442 3366 3489 mortem
3388 3432 3587 3500 suscipere

1721 3525 2077 3584 VARIORUM
2106 3526 2338 3583 NOTAE.

362 3631 388 3687 1
422 3629 568 3697 Lips.
598 3629 634 3685 5
662 3626 843 3691 Colb.,
872 3624 1032 3679 editis
1060 3623 1361 3697 tribu_svet.
1392 3623 1551 3697 Rom.
1599 3632 1654 3678 et
1694 3624 1956 3697 tredecim

365 3693 791 3770 aliis—impressis
819 3695 1145 3770 elephantici.
1178 3693 1557 3770 Elepltantiaci,
1593 3710 1688 3750 seu
1712 3695 1961 3770 elephan-

366 3774 453 3827 tici
501 3766 647 3835 sunt,
690 3769 780 3840 qui
831 3771 992 3838 vulgo
1048 3766 1268 3840 leprosir
1308 3767 1605 3840 dicuntur,
1634 3781 1861 3838 quorum
1906 3766 1958 3821 in

365 3843 663 3912 Evangelio
680 3837 824 3912 sap-pe
850 3837 1143 3912 litmeutio.
1177 3837 1308 3894 Vide
1332 3839 1563 3893 Plinium
1595 3837 1690 3893 lib.
1724 3853 1870 3904 XXVI,
1906 3853 1955 3893 c.

369 3917 432 3983 l;
462 3909 676 3968 Celsum
716 3910 808 3965 lib.
835 3924 915 3975 ιιι,
943 3925 1001 3983 ei
1023 3909 1116 3983 25.

438 3985 485 4040 Α
509 3994 669 4037 morte
683 3979 1022 4036 revocavit.V.
1041 3980 1161 4034 Mat.
1188 3996 1260 4045 Ix,
1284 3981 1447 4036 Marc.
1474 3981 1673 4045 v,'Luc.
1690 3996 1781 4044 vn,
1807 3979 1855 4034 J.
1883 3997 1961 4037 ιιι.

446 4055 697 4125 Tempora
723 4052 970 4125 adjecisse
998 4063 1254 4121 perpetua.
1292 4052 1367 4107 Ita
1392 4069 1582 4125 omnes
1621 4067 1803 4125 prope
1829 4067 1958 4125 mss.

364 4139 423 4182 et
447 4122 597 4181 editi.
627 4124 879 4193 Perpetua
914 4124 1066 4178 deest
1096 4125 1145 4176 iu
1178 4126 1211 4178 4
1240 4124 1373 4191 Reg.
1409 4134 1465 4178 et
1504 4124 1565 4177 11
1606 4122 1858 4193 vulgatis.
1903 4122 1960 4177 In

365 4199 491 4254 Em.
524 4207 608 4253 est
632 4205 904 4266 perpetuae.
930 4193 1275 4266 ——dTempora
1297 4195 1566 4264 adjecisse.
1588 4193 1957 4260 Hemuannus,

365 4271 551 4324 addito
603 4264 669 4333 et,
722 4264 849 4336 legit
878 4275 936 4320 ut
981 4264 1273 4320 Emman.:
1315 4266 1574 4337 Adjecisse
1623 4273 1668 4319 et
1709 4275 1962 4335 perpetua:

366 4357 557 4396 arcana
582 4340 759 4394 mortis
777 4339 1044 4392 revelasse.
1084 4338 1213 4392 BUN.

438 4412 505 4467 In
534 4412 688 4467 lwsis.
716 4410 1023 4466 PotuiSsent
1040 4422 1200 4463 nosse
1213 4406 1449 4463 editores
1466 4406 1572 4460 vim
1597 4407 1741 4462 vocis
1763 4423 1827 4464 ex
1850 4410 1950 4462 hoc

365 4485 540 4554 Capite
567 4483 723 4538 infra.
759 4481 848 4536 ubi
875 4482 1126 4551 integrant
1158 4495 1365 4554 corpus,
1394 4486 1451 4533 et.
1491 4478 1669 4533 lwsum
1693 4494 1754 4532 ac
1796 4479 1952 4534 dimi-

364 4550 550 4611 nutum
581 4570 770 4624 corpus
788 4550 1152 4621 opponuntur.
1186 4550 1318 4624 Bon.

440 4626 508 4681 In
538 4620 989 4693 (lusisti/Tectisque
1023 4621 1341 4693 corporibus.
1374 4621 1559 4686 Bene;
1600 4620 1652 4674 id
1683 4630 1767 4676 est
1791 4622 1951 4677 muti-

366 4698 454 4762 lis,
486 4697 774 4759 debilibus,
807 4692 1039 4763 (egrotis.
1071 4692 1201 4746 Mss.
1234 4693 1268 4746 2
1295 4695 1572 4763 lteg.rec.
1599 4700 1655 4747 et
1688 4693 1721 4748 9
1764 4694 1949 4750 excusi

364 4769 569 4825 habent
593 4766 790 4829 illwsis,
818 4772 1111 4836 corrupte;
1141 4763 1272 4818 edit.
1304 4762 1478 4818 Betul.
1507 4764 1831 4836 afﬂictisque.
1877 4795 1947 4805 —

368 4840 695 4907 Aﬁ'ectisque.
753 4834 947 4907 Aﬂ'ecta
982 4850 1203 4907 corpora
1230 4844 1354 4890 sunt
1389 4834 1608 4907 aegrota.
1656 4835 1747 4890 Sic
1798 4851 1943 4907 saepe

365 4904 614 4972 Séueca}
644 4922 694 4961 e.
722 4922 773 4976 g.
808 4905 873 4959 ad
901 4904 1328 4977 Polvhtumcap.
1352 4904 1646 4977 52.]Egro
1679 4916 1724 4960 et
1758 4906 1941 4974 affecto

365 4979 582 5034 mederi.
609 4977 647 5032 l.
675 4975 939 5048 tv’Benef.
970 4991 1019 5031 c.
1052 4978 1143 5032 11.
1169 4975 1261 5032 Sic
1281 4976 1484 5046 alfecto,
1511 4975 1571 5032 ut
1601 4995 1716 5048 spes
1737 4982 1781 5032 ei
1803 4978 1948 5033 nulla

363 5052 429 5105 sit
458 5048 855 5103 convalescendi.
881 5047 1015 5102 BUN.

439 5118 763 5194 Exhibebat.
790 5120 1119 5194 Restituies
1163 5119 1241 5194 55
1285 5136 1415 5177 mss.
1443 5119 1498 5175 lu
1537 5121 1725 5189 Cauc.,
1754 5121 1790 5175 2
1815 5121 1949 5194 Reg.

362 5207 476 5249 rec.
502 5203 557 5247 et
587 5192 653 5247 19
682 5191 840 5246 editis
868 5202 952 5245 ess
971 5190 1260 5255 adhibebat.

450 5263 659 5319 Virtutis
676 5263 817 5316 nobis
845 5279 944 5315 non
966 5272 1175 5316 terrena:
1199 5280 1377 5332 opera.
1402 5262 1529 5318 Haec
1549 5264 1706 5318 virtus
1728 5281 1828 5319 non
1847 5276 1951 5319 ter—

365 5352 491 5391 rena
536 5334 658 5389 aliis
689 5333 872 5406 verbis
903 5333 1112 5406 dicitur,
1145 5333 1246 5406 hoc
1290 5336 1465 5403 capite
1508 5349 1695 5406 supra.
1724 5335 1952 5392 Caelestis

361 5408 557 5477 uirtus;
590 5404 762 5477 ibid.:
799 5403 892 5477 rVis
926 5405 1141 5477 scelestis
1168 5420 1188 5469 ;
1215 5405 1378 5459 ibid.:
1412 5403 1742 5460 Admirabilis
1772 5417 1956 5477 poten-

360 5480 433 5532 tia
452 5476 599 5542 ;'ibid
620 5496 633 5531 :
658 5475 954 5550 Laudu‘bilis
974 5476 1131 5550 divini
1150 5478 1316 5548 aperis
1331 5478 1577 5550 fortitudo
1598 5495 1618 5550 .-
1642 5475 1803 5533 ibid.‘:
1833 5477 1883 5550 Ν
1891 5495 1956 5533 an

359 5552 546 5617 exigua
567 5547 869 5602 inmortalis
899 5548 1137 5618 potentiae
1155 5547 1352 5619 opera;
1384 5549 1511 5605 ibid.
1541 5566 1553 5602 :
1586 5547 1958 5604 Inenarrabilis

359 5629 600 5676 potestas.
629 5618 762 5676 BDN.

396 5629 600 5677 oteslas.
629 5629 762 5676 BDN.

356 5639 600 5693 patestas.
629 5639 762 5676 non.

445 5692 655 5747 Virtutis
682 5708 783 5745 non
823 5699 1024 5746 terrena
1070 5707 1227 5762 opera
1269 5701 1592 5749 monstraret.
1640 5691 1718 5748 Ita
1764 5707 1894 5748 mss.
1920 5692 1956 5746 5

364 5763 500 5839 Reg.
531 5763 905 5821 vetustissimi.
937 5762 1135 5837 Set-ipti
1183 5763 1217 5821 9
1255 5776 1309 5822 et
1355 5766 1555 5837 vulgati
1597 5765 1632 5820 5
1680 5766 1952 5837 negationi

2064 3632 2390 3692 praeponam
2425 3623 2590 3679 nobis.
2620 3624 2664 3679 A
2697 3639 2829 3680 mss.
2864 3624 2896 3678 7
2926 3633 2980 3681 et
3014 3624 3233 3681 excusis
3254 3625 3319 3681 14
3347 3624 3475 3680 abest
3506 3639 3584 3686 non,

2065 3703 2120 3749 et
2154 3694 2350 3764 legitur
2372 3707 2607 3752 terrenae.

2138 3764 2299 3839 Ergo.
2332 3765 2482 3822 Nunc
2507 3767 2853 3839 espositurns
2888 3776 2972 3822 est
3006 3766 3210 3839 figuras
3237 3766 3476 3838 passionis
3491 3764 3525 3839 l_.
3548 3764 3584 3817 C.

2140 3834 2515 3892 Pollicebatur.
2545 3834 2622 3893 Ita
2653 3854 2785 3893 mss.
2818 3847 2873 3895 et
2899 3834 3069 3900 editi;
3115 3854 3181 3894 ac
3207 3834 3363 3894 simili
3394 3837 3584 3893 locutione

2068 3908 2270 3983 paSsim
2324 3910 2507 3983 utitur
2534 3909 2866 3983 Lactantius.
2892 3909 3176 3983 Francius
3224 3911 3480 3983 legendum
3509 3920 3585 3963 e556

2069 3982 2349 4053 censebat,
2384 3980 2775 4053 pollicebantur,
2806 3982 2940 4037 utin
2976 3983 3012 4038 5
3041 3982 3174 4053 Reg.
3208 3980 3320 4039 rec.

2145 4049 2437 4123 S_pecimen.
2471 4051 2598 4106 Mss.
2628 4053 2661 4106 2
2688 4052 2845 4123 Reg.,
2877 4054 3114 4122 speciem.

2144 4119 2344 4196 Corona
2366 4122 2500 4177 enim
2523 4124 2733 4189 dicitur,
2754 4119 2860 4179 etc.
2889 4119 3060 4196 Quam
3097 4125 3296 4180 Festus
3316 4124 3550 4196 Pompeius
3565 4139 3583 4175 τι

2072 4191 2241 4247 choro
2261 4194 2459 4248 dictam
2490 4204 2659 4262 putat,
2683 4191 3140 4265 demptaﬁscilicet
3169 4191 3488 4267 aspiratione.
3512 4195 3585 4267 llti~

2069 4271 2157 4338 tur
2180 4279 2383 4338 corona:
2407 4268 2668 4338 vocabulo
2697 4267 2798 4322 hac
2816 4264 3419 4338 ’signilicatione'Cicero
3445 4282 3517 4336 pro
3531 4264 3583 4319 lli;

2069 4334 2215 4408 lon_e,
2250 4336 2303 4389 in
2326 4336 2445 4406 ipso
2466 4337 2726 4403 exordio;
2757 4334 2960 4401 Livius,
2981 4353 3080 4408 pro
3105 4334 3478 4408 armatocmtu.
3497 4338 3579 4392 Bm.

2135 4405 2302 4482 Electi
2342 4405 2483 4482 ergo,
2506 4424 2572 4482 ea;
2599 4408 2786 4482 dumis.
2821 4409 2920 4465 Ms.
2953 4405 3088 4482 Reg.
3133 4410 3279 4482 Pnt.,
3307 4407 3475 4482 Electis
3507 4423 3581 4476 ergo

2064 4477 2353 4552 exduntisj
2372 4477 2569 4552 scripti
2611 4481 2674 4552 ιι
2717 4495 2830 4552 rec.
2875 4490 2930 4535 et
2969 4483 3003 4537 4
3039 4477 3284 4552 ⁷νι11831ἰ,
3329 4479 3582 4552 Plecti;qu_o

2057 4548 2256 4603 sensu?
2308 4548 2451 4604 Edit.
2488 4550 2686 4617 Betul.,
2739 4550 2910 4607 Plexi.
2942 4581 3017 4593 —-
3064 4548 3178 4608 Ex'
3206 4552 3370 4605 dumis
3400 4561 3441 4606 et
3477 4548 3582 4605 scati-

2056 4618 2168 4695 bus.
2205 4620 2426 4676 Rectum
2460 4620 2660 4695 junxit,
2701 4632 2758 4678 ut
2797 4622 3052 4695 Virgilius
3107 4623 3206 4680 lib.
3233 4636 3291 4677 Ix
3318 4621 3520 4686 Eueida
3546 4634 3579 4670 ιο

2054 4690 2184 4757 580,
2210 4707 2294 4763 sq.
2318 4690 2479 4763 quem
2502 4694 2740 4750 imitatur
2764 4712 2779 4749 :

2143 4805 2208 4843 -_-_
2228 4778 2537 4843 omnemque
2560 4780 2742 4832 aditum
2767 4782 2970 4833 custode
2993 4788 3244 4835 coronant.

2141 4840 2283 4910 _S_ilva_
2297 4840 2406 4910 fuit,
2431 4840 2533 4892 late
2555 4844 2715 4910 dumis
2737 4845 3029 4910 atque_iliee
3053 4849 3192 4910 nigra

2138 4902 2366 4965 Horrida,
2390 4902 2536 4969 quam
2556 4906 2726 4956 densa
2746 4902 3053 4971 complerant
3076 4902 3297 4974 ubdique
3319 4913 3483 4961 sentes.
3496 4902 3576 4953 Brit.

2123 4982 2401 5053 Factisque
2439 4984 2789 5058 praesentibus.
2822 4985 3017 5058 Addidi
3037 5003 3133 5058 que
3161 5004 3229 5045 ex
3257 4987 3484 5058 omnibus
3504 4979 3576 5034 fer-

2052 5070 2300 5129 me_mss.
2325 5066 2377 5129 et
2401 5057 2579 5129 editis.
2611 5056 2670 5112 In
2713 5056 3030 5129 Regio-Pot.
3050 5056 3059 5058 ’
3079 5060 3193 5115 haec
3224 5061 3378 5118 verba
3413 5057 3571 5113 desunt.

2124 5125 2436 5198 Beroeniret.
2470 5127 2529 5183 In
2567 5125 2837 5183 nonnullis
2858 5129 3020 5183 editis
3044 5133 3290 5198 pervenit.

2127 5196 2436 5271 Corporatus
2459 5209 2553 5254 est.
2594 5199 2708 5254 Hoc
2737 5208 2822 5254 est
2859 5194 3055 5271 corpus
3087 5203 3399 5271 assumpsit;
3432 5194 3570 5271 eodem

2056 5269 2225 5323 verbo
2252 5271 2416 5323 utitur
2443 5271 2524 5323 bis
2548 5271 2642 5325 lib.
2674 5286 2731 5333 ιι,
2759 5285 2810 5325 c.
2838 5270 2929 5338 10,
2954 5269 3158 5327 necnon
3186 5284 3241 5328 et
3275 5269 3572 5328 Tertullianus

2057 5339 2095 5394 l.
2129 5340 2198 5395 de
2221 5339 2393 5395 Carne
2416 5340 2611 5395 Christi
2634 5356 2686 5396 c.
2723 5344 2757 5397 5
2783 5351 2834 5396 et
2873 5357 2924 5397 c.
2953 5342 3006 5398 6.
3042 5343 3175 5400 Hinc
3216 5345 3288 5399 illi
3320 5342 3429 5399 eod.
3458 5339 3488 5393 Ι.
3524 5348 3570 5393 ιι,

2059 5412 2346 5483 corporalia
2386 5419 2808 5483 estpassumptio
2850 5411 3210 5469 humanitatis.
3246 5415 3501 5483 BtRTBlUS:

2131 5479 2420 5557 Specimen.
2474 5482 2534 5557 Id
2572 5479 3052 5555 esu-exemplum.
3086 5486 3199 5541 Cic.
3253 5486 3342 5540 lib.
3390 5498 3435 5538 ιιι
3461 5479 3568 5557 με·

2059 5566 2109 5607 c.
2138 5552 2193 5616 '5.
2221 5553 2276 5607 Is
2304 5554 2430 5608 ardo
2448 5555 2567 5609 vitio
2593 5565 2770 5609 vacato
2789 5571 2807 5610 :
2829 5550 3025 5610 caEteris
3043 5558 3292 5623 specimen
3315 5567 3427 5609 esto.
3452 5550 3569 5618 Quia-

2059 5624 2138 5699 ti_l.
2166 5624 2259 5679 lib.
2291 5640 2348 5679 ιιι
2376 5625 2608 5699 lustitut.
2632 5641 2682 5699 ρ,
2720 5627 2744 5682 1
2775 5645 2788 5680 :
2821 5625 2977 5699 Dedit
3018 5628 3224 5682 unicum
3249 5628 3379 5699 apud
3396 5631 3567 5689 nostpt'

2056 5696 2221 5750 cimen
2250 5697 2496 5751 orandi...
2530 5698 2582 5752 Μ
2592 5740 2605 5753 .
2633 5697 2855 5753 Tullius.
2888 5698 3017 5755 BUN.

2132 5766 2411 5837 Sustinuit,
2426 5780 2538 5847 etc.
2569 5769 2780 5826 Omittit
2801 5771 2947 5842 quod
2975 5779 3091 5829 erat
3115 5770 3443 5843 praecipuum,
3468 5772 3566 5818 ηοω
