3786 6262
123 2315 158 2353 ’ἓ

234 342 345 405 529
440 352 449 359 ”

1170 346 1373 406 LIBER
1411 348 1501 407 IV.
1543 348 1634 406 DE
1675 348 1861 407 VERA
1901 348 2266 411 SAPIENTIA
2305 351 2396 409 ET
2437 350 2665 409 RELlG.

3428 351 3538 414 550

233 475 344 518 non
370 461 659 528 recusavit,
686 470 745 519 ut
786 461 949 519 homo
974 462 1066 520 illo
1092 463 1231 522 duce
1269 465 1546 521 subactam
1582 474 1638 520 et
1676 474 1825 521 cate-
1851 465 1907 527 Α
1928 478 2144 520 crucem
2168 465 2437 533 maluerit,
2468 466 2611 538 quod
2635 465 2723 521 illa
2754 465 2978 522 exaltari
3005 482 3126 523 eum
3158 467 3259 524 fuit
3287 483 3533 538 necesse,

233 562 419 610 natam
448 564 676 610 mortem
707 570 828 611 cum
852 555 966 613 suis
999 557 1299 612 terroribus
1327 554 1831 628 triumpharet.Cur

231 657 415 703 autem
463 662 704 703 summus
730 657 883 720 pater
926 648 981 705 id
1030 649 1370 721 potissimum
1417 664 1589 721 genus
1639 649 1831 706 mortis

226 738 478 810 elegerit,
509 755 617 811 quo
642 737 782 795 afﬁci
812 755 936 795 eum
965 742 1190 806 sineret,
1216 741 1332 798 huic
1362 743 1501 797 ratio
1531 754 1636 799 est.
1671 744 1826 800 Dicat

229 833 380 889 enim
412 831 641 889 fortasse
666 833 897 903 aliquis:
926 848 1024 889 cur
1052 836 1096 889 si
1130 834 1274 891 Deus
1317 834 1438 901 fuit,
1488 844 1543 890 et
1574 836 1711 891 mori
1738 849 1831 892 v0-

226 933 353 1003 luit,
379 950 485 991 non
510 935 701 991 saltem
735 935 964 991 honesto
989 935 1172 1005 aliquo
1211 934 1402 990 mortis
1440 948 1641 1005 genere
1670 933 1832 990 affec-

227 1036 321 1083 tus
344 1029 465 1084 est?
505 1042 602 1084 cur
629 1029 969 1099 potissimum
1019 1027 1214 1084 cruce?
1258 1041 1357 1082 cur
1407 1026 1591 1083 infami
1632 1042 1832 1099 genere

223 1120 508 1192 supplicii,
537 1119 680 1191 quod
728 1120 891 1176 etiam
940 1119 1161 1176 homine
1210 1120 1404 1185 libero,
1453 1119 1701 1192 quamvis
1728 1134 1830 1175 no-

223 1223 415 1280 cente,
439 1212 685 1269 videatur
710 1212 1007 1283 indignum.
1038 1211 1280 1267 Primum
1321 1210 1464 1283 quod
1501 1211 1569 1278 is,
1602 1212 1691 1282 qui
1732 1211 1832 1267 hu-

222 1305 380 1362 milis
404 1305 721 1372 advenerat,
749 1313 810 1360 ut
836 1304 1134 1360 humilibus
1158 1312 1213 1360 et
1237 1302 1436 1359 infimis
1461 1317 1621 1373 opem
1641 1302 1829 1370 ferret,

226 1407 295 1455 et
322 1399 574 1454 omnibus
604 1413 757 1468 spem
798 1397 990 1453 salutis
1022 1398 1355 1467 ostenderet,
1387 1413 1455 1454 eo
1482 1412 1681 1469 genere
1716 1397 1834 1452 affi-

220 1490 460 1547 ciendus
490 1492 608 1557 fuit,
657 1506 767 1563 quo
818 1490 1051 1546 humiles
1077 1501 1132 1547 et
1168 1491 1340 1547 infimi
1372 1490 1568 1555 solent,
1601 1506 1671 1546 ne
1712 1489 1834 1561 quis

219 1595 382 1642 esset
409 1586 652 1651 omnino,
694 1586 783 1656 qui
814 1600 937 1642 eum
982 1600 1089 1640 non
1127 1594 1317 1657 posset
1371 1584 1593 1642 imitari.
1627 1583 1835 1640 Deinde

220 1688 296 1733 ut
343 1679 611 1751 integrum
637 1693 837 1750 corpus
889 1678 1008 1750 ejus
1060 1687 1500 1746 conservaretur,
1546 1693 1712 1749 quem
1743 1678 1834 1733 die

221 1771 397 1825 tertio
424 1787 707 1843 resurgere
723 1771 790 1827 ab
813 1769 1003 1826 inferis
1023 1770 1328 1842 oportebat.

1935 567 1991 614 et
2016 559 2266 616 omnibus
2294 561 2542 632 gentibus
2573 560 2879 631 passionem
2933 561 3026 618 Dei
3068 574 3365 619 notescere.
3397 563 3538 620 Nam

1934 654 2186 723 quoniam
2222 653 2287 721 is,
2323 655 2414 725 qui
2450 654 2689 725 patibulo
2714 654 3096 725 suspenditur,
3129 663 3185 711 et
3211 656 3538 727 conSpicuus

1935 757 2018 802 est
2045 747 2313 815 omnibus,
2336 756 2389 804 et
2411 749 2623 803 caeteris
2652 749 2835 814 altior,
2862 763 2992 803 crux
3019 750 3198 820 potius
3226 749 3398 805 electa
3427 762 3533 818 est,

1934 856 2053 912 quae
2079 842 2408 913 significaret
2432 842 2583 898 illum
2615 851 2723 898 tam
2745 842 3095 913 conspicuum
3128 853 3343 913 tamque
3369 843 3538 899 subli-

1936 948 2077 988 mem
2110 932 2373 1001 futurum,
2400 945 2459 989 ut
2488 937 2555 990 ad
2585 950 2707 990 eum
2749 934 3186 1007 cognoscendum
3234 935 3435 1005 pariter
3482 943 3540 992 et

1934 1032 2218 1087 colendum
2239 1073 2254 1098 ,
2285 1040 2494 1087 cunctae
2534 1032 2782 1087 nationes
2807 1046 2874 1087 ex
2904 1032 3049 1087 omni
3080 1031 3214 1087 orbe
3242 1045 3537 1089 concurre-

1934 1133 2073 1181 rent.
2127 1125 2369 1197 Denique
2416 1125 2562 1181 nulla
2611 1140 2744 1196 gens
2790 1133 2896 1179 tam
2930 1124 3223 1180 inhumana
3251 1134 3355 1192 est,
3389 1125 3537 1182 nulla

1937 1218 2088 1289 regio
2117 1228 2225 1273 tam
2251 1229 2482 1286 remota,
2504 1219 2591 1274 cui
2616 1228 2710 1274 aut
2735 1219 2914 1289 passio
2945 1218 3084 1289 ejus,
3114 1228 3208 1273 aut
3237 1218 3543 1274 sublimitas

1935 1310 2230 1379 maiestatis
2253 1311 2433 1381 ignota
2460 1311 2548 1366 sit.
2586 1309 2844 1367 Extendit
2872 1325 3003 1381 ergo
3033 1309 3086 1364 in
3129 1310 3382 1380 passione
3419 1325 3540 1365 ma-

1937 1416 2040 1457 nus
2069 1418 2217 1469 suas,
2243 1404 2538 1473 orbemque
2559 1402 2840 1460 dimensus
2860 1413 2967 1469 est,
2990 1412 3047 1458 ut
3061 1403 3172 1473 jam
3202 1413 3328 1458 tunc
3353 1392 3539 1459 OSten-

1937 1493 2109 1561 deret,
2138 1495 2206 1550 ab
2232 1504 2355 1552 ortu
2384 1496 2517 1551 solis
2548 1510 2718 1567 usque
2742 1494 2808 1551 ad
2838 1509 3113 1561 occasum,
3154 1510 3406 1567 magnum
3439 1509 3539 1563 po-

1938 1586 2121 1657 pulum
2150 1602 2219 1644 ex
2248 1588 2501 1643 omnibus
2541 1587 2742 1659 linguis
2781 1596 2837 1643 et
2865 1587 3107 1643 tribubus
3129 1595 3538 1658 congregatum,

1938 1679 2040 1735 sub
2069 1679 2183 1736 alas
2213 1695 2337 1736 suas
2364 1695 2486 1736 esse
2509 1690 2819 1746 venturum,
2842 1682 3161 1750 signumque
3199 1677 3327 1733 illud
3364 1675 3540 1731 maxi-

1937 1786 2108 1840 mum,
2142 1784 2304 1844 atque
2334 1774 2586 1837 sublime,
2617 1773 2881 1828 frontibus
2911 1772 3023 1827 suis
3049 1781 3451 1842 suscepturum.

302 1859 419 1916 Nec
450 1862 593 1917 enim
626 1862 727 1918 hoc
754 1863 1002 1934 cuiquam
1033 1862 1386 1934 ignorantium
1415 1871 1518 1929 est,
1547 1861 1689 1932 quod
1709 1864 1827 1932 ipse
1856 1871 1904 1930 Β
2001 1862 2165 1933 Cujus
2195 1865 2272 1919 rei
2303 1864 2526 1935 figuram
2554 1864 2728 1919 Judaei
2756 1864 3067 1919 etiamnunc
3096 1862 3382 1927 exhibent,
3413 1877 3535 1918 cum

214 1961 358 2009 ante
383 1953 451 2009 de
471 1968 567 2009 sua
594 1954 846 2025 passione
870 1955 1167 2025 praedicans
1197 1956 1356 2011 etiam
1381 1954 1435 2009 id
1466 1963 1650 2009 notum
1680 1952 1826 2011 fece-

212 2048 316 2114 rit,
355 2047 555 2104 habere
592 2063 651 2104 se
696 2058 1079 2118 postestatem,
1127 2064 1249 2104 cum
1295 2048 1473 2112 vellet,
1522 2047 1828 2119 deponendi

210 2144 474 2215 spiritum
501 2152 553 2200 et
583 2143 914 2200 rcsumendi.
950 2142 1188 2200 Suflixus
1216 2144 1393 2214 itaque
1420 2143 1544 2212 quia
1575 2142 1825 2212 Spiritum

213 2236 585 2308 deposuerat,
616 2238 978 2292 necessarium
1008 2236 1294 2292 carnifices
1324 2251 1431 2290 non
1459 2241 1821 2307 putaverunt,

134 2325 158 2375 ε’
210 2346 349 2387 ossa
388 2331 508 2401 ejus
549 2330 867 2401 suffringere
896 2328 1057 2403 (sicut
1085 2344 1203 2385 mos
1228 2345 1415 2385 eorum
1446 2325 1702 2399 ferebat.)
1729 2327 1824 2382 sed

212 2423 597 2479 tantummodo
626 2424 763 2478 latus
791 2423 910 2494 ejus
946 2423 1374 2493 perforaverunt.
1422 2420 1513 2478 Sic
1554 2420 1821 2490 integrum

212 2531 424 2587 corpus
463 2515 701 2588 patibulo
730 2515 1030 2570 detractum
1059 2524 1162 2580 est,
1183 2515 1506 2586 etsepnlcro
1535 2513 1825 2584 diligenter

206 2607 512 2664 inclusum.
540 2607 671 2677 Quae
697 2608 879 2663 omnia
908 2607 1110 2664 idcirco
1137 2608 1276 2663 facta
1315 2618 1475 2674 sunt,
1517 2621 1587 2662 ne
1634 2605 1822 2660 laesum

203 2716 283 2758 ac
313 2702 631 2758 diminutum
660 2717 855 2772 corpus
882 2700 949 2757 ad
976 2702 1365 2772 resurgendum
1407 2699 1648 2755 inhabile
1693 2697 1823 2755 red-

204 2794 461 2853 deretur.
495 2796 585 2852 llla
627 2811 843 2869 quoque
892 2796 1161 2867 praecipua
1200 2794 1301 2851 fuit
1341 2810 1527 2861 causa,
1561 2810 1658 2852 cur
1683 2794 1827 2852 Deus

1931 1958 2116 2014 limina
2145 1972 2239 2012 sua
2265 1958 2348 2028 de,
2368 1973 2564 2013 cruore
2593 1958 2717 2029 agni
2744 1965 2954 2013 notant.
2976 1957 3117 2013 Deus
3142 1956 3286 2012 enim
3314 1972 3537 2027 percus-

1930 2068 2090 2108 surus
2117 2052 2426 2124 Egyptios,
2451 2061 2508 2107 ut
2536 2052 2606 2107 ab
2629 2067 2691 2107 ea
2721 2051 2874 2122 plaga
2908 2052 3173 2106 immunes
3193 2050 3396 2106 faceret
3425 2050 3535 2107 He-

1933 2143 2130 2211 brzeos,
2166 2153 2500 2214 prmceperat
2524 2143 2628 2212 his,
2660 2155 2719 2199 ut
2744 2159 2938 2216 agnum
2965 2144 3252 2200 candidum
3282 2144 3400 2200 sine
3425 2159 3538 2199 ma-

1932 2239 2051 2292 cula
2072 2237 2437 2303 immolarent,
2451 2252 2515 2293 ac
2531 2238 2743 2309 signum
2762 2236 3039 2294 liminibus
3058 2238 3171 2293 suis
3192 2237 3261 2293 de
3277 2240 3536 2309 sanguine

1931 2329 2049 2400 ejus
2092 2329 2457 2400 imponerent.
2488 2330 2675 2400 Itaque
2703 2344 2824 2385 cum
2862 2328 3237 2403 Egyptiorum
3265 2330 3538 2401 primoge-

1930 2424 2040 2478 nita
2065 2439 2172 2479 una
2193 2432 2352 2478 nocte
2373 2423 2707 2490 interissent,
2730 2422 2942 2478 Hebraei
2970 2423 3071 2477 soli
3088 2423 3242 2492 signa
3259 2423 3535 2493 sanguinis

1928 2515 2028 2570 tuti
2074 2514 2320 2579 fuerunt;
2363 2531 2470 2570 non
2519 2513 2641 2585 quia
2683 2529 2843 2570 cruor
2887 2514 3105 2584 pecudis
3155 2524 3354 2570 tantam
3394 2514 3447 2569 in
3476 2529 3538 2571 se

1930 2608 2040 2662 vim
2071 2608 2315 2679 gerebat,
2345 2616 2403 2662 ut
2451 2605 2759 2663 hominibus
2807 2605 2967 2661 saluti
3010 2606 3314 2662 essetzsed
3361 2607 3537 2676 imago

3332 2680 3569 2687 ...__—__—_—..

1884 2701 2109 2782 digerat
2139 2717 2321 2777 rerum
2350 2701 2673 2775 futurarum.
2702 2699 2892 2770 Agnus
2929 2701 3072 2754 enim
3121 2699 3382 2755 candidus
3416 2700 3535 2759 sine

1930 2776 2147 2850 macula
2183 2774 2431 2849 Christus
2476 2793 2609 2860 fuit,
2640 2791 2693 2848 id
2738 2802 2823 2848 est
2852 2792 3145 2860 innocens,
3179 2802 3230 2849 et
3254 2792 3450 2864 justus,
3482 2806 3540 2852 et.

1576 2889 1938 2948 VARIORUM
1975 2889 2207 2948 NOTAE.

206 3002 289 3057 pe
332 2987 473 3059 quod
518 3003 648 3045 crux
687 2985 1122 3059 maledictionem
1166 2986 1277 3059 Dei
1298 2983 1815 3059 adjunclamliabet.
1847 2985 1894 3048 C
1930 2985 2071 3059 __Ab
2092 2987 2292 3057 inferis.
2313 2984 2487 3040 Mss.i
2517 2984 2752 3040 Clarom.
2780 2996 2833 3041 et
2854 2983 3020 3039 Brun.
3051 3001 3084 3039 a
3108 2985 3321 3040 mortuis
3344 3001 3363 3040 :
3388 2987 3536 3056 quod

202 3055 513 3129 Oportebat
564 3067 745 3116 autem
776 3055 1055 3114 Christum
1086 3056 1358 3125 maledici,
1403 3066 1462 3112 ut
1495 3055 1822 3127 justificare-

207 3146 365 3186 mur.
392 3132 579 3187 River.

204 3281 221 3296 .
292 3244 513 3299 Mortem
533 3261 647 3299 cum
672 3244 779 3299 suis
800 3242 1074 3298 terroribus
1096 3242 1456 3311 triumpharet.
1490 3239 1581 3296 Sic
1602 3248 1659 3295 et
1683 3240 1824 3296 libro

205 3332 294 3383 vr,
324 3332 447 3382 cap.
479 3316 572 3381 23,
610 3316 676 3369 ad
724 3314 910 3379 finem,
963 3314 1271 3368 Lactantius
1313 3311 1463 3378 dicit,
1506 3310 1606 3364 Hic
1635 3321 1823 3383 terram

209 3382 555 3458 triumphabit
574 3429 588 3453 ,
621 3387 699 3441 sic
728 3394 783 3441 et
808 3385 1154 3458 uitantuivere
1170 3384 1298 3438 alibi
1308 3384 1546 3458 passim.
1582 3411 1653 3423 -ι
1677 3382 1823 3458 Mor-

208 3470 324 3515 tem
344 3454 457 3511 cum
484 3459 587 3513 suis
618 3457 895 3512 terroribus
920 3457 1271 3523 triumpharet.
1298 3454 1432 3509 Cum
1481 3468 1661 3510 accus.
1697 3464 1754 3508 ut
1782 3455 1819 3508 l.

205 3547 296 3597 vr,
344 3545 395 3585 c.
425 3529 539 3584 ‘25:
591 3528 691 3583 Hic
735 3537 921 3581 terram
963 3527 1317 3597 triumphabit.
1372 3525 1693 3597 Epitoinrc.
1727 3523 1820 3581 46:

209 3595 464 3670 Captivos
491 3600 842 3670 triumphavit.
884 3599 951 3653 Et
979 3614 1099 3668 quin
1124 3595 1325 3670 'nOtavi
1361 3599 1427 3652 ad
1460 3596 1595 3670 Lude
1623 3595 1820 3670 Marte,

208 3667 443 3730 Perseo.
473 3688 593 3741 cap.
625 3667 729 3727 1'6:
765 3667 1028 3726 Saeculum
1049 3685 1163 3723 cum
1178 3668 1283 3724 suis
1310 3667 1611 3724 terroribus
1639 3667 1824 3722 trium-

214 3746 421 3818 phasti.
445 3744 578 3800 Buu.

286 3858 400 3915 Cur
418 3858 600 3930 infami
629 3873 808 3930 genere
853 3855 1115 3930 supplicii.
1149 3854 1231 3909 Ex
1270 3852 1524 3930 omnibus
1546 3924 1555 3930 _
1580 3866 1711 3930 mss.
1736 3923 1750 3930 -
1770 3862 1825 3907 et

207 3923 648 4003 quamplurimis'
665 3923 1084 4003 editis_restitui,
1133 3940 1257 4003 quae
1294 3923 1356 4003 _i_n
1373 3923 1442 4003 -ἕ
1462 3924 1699 4003 vulgatis
1722 3923 1822 4003 de-

212 3993 409 4059 érantl
438 4031 508 4042 —-
535 4000 636 4056 Cur
663 4001 844 4070 infanti
873 4014 1061 4070 genere
1082 3993 1344 4070 supplicii.
1373 3993 1642 4049 Videntur
1668 3993 1823 4070 ex_e_i-:

214 4075 378 4131 disse
402 4088 466 4129 ex
492 4071 677 4128 Gallici
711 4065 969 4126 editione.
1021 4065 1156 4123 Nam
1196 4069 1397 4122 habent.
1449 4080 1583 4121 mss.
1612 4074 1666 4119 et
1694 4065 1824 4120 editi

216 4147 337 4201 mei
395 4160 600 4199 omnes.
649 4143 854 4198 Eodem
885 4156 1069 4206 sensu,
1101 4154 1209 4210 quo
1255 4137 1339 4192 hic
1354 4137 1586 4210 infami,
1621 4135 1757 4210 dixit
1782 4136 1820 4210 l.

220 4233 308 4283 ιν,
334 4232 386 4270 c.
419 4214 486 4271 16
511 4235 524 4269 :
571 4214 771 4285 Insigni
800 4212 1095 4285 supplicio;
1120 4207 1183 4285 ὸ..
1342 4208 1667 4285 Εφξεεηιρἱίξ
1690 4207 1825 4285 pati-2

217 4279 372 4344 bula.
404 4279 739 4342 Arnobius].
774 4301 815 4351 ι,
848 4279 997 4354 ρζΞΟ
1024 4298 1127 4352 pr.:
1154 4280 1457 4354 Idcircogdii
1484 4280 1623 4354 vobis
1650 4279 1825 4354 infesti

219 4373 419 4415 sunt...
450 4359 590 4428 quod
626 4349 895 4411 Imminet-lt
928 4349 1213 4428 natum,_et
1238 4352 1384 4428 quod
1407 4349 1825 4428 personisjufa-

220 4447 320 4487 me
371 4421 708 4494 cst'vililms,
733 4428 908 4483 crucis
933 4425 1197 4496 supplicio
1236 4421 1622 4494 interemptum
1658 4421 1825 4477 Deum

221 4503 395 4575 fuisse
422 4501 742 4556 contenditis.
770 4500 901 4555 Bas.

311 4617 534 4673 Homine
560 4616 716 4671 libero
757 4614 1047 4685 indignum.
1094 4611 1241 4685 crux
1288 4610 1432 4685 enim
1470 4607 1833 4685 servilis‘est

226 4707 420 4763 paena.
458 4690 638 4743 llnrat.
665 4687 783 4763 Sat.
824 4677 1002 4763 5;_li_b.
1032 4700 1046 4737 ι
1075 4701 1102 4763 ;_
1142 4680 1442 4763 Juvenalis,
1465 4677 1835 4763 διιεῖ-λήρου

223 4749 437 4816 Erat-ent
458 4776 618 4814 servo.
662 4749 872 4814 Seneca
899 4756 990 4810 lib.
1020 4770 1036 4808 ι
1073 4754 1140 4808 de
1166 4754 1335 4808 Clem.
1371 4766 1489 4821 cap.
1524 4749 1629 4814 26;
1658 4750 1771 4805 Cic.
1801 4765 1836 4804 v

226 4837 289 4890 in
308 4831 560 4896 Verrem,
586 4830 673 4885 ubi
701 4831 775 4884 ait
802 4828 1078 4883 Romanus
1092 4835 1304 4879 orator:
1325 4821 1663 4896 Quamservis
1682 4821 1834 4896 dam-

227 4905 378 4959 natis
403 4893 601 4956 cruce'm
638 4904 823 4969 ﬁxeras
842 4942 856 4967 ,
887 4900 1019 4952 hanc
1047 4896 1354 4969 indemnatis
1392 4894 1581 4969 civibus
1596 4893 1837 4969 romanis

229 4990 544 5030 reservares.
581 4962 852 5029 Videntur
876 4970 1037 5026 etiam
1087 4966 1196 5023 Jul.
1222 4965 1559 5036 Capitolinus
1594 4965 1649 5020 in
1685 4962 1830 5034 Opil.

233 5046 500 5098 Macrino.
534 5042 734 5098 Fauna.

230 5046 500 5103 Macrino.
534 5046 734 5099 Fauna.

349 5158 419 5214 Ut
461 5158 731 5213 humilibus
772 5164 819 5210 et
857 5155 1067 5222 inﬁmis.
1099 5153 1175 5208 Ita
1203 5151 1414 5208 reSIitui
1443 5165 1506 5222 es
1531 5164 1664 5204 mss.
1695 5147 1838 5203 anti-

234 5230 524 5303 quissimis
553 5234 573 5283 1
608 5228 842 5303 Bonon.,
879 5221 1153 5303 i’Reg.,_2
1182 5226 1252 5278 al.
1279 5224 1439 5303 Begu,
1482 5221 1636 5303 bona;
1672 5231 1837 5303 notae,

237 5290 307 5357 a'c
330 5301 367 5356 4
395 5300 578 5367 editis,
606 5301 747 5370 quod
772 5290 838 5353 ct.
856 5290 1135 5370 sequentia
1158 5296 1462 5370 requirunt.
1502 5294 1566 5349 Et
1590 5291 1669 5347 sic
1700 5290 1840 5347 infra

238 5375 413 5431 iidem
442 5382 497 5429 et
525 5374 553 5426 7
587 5366 676 5426 alii
699 5371 906 5441 scripti.
935 5366 998 5424 in
1021 5369 1095 5422 22
1123 5376 1209 5423 est
1231 5366 1474 5436 inﬁrmis.

321 5483 486 5551 Quem
516 5483 597 5535 die
623 5482 788 5536 tertio.
823 5479 899 5536 lta
946 5478 1075 5534 editi
1114 5493 1233 5533 cum
1263 5477 1515 5551 omnibus
1541 5488 1681 5551 pene
1709 5489 1838 5529 mss.

237 5558 301 5615 In
335 5548 372 5609 ἐ).
396 5553 636 5609 Clarum.
671 5561 775 5619 est,
801 5554 882 5605 die
922 5552 1105 5616 tertiat;
1134 5551 1186 5604 in
1231 5550 1256 5605 1
1291 5549 1422 5619 Reg.
1464 5548 1843 5619 optimmiiota:

235 5640 296 5685 ct
322 5629 377 5681 in
410 5632 431 5680 1
468 5625 630 5679 Brun.
655 5632 737 5679 est
762 5615 898 5693 quod
952 5623 1035 5676 die
1083 5622 1251 5693 tertio.
1282 5615 1655 5690 Ver'um'apud
1683 5615 1839 5693 Joan.

235 5716 371 5771 cap.
403 5697 494 5763 l9,
525 5712 577 5748 ν.
614 5688 930 5771 56,__meliur
958 5694 1094 5771 rati!)
1127 5692 1394 5771 redditur,
1418 5688 1701 5771 neinpe_ut
1744 5688 1844 5743 im-

234 5759 491 5845 pleretur
518 5769 659 5845 quod
690 5767 886 5820 dictum
910 5774 993 5845 est.
1035 5764 1207 5845 Eatudi
1244 5779 1362 5830 cap.
1419 5778 1495 5845 xit
1540 5759 1837 5845 ctl‘iumer.

232 5833 369 5910 ἱ-ςιρ.
401 5856 458 5893 ιι
488 5858 501 5892 ;
537 5837 609 5892 0s
647 5838 1238 5910 noneomminuetises
1263 5851 1352 5910 eo;
1403 5834 1491 5889 ubi
1520 5833 1682 5910 verba
1711 5833 1845 5894 fiunt

232 5903 327 5972 (1ιῖ
350 5914 505 5978 Agno
535 5909 801 5969 l’ascliali,
827 5909 915 5980 qui
947 5909 1111 5978 figura
1148 5906 1242 5963 fuit
1271 5903 1399 5963 Jesu
1431 5904 1732 5963 morientis.
1775 5930 1842 5981 βξ

1927 3055 2070 3112 idem
2094 3055 2196 3113 est.

1998 3150 2128 3203 Ante
2155 3154 2219 3203 de
2246 3166 2340 3203 sua
2380 3149 2617 3219 passione
2653 3148 2958 3220 praedicans.
2991 3147 3117 3204 Haec
3138 3150 3299 3205 lectio
3327 3160 3410 3205 est
3441 3165 3535 3206 ve-

1926 3222 2212 3276 tustiorum
2238 3229 2293 3275 et
2320 3221 2584 3289 potiorum
2611 3234 2742 3291 mss.
2774 3220 2810 3273 2
2844 3220 3077 3285 Bonam,
3105 3220 3441 3291 Regio-Pitt.,
3465 3222 3529 3279 11

1926 3292 2177 3358 alierum,
2209 3306 2272 3345 ac
2295 3292 2328 3345 9
2355 3292 2643 3346 editurum.
2685 3290 2743 3346 In
2768 3292 2835 3346 18
2866 3290 3208 3362 rec.scriptis
3235 3303 3320 3349 est
3344 3303 3531 3349 ante...

1926 3364 2208 3431 prmdicens
2233 3381 2245 3415 :
2280 3379 2387 3432 prw
2411 3362 2555 3418 enim
2589 3362 2729 3417 idem
2755 3373 2838 3418 est
2864 3364 3004 3429 quod
3032 3373 3166 3419 ante.
3359 3388 3362 3391 π

2000 3453 2230 3525 Sit/fixus
2256 3455 2428 3523 itaque
2450 3456 2571 3525 quia
2598 3455 2848 3526 spiritum,
2864 3453 3185 3526 deposuerat.
3203 3456 3293 3512 Sic
3317 3460 3535 3522 reposui

1926 3540 1994 3581 ex
2011 3525 2395 3598 antiquissimis
2415 3540 2544 3598 mss.
2566 3526 2593 3579 1
2616 3526 2775 3598 Begu,
2790 3526 2817 3578 1
2836 3525 3069 3598 Bonam,
3086 3527 3121 3580 2
3139 3528 3209 3580 al.
3228 3528 3361 3598 Reg.
3377 3529 3533 3583 Manu

1926 3597 2130 3651 exarati
2161 3600 2228 3650 16
2258 3610 2367 3651 rec.
2400 3605 2453 3650 et
2494 3596 2530 3649 2
2567 3595 2711 3650 edit.
2748 3606 2853 3650 vet.
2897 3595 3099 3650 habent
3146 3614 3261 3651 cum
3298 3595 3535 3665 spiritum

1925 3667 2444 3735 spontedeposuerat.
2464 3665 2661 3730 Scripti
2685 3666 2721 3719 2
2747 3665 2882 3734 Reg.
2916 3676 2972 3720 et
2998 3666 3225 3722 Turnes.
3253 3684 3375 3722 cum
3406 3670 3531 3723 edd.

1926 3736 1982 3805 8,
1997 3754 2112 3791 cum
2125 3739 2361 3808 spiritum
2376 3748 2556 3807 sponte
2566 3738 2903 3807 deposuisset.
2922 3735 3022 3791 Ms.
3038 3735 3193 3792 Cant.
3206 3779 3220 3803 ,
3239 3738 3536 3809 deponeret.

2001 3828 2238 3883 Inhabile
2267 3828 2583 3883 redderetur.
2613 3825 2731 3881 Non
2760 3836 2843 3882 est
2867 3826 2983 3881 lucc
3007 3826 3177 3894 ratio;
3216 3828 3356 3883 Deus
3384 3831 3536 3885 enim

1928 3903 2019 3968 qui
2048 3900 2255 3956 creavit
2282 3914 2511 3968 corpus,
2542 3898 2789 3953 mutilum
2820 3898 3077 3968 supplere
3116 3898 3343 3954 valebat.
3379 3899 3537 3969 Quod

1927 3972 2087 4026 etiam
2118 3970 2331 4027 eveniet
2361 3972 2412 4025 in
2446 3970 2866 4037 resurrectione,
2895 3984 3017 4025 cum
3061 3971 3244 4026 mutila
3283 3984 3534 4043 corpora,

1926 4056 2057 4097 sana
2085 4051 2141 4098 et
2169 4042 2375 4112 integra
2405 4049 2704 4111 resurgeut.

2000 4134 2259 4209 Euandri.
2285 4133 2382 4188 Hic
2405 4133 2647 4209 allude_re
2668 4132 2877 4209 videtur
2906 4133 2972 4209 ad
3003 4134 3129 4191 illud
3146 4135 3345 4192 Christi
3367 4137 3537 4209 ipsius

1929 4207 2150 4283 verbum
2175 4205 2369 4283 Johan.
2405 4220 2478 4283 rm
2505 4223 2518 4257 :
2553 4204 2621 4283 Et
2655 4221 2747 4278 ego
2776 4206 2822 4261 si
2849 4207 3103 4263 exaltatus
3140 4210 3285 4281 fuero
3315 4225 3349 4263 a
3377 4204 3536 4278 terra,

1930 4277 2103 4332 omnes
2133 4278 2336 4332 traham
2365 4277 2433 4331 ad
2461 4293 2541 4331 me
2562 4277 2750 4347 ipsum.

1850 4377 1905 4436 D
2000 4370 2129 4426 Cum
2174 4371 2355 4425 limina
2393 4386 2487 4424 sua
2512 4370 2589 4441 de
2610 4385 2791 4424 cruore
2832 4371 2969 4441 Agni
3014 4380 3212 4425 notant.
3245 4371 3333 4426 Sic
3373 4373 3536 4427 etiam

1933 4457 2158 4515 sensere
2194 4442 2500 4515 Cyprianus
2539 4440 2634 4495 lib.
2681 4456 2716 4494 ιι
2751 4440 3011 4515 adversus
3058 4442 3273 4515 .ludreos
3305 4441 3333 4515 §
3363 4442 3456 4510 22,
3485 4454 3542 4499 et.

1935 4510 2295 4584 Hieronymus
2322 4513 2375 4567 in
2404 4511 2524 4567 lsai.
2558 4526 2700 4575 vat,
2724 4521 2782 4565 ut
2809 4521 2865 4566 et
2886 4510 3220 4568 Lactantius.

2013 4605 2082 4661 Ut
2111 4622 2304 4677 agnum
2341 4604 2640 4677 candidum.
2690 4603 2857 4677 Exodi
2905 4604 3017 4677 xu',
3059 4605 3263 4677 absque
3308 4609 3538 4675 macula,

1938 4692 2046 4733 non
2090 4673 2310 4742 coloris,
2341 4675 2436 4730 sed
2482 4673 2868 4746 deformitatis,
2892 4686 2950 4728 ut
2973 4673 3542 4746 claudus,scabiosns,

1936 4749 2023 4804 vel
2067 4749 2293 4818 alterius
2324 4746 2438 4801 vitii
2480 4744 2779 4818 aqmorhi.
2816 4745 2930 4801 Hoc
2973 4746 3040 4802 de
3068 4748 3308 4818 qualibet
3328 4744 3543 4806 victima

1940 4820 2137 4876 dicitur
2164 4817 2343 4875 Levit.
2372 4833 2502 4871 χχιι.
2528 4816 2858 4871 Μειιοοιιιυε.

2013 4909 2385 4980 Primogenita.
2411 4908 2500 4980 Sic
2522 4906 2807 4980 emendavi
2833 4922 2915 4980 ex,
2924 4910 3180 4980 omnibus
3207 4928 3337 4967 mss.
3365 4921 3421 4969 et
3447 4915 3546 4968 im-

1942 4983 2164 5053 pressis,
2193 4976 2535 5053 prarte‘r‘Em.
2566 4989 2627 5053 _et
2648 4976 2881 5053 Cant._et
2902 4978 2936 5033 5
2975 4979 3105 5053 edit.
3132 4997 3241 5038 rec.
3274 4985 3324 5037 in
3352 4984 3545 5053 quibus

1942 5049 2045 5119 est,
2079 5050 2418 5121 primogeniti.
2475 5049 2580 5104 Sed
2630 5057 2709 5121 et,
2736 5049 3111 5121 primogenita,
3152 5053 3293 5121 quod
3350 5049 3548 5111 nomen

1941 5123 2189 5178 homines
2210 5119 2261 5176 ei
2291 5121 2522 5191 pecudes
2537 5119 2929 5191 complecutur;
2943 5120 3091 5189 juxta
3109 5119 3513 5189 Ertod.xu,xxtx
3528 5168 3542 5180 .

2015 5194 2199 5265 Imago
2240 5196 2425 5265 fuerat.
2458 5192 2608 5247 Licet
2631 5190 2863 5265 abunde
2904 5200 3050 5265 esset
3075 5205 3540 5265 argumentorum,

1942 5262 2466 5336 quilius'confirmari
2500 5262 3211 5336 possitveritaschristiauie
3239 5265 3541 5334 religionis,

1944 5333 2219 5392 fatendum
2250 5344 2428 5390 tamen
2459 5344 2541 5389 est
2579 5333 2706 5387 olim
2756 5333 2895 5403 apud
2944 5333 3204 5404 quosdam
3251 5333 3545 5406 scriptores

1944 5408 2338 5465 ecclesiasticos
2375 5406 2428 5477 in
2475 5421 2572 5461 usu
2603 5406 2763 5461 fuisse
2785 5447 2799 5470 ,
2833 5415 2891 5477 ut
2928 5419 3277 5475 qua'cumque
3308 5407 3542 5477 aliquam

1945 5478 2059 5536 veri
2093 5479 2328 5548 speciem
2370 5475 2596 5541 ferrent,
2622 5492 2683 5530 ea
2728 5476 2907 5548 omnia
2933 5477 2998 5530 ad
3026 5492 3139 5531 rem
3173 5492 3321 5532 suam
3359 5475 3544 5533 trahe-

1944 5561 2086 5615 rent,
2118 5546 2228 5604 tum
2256 5550 2429 5619 signa,
2468 5557 2579 5603 tum
2622 5546 2954 5619 proplietias,
2984 5549 3142 5619 etiam
3176 5548 3462 5617 allegorire
3491 5559 3547 5603 et

1946 5622 2170 5695 mystice
2193 5617 2455 5690 sumptas,
2481 5618 2621 5689 (ιιιοά
2653 5619 2737 5671 hic
2764 5617 2965 5695 factum
2988 5618 3227 5673 videmus
3254 5636 3282 5670 a
3317 5619 3543 5695 Lactan-

1945 5690 2040 5749 tio.
2075 5696 2321 5747 Attamen
2366 5707 2520 5745 ncmu
2568 5699 2651 5744 est
2687 5690 2774 5756 qui
2814 5700 2970 5754 neget
2998 5704 3190 5758 agnum
3240 5690 3545 5757 paseltalem

1948 5767 2174 5837 figuram
2198 5761 2334 5837 Agni
2364 5763 2496 5837 veri,
2530 5761 2690 5837 idest
2718 5760 3017 5837 Servaturis
3046 5760 3213 5814 nostri
3254 5761 3436 5816 fuisse.

2020 5831 2393 5906 Agnusenim.
2442 5834 2690 5891 Omnium
2737 5831 3225 5904 manuscriptorum
3270 5844 3385 5900 est;
3429 5847 3549 5888 nant

1952 5905 2131 5982 agnus,
2165 5905 2451 5965 editorum.
