3786 6262
434 352 538 409 P5755

1527 348 1711 405 FlMl.
1750 343 2115 405 LACTANTII
2152 343 2357 404 DIVIN.
2400 344 2640 404 INSTIT.

3532 360 3596 418 εδδ

432 466 596 521 titulis
642 466 875 524 honores
919 465 1022 524 sibi
1064 465 1287 523 deorum
1334 465 1689 522 vindicarent.
1719 464 1822 533 Qui
1868 477 2026 520 error
2052 469 2277 531 Amus;
2311 464 2455 520 hunc
2495 465 2668 520 solum
2716 463 3057 532 noverimus,
3089 463 3222 522 hunc
3261 481 3510 540 sequamur.
3528 477 3596 537 hoc

88 770 143 801 ,ο
151 747 380 796 occ-litbus

430 552 621 612 discuti
650 567 843 627 potest,
882 567 935 614 et
960 558 1011 612 in
1035 557 1210 613 lucem
1240 557 1477 613 veritatis
1504 554 1765 628 protrahi.
1799 552 1939 611 Nam
1980 554 2027 610 si

432 649 553 721 quis
580 650 759 708 studet
806 650 965 707 altius
1006 650 1312 723 inquirere,
1344 660 1636 722 congreget
1676 664 1792 717 eos,
1835 648 2031 720 quibus

409 744 622 814 peritia
651 758 733 801 est
772 745 917 801 ciere
944 746 1012 799 ab
1053 744 1239 800 inferis
1283 746 1511 799 animas.
1547 744 1783 800 Evocant
1816 742 2028 809 Jovem,

432 836 763 909 Neptunum,
795 838 1108 904 Vulcanum,
1138 837 1484 905 Mercurium,
1537 836 1907 908 Appellinem,
1937 850 2031 906 pa-

434 937 681 1000 tremque
709 931 949 984 omnium
969 929 1280 986 Saturnum.
1305 929 1723 1000 Respondebant
1752 929 1819 984 ab
1846 926 2032 984 inferis

434 1037 643 1089 omnes,
674 1032 727 1077 et
753 1022 1065 1094 interrogati
1089 1025 1395 1095 loquentur,
1419 1033 1475 1079 et
1493 1023 1563 1079 de
1593 1038 1651 1077 sc
1676 1037 1738 1078 ac
1758 1023 1866 1078 Deo
1893 1020 2031 1077 fate-

434 1115 656 1171 buntur.
688 1116 816 1172 Post
842 1115 955 1172 hzcc
977 1127 1204 1174 evocent
1229 1115 1524 1181 Christum,
1557 1130 1665 1171 non
1695 1115 1889 1183 aderit,
1925 1129 2033 1170 non

332 1252 348 1260 -
378 1242 399 1260 ι
435 1207 748 1278 apparebit;
776 1211 895 1279 quia
917 1225 1022 1264 non
1050 1210 1283 1280 amplius
1309 1223 1466 1280 quam
1484 1207 1647 1264 biduo
1669 1206 1807 1277 apud
1830 1204 2035 1261 inferos

432 1297 552 1354 fuit.
572 1298 711 1368 Quid
742 1300 841 1355 hac
871 1300 1183 1371 probatione
1203 1301 1406 1356 certius
1431 1298 1662 1371 proferri
1691 1298 1896 1369 potest?
1923 1298 2035 1368 Ego

434 1405 564 1446 vero
595 1407 699 1446 non
724 1391 935 1463 dttbito,
963 1394 1093 1464 quin
1121 1392 1189 1448 ad
1217 1394 1495 1448 veritatem
1524 1390 1911 1461 Trismegistus
1937 1389 2037 1444 hac

433 1485 611 1555 aliqua
640 1485 850 1540 ratione
901 1486 1240 1556 pervenerit,
1271 1486 1362 1557 qui
1392 1485 1462 1541 de
1510 1484 1620 1539 Deo
1650 1483 1790 1539 Filio
1828 1482 2037 1539 locutus

434 1592 517 1640 est
543 1582 731 1652 multa,
763 1599 881 1654 qua:
911 1582 1104 1639 divinis
1130 1584 1475 1639 ccutiuentur
1503 1582 1738 1637 arcanis.

992 1676 1220 1734 CAPUT
1258 1674 1498 1732 XXVIII.

527 1772 608 1827 De
632 1790 721 1844 spe
748 1782 795 1827 et
822 1790 937 1827 vera
962 1774 1204 1844 religione
1222 1816 1235 1839 ,
1264 1783 1415 1844 atque
1438 1771 1501 1826 de
1525 1770 1897 1841 superstitione.

2130 556 2344 612 vinculo
2394 556 2610 628 pietatis
2661 555 2909 613 obstricti
2956 556 3066 613 Deo
3116 567 3171 613 et
3221 560 3405 634 religati
3453 583 3595 643 sumus;

2130 647 2274 704 unde
2330 649 2447 718 ipsa
2496 648 2706 721 Religio
2753 663 2950 705 nomen
3000 652 3230 721 accepit,
3260 670 3355 710 non
3393 667 3441 712 ut
3478 660 3599 724 Cicero

2131 739 2519 811 interpretatus
2564 751 2670 803 est,
2712 755 2743 796 a
2774 740 3064 812 relegendo
3090 783 3105 808 ,
3143 744 3230 814 qui
3263 745 3310 800 in
3343 746 3456 803 libro
3473 751 3520 809 de
3536 756 3599 812 Na-

2140 841 2258 888 tura
2296 833 2524 890 deorum
2562 833 2800 890 secundo
2836 835 2909 890 ita
2948 834 3087 905 dixit.
3122 828 3159 890 :'
3185 856 3203 889 α
3239 837 3343 894 Νοη
3365 847 3478 898 enim
3495 847 3601 917 philo-

2133 929 2288 1001 sophi
2317 930 2516 994 solum,
2539 944 2725 985 verum
2752 929 2917 985 etiam
2936 932 3166 999 majores
3185 933 3340 988 nostri
3362 942 3602 1003 superstitio.

2135 1036 2259 1077 nem
2305 1035 2335 1074 a
2384 1021 2645 1093 religione
2672 1028 3081 1092 separaverunt.
3122 1020 3250 1077 Nam
3279 1024 3360 1092 qui
3393 1034 3502 1085 totos
3535 1031 3606 1091 dies

2136 1114 2513 1185 precabantur,
2543 1122 2599 1169 et
2625 1114 2996 1181 immolabant,
3025 1125 3083 1169 ut
3104 1116 3183 1170 sui
3204 1115 3299 1172 sibi
3323 1117 3452 1175 liberi
3485 1138 3606 1195 super.

2136 1208 2291 1264 alites
2315 1216 2518 1271 essent,
2550 1207 2913 1279 superstitiosi
2965 1218 3087 1263 sunt
3116 1209 3374 1280 appellati.
3398 1213 3478 1282 Qui
3497 1229 3608 1277 autem

2137 1298 2337 1367 omnia,
2368 1313 2488 1370 qua:
2508 1298 2575 1354 ad
2607 1299 2804 1354 cultum
2835 1298 3062 1355 deorum
3092 1303 3418 1370 pertinerent,
3440 1316 3608 1366 retracta.

2138 1403 2280 1459 rent,
2313 1400 2369 1448 et
2400 1401 2672 1464 tamquam
2704 1393 3031 1465 relegerent,
3066 1394 3100 1448 ii
3146 1394 3271 1451 dicti
3296 1406 3407 1452 sunt
3428 1400 3609 1472 religiosi,

2139 1499 2205 1540 ex
2232 1483 2529 1555 religendo,
2556 1495 2827 1556 tamquam
2853 1500 2922 1541 ex
2952 1485 3202 1556 eligendo
3243 1487 3494 1558 elegantes,
3520 1504 3555 1548 et
3569 1512 3609 1551 ex

2140 1579 2430 1652 deligendo
2449 1581 2758 1653 diligentes,
2772 1592 2827 1637 et
2860 1582 3208 1654 intelligendo
3234 1582 3544 1656 intelligentes.
3559 1590 3611 1647 liis

2142 1675 2287 1729 enim
2316 1675 2493 1730 verbis
2517 1675 2767 1730 omnibus
2792 1674 2936 1732 inest
2959 1676 3042 1730 vis
3081 1674 3283 1747 legendi
3305 1677 3612 1751 eadem,quein

2144 1766 2399 1836 religioso
2424 1785 2437 1821 :
2466 1768 2537 1822 ita
2564 1765 2763 1823 factum
2790 1776 2875 1823 est
2904 1768 2956 1822 in
2985 1766 3348 1838 superstitioso
3369 1779 3414 1825 et
3437 1770 3612 1843 religioso,

523 1865 654 1935 Qua:
682 1879 803 1920 eum
843 1865 915 1920 ita
953 1881 1015 1922 se
1047 1866 1296 1932 habeant,
1338 1876 1397 1920 ut
1432 1863 1787 1929 ostendimus,
1821 1873 2045 1934 apparet
2144 1858 2371 1915 alterum
2400 1860 2515 1916 vitii
2547 1876 2761 1927 nomen,
2792 1861 3023 1918 alterum
3055 1861 3245 1917 laudis.
3271 1882 3289 1916 ι
3314 1861 3422 1919 Haec
3443 1864 3612 1938 inlerpre

438 1957 639 2013 nullam
667 1957 825 2012 aliam
846 1973 999 2029 spem
1028 1958 1151 2012 vita:
1172 1957 1375 2013 homini
1403 1971 1524 2012 esse
1553 1955 1904 2026 propositam,
1928 1954 2035 2010 nisi
2069 1965 2118 2026 Β
2147 1953 2278 2008 talio
2302 1968 2461 2024 quam
2491 1955 2671 2025 inepta
2700 1955 2789 2021 sit,
2821 1970 2890 2011 ex
2933 1971 2992 2010 re
3034 1955 3147 2026 ipsa
3175 1955 3295 2012 licet
3321 1972 3520 2015 noscere.
3540 1960 3612 2017 Nam

438 2060 500 2106 ut
520 2050 746 2122 abjectis
773 2050 1204 2121 vanitatibusget
1225 2064 1412 2106 errore
1434 2048 1749 2114 miserabili,
1769 2048 1935 2102 Deum
1952 2062 2038 2103 co-

438 2153 683 2216 gnoscat,
707 2153 763 2199 et
794 2145 901 2201 Deo
927 2145 1152 2211 serviat,
1176 2144 1277 2199 nisi
1310 2143 1431 2200 huic
1461 2142 1744 2213 temporali
1768 2141 2042 2197 renuntiet

438 2236 580 2303 vitai,
611 2251 673 2292 ac
704 2251 763 2292 se
793 2236 1111 2291 rudimentis
1130 2236 1354 2306 iustitiae
1377 2235 1447 2291 ad
1487 2234 1690 2290 cultum
1723 2247 1868 2289 vera:
1894 2231 2041 2287 Reli-

439 2328 614 2399 gionis
662 2330 923 2384 instituat.
964 2329 1074 2386 Hac
1104 2329 1249 2385 enim
1297 2328 1604 2384 conditione
1647 2326 1939 2397 gignimur,
1983 2333 2041 2380 ut

438 2423 716 2493 generanti
766 2437 864 2478 nos
906 2421 1015 2479 Deo
1036 2421 1179 2492 justa
1205 2432 1261 2478 et
1286 2421 1466 2477 debita
1502 2418 1758 2491 obsequia
1788 2416 2002 2489 praebea

2141 2046 2185 2100 si
2217 2045 2271 2101 itt
2304 2046 2494 2103 iisdem
2522 2047 2624 2103 diis
2670 2048 2943 2117 colendis,
2978 2057 3035 2105 et
3072 2050 3397 2121 superstitio,
3431 2062 3474 2108 et
3505 2053 3615 2125 religio

2148 2150 2417 2208 versatur,
2443 2142 2657 2213 exigua,
2690 2142 2771 2199 vel
2805 2142 2986 2213 potius
3017 2143 3163 2197 nulla
3184 2141 3413 2198 distantia
3436 2155 3512 2202 est.
3541 2147 3615 2214 Quid

2146 2232 2290 2288 enim
2333 2234 2462 2289 mihi
2490 2233 2679 2292 aﬂ’eret
2704 2251 2903 2303 causae,
2930 2251 3031 2292 cur
3060 2236 3262 2306 precari
3286 2251 3372 2307 pro
3394 2237 3524 2294 salute
3541 2240 3616 2295 lilio-

2145 2340 2263 2380 rum
2290 2328 2482 2394 semel,
2505 2328 2762 2400 religiosi,
2786 2338 2841 2385 et
2866 2328 3010 2384 idem
3036 2328 3216 2385 decies
3245 2329 3425 2398 facere,
3452 2333 3615 2402 superni

2147 2418 2269 2474 tiosi
2305 2434 2427 2476 esse
2473 2421 2705 2478 hominis
2737 2423 3077 2481 arbitretur?
3109 2423 3166 2481 Si
3198 2425 3333 2480 enim
3356 2425 3615 2483 semifacta

1790 2531 2150 2592 VARIOBUM
2186 2533 2414 2594 NUTIE.

439 2698 562 2736 num
612 2681 961 2736 credulitatem
1010 2680 1230 2735 mentita
1257 2677 1519 2733 divinitate
1556 2673 1841 2736 deludunt;
1869 2680 1927 2727 et
1953 2671 2036 2726 in-

442 2752 544 2819 ira,
575 2755 815 2808 mentitis
861 2750 1170 2806 nominibus.
1210 2750 1284 2805 Ita
1320 2750 1537 2813 Cicero,
1570 2747 1664 2801 lib.
1694 2761 1754 2800 ιιι
1783 2743 2032 2808 Tuscul.,

440 2838 490 2879 c.
521 2824 614 2888 24,
646 2823 958 2879 ementitum
988 2823 1277 2891 opinionem
1299 2821 1447 2875 dixit.
1481 2819 1613 2873 Bun.

515 2894 581 2950 lu
617 2897 778 2950 lucem
820 2889 1043 2949 veritatis
1089 2893 1338 2960 protrahi.
1374 2892 1611 2957 Legitur.
1639 2889 1690 2941 in
1739 2889 1903 2942 lucem
1950 2903 2036 2941 ve-

440 2967 570 3020 ritas
597 2966 845 3034 protrahi,
885 2967 1023 3034 apud
1056 2964 1351 3019 Butteman.
1386 2962 1477 3034 qui
1507 2969 1686 3034 notam
1717 2967 2033 3034 sequentem

442 3030 677 3093 contexit
705 3039 755 3092 in
798 3030 935 3091 hanc
973 3039 1289 3090 variantem.
1319 3030 1675 3086 —-‘Restituo
1716 3030 1935 3091 ueritas,
1966 3043 2034 3084 es

443 3107 592 3179 Lips.
624 3111 803 3171 tertio,
854 3108 1082 3179 lteimtn.
1114 3116 1167 3160 et
1198 3106 1434 3179 Aoptitnis
1462 3102 1606 3179 _cdd.
1657 3101 1823 3156 Tom.
1854 3099 2031 3179 4158?,

445 3170 608 3245 16-15,
637 3191 691 3235 et
715 3170 979 3235 Walchio.
1007 3178 1082 3232 lta
1124 3170 1268 3232 enim
1299 3176 1428 3243 epit.
1462 3175 1513 3227 itt
1538 3184 1703 3245 extr.,
1736 3170 1889 3240 prmi.
1922 3189 1934 3225 :
1970 3170 2036 3245 I_n

445 3241 609 3304 lucent
644 3265 682 3303 υ.
702 3253 826 3305 ritas
862 3248 1203 3318 protrahenda
1229 3241 1542 3318 est—Plures
1567 3244 1696 3318 ed_i_ti
1738 3254 1894 3297 antea
1926 3260 1939 3295 :
1971 3241 2042 3318 in

445 3323 608 3375 lucem
648 3315 871 3375 veritatis
896 3320 1147 3390 protrahi.
1178 3317 1584 3390 Atfsecundntn
1630 3315 1833 3390 lib._ttt_.
1878 3329 1927 3390 c.
1962 3315 1988 3368 1
2024 3332 2036 3366 :

446 3391 706 3446 Discussis
730 3386 1067 3461 conviciisque
1092 3389 1346 3445 erroribus
1390 3388 1665 3442 veritas....
1698 3386 2042 3440 clarissimum

446 3464 616 3533 lutneu
634 3463 807 3533 infert.
828 3464 958 3518 BDN.

521 3528 746 3589 Evocant
763 3536 961 3590 Jovem.
981 3533 1095 3589 Non
1121 3533 1354 3601 loquitur
1370 3531 1436 3586 de
1455 3528 1769 3601 evocatione
1790 3528 2038 3595 deorum,

448 3621 585 3676 quos
616 3607 822 3662 urbium
870 3608 1123 3662 tutelares
1169 3606 1520 3676 imperatores
1560 3600 1871 3676 obsidentes
1913 3615 2041 3676 evn-

447 3670 641 3732 cabant
658 3696 669 3729 τ
688 3679 841 3747 cujus
866 3678 1198 3734 evocationis
1226 3670 1458 3747 carmina
1483 3672 1772 3747 suntapud
1800 3670 2034 3747 Macrob.

447 3750 543 3804 lib.
564 3766 619 3803 ιιι
643 3743 882 3813 Saturio.
899 3766 1019 3819 cap.
1037 3748 1090 3814 9,
1108 3760 1161 3805 et
1180 3748 1319 3817 apud
1340 3745 1570 3810 Livium,
1595 3744 1685 3798 lib.
1703 3758 1821 3811 vni,
1836 3743 1955 3798 dec.
1975 3744 1996 3797 1
2021 3758 2037 3808 ;

448 3822 542 3877 scil
588 3822 656 3875 tle
698 3824 867 3889 magia
909 3823 1028 3887 illa,
1073 3819 1435 3889 necromantia
1462 3819 1624 3889 dicta.

521 3895 594 3969 etc
621 3892 750 3969 Deo.
784 3886 840 3949 In
868 3886 1087 3969 vetustis
1111 3893 1266 3956 edit.,
1301 3888 1370 3969 lit
1392 3888 1456 3969 de
1481 3886 1640 3969 Deo.‘
1689 3959 1701 3969 ι
1751 3960 1770 3969 _
1926 3959 1942 3969 ‘
1983 3957 1994 3969 O

526 3964 663 4030 Quia
712 3982 813 4018 non
857 3964 1079 4034 amplius
1122 3980 1274 4034 quam
1324 3962 1474 4034 biduo
1500 3959 1876 4034 apudiuferqs
1917 3959 2035 4034 fuit.

449 4028 668 4091 Scilicet
698 4036 924 4104 integro,
945 4028 997 4090 'si
1040 4028 1386 4088 numerentur
1415 4028 1567 4104 horze
1586 4028 1779 4099 quibus
1804 4028 2041 4104 absolvi-

449 4118 539 4160 tur
566 4108 787 4174 quilibet
807 4101 923 4162 dies
951 4106 1241 4166 naturalis;
1289 4105 1458 4157 tribus
1485 4103 1629 4156 enim
1658 4115 1687 4153 a
1721 4109 1895 4174 morte
1926 4101 2041 4174 dle-

450 4178 552 4234 hus
572 4171 841 4246 inemptis,
862 4196 966 4233 non
995 4178 1294 4244 completis.
1312 4174 1560 4246 Christus
1582 4172 1902 4246 insepulcro
1919 4171 2037 4238 fuit,

451 4260 507 4304 et
538 4248 660 4303 hinc
702 4243 851 4305 tertia
884 4249 971 4306 die
996 4249 1311 4311 resurrexit,
1346 4262 1401 4300 ttt
1433 4245 1591 4299 habet
1621 4243 1955 4313 Symbolum.

522 4316 639 4373 Hac
660 4320 849 4388 aliqua.
870 4322 943 4375 Ila
962 4336 1088 4375 mss.
1110 4318 1454 4389 Regitt-Pttt.,
1472 4318 1506 4371 5
1523 4316 1592 4369 :tl.
1620 4314 1835 4389 liegmﬁ
1860 4315 2035 4389 Coll)”

445 4391 704 4455 Sorbun.,
736 4384 997 4458 Clarom.,
1027 4384 1217 4457 Bruti;
1246 4397 1302 4443 et
1330 4388 1455 4444 editi
1478 4398 1703 4458 septem.
1735 4384 1905 4440 Abest
1942 4388 2039 4440 hac

448 4477 478 4515 a
509 4463 639 4533 Reg.
682 4456 1054 4531 antiquissimo
1080 4472 1134 4515 et
1175 4463 1199 4515 1
1246 4459 1394 4527 Lips.
1441 4458 1497 4533 In
1528 4459 1555 4513 1
1607 4456 1811 4533 Bonon.
1841 4460 2035 4528 antiq.,

451 4534 486 4588 5
514 4528 648 4605 Reg.
681 4551 786 4591 rec.
812 4528 866 4591 et
896 4534 1123 4605 vulgatis
1150 4546 1338 4585 novem
1367 4539 1451 4585 est
1469 4532 1609 4605 [tanti
1622 4528 1823 4605 aliqua.

527 4600 628 4673 Qui
656 4607 719 4659 de
746 4606 853 4661 Deo
882 4600 1023 4658 Filio
1051 4605 1250 4658 locutus
1267 4611 1342 4656 est
1371 4601 1551 4655 multa.
1578 4600 1669 4673 Sic
1696 4601 1813 4673 lego
1839 4615 1910 4654 ex
1942 4615 2036 4670 op-

450 4672 581 4729 timo
609 4678 796 4732 codice
826 4692 927 4731 ms.
954 4675 1268 4744 Regio-init.
1294 4689 1309 4738 ;
1337 4688 1455 4744 quae
1500 4672 1658 4744 lectio
1696 4672 1966 4744 optimum
1986 4682 2041 4728 et

449 4746 808 4802 clarissimum
849 4743 1069 4801 sensum
1106 4743 1344 4799 exhibet.
1378 4743 1472 4798 Ms.
1506 4744 1531 4796 1
1574 4743 1780 4797 Bonon.
1814 4750 1870 4796 et
1906 4743 2035 4798 edit.

449 4815 613 4879 Gall.,
649 4815 895 4885 Sparck.,
944 4818 1031 4886 qui
1074 4814 1136 4870 de
1164 4815 1270 4868 Deo
1304 4813 1461 4869 Patre
1501 4815 1747 4886 omnium,
1792 4813 1855 4886 de
1900 4812 2041 4870 Filio

453 4888 652 4940 locutus
675 4898 744 4941 est
772 4891 929 4941 multa
947 4885 966 4951 ;
996 4901 1095 4941 tns.
1127 4888 1149 4941 ‘l
1182 4886 1313 4957 Reg.
1345 4885 1772 4957 alllitIUiSSilltllS,
1793 4885 1919 4939 item
1940 4887 2036 4957 alii

402 4988 405 4991 -
450 4957 559 5028 tltto
601 4957 729 5028 lieg.
765 4974 875 5012 rec.
901 4969 952 5012 et
996 4957 1030 5011 8
1062 4955 1285 5028 vulgati,
1311 4959 1480 5012 omnia
1508 4957 1572 5011 de
1598 4955 1739 5010 Filio
1757 4964 1908 5028 ._etc.
1937 4956 2035 5012 Ms.

451 5024 617 5082 Cane.
632 5024 703 5083 29
723 5028 812 5083 alii
835 5044 895 5082 ac
918 5044 1109 5082 novent
1135 5024 1378 5095 impressi
1391 5070 1404 5095 ,
1419 5032 1589 5083 omnia
1604 5039 1648 5083 et
1670 5030 1734 5081 de
1752 5025 1911 5091 Filio,
1926 5038 2032 5084 etc.

451 5098 673 5169 inepte;
718 5101 839 5169 quis
879 5101 1020 5154 enim
1061 5100 1129 5155 de
1172 5098 1331 5154 Patre
1371 5115 1603 5169 unquam
1645 5101 1780 5153 dixit
1822 5100 2038 5154 omnia?

449 5185 572 5239 qum
610 5187 707 5226 vox
737 5180 881 5226 certe
914 5172 1131 5225 retineri
1170 5186 1275 5225 non
1309 5179 1499 5239 potest.
1528 5170 1664 5225 Vide
1700 5170 1860 5238 igitur
1891 5170 2035 5226 Tris-

446 5238 733 5311 tnegistum
767 5243 819 5296 itt
852 5239 1160 5307 Pimandro,
1187 5238 1347 5311 capit.
1368 5243 1408 5311 ri
1446 5242 1532 5295 ed.
1568 5241 1785 5296 Sublac.
1825 5238 1987 5296 habet
2019 5260 2032 5296 :

451 5310 556 5379 Qui
571 5314 635 5368 de
653 5311 760 5367 Deo
781 5312 940 5367 Patre
958 5312 1153 5380 omnia,
1184 5324 1230 5366 et
1258 5310 1322 5366 de
1355 5310 1491 5366 Filio
1518 5313 1717 5366 locutus
1744 5321 1819 5366 est
1850 5314 2028 5368 multa.

520 5384 681 5437 Deum
705 5394 993 5456 cognoscat.
1025 5384 1115 5439 Sic
1139 5384 1382 5439 Christus
1404 5383 1543 5456 apud
1572 5383 1831 5437 Joannem
1858 5400 1869 5435 :
1905 5382 2035 5439 Haec

446 5465 519 5510 cst
560 5456 662 5511 vita
704 5453 927 5517 interna,
961 5465 1016 5526 ut
1063 5465 1368 5526 cognoscant
1414 5463 1460 5526 te
1502 5453 1670 5508 Deum
1704 5470 1896 5519 verum,
1923 5466 2028 5510 etc.

443 5531 753 5597 Agnoscere
774 5538 951 5581 autem
976 5525 1140 5579 Deum
1161 5525 1292 5580 nihil
1315 5525 1457 5580 aliud
1480 5533 1583 5591 est,
1605 5542 1763 5597 quam
1786 5527 1842 5580 in
1868 5527 2032 5583 Deum

443 5599 686 5667 credere,
718 5609 773 5652 et
799 5599 865 5653 de
890 5613 978 5661 eo,
1010 5607 1069 5651 ut
1099 5611 1193 5666 par
1217 5605 1319 5663 est,
1352 5600 1572 5652 sentire.

516 5668 792 5724 Generanti
827 5686 918 5725 nos
952 5668 1081 5723 Dea.
1114 5667 1242 5724 Mss.
1268 5684 1367 5725 sex
1400 5683 1512 5726 rec.
1545 5679 1599 5726 et
1627 5668 1847 5725 totidem
1877 5668 2029 5738 editi,

438 5741 680 5811 generati.

518 5810 755 5884 ()bstricti
790 5812 900 5867 Deo
928 5820 974 5866 ct
1020 5811 1224 5884 religati
1260 5829 1453 5868 smnus.
1496 5812 1948 5884 Conjunctionem
1979 5823 2029 5868 et

442 5881 644 5939 restitui
675 5898 741 5938 ex
788 5884 1037 5942 omnibus
1080 5881 1211 5944 mss.
1259 5895 1458 5957 prater
1500 5881 1758 5957 quinque,
1789 5892 1841 5942 et
1886 5882 2018 5942 edit.

2138 2681 2403 2745 quatuor;
2438 2690 2561 2745 quae
2587 2676 2899 2743 coniunctio
2923 2676 3255 2733 admittenda
3290 2689 3368 2735 est
3392 2699 3403 2733 :
3431 2681 3613 2736 rideinin

2137 2744 2277 2819 quod
2300 2744 2563 2819 hominem
2582 2748 2679 2803 sibi
2703 2748 2841 2803 Deus
2868 2748 3184 2819 religaverit,
3212 2760 3257 2804 et
3279 2751 3441 2819 pietate
3459 2758 3614 2807 constrin-

2137 2816 2302 2890 xerit.
2326 2816 2431 2890 Sed
2458 2828 2512 2872 et
2548 2818 2878 2883 Lactantius,
2909 2816 3000 2874 lib.
3041 2821 3147 2876 tde
3176 2816 3387 2890 Opiiicio
3413 2824 3544 2887 Dei,c.
3565 2825 3609 2885 i9,

2144 2896 2271 2964 post
2293 2888 2525 2964 initium,
2559 2892 2810 2964 hominem
2842 2893 3046 2964 virtutis
3071 2888 3375 2947 sacramento
3397 2896 3570 2964 religant.

2210 2956 2419 3031 Cicero.
2440 2961 2556 3016 Lib.
2584 2978 2622 3017 ll
2643 2963 2712 3018 de
2739 2962 2934 3018 Natura
2966 2963 3216 3031 deorum,
3246 2981 3292 3019 c.
3322 2964 3402 3019 28.
3440 2956 3542 3020 Hanc
3567 2967 3615 3021 Cr

2140 3031 2362 3106 cet-onis
2390 3030 2781 3106 derivationem
2813 3050 2843 3089 a
2889 3036 3164 3106 relegendo
3204 3030 3367 3106 rejicit
3394 3036 3615 3098 Lactantius.

2061 3110 2107 3173 ρ
2140 3101 2227 3168 qui
2267 3101 2549 3177 religionis
2587 3116 2803 3177 etymon
2851 3101 3017 3161 sumii
3043 3124 3074 3162 a
3113 3101 3382 3177 religando.
3410 3109 3511 3162 Cum
3537 3107 3614 3161 Lac-

2149 3174 2317 3254 tantio
2357 3175 2481 3254 facit
2523 3174 2581 3231 S.
2620 3174 2931 3233 ambrosius
2963 3178 3121 3254 libro
3152 3174 3224 3234 de
3268 3178 3615 3254 Virginibus._ttbi

2148 3244 2537 3320 virginesuDeo
2586 3261 2782 3316 nuptas
2819 3251 2973 3319 quasi
3024 3251 3273 3320 religatas
3314 3244 3518 3306 ostendit.
3539 3250 3615 3304 Hinc

2146 3317 2290 3370 enim
2319 3316 2633 3392 religionem
2677 3316 2899 3392 dictant‘
2921 3335 3070 3387 esse,
3117 3316 3419 3392 etymologia
3452 3337 3497 3376 re
3523 3337 3615 3391 qua

2145 3400 2278 3441 voce
2304 3391 2503 3462 verior.
2522 3388 2851 3446 Manifestius
2875 3390 3156 3448 Lactantio
3175 3388 3497 3462 adstipulatur
3512 3388 3618 3447 Hiero

2145 3471 2338 3528 nym'ts
2365 3461 2416 3513 in
2448 3462 2612 3533 Amos
2631 3476 2755 3533 cap.
2780 3478 2855 3528 ιι,
2884 3464 3083 3517 dictam
3109 3461 3351 3519 nimirum
3374 3480 3473 3519 esse
3488 3463 3616 3533 religio-

2146 3543 2291 3610 nem,
2319 3531 2463 3610 quod
2491 3531 2645 3610 quasi
2684 3532 2737 3587 in
2767 3534 2963 3610 fascem
3006 3534 3217 3610 Domini
3242 3536 3392 3610 vincti
3421 3546 3465 3591 et
3488 3531 3615 3610 religati

2144 3600 2331 3682 simus.
2370 3600 2563 3682 Verttin
2595 3606 2927 3682 Augustinus
2957 3607 3204 3682 nonnihil
3235 3607 3420 3682 variat,
3448 3605 3498 3682 ad
3530 3600 3616 3682 ρῖα·

2144 3673 2293 3746 tjouis
2320 3673 2715 3743 expositionem
2746 3676 2965 3746 propius
3004 3673 3285 3733 accedens.
3317 3677 3432 3732 Nant
3469 3676 3507 3731 in
3538 3676 3616 3730 libro

2142 3742 2403 3820 dehCivit.’
2432 3746 2521 3820 Dei
2568 3763 2603 3820 ξ
2624 3790 2639 3813 ,
2669 3742 2789 3816 cap.
2818 3742 2872 3815 4⁷,
2901 3747 3099 3803 dictant
3129 3766 3245 3804 eam
3272 3749 3459 3820 quidem
3482 3756 3616 3820 putata

2142 3814 2425 3884 religendo,
2451 3817 2714 3874 allusione
2740 3814 2980 3874 nominis
3006 3824 3087 3881 (ut
3120 3814 3460 3889 Vives-putat)
3484 3814 3535 3873 ad
3554 3831 3614 3889 [ιιλα

2143 3900 2269 3962 num
2309 3902 2379 3962 ex
2415 3890 2701 3944 occasione
2748 3900 2925 3961 capta.
2957 3889 3135 3947 Verba
3192 3886 3352 3962 ipsius
3387 3900 3487 3944 sunt
3513 3886 3618 3962 till?"

2143 3958 2280 4032 enim
2328 3960 2452 4032 fons
2472 3973 2659 4017 nostra:
2684 3958 3046 4030 beatitudinis,
3078 3965 3188 4032 ipse
3214 3958 3369 4017 omnis
3398 3960 3618 4031 appetitionis

2143 4039 2216 4082 est
2244 4031 2380 4098 ﬁnis.
2405 4031 2559 4087 Hunc
2584 4033 2846 4104 eligentes,
2878 4033 2955 4088 vel
2982 4037 3153 4104 potius
3175 4035 3423 4104 religantes
3449 4032 3619 4104 (trinitat-

2142 4115 2254 4177 mus
2279 4104 2432 4177 enim
2477 4101 2806 4177 negligentes)
2843 4101 2991 4159 hunc
3016 4123 3138 4177 ergo
3180 4101 3570 4177 tangentem—uult
3593 4109 3616 4151 ιι

2142 4171 2320 4242 religio
2368 4177 2504 4229 dicta
2541 4171 2867 4246 perhibetur,
2896 4177 2965 4230 ad
2994 4171 3109 4231 eum
3149 4171 3402 4231 dilectione
3439 4175 3616 4233 tendimus,

2143 4250 2199 4295 ut
2229 4247 2566 4317 perveniendo
2612 4250 2931 4316 quiescamus
2963 4268 2976 4305 :
3013 4249 3128 4303 ideo
3173 4250 3320 4313 beati,
3346 4248 3449 4317 quia
3470 4245 3534 4299 illo
3559 4245 3617 4313 {tu

2141 4315 2371 4383 perfecti.
2407 4315 2737 4375 Berunstus.

2213 4385 2301 4459 [_ta
2330 4390 2475 4444 dixit.
2504 4391 2982 4459 Manuscriptorum
3014 4402 3129 4458 est;
3159 4392 3279 4446 dicit
3303 4393 3395 4451 ita,
3422 4389 3613 4443 editorum.

2215 4456 2303 4534 Ea:
2325 4461 2556 4534 eligendo
2590 4456 2860 4534 elegantes.
2894 4456 3152 4533 Ifligentes
3173 4464 3376 4531 scripsit
3393 4463 3614 4534 Bttnetmna

2070 4523 2119 4583 D
2146 4531 2234 4598 qui
2266 4523 2424 4599 hujus
2448 4523 2703 4588 variantis
2727 4536 2804 4589 sic
2826 4523 3088 4591 rationem
3123 4523 3456 4591 reddit.——E.r
3473 4527 3615 4599 religata

2144 4597 2401 4682 eligentes.
2431 4602 2631 4682 Scripsi
2666 4606 3242 4682 eligentes,‘pra'ettttte
3270 4597 3614 4682 tttss._Ciccr_(ttt_i§s

2143 4668 2273 4727 etin
2296 4668 2572 4752 Lactantio
2595 4668 3183 4752 mss.'lttn.,]{eimtu.,
3213 4679 3384 4752 Rost._,
3404 4674 3505 4728 \‘ett.

2143 4755 2370 4821 utraﬂue
2391 4746 2480 4821 72f.
2505 4746 2668 4821 1515,
2693 4737 3081 4821 Paris..'Crat..
3100 4737 3502 4821 thnn.LTorn.,

2144 4806 2302 4892 tota:
2336 4818 2406 4872 At
2430 4806 2615 4873 Gott...
2642 4806 2818 4892 Lips.,
2843 4806 3034 4885 Fasit.,
3054 4806 3282 4892 Gripi...
3305 4806 3620 4892 τοωωελίὸιᾶ.

2141 4884 2398 4962 Tbtttnas.
2423 4904 2567 4962 sqq..
2600 4881 2874 4960 elegantes,
2903 4881 3044 4961 quod
3075 4881 3197 4962 quia
3224 4881 3278 4947 in
3303 4889 3462 4945 multis
3482 4881 3616 4940 Cicera

2141 4958 2397 5028 nis-libris
2426 4958 2725 5028 prmfertur,
2758 4978 2857 5018 nec
2883 4958 2970 5018 hic
2998 4958 3216 5018 damno.
3249 4964 3374 5018 Bon.

2226 5027 2596 5086 Verbis.’ﬂanc
2626 5048 2815 5089 vocem
2866 5034 3048 5089 addidi
3086 5050 3154 5089 ex
3205 5033 3435 5090 omnibus
3464 5028 3616 5099 mss?!

2139 5099 2332 5179 editis;
2363 5113 2551 5185 estque
2577 5104 2717 5174 apud
2739 5103 3076 5161 Ciceronem.
3111 5104 3281 5162 Abest
3305 5117 3422 5158 vero
3444 5105 3615 5155 aczlefﬁ

2139 5184 2210 5224 “ll
2219 5184 2436 5228 υΐθεείς.

2270 5245 2377 5299 ulla
2400 5244 2643 5300 distantia
2663 5257 2755 5302 est.
2783 5247 2898 5303 Non
2928 5257 3031 5304 tam
3056 5249 3110 5304 itt
3135 5250 3321 5306 lanna.
3342 5259 3478 5313 quam
3502 5239 3615 5313 inut}-

2138 5314 2292 5390 teria.
2323 5316 2598 5390 religionis
2626 5329 2676 5374 et
2701 5321 3096 5390 superstitionis
3123 5304 3407 5376 differentia
3430 5321 3509 5390 est.
3528 5304 3615 5390 itali-

2134 5386 2223 5456 gio
2248 5380 2494 5442 consisiit
2518 5390 2569 5443 in
2597 5405 2725 5444 vero
2755 5380 2819 5447 ac
2851 5391 3095 5459 prudenti
3127 5391 3239 5446 veri
3269 5380 3613 5459 nunnnis_cu.|.ltli

2136 5449 2448 5532 superstitio
2477 5474 2604 5515 vero
2633 5474 2712 5516 CSl
2744 5449 2957 5532 spurius
2991 5461 3234 5531 ejusdem
3272 5460 3460 5532 cultus._
3483 5449 3614 5516 Belliio

2134 5531 2508 5600 complectitur
2552 5547 2734 5587 veram
2774 5528 3078 5589 christiana:
3127 5534 3376 5589 doctrinae
3420 5528 3612 5600 pietatrttp

2136 5598 2319 5667 ﬁdem,
2350 5601 2533 5670 vitam,
2566 5603 2730 5673 leges,
2760 5606 2896 5660 ritus
2924 5615 2979 5661 et
3018 5616 3363 5660 sacramenta.
3389 5598 3613 5673 severs-9""

2135 5683 2218 5727 est
2262 5665 2891 5746 imbecillt'atqne'auilis
2920 5677 3106 5741 animi,
3151 5678 3239 5747 qui
3266 5665 3483 5730 autfalso
3501 5665 3613 5719 ad“?

2135 5754 2238 5809 ret,
2262 5755 2354 5800 attt
2379 5747 2658 5802 veritatem
2689 5748 2837 5813 colit,
2868 5747 2962 5803 scd
2994 5763 3099 5803 non
3125 5761 3183 5803 ut
3210 5762 3300 5815 par
3325 5754 3413 5799 est.

2208 5815 2334 5872 Si...
2369 5817 2522 5871 semel
2551 5821 2739 5887 facere.
2784 5818 2860 5873 Ita
2897 5819 3115 5876 Hieron.
3149 5813 3267 5875 adv.
3308 5814 3512 5887 Vigilant.
3544 5815 3569 5856 l.
3590 5813 3609 5887 tl

2132 5886 2299 5959 oper.
2322 5887 2360 5945 f.
2389 5904 2463 5945 tn.
2496 5880 2597 5947 ηιξ
2625 5906 2639 5946 :
2672 5890 2823 5959 Quod
2851 5893 2984 5947 enim
3012 5893 3161 5948 semet
3193 5880 3526 5962 fecisse'botntm
3554 5880 3610 5931 ett.
