3786 6262
147 372 275 434 537

1069 380 1274 438 LIBER
1316 381 1404 438 IV.
1447 378 1537 436 DE
1577 377 1764 435 VERA
1803 374 2168 434 SAPIENTIA
2209 376 2296 434 ET
2327 377 2558 437 RELIG.

3361 378 3467 434 558

139 497 427 564 optimum
455 507 558 564 est,
585 506 784 570 quanto
823 499 992 568 magis
1017 499 1246 572 smpius?
1293 496 1351 552 Si
1387 497 1518 551 hora
1551 496 1757 566 prima;
1786 496 1839 556 Î‘
1863 495 1952 564 qui
1985 493 2122 548 filios
2152 507 2284 548 suos
2312 495 2625 564 superstites
2661 502 2853 565 optant
2882 494 3095 565 (omnes
3125 494 3272 551 enim
3308 502 3467 565 opta-

141 598 298 658 ergo
318 600 372 646 et
392 599 500 646 tota
522 591 628 646 die.
655 591 710 648 Si
736 607 839 646 una
867 592 1039 647 hostia
1064 591 1361 662 placabilis,
1390 588 1763 660 placabiliores

140 681 352 752 utique
401 684 587 738 hostiae
639 684 910 755 plurimm,
960 685 1083 755 quia
1129 682 1482 752 multiplicata
1508 679 1765 749 obsequia

135 768 516 830 demerentur
539 778 715 846 potius
747 792 906 847 quam
937 776 1235 832 oll'endunt.
1267 774 1385 829 Non
1435 773 1578 827 enim
1611 770 1764 827 nobis

131 861 338 921 odiosi
371 867 618 922 videntur
641 868 674 922 ii
705 866 910 934 famuli,
939 869 1028 937 qui
1058 867 1258 923 assidui
1285 877 1337 921 et
1365 865 1673 935 frequentes
1696 862 1765 917 ad

133 956 481 1033 obsequium
513 962 730 1026 fncrint,
771 963 866 1018 sed
899 962 1066 1031 magis
1091 960 1259 1016 chari.
1292 957 1399 1013 Cur
1429 958 1589 1028 igitur
1612 957 1681 1011 sit
1708 957 1763 1010 in

135 1051 340 1122 culpa,
373 1065 423 1108 et
443 1069 638 1109 nomen
673 1054 1099 1124 reprehensibile
1127 1054 1404 1121 suscipiat,
1452 1051 1543 1122 qui
1584 1060 1674 1104 aut
1702 1049 1765 1103 li-

137 1140 256 1197 lios
287 1161 419 1201 suos
446 1147 616 1216 magis
641 1145 834 1216 diligit,
865 1155 957 1201 aut
982 1146 1115 1200 deos
1143 1145 1312 1215 magis
1361 1143 1611 1206 honorat,
1641 1141 1762 1195 lau-

146 1234 322 1294 detur
343 1250 524 1296 autem
553 1241 642 1312 qui
673 1240 883 1295 minus?
923 1239 1075 1309 Quod
1100 1247 1471 1309 argumentum
1504 1237 1665 1292 etiam
1697 1250 1763 1290 ex

149 1335 441 1390 contrario
475 1336 634 1390 valet.
669 1336 723 1391 Si
751 1335 894 1390 enim
926 1342 1066 1388 totos
1095 1333 1210 1387 dies
1239 1333 1446 1402 precari
1476 1341 1530 1385 et
1573 1331 1765 1384 immo-

147 1423 274 1482 lare
306 1428 552 1483 criminis
577 1437 694 1494 est;
727 1443 859 1499 ergo
892 1437 948 1483 et
977 1426 1228 1482 semel.Si
1259 1425 1580 1496 superstites
1627 1423 1765 1478 filios

149 1520 398 1576 subinde
427 1531 615 1592 optare
640 1520 892 1576 vitiosum
926 1529 1029 1582 est,
1063 1519 1465 1590 superstitiosus
1493 1517 1653 1588 igitur
1681 1524 1764 1572 est

138 1621 208 1666 et
234 1612 360 1680 ille,
393 1614 483 1682 qui
515 1613 676 1669 etiam
711 1628 834 1669 raro
861 1611 913 1668 id
941 1614 1229 1683 optaverit.
1261 1611 1370 1666 Aut
1400 1627 1496 1666 cur
1522 1611 1631 1665 vitii
1664 1625 1763 1665 no-

134 1717 312 1768 men,
364 1705 409 1759 si
450 1720 516 1759 ex
559 1719 626 1760 eo
655 1713 880 1760 tractum
905 1747 918 1769 ,
951 1719 1061 1774 quo
1101 1704 1234 1759 nihil
1281 1703 1584 1769 honestius,
1632 1702 1764 1760 nihil

125 1796 361 1869 justius
388 1801 560 1868 optari
595 1802 808 1869 potest?
837 1800 968 1855 Nam
1000 1800 1165 1872 quod,
1188 1801 1262 1855 ait
1294 1801 1576 1872 religiosos
1607 1816 1636 1854 a
1680 1815 1766 1856 re-

130 1887 396 1960 legendo
437 1890 754 1959 appellatos,
780 1893 868 1958 qui
897 1901 1188 1948 retractent
1222 1908 1283 1946 ea
1306 1892 1607 1958 diligenter,
1641 1908 1760 1962 quae
1792 1893 1840 1953 B

131 1982 224 2036 ad
250 1979 459 2035 cultum
505 1979 728 2036 deorum
759 1983 1080 2052 pertineant,
1116 1998 1212 2036 cur
1237 1998 1364 2051 ergo
1397 1983 1496 2048 illi,
1539 1983 1630 2052 qui
1659 1983 1761 2038 hoc

132 2088 308 2139 saepe
339 2073 391 2127 in
422 2073 510 2127 die
553 2074 766 2138 faciant,
815 2074 1197 2143 religiosorum
1244 2091 1439 2129 nomen
1470 2077 1758 2140 amittant;

131 2181 286 2222 cum
314 2167 481 2221 multo
504 2167 684 2237 utique
710 2165 1021 2235 diligentius
1043 2183 1108 2223 ex
1135 2167 1449 2222 assiduitate
1478 2169 1591 2238 ipsa
1622 2168 1760 2223 rele-

137 2269 294 2332 gant
323 2275 408 2327 ea,
439 2259 634 2329 quibus
662 2259 734 2314 dii
766 2260 1056 2315 coluntur?

240 2353 377 2421 Quid
404 2367 532 2422 ergo
556 2352 676 2409 est?
705 2352 967 2408 Nimirum
979 2353 1183 2433 religio
1209 2355 1318 2430 veri
1345 2355 1522 2429 cultus
1542 2365 1644 2428 est,
1667 2370 1759 2427 su-

1868 603 2015 653 mus;
2040 586 2058 658 )
2087 587 2181 643 sed
2208 596 2300 643 aut
2328 588 2400 655 ii,
2443 589 2532 658 qtti
2563 587 2910 659 superstitem
2942 589 3254 644 memoriam
3281 587 3471 646 defun-

1866 690 2074 735 ctorum
2106 682 2310 746 colunt,
2343 691 2435 735 aut
2465 681 2552 751 qui
2584 681 2902 752 parentibus
2943 680 3057 734 suis
3099 681 3416 747 superstites
3440 722 3457 747 ,

1866 775 2114 829 colebant
2153 776 2412 846 imagines
2451 791 2638 830 eorum
2685 775 2830 830 domi
2860 784 3114 846 tanquam
3143 773 3277 830 deos
3305 790 3469 846 pena-

1869 877 1967 924 tes.
1999 868 2132 924 Nam
2156 870 2243 940 qui
2265 885 2433 925 novos
2461 869 2564 924 sibi
2596 870 2731 925 ritus
2759 869 3128 933 assumebant,
3155 877 3212 922 ut
3241 867 3467 925 deorum

1866 967 1984 1022 vice
2007 977 2248 1022 mortuos
2268 967 2617 1033 honorarent,
2638 981 2771 1036 quos
2793 982 2858 1020 ex
2880 965 3186 1020 hominibus
3202 965 3254 1018 in
3272 963 3470 1020 caelum

1867 1068 2115 1129 receptos
2141 1058 2432 1130 putabant,
2481 1058 2580 1113 hos
2619 1059 3028 1129 superstitiosos
3052 1057 3334 1112 vocabant.
3364 1057 3472 1114 Eos

1867 1167 2018 1218 vero,
2036 1152 2123 1220 qui
2147 1151 2390 1221 publicos
2417 1161 2469 1206 et
2496 1151 2748 1220 antiquos
2769 1150 2902 1206 deos
2928 1150 3192 1218 colerent,
3218 1149 3472 1222 reliogio-

1867 1258 1958 1299 sos
1985 1242 2353 1298 nominabant.
2382 1242 2536 1299 Unde
2560 1242 2846 1314 Virgilius:

1992 1363 2128 1414 Vana
2153 1366 2460 1428 superstitio,
2489 1369 2818 1430 veterumque
2837 1367 3008 1428 ignara
3029 1365 3250 1416 deorum.

1871 1496 1975 1552 Sed
1989 1512 2109 1551 cum
2126 1506 2338 1552 veteres
2354 1511 2570 1567 quoque
2588 1495 2722 1550 deos
2735 1494 3078 1550 inveniamus
3097 1492 3287 1548 eodem
3311 1491 3474 1548 modo

1869 1597 2216 1644 consecratos
2243 1603 2364 1644 esse
2406 1597 2530 1658 post
2555 1588 2759 1643 obitum
2784 1603 2803 1652 ;
2832 1584 3193 1657 superstitiosi
3223 1597 3356 1654 ergo
3381 1583 3474 1654 qui

1868 1682 2066 1737 multos
2087 1698 2148 1736 ac
2180 1681 2341 1737 falsos
2365 1681 2495 1736 deos
2517 1681 2720 1736 colunt.
2751 1679 2860 1736 Nos
2886 1689 3066 1735 autem
3090 1677 3350 1750 religiosi,
3378 1677 3471 1748 qui

1873 1773 1962 1827 uni
1989 1781 2042 1828 et
2065 1787 2194 1830 vero
2220 1773 2330 1830 Deo
2360 1773 2751 1844 supplicamus.

2429 1945 2657 2001 CAPUT
2698 1944 2890 2000 XXIX.

1863 2080 1942 2137 De
1967 2081 2209 2152 religione
2237 2081 2535 2145 christiana,
2567 2090 2614 2134 et
2643 2081 2703 2134 de
2729 2079 2854 2138 Jesu
2880 2096 2995 2136 cum
3018 2076 3181 2136 Patre
3212 2081 3469 2148 coniunc-

2511 2175 2662 2228 tione.

1934 2355 2184 2411 Fortasse
2213 2364 2421 2428 qnaarat
2450 2356 2664 2427 aliquis,
2693 2355 2988 2427 quomodo,
3012 2370 3135 2410 cum
3168 2355 3336 2412 Deum
3372 2369 3471 2412 nos

147 2443 408 2517 mrstitio
434 2441 604 2520 falsi:
623 2442 693 2498 Et
736 2445 957 2499 omnino
979 2429 1114 2515 quid
1156 2428 1300 2500 colas
1342 2428 1604 2511 interest,
1652 2460 1760 2501 non

149 2536 619 2608 quemadmodum
651 2537 833 2602 colas,
887 2547 978 2592 aut
1005 2537 1132 2608 quid
1183 2553 1424 2609 precerc.
1477 2537 1584 2594 Sed
1636 2540 1758 2608 quia

154 2630 390 2686 deorum
420 2631 653 2686 cultores
681 2631 962 2702 religiosos
1010 2647 1067 2686 se
1114 2641 1329 2701 putant,
1361 2648 1482 2686 cum
1525 2634 1632 2686 sint
1672 2647 1761 2688 su-

1863 2465 2025 2504 unum
2056 2449 2234 2503 eolcre
2259 2449 2520 2515 dicamus,
2549 2449 2687 2503 duos
2711 2459 2889 2503 tamen
2913 2462 3036 2503 esse
3066 2463 3464 2518 asseveremus,
3509 2508 3544 2526 Îº

1863 2541 2032 2596 Deum
2065 2540 2278 2594 Patrem
2309 2551 2356 2595 et
2392 2540 2561 2594 Deum
2592 2540 2783 2594 Filium
2814 2558 2825 2592 :
2856 2555 2974 2609 quae
3003 2539 3332 2594 asseveratio
3355 2538 3472 2610 ple.
3504 2550 3708 2621 grati.Â»

3508 2608 3596 2646 \â€˜us
3610 2620 3688 2641 mu

1863 2649 2062 2703 rosque
2106 2633 2160 2687 in
2192 2633 2486 2686 maximum
2528 2633 2750 2702 impegit
2798 2648 3060 2687 errorem.
3115 2634 3320 2699 Quibus
3347 2648 3470 2688 cum
3496 2633 3786 2716 Î¹Î¶á¿–á¼¶Î¾Ï‚Î¶Î¶á¿–Î¼Î‘

157 2725 491 2795 perstitiosi,
545 2741 645 2780 nec
687 2726 1002 2796 religionem
1039 2736 1265 2795 possunt
1299 2742 1328 2780 a
1377 2727 1762 2796 superstitione

161 2820 491 2884 discernere,
521 2833 622 2874 nec
649 2817 1060 2889 significantium
1111 2820 1385 2873 nominum
1419 2819 1722 2889 exprimere
1743 2863 1758 2888 ,

162 2909 400 2964 diximus
423 2925 616 2964 nomen
646 2909 943 2980 Religionis
973 2926 1002 2963 a
1035 2910 1248 2964 vinculo
1278 2911 1488 2978 pietatis
1520 2926 1641 2967 esse
1667 2911 1760 2967 de-

95 3003 112 3015 '
173 3002 407 3065 ductum,
430 3004 570 3074 quod
605 3003 878 3058 hominem
907 3004 1008 3058 sibi
1045 3005 1183 3058 Deus
1210 3004 1536 3075 religaverit,
1568 3016 1616 3060 et
1650 3006 1762 3076 pie-

170 3103 278 3149 tate
303 3095 715 3161 constrinxerit;
748 3096 869 3166 quia
902 3095 1109 3151 servire
1140 3111 1236 3151 nos
1262 3097 1312 3152 ei
1342 3107 1396 3150 ut
1427 3099 1672 3164 domino,
1707 3109 1761 3155 et

170 3185 383 3257 obsequi
431 3197 487 3242 ut
517 3189 655 3258 patri
685 3203 908 3244 necesse
945 3200 1047 3243 est.
1081 3189 1272 3244 Melius
1299 3205 1428 3261 ergo
1467 3191 1517 3245 id
1562 3208 1758 3248 nomen

1864 2723 2158 2796 probabilia
2192 2724 2470 2778 vidcantur
2512 2738 2654 2788 esse,
2685 2739 2802 2794 qua:
2841 2724 3092 2790 dicimus,
3136 2725 3186 2778 in
3217 2724 3319 2778 hoc
3361 2739 3471 2780 uno

1864 2817 2045 2872 labare
2076 2832 2173 2871 nos
2203 2816 2545 2877 arbitrantur,
2577 2815 2720 2886 quod
2753 2824 2805 2870 et
2831 2815 3080 2882 alterum,
3109 2826 3163 2871 et
3186 2817 3468 2873 mortalem

1868 2910 2032 2965 Deum
2087 2908 2367 2964 fateamur.
2401 2907 2472 2962 De
2511 2907 2836 2962 mortalitate
2874 2907 2985 2976 jam
3021 2907 3256 2962 diximus
3286 2927 3297 2961 :
3327 2924 3470 2965 nunc

1863 3005 1932 3060 de
1965 3005 2167 3057 unitate
2193 3002 2502 3056 doceamus.
2526 3000 2659 3056 Cum
2683 3000 2913 3057 dicimus
2949 3003 3113 3056 Deum
3140 3001 3376 3069 Patrem,
3410 3013 3466 3058 et

1867 3097 2033 3153 Deum
2064 3096 2254 3151 Filium
2275 3138 2289 3161 ,
2325 3110 2428 3150 non
2459 3095 2732 3150 diversum
2763 3094 3026 3158 dicimus,
3061 3109 3159 3150 nec
3190 3103 3472 3165 utrumque

1864 3190 2215 3253 secernimus;
2239 3189 2360 3260 quia
2394 3204 2492 3244 nec
2517 3189 2676 3243 Pater
2698 3189 2813 3243 sine
2841 3187 2978 3242 Filio
2999 3202 3119 3242 esse
3147 3197 3340 3258 potest,
3370 3204 3472 3244 nec

171 3279 441 3336 Lucretius
470 3283 855 3351 interpretatus
899 3293 1012 3348 est,
1047 3283 1135 3352 qui
1190 3284 1258 3336 ait
1281 3326 1296 3350 ,
1347 3284 1663 3354 religionum
1694 3301 1754 3341 se
1782 3297 1825 3359 Ï
1860 3284 2027 3338 Filius
2057 3299 2084 3336 a
2112 3283 2271 3338 Patre
2301 3284 2530 3350 secerni,
2554 3284 2598 3337 si
2622 3282 2837 3352 quidem
2869 3297 2968 3336 nec
3001 3281 3160 3336 Pater
3189 3283 3307 3337 sine
3337 3281 3472 3336 Filio

173 3373 334 3429 nodos
359 3375 662 3432 exsolvere.
684 3374 1054 3445 Superstitiosi
1087 3386 1264 3430 autem
1306 3386 1600 3442 vocantur,
1644 3394 1751 3434 non

1861 3379 2178 3449 nuncupari,
2209 3392 2307 3433 nec
2332 3376 2499 3433 Filius
2527 3385 2703 3448 potest
2731 3377 2849 3431 sine
2870 3375 3026 3432 Patre
3049 3375 3314 3448 generari.
3335 3374 3468 3431 Cum

1490 3519 1846 3577 VARIORUM
1883 3518 2114 3575 ÎÎŸÎ¤á¾¹Îž.

178 3671 268 3710 non
293 3667 446 3784 pstea
473 3661 665 3715 ntalum
703 3675 839 3726 esse,
869 3661 912 3715 si
943 3665 1226 3731 frequenter
1253 3663 1362 3730 ï¬at.
1407 3661 1590 3717 Nostis
1627 3663 1755 3718 reli.

178 3742 284 3784 nua.
363 3745 446 3784 ua.

173 3742 284 3798 qua.
318 3742 446 3784 uua.

238 3799 432 3856 Hostia:
461 3803 713 3871 plurimm.
743 3803 830 3857 Sic
858 3805 1069 3873 reposui
1097 3820 1161 3858 ex
1193 3805 1370 3858 multis
1399 3820 1528 3858 mss.
1559 3814 1612 3858 et
1648 3805 1751 3858 im-

165 3875 384 3945 pressis.
415 3874 466 3927 ln
498 3875 532 3929 4
561 3874 694 3944 Reg.
721 3885 773 3930 et
800 3875 963 3930 Brun.
995 3875 1261 3943 editisque
1281 3877 1311 3929 7
1339 3877 1531 3945 legitur
1559 3878 1748 3944 plures.

232 3943 587 3999 Demerentur.
641 3943 852 4016 Optima
904 3943 1420 4016 quamplurimorutn
1465 3943 1594 4003 mss.
1638 3958 1688 4000 et
1718 3950 1750 4002 9

155 4017 428 4073 editorum
472 4018 651 4088 lectio,
681 4033 838 4088 quam
868 4018 1242 4072 Amannenses
1291 4018 1459 4084 ignari
1487 4035 1746 4086 corrupe-

153 4097 283 4144 runt
314 4088 367 4142 in
389 4090 424 4142 2
450 4087 710 4150 Colbert.,
738 4089 788 4142 in
812 4089 1144 4143 Torncsiano
1163 4104 1225 4142 ac
1244 4089 1277 4142 Îµá½¶
1296 4089 1528 4144 Claront.
1550 4092 1744 4146 substi-

153 4169 410 4221 tuentes,
443 4158 607 4213 Deum
641 4171 930 4224 merentur;
965 4161 1016 4212 itt
1052 4161 1070 4212 l
1115 4160 1352 4214 Colhert.
1396 4171 1449 4215 et
1481 4170 1511 4216 4
1543 4163 1752 4216 excusis

150 4231 398 4304 obsequia
423 4242 694 4304 merentur.
716 4262 787 4304 á½³-
815 4229 1142 4304 Denterentur
1164 4233 1349 4300 potius,
1384 4249 1540 4300 quant
1583 4239 1750 4304 offen-

154 4303 306 4375 dunt.
342 4301 484 4375 Lips.
523 4303 578 4365 â€˜2,
622 4304 683 4364 5,
715 4303 942 4375 Reinnn.
974 4313 1027 4355 et
1055 4301 1258 4375 Torum
1293 4319 1422 4357 mss.
1470 4306 1535 4358 atl
1583 4301 1747 4375 t'narg.

157 4373 301 4427 1587
334 4392 346 4426 :
378 4371 537 4426 Deum
554 4385 804 4426 merentur
825 4374 992 4440 potius
1009 4391 1162 4442 quam
1180 4373 1462 4439 o/fendunt.
1491 4375 1602 4430 Non
1630 4371 1754 4440 pos-

155 4459 278 4499 sunt
331 4454 530 4498 temere
563 4446 840 4512 l't3ptldzztt't3
861 4487 874 4508 ,
922 4460 1128 4517 memor
1155 4445 1468 4500 Tertulliani
1501 4447 1753 4517 Apolog.,

156 4517 301 4612 c.n_â€˜2l
325 4517 933 4612 'quiâ€˜lntsncdoccbantur,
965 4515 1040 4569 De
1067 4517 1400 4585 promerendo
1422 4515 1563 4584 Deo,
1579 4531 1625 4573 et
1655 4515 1755 4573 non
1784 4552 1835 4612 Î’

157 4586 488 4652 o/feudeudo.
527 4588 655 4641 Bm.

236 4657 439 4712 Nomen
467 4659 856 4724 reprelteusibile
886 4648 1148 4729 suscipiat.
1182 4659 1308 4713 Mss.
1357 4661 1416 4716 Î—
1455 4676 1562 4716 rec.
1610 4672 1662 4716 et
1699 4661 1757 4716 16

158 4729 321 4793 edin,
348 4731 584 4800 occipiat.

233 4800 374 4854 Deos
405 4806 566 4871 magis
588 4801 823 4856 honorat.
857 4801 936 4857 Ex
965 4817 1094 4856 mss.
1121 4801 1423 4858 veterrimis
1457 4805 1482 4857 1
1521 4805 1755 4868 Bonna,

161 4872 187 4928 1
234 4872 374 4946 Reg.
421 4873 648 4940 aliisque
693 4890 784 4928 sex
813 4884 867 4928 et
893 4873 1049 4929 editis
1079 4875 1112 4928 4
1144 4875 1358 4946 reposui
1400 4877 1582 4946 magis,
1614 4876 1756 4945 quod

157 4945 356 4999 melius
382 4958 512 4998 sane
533 4946 778 5014 quadrat,
803 4961 959 5014 quam
989 4947 1133 5004 satis,
1158 4945 1298 5014 quod
1329 4956 1411 4998 est
1443 4948 1491 4998 in
1522 4949 1752 5000 ceteris.

238 5013 363 5068 Non
382 5013 807 5083 quemadmodum
822 5013 994 5070 colas.
1019 5013 1184 5083 Quod
1204 5015 1381 5069 minus
1412 5019 1545 5070 bene
1563 5034 1590 5070 a
1623 5017 1757 5072 Lac-

160 5089 339 5156 tantio
366 5087 564 5140 dictum
593 5098 696 5151 est,
730 5101 830 5153 qna
854 5087 918 5139 de
952 5102 1008 5140 re
1040 5087 1158 5140 vide
1183 5087 1239 5141 S.
1260 5090 1611 5156 Augustinum
1644 5090 1680 5144 I.
1706 5105 1758 5144 tv

159 5157 230 5212 de
260 5155 376 5211 Civ.
413 5158 528 5224 Dei,
559 5174 608 5213 c.
638 5159 726 5214 50.
754 5157 1080 5226 Religiosum
1109 5175 1135 5209 a
1165 5155 1757 5228 superstitiosooptime

161 5228 491 5284 discernitur
518 5249 530 5285 :
559 5231 962 5296 superstitiosus
995 5228 1323 5298 pertimescit
1355 5230 1518 5284 Deum
1553 5243 1607 5284 ut
1634 5232 1757 5286 hos-

163 5310 296 5363 tem,
330 5311 383 5355 at
411 5302 690 5372 religiosus
717 5302 882 5372 Deum
916 5310 1204 5355 veneratur
1232 5311 1286 5353 ut
1312 5312 1610 5369 parentem.

238 5372 378 5439 Quid
405 5371 623 5433 pret-ere.
656 5373 780 5428 Mss.
803 5371 835 5428 6
864 5387 970 5425 rec.
994 5372 1211 5426 totident
1239 5372 1486 5435 :neetliti,
1517 5375 1753 5439 preceris.

237 5442 426 5515 Melius
450 5461 590 5515 ergo.
627 5445 747 5498 Mss.
778 5447 812 5499 9
841 5459 948 5515 rec.
985 5453 1038 5497 et
1064 5446 1192 5498 edit.
1225 5445 1278 5508 7,
1309 5443 1386 5498 Eo
1406 5444 1588 5498 melius
1615 5462 1754 5515 ergo.

235 5513 523 5570 Lucretius:
548 5517 670 5569 llaec
703 5514 932 5570 Lucretii
969 5516 1126 5568 verba
1160 5532 1222 5569 ex
1252 5517 1386 5570 libro
1415 5532 1428 5570 Î¹
1458 5517 1524 5569 dc
1557 5513 1756 5571 Rerum

153 5584 348 5644 Natnr.
374 5590 484 5654 jam
515 5589 732 5642 recitata
757 5587 972 5642 fuerunt
999 5601 1159 5653 sutira
1187 5587 1321 5640 libro
1348 5605 1386 5650 Î¹,
1419 5603 1540 5656 Cap.
1576 5590 1659 5641 10â€˜.

236 5658 336 5723 Qui
363 5658 454 5712 ait.
486 5659 968 5727 Manuscriptornm
1003 5666 1103 5722 est,
1137 5667 1188 5711 et
1214 5659 1246 5711 4
1286 5659 1411 5713 edit.
1448 5659 1503 5714 In
1547 5659 1605 5714 11
1641 5657 1756 5714 vul-

150 5733 298 5802 gatis
325 5740 406 5802 est
435 5732 555 5800 quia
583 5731 678 5794 ait;
711 5731 868 5802 male.

231 5798 474 5854 Colebaut
506 5802 769 5870 imagines.
796 5798 1042 5852 Nonnulli
1076 5814 1199 5851 mss.
1221 5807 1274 5853 et
1301 5798 1448 5870 edd.,
1482 5802 1750 5869 celebrant,

145 5872 303 5946 quod
327 5872 453 5928 nihil
483 5873 571 5928 hic
600 5871 700 5928 loci
733 5870 1034 5942 significare
1065 5880 1257 5940 pOleSI.

1938 3661 2008 3716 Ut
2047 3663 2256 3716 deorum
2301 3662 2422 3734 vice.
2475 3662 2546 3734 Ita
2597 3665 2972 3734 quamplurimi
3017 3673 3070 3716 et
3108 3664 3468 3734 antiquissimi

1863 3748 1994 3787 mss.
2026 3743 2079 3786 et
2102 3737 2133 3786 8
2163 3733 2368 3786 exrnsi.
2398 3733 2454 3787 lu
2486 3733 2519 3786 9
2550 3733 2762 3803 scriptis
2779 3745 2833 3789 et
2855 3735 2916 3789 11
2943 3734 3101 3788 editis
3130 3733 3315 3790 estfin
3344 3736 3468 3789 deo-

1861 3821 1976 3858 rum
2005 3805 2194 3866 vicem;
2217 3805 2252 3858 5
2277 3819 2413 3870 rec.,
2441 3805 2593 3860 vices.

1948 3874 2088 3930 Vana
2103 3875 2410 3942 superstitio,
2427 3885 2533 3928 etc.
2554 3874 2690 3930 Sunt
2705 3873 2864 3929 verba
2885 3873 3114 3928 Evandri
3129 3874 3194 3928 ad
3212 3875 3464 3939 IEneam,

1858 3945 1996 4000 libro
2025 3947 2414 4016 .â€˜Eneidosyttt,
2448 3962 2555 4016 quo
2583 3947 2699 4000 loco
2719 3945 2936 4002 Servius
2966 3945 3126 3998 aliam
3149 3961 3307 4016 quam
3333 3947 3465 4002 Lac-

1859 4019 2076 4081 tantius,
2127 4019 2239 4071 sive
2276 4015 2486 4083 Cicero,
2563 4017 2720 4086 hnjns
2767 4017 2914 4071 vocis
2951 4015 3214 4071 rationein
3262 4016 3461 4072 affert:

1859 4089 2193 4156 Superstitio,
2221 4089 2414 4159 inquit,
2453 4098 2523 4140 est
2554 4089 2704 4141 timor
2733 4089 3026 4154 super/luas
3047 4097 3093 4141 et
3123 4089 3338 4152 delirus,
3370 4098 3459 4142 aut

1856 4160 1918 4212 ub
1951 4161 2164 4214 aniculis
2196 4161 2353 4223 dicta,
2384 4175 2497 4229 qua:
2523 4160 2693 4214 multis
2714 4160 3006 4225 superstites
3035 4176 3124 4226 per
3149 4169 3347 4213 aztutem
3371 4160 3464 4213 de-

1858 4231 2034 4297 lirant,
2055 4233 2282 4285 etstultce
2311 4241 2428 4284 sunt
2452 4247 2470 4284 :
2492 4242 2581 4284 aut
2599 4232 2880 4284 secundum
2908 4229 3198 4284 Lucretium
3219 4233 3467 4298 supersti-

1858 4304 1927 4354 tio
1953 4316 2022 4355 est
2052 4303 2452 4369 superstantium
2482 4319 2672 4367 rerum,
2704 4302 2758 4354 id
2785 4313 2857 4356 est
2880 4305 3153 4356 caelestium
3193 4312 3239 4355 ct
3267 4303 3468 4356 divina-

1859 4391 1994 4437 rum,
2030 4391 2141 4444 qua:
2171 4391 2323 4439 super
2351 4390 2441 4426 nos
2475 4383 2630 4434 stunt,
2662 4375 2829 4426 inanis
2867 4384 2912 4425 et
2951 4375 3244 4441 super/tuus
3289 4380 3463 4427 timor.

1863 4445 1986 4500 lltec
2029 4447 2136 4500 ille.
2189 4445 2299 4498 Lex
2339 4453 2489 4498 erat:
2523 4444 2816 4512 Sepuratint
2858 4460 3004 4496 nemo
3045 4444 3266 4496 Itabessit
3305 4445 3460 4507 deos,

1863 4533 1982 4569 neve
2013 4535 2186 4584 novos,
2210 4517 2314 4571 sive
2333 4516 2575 4579 advenas,
2601 4514 2696 4568 nisi
2720 4515 2921 4584 publice
2947 4512 3188 4577 adscitos,
3221 4514 3464 4582 privatim

1861 4587 2087 4642 colunto.

1934 4658 2192 4714 Fortasse.
2227 4659 2396 4728 Caput
2426 4655 2564 4711 istud
2593 4655 2802 4710 videtur
2826 4655 3082 4728 scriptum
3106 4697 3120 4718 ,
3155 4655 3234 4711 vel
3267 4666 3457 4711 contra

1861 4730 2081 4785 Paulum
2104 4727 2559 4793 Samosatensem,
2581 4729 2664 4783 vel
2679 4736 2866 4781 contra
2887 4727 3166 4782 Arriauam
3189 4728 3457 4784 hmresim.

1936 4803 2160 4869 Quwrat.
2187 4802 2449 4857 Heuman.
2487 4800 2612 4866 legit
2639 4808 2846 4868 qnaâ€™ret.

1932 4867 2175 4945 lintpegit.
2225 4872 2300 4926 Ita
2350 4887 2479 4925 mss.
2513 4880 2569 4923 et
2607 4871 2758 4924 editi.
2791 4872 2918 4925 Mss.
2954 4867 3147 4939 Cauc.,
3179 4873 3214 4927 5
3246 4871 3376 4942 Reg.
3410 4882 3465 4928 et

1858 4943 1990 4998 edit.
2021 4943 2180 5008 iocâ€”to,
2211 4945 2468 5013 impingit.

1932 5014 2130 5082 Labore
2160 5031 2269 5068 nos.
2303 5012 2392 5069 Sic
2419 5012 2798 5079 quamplurimi
2831 5027 2964 5066 mss.
2995 5023 3048 5068 et
3075 5015 3143 5068 16
3161 5016 3371 5069 excusi.
3401 5013 3458 5068 Î¹Î¹Î¹

1860 5095 1963 5152 est,
1996 5086 2275 5148 vacillare,
2313 5099 2410 5138 seu
2443 5086 2618 5153 potius
2665 5098 2868 5137 errare.
2917 5084 3113 5152 Scripti
3145 5090 3176 5138 t5
3207 5101 3318 5138 rec.
3351 5094 3404 5140 et
3431 5086 3466 5139 2

1859 5167 1968 5210 vet.
1995 5158 2125 5213 edit.
2161 5157 2340 5218 Rom.,
2371 5155 2629 5216 laborare;
2653 5168 2786 5208 mss.
2813 5155 2844 5207 7
2870 5169 3006 5226 rec.,
3034 5155 3238 5220 labore;
3271 5155 3464 5226 Regio-

1860 5229 1980 5282 Put.
2014 5247 2043 5284 a
2074 5231 2242 5299 prima
2274 5243 2454 5299 mann_,
2485 5227 2517 5279 2
2547 5226 2757 5280 Bonott.
2787 5234 2841 5280 et
2865 5225 3025 5289 Tax.,
3055 5227 3224 5299 labere
3249 5242 3361 5299 nos.

1935 5299 2044 5354 Nec
2075 5294 2229 5353 Pater
2252 5300 2360 5354 sine
2403 5296 2538 5351 Filio
2567 5313 2672 5352 esse
2702 5307 2895 5367 potest,
2927 5313 3015 5349 nec
3048 5294 3215 5367 Filius
3243 5312 3272 5348 Î±
3307 5295 3463 5348 Putre

1859 5373 2069 5426 secerni.
2103 5373 2178 5427 ita
2236 5386 2366 5426 mss.
2417 5369 2584 5437 Regio
2625 5365 2767 5430 lâ€™nt.,
2800 5366 2989 5433 Cauc.,
3039 5365 3192 5431 .lnn.,
3222 5371 3254 5420 5
3284 5367 3460 5430 (1011),,

1864 5443 2002 5503 PaL.
2023 5444 2046 5496 1
2069 5444 2242 5512 Lips.,
2264 5440 2608 5506 Em.,Cant.,
2633 5441 2655 5494 1
2679 5441 2940 5504 Sorbon.,
2961 5441 2996 5492 '2
3013 5438 3271 5496 Clarom..
3296 5437 3462 5512 Bruti.

1861 5525 1916 5570 et
1945 5517 2010 5570 M
2040 5509 2149 5571 vet.
2180 5515 2311 5569 edit.
2343 5513 2400 5567 ln
2440 5512 2757 5581 quihusdam
2785 5512 2944 5566 editis
2971 5512 3123 5564 deest
3160 5525 3284 5581 esse.
3317 5511 3380 5560 At
3412 5509 3461 5561 in

1859 5587 2032 5641 tBon.
2068 5588 2262 5652 antiq.,
2288 5586 2320 5638 5
2351 5579 2508 5654 Reg},
2539 5587 2559 5637 l
2594 5585 2767 5651 Lips.,
2795 5587 2815 5637 1
2854 5581 3006 5654 Colb.
3039 5592 3092 5634 et
3120 5579 3208 5634 ed.
3242 5579 3341 5654 ls.,_
3375 5595 3464 5654 nec

1863 5658 2022 5712 Pater
2063 5675 2094 5711 a
2139 5649 2275 5712 Filio
2319 5649 2511 5728 potest,
2562 5649 2668 5709 nec
2696 5655 2740 5709 F
2744 5658 2866 5728 ilius
2891 5673 2922 5707 a
2957 5653 3114 5708 Patre
3145 5651 3380 5728 secerniâ€œ
3413 5649 3465 5728 id

1861 5741 2048 5786 contra
2079 5723 2327 5786 Arianos
2357 5729 2559 5783 dictum
2594 5728 2757 5781 fuisse
2787 5723 3304 5792 existimo.â€”â€”-Qnam
3333 5723 3465 5777 scri-

1863 5814 2074 5873 pturam
2104 5802 2385 5873 confirmat
2417 5799 2555 5873 Epit.
2588 5814 2636 5853 c.
2664 5798 2848 5873 --i9__li_n.
2874 5815 2884 5848 :
2906 5795 3166 5873 ï¬‚eturum
3189 5795 3282 5873 sibi
3309 5794 3470 5873 retin.

1860 5865 1988 5945 quit,
2008 5877 2191 5946 quiaut
2213 5872 2358 5928 Patr.
2385 5891 2415 5927 a
2438 5870 2567 5940 Fil.,
2593 5880 2679 5924 aut
2709 5867 2813 5924 Fil.
2844 5885 2874 5922 (Î¹
2894 5865 3041 5924 Patr.
3065 5867 3296 5922 secernit.
3326 5865 3457 5920 Î’Ï‰Î¹.
