3786 6262
263 684 422 738 τίλῖθχ
445 697 508 738 eo
535 681 704 748 rivus;
735 680 820 734 ille
843 689 1114 750 tamquam
1143 680 1244 746 sol,
1285 681 1371 736 hic
1398 687 1549 752 quasi
1576 683 1759 738 radius
1786 698 1815 737 a
1846 683 1960 744 sole

357 282 464 341 559
1473 285 1656 350 FIBM.
1699 281 2070 356 LACTANTII
2112 283 2318 345 DlVIN.
2363 283 2608 350 INSTIT.
3503 297 3578 362 ω

358 404 519 476 igitur
561 411 616 460 et
648 403 801 460 Pater
832 401 1022 470 Filium
1063 401 1243 468 faciat,
1291 410 1345 464 et
1369 401 1538 459 Filius
1569 403 1816 475 Patrem,
1848 419 1952 460 una
1982 401 2036 472 Α
2060 412 2245 476 printer
2264 418 2343 456 me
2363 418 2464 458 non
2493 412 2565 460 est
2590 400 2748 468 Deus,
2768 415 2890 463 cum
2923 407 3106 470 posset
3127 401 3301 458 dicere
3317 415 3472 475 prater
3490 427 3580 468 nos;

357 496 568 567 utrique
600 509 778 562 mens,
817 509 952 548 unus
976 493 1213 564 spiritus,
1247 510 1348 553 una
1370 493 1669 560 substantia
1699 505 1782 551 est
1814 515 1826 549 :
1858 493 1952 551 sed
2061 497 2155 552 sed
2185 497 2260 552 fas
2293 509 2396 550 non
2425 502 2540 550 erat
2587 493 2778 566 plurali
2809 509 3035 549 numero
3081 497 3444 566 separationem
3469 511 3584 561 tanta

357 589 449 645 ille
475 587 626 660 quasi
657 584 958 642 exuberans
988 583 1106 641 fons
1133 596 1254 652 est,
1289 586 1376 644 hic
1407 595 1674 658 tamquam
1718 587 1959 643 deﬂuens
2059 587 2476 644 necessitudinis
2508 587 2643 643 ﬁeri.
2677 585 2829 642 Unus
2860 596 2942 640 est
2972 587 3116 642 enim
3149 586 3314 654 solus,
3336 588 3466 656 liber,
3486 593 3586 653 Deus

2060 694 2328 746 summus,
2358 695 2548 736 carens
2575 680 2798 752 origine.
2828 681 2952 756 quia
2993 679 3110 752 ipse
3153 689 3236 734 est
3261 682 3401 750 origo
3423 701 3588 760 rerum;

355 781 656 848 porrectus.
707 773 807 840 Qui
851 773 1102 841 quoniam
1146 789 1358 828 summo
1411 773 1555 830 Patri
1594 783 1649 830 et
1681 775 1874 842 ﬁdelis,
1906 784 1962 833 et
1999 815 2003 818 η
2061 781 2115 828 et
2156 773 2204 826 in
2236 787 2302 827 eo
2329 772 2487 830 simul
2519 783 2570 826 et
2597 771 2783 840 Filius,
2814 781 2868 826 et
2909 772 3087 826 omnia
3129 773 3594 848 continentur.Qua.

355 882 512 925 carus
555 877 658 932 est,
695 883 800 921 non
847 876 1128 938 separatur
1160 885 1173 922 :
1203 867 1342 922 sicut
1380 884 1478 923 nec
1531 869 1680 923 rivus
1725 885 1754 923 a
1788 869 1956 942 fonte,
2062 877 2284 940 propter
2310 882 2430 922 cum
2460 881 2612 922 mens
2642 876 2698 920 et
2725 867 2972 922 voluntas
3001 867 3226 922 alterius
3263 868 3313 922 in
3342 870 3487 925 altero
3517 877 3592 944 sit,

356 975 458 1018 nec
484 960 665 1016 radius
699 975 729 1015 a
765 960 898 1023 sole;
943 960 1064 1031 quia
1094 968 1150 1015 et
1178 975 1313 1031 aqua
1343 960 1505 1016 finitis
1535 961 1588 1018 in
1622 961 1738 1016 rivo
1774 971 1877 1029 est,
1908 969 1962 1016 et
2060 960 2144 1015 vel
2166 961 2342 1030 pOIius
2373 975 2475 1014 una
2509 961 2561 1014 in
2592 968 2842 1030 utroque,
2880 959 3075 1014 merito
3099 974 3236 1013 unus
3265 961 3394 1013 Dens
3418 975 3591 1036 uterque

357 1055 490 1111 solis
537 1055 714 1110 lumen
757 1055 810 1108 in
847 1053 996 1109 radio
1027 1070 1218 1126 neque
1247 1070 1346 1110 nec
1377 1071 1475 1110 vox
1509 1057 1577 1112 ab
1604 1072 1698 1111 ore
1727 1057 1957 1130 sejungi,
2061 1055 2388 1126 appellatur,
2433 1055 2554 1129 quia
2609 1052 2868 1126 quidquid
2923 1062 3006 1108 est
3045 1055 3096 1108 in
3127 1053 3321 1115 Patre,
3362 1055 3421 1108 ad
3461 1057 3606 1120 Filium

365 1167 464 1208 nec
490 1151 656 1206 virtus
676 1191 691 1214 ,
723 1158 816 1204 aut
857 1163 1048 1204 manus
1075 1164 1102 1202 a
1135 1164 1361 1219 corpore
1391 1149 1568 1206 divelli
1602 1159 1794 1222 potest.
1827 1151 1959 1205 Cum
2064 1143 2350 1208 transiluit,
2371 1153 2424 1198 et
2449 1144 2707 1221 quidquid
2741 1145 2791 1198 in
2816 1143 2977 1212 Filio,
2997 1159 3024 1197 a
3047 1144 3204 1200 Patre
3231 1143 3503 1200 descendit.
3523 1149 3604 1206 Non

361 1247 523 1320 igitur
552 1261 581 1300 a
609 1245 886 1316 prophetis
913 1243 1054 1300 idem
1083 1259 1274 1299 manus
1308 1244 1424 1310 Dei,
1455 1254 1509 1298 et
1530 1246 1700 1300 virtus
1719 1289 1733 1312 ,
1771 1256 1824 1301 et
1849 1260 1964 1300 ser.
2064 1246 2242 1308 potest
2269 1238 2431 1308 igitur
2463 1237 2553 1293 ille
2576 1253 2820 1292 summus
2839 1279 2854 1304 ,
2881 1252 2945 1291 ac
2969 1237 3260 1310 singularis
3292 1237 3609 1312 Deusnisiper

362 1357 452 1398 mo
487 1341 715 1402 dicatur,
749 1339 932 1410 utique
961 1339 1107 1394 nulla
1129 1339 1383 1394 discretio
1411 1348 1514 1404 est;
1539 1340 1662 1409 quia
1692 1347 1748 1394 et
1783 1339 1960 1407 lingua
2065 1330 2258 1387 Filium
2291 1329 2414 1384 culi.
2445 1329 2544 1396 Qui
2578 1330 2755 1385 solum
2789 1329 2999 1383 Palrem
3030 1343 3089 1383 se
3116 1328 3296 1382 Colere
3327 1337 3488 1400 putat,
3513 1333 3612 1388 sicut

365 1433 632 1496 sermonis
662 1431 948 1500 ministra,
985 1440 1039 1488 et
1067 1446 1257 1496 manus
1279 1430 1330 1486 iu
1357 1447 1459 1506 qua
1490 1441 1572 1500 est
1595 1432 1788 1502 virtus,
1821 1430 1961 1490 indi.
2065 1423 2259 1478 Filium
2302 1439 2405 1480 non
2452 1422 2600 1487 colit,
2635 1424 2706 1477 ita
2741 1439 2806 1476 ne
2839 1421 3050 1476 Patrem
3087 1421 3327 1489 quidem.
3355 1419 3449 1488 Qui
3471 1434 3604 1480 autem

363 1525 539 1592 vidum
568 1535 694 1590 sunt
721 1525 965 1596 corporis
987 1523 1282 1596 portiones.
2066 1515 2257 1571 Filium
2286 1516 2528 1586 suscipit,
2557 1525 2609 1569 et
2637 1531 2829 1569 nomen
2861 1515 2978 1584 ejus
3008 1514 3164 1586 gerit,
3198 1513 3242 1568 is
3273 1528 3402 1568 vero
3429 1529 3529 1568 cum
3549 1516 3615 1572 Fi-

437 1619 699 1692 Propiore
727 1619 800 1680 uti
837 1617 1088 1692 exemplo
1115 1617 1261 1672 libet.
1287 1615 1421 1680 Cum
1448 1616 1568 1690 quis
1591 1615 1752 1678 habet
1775 1615 1961 1687 lilium,
2065 1607 2139 1664 lio
2157 1608 2313 1666 simul
2341 1616 2397 1664 et
2428 1606 2641 1664 Patrem
2666 1609 2814 1670 colit,
2833 1607 3084 1678 quoniam
3110 1605 3334 1678 legatus,
3356 1614 3409 1659 et
3428 1610 3613 1684 nuntius,

366 1727 526 1784 quem
555 1713 712 1766 unice
730 1710 922 1781 diligit;
939 1709 1029 1780 qui
1061 1718 1236 1772 tamen
1269 1710 1338 1765 sit
1370 1711 1422 1766 in
1449 1709 1774 1776 domo,etin
1805 1727 1964 1768 manu
2067 1713 2122 1758 et
2139 1701 2394 1758 sacerdos
2413 1703 2607 1758 summi
2627 1702 2800 1757 Patris
2821 1709 2904 1756 est
2923 1699 3112 1760 Filius.
3135 1699 3230 1755 llic
3250 1700 3428 1769 templi
3446 1701 3610 1760 maximi

369 1804 536 1876 patris
557 1845 574 1872 ,
606 1804 734 1858 licet
759 1803 808 1858 ei
840 1817 1035 1858 nomen
1068 1801 1272 1858 domini
1314 1811 1742 1875 pmestatemque
1771 1819 1968 1859 conce-

2093 1809 2225 1848 anua
2259 1803 2365 1860 est,
2402 1795 2488 1849 hic
2536 1793 2674 1850 lucis
2700 1796 2818 1863 via,
2849 1793 2938 1848 hic
2976 1792 3086 1848 dux
3119 1791 3333 1862 salutis,
3365 1791 3447 1848 hic
3471 1795 3618 1850 ostium

369 1896 482 1964 dat,
505 1895 647 1950 civili
671 1905 847 1949 tamen
872 1894 995 1964 jure
1026 1901 1082 1951 et
1105 1895 1297 1955 domus
1318 1911 1442 1956 una,
1474 1905 1528 1950 ct
1557 1911 1694 1950 unus
1715 1895 1966 1951 dominus
2003 1887 2016 1898 ⁷
2081 1887 2225 1944 Vitae.

369 1987 698 2042 nominatur.
727 1985 815 2041 Sic
847 1985 932 2041 hic
967 1986 1197 2042 mundus
1227 2001 1330 2042 uua
1375 1987 1465 2042 Dei
1517 1987 1709 2043 domus
1747 1997 1864 2054 est;
1913 1998 1968 2050 et

367 2081 534 2138 Filius
571 2097 634 2138 ac
667 2081 856 2148 Pater,
903 2081 991 2152 qui
1037 2081 1320 2136 unanimes
1363 2081 1606 2136 incolunt
1654 2082 1914 2137 mundum
1947 2125 1962 2150 ,

369 2178 512 2234 Deus
528 2191 684 2242 unus,
707 2175 828 2246 quia
851 2185 905 2231 et
931 2190 1070 2231 unus
1083 2183 1167 2231 est
1191 2187 1459 2246 tamquam
1481 2177 1608 2242 duo,
1626 2186 1680 2232 et
1705 2175 1810 2230 duo
1829 2187 1965 2232 tam-

367 2288 528 2346 quam
561 2285 718 2328 unus.
746 2269 930 2340 Neque
957 2271 1008 2324 id
1033 2271 1250 2336 mirum,
1275 2285 1395 2330 cum
1428 2279 1482 2324 et
1511 2269 1676 2324 Filius
1698 2270 1764 2323 sit
1792 2271 1844 2325 in
1863 2271 1967 2330 Pa-

369 2373 474 2431 tre,
501 2364 623 2435 quia
653 2362 808 2418 Pater
837 2361 1012 2433 diligit
1033 2361 1224 2416 Filium
1245 2404 1260 2428 ,
1293 2371 1348 2418 et
1373 2361 1533 2416 Pater
1560 2367 1610 2418 lu
1640 2361 1812 2431 Filio,
1845 2365 1967 2434 quia

369 2456 628 2512 voluntati
676 2455 848 2511 Patris
900 2455 1132 2510 ﬁdeliter
1159 2463 1348 2526 paret,
1399 2469 1499 2510 nec
1527 2470 1780 2527 unquam,
1812 2455 1970 2512 faciat

369 2561 456 2606 aut
486 2549 692 2614 fecerit,
725 2547 824 2603 nisi
851 2549 992 2620 quod
1015 2548 1169 2604 Pater
1199 2557 1292 2603 aut
1319 2547 1508 2612 voluit,
1541 2558 1632 2602 aut
1657 2549 1835 2618 jussit.
1871 2549 1970 2605 De-

369 2645 531 2716 nique
568 2658 732 2698 unum
766 2641 932 2696 Deum
975 2655 1095 2696 esse
1138 2650 1242 2694 tam
1278 2649 1480 2712 patrem
1507 2681 1522 2707 ,
1556 2656 1714 2712 quam
1759 2641 1922 2698 filium
1948 2683 1964 2708 ,

377 2735 564 2790 Esaias
589 2735 639 2788 in
663 2733 757 2788 illo
785 2733 1032 2806 exemplo
1054 2775 1068 2802 ,
1105 2733 1247 2806 quod
1277 2733 1524 2805 superius
1552 2732 1850 2806 posuimus,
1883 2749 1970 2788 os-

370 2827 562 2893 tendit,
596 2843 716 2882 cum
744 2827 948 2882 diceret
975 2846 987 2882 :
1012 2825 1310 2881 Adorabunt
1338 2837 1404 2895 te,
1437 2835 1486 2882 et
1525 2827 1576 2880 in
1608 2839 1657 2880 te
1685 2827 1970 2898 precaban-

374 2932 478 2988 tur,
500 2923 738 2997 quoniam
761 2923 814 2977 in
843 2932 888 2977 le
914 2921 1052 2977 Deus
1077 2933 1172 2988 est;
1215 2935 1260 2976 et
1291 2939 1392 2980 non
1415 2932 1488 2976 est
1511 2920 1645 2977 alius
1673 2919 1811 2976 Deus
1837 2935 1972 2992 prae—

370 3025 445 3070 ter
474 3027 541 3071 te.
591 3016 700 3072 Sed
755 3025 811 3071 et
849 3016 952 3070 alio
983 3017 1100 3070 loco
1141 3015 1390 3070 similiter
1420 3014 1531 3068 ait:
1568 3014 1657 3070 Sic
1680 3015 1802 3070 άὶεἱι
1832 3013 1972 3070 Deus
2073 3033 2234 3079 sectae
2263 3033 2318 3083 et
2349 3024 2583 3080 haereses
2611 3024 2874 3096 haberent
2895 3025 3148 3089 existere,
3183 3041 3306 3096 qure
3337 3025 3629 3085 concordiam
3682 3066 3690 3071 -

367 3124 460 3162 rex
506 3107 672 3162 Israel
695 3125 714 3174 ;
761 3119 808 3162 et
835 3108 922 3176 qui
951 3108 1082 3163 eruit
1121 3124 1238 3160 eum
1268 3105 1403 3162 Deus
1429 3117 1649 3161 (ciemus
1680 3124 1693 3159 :
1729 3107 1837 3177 Ego
1864 3107 1972 3180 pri-

2088 3118 2242 3172 ;aucti
2291 3119 2537 3186 corporis
2583 3093 2916 3187 ιὐῙημειῖξιιι,
2961 3098 3032 3175 ac
3059 3121 3358 3183 monuisse,
3385 3131 3628 3176 utsnmnn

369 3216 506 3264 mus,
551 3210 596 3254 et
638 3216 730 3269 ego
779 3200 1104 3264 novissimus;
1149 3209 1196 3252 et
1223 3209 1409 3269 praeter
1453 3215 1531 3252 me
1560 3217 1660 3254 non
1691 3209 1762 3255 est
1805 3199 1964 3255 Deus.
1999 3215 2045 3278 ρ
2078 3208 2357 3278 prudentia
2373 3224 2704 3274 caveremus,
2724 3225 2793 3265 ne
2820 3210 3104 3279 quandoin
3137 3210 3360 3282 laqueos
3381 3211 3624 3266 etlraudes

369 3288 504 3344 Cum
543 3289 676 3354 (111³3
715 3289 980 3344 Personas
1013 3290 1422 3361 PI‘OPOSl'iSSBl.
1458 3290 1549 3346 Dei
1580 3291 1750 3362 regis,
1782 3290 1834 3346 id
1863 3302 1965 3360 est,
2072 3299 2213 3354 illius
2265 3300 2558 3364 adversarii
2606 3303 2796 3366 nostri,
2844 3317 2965 3362 cum
3014 3318 3120 3372 quo
3163 3317 3264 3357 nos
3297 3303 3433 3360 Deus
3475 3303 3626 3360 luctari

370 3380 597 3447 Christi;
625 3391 679 3437 et
706 3381 798 3438 Dei
834 3383 1027 3447 Patris,
1057 3384 1147 3453 qui
1173 3399 1296 3438 eum
1331 3395 1447 3454 post
1467 3384 1768 3454 passionem
1793 3387 1861 3440 ab
1890 3385 1973 3440 in-
2071 3393 2258 3455 voluit,
2281 3393 2662 3448 incideremus.
2692 3392 2828 3447 Tum
2850 3391 3066 3448 dedisse
3087 3403 3236 3448 certa
3261 3394 3518 3461 mandata,
3545 3409 3633 3463 quc

373 3473 503 3530 feris
540 3476 828 3542 excitavit,
863 3477 996 3530 sicut
1027 3475 1331 3532 ostendisse
1357 3476 1591 3532 diximus
1621 3479 1814 3534 Oseam
1846 3493 1974 3548 pro-
2074 3484 2130 3539 in
2162 3493 2478 3554 perpetuum
2511 3484 2787 3540 custodire
2835 3484 3198 3542 deberemus:
3249 3501 3472 3556 quorum
3499 3487 3629 3556 pleri-

373 3565 622 3636 phetam,
669 3567 758 3638 qui
791 3569 864 3622 ait
899 3585 912 3623 :
943 3566 1008 3622 Et
1038 3569 1101 3623 de
1125 3585 1279 3623 manu
1308 3564 1591 3643 inferorum
1618 3588 1792 3627 eruam
1823 3591 1971 3634 eum:
2078 3591 2184 3646 que
2211 3575 2578 3642 immemores,
2627 3577 2843 3632 deserto
2892 3577 3085 3634 itinere
3123 3577 3362 3644 caelesti,
3414 3578 3511 3636 vias
3555 3578 3628 3634 sibi

374 3670 550 3716 tamen
571 3661 638 3718 ad
667 3671 946 3734 utramque
990 3662 1283 3728 Personam
1333 3664 1612 3731 referens,
1663 3667 1862 3734 intulit,
1908 3668 1978 3730 Et
2080 3671 2267 3727 devias
2294 3687 2392 3744 per
2416 3671 2688 3728 anfractus
2713 3682 2768 3727 et
2810 3671 3103 3743 praecipitia
3142 3672 3524 3738 condiderunt;
3567 3687 3634 3742 per

1674 3807 2038 3874 VARIOBUM
2077 3811 2310 3870 NOTAE.

2648 1979 2878 2036 CAPUT
2905 1978 3077 2037 XXX.

2071 2071 2152 2130 De
2182 2072 2484 2130 Haeresibus
2527 2082 2575 2129 et
2604 2073 3064 2146 Snperstitionibns
3105 2073 3358 2142 vitandis,
3390 2081 3436 2128 et
3457 2091 3545 2148 qua
3571 2080 3619 2132 sit

2431 2166 2544 2220 sola
2567 2175 2614 2220 et
2641 2180 2758 2219 vera
2775 2163 3006 2218 Ecclesia
3033 2163 3327 2220 Catholica.

2149 2279 2253 2337 Sed
2277 2281 2528 2351 quoniam
2557 2281 2740 2340 multae
2768 2281 3004 2338 haereses
3024 2281 3626 2348 extiterant,etinstincti-

2072 2371 2172 2430 bus
2188 2372 2492 2429 dzemonum
2527 2375 2759 2446 populus
2784 2374 2874 2431 Dei
2904 2375 3106 2432 scissus
3129 2385 3249 2430 est:
3279 2374 3629 2436 deter-minantia

2069 2474 2153 2520 est
2187 2465 2342 2521 nobis
2363 2466 2564 2523 veritas
2590 2467 2848 2536 breviter,
2871 2475 2925 2524 et
2953 2467 3002 2522 in
3035 2482 3132 2524 suo
3165 2469 3386 2540 proprio
3412 2468 3626 2533 domicilio

2069 2558 2407 2625 collocanda;
2430 2568 2486 2616 ut
2513 2561 2556 2614 si
2586 2562 2704 2630 quis
2731 2576 2924 2631 aquam
2944 2560 3065 2618 vita:
3095 2561 3282 2632 cupiet
3313 2561 3526 2628 haurire,
3545 2581 3627 2622 nos

2070 2652 2135 2708 ad
2169 2653 2394 2710 detritos
2439 2654 2586 2709 lacus
2611 2653 2917 2722 deferatur,
2949 2655 3037 2726 qui
3067 2671 3176 2712 non
3211 2655 3414 2712 habent
3441 2673 3622 2726 venam,

2071 2746 2164 2802 sed
2197 2747 2524 2802 uberrimum
2557 2747 2648 2802 Dei
2673 2747 2883 2804 noverit
2908 2746 3140 2813 fontem,
3163 2763 3272 2820 quo
3301 2749 3528 2820 irrigatus
3548 2767 3620 2820 pec

2072 2841 2223 2896 reuni
2253 2839 2370 2894 luce
2411 2839 2660 2910 potiatur.
2699 2842 2836 2896 Ante
2858 2842 3041 2896 omnia
3080 2840 3222 2906 scire
3249 2857 3352 2896 nos
3391 2844 3628 2912 convenit,

2071 2943 2128 2986 et
2166 2932 2364 3006 ipsum,
2393 2944 2447 2988 et
2477 2933 2680 3003 legatos
2721 2933 2840 3004 ejus
2873 2932 3192 3006 prtedixisse
3214 2977 3230 3005 ,
3271 2935 3416 3004 quod
3443 2935 3630 3005 plurim:

449 3941 602 4002 Pater
627 3941 819 3998 Filium
848 3943 1026 4014 faciat,
1060 3951 1106 3996 et
1130 3941 1309 4014 Filius
1337 3941 1572 4000 Patrem.
1598 3945 1840 4000 llelative
1862 3947 1970 4002 sei-

371 4015 520 4070 licet.
546 4015 622 4086 l_ta
649 4031 787 4086 mss.
815 4013 888 4086 lli)?
930 4015 1084 4084 lleg.,
1114 4013 1160 4086 ἢ
1180 4013 1338 4086 Dom,
1377 4014 1412 4068 6
1437 4015 1617 4084 Colb.,
1652 4017 1678 4070 1
1711 4017 1969 4086 Sorbon.,

371 4087 520 4148 Ειιι..
548 4084 730 4152 Cant.,
764 4085 800 4138 2
833 4085 1094 4146 Clarium,
1133 4083 1169 4136 2
1194 4083 1356 4140 Bruu.
1383 4095 1437 4140 et
1466 4087 1578 4151 alii,
1613 4103 1731 4142 cmn
1765 4089 1832 4142 15
1860 4083 1969 4142 vel.

372 4157 530 4211 editis
561 4172 716 4219 m<s.,
739 4155 902 4210 Cane.
935 4163 986 4209 et
1019 4155 1258 4208 nonnulli
1294 4171 1404 4210 rec.
1431 4158 1628 4223 vulgati
1655 4199 1670 4220 ,
1714 4167 1770 4212 et
1801 4157 1972 4214 Filius

373 4227 630 4299 βαι-Ε(
646 4225 801 4299 Pater
829 4225 876 4279 F
879 4227 1022 4299 ilium
1042 4227 1218 4292 faciat,
1243 4225 1484 4299 et_Filius
1509 4225 1734 4299 Patrem.
1759 4228 1823 4282 At
1849 4233 1972 4299 quin

373 4297 1080 4424 gesptindet.Tertullianus
1129 4303 1250 4380 adv.
1297 4297 1483 4366 Prax.,
1527 4314 1574 4353 c.
1635 4298 1723 4371 10)
1766 4318 1778 4354 :
1816 4297 1972 4356 Pater

426 4371 572 4424 thum
597 4371 740 4424 facit.
771 4383 817 4424 et
852 4368 1058 4423 Patrem
1088 4367 1278 4422 Filius.
1313 4369 1446 4424 BUN.

426 4367 572 4424 ilium
595 4370 740 4440 facit,
771 4383 817 4424 et
852 4368 1058 4423 Patrem
1088 4367 1278 4422 Filius.
1313 4369 1446 4426 BUN.

450 4462 858 4519 Unasnbstantia
887 4473 978 4517 est.
999 4463 1282 4520 Filiusuna
1309 4463 1605 4520 substantia
1624 4477 1744 4519 cum
1775 4463 1966 4530 Patre;
1999 4467 2050 4526 D

373 4535 423 4590 id
455 4544 638 4590 contra
663 4537 868 4590 Arium.
895 4535 1150 4602 Quamvis
1177 4533 1481 4588 Lactantius
1509 4535 1749 4589 videatur
1771 4537 1962 4590 catho-

373 4607 510 4662 licus
551 4607 691 4662 circa
727 4607 884 4664 Verbi
914 4607 1272 4669 divinitatem,
1317 4605 1476 4662 nimis
1504 4612 1680 4659 tamen
1711 4607 1956 4672 balbutit,

373 4679 492 4748 quia
527 4693 792 4732 summum
825 4677 964 4730 istud
1008 4677 1322 4748 mysteriqu
1351 4677 1846 4744 comparationibus
1869 4694 1964 4734 na-

376 4748 634 4803 turalibus
668 4748 938 4818 explicare
967 4757 1212 4802 conatur.

445 4837 750 4908 1Eqncnec.
780 4839 1028 4894 Omnium
1053 4853 1182 4893 mss.
1208 4847 1310 4904 est;
1334 4854 1476 4908 mque
1495 4856 1654 4911 neque
1678 4839 1968 4907 editorum,

378 4911 522 4982 quod
551 4911 758 4979 ingrate
780 4919 956 4964 sonat.

449 5001 706 5054 Ministro.
732 5001 1018 5068 Perperam
1043 5016 1137 5056 sex
1165 5015 1293 5056 mss.
1323 5017 1433 5058 rec.
1465 5012 1519 5058 et
1543 5005 1610 5059 12
1637 5003 1766 5060 editi
1787 5020 1944 5061 recen
1963 5036 1976 5048 ο

375 5071 542 5127 tiores
570 5072 839 5128 addebant
859 5083 952 5132 est,
977 5074 1118 5142 quod
1149 5082 1258 5128 tres
1279 5085 1386 5130 vet.
1415 5075 1538 5130 edd.
1575 5075 1734 5131 Rom.
1761 5090 1814 5131 ct
1839 5094 1967 5132 mss.

373 5144 753 5214 quamplurimi
776 5156 1052 5214 respuunt;
1087 5154 1142 5198 et
1172 5161 1296 5200 mox
1328 5147 1572 5217 sequitur
1591 5158 1730 5202 sunt.

448 5235 976 5312 Snperius._Scilicet
1003 5235 1161 5306 hujus
1187 5235 1308 5292 libri
1337 5253 1408 5302 tv,
1439 5254 1558 5310 cap.
1593 5241 1680 5308 i5,
1705 5255 1767 5295 ex
1797 5240 1974 5312 capite

375 5322 504 5362 xuv
527 5317 581 5362 et
609 5323 708 5363 ην
733 5307 907 5363 Isaiae.

449 5398 646 5473 Praeter
681 5415 761 5456 me
789 5417 889 5454 non
917 5409 989 5457 est
1029 5399 1183 5456 Deus.
1219 5401 1293 5456 Ita
1339 5416 1476 5473 mss.
1523 5412 1578 5458 et
1628 5404 1976 5473 quamplures

373 5471 524 5528 editi.
562 5472 628 5526 Et
658 5482 803 5526 recte
831 5473 1070 5539 quidem,
1103 5489 1202 5528 nec
1223 5473 1378 5528 aliter
1402 5472 1536 5530 infra
1568 5471 1896 5532 Laetautius.
1916 5477 1973 5532 in

375 5543 408 5599 6
435 5543 669 5608 esensis,
703 5553 888 5610 Prwter
918 5559 996 5597 me
1015 5561 1162 5598 nemo
1195 5554 1266 5599 est
1295 5543 1454 5599 Dens.
2080 5543 2135 5568 τι
2174 5543 2332 5566 """""
2371 5543 2623 5574 °””"°”"
2657 5543 2748 5568 "”'
2797 5543 2855 5576 "'
2901 5543 3060 5595 ‘9'?"
3103 5543 3192 5579 “'
3235 5543 3302 5568 δυ
3349 5543 3628 5591 ""'”".‘"""

460 5645 493 5654 ﬂ
541 5645 553 5654 _
681 5642 728 5654 η
803 5641 852 5654 η
946 5653 949 5654 ν
985 5645 996 5654 _
1065 5643 1101 5654 _
1321 5653 1326 5654 ί
1419 5645 1471 5654 Μ
1603 5647 1614 5654 _
1740 5645 1790 5654 Μ
1845 5645 1856 5654 _
2081 5591 2330 5654 Oporteat
2361 5581 2598 5637 il.l'l‘eses
2631 5599 2768 5648 esse,
2808 5586 2922 5638 iure
2954 5597 3029 5638 att
3066 5584 3264 5639 Paulus
3291 5585 3312 5638 l
3341 5585 3404 5639 ad
3439 5577 3628 5654 (Ιυιιιιιιιἶ

451 5645 586 5722 Qui“
605 5641 852 5714 quidquid
877 5653 952 5722 εξί
975 5645 1030 5722 ξπ
1056 5643 1214 5698 Pal"?
1235 5686 1248 5708 ς
1281 5653 1384 5698 θιο·
1417 5645 1505 5722 ξίς
1544 5647 1705 5722 ollam
1734 5645 1977 5722 Christus
2081 5641 2201 5721 cap.
2234 5671 2306 5720 st,
2356 5670 2472 5708 xu.
2518 5641 3010 5722 Oportet'bmrcses
3057 5670 3178 5710 esse
3206 5657 3259 5710 in
3301 5656 3447 5710 vobis
3469 5697 3483 5719 ,
3511 5662 3553 5705 ιιι
3562 5645 3630 5722 qui

377 5715 626 5770 Salvatnr
657 5723 863 5794 uoster,
894 5714 1136 5794 ,Jtrbsztltl-
1171 5728 1226 5794 tt.
1254 5730 1394 5794 vers.
1429 5717 1547 5794 50“:-
1573 5717 1684 5794 βαρ
1727 5729 1772 5771 ει
1821 5715 1978 5772 Pater
2086 5714 2467 5794 probationi”,
2504 5714 2770 5783 manifesti
2805 5727 2932 5782 tlaut
2963 5726 3102 5784 inter
3130 5738 3247 5783 vos.
3284 5724 3412 5782 Vide
3431 5714 3481 5782 ei
3507 5714 3628 5780 lll’e'

392 5741 625 5770 DuIViJl-"l'
657 5741 861 5775 llUllCl'.
903 5741 1136 5770 'UIIiHIIIs
1171 5741 1226 5779 Α,
1257 5741 1394 5770 ῒυΙύο
1429 5741 1498 5771 υυ
1530 5741 1542 5770 ἱ
1577 5741 1616 5770 ['1
1656 5741 1684 5770 υ
1727 5741 1772 5771 τι
1821 5741 1978 5772 rmer
2123 5741 2295 5780 Γυυιιιι
2323 5741 2444 5779 811111

392 5795 550 5841 unum
570 5794 765 5839 suntut.
797 5778 971 5858 Atque
991 5780 1118 5842 hinc
1136 5741 1980 5860 estquontnllbl(ilcstmsmps
2086 5741 2178 5858 iri,
2200 5804 2318 5866 cap.
2339 5799 2400 5860 ιι,
2423 5757 2462 5851 ti

2075 3947 2213 4016 apud
2261 3945 2507 4000 eumdem
2561 3944 2862 4001 Iohannem
2905 3960 3026 4013 cap.
3071 3960 3148 4005 tu.
3180 3960 3327 4001 vers.
3373 3946 3440 4002 35
3470 3964 3480 3998 :
3513 3945 3634 4000 Pam

2077 4018 2247 4092 diligit
2273 4017 2320 4072 F
2323 4019 2491 4085 ilium,
2525 4027 2569 4071 et
2599 4019 2769 4072 omnia
2796 4016 2935 4072 dedit
2961 4019 3014 4071 in
3045 4034 3200 4071 manu
3231 4019 3365 4088 ejus.

2152 4131 2234 4186 Ne
2259 4131 2466 4185 Patrem
2492 4131 2716 4204 quidem.
2745 4130 3076 4204 Subauditur
3103 4132 3327 4186 verbum
3352 4132 3501 4196 colit,
3523 4128 3628 4204 quod

2081 4203 2394 4258 immediate
2426 4203 2716 4270 praecessit.
2748 4205 2771 4258 l
2806 4203 2937 4270 Reg.
2967 4217 3078 4258 rec.
3121 4214 3177 4257 et
3201 4205 3234 4258 6
3260 4205 3502 4273 impressi
3522 4203 3628 4264 ,πει

2079 4275 2132 4329 In
2160 4277 2187 4328 7
2219 4275 2434 4336 scriptis
2466 4289 2575 4328 rec.
2605 4275 2706 4329 eth
2732 4275 2959 4342 vulgatis
2985 4284 3092 4338 est,
3118 4290 3209 4328 nec
3247 4273 3458 4328 Patrem
3479 4274 3634 4339 quidem

2076 4346 2215 4400 colit.
2243 4346 2299 4400 lu
2328 4345 2361 4400 8
2389 4362 2550 4399 manu
2576 4346 2808 4400 exaratis
2831 4355 2885 4400 et
2911 4347 2944 4400 5
2975 4355 3080 4400 vet.
3108 4345 3236 4401 edd.
3265 4345 3452 4412 Rom.,
3480 4363 3535 4400 ne
3559 4343 3634 4397 Pa-

2080 4428 2207 4472 trem
2239 4418 2445 4489 quidem
2476 4418 2617 4470 colit.

2150 4509 2207 4564 ls
2229 4527 2342 4563 vero
2360 4527 2476 4564 cum
2501 4509 2638 4564 Filio
2655 4511 2829 4565 simul.
2861 4511 2986 4566 Mss.
3012 4511 3044 4565 7
3068 4525 3179 4566 rec.
3199 4520 3253 4566 et
3274 4512 3496 4568 totidem
3522 4510 3630 4576 editi,

2073 4584 2118 4636 is
2143 4599 2277 4638 vere.
2302 4585 2374 4638 At
2399 4583 2581 4636 caeteri
2611 4597 2742 4638 mss.
2777 4591 2830 4638 et
2857 4591 2970 4638 tres
2997 4581 3198 4653 vulgati
3238 4583 3465 4653 habent,
3482 4585 3519 4638 is
3537 4596 3628 4637 vero.

2148 4695 2302 4750 Luce.
2333 4695 2408 4751 ita
2435 4710 2626 4770 omnes
2655 4711 2786 4751 mss.
2811 4705 2866 4753 et
2891 4697 3021 4752 editi
3047 4697 3285 4754 codices.
3313 4699 3478 4756 [satus
3502 4699 3634 4770 legen-

2077 4767 2204 4822 dum
2229 4782 2350 4822 esse
2379 4769 2656 4832 censebat,
2681 4770 2852 4822 latice.

2149 4868 2217 4924 Et
2245 4870 2459 4924 hcet-eses
2490 4869 2730 4924 haberent
2761 4871 2994 4925 existere.
3025 4869 3116 4926 Sic
3139 4869 3320 4926 ferunt
3349 4887 3480 4928 mss.
3505 4879 3548 4925 et
3566 4865 3655 4924 im?

2079 4941 2286 5009 pressi,
2345 4949 2538 5010 prreter
2569 4941 2730 4997 Goth.
2779 4944 2864 4996 cui
2913 4941 3086 5007 deest,
3121 4953 3170 4997 et
3199 4945 3461 5006 litereses;
3493 4939 3630 5002 Cane,

2079 5013 2217 5082 quod
2247 5013 2482 5082 plurimae
2503 5025 2652 5067 secta:
2673 5015 2964 5068 existerent.
2984 5012 3089 5067 Pro
3112 5013 3356 5068 haberent
3379 5016 3502 5069 edit.
3527 5010 3632 5073 Ald,

2080 5084 2350 5148 deberent;
2382 5095 2434 5137 et
2472 5085 2544 5138 ita
2589 5085 2870 5154 legendum
2896 5100 3018 5140 esse
3049 5086 3400 5140 existimabat
3429 5085 3632 5154 Calibus.

2080 5157 2218 5224 Quin
2268 5155 2430 5210 immo
2461 5152 2692 5210 Il;t‘resés
2743 5155 3001 5212 haberent
3033 5159 3302 5220 existere,
3355 5172 3480 5211 vera
3516 5152 3632 5211 lecliﬂ

2081 5243 2182 5282 eSt.
2213 5228 2302 5282 Sic
2328 5228 2469 5281 enim
2515 5227 2656 5296 loqui
2687 5240 2826 5281 autat
2865 5227 3176 5282 Lactantius
3201 5228 3450 5296 ejusdem
3481 5227 3575 5282 libri
3595 5237 3631 5277 lt'

2080 5314 2198 5368 cap.
2238 5298 2323 5362 η,
2352 5301 2493 5353 circa
2531 5299 2789 5361 medium,
2819 5315 2971 5352 carne
3011 5299 3155 5352 indui
3187 5299 3398 5354 haberet
3433 5301 3481 5354 in
3510 5309 3632 5368 terra:

2083 5365 2174 5425 lib.
2211 5387 2280 5424 vlt
2307 5385 2424 5440 Cap.
2451 5367 2506 5434 6,
2541 5381 2664 5424 ante
2691 5371 2872 5430 linem.
2908 5371 3092 5425 [tabent
3116 5370 3308 5424 dicere.
3343 5372 3411 5426 Et
3433 5367 3550 5440 apud
3572 5365 3631 5419 Ci-

2080 5457 2352 5506 ceronem,
2373 5439 2538 5494 habeo
2566 5441 2819 5510 polliceri,
2857 5442 2948 5495 lib.
2978 5458 2996 5496 ι
3021 5445 3182 5511 epist.
3208 5441 3262 5507 5,
3287 5443 3354 5496 ad
3378 5439 3629 5511 Lentulum;

2080 5523 2135 5568 et
2174 5515 2332 5566 habeo
2371 5505 2623 5574 scribere,
2657 5513 2748 5568 lib.
2796 5529 2855 5576 ιι,
2901 5505 3070 5581 epist:
3099 5513 3192 5579 22,
3235 5505 3302 5568 ad
3349 5505 3630 5581 Attic.0m}d
