3786 6262
372 990 441 1261 ’ξ

467 349 574 410 545

473 557 734 628 templum
764 554 895 623 Dei,
926 569 1034 626 quo
1058 554 1104 610 si
1122 555 1243 626 quis
1270 570 1377 611 non
1401 555 1703 625 intraverit,
1734 556 1865 611 vela
1891 571 1998 627 quo
2023 556 2070 612 si

472 648 595 719 quis
621 646 846 703 exiverit
871 688 887 713 ,
940 661 970 701 a
1000 660 1098 717 spe
1127 648 1253 702 vita:
1291 661 1355 702 ac
1382 647 1569 702 salutis
1611 656 1832 703 aeterna:
1860 648 2071 704 alienus

415 737 429 771 ί
471 749 576 796 est.
629 737 914 794 Neminem
960 739 1061 793 sibi
1110 748 1325 810 oportet
1355 740 1613 810 pertinaci
1669 741 2073 797 concertatione

476 831 734 888 blandiri.
759 832 952 905 Agitur
972 833 1117 888 enim
1141 832 1209 889 de
1237 834 1343 888 vita
1369 843 1425 889 et
1446 834 1622 889 salute
1645 852 1657 889 :
1680 836 1766 890 cui
1789 834 1891 889 nisi
1918 844 2076 891 caute

474 938 539 980 ac
567 925 855 996 diligenter
880 925 1218 993 consulatur,
1252 925 1446 981 amissa
1471 935 1527 983 et
1551 926 1786 983 extincta
1815 929 1938 984 erit.
1968 928 2075 986 Sed

479 1026 662 1073 tamen
690 1019 815 1088 quia
845 1017 1043 1088 singuli
1071 1018 1269 1089 quique
1298 1026 1473 1074 cretus
1498 1018 1876 1075 haereticorum
1900 1035 1960 1075 se
1983 1035 2079 1092 po-

480 1109 751 1165 tissimum
782 1108 1142 1177 Christianos,
1175 1119 1231 1167 et
1255 1125 1408 1168 suam
1446 1126 1567 1168 esse
1594 1110 1927 1169 Catholicam
1976 1114 2078 1169 Ec-

479 1203 698 1261 ciesiam
726 1212 934 1276 putant,
979 1204 1258 1262 sciendum
1288 1215 1372 1263 est
1398 1206 1544 1263 illam
1587 1221 1711 1265 esse
1757 1222 1979 1276 veram,
2024 1209 2081 1265 in

1824 1349 2186 1409 VARIORUM
2212 1349 2445 1408 NOTAE.

419 1488 424 1494 ’
484 1504 615 1547 suos
642 1489 950 1546 Divinarum
982 1490 1381 1547 lnstitutionum
1409 1490 1596 1547 libros.
1630 1491 1699 1545 At
1737 1489 2077 1545 Lactantium

484 1576 581 1617 eos
604 1562 921 1631 scripsisse,
956 1563 1040 1617 vel
1067 1561 1348 1619 dedicasse
1373 1577 1516 1617 anno
1544 1562 1674 1629 516,
1704 1562 1786 1615 vel
1817 1561 2033 1617 circiter
2063 1602 2079 1624 ,

486 1633 759 1689 Betuleius
788 1634 987 1700 aliique
1007 1634 1378 1700 contendunt;
1412 1633 1786 1689 Tillemontius
1817 1648 1946 1686 vero
1973 1647 2078 1687 non

486 1713 615 1761 ante
642 1719 841 1759 annum
870 1705 997 1775 521,
1027 1706 1098 1762 ob
1136 1706 1376 1761 rationes
1397 1721 1427 1761 a
1459 1720 1518 1761 se
1555 1706 1740 1760 allatas
1767 1703 1970 1759 Histor.
1994 1719 2086 1775 ec-

487 1777 645 1840 cles.,
677 1785 809 1831 tom.
832 1793 908 1843 Vt,
943 1793 1061 1847 pag.
1111 1777 1251 1835 208.
1282 1793 1441 1847 quem
1474 1776 1624 1833 adire
1659 1792 1764 1847 non
1806 1776 2000 1847 pigeat.
2026 1774 2084 1829 ln

489 1794 645 1859 cies,
677 1794 809 1831 tom.
832 1794 908 1843 vt,
943 1794 1061 1903 pag.
1112 1794 1251 1835 zua.
1282 1794 1441 1847 quem
1474 1794 1624 1833 amre
1659 1794 1764 1859 non
1806 1794 2000 1858 plgeal:
2026 1794 2084 1829 ιη

489 1848 711 1903 Oriente
749 1857 956 1917 septem
1055 1847 1188 1903 ivin.
1236 1847 1638 1903 Institutionutn
1691 1846 1859 1902 libros
1915 1862 2087 1915 primo

491 1917 758 1987 prodiisse
783 1920 1026 1973 noonnlli
1047 1920 1271 1984 volunt;
1299 1919 1540 1975 secundo
1568 1921 1710 1975 circa
1738 1933 1937 1987 annum
1962 1918 2090 1981 52L

493 1986 588 2043 aut
617 1990 790 2043 serius
813 1989 865 2043 in
888 1990 1214 2055 Occidente;
1242 2001 1294 2045 et
1315 1992 1546 2057 scriptos
1570 2000 1787 2056 antea,a
1817 1986 2095 2043 Lactantio

495 2059 798 2132 recognitor.
825 2072 880 2117 et
906 2061 1282 2132 interpolatos,
1313 2076 1378 2117 ac
1403 2060 1757 2117 Constantino
1788 2059 2097 2132 Magnode-

494 2130 703 2204 dicatos
733 2141 847 2201 post
876 2130 1073 2204 tempus
1092 2149 1193 2202 quo
1216 2134 1416 2204 furebat
1438 2134 1615 2188 odiosa
1630 2131 1928 2204 crudelitas.
1962 2130 2098 2204 Yidc

496 2201 593 2257 lib.
617 2216 672 2267 ν,
699 2217 819 2273 (κιρ,
847 2204 903 2258 2.
949 2201 1139 2260 Scribo
1166 2201 1344 2259 autem
1375 2203 1556 2259 Ariani
1601 2220 1722 2259 cum
1768 2203 1998 2273 simplici
2028 2219 2055 2255 r
2077 2244 2092 2266 ,

498 2282 559 2329 ut
583 2273 762 2329 solent
780 2272 978 2341 Graeci,
1006 2274 1271 2345 siquidem
1292 2274 1519 2331 Grmcus
1539 2285 1657 2330 erat
1676 2274 1831 2329 Arius
1848 2292 1867 2339 ;
1882 2272 1947 2328 et
1966 2288 2100 2343 quo-

499 2345 664 2401 modo
692 2344 810 2414 ejus
835 2344 1168 2417 scriberetur
1206 2362 1424 2413 nomen,
1450 2345 1655 2403 Grzecis
1676 2346 1778 2401 fuit
1808 2346 1976 2417 magis
1998 2360 2099 2399 no-

504 2425 640 2488 tum,
668 2431 829 2487 quam
868 2416 1092 2473 Latinis.
1126 2417 1193 2473 Et
1227 2418 1306 2473 sic
1350 2420 1610 2488 scriptum
1640 2418 1854 2488 rep'rio
1881 2416 1931 2471 in
1955 2432 2097 2488 _mss.

499 2486 536 2543 4
560 2486 718 2557 Reg.,
750 2488 777 2542 1
796 2488 1058 2557 S'orhon.,
1083 2489 1109 2543 1
1133 2489 1313 2552 Colb.,
1333 2486 1483 2552 Gat..
1510 2491 1536 2545 1
1561 2486 1732 2553 Οιςιτξ,
1765 2488 1913 2550 Em..
1940 2486 2099 2542 Cant.

501 2566 559 2633 et
588 2556 1017 2633 itt’edit.Cellar.
1039 2560 1759 2633 —AutAri_ani.iLegutttur,
1778 2558 2101 2633 teste_lsa:o,

502 2630 556 2685 in
582 2630 845 2686 vaticanis
870 2641 923 2686 et
944 2632 1066 2687 aliis
1087 2646 1219 2686 mss.
1246 2632 1298 2686 in
1325 2630 1411 2687 his
1430 2630 1640 2687 Bonon.
1672 2632 1868 2697 altero,
1896 2630 2098 2700 Taxaq.

506 2700 636 2757 Pen.
696 2712 920 2758 auctore
972 2702 1226 2768 Baronio,
1259 2704 1311 2758 in
1359 2720 1551 2759 novem
1580 2704 1861 2769 vaticauis,
1895 2702 2105 2757 duobus

502 2772 853 2828 vallicellanze
882 2774 1257 2839 bibliotheca‘;
1294 2774 1398 2829 [ille
1427 2775 1652 2839 Baluzii,
1679 2775 1731 2829 in
1762 2775 1924 2836 Ultr.,
1952 2773 2099 2840 Jun.,

505 2842 702 2918 Balat.,
725 2854 954 2918 quatuor
983 2845 1234 2918 biblioth.
1263 2845 1586 2918 RegaParis.
1620 2856 1673 2901 et
1695 2847 1746 2918 in
1770 2861 1864 2901 sex
1886 2844 2108 2918 Colbcr-

508 2915 666 2987 t_inis;
722 2916 774 2971 in
826 2926 1033 2987 septem
1085 2915 1415 2983 Anglicanis,
1472 2919 1645 2972 tribus
1696 2917 1870 2987 Lips.,
1917 2917 2105 2987 Coth.,

507 2985 684 3042 Beim.
733 2995 789 3043 et
831 2985 1384 3058 ili-Guelferbytanis,
1432 3003 1570 3057 quos
1597 2987 1728 3051 vidi,
1760 2985 1816 3043 et
1861 2986 2110 3041 omnibus

506 3058 729 3113 omnino
757 3068 885 3113 ante
902 3058 1254 3114 Thomasiuin
1273 3058 1451 3113 editis.
1472 3059 1799 3114 Rationibus
1821 3059 1875 3113 in
1906 3071 2109 3112 utram-

507 3144 614 3200 que
646 3138 849 3196 partem
886 3130 1187 3201 perpensis,
1218 3129 1471 3184 Baluzius
1496 3130 1563 3185 ad
1595 3131 1918 3200 principium
1946 3128 2110 3184 Nota-

509 3215 631 3255 rutn
660 3201 966 3255 auctiorum
1008 3202 1062 3254 in
1094 3201 1188 3255 lib.
1231 3201 1298 3256 de
1326 3201 1480 3255 Mort.
1516 3202 1666 3256 Pers.
1718 3215 1817 3269 pro
1864 3201 2111 3268 genuinis

512 3270 716 3344 habet.
745 3272 829 3326 cui
859 3271 1086 3343 aliisque
1132 3272 1357 3327 summis
1386 3271 1519 3328 viris
1561 3267 1793 3328 libenter
1822 3267 2116 3327 subscribi-
2143 3270 2189 3332 C
2221 3267 2455 3344 Philipp.
2487 3279 2509 3328 1
2550 3292 2563 3328 :
2609 3273 2746 3344 Quid
2774 3273 2997 3342 plenius,
3039 3272 3170 3343 quid
3224 3267 3430 3344 uberius.
3452 3267 3631 3344 Ciesarl.‘

512 3355 652 3398 mus.
687 3342 821 3397 Ben.

591 3410 705 3466 Hoc
732 3413 1044 3467 domicilium
1066 3413 1207 3483 ﬁdei.
1237 3414 1379 3470 Editi
1410 3414 1628 3474 habent:
1651 3413 1767 3470 Hoc
1784 3424 1857 3469 est
1885 3422 1990 3470 etc.
2011 3411 2118 3469 Sed

514 3482 739 3539 verbum
768 3495 842 3539 est
879 3482 1149 3555 expunxi,
1180 3486 1324 3557 quod
1354 3486 1632 3559 eleganter
1671 3501 1702 3540 a
1745 3501 1877 3540 mss.
1926 3485 2119 3553 abest,

614 430 627 443 η
1696 346 2036 407 ANALYSIS
2072 347 2254 407 unm
2290 345 2544 416 QUINTI.
3549 364 3601 423 ω

541 465 642 522 llic
665 473 749 522 est
777 462 896 518 fons
918 461 1162 518 veritatis
1180 503 1196 530 ,
1231 462 1333 519 hoc
1359 460 1691 519 domicilium
1744 462 1867 519 lidei
1893 505 1907 529 ,
1957 462 2061 519 hoc
2087 467 2140 528 Α
2164 477 2269 534 qua
2282 469 2366 517 est
2380 461 2646 517 confessio
2663 470 2717 517 et
2737 460 3205 533 pcenitentia,qu:e
3220 472 3603 549 peccauetmlrm,

3595 1224 3668 1738 Ι

3599 1738 3676 2098 1

3582 2098 3684 2517 Ξ

3583 2561 3626 2613 τιεί

3593 2634 3635 2685 eis

3583 2718 3606 2753 se

3585 2783 3618 2811 tal

3597 2811 3619 2825 δι

3609 2955 3617 2973 0

3600 3001 3626 3023 ιν

3621 3023 3698 3162 Ξ

2172 555 2365 625 quibus
2410 554 2651 625 subjecta
2687 565 2773 609 est
2814 552 3162 608 imbecillitas
3209 556 3398 624 carnis,
3435 562 3603 628 εειυιπῑιεε

2174 654 2347 701 curat.
2383 644 2510 701 Haec
2539 645 2755 700 interim
2795 644 2976 715 paucis
3004 644 3321 699 admonendi
3346 650 3475 717 gratia
3498 661 3609 723 retuli,

2178 756 2246 795 ne
2277 740 2396 810 quis
2421 754 2663 795 errorem
2711 737 2899 810 fugere
2947 738 3173 809 cupiens
3199 780 3213 803 ,
3243 739 3410 808 majori
3435 744 3612 816 implicent;

2178 849 2384 901 errore,
2428 832 2555 888 dum
2589 832 2865 902 penetrale
2893 831 3136 886 veritatis
3182 831 3390 901 ignorat.
3414 833 3616 913 POSlupjt}.

2181 929 2303 984 nius
2342 941 2397 984 et
2441 927 2656 983 uberius
2685 936 2874 982 contra
2901 940 3091 981 omnes
3141 925 3493 984 mendaciumn
3526 949 3617 998 secta;

2179 1022 2399 1093 proprio
2414 1030 2774 1092 separatoque
2798 1035 2962 1089 opere
2988 1017 3355 1090 pugnabimus.
3372 1020 3565 1092 Sequitur,
3580 1045 3618 1099 ill,

2181 1116 2434 1187 quoniam
2459 1115 2590 1169 satis
2612 1113 2681 1170 de
2708 1112 2971 1183 religione
2997 1126 3124 1167 vera
3146 1120 3201 1167 et
3225 1112 3451 1182 sapientia
3468 1115 3621 1178 locutus

2183 1224 2322 1277 mus,
2357 1210 2410 1265 in
2441 1209 2686 1281 proximo
2713 1207 2855 1263 libro
2881 1206 2948 1263 de
2972 1205 3180 1277 justitia
3205 1203 3502 1263 disseramus.

2186 1505 2361 1558 neque
2388 1488 2657 1560 reperitur
2677 1488 2729 1542 in
2753 1490 3001 1560 sequenti
3018 1486 3284 1560 membro.

2262 1561 2375 1629 Quo
2402 1559 2586 1629 siquis
2614 1576 2714 1615 non
2745 1559 3031 1613 intraverit.
3063 1559 3138 1613 Ita
3165 1573 3346 1629 omnes
3368 1572 3473 1613 mss.
3494 1566 3593 1619 cladi

2191 1628 2387 1699 praeter
2418 1634 2442 1687 1
2480 1632 2687 1686 Bonon.
2732 1633 2903 1698 antiq.
2945 1639 3001 1685 et
3037 1629 3155 1685 edit
3181 1628 3431 1701 Gymnic.,
3462 1630 3600 1692 Soubrn

2187 1704 2224 1759 2
2255 1704 2453 1767 Paris.,
2482 1703 2675 1766 Torn.,
2708 1702 2904 1772 quibus
2934 1701 3193 1771 estquod.

2262 1776 2329 1829 In
2358 1792 2461 1847 qua
2486 1785 2557 1828 est
2584 1775 2835 1847 confessio
2865 1784 2911 1828 et
2943 1774 3270 1847 paenitentia,
3296 1788 3397 1847 qua:
3426 1786 3601 1841 peccata...

2195 1845 2470 1903 salubriter
2494 1857 2659 1901 curat.
2692 1846 3005 1916 Dirignntur
3029 1848 3148 1899 lnec
3172 1845 3364 1915 spicula
3390 1849 3572 1902 contrah'

2201 1921 2501 1984 tianum,et
2524 1918 2643 1989 ejus
2664 1926 2989 1989 sectatores,
3018 1917 3112 1986 qui
3147 1916 3199 1970 in
3231 1925 3473 1989 peccatum
3492 1918 3597 1986 lapsos

2203 1987 2570 2061 pmnitentiani
2599 2004 2704 2044 non
2735 1987 3114 2061 recipiebant,
3144 1988 3481 2061 remissionem
3505 2004 3598 2057 pecu

2200 2058 2319 2117 runt
2352 2065 2405 2116 in
2435 2062 2677 2116 Ecclesia
2717 2075 2822 2114 non
2854 2060 3105 2127 reperiri,
3127 2061 3293 2127 eique
3320 2058 3472 2114 claves
3489 2064 3581 2127 aperi

2202 2144 2362 2202 atque
2387 2132 2630 2187 snlvendi
2656 2146 2686 2186 a
2730 2130 2951 2186 Christo
2976 2130 3138 2202 datas
3169 2129 3329 2183 fuisse
3353 2139 3573 2202 negantes;

2201 2201 2358 2261 deire
2386 2204 2505 2259 vide
2526 2204 2747 2258 Pacian.
2787 2205 2947 2269 epist.
2978 2219 2995 2257 ι
3021 2201 3091 2256 ad
3119 2201 3598 2273 Sympronianum,S.l

2201 2276 2477 2348 gusﬁnum
2506 2275 2574 2329 de
2605 2278 2791 2344 Agone
2816 2270 3174 2348 Christrcap.
3203 2272 3290 2326 5L
3316 2270 3475 2348 lszus.

2279 2348 2343 2401 Et
2373 2348 2598 2402 uberius.
2645 2343 2735 2401 Sic
2760 2344 3174 2401 emendavituus
3202 2355 3268 2397 ex
3297 2359 3412 2396 mss.
3438 2343 3571 2415 “leg.

2204 2435 2423 2480 annor..
2456 2434 2524 2473 ex
2550 2418 2724 2472 alti-ro
2746 2418 2880 2483 Reg.
2911 2416 3016 2473 400
3035 2430 3232 2470 annor.
3257 2415 3602 2482 Optimaenota,d

2206 2492 2308 2547 bus
2337 2490 2528 2555 Brun.,
2554 2505 2571 2545 1
2595 2488 2741 2561 Lips.
2773 2487 2987 2544 etUltr.
3014 2487 3076 2561 I_tt
3104 2488 3227 2541 aliis
3251 2500 3373 2561 mss.
3395 2489 3576 2561 eteditis,

2208 2572 2290 2618 ter
2320 2557 2689 2631 Lipsiensem',
2738 2569 2993 2631 corrupte
3031 2559 3234 2631 legitur
3272 2558 3438 2631 uerius.
3477 2557 3565 2631 Quis
3582 2561 3626 2613 cui

2207 2643 2361 2706 putet
2387 2629 2497 2686 tam
2546 2631 2838 2706 absurdum
2873 2629 3042 2686 fuisse
3093 2629 3446 2706 Lactantittm.
3472 2643 3514 2706 ut
3542 2630 3635 2706 ilicis

2207 2702 2327 2775 qua:
2352 2714 2476 2759 ante
2509 2705 2821 2772 proposuit,
2856 2717 2916 2757 se
2957 2717 3062 2755 non
3096 2703 3230 2755 satis
3258 2702 3606 2775 vere_scripsisst

2211 2770 2412 2839 lirmet,
2449 2770 2638 2830 in'alio
2664 2777 2867 2841 scripto
2892 2776 3072 2828 verius
3106 2770 3357 2827 acturus?
3378 2770 3619 2826 Caterumist

2210 2858 2509 2914 separatum
2561 2847 2925 2916 propriumque
2945 2861 3078 2912 apus
3111 2856 3296 2898 contra
3325 2842 3530 2916 haereses,
3549 2859 3616 2906 seu,

2210 2921 2285 2973 ait
2312 2915 2861 2981 Lactantius,7contra
2890 2933 3065 2970 omnes
3105 2915 3463 2969 mendaciorum
3494 2925 3617 2973 ratas.

2212 2991 2395 3044 extitit
2428 3005 2687 3054 unquam,
2720 2989 2785 3042 ad
2814 2998 3055 3041 nostram
3087 3002 3261 3056 usque
3300 2993 3484 3040 aetatem
3506 3001 3573 3037 non

2212 3062 2379 3115 venit.
2410 3090 2480 3101 —
2510 3058 2725 3114 Plenius
2755 3069 2800 3113 et
2845 3058 3068 3112 uberius.
3117 3057 3439 3126 Frequenter
3462 3066 3603 3110 veteres
3616 3058 3637 3126 i5

2215 3147 2384 3185 voces
2410 3133 2664 3201 jungunt,
2698 3139 2755 3185 ut
2800 3129 2991 3185 Cicero
3029 3130 3102 3184 de
3152 3124 3307 3201 Clar._
3346 3124 3493 3201 (trat.,
3524 3140 3597 3201 cap.

2223 3201 2390 3257 Nemo
2412 3198 2426 3201 ⁷
2443 3198 2639 3271 plenior
2693 3211 2739 3256 et
2797 3201 2997 3255 uberior
3024 3202 3094 3255 ad
3124 3198 3386 3255 dicendum
3413 3199 3506 3271 fuit.
3535 3200 3623 3271 Orat.

3548 1849 3570 1902 Ν

3573 1866 3605 1904 0i

2221 3340 2440 3471 ξίν,
2475 3345 2544 3399 55
2574 3362 2587 3400 :
2622 3340 2750 3400 Haec
2775 3340 3006 3413 pleniora
3035 3340 3194 3399 etiam
3221 3354 3266 3398 et
3290 3341 3491 3398 uberiora
3511 3340 3624 3411 peruri

2256 3427 2364 3471 ant.
2433 3432 2517 3471 us.
3486 3430 3491 3437 ·

2256 3427 2364 3472 ant.
2388 3427 2517 3471 BUN.
3486 3430 3491 3437 '

1442 3760 1995 3847 ANALYSIS
2051 3759 2366 3842 LIBRI
2442 3757 2604 3863 QU
2623 3756 2894 3840 INTI.

1913 3924 2020 3985 DE
2053 3921 2436 3985 JUSTITIA.

1780 4072 2232 4128 -—-——m

593 4238 782 4295 Partes
804 4239 964 4312 hujus
981 4239 1100 4312 libri
1126 4239 1245 4295 duas
1264 4250 1420 4296 sunt:
1443 4242 1613 4312 prima
1632 4239 2017 4312 redditcausas
2030 4255 2130 4296 cur

526 4308 671 4385 hunc
696 4308 962 4385 scribendi
999 4311 1239 4385 laborem
1258 4308 1567 4385 susceperit
1597 4310 1747 4385 (Cap.
1782 4312 1834 4385 1,
1860 4312 1918 4376 2,
1945 4312 2125 4385 5,74);

520 4383 687 4438 altera
722 4381 1023 4455 doctrinam
1055 4382 1122 4437 de
1140 4383 1347 4454 justitia
1379 4385 1537 4455 legali
1590 4381 1949 4455 persequitur,
2004 4381 2128 4439 inde

522 4469 696 4510 usuue
717 4453 783 4508 ad
815 4455 996 4510 linem.

637 4541 797 4581 ausas
817 4527 1098 4595 praesentis
1119 4527 1429 4599 scriptionis
1447 4535 1557 4580 tum
1574 4524 1780 4599 ﬁnales,
1804 4535 1911 4599 tum
1937 4526 2130 4597 impul-

524 4598 670 4652 sivas
714 4599 902 4652 recitat
932 4601 1209 4665 praemissa
1231 4597 1517 4667 petitione.
1548 4606 1605 4652 ut
1629 4598 1776 4666 prius
1808 4598 1986 4667 legant
2010 4614 2129 4662 sua,

523 4683 685 4739 quam
736 4668 979 4737 judicent.
1020 4666 1282 4723 Gentiles.
1311 4666 1530 4723 Finales
1554 4671 1649 4721 has
1673 4669 1828 4722 all'crt
1850 4666 1948 4721 {ut
1978 4685 2132 4723 revo-

524 4738 612 4794 cet
632 4749 876 4795 errantes
900 4741 967 4790 ab
995 4740 1186 4793 itinere
1212 4738 1371 4793 devio
1398 4756 1413 4794 :
1444 4748 1500 4792 ttt
1529 4741 1812 4793 continuet
1841 4739 2133 4794 titubantes

526 4809 821 4949 lidebut
839 4809 1072 4865 delectet
1097 4810 1482 4865 conscientiam
1510 4811 1749 4865 veritatis
1799 4809 2134 4880 professione

599 4897 686 4948 ap.
777 4920 790 4934 .

599 4897 686 4934 αι).
712 4897 790 4934 ‘ll.

530 4880 919 5025 (Liuillpitllsivas
948 4951 1081 5025 duas
1123 4963 1419 5025 memorat:
1476 4970 1660 5019 unum,
1684 4953 1827 5025 quod
1880 4953 2136 5008 hactenus

533 5034 696 5096 nemo
719 5020 993 5096 eleganter
1019 5024 1085 5077 de
1114 5024 1404 5096 christiana
1429 5026 1685 5096 religione
1702 5020 1979 5093 Scripserit
1996 5043 2007 5077 :
2027 5039 2132 5079 non

530 5091 796 5166 Minucius
825 5091 998 5166 Felix.
1033 5110 1136 5150 non
1168 5091 1554 5162 Tertullianus,
1578 5097 1668 5165 qui
1698 5091 1874 5150 minus
1890 5106 2137 5166 comptus

532 5172 588 5218 ct
632 5165 856 5237 multum
897 5165 1160 5222 obscurus
1200 5166 1361 5223 fuerit
1385 5169 1435 5223 in
1478 5167 1804 5237 eloquendo,
1835 5165 2137 5237 Cyprianus

532 5244 711 5289 autem
740 5235 1014 5311 eleganter
1045 5239 1281 5308 quidem.
1314 5241 1409 5295 sed
1441 5235 1663 5311 mystice
1690 5235 1902 5295 loeutus
1930 5239 2029 5293 ait:
2056 5239 2137 5293 al-

534 5318 727 5380 teram,
752 5308 893 5377 qttud
926 5311 1037 5363 btec
1062 5311 1176 5380 ipsa
1228 5308 1511 5366 doctorum
1562 5313 1784 5379 penuria
1833 5314 2139 5379 provocorit

533 5377 819 5448 quosdam,
851 5390 906 5452 u_t
935 5377 1199 5435 auderent
1247 5382 1484 5438 scribere
1529 5377 1714 5438 contra
1756 5377 1993 5452 ignotam
2037 5382 2138 5436 sibi

535 5452 837 5524 veritatem.
874 5450 1022 5524 [uter
1047 5452 1184 5507 alios
1216 5455 1383 5521 enim,
1442 5450 1820 5523 philosophum
1848 5453 2138 5524 quemdam

535 5522 802 5595 calamum
834 5522 1119 5595 strinxisse
1163 5524 1427 5579 adversus
1466 5522 1821 5590 christianos;
1853 5522 2140 5595 quemdam

536 5594 662 5667 item
708 5607 739 5646 e
766 5608 1014 5667 _n_umero
1038 5594 1282 5662 jtnlicum
1309 5596 1445 5652 duos
1474 5598 1688 5652 libellos
1740 5598 2138 5667 composuisse,

535 5662 731 5734 quibus
753 5662 1045 5739 falsitatem
1076 5668 1372 5739 Scriptura:
1393 5686 1616 5739 arguere
1643 5662 1980 5733 conatus-sit,
2010 5678 2144 5723 tam-

537 5750 698 5805 quam
722 5735 820 5789 sibi
844 5746 989 5793 esset
1021 5749 1129 5794 tota
1160 5735 1482 5805 contraria:
1501 5738 1774 5796 CltriStum
1830 5741 1992 5795 etiam
2023 5754 2140 5792 ina-

538 5819 665 5883 gum
697 5816 758 5883 et
772 5806 1067 5883 Apollonio
1119 5811 1434 5872 inferiorem
1487 5812 1721 5882 dixerit;
1777 5826 1902 5883 quze
1960 5811 2141 5869 omnia

545 5872 696 5945 (Cap.
728 5877 786 5948 5)
814 5872 968 5937 diluit
997 5893 1204 5939 auctor.

2302 4242 2550 4298 Secunda
2581 4252 2733 4313 parte
2762 4243 2879 4300 haec
2908 4244 3099 4301 ordine
3132 4250 3415 4313 pertractat
3434 4256 3477 4313 εΔ
3508 4309 3515 4313 _
3659 4298 3665 4307 ,

2301 4313 2429 4369 Ideo
2473 4309 2694 4371 aureum
2745 4319 3001 4371 saeculum
3057 4309 3159 4372 sub
3189 4316 3415 4373 Saturno
3458 4309 3593 4370 fuisse,
3621 4314 3679 4372 (Ιυιι

2232 4399 2400 4439 unum
2437 4386 2603 4440 Deum
2637 4396 2748 4441 tum
2780 4389 3047 4443 coluerint
3072 4388 3328 4443 mortales
3351 4392 3477 4454 (cap.
3498 4381 3557 4446 5)-

2154 4450 2209 4510 D
2307 4456 2420 4512 Sub
2445 4456 2579 4512 Jove
2609 4467 2787 4513 autem
2841 4468 3103 4513 mutatum
3154 4473 3277 4513 esse
3306 4450 3681 4522 sarculumauretm.

2235 4529 2359 4598 quia
2382 4529 2697 4598 religionem
2729 4545 2905 4584 veram
2925 4531 3264 4585 deseruerint
3288 4526 3429 4603 (Cap.
3447 4523 3513 4593 9).

2307 4620 2413 4695 Sed
2439 4636 2578 4676 nunc
2599 4637 2693 4687 per
2718 4623 2969 4695 nuncium
2991 4623 3083 4678 Dei
3114 4619 3422 4695 (Christum)
3437 4608 3684 4695 speciemilljtf

2236 4693 2383 4747 aurei
2415 4678 2671 4762 temporis
2704 4694 2950 4758 rediisse,
3003 4678 3519 4763 jtiStitiatnqtte,'ltbc
3540 4694 3609 4763 sit.

2235 4763 2380 4818 unici
2406 4750 2545 4833 piam
2571 4774 2625 4819 et
2644 4750 2950 4835 religiosam
2972 4750 3236 4821 culturam
3257 4750 3504 4820 reductam
3539 4754 3634 4826 (Cap.
3648 4750 3683 4811 ἶὲ·

2308 4858 2582 4913 Justitiam
2610 4859 2748 4912 hanc
2776 4859 2898 4914 ideo
2925 4874 3031 4913 non
3054 4860 3306 4915 omnibus
3345 4858 3521 4914 datam.
3543 4856 3689 4931 αιέηἶίῗζ

2240 4938 2323 5005 tus
2351 4932 2499 5005 cerni
2533 4945 2637 4984 non
2664 4933 2854 5005 possit,
2900 4931 3002 4985 nisi
3031 4931 3224 5005 habeat
3243 4925 3687 5005 _vitia‘cun_lrariia;_llff

2239 5003 2309 5073 sit
2341 5000 2599 5073 perfecta,
2632 4992 2735 5055 nisi
2762 4992 3080 5057 exerceatur
3105 5003 3159 5058 in
3189 4992 3691 5073 adversisrdeimlgtlfllf

2241 5058 2376 5146 nihil
2409 5058 2597 5146 fuisset
2630 5076 2818 5146 pictas,
2850 5074 2894 5127 si
2926 5084 3111 5129 natura
3158 5058 3692 5146 pares7unguibusalleﬁlfS

2240 5142 2498 5198 dedisset.
2535 5144 2602 5198 Et
2631 5134 2770 5214 'quia
2802 5134 2998 5198 malum
3029 5134 3371 5215 nonfsustulit
3395 5134 3631 5216 Densaitlyﬂ
3646 5139 3693 5216 1“;

2242 5230 2394 5287 reum
2424 5203 2680 5287 saeculum
2711 5232 2815 5287 non
2838 5216 2949 5287 dici
2978 5203 3404 5287 nuitc,'quamvis
3431 5203 3694 5267 hominibusrti

2243 5286 2408 5341 missa
2434 5286 2638 5355 justitia
2662 5285 2817 5358 (Cap.
2836 5286 2916 5358 7).

2314 5379 2438 5434 Ideo
2469 5379 2713 5450 homines
2742 5381 2911 5434 malos
2931 5395 3052 5435 esse
3100 5389 3155 5436 et
3201 5380 3438 5450 injustos,
3462 5372 3558 5450 quia

2243 5452 2459 5508 lantur:
2489 5460 2544 5504 et
2571 5449 2693 5504 ideo
2715 5452 2856 5505 mala
2883 5452 3063 5506 omnia
3094 5430 3274 5506 rebus.
3301 5430 3519 5504 humanis
3558 5430 3693 5508 ᾳυιξιίάιί

2246 5504 2645 5593 ingravascere;
2673 5504 3005 5592 qttotliDe—tts
3018 5504 3183 5592 ltujtts
3202 5504 3395 5577 thtnili
3417 5504 3594 5593 ell'cCtot

2245 5583 2407 5649 licvtus
2438 5596 2537 5648 sit:
2571 5583 2662 5664 qui
2690 5583 2733 5647 si
2758 5595 2825 5649 ab
2854 5583 3110 5650 omnibus
3139 5594 3414 5655 coleretur,
3441 5599 3545 5641 vere
3561 5583 3694 5635 tum?"

2246 5680 2396 5740 reum
2426 5668 2679 5721 saeculum
2706 5664 2941 5719 futurum
2963 5677 3105 5721 esset
3130 5664 3374 5740 (Cap._8).
3486 5729 3496 5740 ο

2321 5714 3559 5810 i‘.’.'sm.;.‘.g:;.'u1a;;summa:imitata,
3582 5714 3697 5810 ιιξιξιιξεε

2248 5811 2426 5865 locum
2449 5808 2586 5879 apud
2602 5792 3213 5880 ,Paganosghabit'uram,
3226 5792 3298 5863 ἰιι
3310 5806 3392 5879 qui
3408 5792 3698 5880 jtistitimlsefg:

2248 5862 2893 5949 ioresint‘erﬁciai‘it,vel
2915 5862 3342 5945 «irritatam:
3379 5862 3455 5932 v'cl
3496 5862 3603 5941 quod
3634 5866 3698 5909 ετιι·
