3786 6262
66 798 405 809 Ἦ-

146 328 291 393 569

148 552 289 616 tur,
319 550 369 604 si
400 550 488 619 pie
514 550 778 607 viverent.
809 550 899 608 Sic
935 552 1151 609 assidua
1181 553 1481 610 imitatione
1523 555 1777 626 corrupti,

148 638 424 696 divinum
451 640 532 697 fas
574 641 947 713 reliquerunt;
1003 653 1060 701 et
1087 645 1341 716 paulatim
1363 647 1543 716 male
1569 646 1804 716 vivendi

143 734 1031 814 consuetudomogfaetusest.
1082 736 1194 794 Nec
1239 737 1349 808 jam
1393 739 1683 810 quidquam
1713 756 1779 799 ex

137 825 550 883 antecedentis
579 829 762 884 saeculi
794 830 885 901 pio
919 839 1080 902 atque
1109 831 1313 901 optimo
1357 840 1501 888 statu
1530 835 1729 890 mansit
1760 852 1775 890 :

133 918 271 974 sed
322 919 544 991 explosa
577 920 825 991 justitia,
868 930 924 979 et
972 924 1252 979 veritatem
1294 939 1480 982 secum
1514 925 1733 982 trahens
1758 970 1775 995 ,

134 1011 398 1083 reliquit
445 1013 753 1070 hominibus
796 1029 1033 1071 errorem
1060 1057 1076 1083 ,
1124 1015 1517 1087 ignorantiam,
1564 1019 1776 1075 caecita-

135 1113 306 1162 tem.
341 1106 717 1177 Imprudentes
746 1109 909 1179 igitur
943 1119 1118 1180 poetae
1140 1152 1155 1176 ,
1186 1111 1277 1181 qui
1315 1126 1436 1167 eam
1464 1110 1775 1182 confugisse

128 1197 491 1255 cecinerunt
519 1199 586 1255 ad
612 1199 762 1256 Jovis
792 1216 1036 1272 regnum.
1069 1201 1129 1257 Si
1173 1202 1316 1258 enim
1356 1204 1589 1271 saeculo,
1629 1205 1773 1276 quod

130 1301 372 1347 vocant
397 1307 620 1348 aureum
651 1335 666 1359 ,
701 1293 910 1365 justitia
941 1294 994 1349 in
1027 1302 1169 1351 terra
1191 1294 1326 1363 fuit,
1358 1310 1388 1350 a
1412 1295 1546 1353 Jove
1585 1299 1773 1370 utique

126 1384 327 1452 pulsa
367 1398 451 1443 est
473 1429 487 1454 ,
518 1388 611 1459 qui
632 1401 856 1444 aureum
887 1387 1143 1443 saeculum
1169 1377 1538 1446 commutavit.
1580 1390 1772 1448 Saeculi

122 1487 358 1534 autem
385 1482 768 1548 commutatio,
801 1490 854 1536 et
877 1481 1122 1553 expulsio
1157 1481 1412 1553 iustitiae,
1443 1483 1574 1539 nihil
1600 1484 1769 1550 aliud,

124 1579 208 1627 ut.
249 1575 404 1643 dixi,
437 1590 597 1646 quam
626 1575 861 1631 desertio
890 1574 1089 1631 divinae
1105 1576 1380 1647 religionis
1398 1579 1628 1648 putanda
1655 1589 1767 1644 est;

118 1679 294 1733 quae
337 1668 449 1723 sola
498 1667 663 1723 efficit
702 1678 761 1723 ut
815 1668 974 1725 homo
1009 1668 1282 1725 hominem
1324 1686 1505 1727 carum
1544 1671 1767 1740 habeat,

120 1769 416 1828 eumque
445 1760 547 1816 sibi
574 1759 930 1816 fraternitatis
960 1760 1175 1817 vinculo
1197 1764 1474 1820 sciatesse
1509 1765 1774 1821 constric-

1391 344 1596 403 LIBER
1636 343 1703 402 V.
1743 345 1836 405 DE
1873 344 2205 405 JUSTITIA.

146 465 379 511 omnes
399 456 685 527 pietatem,
731 472 800 515 ne
827 458 1159 531 exprobrare
1187 460 1298 532 regi
1330 461 1509 518 scelus
1532 461 1781 519 videren-
1805 468 1862 527 Α

2488 462 2718 524 CAPUT
2766 464 2876 523 111.

1962 599 2039 655 De
2066 599 2194 657 Jesu
2230 602 2449 659 adventu
2484 613 2534 659 et
2561 604 2764 674 fructu;
2800 615 2952 675 atque
2987 603 3051 660 de
3087 606 3199 677 ejus
3233 607 3409 664 steeuli

2411 696 2680 752 virtutibus
2717 704 2763 752 et
2800 696 2953 753 uitiis.

1955 834 2269 907 Sed;Deus,
2300 843 2358 892 ut
2387 851 2587 907 parens
2616 836 3118 909 indulgentissimus
3136 877 3151 904 ,
3186 837 3479 908 appropin-

1879 937 2079 999 quante
2118 927 2310 984 ultimo
2358 938 2635 1000 tempore,
2680 929 2925 987 nuntium
2967 929 3144 995 misit,
3194 928 3285 999 qui
3325 936 3480 984 vetus

1879 1020 2010 1078 illud
2049 1023 2305 1078 saeculum
2353 1022 2696 1094 iugatamque
2731 1022 2996 1095 justitiam
3040 1021 3358 1089 reduceret;
3409 1037 3480 1079 ne

1879 1115 2170 1170 lmmanum
2199 1130 2372 1186 genus
2401 1115 2654 1171 maximis
2682 1125 2737 1171 et
2766 1114 3044 1188 perpetuis
3069 1114 3365 1186 agitaretur
3392 1128 3480 1170 er-

1875 1206 2109 1263 roribus.
2145 1205 2325 1262 Rediit
2352 1221 2481 1277 ergo
2509 1207 2719 1275 species
2743 1206 2891 1262 illius
2918 1205 3069 1262 aurei
3099 1205 3357 1278 temporis
3375 1247 3391 1273 ,
3423 1213 3480 1262 et

1874 1300 2083 1357 reddita
2116 1300 2333 1372 quidem
2373 1310 2564 1369 terrae,
2605 1302 2699 1357 sed
2740 1300 2926 1371 paucis
2963 1300 3234 1371 assignata
3268 1299 3479 1370 justitia

1874 1402 1985 1461 est;
2014 1409 2133 1464 qua:
2164 1393 2297 1448 nihil
2327 1394 2471 1449 aliud
2503 1403 2619 1463 est,
2650 1408 2811 1463 quam
2846 1393 2939 1448 Dei
2972 1393 3113 1448 unici
3148 1393 3232 1463 pia
3261 1400 3317 1449 et
3343 1391 3476 1448 reli-

1872 1486 2025 1556 giosa
2063 1486 2294 1541 cultura.
2338 1485 2445 1541 Sed
2486 1496 2699 1542 moveat
2736 1486 2968 1556 aliquem
3007 1484 3271 1553 fortasse,
3305 1498 3402 1540 cur
3429 1482 3478 1540 si

1874 1577 1993 1634 haec
2028 1577 2099 1632 sit
2130 1578 2367 1648 justitia,
2405 1593 2511 1634 non
2542 1580 2687 1635 omni
2728 1579 2965 1634 humano
2994 1579 3179 1650 generi
3210 1578 3282 1633 sit
3316 1576 3475 1644 data;

1873 1686 1977 1728 nec
2004 1673 2056 1728 in
2086 1687 2205 1728 eam
2248 1672 2534 1730 multitudo
2571 1674 2823 1729 universa
2862 1671 3222 1728 consenserit.
3269 1670 3477 1742 Magnae

1874 1764 1979 1821 hoc
2007 1765 2383 1835 disputationis
2409 1775 2522 1832 est,
2545 1781 2641 1821 cur
2667 1782 2698 1821 a
2721 1766 2853 1831 Deo,
2880 1780 3001 1820 cum
3025 1764 3289 1834 justitiam
3317 1771 3476 1819 terrae

124 1854 279 1901 tum
322 1866 339 1903 :
378 1849 644 1919 siquidem
704 1859 860 1921 pater
894 1851 1033 1907 idem
1066 1854 1316 1909 omnibus
1355 1854 1498 1910 Deus
1543 1864 1659 1922 est,
1709 1865 1768 1911 ut
1794 1863 1843 1923 B
1871 1857 2057 1922 daret,
2087 1858 2156 1912 sit
2178 1866 2386 1913 retenta
2419 1856 2730 1912 diversitas:
2763 1856 2908 1927 quod
2934 1864 2988 1911 et
3011 1856 3118 1909 alio
3149 1855 3271 1909 loco
3293 1852 3477 1910 decla—

130 1934 321 2003 Dei,
378 1939 650 2010 patrisque
720 1942 1022 1997 communis
1096 1943 1354 1999 beneficia
1396 1960 1518 2000 cum
1561 1945 1626 2001 iis
1674 1948 1765 2016 qui

128 2044 273 2086 non
308 2030 543 2098 habent,
566 2034 848 2103 partiatur,
866 2034 996 2089 nulli
1018 2045 1242 2102 noceat,
1275 2036 1481 2092 nullum
1524 2049 1763 2108 premat,

129 2138 274 2178 non
326 2124 469 2181 fores
497 2125 710 2181 claudat
754 2126 984 2197 hospiti,
1013 2143 1120 2183 non
1150 2143 1332 2184 aurem
1365 2131 1601 2200 precanti
1625 2148 1640 2196 ;
1668 2131 1765 2186 sed

132 2217 233 2271 sit
260 2215 452 2288 largus
476 2259 492 2284 ,
522 2218 826 2285 beneficus,
855 2219 1093 2276 liberalis
1110 2262 1125 2285 ,
1149 2236 1284 2292 quas
1314 2222 1489 2292 regias
1504 2237 1626 2280 esse
1651 2224 1767 2279 lau-

134 2307 262 2364 des
292 2308 503 2366 Tullius
529 2312 875 2369 existimavit.
904 2312 1033 2369 Haec
1072 2322 1157 2369 est
1179 2313 1418 2384 profecto
1442 2315 1647 2384 justitia
1671 2359 1687 2385 ,
1709 2326 1766 2374 et

137 2399 270 2458 hoc
325 2418 546 2460 aureum
575 2405 865 2471 saeculum,
908 2405 1051 2479 quod
1084 2406 1219 2463 Jove
1247 2409 1474 2478 primum
1506 2419 1766 2482 regnante

140 2506 524 2567 corruptum,
567 2514 690 2554 mox
746 2508 803 2556 et
850 2500 1007 2571 ipso,
1066 2509 1121 2556 et
1162 2501 1307 2556 omni
1362 2501 1479 2572 ejus
1512 2504 1767 2574 progenie

139 2599 525 2659 consecrata,
555 2590 889 2665 deorumque
942 2593 1237 2651 multorum
1283 2603 1537 2667 suscepto
1582 2596 1766 2663 cultu,

138 2680 519 2742 fueratomne
544 2684 834 2743 sublatum.

1872 1951 2018 2018 ravi,
2053 1960 2106 2006 et
2136 1951 2460 2020 ubicumque
2489 1958 2751 2019 oportune
2778 1946 3057 2015 inciderit,
3092 1943 3469 2016 explicabitur.

1869 2045 2023 2100 Nunc
2048 2045 2334 2113 designare
2359 2043 2412 2098 id
2440 2041 2760 2098 brevissime
2787 2041 2920 2096 satis
2943 2048 3056 2096 est:
3093 2038 3355 2095 Virtutem
3384 2046 3478 2094 aut

1869 2136 2019 2193 cerni
2046 2151 2152 2192 non
2185 2149 2376 2207 posse,
2407 2135 2508 2189 nisi
2536 2133 2731 2190 habeat
2757 2133 2888 2189 vitia
2914 2131 3220 2197 contraria;
3248 2139 3341 2186 aut
3366 2145 3474 2188 non

1869 2243 1990 2285 esse
2021 2231 2347 2299 perfectam,
2377 2227 2480 2283 nisi
2509 2235 2827 2282 exerceatur
2854 2223 3118 2281 adversis.
3149 2221 3298 2278 Ha’nc
3327 2222 3476 2278 enim

1870 2323 2012 2379 Deus
2037 2322 2299 2377 bonorum
2331 2336 2395 2377 ac
2424 2321 2690 2376 malorum
2712 2320 2882 2375 voluit
2907 2333 3030 2374 esse
3051 2317 3361 2374 distantiam
3380 2358 3395 2382 ,
3418 2325 3478 2372 ut

1870 2413 2181 2487 qualitatem
2208 2413 2333 2468 boni
2362 2429 2429 2467 ex
2455 2416 2595 2467 malo
2617 2412 2878 2476 sciamus,
2906 2411 3034 2465 item
3061 2408 3186 2464 mali
3213 2423 3281 2464 ex
3309 2409 3475 2474 bono;

1870 2522 1972 2563 nec
2014 2507 2236 2563 alterius
2279 2506 2418 2560 ratio
2461 2505 2722 2575 intelligi,
2765 2504 2980 2559 sublato
3022 2502 3229 2570 altero,
3275 2510 3475 2575 potest.

1874 2599 2014 2654 Deus
2042 2613 2172 2668 ergo
2197 2612 2303 2651 non
2331 2596 2562 2651 exclusit
2590 2595 2790 2651 malum
2810 2635 2824 2659 ,
2851 2602 2913 2648 ut
2937 2593 3076 2648 ratio
3102 2592 3317 2647 virtutis
3340 2607 3475 2649 con-

1871 2698 2017 2746 stare
2047 2699 2250 2761 posset.
2283 2686 2566 2757 Quomodo
2590 2688 2734 2744 enim
2768 2687 3024 2758 patientia
3056 2687 3164 2743 vim
3191 2700 3345 2742 suam
3375 2701 3478 2745 no-

1516 2803 1877 2862 VARIORUM
1914 2803 2146 2862 NOTIE.

233 2916 553 2990 Consuetudo
572 2959 587 2984 ,
619 2934 728 2974 mos
762 2919 925 2986 factus
950 2927 1045 2974 est.
1074 2917 1273 2974 Contra
1301 2919 1590 2985 Arnobius.
1614 2939 1672 2977 11.
1706 2939 1758 2990 p.

143 2987 233 3061 58
256 3005 290 3061 ξ
315 2989 429 3042 Fiet
457 2992 589 3061 enim
620 2991 895 3061 familiaris
921 3007 1109 3061 eimorc
1153 2993 1484 3061 consuetudo.
1514 2987 1762 3049 Perottus

144 3057 634 3150 innuCorn-u‘Copi
648 3062 736 3150 ed.
775 3062 900 3150 Ald.
923 3060 987 3150 n.
1011 3062 1152 3150 76155:
1198 3060 1551 3150 osnproprie
1575 3065 1762 3150 difﬁnif
1788 3087 1832 3150 Ο

154 3138 245 3185 tur
273 3132 409 3185 ratio
437 3132 634 3186 vivendi
654 3134 1019 3188 consuetudine
1041 3134 1266 3199 ﬁrmata.
1308 3134 1530 3188 Varroni
1558 3132 1665 3190 mos
1690 3146 1761 3190 est

153 3201 451 3276 inst_itutum
480 3204 661 3269 animi,
690 3205 828 3274 quod
852 3204 992 3276 sequi
1018 3204 1160 3276 debet
1189 3206 1524 3276 consuetudo.
1553 3206 1684 3262 BUN.

233 3271 476 3349 Empulsa
490 3271 716 3349 justitia.
748 3271 937 3349 Scribe
967 3290 1030 3330 ex
1059 3275 1204 3349 Lips.
1231 3274 1358 3342 2,5,
1376 3278 1604 3347 expulsa.
1637 3277 1761 3349 quia

154 3347 412 3419 sequitur
445 3348 538 3401 ini.
562 3348 767 3419 justitia
795 3362 827 3400 a
851 3345 979 3400 Jove
1004 3347 1191 3419 pulsa;
1237 3357 1292 3402 et
1333 3345 1564 3419 expulsio
1602 3345 1762 3419 justi-

157 3418 299 3492 liwi
324 3417 415 3471 ubi
451 3427 624 3492 tamen
643 3418 863 3492 Bonon.
892 3418 1116 3492 expiatio
1135 3461 1151 3486 ,
1172 3419 1323 3489 quasi
1350 3418 1581 3485 emplosio
1603 3417 1754 3492 'Cap.

156 3488 216 3551 'I,
245 3486 507 3557 Fugatam
521 3489 778 3558 justitiam
806 3488 955 3544 dicit.
980 3489 1113 3544 BUN.

233 3558 591 3631 Imprudentes
614 3561 771 3630 igitur
793 3571 974 3631 poetw,
1006 3561 1092 3629 qui
1114 3576 1225 3614 eam
1251 3563 1541 3631 confugisse
1560 3563 1757 3616 macine--

156 3640 278 3684 runt
304 3631 371 3684 ad
394 3630 799 3703 Jovisregnum;
816 3631 890 3685 Ita
914 3645 1043 3686 mss.
1066 3630 1133 3685 10
1152 3630 1309 3701 Reg..
1329 3630 1360 3683 6
1381 3632 1619 3687 Colbcrt.
1639 3633 1758 3687 alii-

155 3716 265 3771 que
287 3711 477 3766 sex,et
496 3701 700 3759 editio.
724 3703 920 3769 Scripti
939 3717 1032 3757 sex
1062 3717 1170 3756 rec.
1196 3714 1270 3767 et,
1302 3703 1370 3756 l2
1396 3703 1601 3768 excusi,
1637 3743 1649 3755 .
1688 3743 1701 3755 .
1740 3746 1753 3759 .

158 3774 482 3839 cecinerunt,
508 3773 563 3827 id
589 3784 662 3828 est
688 3773 758 3827 ad
783 3773 1187 3844 Jovisgregnum.
1226 3774 1550 3828 llohanneus
1586 3774 1754 3830 codex

157 3853 214 3899 et
230 3844 317 3900 ed.
334 3844 549 3900 Sublac.
566 3847 643 3900 sic
665 3845 858 3900 habent
881 3862 894 3898 :
916 3842 1279 3912 Imprudentes
1293 3846 1448 3915 igitur
1471 3855 1651 3914 poetw,
1669 3847 1757 3914 qui

155 3930 269 3986 eam
296 3916 365 3969 ad
393 3916 574 3970 caelum
596 3917 884 3986 confugisse
922 3916 1207 3986 cecinerunt
1238 3914 1479 3969 ad’Jovis
1509 3932 1755 3985 regnum:

155 3984 639 4057 Sangermanensis
669 3984 797 4042 vero
822 3986 949 4056 legit
979 4003 993 4041 :
1022 3985 1383 4057 [inprudenter
1416 3984 1573 4057 igitur
1593 4000 1756 4057 poene

154 4058 710 4184 quideamdcorltfugisse
737 4058 1026 4112 cecinerunt
1053 4057 1121 4110 ad
1144 4056 1290 4112 Jovis
1318 4056 1560 4128 regnum;
1587 4056 1754 4130 eligas

156 4143 246 4184 aut
289 4145 374 4184 aut
430 4145 492 4184 ve
518 4144 582 4183 18.

197 4144 412 4184 1111101110
430 4144 582 4184 VBIlS.

156 4143 412 4198 quiaquia
430 4143 582 4184 velis.

228 4198 715 4272 @xpulsiojustitiw.
736 4203 756 4254 1
780 4200 985 4272 Bonan.
1002 4207 1111 4254 ant.
1127 4199 1751 4271 explosioJovisjustitiw.

227 4269 347 4325 Non
375 4269 551 4327 aurem
572 4272 818 4341 precanti.
850 4272 875 4325 1
904 4269 1144 4337 Colbert,
1178 4269 1384 4337 aurum,
1418 4269 1523 4340 pro
1540 4288 1752 4335 aurem;

159 4340 187 4396 1
214 4341 417 4413 Bonon.
446 4340 611 4413 antiq.
643 4358 865 4413 avarus,
906 4343 1070 4409 forte,
1122 4357 1220 4413 pro
1257 4360 1424 4398 aures.

230 4412 444 4484 Largus.
483 4455 495 4468 .
531 4453 544 4467 .
573 4415 751 4468 laudes
804 4412 1024 4484 Tullius.
1074 4414 1349 4469 Betulcius
1387 4423 1442 4469 et
1484 4412 1626 4467 Gall.
1670 4413 1751 4468 di-

1871 2931 1979 2978 tum
2024 2921 2271 2992 scriptis,
2312 2930 2423 2976 tum
2468 2920 2682 2976 excusis
2720 2919 2890 2976 abest.
2924 2950 2994 2961 —
3025 2919 3283 2975 Nuntium
3324 2937 3475 2978 suum

1868 2995 2023 3048 misit.
2054 2995 2228 3061 Quum
2252 3009 2319 3050 ex
2341 2993 2549 3047 Bonon.
2576 2992 2950 3061 antiquissimo
2972 2992 3315 3060 Thomasius,
3340 3004 3477 3050 teste

1867 3064 2017 3129 Isaeo,
2052 3066 2103 3118 in
2128 3064 2309 3128 variis,
2341 3073 2396 3118 et
2424 3065 2510 3118 hic
2528 3074 2581 3118 et
2606 3078 2758 3132 seqq.
2783 3062 3119 3125 addiderint,
3167 3077 3271 3117 non
3313 3064 3478 3120 debe-

1868 3136 1996 3190 bant
2036 3150 2329 3206 pronomen
2357 3134 2625 3190 Cellarius
2650 3135 3062 3206 ethreeentiores
3103 3133 3362 3190 fastidire.
3396 3136 3473 3190 lta

1866 3204 2104 3273 solet,‘e.
2136 3222 2212 3275 g.,
2247 3208 2338 3260 lib.
2367 3223 2439 3268 tv,
2473 3224 2522 3261 c.
2549 3206 2656 3263 25:
2684 3204 2857 3271 Quum
2886 3209 3111 3278 legatum
3140 3223 3202 3262 ac
3231 3207 3470 3262 nuntium

1867 3293 2024 3332 suum
2058 3278 2295 3331 mitteret.
2329 3278 2460 3333 BUN.

1938 3348 2051 3404 Nec
2082 3351 2135 3402 in
2165 3365 2274 3402 eam
2305 3348 2577 3403 multitudo
2605 3348 2842 3419 universa
2871 3349 3199 3403 consenserit.
3233 3348 3471 3419 Reposui

1862 3420 1917 3473 in
1944 3437 2054 3474 eam
2075 3436 2139 3474 ex
2168 3435 2299 3473 mss.
2325 3420 2361 3473 2
2384 3420 2515 3489 Reg.
2544 3430 2597 3473 et
2618 3416 2782 3474 Cauc.
2806 3419 3213 3489 antiquissimis,
3244 3416 3473 3489 aliisque

1862 3490 2050 3545 decem
2070 3532 2086 3556 ,
2124 3499 2178 3545 et
2207 3500 2314 3545 vet.
2347 3491 2505 3545 editis
2536 3491 2694 3545 Rom.
2715 3532 2732 3557 ,
2763 3489 2932 3545 Turn.
2965 3499 3019 3546 et
3049 3491 3321 3547 Soubron.
3350 3491 3468 3547 Cie—

1862 3561 1965 3616 teri
2007 3562 2059 3615 in
2099 3578 2180 3615 ea.
2200 3590 2275 3602 —
2295 3560 2362 3614 In
2392 3579 2502 3615 eam
2530 3563 2804 3614 multitudo
2826 3601 2839 3615 .
2864 3600 2877 3612 .
2898 3600 2910 3613 .
2951 3562 3286 3617 consenserit.
3328 3562 3471 3631 Lego

1860 3632 2076 3700 quidem
2099 3673 2113 3692 ,
2145 3633 2198 3684 in
2228 3648 2338 3685 eam
2362 3673 2375 3695 ,
2406 3647 2472 3686 ex
2504 3631 2670 3692 Ultr..
2699 3630 2890 3696 Cauc.,
2926 3633 3104 3699 Rost.,
3142 3632 3273 3687 Ven.
3305 3630 3468 3699 1471,

1862 3702 1962 3765 72,
1992 3711 2217 3770 utraque
2248 3702 2338 3768 78,
2367 3704 2457 3767 95,
2486 3704 2578 3767 97,
2617 3702 2835 3767 Parrh.,
2875 3703 3068 3765 Paris.,
3093 3702 3268 3768 Junt.,
3299 3703 3466 3758 Torn.

1863 3773 2026 3837 1587,
2062 3772 2224 3839 1615,
2259 3773 2338 3826 uti
2367 3773 2462 3838 lib,
2498 3789 2545 3837 l,
2584 3788 2702 3840 cap.
2742 3772 2842 3825 18:
2879 3771 2942 3826 Si
2967 3788 3141 3825 omnes
3170 3774 3223 3825 in
3252 3788 3468 3826 concor-

1860 3844 1999 3897 diam
2028 3844 2390 3897 consenserint.
2421 3844 2537 3898 Lib.
2567 3859 2620 3907 ν,
2651 3857 2768 3908 cap.
2801 3843 2901 3897 15:
2931 3841 3172 3912 lit-quam
3202 3852 3345 3895 tanta
3370 3843 3470 3897 Ito-

1860 3916 2057 3968 minum
2086 3914 2250 3968 millia
2274 3915 2609 3969 consentiant.
2638 3912 2862 3981 Quintil.
2894 3913 3043 3967 Decl.
3076 3913 3146 3968 12
3167 3953 3182 3979 ,
3209 3927 3329 3982 cap.
3364 3914 3465 3969 i0:

1860 3984 2049 4040 Concio
2080 3986 2132 4039 in
2162 4001 2319 4039 unam
2348 4002 2518 4039 vocem
2547 3984 2849 4039 consentiat.
2884 3984 3126 4039 Alteram
3166 3994 3346 4039 tamen
3366 4024 3381 4048 ,
3413 3986 3468 4039 in

1858 4072 1919 4127 ea
1941 4099 1954 4118 ,
1988 4072 2203 4127 quoque
2232 4059 2451 4126 probam
2484 4056 2683 4127 sciast
2706 4064 2762 4110 et
2807 4054 3009 4127 [tabent
3050 4054 3225 4125 Lips.,
3274 4055 3464 4122 Golh.,

1858 4124 2091 4182 Reim‘m.
2118 4124 2256 4183 'Vide
2285 4128 2377 4182 lib.
2407 4144 2480 4193 tv,
2512 4142 2631 4195 cap.
2660 4125 2734 4183 23
2759 4144 2771 4180 :
2802 4124 2869 4179 In
2895 4142 3027 4195 quo.
3053 4166 3068 4182 .
3093 4124 3458 4181 (consenserit.

1858 4198 1933 4270 De
1957 4198 2059 4264 Ira,
2081 4214 2200 4270 cap.
2222 4197 2255 4253 9
2274 4217 2287 4253 :
2313 4198 2337 4251 Ι
2346 4216 2377 4252 11
2404 4215 2503 4270 quo
2532 4200 2725 4268 priores
2745 4197 2966 4252 universi
2984 4240 2995 4252 .
3016 4239 3029 4252 .
3051 4238 3063 4249 .
3081 4208 3463 4252 consenserant.

1858 4269 1992 4325 Ibid.
2015 4285 2135 4339 eap.
2151 4269 2223 4325 11
2248 4287 2260 4323 :
2283 4270 2424 4324 Adeo
2444 4272 2500 4325 in
2521 4271 2712 4324 unitate
2732 4279 2917 4323 natura
2939 4270 3172 4322 universa
3192 4271 3458 4324 consentit.

1856 4339 1977 4410 Ipse
2005 4341 2194 4396 Cicero
2218 4357 2317 4412 pro
2348 4341 2553 4407 Sextio,
2584 4355 2702 4410 cap.
2737 4341 2798 4396 51
2827 4357 2838 4395 :
2883 4339 2948 4393 In
2978 4355 3076 4410 qua
3104 4356 3261 4394 causa
3290 4357 3462 4395 omnes

1854 4413 2193 4466 consentiunt.
2229 4413 2361 4467 BDN.

159 4492 287 4565 cunt
308 4476 486 4573 {nunc
510 4486 693 4573 locum
720 4486 871 4573 ltopdie
896 4486 951 4568 in
978 4482 1237 4573 Ciceronis
1284 4486 1748 4573 rnonumentisunon
1776 4513 1828 4573 D
1926 4483 2164 4573 Retenta.
2196 4476 2295 4573 bis.
2329 4483 2494 4573 Bruti;
2523 4491 2744 4552 reperta.

157 4555 386 4626 inueniri.
430 4554 730 4622 Cellarius,
771 4556 902 4625 forte
933 4556 987 4610 in
1013 4556 1279 4626 deperdita
1325 4555 1548 4626 quodam
1595 4555 1745 4610 libro.

161 4624 451 4697 )Valchius,
483 4644 582 4697 quo
623 4627 732 4681 loco
761 4624 1029 4681 incertum.
1061 4624 1132 4682 At
1172 4636 1282 4682 tres
1324 4624 1655 4697 posteriores
1680 4639 1747 4682 ex

161 4695 273 4752 lsmi
294 4695 532 4768 margine
570 4700 872 4768 potuissent
908 4698 1139 4768 discere,
1163 4695 1340 4753 locum
1363 4712 1484 4753 esse
1504 4712 1568 4752 ex
1596 4695 1745 4752 Orat.

160 4783 256 4838 pro
301 4767 582 4836 Deidtaro,’
601 4784 722 4839 cap.
759 4770 794 4825 9
825 4789 837 4823 :
872 4767 1036 4840 Frugi
1068 4770 1322 4840 hominem
1345 4769 1446 4821 dici
1473 4783 1581 4840 non
1619 4768 1752 4823 mul-

162 4848 266 4911 tum
297 4841 455 4896 habet
483 4838 738 4896 laudisin
768 4857 897 4911 rege
922 4858 935 4894 :
965 4838 1498 4910 fortem,justnm,...
1524 4838 1747 4909 largum,

159 4910 452 4979 beneﬁcum,
480 4913 762 4978 liberalem,
787 4913 868 4965 ha:
895 4921 1013 4965 sunt
1044 4912 1200 4981 regia:
1220 4912 1446 4964 virtutes.
1503 4911 1637 4965 ΒυΝ.

232 4982 366 5048 Quas
387 4983 555 5053 regias
582 4999 687 5037 esse
704 4983 899 5036 laudes.
927 4981 1042 5036 Non
1072 4981 1363 5049 negatillas
1394 4982 1566 5051 regias
1582 4996 1703 5036 esse
1740 5000 1752 5034 :

160 5055 322 5109 sedet
344 5052 482 5110 hanc
514 5056 672 5110 talem
701 5063 882 5123 putat,
914 5068 1211 5123 qute'reges
1237 5067 1341 5107 non
1367 5052 1543 5106 annus
1570 5062 1748 5119 ornet,

157 5139 311 5196 quam
343 5127 578 5193 privatos
600 5167 613 5192 ,
657 5135 711 5180 et
737 5126 990 5196 putrisque
1018 5124 1321 5180 communis
1346 5124 1434 5178 sit.
1461 5123 1746 5178 Fnaacms.

230 5195 442 5251 Tullius.
475 5196 591 5252 Non
622 5213 687 5253 ex
717 5194 996 5265 deperdita
1039 5196 1319 5265 Ciceronis
1361 5196 1498 5249 libro
1519 5236 1534 5259 ,
1571 5206 1626 5265 ut
1656 5211 1751 5262 pu-

160 5277 231 5323 tat
257 5267 556 5331 Bctuleius,
613 5283 677 5322 ac
724 5264 985 5337 poSleum
1024 5264 1321 5332 Cellarius;
1351 5265 1446 5321 sed
1493 5281 1557 5320 ex
1597 5264 1745 5321 Orat.

160 5353 261 5410 pro
281 5339 526 5407 Dejotaro
556 5341 715 5409 paulo
744 5346 864 5410 post
894 5340 1057 5405 med.,
1104 5353 1219 5408 cap.
1253 5338 1305 5393 9.

227 5408 485 5480 Regnante
510 5408 750 5480 primum.
781 5408 862 5463 Ad
883 5410 1185 5464 evitandam
1211 5408 1608 5480 ambiguitatem
1633 5408 1751 5480 _ltoc

157 5478 337 5537 ordine
364 5481 467 5536 edo
493 5478 557 5538 ex
586 5481 731 5551 Lips.
762 5481 817 5543 2,
850 5482 903 5545 5,
931 5480 1187 5544 Reimm.,
1206 5478 1383 5551 liost.‘a
1419 5479 1551 5534 Ven.
1587 5478 1744 5551 1171,

159 5553 310 5620 1515,
331 5551 530 5617 Paris.,
558 5549 730 5616 Crat,
754 5551 976 5620 Gymn.,
1007 5552 1172 5607 Torn.
1207 5549 1382 5616 4587;
1410 5551 1570 5606 1615.
1606 5549 1749 5605 Wal-

154 5625 299 5691 cltio,
349 5624 439 5679 ubi
486 5622 685 5691 Fasit.,
719 5622 948 5695 Grypb.,
977 5622 1258 5691 Thomas,
1311 5623 1478 5690 Gal|.,
1522 5621 1744 5692 Spark.,

156 5696 307 5761 Cell.,
333 5696 557 5765 primum
583 5705 841 5765 regnante.
876 5695 1008 5750 BDN.

231 5766 480 5819 Nuntium
510 5767 666 5819 misit.
701 5766 797 5820 Ms.
829 5768 854 5823 1
886 5766 1094 5822 Bonon.
1141 5766 1308 5837 antiq.
1356 5774 1411 5821 ei.
1436 5780 1571 5837 cum
1607 5780 1673 5821 eo
1713 5765 1747 5819 5

164 5837 286 5894 editi
310 5852 421 5893 rec.
455 5848 574 5908 post
596 5838 823 5891 nuntium
842 5879 856 5904 ,
884 5838 1082 5894 addunt
1111 5836 1285 5903 suum,
1308 5836 1449 5907 quod
1478 5855 1502 5892 a
1531 5838 1745 5893 ca-teris

1854 4838 1905 4891 in
1951 4838 2051 4893 hac
2087 4839 2193 4892 vita
2232 4838 2467 4892 mortali.

1851 4919 1935 4963 est
1980 4908 2215 4978 perfecta
2242 4907 2447 4962 virtus?
2490 4909 2560 4963 At
2589 4907 2707 4961 haee
2739 4923 2841 4960 non
2874 4920 3157 4964 exercetur
3193 4908 3456 4964 adversis.

1924 4555 2195 4626 alioloco.
2225 4554 2404 4626 Supra
2423 4554 2527 4626 lib.
2557 4550 2632 4626 11,
2663 4566 2781 4626 cap.
2819 4550 2909 4606 18.

1928 4620 2471 4695 Explicabitur.'Vide
2517 4624 2654 4679 infra
2702 4620 2800 4695 lib.
2847 4637 2933 4687 vt,
2983 4634 3103 4691 cap.
3136 4620 3207 4676 15
3249 4628 3304 4677 et
3352 4620 3458 4691 22,

1854 4694 2015 4766 atque
2046 4698 2138 4751 lib.
2174 4696 2242 4751 de
2272 4696 2354 4751 Ira
2388 4695 2520 4760 Dei,
2550 4709 2670 4764 cap.
2705 4694 2795 4749 15.

1928 4764 2052 4822 Non
2072 4784 2180 4821 esse
2202 4771 2499 4838 perfectam,
2518 4767 2615 4838 nisi
2634 4773 2931 4838 exerceatur
2948 4764 3196 4838 adversis.
3219 4764 3460 4838 Intelligo

2511 4834 2649 4906 Quid
2680 4836 2860 4899 enim;
2909 4852 3035 4890 num
3066 4837 3118 4891 in
3151 4835 3322 4892 beatis
3350 4834 3458 4892 non

1926 4979 2063 5033 Deus
2091 4996 2226 5049 ergo.
2261 4978 2383 5032 Post
2417 4978 2534 5033 lucc
2562 4994 2694 5050 mss.
2729 4980 2753 5035 1
2787 4978 2920 5048 Reg.
2949 4980 3235 5050 antiquiss.
3267 4980 3454 5048 Cauc.,

1854 5049 2040 5122 (20th.,
2072 5047 2260 5104 Ma'rm.
2289 5060 2345 5104 et
2370 5052 2402 5105 5
2431 5050 2560 5122 editi
2589 5047 2792 5122 addunt
2811 5093 2826 5117 ,
2846 5047 3105 5122 justitiam
3131 5053 3454 5122 reducturus.

1856 5121 1960 5175 Pro
2005 5122 2228 5188 malum,
2261 5135 2364 5175 ms.
2426 5121 2557 5177 Pen.
2624 5120 2786 5176 habet
2849 5120 3120 5176 malitiam.
3169 5121 3321 5189 Quod
3361 5137 3455 5175 att-

1857 5202 1964 5247 tem
2017 5193 2185 5254 dicit.
2233 5208 2335 5246 non
2395 5193 2611 5247 exclusit
2652 5194 2877 5258 malum,
2932 5192 2983 5245 id
3044 5204 3161 5254 est,
3216 5191 3456 5259 permisit

1854 5264 2076 5318 malum.
2137 5264 2274 5318 Ecce
2330 5263 2606 5319 'l‘hornasii
2658 5263 2874 5318 Scholia
2943 5262 3008 5315 ad
3062 5262 3203 5316 hunc
3254 5262 3453 5315 locum.

1854 5334 2023 5401 Hujus
2080 5334 2194 5389 lucc
2232 5336 2394 5390 verba
2435 5347 2577 5391 sunt.
2634 5334 2727 5389 Ha:
2779 5336 2940 5389 etiam
3002 5347 3158 5387 voces
3202 5333 3455 5399 justitiam

1851 5406 2154 5460 reducturus
2176 5448 2190 5470 ,
2222 5407 2614 5476 expungendaz,
2641 5421 2760 5475 qua:
2813 5419 2944 5460 sane
2991 5420 3077 5476 ex_
3112 5402 3352 5476 margine
3378 5406 3454 5458 vi-

1853 5477 2048 5532 dentur
2100 5478 2263 5531 fuisse
2298 5473 2588 5531 iratislata:
2638 5473 2691 5529 in
2764 5486 2989 5531 textum.
3058 5474 3112 5529 In
3170 5473 3274 5528 hoc
3322 5488 3452 5528 sane

1851 5550 2024 5619 capite
2048 5550 2211 5603 multa
2232 5548 2443 5604 videtur
2462 5549 2643 5603 dicere
2659 5544 3199 5619 Lactantius,_quibns
3222 5544 3450 5619 qundam

1851 5616 2013 5677 made
2056 5629 2329 5674 auctorem
2371 5620 2494 5673 mali
2521 5621 2719 5675 faceret
2748 5618 2936 5672 Deum.
2986 5617 3183 5671 Verum
3229 5616 3272 5668 si
3307 5628 3451 5669 reetc

1851 5692 2059 5762 singula
2092 5691 2521 5757 considerentur,
2555 5689 2657 5762 hoc
2688 5691 2800 5759 ipse
2828 5704 2932 5762 non
2966 5688 3177 5762 asserit.
3213 5686 3451 5762 Namque.

1849 5758 2093 5819 aut'dicit
2118 5765 2283 5818 Deum
2309 5778 2415 5816 non
2440 5758 2727 5817 excludere
2753 5760 2970 5826 malum,
3001 5759 3084 5813 vel
3118 5758 3426 5828 permittere

1851 5845 1906 5891 ut
1938 5836 2103 5892 virtus
2131 5850 2251 5891 cum
2285 5848 2391 5904 quo
2421 5842 2617 5904 pugnet
2644 5832 2856 5886 haheat.
2890 5847 3000 5885 noc
3028 5844 3190 5886 etiam
3218 5846 3271 5885 111
3306 5845 3443 5897 ιοι-ο,

3382 346 3488 406 570

3506 2076 3729 2185 me
