3786 6262
409 340 524 402 B75

1450 345 1636 405 FIRM.
1678 342 2043 405 LACTANTH
2071 342 2277 403 DIVIN.
2320 341 2568 403 INSTIT.
3538 356 3601 414 576

416 468 596 520 autem
613 463 737 520 mali
756 462 1228 536 suntignoratione
1245 466 1375 522 recti
1393 479 1455 521 ac
1472 465 1780 533 boni.Quod
1798 464 2014 537 quidem
2040 474 2092 534 Α
2119 480 2216 522 eos
2233 465 2310 532 ﬁt,
2337 480 2497 536 quam
2531 472 2592 520 ut
2626 463 2962 532 occidantur,
3001 463 3088 521 vel
3133 464 3184 520 in
3217 467 3484 524 servitutem
3501 474 3604 531 alid“.

415 554 608 612 Cicero
631 555 792 622 vidit;
821 554 1102 627 disputans
1121 557 1264 612 enim
1290 557 1359 612 de
1388 557 1592 628 legibus
1617 576 1630 613 :
1663 577 1681 609 ι
1709 558 1861 615 Sicut
1883 573 2010 627 una,

418 649 614 721 inquit,
668 649 964 720 eademque
1007 660 1196 706 natura
1228 650 1461 706 mundus
1490 651 1739 706 omnibus
1769 651 2013 722 partibus

419 739 563 796 inter
590 754 650 796 se
675 741 1096 812 congruentibus
1118 742 1354 799 cohaeret
1373 757 1438 798 ac
1466 742 1687 798 nititur:
1722 744 1800 798 sic
1824 758 2014 799 omnes

420 832 668 890 homines
687 833 825 889 inter
846 849 904 891 se
927 843 1116 891 natura
1137 834 1367 904 confusi,
1388 836 1649 907 pravitate
1666 834 2011 898 dissentiunt;

419 939 522 982 nec
539 940 598 982 se
614 927 919 998 intelligunt
935 942 1056 984 esse
1077 929 1525 998 consanguineos,
1547 937 1597 983 et
1617 928 1888 997 subjectos
1903 941 2018 982 om-

418 1033 519 1076 nes
538 1020 640 1076 sub
661 1035 819 1077 unam
837 1021 1192 1093 eamdemque
1221 1023 1473 1079 tutelam:
1495 1024 1639 1094 quod
1655 1023 1700 1077 si
1718 1033 2016 1088 teneretur,

419 1113 644 1170 deorum
665 1113 906 1184 profecto
933 1116 1096 1171 vitam
1125 1115 1376 1171 homines
1401 1116 1663 1172 viverent.
1697 1136 1716 1168 ι
1758 1114 2019 1172 Universa

423 1207 584 1278 igitur
621 1206 759 1261 mala
785 1248 800 1274 ,
841 1206 1033 1277 quibus
1071 1206 1365 1263 humanum
1395 1222 1565 1279 genus
1602 1207 1840 1277 seipsum
1883 1205 2020 1261 invi-

423 1313 540 1354 cem
579 1297 795 1354 conficit
819 1337 834 1363 ,
876 1299 1105 1369 injustus
1143 1308 1303 1370 atque
1343 1300 1537 1370 impius
1575 1298 1802 1354 deorum
1842 1297 2022 1354 cultus

425 1392 655 1448 induxit.
708 1391 822 1449 Nec
864 1393 1008 1449 enim
1065 1401 1314 1464 poterant
1344 1395 1579 1448 retinere
1611 1392 1863 1462 pietatem
1887 1433 1902 1458 ,
1933 1390 2023 1460 qui

426 1499 765 1541 communem
794 1485 1032 1540 onminm
1065 1493 1271 1555 patrem
1306 1485 1472 1540 Deum
1518 1493 1770 1556 tanquam
1816 1481 2026 1555 prodigi

427 1592 489 1634 ac
519 1577 754 1635 rebelles
777 1578 933 1634 liberi
970 1578 1346 1649 abnegassent.

1041 1736 1270 1794 CAPUT
1308 1736 1401 1792 1X.

2113 567 2323 615 cantur.
2359 561 2474 614 lloc
2502 573 2628 614 vero
2657 559 3019 615 inenarrabile
3043 569 3159 628 est,
3192 562 3326 630 quod
3353 562 3405 616 tit
3435 565 3605 626 adversus

2115 665 2209 707 eos
2254 650 2345 722 qui
2401 650 2720 708 malefacere
2762 651 3028 708 nesciunt.
3073 650 3147 706 Et
3198 652 3322 707 nulli
3368 660 3644 718 nocentiores,

2117 742 2406 811 habentur,
2440 759 2598 814 quam
2629 744 2722 814 qui
2749 752 2871 799 sunt
2902 759 2968 800 ex
2991 743 3246 799 omnibus
3274 744 3539 807 innocentes.

2193 835 2409 890 Audent
2440 835 2602 906 igitur
2629 835 2877 892 homines
2905 835 3289 906 improbissimi
3303 835 3609 916 justititeiaterc
3637 903 3663 910 η

2107 929 2473 1007 mentionem,
2498 928 2586 998 qui
2617 927 2759 982 feras
2789 928 3127 983 immanitate
3152 927 3392 995 vincunt,
3415 932 3487 1000 qui
3508 933 3609 1003 placi-

2121 1007 2403 1080 dissimum
2436 1025 2527 1080 Dei
2559 1038 2778 1095 gregem
2807 1031 3040 1089 vastant,

2251 1201 2495 1266 Raptores
2517 1209 2620 1252 atra
2645 1203 2693 1252 in
2716 1202 2920 1261 nebula,
2945 1213 3070 1264 quos
3093 1135 3487 1264 img‘r‘tlibltirfelntris

2251 1266 2436 1328 Exegit
2458 1278 2615 1316 caecos
2639 1266 2818 1316 rabies.

2129 1395 2329 1452 Verum
2362 1393 2462 1448 hos
2489 1407 2595 1448 non
2622 1392 2830 1447 ventris
2856 1432 2871 1457 ,
2899 1391 2994 1447 sed
3023 1390 3210 1447 cordis
3251 1391 3414 1447 rabies
3436 1392 3613 1462 efferavit;

2129 1502 2233 1544 nec
2253 1495 2369 1542 atra
2393 1487 2444 1540 in
2473 1485 2686 1552 nebula,
2707 1483 2804 1541 sed
2830 1493 3015 1556 aperta
3041 1482 3366 1555 praedatione
3387 1498 3613 1556 grassantur;

2133 1598 2234 1639 nec
2274 1597 2371 1638 eos
2412 1595 2646 1652 unquam
2696 1579 3030 1636 conscientia
3079 1578 3342 1634 scelerum
3387 1591 3616 1646 revocata:

2132 1686 2378 1732 sanctum
2398 1690 2461 1731 ac
2486 1676 2632 1746 pium
2651 1688 2846 1730 nomen
2863 1672 3090 1743 justitiae
3111 1684 3209 1726 ore
3235 1670 3321 1725 illo
3341 1670 3614 1744 violent,un
3665 1670 3698 1746 Ἰ

2133 1784 2328 1826 cruore
2343 1768 2730 1834 innocentium,
2752 1775 3003 1837 tanquam
3029 1765 3201 1819 rictus
3222 1763 3479 1819 bestiarum
3499 1767 3616 1821 madet.

432 1870 514 1926 De
539 1871 808 1928 sceleribus
834 1873 1108 1943 impiorum
1129 1915 1143 1940 ,
1186 1885 1232 1929 et
1257 1871 1665 1930 Christianorum
1699 1871 2026 1929 cruciatibus.

2146 1862 2305 1933 Hujus
2333 1862 2467 1917 tanti
2497 1869 2550 1916 et
2578 1871 2684 1915 tam
2715 1859 3004 1930 pertinacis
3046 1857 3160 1912 odii
3201 1871 3352 1927 quam
3391 1857 3616 1927 potissimum

506 2009 904 2080 Nonnunquam
934 2019 1112 2066 tamen
1143 2020 1381 2066 sentiunt
1410 2026 1471 2068 se
1502 2017 1672 2067 malos
1701 2023 1845 2076 esse,
1869 2018 1924 2064 et
1944 2023 2036 2064 ve-

437 2109 611 2158 terum
639 2102 956 2158 saeculorum
988 2111 1184 2158 statum
1216 2103 1455 2170 laudant,
1487 2113 1540 2159 et
1565 2104 1632 2159 de
1661 2103 1774 2158 suis
1799 2101 2038 2156 moribus

439 2195 757 2266 meritisque
786 2195 1093 2265 conjectant
1114 2195 1306 2252 abesse
1328 2196 1586 2267 justitiam
1614 2213 1626 2249 :
1659 2210 1818 2266 quam
1849 2193 2039 2248 obver-

441 2303 650 2348 santem
693 2291 864 2348 oculis
907 2293 1018 2348 suis
1063 2308 1169 2348 non
1211 2300 1417 2348 tantum
1447 2309 1551 2349 non
1583 2292 1909 2362 suscipiunt,
1941 2303 2041 2344 nec

442 2395 759 2455 agnoscunt,
786 2400 974 2440 verum
1018 2387 1178 2441 etiam
1204 2386 1466 2442 violenter
1495 2388 1744 2451 oderunt,
1773 2393 1828 2440 et
1855 2397 2041 2454 perse-

439 2486 702 2546 quuntur,
734 2485 789 2531 et
812 2477 1177 2534 exterminare
1202 2477 1556 2533 contendunt.
1584 2478 1873 2548 Fingamus
1901 2475 2042 2529 hanc

443 2569 657 2624 interim
709 2583 814 2623 non
864 2585 984 2624 esse
1022 2570 1317 2639 justitiam,
1366 2585 1525 2640 quam
1577 2583 1678 2624 nos
1724 2567 2040 2638 sequimur:

441 2661 734 2731 quomodo,
761 2663 807 2716 si
847 2662 934 2716 illa
979 2663 1211 2730 venerit,
1238 2678 1396 2734 quam
1444 2677 1626 2719 veram
1676 2672 1892 2734 putant,
1923 2676 2041 2718 eam

444 2755 744 2825 recipient,
775 2755 864 2825 qui
897 2754 1100 2810 laniant
1141 2765 1196 2811 et
1236 2755 1490 2812 occidunt
1516 2771 1634 2824 eos,
1661 2771 1797 2826 quos
1841 2765 1896 2810 et
1943 2755 2045 2826 ipsi

445 2846 680 2902 fatentur
709 2847 1005 2903 imitatores
1033 2862 1153 2904 esse
1171 2849 1462 2919 justorum,
1495 2849 1618 2919 quia
1646 2849 1786 2903 bona
1811 2863 2044 2919 operen-

445 2946 534 2994 tur
557 2949 614 2994 et
643 2938 816 3008 justa;
847 2953 989 3007 cum,
1021 2940 1066 2994 si
1096 2940 1468 2996 tantummodo
1498 2940 1671 2995 malos
1710 2940 2044 3007 occiderent,

443 3031 591 3102 digni
619 3041 801 3088 essent
827 3033 892 3088 ad
920 3048 1056 3103 quos
1091 3033 1298 3102 justitia
1345 3049 1450 3088 non
1493 3033 1740 3099 veniret,
1769 3032 1856 3088 cui
1905 3031 2046 3086 nttlla

445 3122 543 3178 fuit
563 3124 663 3178 alia
689 3139 849 3179 causa
879 3125 1154 3195 linquendi
1187 3135 1406 3191 terram,
1437 3139 1598 3196 quam
1639 3124 1858 3178 humani
1889 3139 2048 3179 cruo-

446 3216 522 3272 ris
552 3214 761 3271 eﬂ‘usio.
807 3215 1018 3284 Quanto
1058 3218 1250 3289 magis,
1279 3234 1402 3273 cum
1445 3219 1564 3288 pios
1602 3216 1962 3282 interficiant,
1995 3227 2048 3273 et

446 3312 592 3380 ipsos
632 3311 854 3382 justitia:
901 3323 1194 3370 sectatores
1226 3331 1322 3384 pro
1353 3315 1594 3372 hostibus
1623 3315 1853 3382 ducant;
1883 3317 2048 3371 immo

447 3417 577 3458 vero
605 3405 724 3472 plus
764 3418 923 3474 quam
971 3421 1066 3474 pro
1116 3406 1394 3462 hostibus?
1437 3408 1652 3478 quibus,
1699 3407 1880 3477 utique
1925 3422 2046 3462 cum

447 3495 656 3550 animas
685 3511 899 3562 eorum,
932 3507 986 3552 et
1011 3513 1144 3568 opes
1171 3509 1227 3555 et
1255 3500 1454 3556 liberos
1483 3501 1627 3556 ferro
1652 3509 1709 3558 et
1736 3502 1843 3572 igni
1883 3516 2047 3572 appe—

448 3599 586 3656 tant,
621 3602 795 3646 tamen
829 3592 1070 3661 parcitur
1105 3593 1295 3659 victis;
1329 3602 1384 3648 ct
1407 3604 1492 3650 est
1526 3595 1676 3651 locus
1720 3596 1861 3650 inter
1902 3609 2050 3648 arma

449 3684 749 3740 clementia:
779 3703 790 3738 :
820 3693 912 3740 aut
939 3685 983 3741 si
1029 3685 1166 3742 adeo
1206 3687 1397 3744 saavire
1442 3689 1656 3758 placuit,
1691 3689 1822 3744 nihil
1850 3689 1969 3758 plus
1997 3689 2047 3743 in

2138 1969 2356 2011 causam
2388 1968 2510 2009 esse
2538 1951 2815 2009 dicamus?
2837 1950 3104 2008 Utrumne

2899 2061 3104 2112 Veritas
3127 2060 3290 2111 odium
3315 2063 3438 2125 parit,

2143 2205 2202 2251 ut
2225 2197 2300 2251 ait
2329 2204 2506 2266 poeta,
2539 2194 2689 2266 quasi
2716 2192 2898 2249 divino
2927 2191 3128 2262 spiritu
3169 2189 3456 2246 insﬁnctus?
3475 2192 3617 2247 Auern-

2143 2289 2370 2346 bescunt
2395 2303 2575 2344 coram
2599 2286 2758 2358 justis
2780 2295 2832 2341 ct
2856 2285 3010 2341 bonis
3033 2298 3160 2339 esse
3187 2283 3431 2353 nequam?
3451 2298 3502 2337 an
3519 2287 3616 2353 potius

2147 2379 2467 2450 utrumque?
2492 2379 2623 2434 Nam
2655 2386 2709 2432 et
2751 2377 2952 2432 veritas
2999 2375 3131 2430 ideo
3180 2389 3380 2444 semper
3414 2373 3541 2428 invisa
3564 2386 3617 2434 est,

2145 2473 2289 2545 quod
2316 2475 2384 2540 is,
2410 2473 2502 2544 qui
2526 2482 2732 2543 peccat,
2758 2471 2874 2525 vult
2897 2469 3103 2525 habere
3133 2468 3352 2524 liberum
3379 2469 3563 2538 peccandi
3580 2470 3619 2522 to

2146 2584 2303 2633 cum;
2335 2582 2435 2622 nec
2465 2566 2623 2620 aliter
2649 2580 2708 2620 se
2741 2573 2890 2634 putat
2920 2561 3328 2618 malefactorum
3355 2559 3621 2630 voluptate

2147 2661 2329 2716 curius
2368 2658 2569 2730 perfrui
2613 2671 2809 2728 posse,
2847 2671 3004 2726 quam
3048 2655 3097 2709 si
3129 2667 3286 2709 nemo
3313 2652 3619 2720 sit,cnideiicu

2149 2769 2255 2809 non
2287 2754 2554 2824 placeant.
2577 2751 2722 2822 Ergo
2751 2759 3000 2820 tanquam
3022 2747 3292 2803 scelerum
3315 2755 3364 2801 et
3387 2745 3544 2800 malitis
3559 2761 3620 2799 sur

2151 2855 2316 2902 testes
2345 2847 2616 2916 extirpare
2643 2843 2880 2899 funditus
2901 2843 3176 2907 nituntur,
3208 2851 3263 2896 et
3293 2840 3472 2904 tollere,
3490 2853 3620 2909 graves-

2149 2957 2253 3012 que
2283 2940 2384 2996 sibi
2413 2948 2620 3010 putant,
2646 2948 2897 3008 tanquam
2927 2937 3036 2991 vita
3071 2950 3260 2991 eorum
3283 2930 3621 3002 coarguaturﬁur

2150 3036 2293 3088 enim
2325 3035 2433 3088 sint
2453 3033 2615 3103 aliqui
2643 3031 3018 3100 intempestive
3044 3029 3200 3095 boni,
3229 3028 3621 3096 qui,corruptisme

2153 3127 2299 3182 ribus
2337 3126 2584 3196 publicis,
2625 3122 2925 3180 convicium
2956 3122 3098 3178 bene
3130 3120 3351 3176 vivendo
3379 3114 3621 3173 faciant‘tCur

2154 3237 2259 3276 non
2299 3236 2487 3275 omnes
2517 3219 2623 3274 sint
2648 3231 2798 3288 teque
2829 3215 2978 3279 mali,
3011 3229 3258 3284 rapaces,
3289 3210 3512 3281 impudici,
3534 3209 3621 3262 adul-

2155 3315 2276 3378 teri,
2300 3313 2525 3384 perjuri,
2553 3310 2754 3381 cupidi,
2782 3307 3144 3363 fraudulenti?
3166 3307 3288 3376 quin
3311 3300 3624 3375 potinsauieran-

2157 3416 2260 3473 tur,
2284 3407 2476 3477 quibus
2504 3419 2684 3458 coram
2715 3401 2856 3457 male
2875 3402 3056 3456 vivere
3087 3398 3278 3469 pudet;
3307 3396 3386 3466 qui
3407 3392 3622 3465 peccantium

2156 3500 2383 3554 frontem
2409 3541 2422 3565 ,
2463 3499 2563 3552 etsi
2615 3511 2722 3552 non
2765 3495 2975 3560 verbis,
3001 3494 3129 3563 quia
3179 3499 3376 3555 tacent,
3405 3497 3536 3543 tamen
3562 3486 3623 3552 ipso

2160 3593 2280 3648 vita:
2305 3606 2503 3662 genere
2529 3589 2777 3645 dissimili
2811 3587 3008 3642 feriunt
3048 3595 3108 3642 et
3138 3579 3621 3648 verberant?Castigare

2160 3685 2302 3741 enim
2329 3683 2539 3740 videtur
2567 3683 2888 3754 quicumque
2918 3679 3191 3735 dissentit.

1798 3821 2158 3880 VARIORUM
2193 3819 2425 3878 NOTJE.

453 3962 456 3963 ⁷
525 3960 654 4014 illati
677 3970 814 4014 sunt.
846 3959 944 4016 Ms.
975 3959 1287 4029 Cantabrig.
1312 3966 1366 4013 et
1393 3957 1426 4014 6
1454 3966 1561 4014 vet.
1587 3957 1719 4013 edit.
1754 3971 2039 4028 perperam

450 4030 653 4085 addunt
689 4031 935 4085 homines.

526 4101 806 4170 Disputans
828 4101 977 4154 enim.
1014 4100 1138 4154 Mss.
1171 4097 1358 4166 Gotb.,
1393 4101 1416 4154 1
1450 4099 1623 4170 Lips.,
1650 4101 1840 4167 Brun.,
1864 4103 2042 4171 dispu-

451 4183 566 4226 tans
590 4173 787 4234 valide,
817 4175 1018 4224 eruisse
1044 4172 1198 4224 enim.

527 4243 674 4298 Sicut
697 4258 797 4295 una
817 4283 829 4305 ,
855 4256 959 4296 etc.
988 4241 1102 4296 Non
1134 4249 1280 4296 extat
1310 4241 1395 4296 hic
1417 4241 1591 4308 locus,
1615 4257 1788 4312 neque
1819 4243 1868 4296 in
1889 4242 2041 4297 libris

453 4314 520 4368 de
548 4313 806 4383 Legibus,
834 4328 932 4368 nec
963 4315 1011 4366 in
1049 4313 1166 4368 aliis
1197 4313 1473 4367 Ciceronis
1503 4314 1776 4383 operibus.
1812 4315 1945 4368 llinc
1985 4323 2041 4368 et

451 4386 666 4440 aliunde
690 4385 958 4453 conjicere
983 4394 1065 4441 est
1107 4392 1384 4439 truncatus
1411 4399 1532 4440 esse
1561 4400 1622 4440 ac
1676 4385 1900 4439 multum
1943 4385 2043 4441 de-

457 4467 708 4526 pravatos
731 4453 1008 4511 Ciceronis
1039 4456 1226 4512 libros.

527 4528 637 4582 Sub
667 4544 822 4581 unam
851 4530 1174 4598 eamdemque
1202 4527 1432 4581 tutelam.
1460 4526 1587 4582 Mss.
1618 4526 1650 4582 6
1681 4541 1814 4594 rec.,
1835 4527 1925 4582 sub
1949 4544 2051 4584 una

453 4601 724 4670 eademque
750 4599 926 4652 tutela.

530 4670 754 4724 Deorum
782 4670 1007 4737 profecto
1024 4671 1177 4722 vitam
1199 4669 1426 4722 homines
1447 4670 1686 4724 viverent.
1705 4669 1829 4725 Mss.
1853 4670 1920 4724 16
1937 4686 2045 4726 rec.

457 4751 512 4796 et
542 4743 574 4794 5
597 4741 727 4795 edit.
759 4741 987 4803 habent,
1019 4739 1228 4794 deorum
1269 4744 1494 4810 profecto
1531 4744 1630 4795 vita
1661 4741 1889 4796 homines
1921 4743 2050 4796 vive-

456 4820 587 4882 rent.
642 4810 866 4882 Atiipsa
911 4812 1125 4882 phrasis
1168 4823 1248 4864 est
1281 4812 1421 4865 inter
1444 4812 1721 4866 Ciceronis
1751 4812 2048 4882 fragmenta

459 4881 552 4935 lib.
585 4897 599 4934 ι
628 4881 695 4934 tle
724 4881 954 4949 Legibus
976 4924 990 4947 ,
1040 4881 1249 4951 deorum
1294 4883 1519 4951 proferto
1540 4885 1694 4936 vitam
1714 4881 1888 4938 omnés
1917 4886 2051 4939 vive-

456 4961 586 5005 rent.
624 4951 691 5004 Et
716 4951 830 5006 Cic.
862 4953 1010 5005 Orat.
1043 4950 1077 5004 4
1102 4950 1334 5018 Verrin.,
1366 4969 1421 5007 n.
1451 4955 1554 5009 118
1577 4973 1591 5008 :
1615 4953 1875 5008 Tutiorem
1897 4956 2050 5009 vitam

459 5039 566 5075 sese
607 5038 714 5076 meo
761 5023 998 5091 praesidio
1034 5024 1251 5077 victuros
1284 5041 1389 5078 esse
1417 5026 1746 5079 arbitrantur.
1779 5026 2047 5081 Cancrum

461 5093 687 5147 homines
725 5093 778 5148 in
828 5110 1030 5158 omnes,
1064 5105 1248 5149 contra
1281 5098 1519 5151 omnium
1572 5097 2048 5152 Lactantianorum

459 5164 704 5219 codicum
752 5164 910 5220 fidem
934 5207 948 5228 ,
1001 5175 1209 5220 mutare
1237 5166 1402 5220 nolui.
1435 5168 1498 5221 Et
1531 5169 1836 5222 Lactantius
1867 5180 2051 5224 noster

459 5236 584 5290 alibi
616 5251 828 5308 quoque
857 5236 994 5290 dixit
1034 5236 1126 5290 lib.
1160 5251 1372 5308 t,gcapﬁ.
1407 5237 1474 5292 14
1531 5257 1542 5290 :
1585 5239 1847 5308 Agrestem
1897 5241 2050 5293 vitam

460 5308 719 5382 nitebant,
744 5306 844 5362 lib.
880 5323 982 5382 vn,
1017 5322 1141 5382 cap.
1171 5306 1280 5360 24:
1318 5307 1494 5382 Vivent
1535 5306 1760 5382 homines
1801 5313 2052 5382 tranquil-

460 5379 707 5432 lissimam
753 5388 799 5432 et
831 5379 1236 5449 copiosissimam
1278 5381 1456 5442 vitam;
1482 5389 1535 5434 et
1561 5382 1654 5435 lib.
1684 5381 1751 5437 de
1795 5382 1875 5436 Ira
1924 5379 2048 5449 Dei,

461 5465 579 5522 cap.
613 5451 642 5503 7
673 5467 686 5503 :
729 5449 894 5522 Vitam
923 5450 1171 5519 pecudum
1200 5451 1292 5504 sub
1324 5451 1547 5505 humana
1574 5455 1738 5522 specie
1760 5456 1907 5508 vivet.

533 5521 768 5576 Interim.
799 5521 927 5576 Mss.
960 5521 992 5574 5
1016 5536 1124 5578 ree.
1149 5533 1201 5576 et
1231 5531 1341 5576 vel.
1363 5523 1490 5576 edit.
1521 5521 1678 5578 Rom.
1707 5525 1907 5578 iterum.

535 5592 668 5658 Quia
703 5593 839 5665 bona
883 5603 1172 5665 operentur.
1215 5593 1307 5648 Sic
1349 5594 1467 5664 lego
1506 5609 1626 5648 cum
1668 5595 2055 5665 antiquioribus

463 5679 594 5719 mss.
627 5665 661 5718 5
692 5664 822 5734 Reg.
867 5664 1212 5734 pluribuSque
1249 5665 1390 5731 aliis,
1442 5678 1493 5720 et
1539 5666 1572 5720 9
1616 5667 1771 5722 editis
1801 5664 1906 5721 vet.
1937 5668 1992 5720 ln
2022 5669 2056 5721 5

461 5737 676 5803 scriptis
709 5752 816 5790 rec.
869 5745 974 5800 est,
1000 5737 1087 5802 qni
1134 5737 1264 5790 bona
1305 5747 1609 5804 operentur;
1655 5739 1707 5792 in
1739 5739 1772 5794 5
1802 5753 1910 5793 rec.
1945 5748 1998 5794 et
2023 5740 2054 5792 7

464 5806 712 5877 vulgatis,
741 5808 858 5877 quia
889 5808 1019 5862 bona
1047 5818 1355 5876 aperantur;
1379 5810 1430 5862 in
1462 5811 1498 5863 ‘2
1523 5811 1740 5864 excusis
1763 5811 1868 5876 qui.

538 5874 728 5932 Tamen
753 5874 980 5947 parcitur
1003 5874 1166 5948 victis,
1190 5887 1295 5939 etc.
1318 5879 1648 5952 Augustinus
1675 5880 1729 5939 in
1756 5874 1784 5938 1
1815 5895 1932 5952 cap.
1963 5879 2054 5939 lib.

2074 4487 2129 4547 D

2151 3973 2188 4030 L,
2219 3956 2286 4030 de
2329 3955 2446 4030 Civ.
2497 3953 2592 4010 Dei
2635 3953 2985 4030 conqueritur
3033 3952 3300 4030 civitatem
3343 3946 3623 4030 (light-inqut

2149 4016 2388 4083 Ecclesia
2418 4037 2520 4091 est,
2551 4016 2775 4081 exulare
2808 4026 2858 4080 in
2890 4026 2992 4079 hoc
3022 4024 3246 4088 mundo,
3277 4030 3327 4078 et
3360 4018 3492 4087 atiligi
3521 4016 3564 4068 ab
3591 4016 3624 4062 iis

2149 4100 2303 4168 ipsis,
2326 4113 2552 4169 quorum
2595 4113 2706 4164 ars,
2749 4096 3046 4152 secundum
3097 4108 3326 4165 poetam,
3348 4103 3396 4148 et
3427 4091 3624 4155 lauspcctt‘

2150 4170 2322 4237 liaris,

2273 4285 2491 4334 Parcere
2509 4283 2764 4346 subjectis,
2794 4288 2846 4346 et
2863 4279 3126 4346 debellare
3149 4277 3396 4346 superbos.

2742 4320 2962 4409 (faui?
2970 4320 3268 4407 ἶῖἓὲῆεἶῖιῗξ
3276 4320 3324 4390 if
3446 4336 3463 4400 )

2157 4450 2287 4505 Etin
2311 4452 2479 4506 altero
2498 4465 2616 4522 cap.
2640 4451 2846 4520 aliquot
2866 4449 3130 4522 exemplis
3157 4448 3326 4511 docet,
3343 4443 3464 4499 nulla
3481 4449 3622 4522 unquam

2157 4522 2298 4578 bella
2329 4524 2492 4578 fuisse
2521 4520 2696 4592 gesta,
2728 4533 2786 4577 ut
2814 4521 3231 4592 victisivictores
3258 4520 3508 4592 parcerent.

2230 4593 2376 4648 Inter
2402 4585 2567 4649 armti.
2595 4585 2728 4650 Vide
2755 4593 2931 4649 Cicer.
2961 4591 3108 4647 Orat.
3143 4605 3238 4661 pro
3258 4585 3494 4644 Marcello.

2226 4664 2382 4737 Lupi.
2417 4665 2552 4720 Vide
2577 4665 2725 4737 Virg.
2763 4681 2799 4720 ιι
2831 4663 3074 4729 1Eneid.,
3102 4662 3228 4737 556.

2227 4721 2509 4790 Dicamus?
2530 4737 2604 4790 Ita
2622 4721 2810 4792 omnes
2838 4751 2968 4790 mss.
2993 4745 3047 4789 et
3063 4721 3218 4799 editi,
3248 4737 3424 4803 praeter
3441 4727 3458 4781 l
3474 4721 3619 4779 Colbert.

2153 4817 2207 4862 et
2237 4809 2270 4863 5
2295 4808 2425 4862 edit.
2458 4808 2651 4877 quibus
2679 4818 2762 4862 est
2788 4807 3057 4861 dicemus?
3331 4874 3341 4877 Α
3399 4869 3433 4877 η
3529 4859 3605 4877 ,_,._
3649 4865 3652 4868 Α

2236 4859 2908 4936 ve;-ius."rs}eaiiasae.
2941 4859 3047 4934 act.
3078 4894 3118 4943 ι,
3151 4891 3290 4932 scen.
3324 4874 3369 4928 ι.
3399 4869 3487 4924 Hoc
3504 4859 3622 4917 ailSO-

2154 4951 2265 5004 sias
2286 4950 2529 5005 libertus.
3535 5005 3545 5019 ,
3583 5002 3590 5019 ,

2227 5019 2413 5075 Divina
2451 5023 2637 5092 spiritu
2679 5022 2969 5077 instinctus.
3003 5021 3130 5078 Mss.
3159 5019 3192 5074 8
3219 5031 3318 5073 rec.
3345 5022 3390 5069 et
3411 5005 3622 5067 cdil.l,ttt'

2152 5101 2409 5156 structus;
2435 5095 2614 5149 caeteri
2644 5095 2935 5148 instinctus.
3511 5146 3532 5156 ..

2223 5145 2942 5237 arqv;;.:g“,;uan‘g“nunc
2986 5164 3225 5237 geminus
3261 5165 3338 5215 est
3376 5145 3619 5237 ιίξοιιξὶιῑιξχΣ

2153 5248 2274 5308 cap.
2305 5234 2370 5288 ‘21
2405 5253 2416 5285 :
2454 5218 2836 5307 Pei'seqttnntur
2868 5218 3105 5306 (sanctos
3126 5245 3178 5290 et
3199 5218 3620 5308 justosvirusli‘ifff

2154 5292 2249 5359 sibi
2295 5323 2471 5376 graves
2513 5292 2803 5361 sentiunt...
2839 5292 2962 5362 ut...
2998 5292 3228 5378 auferant
3257 5300 3434 5356 omnino
3465 5292 3511 5344 de
3542 5295 3616 5337 terra

2156 5395 2217 5431 ne
2237 5378 2345 5450 sint
2372 5380 2458 5446 qui
2490 5380 2682 5446 possint
2709 5395 2883 5432 eorum
2914 5379 3186 5450 nequitiam
3215 5383 3432 5450 coercere.

2232 5433 2512 5521 Tamquam
2532 5451 2633 5504 vita
2679 5466 2854 5504 eorum
2895 5433 3215 5521 coarguatur.
3243 5439 3381 5521 conf.
3405 5435 3457 5490 ad

2157 5519 2209 5596 6Γ
2261 5504 2491 5596 Stilp._c.
2541 5520 2726 5576 Sever.
2775 5523 2881 5596 lib.
2905 5537 2963 5586 ll,
2991 5504 3110 5596 cap.
3136 5517 3204 5573 28
3239 5504 3616 5596 isemrecjmjﬁfﬂ

2156 5576 2499 5686 virtuti‘s'vitia
2528 5603 2744 5686 stt‘nt,.e.t
2776 5576 2966 5686 optimi;
2990 5576 3182 5686 quiqne'
3207 5576 3616 5686 αὲηίηἷςςῗιίξξςρηῗςξ

2158 5639 3265 5738 ξέρὶὲἇὸνὶιὶὶὶὲεἷίᾶὲῇίὲἶιιᾗὶὶὶὲίῗὲὲιὶρἔᾶἱιεν
3276 5659 3335 5710 ita
3353 5639 3546 5738 nenia“?
3555 5639 3612 5738 έξς

2160 5720 2380 5807 Εῶρεάίι
2407 5737 2557 5813 vobis
2571 5720 2821 5813 nebrinem
2847 5737 3005 5790 videri
3031 5735 3240 5796 bonum,
3266 5720 3537 5813 quasialia!“
3555 5720 3612 5758 την·

2161 5796 2590 5874 ιιιιέπριηὺνιιιὶο
2620 5809 2918 5862 delictorum
2945 5816 3216 5862 vestrorum
3240 5802 3316 5874 sit.
3353 5796 3457 5850 Bos.

2237 5853 2364 5943 ῥιῖξῖ
2371 5853 2448 5932 ὶιῖ
2463 5853 3060 5935 ’ἇὶὲῖιηῖ”νὶῖὶιὶὲ”ὲὲἔυὲἷὲ”
3073 5853 3328 5948 suum
3344 5871 3492 5924 omnes
3512 5853 3610 5923 tmte
