3816 6264
365 309 505 367 1019

1699 310 1884 368 FIRM.
1924 310 2292 371 LACTANTII

3548 322 3669 378 illi!)

309 421 1004 521 angustum-cosretanda
1025 422 1116 491 sit,
1140 432 1198 482 et
1220 426 1484 485 brevitate
1503 426 1618 497 ipsa
1645 426 1821 483 minus
1845 426 1959 482 cla-
1986 442 2039 504 Α
2064 429 2286 500 plures?
2326 446 2448 503 quae
2483 432 2703 505 quidem
2756 435 2984 491 multum
3040 436 3211 493 habet
3281 436 3670 508 ambiguitatis.

367 533 510 584 rum,
544 516 771 571 maxime
793 531 913 570 cum
943 526 999 572 et
1018 528 1329 586 argumenta
1359 521 1585 591 plurima
1615 530 1667 576 et
1694 520 1961 590 exempla,

366 614 420 670 in
439 614 631 683 quibus
645 612 824 668 lumen
840 623 919 668 est
938 614 1333 682 probationum,
1353 631 1571 673 necesse
1583 616 1649 673 sit
1668 615 1963 687 prmteriri;

367 706 618 779 quoniam
648 715 792 759 tanta
823 722 1010 762 eorum
1064 707 1219 776 cepia
1267 718 1380 775 cst,
1412 718 1471 763 ut
1497 708 1583 764 vel
1623 710 1738 763 sols
1770 708 1965 763 librum

372 798 640 853 eunlicere
673 797 895 864 possint.
927 798 1130 866 Quibus
1158 801 1381 856 sublatis
1402 842 1415 863 ,
1450 802 1575 872 quid
1609 810 1785 871 potest
1815 801 1966 871 mile,

367 892 491 964 quid
517 900 759 961 apertum
787 891 993 946 videri?
1021 892 1127 948 Sed
1168 893 1363 960 enitar,
1400 903 1655 964 quantum
1689 909 1775 948 res
1804 893 1964 960 sinit,

369 995 423 1041 et
447 983 634 1039 dill'usa
669 984 1034 1057 substringere
1059 1028 1074 1051 ,
1104 996 1158 1041 et
1187 987 1392 1054 prolixa
1442 988 1721 1052 breviare;
1769 988 1851 1047 sic
1889 996 1969 1047 ta-

368 1092 492 1131 men
525 1116 539 1139 ,
573 1085 631 1129 ut
656 1091 830 1145 neque
860 1091 948 1130 res
975 1076 1039 1131 ad
1068 1078 1309 1147 ciipiam,
1335 1094 1508 1148 neque
1537 1077 1752 1132 claritas
1792 1078 1857 1131 ad
1884 1077 1965 1132 in-

369 1171 716 1239 telligettliam
745 1170 938 1225 deesse
976 1171 1223 1225 videatur
1263 1172 1314 1226 in
1367 1171 1467 1227 hoc
1516 1187 1683 1241 opere
1707 1212 1723 1239 ,
1757 1186 1863 1242 quo
1915 1172 1968 1227 in

370 1262 545 1318 lucem
567 1264 766 1319 veritas
791 1262 1153 1334 pretrahenda
1180 1274 1281 1319 est.

892 1401 1119 1458 CAPUT
1158 1401 1445 1460 PRIMUM.

859 1514 994 1579 (Div.
1019 1514 1143 1567 inst.
1161 1515 1249 1567 lib.
1269 1532 1303 1580 ι,
1332 1530 1375 1566 c.
1402 1517 1475 1582 ὅ.)

826 1603 905 1661 De
929 1605 1115 1662 Divina
1144 1608 1496 1666 Providentia.

443 1720 619 1780 Prima
650 1720 837 1780 incidit
886 1722 1140 1792 qumstio,
1199 1721 1339 1778 sitne
1392 1723 1565 1791 aliqua
1599 1722 1927 1794 providentia
1956 1763 1970 1790 ,

2066 522 2399 579 Dissentiunt
2422 526 2565 580 enim
2597 542 2703 581 non
2747 527 2908 582 modo
2936 530 3134 601 singuli
3171 530 3316 586 inter
3365 546 3457 597 se,
3496 549 3673 587 verum

2067 620 2228 674 etiam
2262 620 2442 690 populi
2473 633 2634 691 atque
2660 632 2868 692 gentes.
2910 623 3017 678 Sed
3060 625 3152 695 qui
3186 626 3454 680 rationem
3480 642 3673 695 seque-

2069 720 2172 777 tur,
2208 712 2467 784 intelliget
2497 729 2597 770 nec
2645 714 2931 770 Dominum
2981 732 3102 772 esse
3154 734 3312 786 posse
3346 719 3451 773 nisi
3479 736 3676 787 unum,

2068 821 2171 863 nec
2197 816 2400 879 patrem
2431 807 2529 861 nisi
2566 823 2752 862 unum.
2782 808 2915 862 Nam
2947 810 2991 864 si
3023 809 3193 875 Deus,
3217 812 3309 881 qui
3341 814 3533 866 omnia
3554 828 3682 867 con-

2070 896 2235 966 didit,
2267 907 2319 953 et
2342 898 2481 954 idem
2515 899 2807 967 Dominus,
2832 911 2887 956 et
2928 902 3069 957 idem
3103 914 3256 972 pater
3284 915 3367 959 est
3392 947 3407 967 ,
3437 921 3582 959 unus
3610 909 3681 961 sit

2070 1006 2294 1047 necesse
2322 1001 2435 1059 est,
2469 1002 2526 1046 ut
2553 993 2693 1051 idem
2725 994 2793 1048 sit
2822 1004 2978 1067 caput
3011 994 3269 1068 idemque
3309 999 3428 1052 fons
3470 1014 3676 1053 rerum.

2068 1083 2178 1139 Nec
2207 1094 2381 1156 potest
2408 1085 2568 1139 aliter
2617 1102 2797 1139 rerqu
2840 1103 3049 1142 summa
3100 1090 3426 1157 consistere,
3461 1094 3578 1145 nisi
3614 1093 3678 1146 ad

2070 1193 2236 1233 unum
2267 1187 2458 1232 cuncta
2488 1178 2812 1243 referantur,
2832 1182 2944 1245 ,uisi
2976 1198 3112 1236 unus
3131 1194 3308 1238 teneat
3332 1188 3679 1255 gubernacu-

2070 1270 2210 1336 lum,
2239 1272 2339 1325 nisi
2372 1287 2506 1326 unus
2536 1271 2685 1326 l'reua
2732 1274 3063 1339 moderetur,
3115 1288 3373 1347 regnique
3427 1281 3674 1335 universa

2076 1365 2340 1432 membra,
2366 1374 2636 1441 tamquam
2667 1383 2820 1423 mens
2847 1385 2973 1423 una.
3007 1369 3061 1425 Si
3091 1371 3245 1424 multi
3266 1372 3368 1425 sint
3396 1373 3449 1426 in
3474 1375 3675 1429 exarui-

2075 1472 2144 1514 nc
2169 1473 2328 1529 apum
2361 1474 2517 1530 reges
2539 1502 2553 1525 ,
2582 1460 2832 1531 peribunt
2859 1473 2951 1515 aut
2972 1461 3404 1532 dissipabuntur,
3438 1464 3567 1519 dum

2321 1590 2544 1656 Regibus
2568 1595 2772 1645 incessit
2793 1607 2972 1658 magno
2991 1579 3237 1646 discordia
3258 1604 3426 1659 motu;

2075 1722 2121 1778 si
2155 1721 2333 1791 plures
2386 1724 2439 1778 in
2487 1731 2737 1779 armento
2788 1723 2987 1789 duces,
3029 1724 3233 1779 tamdiu
3268 1727 3672 1798 praeliabuntur,

372 1826 494 1884 qua:
520 1822 612 1869 aut
646 1815 832 1871 fecerit
854 1856 869 1881 ,
902 1824 996 1870 aut
1044 1826 1194 1883 regat
1223 1815 1524 1871 mundum?
1550 1816 1687 1871 Esse
1710 1857 1724 1882 ,
1774 1815 1975 1871 nemini
2007 1833 2052 1894 Β
2078 1814 2253 1869 donec
2271 1829 2408 1869 unus
2424 1814 2701 1869 obtineat:
2727 1815 2773 1869 si
2798 1814 2951 1868 multi
2971 1814 3023 1868 in
3038 1820 3280 1870 exercitu
3302 1817 3674 1887 imperatores,

373 1903 597 1960 dubium
622 1914 742 1971 est;
771 1907 1035 1976 siquidem
1065 1908 1306 1963 omnium
1330 1910 1443 1964 fere
1491 1909 1934 1979 philos0pborum
1955 1953 1969 1977 ,

373 2008 574 2069 prteter
595 1999 834 2054 scholam
858 2001 1072 2069 Epicuri
1097 2043 1113 2068 ,
1140 2018 1245 2057 una
1277 2018 1380 2057 vox
1402 2046 1416 2070 ,
1440 2018 1543 2057 una
1571 2004 1837 2058 sententia
1867 2011 1973 2070 est,

373 2106 474 2145 nec
497 2091 611 2147 fieri
638 2092 754 2147 sine
779 2093 984 2149 artifice
1015 2095 1123 2148 Deo
1150 2097 1391 2165 potuisse
1412 2096 1666 2150 mundum
1690 2138 1706 2163 ,
1731 2112 1832 2151 nec
1859 2097 1978 2152 sine

375 2197 591 2240 rectore
642 2196 915 2241 constare.
962 2187 1147 2257 itaque
1199 2204 1305 2242 non
1337 2190 1511 2244 solum
1563 2204 1594 2244 a
1645 2189 1977 2245 doctissimis

377 2275 510 2330 viris
534 2314 552 2341 ,
577 2275 670 2330 sed
701 2283 754 2330 et
779 2277 1017 2331 ontnium
1068 2279 1373 2333 mortalium
1405 2280 1726 2334 testimoniis
1748 2295 1810 2334 ac
1854 2294 1978 2334 seu-

375 2366 526 2422 sibus
551 2368 859 2436 coarguitur
906 2369 1189 2438 Epicurus.
1218 2370 1347 2439 Quis
1368 2372 1510 2425 enim
1541 2372 1609 2426 de
1641 2372 1977 2442 providentia

376 2460 585 2517 dubitet
613 2502 627 2529 ,
662 2478 784 2517 cum
816 2463 994 2518 videat
1018 2465 1189 2520 eteius
1218 2475 1522 2535 terramque
1565 2467 1643 2521 sic
1681 2466 1939 2533 disposita
1960 2507 1977 2539 ,

375 2553 454 2609 sic
484 2564 779 2625 temperata
808 2571 930 2612 esse
972 2558 1220 2614 universa
1248 2601 1262 2623 ,
1296 2568 1353 2613 ut
1405 2575 1510 2615 non
1552 2559 1712 2614 modo
1759 2559 1824 2614 ad
1859 2560 1979 2629 pul-

374 2649 732 2707 chritudinem
783 2663 1139 2725 ornatumque
1187 2656 1519 2721 mirabilem,
1567 2656 1663 2711 sed
1712 2656 1777 2712 ad
1820 2671 1977 2711 usum

375 2756 591 2814 quoque
621 2745 928 2813 hominum,
962 2756 1388 2818 cmterorumque
1418 2749 1708 2804 viventium
1735 2762 1980 2803 commo-

375 2835 599 2893 ditatem
648 2841 923 2909 aptissime
971 2840 1357 2897 convenirent?
1384 2841 1501 2898 Non
1558 2851 1735 2913 potest
1788 2842 1972 2912 igitur,

374 2930 515 2999 quod
547 2931 754 2987 ratione
781 2944 990 2987 constat
1014 2976 1030 3000 ,
1063 2935 1182 2990 sine
1199 2936 1405 2992 ratione
1431 2937 1659 3007 cepisse
1678 2979 1692 3004 ,
1722 2936 1974 3008 quoniam

373 3031 582 3079 certum
604 3033 687 3081 est
717 3040 835 3082 esse
865 3028 1277 3097 providentiam.

1003 3152 1230 3210 CAPUT
1272 3153 1337 3209 ll.

858 3266 989 3329 (Div.
1016 3265 1137 3317 Inst.
1161 3265 1248 3317 lib.
1271 3282 1308 3330 ι,
1335 3279 1379 3317 c.
1405 3265 1479 3331 2.)

531 3372 681 3437 Quod
704 3370 841 3427 Deus
863 3375 928 3427 sit
956 3389 1108 3440 unus,
1137 3389 1227 3427 nec
1254 3372 1453 3441 possint
1485 3388 1589 3428 esse
1614 3373 1803 3444 plures.

445 3486 696 3559 Sequitur
726 3488 827 3544 alia
876 3489 1135 3559 quaestio,
1191 3498 1440 3545 utrumne
1496 3490 1636 3545 Deus
1684 3504 1851 3552 unus,
1900 3503 1967 3542 an

2081 1922 2182 1962 nec
2208 1906 2382 1977 pareri
2410 1908 2609 1977 poterit
2636 1921 2665 1961 a
2697 1908 2867 1963 milite
2891 1950 2907 1975 ,
2939 1923 3062 1963 cum
3106 1908 3325 1964 diversa
3369 1910 3672 1980 jubeantnr,

2080 2015 2180 2055 nec
2202 2000 2271 2055 ab
2298 2001 2361 2055 iis
2387 2001 2518 2070 ipsis
2544 2002 2719 2055 unitas
2751 2000 3021 2067 obtineri,
3047 2016 3168 2056 cum
3193 2002 3298 2057 sibi
3327 2006 3557 2073 quisque
3585 2022 3679 2075 pro

2080 2093 2322 2148 moribus
2351 2094 2613 2148 consulat.
2644 2094 2734 2149 Sic
2774 2097 2828 2149 in
2860 2094 2959 2149 hac
3012 2095 3199 2149 mundi
3243 2096 3525 2165 republica
3571 2100 3667 2155 nisi

2082 2201 2219 2241 unus
2245 2185 2427 2240 fuisset
2456 2186 2785 2253 moderator,
2815 2189 2905 2258 qui
2952 2196 3007 2243 et
3059 2188 3328 2253 conditor,
3362 2200 3455 2244 aut
3505 2191 3671 2246 soluta

2081 2272 2272 2331 fuisset
2295 2278 2472 2333 omnis
2500 2264 2617 2333 huic
2642 2277 2815 2333 moles
2835 2320 2849 2346 ,
2880 2286 2974 2332 aut
3003 2292 3104 2333 nee
3130 2279 3293 2334 condi
3316 2281 3534 2351 quidem
3565 2298 3675 2337 omo

2082 2371 2209 2426 nino
2237 2371 2520 2440 potuisset.
3118 2429 3147 2449 ‘

2152 2464 2419 2520 Pet-terea
2445 2466 2497 2519 in
2525 2466 2709 2520 multis
2746 2480 2854 2521 non
2902 2474 3087 2535 posset
3130 2480 3256 2521 esse
3306 2475 3505 2533 totum,
3556 2484 3670 2525 cum

2081 2556 2277 2626 singuli
2309 2571 2403 2611 sua
2446 2556 2655 2622 ofﬁcia,
2686 2573 2809 2611 suas
2837 2557 3119 2612 obtineant
3142 2568 3459 2629 potestates.
3484 2560 3671 2617 Nullus

2080 2649 2242 2719 igitur
2285 2663 2470 2705 eorum
2524 2649 2722 2720 poterit
2772 2651 3117 2720 omnipotens
3171 2653 3492 2720 nuncupari,
3521 2654 3665 2723 quod

2080 2753 2165 2799 est
2181 2758 2367 2798 verum
2404 2755 2821 2814 cognomentum
2854 2744 2944 2799 Dei
2973 2762 2986 2797 :
3014 2745 3273 2815 quoniam
3303 2745 3354 2800 id
3380 2747 3539 2800 Solum
3568 2761 3663 2816 po-

2082 2837 2405 2909 terit,quod
2450 2839 2501 2891 in
2532 2838 2650 2909 ipso
2689 2848 2804 2903 est;
2855 2837 2998 2909 quod
3044 2849 3227 2893 autem
3285 2844 3336 2892 in
3389 2838 3539 2903 aliis,
3567 2855 3660 2893 nec

2079 2931 2298 2987 audebit
2321 2931 2608 3001 attingere.
2637 2930 2754 2986 Non
2781 2930 3051 2986 Vulcanus
3088 2931 3192 2986 sibi
3219 2946 3411 3000 aquam
3444 2932 3667 2985 vindica-

2080 3024 2186 3088 bit,
2217 3034 2311 3077 aut
2332 3022 2609 3093 Neptunus
2632 3025 2806 3093 ignem
2828 3041 2842 3091 ;
2865 3039 2970 3078 non
2993 3023 3162 3079 Ceres
3191 3024 3386 3078 artium
3410 3026 3661 3094 peritiam,

2080 3132 2179 3172 nec
2201 3116 2435 3171 Minerva
2468 3116 2712 3187 frugum;
2742 3133 2844 3171 non
2876 3132 3026 3171 arma
3050 3116 3351 3173 Mercurius
3371 3159 3387 3179 ,
3420 3130 3518 3172 nec
3539 3117 3664 3172 Mars

2000 3250 2046 3313 Ο
2083 3208 2419 3278 Ιγτιιιημιηιι
2460 3207 2672 3276 Jupiter
2701 3208 3023 3263 medicinam
3051 3251 3066 3275 ,
3115 3224 3218 3263 nec
3258 3209 3539 3277 Asclepius
3581 3210 3663 3264 ful-

2079 3316 2237 3363 men;
2271 3300 2480 3356 facilius
2509 3301 2638 3356 illud
2689 3303 2757 3357 ab
2793 3303 2899 3357 alio
2939 3302 3143 3372 iactum
3175 3303 3434 3371 suscipiet
3458 3346 3472 3367 ,
3517 3318 3660 3372 quam

2078 3394 2195 3464 ipse
2221 3395 2514 3462 torquebit.
2544 3395 2602 3451 Si
2643 3410 2774 3466 ergo
2802 3396 2995 3466 singuli
3039 3410 3147 3451 non
3194 3407 3415 3465 possunt
3454 3396 3624 3450 omnia
3647 3439 3659 3459 ,

2078 3488 2255 3541 minus
2284 3486 2487 3542 habent
2519 3488 2709 3543 virium
2736 3530 2750 3554 ,
2808 3489 2987 3543 minus
3044 3489 3329 3558 potestatis
3364 3506 3378 3541 :
3410 3488 3456 3542 is
3494 3501 3660 3544 autem

1628 3604 1987 3663 VARIOIlUM
2017 3600 2249 3660 NOTAE.

442 3704 509 3759 In
560 3712 831 3775 angustum
879 3701 1209 3757 coarctanda.
1261 3700 1360 3755 Ms.
1407 3700 1581 3775 Ababet
1631 3700 1975 3775 conrtauda_:

371 3776 510 3832 forte
555 3772 670 3831 inec
691 3775 902 3829 Qtltima
947 3789 1049 3828 vox
1100 3774 1167 3825 ab
1203 3784 1344 3826 artus
1387 3772 1747 3836 derivaretur,
1802 3782 1855 3823 ιιι
1898 3772 1974 3824 ait

372 3849 600 3904 Doctiss.
649 3846 886 3902 Pfallius.
929 3846 1091 3899 Aiunt
1116 3859 1274 3898 voces
1306 3846 1357 3895 in
1401 3852 1671 3914 augustum
1697 3844 1890 3897 deesse
1921 3844 1974 3898 in

370 3936 500 3983 ms.,
532 3930 767 3974 attamen
795 3935 855 3972 ea
904 3918 1023 3987 lego
1055 3917 1106 3969 in
1141 3916 1234 3969 viri
1262 3914 1471 3987 clariss.
1505 3914 1686 3987 _Pf:iflii
1726 3923 1976 3987 autogra-

372 3995 500 4057 pbo.
556 4020 626 4029 —
678 3988 747 4042 In
800 3984 1073 4059 auguslum
1114 3986 1443 4059 coarctandn.
1498 3985 1702 4059 Seneca
1749 3984 1974 4059 devita

373 4056 533 4115 Beata
553 4103 568 4123 ,
597 4075 646 4114 e.
674 4061 707 4114 4
736 4077 749 4113 :
783 4056 1052 4112 Exercitus
1080 4059 1228 4112 modo
1254 4056 1406 4110 latius
1444 4058 1705 4125 panditur,
1735 4056 1885 4110 modo
1916 4058 1969 4110 in

376 4142 647 4199 augustum
673 4139 983 4183 coarctatur.
1025 4128 1142 4181 Lib.
1167 4144 1240 4181 v11
1266 4128 1467 4194 Qumst.
1500 4126 1643 4191 Nat.,
1697 4143 1813 4199 cap.
1873 4127 1966 4199 27,

375 4198 521 4257 extr.
556 4219 568 4253 :
596 4199 714 4255 Non
746 4202 797 4255 in
830 4211 1102 4270 angustum
1125 4201 1353 4270 conjecta
1372 4209 1417 4254 et
1447 4209 1664 4252 arctnta.
1697 4198 1845 4270 Lact.
1876 4198 1971 4270 lib.

375 4289 448 4328 vlt
468 4316 482 4339 ,
517 4288 635 4340 cap.
666 4273 734 4327 16
767 4290 779 4325 :
810 4268 928 4325 Dies
950 4272 1001 4324 in
1031 4268 1303 4338 angustum
1329 4270 1693 4323 coarctabitur.
1736 4268 1791 4324 Si
1841 4269 1973 4322 fides

375 4359 646 4412 anonymo
696 4342 925 4407 Clerici,
956 4358 1007 4410 p.
1059 4344 1202 4407 54:2,
1253 4342 1410 4395 verba
1438 4343 1492 4394 in
1539 4351 1814 4407 angustum
1863 4357 1969 4394 non

376 4417 537 4473 liabet
565 4430 665 4469 ms.
694 4415 855 4469 Tanr.
883 4432 897 4468 :
928 4414 1070 4469 unde
1091 4414 1344 4468 cancellis
1370 4413 1580 4475 inclusi,
1605 4422 1660 4466 et
1683 4412 1805 4465 aliis
1834 4412 1974 4480 typis

2084 3696 2332 3772 dentiam.
2357 3694 2489 3772 Quia
2514 3710 2581 3749 ex
2607 3697 2787 3750 mundi
2811 3698 3109 3772 creatione
3150 3706 3206 3752 et
3234 3698 3506 3754 Constanti
3538 3703 3662 3772 regi-

2085 3768 2229 3823 tnine
2258 3771 2512 3836 probatur
2545 3783 2648 3839 non
2700 3769 3044 3823 credentibus
3098 3784 3221 3824 esse
3250 3768 3655 3839 providentiam;

2080 3856 2189 3894 non
2239 3847 2417 3893 autem
2464 3838 2726 3906 Epicureo
2753 3839 2855 3893 dici
2912 3849 3135 3906 potest:
3188 3838 3520 3895 Providentia
3547 3854 3658 3906 est,

2081 3910 2206 3982 blnc
2234 3909 2381 3982 litut
2420 3909 2599 3982 omnia
2649 3924 2857 3963 summa
2913 3912 3175 3977 sapientia
3224 3925 3490 3982 regantur.
3521 3915 3659 3967 Prius

2081 3981 2180 4053 ipsi
2215 3980 2544 4053 probandum
2574 3991 2655 4035 est
2671 3997 2808 4053 esse
2848 3980 3459 4053 providentiam;'quod
3493 3984 3545 4037 ﬁt
3572 4001 3658 4053 op-

2081 4052 2208 4106 titue
2255 4067 2319 4106 ex
2369 4052 2602 4106 universi
2651 4051 3006 4122 dispositione
3053 4063 3109 4106 et
3166 4051 3566 4123 temperatione.
3598 4051 3659 4095 $—

2080 4123 2339 4187 Quouiam
2382 4134 2574 4176 certum
2623 4132 2699 4176 est
2746 4139 2854 4177 esse
2886 4124 3275 4188 providentiam.
3322 4126 3401 4180 Ab
3430 4127 3506 4180 bis
3552 4143 3659 4180 rer-

2079 4195 2164 4251 bis
2195 4195 2401 4267 incipio
2416 4193 2712 4267 secundum
2736 4206 2914 4267 caput.
2945 4195 3069 4248 Post
3086 4195 3281 4267 plures
3305 4212 3471 4251 annos
3505 4198 3654 4267 adep-

2076 4265 2404 4338 ιιιενῡίινὶδίμί
2453 4266 2788 4331 editionem,
2836 4266 2992 4338 video
3046 4266 3187 4320 idem
3242 4267 3341 4338 ipsi
3386 4265 3649 4337 placuisse.

2078 4336 2230 4392 Unde
2261 4336 2397 4388 haud
2427 4340 2755 4409 necesse'est
2779 4352 2901 4392 cum
2936 4336 3478 4409 lleumanuo’legere,
3505 4356 3647 4409 quare

2068 4410 2184 4477 jam
2213 4418 2345 4461 certe
2375 4418 2469 4462 est.
2500 4407 2635 4462 BUN.

376 4471 727 4560 exprimenda
777 4487 998 4552 curavi,
1062 4486 1195 4540 alias
1248 4500 1352 4538 non
1408 4471 1969 4573 indig't'iaulmctantio.
1998 4471 2085 4533 D'
2148 4500 2529 4570 Ambiguum-8.
2560 4499 2619 4554 Ῑη
2649 4515 2751 4555 ηις.
2780 4500 3105 4573 ambiguam.

449 4631 723 4686 Brevitate.
756 4628 854 4684 Ms.
891 4627 1052 4682 habet
1079 4624 1318 4681 brebitate
1341 4667 1356 4689 ,
1387 4623 1526 4679 facili
1549 4555 1975 4693 Bpugiliiilutatione

378 4718 407 4757 υ
432 4706 484 4759 in
515 4704 561 4757 b.
587 4704 676 4759 Sic
700 4700 835 4757 infra
864 4701 1117 4762 breviare,
1150 4700 1239 4754 ubi
1282 4713 1383 4751 ms.
1420 4695 1584 4751 habet
1604 4695 1853 4749 brebiare.
1885 4693 1975 4751 Sic

385 4784 442 4829 et
463 4777 579 4828 sub.
626 4776 719 4829 lin.
754 4787 873 4840 cup.
902 4772 959 4827 5.

452 4859 736 4913 Prmtrriri.
782 4859 838 4914 ln
888 4873 990 4913 ms.
1046 4855 1299 4927 preteriri.
1333 4853 1447 4910 Hoc
1491 4854 1763 4927 vulgatum
1789 4863 1873 4911 est
1924 4853 1976 4909 in

384 4945 517 4986 mss.
555 4931 642 4984 tibi
669 4947 696 4983 e
725 4948 819 4998 pro
849 4945 913 4984 aa.

458 5022 597 5090 Quid
612 5031 771 5090 potest
785 5022 928 5085 utile,
944 5018 1069 5089 quid
1080 5026 1329 5075 apertum.
1347 5018 1519 5090 Habet
1533 5019 1642 5074 BUN
1684 5036 1773 5076 :—
1791 5038 1809 5071 t
1842 5018 1979 5087 Quid

383 5089 618 5165 poterit..
660 5093 783 5164 quid
799 5091 1154 5165 apertttni.Sic
1184 5089 1976 5165 inms.Vid.Clericus,p.75i2,

382 5163 509 5223 345.
542 5163 685 5221 Loro
714 5179 884 5220 vacuo
911 5163 1127 5219 Piaflins
1160 5164 1334 5232 posuit
1362 5164 1486 5216 utile
1510 5206 1524 5228 ,
1577 5177 1639 5216 ac
1689 5164 1872 5227 poterit
1922 5163 1976 5217 in

383 5249 546 5309 potest
572 5238 813 5309 mutavit.
834 5235 1140 5309 Seiltuajus
1170 5248 1251 5309 est
1280 5250 1521 5309 vacuum
1550 5234 1677 5288 illud
1706 5235 1933 5309 spatium
1963 5274 1978 5294 ,

383 5305 541 5380 quam
574 5322 623 5364 ut
675 5308 803 5363 illud
832 5307 1104 5375 implendo
1135 5305 1367 5380 sufficiat
1413 5307 1645 5380 verbum,
1676 5306 1821 5380 utile.
1857 5305 1980 5380 ΙΛΙωο

383 5376 763 5445 lleumannus,
791 5381 875 5434 Cui
899 5380 1060 5433 verba
1087 5419 1102 5445 ,
1135 5378 1316 5443 quibus
1351 5376 1562 5431 sublatis
1600 5378 1759 5431 videri
1781 5418 1799 5445 ,
1831 5377 1978 5446 glos~

384 5466 529 5507 sema
564 5453 830 5508 videntur.
885 5449 1047 5523 Forte
1088 5450 1211 5517 quid
1238 5450 1419 5521 poterit
1451 5449 1775 5523 perspicuum
1800 5490 1817 5517 ,
1857 5448 1985 5519 quid

383 5535 616 5595 apertum
637 5525 789 5591 utile,
820 5522 1121 5593 legendum.
1162 5539 1182 5573 ι

453 5615 602 5671 Esse.
633 5615 870 5673 Subaudi
902 5613 1285 5684 providentiam.

464 5697 553 5752 Ut.
585 5696 700 5751 Non
728 5706 874 5751 extat
914 5696 966 5749 in
999 5710 1100 5749 ms.

467 5769 740 5829 Quoniam.
774 5767 885 5821 Hoc
909 5767 1131 5820 verbum
1162 5765 1337 5819 minus
1361 5777 1484 5837 apte
1512 5767 1602 5824 hic
1651 5766 1847 5821 dicitur
1870 5785 1883 5827 ι
1909 5769 1986 5824 le-

398 5840 737 5908 gendumque
765 5839 941 5907 potius
968 5847 1148 5903 esset,
1172 5838 1343 5906 itaque
1368 5849 1559 5897 certum
1585 5848 1656 5895 est
1678 5854 1786 5894 esse
1814 5840 1985 5908 provi-

2150 4594 2429 4666 Intelliget.
2453 4595 2510 4649 lu
2535 4612 2636 4651 ms.
2669 4596 2947 4668 intelleget.

2153 4688 2345 4744 Rerum
2388 4706 2608 4743 summa.
2656 4689 2957 4745 Buneman.
3012 4692 3175 4746 habet
3230 4698 3433 4747 tantum
3475 4707 3652 4746 «mea

2079 4762 2200 4833 sine
2244 4775 2611 4833 vocererum,
2645 4770 2700 4815 et
2731 4772 2910 4816 notam
2966 4771 3282 4833 sequentem
3345 4764 3655 4818 exhibet.—

2079 4832 2301 4889 Pfalfitis
2324 4832 2565 4887 ediderat
2586 4873 2600 4894 ,
2629 4850 2795 4886 rerum
2825 4832 3053 4889 summa.
3078 4836 3247 4889 Abest
3269 4850 3295 4885 a
3328 4849 3424 4888 ms.
3462 4851 3618 4888 mum
3637 4876 3651 4900 ,

2082 4916 2485 4975 teSIeanonym.
2501 4902 2721 4969 Clerici,
2740 4920 2856 4974 pag.
2881 4905 3009 4969 5t6,
3037 4920 3136 4960 nec
3159 4908 3356 4959 habent
3380 4908 3503 4974 ipsa:
3524 4905 3654 4959 Iusti.

2081 4979 2277 5031 tiones.
2318 4975 2433 5029 Lib.
2469 4992 2521 5034 ι.
2559 4977 2594 5031 ὅ
2626 4994 2637 5029 :
2674 4993 2776 5030 non
2816 4978 2999 5045 poterit
3042 4994 3246 5032 summa
3283 4990 3544 5040 constare;
3579 4976 3656 5031 ubi

2081 5047 2236 5118 plura
2266 5047 2412 5102 dedi.
2434 5047 2593 5102 Coul'.
2618 5048 2685 5102 de
2711 5048 2790 5103 Ira
2814 5090 2828 5112 ,
2860 5064 2911 5104 c.
2950 5049 3038 5103 11.

2158 5126 2401 5199 Regibus.
2431 5127 2505 5182 Ex
2536 5126 2682 5198 Virg.
2710 5127 2747 5183 l.
2776 5142 2830 5183 tv
2851 5129 3077 5200 Georg.,
3105 5145 3184 5184 vs.
3214 5129 3304 5186 68.

2108 5292 2120 5303 ε
2158 5218 2412 5274 Obtineat.
2443 5219 2502 5275 in
2532 5220 2798 5290 aptineat;
2826 5219 2904 5275 sic
2931 5220 3072 5275 infra
3104 5237 3204 5278 ms.
3249 5221 3465 5293 aptineri
3495 5227 3547 5275 et
3571 5234 3652 5289 ορο

2082 5300 2299 5347 tineam.

2158 5382 2411 5455 Moribus.
2444 5382 2689 5439 Davisius
2714 5383 2842 5455 legit
2881 5383 3095 5440 uiribus.

2155 5454 2462 5523 Republica.
2499 5455 2556 5509 In
2589 5471 2690 5508 ms.
2714 5454 2853 5526 reip.

2160 5526 2358 5582 Omnis.
2392 5526 2592 5580 Dicitur
2618 5528 2809 5582 abesse
2835 5544 2863 5581 a
2905 5543 3006 5582 ms.

2161 5618 2271 5674 Nec
2297 5618 2447 5671 condi
2474 5618 2699 5687 quidem.
2727 5618 2936 5674 Mallem
2954 5636 3018 5674 ne
3039 5620 3191 5675 condi
3210 5620 3441 5691 quidem;
3461 5633 3558 5674 cex
3581 5633 3652 5671 se-

2086 5693 2272 5763 quenti
2292 5705 2423 5744 voce
2442 5692 2751 5759 repetitum.
2774 5691 3190 5763 Emendavim‘us
3204 5690 3347 5761 saepe
3367 5692 3490 5746 illud
3512 5690 3648 5763 aeria

2091 5760 2383 5835 aliis‘Lact.
2404 5763 2556 5828 locis,
2579 5763 2699 5835 (τι),
2727 5763 2820 5817 lib.
2852 5777 2912 5833 ιι,
2935 5779 2985 5820 c.
3020 5762 3073 5818 5.
3104 5760 3389 5835 Conspirat
3417 5762 3645 5819 Davisius.

2091 5898 2110 5912 κ
2164 5832 2328 5888 Illud.
2353 5834 2411 5893 In
2434 5848 2534 5889 ms.
2566 5833 2701 5888 illul.
