3816 6264
100 412 251 470 i021

1108 400 1411 461 EPITOME
1443 397 1821 459 DIVINARUM
1854 382 2407 455 INSTITUTIONUM.

3274 385 3415 444 £022

94 528 253 585 Deus
286 525 557 600 putandus
580 531 698 593 est,
719 523 812 597 qui
865 528 1043 595 potest
1072 528 1242 578 totum
1271 562 1287 590 ,
1337 534 1445 577 non
1499 518 1590 592 qui
1645 515 1715 574 de
1743 519 1791 580 Α
1820 515 2117 582 maverint,
2148 529 2245 571 nec
2273 514 2367 569 ulli
2400 511 2701 583 subjectum
2751 524 2872 567 esse
2911 516 3149 577 naturae,
3184 523 3308 564 cum
3346 508 3415 564 ab

96 629 222 677 toto
255 620 564 678 minimum.
736 660 739 663 .

727 730 959 789 CAPUT
999 729 1088 786 Ill.

533 853 669 919 (Div.
695 851 817 904 Inst.
844 850 929 903 lib.
954 865 990 909 ι.
1015 862 1059 902 c.
1083 849 1115 899 5
1141 852 1193 899 et
1215 846 1293 910 5.)

369 959 450 1017 De
504 958 614 1015 Deo
659 972 761 1014 uno
803 955 1092 1012 testimonia
1137 961 1424 1024 poetarum.

169 1074 338 1131 Unus
366 1075 527 1146 igitur
556 1073 697 1127 Deus
739 1079 821 1127 est
843 1113 857 1136 ,
889 1068 1199 1141 perlectus,
1232 1076 1471 1122 aeternus
1491 1107 1504 1129 ,
1534 1065 1712 1119 incor-

90 1168 413 1236 ruptibilis,
438 1164 819 1237 impassibilis,
853 1163 985 1220 nulli
1021 1161 1099 1219 rei
1144 1160 1464 1231 potestativc
1493 1158 1712 1229 subjec-

93 1269 223 1324 tus,
275 1261 396 1330 ipse
440 1259 623 1312 omnia
670 1254 986 1326 possidens,
1039 1252 1217 1308 omnia
1266 1265 1499 1320 regens,
1549 1264 1708 1321 quem

88 1366 196 1407 nec
226 1354 509 1407 :rstimare
530 1365 695 1407 sensu
724 1349 898 1405 valeat
922 1347 1155 1403 humana
1183 1360 1335 1401 mens
1355 1387 1370 1407 ,
1394 1359 1495 1400 nec
1525 1343 1706 1416 eloqui

87 1443 289 1514 lingua
322 1444 581 1500 mortalis.
607 1440 903 1497 Sublimior
944 1439 1090 1496 enim
1110 1453 1174 1497 ac
1204 1436 1378 1507 major
1408 1445 1523 1500 est.
1547 1450 1708 1508 quam

86 1541 151 1590 ut
181 1537 369 1605 possit
396 1545 487 1590 aut
506 1534 831 1605 cogitatione
858 1532 1090 1585 hominis
1115 1571 1129 1595 ,
1159 1537 1255 1584 aut
1275 1543 1529 1584 sermone
1554 1542 1707 1585 com-

84 1627 409 1697 prehendi;
436 1626 702 1696 denique,
744 1631 804 1678 ut
850 1632 1055 1679 taceam
1103 1621 1172 1678 de
1226 1620 1504 1693 prophetis
1549 1621 1710 1679 unius

82 1717 191 1775 Dei
238 1716 727 1790 przedicatoribus,
756 1714 927 1787 poetic
961 1729 1178 1787 quoque
1201 1755 1217 1781 ,
1260 1723 1316 1770 et
1366 1713 1705 1784 philosophi,

83 1819 141 1867 et
180 1824 348 1866 vates
386 1810 750 1866 testimonium
807 1808 1066 1881 singulari
1113 1809 1223 1863 Deo
1273 1807 1581 1880 perhibent.
1610 1807 1710 1865 0r-

83 1901 275 1975 pheus
302 1903 656 1974 principalem
687 1902 854 1969 Deum
885 1900 1045 1967 dicit,
1077 1900 1167 1972 qui
1197 1900 1390 1956 caelum
1434 1901 1711 1972 solemque
1738 1903 1788 1965 Β

87 2010 217 2051 eum
252 1996 475 2050 cmteris
494 1995 687 2062 astris,
705 1995 794 2063 qtti
817 2006 1012 2048 terram
1033 2035 1048 2058 ,
1073 1994 1164 2063 qui
1192 1992 1357 2046 maria
1382 1992 1704 2048 condiderit.

92 2087 233 2143 Item
269 2096 462 2143 noster
492 2085 638 2141 Maro
689 2100 956 2139 summum
1013 2085 1180 2139 Deum
1213 2083 1375 2138 modo
1425 2085 1706 2156 Spiritum,

93 2180 265 2237 modo
300 2188 539 2235 mentem
571 2185 879 2248 nuncupat,
906 2191 1135 2247 eamque
1163 2174 1308 2231 velut
1342 2177 1599 2231 membris
1629 2176 1709 2231 in-

92 2273 275 2329 fusam
314 2272 481 2328 totius
508 2270 691 2326 mundi
726 2285 927 2342 corpus
973 2271 1208 2342 agitare;
1254 2269 1382 2326 item
1416 2270 1581 2327 Deum
1614 2286 1711 2342 per

101 2364 385 2436 profunda
415 2364 539 2423 caeli
565 2406 580 2432 ,
609 2379 705 2434 per
738 2372 939 2437 tractus
986 2364 1150 2419 maris
1197 2372 1570 2434 terrarumque
1596 2362 1711 2418 dis-

95 2475 364 2527 currere,
396 2469 557 2527 atque
601 2457 669 2512 ab
717 2472 783 2513 eo
832 2458 1116 2513 universas
1145 2457 1449 2513 animantes
1495 2456 1711 2513 trahere

98 2557 283 2610 vitam.
316 2554 398 2610 Ne
445 2552 668 2609 Ovidius
708 2551 923 2626 quidem
970 2553 1238 2623 ignoravit
1275 2567 1304 2607 a
1335 2552 1447 2607 Deo
1479 2550 1713 2608 instruc-

98 2659 209 2706 tum
238 2665 373 2706 esse
401 2648 655 2705 mundum
675 2690 690 2716 ,
719 2662 880 2718 quem
910 2646 1177 2703 interdum
1206 2647 1453 2718 opilicem
1486 2662 1670 2707 rerum
1693 2688 1708 2715 ,

102 2740 383 2799 interdum
415 2740 600 2797 mundi
634 2740 1006 2796 labricatorem
1026 2748 1203 2796 vocat.

719 2870 951 2929 CAPUT
1002 2868 1093 2926 1V.

588 2987 725 3052 (Div.
750 2986 874 3037 Inst.
901 2984 985 3036 lib.
1004 3002 1039 3051 ι,
1065 2999 1110 3037 c.
1140 2988 1214 3049 5.)

207 3089 377 3158 Quod
408 3088 546 3146 Deus
573 3091 638 3146 sit
668 3107 801 3146 unus
832 3090 1123 3145 testimonia
1154 3090 1599 3163 philosOpltorum.

168 3226 279 3282 Sed
319 3229 613 3282 veniamus
666 3225 733 3282 ad
785 3224 1172 3296 philosophos,
1225 3241 1451 3296 quorum
1508 3225 1710 3281 certior

1819 611 1939 681 ipso
1968 610 2040 665 sit
2063 610 2239 664 omnis
2262 615 2453 663 natura
2473 613 2748 679 generata.

1889 700 2154 770 Hermes,
2200 700 2293 772 qui
2345 698 2416 755 ob
2467 699 2721 754 virtutem
2769 694 3174 767 multarumque
3219 695 3414 753 artium

1812 796 2090 852 scientiam
2140 794 2525 866 Trismegistus
2590 794 2785 848 meruit
2856 791 3161 858 nominari,
3208 791 3297 861 qui
3364 798 3418 847 et

1811 886 2075 946 doctrinm
2127 895 2391 943 vetustate
2435 884 2782 956 philoSOphos
2841 882 3162 949 antecessit,
3219 883 3417 953 quique

1812 981 1953 1051 apud
2016 979 2299 1053 Egyptios
2342 987 2402 1033 ut
2450 978 2591 1034 Deus
2633 976 2847 1042 colitur,
2922 974 3258 1045 majestatem
3324 975 3416 1030 Dei

1813 1073 2101 1145 singularis
2165 1071 2391 1127 inﬁnitis
2456 1083 2707 1126 asserens
2788 1067 3066 1132 laudibus,
3127 1066 3413 1123 Dominum

1812 1176 1869 1224 et
1914 1168 2127 1223 Patrem
2185 1173 2490 1235 nuncupat;
2534 1178 2765 1232 eumque
2812 1177 2935 1219 esse
2987 1163 3107 1217 sine
3153 1160 3411 1227 nomine,

1811 1260 1955 1331 quod
1984 1259 2204 1330 proprio
2227 1257 2489 1314 vocabulo
2517 1272 2622 1312 non
2668 1254 2904 1325 indigeat
2925 1295 2939 1316 ,
2964 1253 3087 1324 quia
3119 1253 3268 1308 solus
3301 1252 3412 1318 sit;

1811 1369 1915 1410 neo
1941 1342 2144 1409 habere
2191 1352 2328 1407 ullos
2360 1359 2642 1420 parentes,
2675 1350 2801 1419 quia
2831 1365 2896 1404 ex
2929 1362 2988 1404 se
3015 1357 3068 1402 et
3094 1362 3190 1418 per
3214 1361 3275 1401 se
3300 1347 3415 1415 ipse

1809 1448 1901 1505 sit.
1950 1447 2120 1516 Hujus
2147 1444 2213 1501 ad
2243 1444 2406 1500 lilium
2464 1443 2750 1500 scribentis
2795 1442 3076 1497 exordium
3130 1440 3237 1496 tale
3290 1448 3413 1494 est:

1812 1539 1981 1596 Deum
2029 1537 2246 1608 quidem
2305 1536 2606 1607 intelligere
2647 1533 2871 1591 difﬁcile
2916 1542 3031 1599 est,
3066 1532 3247 1601 eloqui
3277 1544 3408 1586 vero

1811 1630 2144 1704 impossibile
2163 1673 2179 1696 ,
2208 1630 2371 1687 etiam
2398 1629 2483 1686 cui
2508 1627 2812 1699 intelligere
2838 1627 3097 1699 possibile
3135 1633 3251 1690 est;
3285 1638 3409 1693 per-

1811 1722 2007 1780 fectum
2054 1723 2197 1779 enim
2226 1723 2297 1780 ab
2324 1721 2671 1793 imperfecto,
2697 1720 2967 1777 invisibile
2993 1734 3025 1777 a
3068 1716 3269 1775 visibili
3301 1731 3409 1772 non

1813 1826 1991 1887 potest
2017 1814 2424 1888 comprehendi.

2441 1947 2670 2006 CAPUT
2710 1946 2776 2002 ν.

2310 2064 2445 2131 (Div.
2472 2063 2593 2114 Inst.
2619 2062 2706 2113 lib.
2730 2079 2764 2123 ι,
2791 2075 2837 2112 c.
2861 2060 2937 2127 6.)

1886 2167 2039 2236 Quod
2066 2184 2225 2225 unum
2254 2167 2421 2225 Deum
2442 2179 2601 2232 vates,
2629 2167 2685 2222 id
2712 2176 2786 2224 est
2811 2165 3030 2238 Sibylla:
3051 2166 3353 2238 praedicant.

1886 2304 2145 2375 Superest
2172 2303 2240 2360 de
2266 2301 2483 2360 vatibus
2505 2301 2706 2358 dicere.
2735 2300 2908 2357 Varro
2942 2300 3129 2356 decem
3178 2301 3417 2372 Sihyllas

1812 2397 1980 2452 fuisse
2011 2396 2195 2461 tradit;
2224 2397 2451 2466 primam
2468 2395 2534 2449 de
2557 2394 2760 2457 Persis,
2787 2393 3078 2449 secundam
3108 2392 3413 2466 Libyssam,

1812 2493 2026 2547 tertiam
2079 2491 2373 2561 Delphida,
2423 2501 2670 2561 quartam
2728 2488 3113 2553 Cimmerium,
3170 2490 3415 2559 quintam

1815 2583 2174 2655 Erythrzeam,
2216 2593 2423 2639 sextam
2472 2582 2731 2647 Samiam,
2775 2581 3061 2651 septimam
3090 2581 3410 2645 Cumanam,

1814 2687 2056 2734 octavam
2104 2674 2551 2751 Hellespontiam,
2581 2690 2779 2730 nonam
2808 2674 3119 2747 Phrygiam.
3150 2673 3414 2728 decimam

1812 2766 2115 2835 Tiburtem,
2156 2771 2240 2824 cui
2297 2770 2366 2824 sit
2404 2783 2599 2823 nomen
2632 2764 2897 2821 Albunea.
2930 2766 3008 2819 Ex
3048 2764 3132 2819 his
3164 2764 3415 2819 omnibus

1813 2861 2046 2919 Cumana
2074 2861 2241 2917 solius
2280 2869 2397 2916 tres
2414 2875 2535 2916 esse
2577 2858 2763 2922 libros,
2799 2858 2888 2928 qui
2913 2852 3281 2911 Romanorum
3307 2854 3413 2910 fata

1813 2956 2146 3022 contineant,
2183 2962 2238 3009 et
2280 2952 2580 3009 habeantur
2624 2950 2827 3013 arcani,
2872 2959 3190 3004 cmterarum
3233 2956 3411 3004 autem

1815 3048 1929 3105 fere
1953 3049 2196 3103 omnium
2230 3046 2475 3117 singulos
2529 3052 2718 3100 extare
2767 3041 3060 3111 haberique
3106 3041 3282 3109 vulgo,
3317 3040 3415 3095 sed

1813 3157 1908 3198 eos
1936 3142 2228 3214 Sibyllinos
2254 3139 2402 3194 velut
2431 3153 2538 3193 uno
2567 3136 2788 3192 nomine
2839 3134 3056 3190 inscribi
3079 3134 3229 3199 {nisi
3271 3133 3413 3204 quod

1814 3235 2116 3308 Erythrae,
2149 3248 2268 3304 quae
2295 3230 2474 3288 Troici
2496 3229 2625 3287 belli
2657 3227 2989 3300 temporibus
3020 3225 3188 3282 fuisse
3230 3226 3415 3296 perhi-

102 3318 340 3375 habetur
385 3318 717 3384 auctoritas,
744 3295 902 3387 quam
942 3295 1254 3387 poetarum.
1290 3318 1442 3373 Plato
1495 3333 1683 3373 monar

1879 3337 1992 3392 :tnr,
2024 3341 2221 3381 nomen
2250 3340 2407 3381 suum
2439 3337 2625 3379 verum
2668 3321 2845 3394 posuit
2892 3320 2946 3375 in
2994 3319 3152 3387 libro,
3184 3316 3412 3373 aliarum

106 3412 280 3467 cbiam
304 3412 544 3479 asserit,
565 3426 729 3465 unum
763 3410 927 3464 Deum
954 3409 1174 3476 dicens,
1199 3425 1352 3479 aquo
1381 3410 1451 3464 sit
1476 3410 1708 3466 mundus

111 3506 406 3563 instructus
431 3514 487 3561 et
514 3505 744 3560 mirabili
776 3504 989 3560 ratione
1017 3502 1311 3574 perfectus.
1348 3503 1669 3560 Aristoteles
1688 3545 1703 3572 ,

107 3599 314 3654 auditor
331 3600 474 3669 ejus.
507 3615 664 3654 unam
694 3613 817 3654 esse
838 3608 1111 3664 mentem,
1145 3613 1265 3667 quae
1290 3596 1490 3653 mundo
1520 3597 1707 3668 ρι’ωεί-

109 3690 257 3760 deat,
283 3692 596 3748 confitetur.
623 3692 974 3750 Antisthenes
1000 3707 1166 3749 unum
1198 3707 1321 3748 esse
1367 3691 1497 3748 dicit
1550 3701 1707 3749 natu-

109 3785 267 3839 ralem
296 3784 499 3851 Deum,
533 3784 691 3838 totius
723 3797 946 3838 summa:
986 3784 1425 3854 gubernatorem.
1458 3783 1703 3855 Longum

111 3887 188 3931 est
214 3891 501 3932 recensere
524 3918 539 3942 ,
567 3891 687 3947 qua:
714 3876 781 3931 de
820 3891 1035 3932 summo
1062 3878 1206 3942 Deo,
1237 3877 1324 3933 vel
1348 3878 1545 3933 Thales
1565 3920 1580 3945 ,
1620 3881 1705 3935 vel

112 3965 438 4038 Pythagoras
487 3974 542 4021 et
592 3966 956 4022 Anaximenes
999 3975 1186 4032 antea,
1232 3968 1316 4022 vel
1362 3969 1703 4038 postmodum

112 4057 267 4113 Stoici
294 4102 309 4127 ,
342 4059 595 4115 Cleantes
616 4101 630 4125 ,
680 4072 735 4115 et
780 4059 1114 4132 Chrysippus
1135 4069 1189 4115 et
1216 4060 1433 4129 Zenon,
1464 4063 1547 4118 vel
1581 4079 1704 4119 nos-

112 4159 308 4206 trorum
346 4153 552 4208 Seneca
587 4152 787 4207 stoicos
815 4163 1063 4217 secutus,
1092 4160 1147 4206 et
1172 4156 1288 4223 ipse
1308 4153 1519 4210 Tullius
1571 4172 1704 4225 prte-

111 4246 437 4316 dieaverint,
489 4265 611 4304 cum
651 4248 706 4303 bi
759 4263 950 4304 omnes
975 4291 989 4316 ,
1023 4257 1076 4305 et
1103 4240 1231 4320 quid
1260 4252 1331 4305 sit
1361 4253 1532 4318 Deus,
1565 4250 1703 4307 dell-

112 4339 220 4397 nire
249 4342 608 4408 tentaverint,
648 4351 702 4397 et
728 4342 796 4396 ab
825 4355 893 4396 eo
935 4340 1055 4396 solo
1109 4342 1225 4412 regi
1266 4343 1526 4399 mundum
1556 4344 1704 4400 amr-

1812 3417 2022 3475 c0ulusi
2049 3425 2194 3472 sunt.

1884 3512 1980 3568 lim
1996 3526 2207 3579 omnes,
2222 3509 2290 3566 de
2312 3509 2506 3583 quibus
2523 3508 2657 3575 dixi,
2678 3506 2894 3579 Sibyllae
2910 3504 3413 3578 prmterCumream,

1812 3623 1971 3680 qnam
2024 3606 2129 3676 legi
2182 3605 2285 3659 nisi
2338 3619 2365 3657 a
2413 3600 2864 3670 Quindecimviris
2908 3614 3014 3653 non
3069 3598 3214 3662 licet,
3250 3612 3415 3651 unum

1814 3701 1980 3756 Deum
2005 3713 2126 3755 esse
2154 3705 2442 3760 testantur,
2476 3694 2801 3764 principem,
2826 3691 3194 3752 conditorem,
3226 3702 3418 3758 paren-

1813 3802 1944 3860 tem,
1970 3806 2076 3846 non
2102 3790 2170 3845 ab
2200 3789 2309 3844 ullo
2332 3795 2667 3857 generatum,
2704 3783 2799 3839 sed
2831 3799 2859 3837 a
2881 3782 3063 3852 seipso
3086 3790 3292 3846 satum,
3326 3781 3415 3849 qui

1813 3895 1866 3942 ct
1893 3885 2053 3940 fuerit
2081 3899 2110 3938 a
2140 3877 2372 3947 szeculis,
2391 3890 2441 3935 et
2471 3882 2541 3934 sit
2570 3877 2783 3932 futurus
2813 3876 2870 3930 in
2900 3875 3120 3935 smcula,
3141 3883 3193 3929 et
3212 3873 3416 3927 idcirco

1815 3978 1965 4034 solus
1992 3976 2096 4032 coli
2129 3974 2342 4041 debeat,
2374 3972 2524 4026 solus
2547 3970 2746 4036 ιῑηιει-ἰ,
2780 3969 2928 4024 solus
2950 3966 3203 4022 acunctis
3225 3965 3416 4019 viven-

1811 4071 1955 4127 tibus
1979 4067 2253 4123 honorari.
2277 4066 2511 4135 Quarum
2534 4061 2861 4124 testimonia,
2891 4060 3012 4129 quia
3040 4057 3286 4113 breviare
3309 4070 3413 4110 non

1808 4170 2076 4233 poteram,
2106 4155 2451 4229 prietermisi,
2485 4169 2605 4226 quae
2633 4153 2678 4207 si
2707 4151 3010 4218 desideras,
3042 4148 3111 4204 ad
3139 4150 3287 4219 ipsos
3318 4146 3415 4202 tibi

1808 4253 1978 4310 libros
2041 4250 2426 4310 revertendum
2499 4257 2601 4304 est.
2658 4244 2814 4302 Nunc
2856 4244 3065 4317 reliqua
3120 4255 3417 4314 persequa-

1809 4364 1954 4404 mur.

1441 4454 1796 4515 VARIOBUM
1834 4456 2063 4514 NOTAE.

180 4571 322 4644 Non.
345 4571 452 4627 Pro
481 4586 628 4639 non.,
675 4568 728 4623 in
772 4583 876 4624 ms.
905 4584 1058 4639 quam
1083 4566 1408 4626 rectissime.
1432 4568 1704 4628 .Subaudi-
1728 4576 1786 4638 Β
1811 4573 1931 4631 libri
1955 4574 2133 4630 editor
2154 4573 2477 4644 primarius;
2507 4580 2689 4641 posset
2716 4578 2895 4628 tamen
2926 4568 3028 4641 legi
3056 4570 3242 4642 hujus,
3269 4571 3412 4641 quod

114 4649 193 4696 tur
221 4643 411 4706 potius.

176 4713 538 4782 Impassibilis.
571 4711 627 4766 ln
656 4727 757 4766 ms.
790 4711 1128 4782 inpassibilis.

178 4781 473 4854 Prophetis.
501 4786 572 4839 lle
605 4784 685 4837 his
715 4783 826 4851 agit
847 4798 965 4851 cap.
987 4783 1022 4836 2
1042 4824 1056 4848 ,
1084 4781 1178 4838 lib.
1213 4797 1252 4837 ι.

177 4856 249 4909 Et
273 4867 431 4910 vates.
459 4857 663 4910 Dicitur
684 4856 876 4909 abesse
903 4870 931 4908 ει
957 4869 1092 4910 mss.

179 4927 465 4999 Singulari.
494 4927 583 4999 Sic
612 4926 804 4995 legitur
837 4926 1032 4999 passim
1065 4925 1358 4999 singularis
1376 4924 1514 4999 Deus
1558 4927 1698 4995 apud

113 4995 461 5053 Lactantittm.
493 4997 624 5050 Vide
654 5005 764 5049 not.
796 4998 862 5051 ad
893 5007 1052 5066 caput
1104 4997 1139 5051 5
1183 4998 1302 5050 libri
1330 4997 1399 5052 de
1438 4998 1701 5054 Mortibus

114 5067 536 5125 Persecutorum.
572 5068 662 5123 Sir.
708 5067 844 5124 libro
890 5083 961 5127 η.
1014 5082 1135 5136 cap.
1198 5068 1290 5132 17,
1322 5070 1466 5124 circa
1499 5070 1695 5138 linem,

114 5142 209 5192 veri
237 5141 331 5196 Dei
360 5159 420 5195 ac
451 5140 730 5210 singularis
749 5181 763 5204 ,
790 5150 844 5194 et
874 5138 1007 5194 infra
1032 5142 1136 5210 sub,
1160 5138 1319 5195 linem
1343 5155 1463 5210 cap.
1496 5140 1553 5195 4.

181 5211 446 5267 Summum
470 5207 652 5267 Deum.
701 5207 919 5266 Centies
948 5210 1088 5281 apud
1119 5207 1452 5265 Lactantium
1482 5212 1579 5267 bas
1604 5228 1699 5269 vo—

115 5294 197 5335 ces
220 5287 475 5348 reperies.

180 5353 353 5410 Pluto.
383 5357 490 5409 Vox
526 5352 680 5407 Plato
708 5368 813 5426 non
838 5360 986 5409 extat
1011 5353 1061 5407 in
1087 5368 1189 5409 ms.
1214 5351 1310 5408 sed
1335 5368 1396 5409 ea
1420 5353 1617 5426 legitur
1642 5354 1695 5410 in

116 5428 278 5495 capite
309 5428 343 5482 5
371 5428 488 5481 libri
524 5426 679 5495 primi
713 5425 851 5479 circa
887 5429 1070 5479 linem.

180 5494 266 5578 Ιξι.
297 5499 452 5552 Deest
477 5494 624 5567 apud
652 5496 931 5564 Plafliunt,
969 5497 1066 5552 sed
1115 5496 1353 5555 restituit
1394 5511 1696 5570 anonymus

116 5577 176 5619 ex
211 5581 327 5624 IDSO
352 5585 451 5624 ms.

180 5581 517 5695 illisi-2:23;“.
551 5640 660 5694 llos
687 5638 909 5694 eosdem
958 5639 1312 5710 philoSOphos
1340 5640 1576 5709 appellat
1597 5655 1698 5695 ee-

117 5705 231 5761 dem
252 5714 425 5779 capite
446 5713 504 5768 5.
531 5712 841 5767 Lactantius
872 5722 927 5767 ut
960 5705 1070 5766 isto
1094 5705 1303 5783 capite,
1332 5705 1476 5765 nulla
1514 5711 1692 5767 habita

116 5785 405 5904 tretlnpqruttt
437 5783 646 5839 ratione
669 5823 685 5850 ,
718 5783 814 5838 sed
843 5793 1002 5855 prout
1039 5783 1159 5852 ejus
1188 5783 1464 5838 memoriae
1504 5797 1698 5840 θεουπ-

143 5864 171 5903 e
194 5864 270 5903 tan
304 5892 317 5904 .

143 5864 317 5905 ellaltl.

1809 4662 1963 4717 aeque
1992 4649 2254 4716 Optimum
2286 4646 2527 4700 elliceret
2557 4658 2799 4697 sensum.

1875 4716 1943 4772 Et
1970 4718 2032 4771 ab
2058 4734 2116 4773 eo
2154 4716 2265 4772 solo
2316 4715 2425 4786 regi
2475 4714 2730 4786 mundum
2773 4712 3154 4786 a/jirmaverint.
3188 4712 3408 4785 Septem

1802 4788 1919 4846 hzec
1935 4790 2117 4851 verba,
2133 4803 2255 4858 qua:
2277 4787 2473 4843 absunt
2493 4802 2521 4840 a
2542 4785 2752 4851 Plal'lio,
2769 4785 3022 4840 dicuntur
3039 4785 3218 4841 inesse
3236 4787 3286 4841 in
3302 4802 3403 4846 ms.

1873 4860 2049 4930 Apud.
2085 4859 2144 4914 lu
2173 4875 2276 4915 ms.
2304 4870 2450 4928 aput.

1802 4935 1826 4998 ἒ
1869 4928 2184 5000 Intelligere.
2218 4930 2274 4986 In
2308 4946 2408 4984 ms.
2440 4928 2750 5001 intellegere.

1805 5002 2125 5131 rbSibyllae.
2159 5001 2237 5057 De
2272 5001 2492 5073 Sibyllis
2523 5001 2645 5056 vide
2685 5009 2867 5057 notam
2898 5009 3163 5069 nostram,
3194 5016 3313 5072 cap.
3346 5002 3402 5069 6,

1827 5092 1841 5131 ι
1892 5115 1901 5124 .
1936 5091 1974 5129 ι.

1827 5091 1901 5131 ID.
1936 5091 1974 5129 1.

1876 5145 2225 5200 Lintmeriam.
2256 5144 2313 5200 In
2345 5159 2447 5199 ms.
2481 5142 2783 5212 Cimmeam,
2816 5142 2959 5211 quod
2992 5144 3213 5198 dnctiss.
3261 5144 3403 5199 Plat-

1799 5216 1903 5273 llus
1954 5217 2336 5287 [interpretatur
2387 5213 2647 5272 Cumaeam
2683 5233 2703 5273 :
2741 5226 2795 5270 at
2824 5213 2873 5270 J.
2902 5215 2966 5270 Β.
2999 5216 3050 5270 le
3076 5215 3221 5271 Brun
3251 5226 3405 5287 putat

1799 5304 1922 5346 esse
1950 5285 2008 5342 Ci
2015 5305 2059 5340 in
2067 5288 2298 5341 muriam.

1871 5360 2123 5415 Samiam.
2154 5358 2209 5413 lu
2233 5375 2333 5415 ms.
2361 5359 2700 5413 Sanmtaiam.

1867 5431 2117 5485 Albunea.
2153 5429 2325 5485 Habet
2351 5430 2578 5485 Bunem.
2606 5448 2713 5483 :—
2739 5448 2759 5482 ι
2780 5429 3042 5485 Albunea.
3069 5428 3159 5484 Sic
3182 5429 3234 5484 in
3264 5446 3389 5494 ms.,

1798 5509 1939 5573 teste
1964 5505 2248 5573 Anonynto
2266 5502 2434 5565 Cler.,
2466 5517 2583 5571 pag.
2611 5502 2737 5556 550.
2767 5500 2981 5556 Pl‘allius
3011 5500 3243 5559 Albunea
3273 5501 3391 5573 edi-

1797 5572 1897 5628 dit.
1952 5572 2133 5629 lIBUI.
2180 5573 2274 5628 Est
2310 5573 2468 5628 dandi
2499 5588 2656 5626 casus
2683 5573 2925 5643 Albunea:
2953 5572 3269 5643 elegantior.
3301 5572 3392 5628 Sic

1797 5644 1971 5715 solet;
2003 5653 2057 5697 ut
2094 5644 2186 5715 lib.
2217 5660 2262 5703 ι.
2292 5660 2410 5715 cap.
2444 5645 2531 5702 11.
2557 5643 2817 5715 Agesilao,
2852 5641 3060 5711 Urano,
3084 5646 3135 5698 in
3165 5644 3329 5699 notis.
3363 5663 3384 5699 ι

1868 5713 2105 5769 (Σηιηιεω.
2136 5713 2192 5769 In
2227 5731 2328 5770 ms.
2360 5713 2624 5770 Cumame'.

1867 5784 2147 5840 Cumtt'am.
2173 5786 2227 5841 Itt
2252 5802 2353 5840 ms.
2384 5786 2660 5857 Cyma‘am.

1866 5857 2262 5919 Rerertendum.
2284 5859 2342 5921 lu
2372 5873 2473 5914 ms.
2502 5858 2634 5915 dicit
2658 5870 2961 5926 auooymns
2988 5856 3092 5928 legi
3116 5874 3359 5926 recurret:

171 5916 363 5979 Totius.
384 5924 481 5983 llis.
498 5924 635 5982 ullus
650 5922 810 5982 habet
834 5932 1005 5983 :recte
1021 5924 1316 5997 legittotius
1333 5924 1522 5984 doctus
1536 5924 1694 5999 hujus
1794 5930 1917 5986 dum
1946 5938 2041 5985 est.
