3816 6264
403 339 542 401 1025

1015 451 1243 512 CAPUT
1281 452 1370 510 VI.

894 545 1027 612 (Div.
1054 545 1174 597 Inst.
1194 545 1280 596 lib.
1304 562 1342 610 ι,
1364 559 1406 596 c.
1425 545 1501 610 8.)

406 635 569 706 Deus,
592 649 708 690 cum
729 633 794 690 sit
813 640 1032 690 celerans
1054 643 1100 688 et
1126 633 1450 701 immortalis,
1475 646 1598 686 sexu
1621 639 1667 686 et
1683 627 2003 685 successione

1090 742 1192 781 non
1219 734 1345 798 eget.

481 845 610 904 Haec
639 847 800 920 igitur
826 853 906 902 tot
931 861 996 902 ac
1021 853 1170 900 tanta
1213 843 1516 900 testimonia
1559 842 1762 914 liquido
1805 839 2001 912 perdo-

411 949 558 1008 cent,
578 955 744 995 unum
774 953 895 994 esse
940 939 1178 1010 regimen
1223 937 1277 992 in
1309 937 1530 1002 mundo,
1563 951 1723 990 unam
1769 945 2006 1006 potesta-

415 1017 545 1102 tem,
573 1034 727 1105 cujus
749 1047 849 1088 nec
874 1034 1026 1104 origo
1057 1033 1375 1104 excogitari,
1405 1047 1505 1086 nec
1533 1031 1612 1086 vis
1639 1029 1882 1086 enarrari
1910 1042 2007 1099 po-

413 1137 539 1185 test.
574 1126 732 1184 Stulti
756 1141 907 1198 ergo,
931 1127 1019 1196 qui
1049 1127 1117 1183 de
1146 1127 1431 1182 concubitu
1463 1135 1619 1181 natos
1641 1133 1834 1196 putant
1874 1123 2006 1179 deos

415 1236 562 1286 esse,
595 1237 716 1276 cum
746 1220 862 1291 ipse
889 1235 1051 1276 sexus
1085 1230 1138 1275 et
1167 1235 1454 1290 corporum
1495 1219 1766 1290 copulatio
1806 1219 2008 1274 idcirco

416 1313 734 1370 mortalibus
761 1328 790 1366 a
816 1312 924 1367 Deo
954 1312 1076 1367 data
1104 1314 1232 1378 sint,
1263 1321 1319 1367 ut
1356 1327 1450 1382 per
1471 1311 1676 1367 sobolis
1705 1312 2007 1368 successio-

417 1422 542 1464 nem
591 1421 760 1478 genus
788 1421 946 1462 omne
975 1418 1242 1462 servetur.
1288 1406 1681 1461 lmmortalibus
1725 1406 2009 1478 veroquid

417 1515 554 1573 opus
585 1510 669 1556 est
693 1510 790 1556 aut
818 1515 949 1556 sexu
977 1510 1065 1554 aut
1089 1500 1454 1566 successione,
1477 1514 1613 1571 quos
1643 1515 1743 1555 nec
1767 1501 2008 1570 voluptas

419 1610 521 1650 nec
553 1595 804 1650 interitus
820 1594 1068 1664 attingit?
1096 1592 1174 1648 llli
1202 1608 1352 1664 ergo,
1375 1594 1462 1663 qui
1482 1592 1553 1647 dii
1584 1600 1854 1663 putantur,
1872 1608 2010 1663 quo-

419 1688 564 1744 niam
591 1701 644 1743 et
665 1688 876 1759 genitos
907 1701 1030 1743 esse
1057 1696 1310 1756 tanquam
1331 1686 1596 1748 homines.
1617 1695 1672 1742 et
1699 1700 2010 1756 procreasse

415 1791 667 1846 constat,
717 1779 972 1835 mortales
1029 1780 1214 1850 utique
1262 1779 1522 1835 fuerunt:
1560 1778 1655 1833 sed
1701 1777 1773 1833 dii
1821 1779 2009 1833 crediti

417 1884 565 1941 sunt,
597 1873 763 1942 quod,
796 1889 916 1930 cum
948 1883 1133 1929 essent
1157 1887 1313 1944 reges
1339 1873 1515 1944 magni
1560 1887 1622 1928 ac
1654 1882 1924 1943 potentes,
1944 1872 2014 1927 oh
2041 1849 2089 1909 Β

417 1983 479 2024 ea
509 1966 801 2030 beneﬁcia,
843 1982 963 2040 qua:
1003 1965 1056 2022 in
1097 1965 1346 2022 homines
1385 1967 1757 2032 contuli-rant,
1801 1964 2016 2020 divinos

416 2069 541 2134 post
571 2061 772 2118 obitum
795 2060 1032 2119 honores
1064 2063 1323 2133 consequi
1355 2068 1690 2126 meruerunt,
1715 2059 2010 2130 positisque

365 2147 370 2153 ’
419 2155 637 2224 templis
676 2164 837 2227 atque
879 2155 1201 2221 simulacris,
1235 2155 1494 2210 memoria
1521 2168 1710 2209 eorum
1753 2161 2008 2223 tanquam

416 2247 799 2305 immortalium
831 2257 1038 2305 retenta
1067 2256 1152 2305 est
1171 2257 1332 2320 atque
1359 2249 1649 2305 celebrata.

1021 2360 1252 2418 CAPUT
1296 2361 1404 2418 VII.

897 2472 1030 2538 (Div.
1057 2473 1179 2523 Inst.
1201 2472 1289 2522 lib.
1312 2488 1347 2531 ι,
1369 2484 1398 2520 c
1441 2472 1516 2533 9.)

690 2584 768 2639 De
798 2583 1036 2640 Herculis
1057 2585 1160 2638 uita
1185 2583 1477 2654 facinorosa
1497 2587 1544 2634 et
1569 2587 1750 2633 morte.

489 2699 596 2760 Sed
626 2715 746 2756 cum
776 2700 847 2756 sit
869 2698 1120 2754 omnibus
1142 2698 1252 2755 fere
1278 2697 1528 2770 gentibus
1545 2709 1858 2767 persuasum
1879 2695 2012 2752 deos

421 2809 565 2861 esse,
595 2810 684 2850 res
716 2802 895 2849 tamen
924 2807 1108 2848 eorum
1143 2801 1328 2861 gestae,
1355 2805 1486 2860 quas
1510 2800 1616 2844 tam
1651 2797 1826 2859 poeta:
1848 2802 2010 2859 quam

419 2885 660 2942 historici
707 2883 1063 2948 tradiderunt,
1092 2883 1339 2939 homines
1369 2884 1536 2937 fuisse
1552 2881 1852 2936 declarant.
1881 2879 2015 2935 Her-

417 2977 591 3044 cules,
618 2991 717 3048 per
763 2991 884 3047 qua:
933 2985 1176 3045 tempora
1224 2973 1404 3037 fuerit.
1439 2975 1559 3042 quis
1611 2973 1840 3043 ignorat,
1890 2986 2012 3027 cum

414 3071 558 3128 idem
597 3078 652 3126 et
681 3070 821 3125 inter
843 3068 1181 3139 Argonautas
1209 3067 1561 3139 navigaverit,
1591 3073 1664 3133 et,
1704 3075 2012 3136 expugnata

419 3162 604 3234 Troia,
641 3160 1086 3226 Laomedontem,
1130 3160 1326 3216 Priami
1356 3171 1587 3232 patrem,
1615 3159 1686 3215 ob
1717 3159 2011 3229 periurium

421 3255 784 3311 interfecerit?
800 3254 880 3308 Ab
897 3269 962 3308 eo
985 3263 1226 3323 tempore
1255 3252 1412 3320 paulo
1428 3252 1658 3323 amplius
1678 3266 1838 3322 quam
1863 3250 2010 3305 mille
2037 3235 2081 3296 C

413 3357 469 3404 et
495 3347 775 3418 quingenti
797 3355 1181 3416 computantur
1210 3345 1355 3399 anni.
1389 3345 1487 3400 Hic
1514 3360 1580 3399 ne
1607 3353 1766 3399 natus
1787 3342 2006 3414 quidem

417 3441 646 3494 honeste
683 3439 936 3505 traditur,
959 3437 1053 3494 sed
1082 3437 1357 3493 Alcmenae
1385 3436 1654 3492 adulterio
1680 3437 1918 3507 genitus,
1953 3445 2010 3491 et

414 3531 534 3604 ipse
575 3530 719 3585 vitiis
748 3529 1006 3600 genitoris
1049 3529 1316 3585 addictus.
1348 3528 1459 3585 Nec
1484 3528 1721 3584 foeminis
1747 3544 2005 3599 unquam,

414 3638 518 3680 nec
542 3622 780 3680 maribus
805 3623 1079 3688 abstinuit,
1111 3623 1403 3694 orbemque
1435 3631 1602 3678 totum
1624 3638 1730 3678 non
1757 3633 1863 3677 tam
1891 3623 2009 3694 glo--

411 3717 528 3784 rite,
561 3732 720 3788 quam
749 3716 980 3772 libidinis
1005 3732 1187 3783 causa,
1216 3732 1319 3773 nec
1361 3726 1570 3773 tantum
1619 3718 1686 3774 ad
1735 3717 2004 3774 necandas

411 3808 643 3876 belluas,
697 3818 956 3880 quantum
999 3809 1067 3864 ad
1113 3808 1373 3866 serendos
1427 3809 1627 3865 liberos
1684 3810 2001 3880 peragravit.

410 3900 653 3974 Cumque
681 3913 823 3959 esset
846 3904 1099 3970 invictus,
1120 3905 1188 3958 ab
1210 3919 1313 3959 una
1341 3914 1517 3961 tamen
1536 3904 1800 3974 Omphale
1820 3904 2008 3959 trium-

411 3993 607 4066 phatus
629 4005 732 4057 est,
765 3995 848 4049 cui
876 3995 1026 4050 clava
1057 4003 1113 4050 et
1137 3996 1312 4066 Spolio
1341 3996 1514 4052 leonis
1538 3997 1756 4060 tradito,
1789 3997 2008 4053 indutus

412 4085 530 4156 ipse
572 4085 822 4142 fteminea
859 4095 1030 4154 veste,
1061 4097 1222 4158 atque
1253 4089 1319 4144 ad
1369 4089 1530 4158 pedes
1559 4091 1799 4146 mulieris
1825 4091 2008 4160 abiec-

413 4185 520 4246 tus,
554 4191 742 4249 pensa,
795 4193 915 4252 quae
947 4178 1178 4248 faceret,
1224 4181 1450 4252 accepit.
1507 4180 1652 4238 Idem
1695 4193 1879 4253 postea
1927 4185 2009 4238 in-

1757 330 1945 390 FIRM.
1989 329 2382 388 LACTANTIII

2025 451 2078 512 Α
2103 448 2300 507 stinctu
2329 447 2530 505 furoris
2556 448 2749 517 elatus,
2789 462 2980 522 parvos
3001 450 3210 507 liberos
3251 460 3308 506 et
3337 463 3578 506 uxorem
3613 451 3726 506 Me-

3588 336 3610 386 ι
3621 337 3692 385 .31
3707 331 3725 384 l

2104 557 2284 614 garam
2317 541 2621 599 trucidavit.
2661 543 2938 599 Postremo
2966 552 3182 614 sumpta
3213 543 3508 614 Dejanyras
3533 543 3730 611 conju-

2104 638 2186 710 gis
2212 647 2381 701 veste,
2409 654 2531 694 cum
2558 638 2827 696 difﬂueret
2848 640 3141 706 ulceribus,
3161 640 3372 696 doloris
3391 640 3719 710 impatiens,

2106 748 2296 805 rogum
2325 733 2425 788 sibi
2456 735 2506 788 iu
2534 733 2724 790 (Elteo
2762 745 2947 792 monte
2975 736 3305 802 Construxit,
3337 749 3526 806 eoque
3555 749 3620 789 se
3651 736 3729 790 vi-

2107 843 2231 882 vum
2245 827 2523 882 cremavit.
2537 827 2628 882 Sic
2642 827 2892 895 eflicitur,
2914 837 2972 884 ut
2987 829 3194 884 etiamsi
3214 829 3286 884 ob
3297 829 3571 882 virtutem
3590 825 3728 882 dens

2108 920 2254 976 credi
2280 920 2564 991 potuisset,
2593 920 2664 976 ob
2685 920 2803 977 haec
2833 931 3012 977 tamen
3041 921 3206 976 homo
3232 920 3402 977 fuisse
3430 919 3724 976 credatur.

2711 1035 2937 1092 CAPUT
2974 1035 3110 1092 VIII.

2574 1130 2705 1194 (Div.
2727 1129 2846 1180 Inst.
2875 1129 2959 1179 lib.
2985 1146 3020 1192 ι,
3040 1143 3082 1179 e.
3108 1130 3208 1192 10.)

2113 1217 2189 1272 De
2204 1217 2533 1290 xEsculapio,
2555 1220 2816 1288 Apolline,
2837 1218 3028 1285 Marte,
3052 1217 3259 1275 Castore
3282 1229 3330 1273 et
3356 1217 3613 1285 Polluce,
3638 1227 3728 1272 ls-

2501 1327 2598 1382 que
2624 1312 2686 1366 de
2715 1311 2976 1367 Mercurio
3005 1322 3054 1366 et
3081 1311 3306 1368 Baccho.

2197 1426 2566 1498 Esculapium
2621 1428 2927 1500 Tarquitius
2993 1429 3157 1486 tradit
3224 1445 3288 1485 ex
3346 1430 3582 1485 incertis
3631 1445 3728 1500 pa—

2114 1522 2356 1577 rentibus
2397 1532 2612 1589 natum,
2661 1531 2717 1578 et
2754 1523 2824 1578 ob
2865 1522 2916 1577 id
2967 1523 3300 1593 expositum,
3349 1534 3522 1592 atque
3563 1537 3593 1577 a
3634 1538 3722 1578 ve-

2113 1617 2392 1673 natoribus
2439 1618 2767 1680 collectum.
2817 1617 3030 1683 caninis
3081 1617 3336 1672 uberibus
3391 1615 3718 1682 educata,

2113 1707 2331 1764 Chiroui
2366 1712 2415 1763 in
2449 1710 2790 1780 disciplinam
2818 1709 3024 1764 datum.
3054 1708 3153 1764 Hic
3177 1709 3440 1778 Epidauri
3473 1719 3716 1766 montes

2115 1813 2217 1866 est.
2251 1802 2570 1876 Cynosuris,
2605 1815 2662 1858 nt
2703 1802 2896 1861 Cicero
2937 1804 3033 1869 ait,
3083 1803 3354 1874 sepultus,
3399 1818 3516 1858 cum
3574 1814 3724 1860 esset

2119 1899 2224 1951 ictu
2256 1896 2498 1954 fulminis
2539 1899 2909 1968 interemptus.
2947 1898 3139 1963 Apollo
3187 1907 3372 1952 autem
3423 1908 3574 1968 pater
3603 1899 3721 1967 eius

2117 2005 2223 2046 non
2248 1989 2572 2061 dedignatus
2601 2002 2680 2048 est
2708 1993 2943 2046 alienum
2972 2005 3191 2062 gregem
3219 2005 3469 2060 pascere,
3501 2001 3561 2042 ut
3587 1992 3722 2046 acci-

2116 2091 2269 2153 peret
2312 2098 2566 2147 uxorem;
2597 2092 2653 2139 et
2681 2083 2935 2139 dilectum
2969 2097 3196 2153 puerum
3241 2097 3368 2137 cum
3401 2082 3722 2145 peremisset

2116 2174 2449 2242 imprudens,
2503 2177 2736 2246 gemitus
2784 2190 2911 2231 suos
2942 2174 3217 2246 inscripsit
3255 2175 3309 2230 in
3353 2173 3516 2230 flore.
3549 2173 3712 2236 Marti.

2119 2272 2235 2326 viro
2285 2270 2597 2335 fortissimo,
2630 2269 2879 2325 adulterii
2910 2270 3115 2324 crimen
3169 2284 3278 2323 non
3305 2268 3522 2332 defuit;
3557 2269 3713 2338 siqui-

2115 2365 2240 2420 dem
2270 2365 2477 2420 catenis
2501 2379 2622 2420 cum
2655 2363 2896 2418 adultera
2922 2363 3134 2418 vinctus
3168 2361 3490 2432 spectaculo
3513 2361 3635 2417 fuit.

2187 2456 2379 2512 Castor
2407 2467 2461 2512 et
2485 2455 2675 2512 Pollux
2702 2454 2907 2511 alienas
2936 2469 3164 2524 sponsas
3209 2469 3320 2510 non
3369 2455 3589 2524 impune
3615 2469 3696 2508 ra-

2117 2561 2369 2623 puerunt.
2417 2565 2552 2620 quos
2593 2549 2858 2605 Homerus
2901 2563 3006 2604 non
3062 2548 3300 2618 poetica.
3343 2546 3442 2602 sed
3483 2546 3710 2615 simplici

2119 2641 2225 2696 ﬁde
2255 2650 2496 2698 mortuos
2519 2643 2866 2712 sepultosque
2892 2649 3137 2695 testatur.
3177 2639 3482 2700 Mercurius.
3516 2640 3608 2709 qui
3635 2639 3705 2692 de

2117 2745 2305 2806 stupro
2333 2734 2559 2790 Veneris
2601 2735 2786 2803 genuit
2813 2733 3232 2803 Androgyuum,
3277 2731 3410 2785 deus
3435 2745 3548 2785 esse
3590 2745 3706 2784 me-

2115 2830 2244 2888 ruit.
2277 2829 2400 2899 quia
2440 2829 2608 2902 lyram
2638 2827 2840 2897 reperit
2865 2835 2921 2882 et
2961 2827 3294 2896 pal:estram.
3341 2823 3501 2879 Liber
3530 2823 3702 2884 Pater,

2116 2922 2380 2979 debellata
2435 2921 2581 2976 India
2622 2918 2814 2985 vietor,
2844 2935 2967 2975 cum
3017 2920 3230 2975 Cretam
3287 2917 3426 2973 forte
3457 2917 3699 2984 venisset,

2119 3015 2407 3071 Ariadnem
2439 3015 2719 3083 conspexit
2757 3014 2809 3068 in
2832 3011 3030 3077 littore,
3063 3026 3222 3082 quam
3254 3009 3501 3066 Theseus
3525 3019 3580 3063 et
3601 3009 3701 3063 vio-

2120 3107 2342 3173 laverat,
2372 3116 2424 3161 et
2456 3106 2763 3176 reliquerat.
2790 3104 2926 3158 Tum
2956 3118 3142 3158 amore
3174 3102 3564 3164 inflammatus,
3596 3117 3700 3155 tanta

2117 3201 2215 3256 sibi
2247 3202 2297 3255 in
2316 3199 2620 3270 coniugium
2650 3197 2891 3263 sociavit,
2917 3205 2973 3253 et
2998 3209 3254 3250 coronam
3286 3194 3430 3263 ejus,
3463 3203 3516 3248 ut
3547 3204 3699 3263 poeL'c

2117 3294 2314 3360 ferunt,
2343 3292 2481 3346 inter
2502 3299 2647 3344 astra
2675 3289 2924 3358 signavit.
2969 3287 3138 3342 Mater
3159 3287 3272 3357 ipsa
3317 3296 3438 3356 post
3465 3285 3631 3354 fugam
3652 3295 3699 3336 et

2117 3386 2319 3442 obitum
2350 3384 2448 3438 viri
2476 3397 2596 3436 cum
2628 3382 2679 3435 in
2708 3380 2934 3452 Phrygia
2959 3389 3283 3439 moraretur.
3315 3377 3473 3432 vidua
3495 3387 3550 3430 et
3578 3391 3698 3430 anus

2118 3478 2413 3534 formosum
2455 3474 2856 3529 adolescentem
2903 3474 2953 3527 in
2981 3471 3192 3526 deliciis
3245 3471 3467 3533 habuit;
3499 3480 3550 3525 et
3586 3470 3696 3537 quia

2117 3571 2276 3626 fidem
2301 3584 2406 3624 non
2438 3567 2784 3637 praestiterat,
2813 3564 3077 3633 ademptis
3104 3563 3453 3633 genitalibus,
3483 3560 3691 3616 eiimmi-

2119 3662 2281 3720 navit.
2316 3659 2442 3716 Ideo
2472 3661 2632 3714 etiam
2656 3671 2798 3712 nunc
2825 3655 2996 3712 Gallis
3029 3654 3405 3710 sacerdotibus
3423 3653 3626 3725 gaudet.

2729 3767 2958 3823 CAPUT
2996 3766 3089 3823 IX.

2513 3864 2646 3927 (Div.
2673 3862 2795 3912 Inst.
2823 3861 2910 3911 lib.
2938 3876 2974 3920 ι,
2999 3875 3042 3911 c.
3072 3862 3132 3911 19
3158 3861 3338 3923 9121.)

2527 3971 2604 4026 De
2634 3971 2844 4024 deorum
2873 3968 3297 4040 turpitudinibus.

2185 4087 2349 4144 Ceres
2375 4085 2516 4142 unde
2541 4085 2955 4155 Proserpinam,
2987 4083 3088 4137 nisi
3139 4082 3210 4136 de
3254 4091 3444 4152 stupro
3484 4080 3680 4152 genuit?

2120 4185 2261 4241 unde
2286 4183 2490 4239 Latona
2527 4182 2772 4252 geminos
2795 4223 2808 4248 ,
2842 4179 2942 4234 nisi
2973 4195 3040 4234 ex
3065 4177 3341 4233 crimine?
3374 4178 3541 4233 Venus
3567 4175 3676 4230 deo-

1728 4299 2092 4358 VARIORUM
2131 4300 2359 4359 ΝΟΤῙΕ.

483 4410 637 4468 Cum.
665 4410 723 4466 In
748 4425 851 4467 ms.
883 4428 1054 4467 secum
1089 4431 1100 4466 :
1130 4412 1224 4468 sed
1256 4414 1510 4470 mendum
1534 4425 1638 4470 est.

484 4483 626 4549 Ipse.
656 4483 714 4540 In
749 4499 852 4538 ms.
875 4484 1018 4555 ipsi:
1048 4493 1104 4540 at
1132 4499 1317 4540 rursus
1344 4485 1722 4543 mendum.—-I
1734 4489 1812 4556 psi
1833 4504 2002 4551 sexus,

414 4570 563 4639 nunt:
599 4556 880 4639 plur._qu_i'
904 4571 1028 4639 uo".
1053 4556 1282 4639 debebat
1325 4560 1539 4612 mutari.
1563 4556 1720 4639 Lact.
1760 4559 1854 4639 lib:
1885 4575 1924 4639 t_,
1952 4576 2002 4614 c.
2033 4578 2086 4639 Ι)

411 4627 445 4682 8
477 4644 492 4682 :
525 4625 796 4699 Apparet,
833 4625 1108 4700 Herculem
1155 4627 1503 4698 Jovemque...
1554 4629 1781 4683 homines
1825 4631 2004 4700 fuisse,

410 4701 652 4763 quoniam
677 4707 877 4752 suntex
905 4699 1116 4752 duobus
1161 4700 1362 4752 sexibus
1404 4701 1542 4764 nati;
1583 4700 1777 4768 saepius
1806 4701 1856 4754 in
1893 4703 2008 4766 plu-

411 4770 530 4835 rali,
565 4769 655 4824 lib.
690 4784 729 4834 1,
761 4783 879 4832 cap.
913 4770 985 4824 6:
1025 4768 1139 4821 Duo
1166 4785 1315 4822 sexus
1341 4771 1619 4839 generandi
1665 4786 1821 4826 causa
1857 4773 2009 4827 insti—

414 4841 531 4901 tuti,
563 4852 777 4906 recepta
806 4856 1032 4894 sexuum
1056 4840 1398 4901 diversitate;
1433 4850 1488 4896 et
1515 4852 1718 4910 postea,
1753 4843 1881 4898 duos
1900 4859 2006 4899 esse

412 4925 565 4983 sexus
597 4911 828 4983 deerunt.
875 4911 1026 4966 Adde
1072 4911 1164 4964 lib.
1193 4926 1266 4976 Vl,
1299 4928 1417 4983 cap.
1452 4915 1542 4969 25.
1570 4913 1698 4967 Buu.

494 4979 760 5051 Voluptas.
791 4981 848 5035 In
873 4997 975 5037 ms.
1009 4982 1260 5049 volnn'as.

485 5052 798 5125 Rasinaque.
829 5053 883 5108 lu
914 5068 1013 5107 ms.
1045 5054 1310 5125 positique.

482 5123 855 5200 Computantur
899 5123 1367 5200 anniaNumerum
1398 5141 1660 5183 annorum
1691 5142 1795 5184 non
1837 5143 2010 5200 appo-

398 5198 520 5271 suit
545 5197 788 5271 Laetam.
817 5212 936 5271 cap.
967 5198 1024 5264 9,
1056 5198 1150 5251 lib.
1181 5215 1216 5263 ι,
1245 5215 1431 5271 verum
1464 5215 1572 5254 non
1609 5201 1765 5271 longe
1788 5216 1816 5253 a
1839 5197 2005 5270 scapo

409 5267 498 5323 hic
529 5269 763 5342 aberrat.
797 5270 1231 5342 Argonautarum
1262 5270 1403 5324 enim
1452 5267 1725 5342 expeditio
1754 5267 2002 5342 suscepta

408 5348 494 5412 est
520 5341 676 5412 anuis
706 5342 974 5410 octoginta
1019 5341 1190 5395 tribus
1217 5351 1344 5396 ante
1390 5341 1632 5397 eversam
1676 5342 1893 5412 Trojam
1916 5341 1943 5400 γε
1971 5360 2002 5400 a

409 5410 568 5485 Troja
596 5420 749 5476 capta
774 5412 839 5485 ad
862 5412 1089 5485 primam
1117 5411 1489 5485 Ulympiadem
1515 5410 1854 5485 intercedunt
1874 5416 2002 5470 anni

409 5482 790 5553 quadringenti
846 5484 1058 5551 triginta
1092 5482 1221 5551 tres,
1269 5482 1296 5535 ει
1329 5487 1498 5552 prima
1531 5499 1659 5539 vero
1685 5484 2004 5554 Olympiade

407 5554 474 5608 ad
536 5564 746 5623 tempus
810 5569 920 5624 quo
966 5555 1177 5622 scripsit
1233 5555 1575 5620 Laclantius,
1623 5566 2004 5624 computantur

582 5641 644 5679 ac
671 5624 905 5681 sedecim
946 5626 1106 5689 alllll;
1134 5641 1252 5695 quae
1291 5629 1471 5683 omnia
1513 5628 1806 5684 conficiunt
1829 5643 2002 5686 annos

481 5769 755 5824 Alcmenae.
786 5767 843 5823 In
872 5782 972 5823 ms.
1000 5768 1296 5823 Alcimente.

487 5840 714 5894 (lenitus.
763 5839 860 5894 llic
901 5840 1042 5896 etin
1081 5840 1201 5896 aliis
1246 5839 1511 5898 Lactantii
1548 5842 1703 5900 libris
1731 5847 2005 5915 agiturde

2110 4415 2345 4472 Hercule
2373 4415 2710 4475 Graecorum,
2744 4412 2811 4467 de
2835 4425 2944 4482 quo
2971 4409 3092 4464 vide
3138 4407 3536 4465 annotationem
3576 4422 3682 4464 nos-

2114 4496 2252 4543 tram
2281 4487 2348 4542 ad
2378 4496 2540 4557 caput
2564 4485 2597 4542 9
2645 4484 2769 4540 libri
2797 4485 2977 4557 primi.

2189 4550 2474 4630 Megarani.
2503 4556 2634 4612 Eam
2665 4570 2769 4611 non
2795 4550 3169 4610 nominaverat
3194 4551 3506 4607 Lactantius
3532 4550 3681 4624 cap.9

2114 4629 2362 4767 “bi/inc,
2393 4708 2500 4757 etc.
2527 4699 2655 4756 Htec
2674 4715 2784 4755 non
2812 4704 3186 4770 expresserat,
3206 4694 3516 4753 Lactantius
3544 4695 3627 4753 lib.
3649 4709 3680 4760 l,

2109 4773 2384 4916 “liticine.
2415 4843 2746 4915 Legendum,
2776 4843 2827 4897 in
2857 4858 3030 4913 eoque.

2184 4937 2381 4996 Cicero.
2411 4939 2525 4995 Cic.
2557 4938 2625 4994 de
2651 4938 2850 4993 Natura
2883 4937 3106 4992 deorum
3132 4936 3229 4993 lib.
3254 4952 3338 5004 tu,
3368 4950 3487 5006 cap.
3512 4934 3596 4988 22.

2189 5031 2416 5087 Gemitus
2456 5048 2574 5087 suos
2605 5031 2865 5100 inscripsit
2896 5030 2948 5084 in
2994 5031 3140 5100 ﬂore.
3176 5029 3425 5085 Imitatur
3465 5025 3681 5082 Ovidium

2111 5103 2350 5172 Metam.,
2383 5120 2438 5169 κ,
2461 5105 2568 5159 ⁸215
2599 5122 2611 5156 ;

2300 5214 2414 5276 Ipse
2434 5227 2552 5263 suos
2574 5215 2792 5276 gemitus
2815 5211 2944 5262 foliis
2967 5211 3214 5274 inscribit,
3245 5217 3299 5262 et
3318 5211 3380 5262 Ai
3403 5211 3464 5259 Ai

2339 5277 2414 5328 los
2437 5277 2590 5327 habet
2616 5277 2922 5340 inscriptum.

2180 5397 2479 5452 Ariadnetn.
2503 5396 2559 5451 In
2589 5411 2690 5449 ms.
2717 5395 2983 5449 Arianam.

2183 5467 2352 5522 Mater
2392 5470 2526 5537 ipsa,
2589 5477 2694 5522 etc.
2743 5467 2798 5522 Id
2827 5478 2909 5519 ost
2959 5475 3133 5537 mater
3163 5463 3414 5526 deorum,
3461 5473 3575 5537 qua}
3620 5467 3684 5512 est

2109 5539 2282 5606 Rhea,
2313 5540 2395 5594 vel
2416 5529 2528 5592 alio
2559 5541 2777 5593 nomine
2803 5537 3054 5608 Cybeles.
3087 5536 3212 5590 H:ee
3243 5549 3417 5608 usque
3456 5529 3522 5584 ad
3549 5529 3678 5584 ﬁnem

2109 5604 2304 5682 capitis
2329 5609 2638 5664 referuntur
2665 5610 2731 5663 ad
2757 5604 2912 5678 caput
2939 5609 3002 5663 21
3041 5608 3160 5662 libri
3186 5604 3370 5675 primi.

2180 5703 2585 5758 Adolescentem.
2629 5700 2684 5756 In
2719 5715 2820 5755 ms.
2876 5700 3275 5762 adulescentem,
3321 5706 3474 5748 more
3519 5691 3678 5762 usitato

2108 5775 2163 5831 in
2189 5775 2422 5845 antiquis
2455 5788 2587 5828 mss.
2615 5773 2713 5830 llic
2752 5772 2848 5829 fuit
2875 5774 3014 5827 Attis
3042 5771 3111 5828 de
3159 5783 3268 5840 quo
3310 5764 3440 5822 vide
3481 5774 3584 5821 not.
3625 5761 3675 5814 ad

2105 5862 2226 5920 pag.
2257 5845 2349 5913 95,
2378 5855 2506 5900 tom.
2540 5861 2576 5899 ι.
