3816 6264
85 327 212 384 1025

1057 327 1354 390 ΕΡΙΤΟΜΕ
1397 322 1773 385 DIVINARUM
1812 323 2363 386 INSTITUTIONUM.

3230 332 3368 389 1026

82 459 188 500 rum
221 450 274 497 et
304 441 576 497 hominum
607 442 916 499 libidinibus
945 445 1184 516 exposita
1208 489 1221 509 ,
1253 462 1373 501 eum
1409 453 1660 516 regnaret
1687 451 1738 509 Α
1764 444 1866 500 hoc
1891 449 2190 515 poeticum,
2218 447 2296 501 sic
2337 446 2575 517 ﬁngere,
2623 453 2678 501 ut
2723 455 2894 503 totum
2943 449 3235 518 mentiare,
3270 452 3366 507 sed

82 538 128 592 in
159 534 361 607 Cypro,
393 544 562 590 artem
603 537 962 592 meretriciam
993 539 1189 608 reperit
1211 581 1224 603 ,
1255 555 1318 594 ac
1345 539 1660 594 mulieribus

80 627 385 698 imperavit,
417 638 471 682 ut
497 638 761 698 quaestum
795 629 1034 686 facerent
1059 673 1071 694 ,
1106 647 1175 688 ne
1205 633 1316 687 sola
1349 640 1494 687 esset
1525 631 1658 685 infa-

81 719 192 774 mis.
249 717 382 786 Ipsae
442 717 548 773 illa:
600 721 836 791 virgines
884 718 1122 778 Minerva
1173 732 1227 779 et
1276 723 1474 788 Diana,
1528 738 1657 777 nunt

79 812 266 869 castae?
307 811 460 868 Unde
487 812 649 882 igitur
678 814 944 884 prosilivit
972 814 1390 872 Erichthonius?
1419 815 1555 870 Num
1603 815 1656 868 in

77 918 266 964 terram
303 904 573 962 Vulcanus
603 922 789 963 semen
813 906 1033 971 eﬁ'ndit,
1067 919 1119 964 et
1152 908 1277 964 inde
1323 909 1484 963 homo
1535 918 1654 961 tan-

75 1016 223 1073 quam
253 1000 446 1071 fungus
483 1010 674 1057 enatus
703 1003 830 1058 est?
861 1003 968 1057 Aut
1011 1002 1099 1057 illa
1140 1017 1240 1058 cur
1269 1001 1614 1073 llippolytum
1636 1040 1651 1066 ,

75 1096 148 1151 vel
189 1094 252 1149 ad
283 1106 522 1150 secretas
567 1095 756 1160 sedes,
789 1095 874 1150 vel
919 1093 987 1150 ad
1036 1095 1313 1151 mulierem
1359 1094 1652 1164 relegavit,

74 1187 154 1244 ubi
184 1185 327 1241 solus
354 1187 494 1241 inter
520 1187 698 1258 ignota
726 1202 947 1242 nemora
972 1195 1182 1242 aetatem
1211 1197 1395 1258 ageret
1415 1228 1430 1253 ,
1461 1195 1515 1241 ct
1539 1185 1651 1256 jam

71 1289 266 1337 mutato
291 1281 534 1348 nomine,
559 1281 774 1338 Virbius
795 1283 1119 1338 vocaretur?
1143 1282 1281 1352 Quid
1311 1285 1424 1337 hzec
1449 1282 1654 1352 signiﬁ-

71 1382 201 1443 cant,
223 1373 328 1430 nisi
348 1374 634 1445 incestutn,
659 1375 801 1446 quod
828 1384 1000 1447 poeta:
1022 1393 1128 1432 non
1149 1375 1351 1433 audent
1371 1376 1652 1432 conﬁteri?

691 1489 918 1547 CAPUT
962 1490 1028 1544 X.

532 1583 664 1648 (Div.
691 1581 808 1634 Inst.
836 1582 921 1632 lib.
950 1596 986 1645 I,
1011 1596 1055 1632 c.
1085 1583 1184 1646 11.)

375 1671 458 1726 De
485 1670 612 1726 Jove
629 1713 644 1738 ,
671 1687 732 1725 ac
757 1671 867 1741 ejus
893 1670 994 1724 vita
1020 1669 1311 1726 libidinosa.

118 1790 327 1845 Horum
363 1799 543 1843 antem
575 1786 816 1841 omnium
844 1801 938 1840 rex
970 1793 1022 1840 et
1045 1793 1196 1856 pater
1226 1783 1458 1854 Jupiter,
1485 1798 1644 1855 quem

62 1898 235 1940 tenere
277 1883 331 1936 in
378 1883 516 1937 caelo
561 1895 824 1936 summam
852 1882 1078 1935 credunt
1124 1888 1474 1948 potestatem,
1519 1878 1644 1950 quid
1679 1845 1726 1905 B

64 1974 235 2032 habuit
263 1972 576 2044 potestatis,
609 1975 700 2043 qui
729 1973 1021 2026 Saturnum
1051 1980 1257 2041 patrem
1291 1986 1455 2041 regno
1479 1987 1646 2040 expu-

66 2069 147 2136 lit,
178 2076 230 2122 et
281 2066 448 2120 armis
480 2064 766 2134 fugientem
797 2073 1110 2133 persecutus
1146 2063 1268 2118 est?
1312 2061 1439 2132 quid
1467 2063 1642 2118 conti-

67 2159 247 2217 tientia:
268 2200 284 2226 ,
317 2157 407 2228 qui
439 2158 617 2212 omnia
657 2157 934 2212 libidinum
969 2171 1166 2226 genera
1198 2157 1475 2211 exercuit?
1511 2156 1642 2210 Nam

67 2255 190 2310 idem
206 2252 518 2308 Alcmenam
543 2250 867 2320 Laadamque
888 2249 1113 2304 summis
1128 2249 1256 2303 viris
1271 2257 1466 2318 nuptas
1491 2247 1643 2302 adul-

68 2349 186 2404 terio
215 2345 338 2402 fecit
367 2343 595 2401 infames
619 2360 634 2411 ;
669 2343 808 2400 idem
840 2341 1235 2414 pulchritudine
1259 2342 1405 2412 pueri
1432 2353 1640 2412 captus,

66 2450 332 2498 venantem
360 2453 424 2493 ac
454 2437 628 2492 virilia
673 2437 1022 2494 meditantem
1069 2436 1137 2492 ad
1184 2436 1470 2493 ftemineos
1514 2450 1644 2490 usus

69 2533 316 2590 violenter
344 2531 602 2602 abripuit.
633 2530 772 2598 Quid
805 2531 1067 2601 virginum
1100 2539 1284 2600 stupra
1315 2544 1644 2584 commemo-

67 2645 200 2694 rem,
231 2642 458 2698 quarum
488 2624 773 2681 multitudo
819 2633 1014 2690 quanta
1049 2624 1247 2691 fuerit,
1282 2624 1512 2679 ﬁliorum
1540 2639 1641 2678 nn-

68 2734 231 2777 merus
257 2717 538 2774 ostendit?
567 2717 623 2773 In
653 2733 755 2772 una
790 2727 968 2772 tamen
1009 2715 1240 2772 Thetide
1286 2716 1644 2772 abstinentior

68 2814 168 2869 fuit.
197 2812 320 2866 Erat
346 2811 492 2866 enim
539 2810 855 2882 prtedictum
875 2852 889 2877 ,
933 2809 1074 2879 quod
1107 2811 1150 2864 is
1174 2850 1189 2876 ,
1219 2824 1378 2880 quem
1411 2807 1643 2880 paritura

69 2912 197 2960 esset
220 2944 234 2970 ,
266 2903 443 2972 major
472 2912 624 2974 patre
650 2917 750 2958 suo
792 2902 1004 2957 futurus
1030 2910 1197 2958 esset.
1231 2901 1490 2972 Pugnavit
1515 2917 1644 2974 ergo

67 3012 171 3053 cum
213 3012 432 3061 amore,
465 3013 532 3052 ne
562 2997 682 3068 quis
728 3012 787 3052 se
836 2998 1008 3066 major
1054 3005 1386 3052 nasceretur.
1428 2996 1645 3053 Sciebat

69 3107 212 3162 ergo,
254 3106 312 3147 se
340 3105 450 3146 non
497 3105 617 3146 esse
646 3090 896 3159 perfecta-3
929 3089 1171 3156 virtutis,
1219 3089 1600 3161 magnitudinis
1625 3131 1640 3156 ,

71 3183 324 3252 potestatis
345 3224 359 3248 ,
393 3183 516 3253 qui,
549 3181 694 3252 quod
727 3181 841 3252 ipse
872 3180 1014 3236 Patri
1041 3179 1280 3248 fecerat,
1317 3181 1512 3236 timuit.
1536 3181 1644 3238 Cur

69 3276 209 3346 igitur
235 3277 504 3332 maximus
525 3317 539 3342 ,
571 3275 807 3344 Optimus
831 3276 1154 3341 nominatur,
1187 3291 1308 3331 cum
1339 3292 1396 3332 se
1426 3285 1481 3332 et
1513 3291 1641 3348 pec-

69 3369 187 3425 catis
211 3369 696 3435 contaminaverit,
747 3367 888 3440 quod
935 3376 1018 3425 est
1066 3368 1250 3438 injusti
1293 3384 1357 3424 ac
1401 3371 1560 3436 mali,
1590 3378 1645 3426 et

69 3460 306 3531 majorem
337 3462 614 3528 timuerit,
643 3459 784 3532 quod
816 3468 900 3515 est
925 3460 1206 3516 imbecillis
1231 3476 1295 3516 ac
1326 3462 1572 3517 minoris.

658 3577 886 3635 CAPUT
927 3577 1016 3632 XI.

519 3672 654 3734 (Div.
681 3671 804 3724 Inst.
832 3671 915 3723 lib.
944 3685 978 3731 t,
1001 3685 1046 3722 c.
1078 3669 1177 3733 ll.)

77 3752 212 3811 Varia
255 3756 596 3823 emblemata,
625 3756 809 3827 quibus
854 3755 1001 3811 Jovis
1040 3755 1381 3825 turpitudines
1416 3756 1648 3812 velarunt

748 3859 927 3921 poetae.

131 3963 228 4020 Sed
255 3963 399 4022 dicet
426 3965 618 4035 aliquis
640 4007 656 4032 ,
684 3963 802 4019 ﬁcta
827 3963 942 4019 haec
972 3976 1093 4019 esse
1119 3976 1147 4017 a
1187 3961 1380 4034 poetis.
1423 3960 1540 4017 Non
1567 3971 1649 4017 est

1763 552 1827 592 ea
1847 579 1862 604 ,
1895 554 2016 607 qua:
2039 547 2189 608 gesta
2219 546 2345 592 sunt
2365 577 2380 603 ,
2415 536 2579 609 ﬁgura
2603 580 2618 606 ,
2649 547 2704 592 et
2749 538 2903 609 quasi
2949 539 3216 594 velamine
3263 542 3364 596 ali-

1761 645 1869 701 quo
1898 630 2226 686 versicolore
2253 641 2540 701 prmtexas.
2577 630 2727 684 Hunc
2757 629 2920 684 habet
2947 633 3158 702 poetica
3188 629 3360 688 licen-

1764 721 1834 774 tia
1863 719 2082 775 modum
2112 761 2125 784 ,
2158 738 2266 776 non
2298 732 2357 776 ut
2404 730 2572 776 totum
2613 720 2812 792 ﬁngat,
2845 722 2988 793 quod
3017 733 3100 778 est
3143 723 3365 779 menda-

1760 813 1839 869 cis
1867 825 1921 869 et
1953 815 2152 885 inepti,
2185 815 2278 870 sed
2311 824 2367 870 ut
2397 815 2596 886 aliquid
2627 831 2748 870 cum
2794 814 3001 872 ratione
3043 826 3360 874 commutet.

1759 905 1815 959 In
1845 905 2072 961 imbrem
2106 921 2167 962 se
2197 921 2419 962 aureum
2455 907 2683 962 vertisse
2731 906 2983 963 dixerunt
3027 906 3251 975 Jovem,
3305 919 3364 966 ut

1762 997 1977 1054 Danaen
2011 998 2238 1054 falleret.
2271 1000 2401 1068 Quis
2430 1009 2516 1056 est
2544 1000 2717 1056 imber
2742 999 2976 1055 aureus?
3001 999 3192 1071 Utique
3211 1003 3360 1058 aurei

1759 1091 1994 1157 nummi,
2028 1106 2259 1161 quorum
2291 1107 2538 1162 magnam
2565 1091 2774 1162 copiam
2805 1090 3068 1159 offerens,
3101 1101 3160 1148 et
3198 1093 3251 1149 in
3281 1095 3354 1150 si-

1757 1198 1884 1238 num
1937 1183 2267 1253 infundens,
2322 1185 2666 1254 fragilitatem
2728 1185 3004 1255 virginalis
3046 1187 3209 1242 animi
3258 1186 3360 1243 hac

1757 1275 2008 1330 mercede
2036 1277 2299 1346 corrupit.
2347 1275 2440 1332 Sic
2479 1284 2535 1332 et
2584 1275 2815 1332 imbrem
2848 1275 3082 1332 ferreum
3128 1276 3352 1347 dicunt,

1755 1384 1876 1424 cum
1903 1370 2090 1426 volunt
2117 1371 2513 1428 multitudinem
2559 1372 2864 1442 signiﬁcare
2898 1372 3152 1427 telorum.
3187 1371 3350 1429 Cata-

1754 1461 1942 1517 mitum
1974 1463 2027 1518 in
2052 1464 2227 1534 aquila
2255 1463 2450 1533 rapuit.
2480 1464 2610 1531 Quae
2648 1472 2734 1518 est
2761 1462 2975 1534 aquila?
3007 1464 3170 1534 Legio
3198 1463 3345 1520 scili-

1753 1562 1870 1621 cet,
1899 1555 2152 1624 quoniam
2182 1557 2346 1626 figura
2375 1554 2538 1625 hujus
2564 1555 2816 1611 animalis
2860 1556 3074 1627 insigne
3121 1557 3352 1628 legionis

1753 1652 1856 1699 est.
1891 1646 2159 1717 Europam
2183 1647 2477 1702 transvexit
2507 1647 2557 1702 in
2610 1656 2784 1701 tauro.
2817 1647 2949 1713 Quis
2993 1656 3077 1704 cst
3121 1650 3354 1704 taurus?

1754 1737 1950 1809 Utique
1981 1741 2163 1806 navis,
2193 1757 2313 1811 qua:
2341 1741 2558 1796 tutelam
2613 1740 2803 1796 habuit
2837 1744 2974 1798 tauri
3003 1743 3186 1812 specie
3218 1744 3355 1814 ligu-

1753 1839 1943 1885 ratam.
1974 1831 2064 1887 Sic
2091 1831 2271 1887 Inachi
2304 1832 2408 1888 ﬁlia
2437 1873 2451 1899 ,
2484 1847 2591 1888 non
2620 1833 2803 1903 utique
2849 1833 2946 1889 bos
2987 1832 3126 1889 facta
3175 1845 3352 1890 trans-

1751 1923 1894 1978 navit
1925 1941 1937 1978 :
1968 1925 2061 1979 sed
2102 1924 2367 1994 ejusmodi
2415 1926 2625 1996 navigio
2674 1927 2808 1981 iram
2856 1925 3086 1981 Junonis
3129 1927 3346 1997 eﬁugit,

1749 2015 1891 2085 quod
1922 2015 2153 2072 habebat
2183 2017 2337 2074 bovis
2366 2017 2614 2074 formam.
2652 2019 2893 2090 Denique
2913 2034 3035 2076 cum
3063 2019 3118 2075 in
3151 2019 3354 2092 Egyp-

1751 2117 1860 2162 tnm
1924 2108 2099 2164 delata
2156 2120 2336 2175 esset,
2409 2111 2505 2167 lsis
2577 2123 2663 2170 est
2729 2113 2864 2169 facta
2901 2155 2914 2180 ,
2993 2115 3147 2184 cujus
3201 2117 3353 2172 navi-

1747 2199 1892 2269 gium
1942 2209 2092 2257 certo
2131 2202 2366 2273 quodam
2418 2203 2506 2260 die
2557 2205 2610 2259 in
2660 2207 2978 2263 memoriam
3030 2206 3168 2278 fugze
3219 2209 3355 2265 cele-

1747 2291 1955 2348 bratur.

2359 2427 2590 2485 CAPUT
2631 2430 2749 2486 XII.

1785 2563 1962 2622 Poeta:
1978 2583 2056 2632 ea,
2086 2583 2202 2638 qua:
2226 2567 2295 2621 ad
2322 2567 2444 2623 deos
2473 2578 2725 2639 spectant,
2758 2587 2860 2625 non
2891 2572 3063 2626 omnia
3093 2573 3313 2646 ﬁngunt.

1822 2743 1987 2800 Vides
2016 2757 2168 2814 ergo,
2198 2758 2303 2798 non
2323 2745 2502 2800 omnia
2515 2753 2722 2821 ‘poetas
2751 2747 3094 2817 conﬁnxisse,
3130 2759 3185 2806 et
3213 2767 3352 2822 qua:-

1745 2835 1868 2892 dam
1901 2838 2291 2906 praefigurasse,
2325 2849 2381 2891 ut
2401 2852 2521 2892 cum
2547 2853 2672 2892 vera
2717 2838 2981 2906 dicerent,
3007 2839 3208 2912 aliquid
3240 2842 3345 2899 tale

1748 2928 1982 2985 numinis
2010 2926 2271 2983 adderent
2305 2929 2369 2982 iis
2419 2944 2555 2999 quos
2581 2928 2716 2985 deos
2742 2945 2861 2985 esse
2891 2931 3181 2998 dicebant;
3215 2935 3353 2990 sicut

1745 3027 1905 3082 etiam
1932 3027 1998 3083 de
2026 3031 2226 3098 regnis.
2255 3026 2393 3083 Cum
2421 3029 2564 3084 etiim
2610 3029 2795 3084 dicunt
2833 3028 3021 3085 Jovem
3066 3031 3201 3087 (ΣωΙί
3231 3047 3355 3102 reg-

1748 3135 1874 3174 num
1906 3130 2053 3176 sorte
2083 3120 2344 3185 tenuisse,
2390 3129 2483 3175 aut
2523 3120 2809 3192 Olympum
2861 3133 3100 3178 montem
3143 3123 3352 3194 signiﬁ-

1669 3235 1714 3298 ρ
1747 3222 1890 3277 cant,
1923 3214 1976 3268 in
2007 3229 2114 3284 qtto
2140 3213 2454 3280 Saturnum,
2486 3221 2541 3268 et
2579 3212 2766 3268 Jovem
2813 3214 3158 3285 postmodum
3201 3213 3354 3271 habi—

1752 3314 1897 3362 tassc
1924 3316 2133 3361 veteres
2161 3305 2399 3361 historia:
2431 3306 2684 3376 produnt,
2730 3317 2822 3361 aut
2855 3317 3060 3378 partem
3089 3307 3350 3376 Orientis,

1749 3415 1870 3470 qua:
1898 3399 1968 3454 sit
1992 3398 2144 3470 quasi
2175 3399 2443 3468 superior,
2475 3398 2618 3470 quod
2652 3399 2777 3455 inde
2807 3401 2897 3455 lux
2939 3402 3212 3466 nascitur;
3248 3402 3354 3458 0c-

1749 3490 1979 3548 cidcntis
2020 3503 2201 3546 autem
2227 3489 2374 3546 velut
2417 3489 2662 3557 inferior,
2708 3503 2761 3546 ct
2792 3491 2914 3546 ideo
2956 3491 3240 3548 PlutOnetn
3271 3492 3356 3548 in-

1749 3587 1896 3642 feros
1940 3601 2059 3642 esse
2097 3586 2380 3650 sortitum;
2433 3600 2580 3640 mare
2613 3600 2742 3640 vero
2787 3585 3019 3642 cessisse
3070 3585 3351 3657 Neptuno,

1749 3679 1891 3750 quod
1931 3693 2080 3733 oram
2125 3676 2444 3733 maritimam
2495 3692 2618 3732 cum
2676 3677 2926 3732 omnibus
2977 3679 3166 3732 insulis
3213 3679 3354 3735 obti-

1751 3773 1948 3828 nuerit.
1982 3771 2144 3828 Multa
2175 3774 2253 3826 sic
2281 3778 2452 3842 poetae
2483 3770 2759 3836 colorant;
2787 3770 2931 3842 quod
2960 3771 3051 3842 qui
3079 3773 3350 3841 nesciunt,

1753 3873 2006 3937 tanquam
2054 3863 2343 3920 mendaces
2391 3878 2489 3919 eos
2539 3871 2806 3933 arguunt,
2851 3864 3018 3919 verbo
3065 3863 3351 3921 duntixat.

1753 3958 1887 4015 Nam
1917 3975 1975 4015 re
2001 3957 2216 4030 quidem
2237 3956 2500 4024 credunt;
2533 3957 2786 4028 quoniam
2817 3957 3044 4014 deorum
3070 3959 3354 4016 simulacra

1385 4075 1744 4134 VARIORUM
1783 4073 2019 4132 ΝΟΤΕ.

135 4191 399 4264 Regnaret.
435 4193 491 4248 In
524 4209 624 4248 ms.
657 4203 852 4263 regnat.
904 4191 1010 4248 Sed
1031 4263 1034 4264 ν
1057 4190 1342 4262 legendum
1376 4199 1644 4262 regnaret,

75 4271 123 4315 ut
148 4263 410 4334 conjicere
442 4266 570 4320 licet
595 4281 660 4320 ex
686 4267 859 4334 capite
887 4265 954 4318 l7
987 4263 1106 4317 libri
1141 4265 1190 4316 l.

75 4333 330 4459 l_bS.emen.
378 4336 498 4392 Non
529 4333 904 4400 extatin’msq
934 4334 1029 4390 sed
1059 4335 1255 4404 legitur
1285 4333 1336 4388 in
1369 4333 1548 4404 capite
1581 4333 1645 4387 l7

94 4421 104 4456 l
140 4421 180 4459 τι
206 4423 241 4459 ι.

94 4421 180 4459 lDl'l
206 4423 241 4460 Ι.

137 4475 403 4548 "elegavit.
469 4479 543 4534 lta
607 4477 890 4547 legendum
941 4475 1218 4548 profecto,
1271 4492 1376 4530 non
1419 4474 1644 4548 quidem

73 4558 128 4620 ex
168 4545 290 4620 mss.
315 4551 401 4607 ubi
425 4559 512 4605 est
536 4545 788 4620 religavit.
823 4545 1007 4620 verum
1036 4564 1099 4601 ex
1125 4547 1232 4602 fine
1255 4547 1475 4620 cap._l7_
1506 4545 1647 4620 lib.it_

75 4615 177 4689 Div.
217 4619 472 4688 Institut.,
506 4621 594 4676 ubi
620 4615 810 4689 legitur
843 4637 855 4672 :
891 4619 1031 4686 Quid
1058 4630 1260 4672 secreta:
1304 4615 1480 4672 sedes?
1525 4616 1648 4686 quid

74 4688 294 4761 relegatio
316 4692 395 4746 uel
426 4703 528 4745 tam
557 4688 739 4761 lange,
773 4692 848 4761 vel
869 4691 937 4742 ad
963 4691 1258 4754 mulierem,
1289 4689 1366 4743 vel
1387 4689 1649 4761 ingsolitu-

76 4757 264 4832 dinem?
289 4763 375 4818 Sic
419 4775 475 4820 et
507 4757 753 4832 Virgilius
798 4760 1015 4817 ASneid.
1047 4775 1152 4825 vn,
1193 4774 1335 4817 vers.
1387 4757 1527 4824 775,
1577 4759 1647 4815 dc

75 4830 246 4886 codem
276 4833 562 4907 Hippolyto
588 4830 720 4890 dicit
749 4851 760 4886 :

425 4949 486 5001 El
505 4948 727 5012 nympha;
742 4945 939 5012 Egeriae
962 4945 1253 5012 nemorique
1277 4943 1490 5008 relegat,

303 5011 449 5062 Solus
471 5007 556 5060 ubi
577 5007 631 5059 in
649 5007 954 5072 sylvis'ltalis
976 5007 1379 5072 ignobilistevnm

309 5073 569 5138 Exigcrct,
595 5069 842 5135 versoque
864 5071 950 5120 ubi
976 5069 1170 5120 nomine
1189 5069 1386 5119 Virbius
1409 5072 1561 5118 esset.

142 5175 360 5253 £latem
383 5190 572 5253 ageret.
601 5178 773 5235 Habet
788 5177 1026 5253 Bunem.
1063 5191 1165 5228 :—-
1201 5195 1218 5226 ι
1250 5173 1493 5253 Exigeret
1523 5181 1650 5227 wta-

78 5252 186 5300 tein.
218 5249 383 5306 Paris.
412 5247 467 5307 et
495 5250 707 5306 Walch.
735 5250 1022 5309 editiones.
1055 5257 1224 5317 ageret
1254 5265 1271 5299 :
1301 5247 1395 5300 sed
1427 5261 1490 5300 ex
1533 5259 1649 5298 ma-

78 5319 334 5388 {inscripto
361 5323 572 5387 damus,
595 5331 816 5376 auctore
839 5319 1050 5383 Pfaflio,
1075 5320 1312 5388 exigeret,
1342 5329 1399 5370 ut
1423 5317 1556 5388 dixit
1583 5330 1650 5369 ex

81 5383 289 5458 Virgilio
317 5392 386 5450 de
415 5383 610 5450 eodem
638 5391 928 5462 Hippolyto
947 5389 1094 5444 Lact.
1124 5383 1218 5444 lib.
1247 5405 1285 5454 ι,
1317 5403 1437 5458 cap.
1472 5387 1536 5440 17
1563 5403 1578 5438 :

560 5497 706 5550 Solus
728 5497 812 5548 ubi
839 5493 1070 5557 ignobilis
1094 5504 1248 5542 aevum

341 5561 614 5627 Exigeret;

79 5639 232 5717 atque
277 5659 435 5703 nemo
478 5647 648 5704 nescit
679 5643 918 5701 Terentii
967 5639 1344 5717 et__(3i_cet'oi_tis
1389 5634 1648 5717 phrasim,

79 5708 264 5778 ςεϊὶςενε
308 5727 528 5773 (etatem.
573 5717 770 5773 Eadem
821 5729 950 5770 usus
998 5713 1200 5768 Plinius
1249 5711 1344 5764 lih.
1392 5724 1465 5762 vn
1514 5707 1649 5761 llist.

79 5771 189 5860 Ψί-
209 5821 221 5844 ν
245 5799 361 5855 Cap.
392 5771 464 5845 b3
493 5771 610 5846 {In
630 5788 815 5860 quibus
844 5783 1128 5856 qutei'endis
1159 5781 1414 5853 sapientes
1455 5787 1650 5834 (etatem

79 5857 340 5921 exigerent.
377 5878 398 5915 ο

1824 4190 2122 4247 Potestatis.
2156 4189 2313 4259 Apud
2359 4189 2655 4245 Buneman.
2689 4203 2818 4245 vero
2865 4190 3078 4263 legitur,
3111 4193 3316 4263 pietatis
3337 4237 3352 4259 ,

1751 4273 1806 4320 et
1836 4265 1887 4318 in
1921 4263 2058 4317 hanc
2103 4277 2291 4317 vocem
2340 4273 2520 4316 notam
2549 4271 2863 4330 sequentem
2895 4262 3212 4319 exhibet.-—-
3235 4265 3356 4322 Pie-

1753 4336 1889 4390 tatis.
1924 4334 2000 4389 Ita
2030 4344 2209 4389 certus
2236 4333 2450 4386 correxi
2478 4373 2491 4395 ,
2525 4332 2612 4385 nbt
2641 4333 2692 4386 in
2721 4332 2896 4388 Pfaflii
2927 4343 2982 4388 et
3007 4334 3215 4390 Walch.
3239 4338 3357 4392 edi-

1753 4407 1988 4461 tionihus
2015 4405 2280 4473 potestatis
2309 4415 2446 4458 erat.
2478 4403 2610 4457 Nam
2645 4404 2786 4457 libri.
2817 4419 2829 4457 ι
2861 4419 2980 4472 cap.
3029 4409 3050 4459 ι
3103 4423 3115 4458 :
3167 4405 3355 4462 Nonne

1754 4476 2013 4549 (Jupiter)
2057 4493 2089 4549 α
2135 4475 2302 4546 prima
2332 4490 2426 4527 sua
2458 4475 2694 4549 pueritia
2727 4475 2968 4549 impius,
2994 4491 3110 4549 eunt
3153 4487 3351 4546 patrem

1750 4545 1908 4620 regno
1933 4545 2170 4620 expulit,
2211 4555 2257 4600 et
2293 4545 2552 4620 fugauit?
2574 4545 2737 4598 Docui
2770 4545 3027 4620 Aet_alibi_
3049 4545 3354 4620 Itas_voces

1751 4614 1827 4675 in'
1855 4614 2133 4675 Lactantio
2181 4614 2460 4672 confundi.
2509 4615 2713 4669 Mecum
2764 4614 2964 4670 faciunt
3010 4617 3256 4674 Davisius
3298 4630 3353 4676 ct

1751 4691 2118 4747 IIeutnanuus.
2147 4687 2306 4744 Conf.
2335 4689 2399 4744 ad
2431 4686 2578 4758 Epit.
2607 4701 2657 4741 c.
2694 4684 2784 4740 69.
2817 4685 2950 4741 Bun.

1791 4775 1794 4778 ⁴
1827 4774 2114 4826 Almenam.
2151 4769 2221 4824 Ita
2251 4768 2414 4824 etiam
2445 4776 2529 4822 est
2553 4766 2606 4820 in
2639 4766 2879 4838 ms._Sed
2912 4767 3196 4838 legendum
3222 4771 3348 4824 Alc-

1752 4861 1984 4921 menam,
2016 4839 2426 4921 Amphitryonis
2457 4851 2700 4893 uxorem.
2732 4835 2874 4892 Leda
2904 4835 3031 4895 vero
3075 4841 3174 4896 fuit
3200 4841 3348 4913 'l‘yn-

1753 4916 1865 4971 dari
1899 4915 2144 4970 Laconia:
2177 4915 2319 4982 regis
2338 4925 2504 4982 tutor.

1825 4985 2057 5042 Thetide.
2097 4985 2153 5040 In
2194 4979 2298 5039 ms.
2334 4979 2542 5037 Thetide
2584 4996 2598 5034 :

1755 5061 1995 5114 nuensis.
3389 5096 3406 5108 ..

1825 5129 2106 5184 Imbecillis
2135 5145 2197 5183 ac
2236 5125 2469 5180 minoris.
2498 5123 2556 5180 ln
2589 5139 2690 5179 ms.
2725 5123 2995 5181 imbecillis
3023 5141 3054 5180 a
3093 5127 3348 5186 minoris:

1753 5201 1847 5257 sed
1879 5216 2086 5256 naevum
2119 5210 2219 5256 est.

1825 5274 2024 5328 Jovem.
2053 5271 2166 5326 Non
2195 5277 2343 5327 extat
2366 5268 2419 5324 in
2448 5284 2552 5324 ms.

1832 5345 1958 5413 Quis
1989 5353 2060 5398 est
2086 5353 2284 5396 taurus.
2322 5341 2447 5395 Haec
2467 5338 2818 5414 eaplicatiora
2846 5349 2972 5396 sunt
2999 5340 3054 5396 in
3078 5339 3347 5414 Epitomc,

1755 5411 1914 5485 quam
1949 5416 2000 5470 in
2030 5416 2148 5485 ipso
2175 5414 2276 5468 lib.‘
2299 5429 2314 5466 ι
2341 5454 2354 5476 ,
2382 5427 2433 5466 c.
2469 5411 2559 5485 II.

1825 5483 2166 5552 Conﬁnxisse.
2201 5485 2257 5540 lu
2289 5499 2388 5538 ms.
2421 5483 2712 5551 confixisse.

1826 5557 1896 5611 Et
1924 5558 2178 5628 quantum.
2214 5557 2354 5625 Lege
2381 5554 2470 5609 sed
2498 5556 2748 5618 quaedam.

1826 5625 2219 5699 Pt'te/ignrasse.
2239 5628 2294 5682 In
2310 5641 2410 5680 ms.
2427 5629 2834 5699 pra'fugnrasse:
2859 5625 2951 5682 sed
2975 5626 3224 5682 mendum
3249 5635 3324 5682 cst
3338 5664 3351 5682 .

1830 5697 2357 5756 TtilefHenmannus
2386 5706 2535 5768 putat
2565 5697 2849 5768 legendum
2875 5713 2996 5753 esse
3026 5709 3215 5752 tamen.

1832 5772 2138 5828 Obtinuerit.
2171 5771 2228 5825 In
2257 5787 2357 5840 mis.
2391 5769 2690 5840 optinuerit.

1833 5843 2026 5902 Poetaa.
2060 5841 2117 5900 In
2147 5855 2250 5899 ms.
2293 5837 2476 5911 Potae,
2508 5839 2726 5912 scriptio
2752 5837 3032 5897 mendosa.

2646 4978 2742 5036 sed
2786 4991 3024 5038 erratum
3076 4992 3162 5040 est
3205 4999 3353 5041 ama-
