3816 6264
384 285 523 347 1027

1707 277 1890 336 ΙιἪὶΙΙι
1930 271 2298 335 LACTANTII
2325 332 2333 339 .

3554 268 3694 328 1028

380 403 460 457 sic
486 400 711 471 ﬁngunt,
742 406 801 453 ut
826 411 949 452 cum
976 408 1155 451 mares
1181 408 1246 450 ac
1267 393 1513 451 heminas
1536 391 1822 461 faciant,et
1847 392 1982 448 alios
2008 399 2055 455 Α
2085 406 2207 447 cum
2234 390 2487 447 fratribus
2511 388 2626 444 suis
2652 387 2756 445 sibi
2784 385 3019 445 instituit
3046 394 3211 459 atque
3240 384 3474 458 paravit.
3516 404 3540 438 ο

381 495 670 563 conjogos,
728 490 864 544 alios
911 478 1195 559 parentes,
1244 486 1379 543 alios
1422 486 1622 542 liberos
1673 484 1975 552 fateantur,

385 585 554 656 poetis
586 583 767 651 utique
794 583 1100 637 assentinnt
1125 598 1138 634 :
1172 580 1286 635 haec
1310 578 1456 635 enim
1487 578 1603 635 sine
1628 577 1774 634 coitu
1803 590 1856 633 et
1885 592 1979 649 ge-

381 677 661 733 neratione
686 687 809 731 esse
835 689 943 730 non
983 684 1225 745 possunt.

970 781 1200 841 CAPUT
1238 780 1377 839 XIII.

808 888 941 961 (Lib.
965 892 1115 948 iDiv.
1141 890 1304 946 Iustlt.
1327 908 1433 959 cap.
1461 888 1567 957 11.)

523 1000 822 1073 Narrantur
844 1002 983 1073 facta
1003 1000 1147 1058 lovis
1173 1018 1235 1056 ex
1264 999 1554 1057 Euhemero
1584 999 1845 1056 historico.

453 1138 558 1196 Sed
588 1138 900 1195 omittamus
940 1153 1070 1194 sane
1108 1147 1315 1209 poetas.
1347 1137 1428 1194 Ad
1468 1136 1751 1192 historiam
1799 1135 1985 1193 venia-

384 1248 524 1298 mus,
566 1246 685 1301 quae
715 1232 875 1287 simul
907 1240 964 1287 et
991 1246 1171 1289 rerum
1204 1231 1328 1298 lide,
1373 1238 1428 1286 et
1468 1240 1767 1301 temporum
1798 1229 1987 1285 nititur

384 1334 672 1393 vetustate.
706 1323 1045 1380 Euhemerus
1076 1322 1175 1379 fuit
1216 1323 1535 1389 Messenios,
1577 1322 1986 1393 antiquissimus

384 1419 640 1489 scriptor,
671 1419 762 1489 qui
793 1418 858 1473 de
885 1418 1057 1473 sacris
1096 1417 1540 1489 inscriptionibus
1567 1426 1808 1472 veterum
1841 1424 1987 1472 tem-

384 1512 599 1583 plorum
635 1520 691 1567 et
736 1511 997 1581 originem
1028 1510 1199 1577 lovis,
1233 1521 1286 1566 et
1330 1525 1420 1567 res
1441 1520 1620 1581 gestas
1660 1523 1989 1579 omnemque

390 1602 701 1674 progeniem
732 1602 981 1672 collegit;
1028 1602 1156 1664 item
1184 1610 1504 1657 caeterornm
1535 1600 1760 1656 deorum
1790 1613 1988 1669 parcn-

389 1702 491 1761 tes,
531 1695 753 1766 patrias,
785 1703 959 1760 actus,
1012 1695 1258 1764 imperia,
1289 1694 1486 1763 obitus,
1534 1693 1780 1763 sepulcra
1824 1692 1988 1746 etiam

388 1794 702 1855 persecutus
733 1794 836 1840 est.
870 1784 1038 1852 Quam
1071 1784 1350 1839 historiam
1395 1785 1555 1839 vertit
1584 1784 1789 1839 Ennius
1819 1783 1872 1837 in
1904 1782 1986 1837 la-
2014 1801 2065 1861 Β

390 1877 580 1939 tinam,
608 1877 764 1947 cujus
793 1876 909 1931 lnrc
938 1876 1103 1931 verba
1128 1887 1251 1931 sunt
1279 1894 1291 1929 :
1332 1895 1350 1929 ι
1382 1876 1507 1932 llaec
1530 1885 1589 1930 ut
1610 1875 1810 1945 scripta
1838 1883 1983 1942 sunt,

385 1970 536 2025 Jovis
566 1970 904 2042 lratrumque
927 1971 1046 2042 ejus
1073 1970 1236 2041 stirps
1259 1979 1440 2041 atque,
1472 1969 1744 2040 cognatio,
1771 1969 1821 2023 in
1845 1967 1990 2022 hunc

387 2064 604 2118 modum
637 2064 787 2119 nobis
811 2079 841 2118 e
868 2079 1016 2117 sacra
1045 2062 1340 2131 scriptione
1371 2060 1622 2115 traditum
1653 2068 1755 2115 est.
1786 2077 1805 2112 ι
1845 2058 1988 2113 Idem

387 2155 548 2224 igitur
576 2154 916 2209 Euhemerus
945 2153 1138 2209 Jovem
1182 2153 1363 2218 tradit,
1411 2167 1532 2205 cum
1579 2151 1866 2222 quinquies
1894 2165 1988 2205 or-

392 2248 513 2301 bem
544 2247 954 2311 circumivisset,
988 2257 1041 2301 et
1065 2246 1253 2300 amicis
1275 2246 1387 2299 suis
1417 2255 1579 2314 atque
1604 2245 1847 2315 cognatis
1874 2244 1989 2299 dis-

392 2341 667 2395 tribuisset
720 2341 975 2411 imperia,
1028 2342 1279 2412 legesque
1332 2341 1668 2404 hominibus,
1716 2340 1992 2410 multaque

386 2433 488 2486 alia
535 2435 673 2487 bona
716 2432 952 2498 fecisset,
991 2432 1279 2487 irinum-tali
1310 2432 1479 2503 gloria
1510 2433 1878 2503 memoriaque
1906 2432 1990 2487 af-

385 2523 584 2580 fectum
617 2525 941 2595 sempiterna
964 2525 1016 2579 in
1039 2524 1199 2580 Creta
1228 2525 1388 2579 vitam
1416 2538 1798 2593 commutasse,
1829 2536 1991 2597 atque

394 2616 462 2671 ad
493 2618 624 2671 deos
650 2615 871 2683 abiisse,
898 2627 953 2671 et
982 2616 1287 2686 sepulcrum
1317 2619 1434 2687 ejus
1465 2633 1584 2674 esse
1627 2619 1679 2673 in
1710 2619 1890 2684 Creta,
1934 2618 1989 2674 in

385 2709 584 2780 oppido
622 2696 865 2776 Gnosso,
910 2719 964 2765 et
997 2711 1051 2765 in
1092 2725 1161 2765 eo
1201 2711 1458 2780 scriptum
1509 2713 1745 2783 antiquis
1798 2713 1989 2771 litteris

385 2799 595 2857 Graecis
623 2811 737 2858 ZAN
758 2812 1026 2869 KPONOI;
1058 2801 1202 2874 quod
1232 2811 1318 2859 est
1343 2801 1551 2873 Jupiter
1574 2804 1811 2860 Saturni.
1840 2803 1987 2860 Con-

385 2901 491 2948 stat
511 2908 643 2965 ergo
664 2911 729 2950 ex
763 2895 844 2957 iis.
886 2909 1007 2966 quae
1037 2892 1216 2963 retuli,
1264 2895 1538 2953 hominem
1580 2896 1766 2965 fuisse,
1794 2897 1849 2953 in
1879 2907 1989 2954 teras

388 2994 614 3052 ramque
644 2994 921 3053 regnasse.

977 3093 1204 3153 CAPUT
1242 3095 1385 3153 XIV.

514 3209 732 3266 Saturni
757 3217 806 3265 et
837 3206 1001 3265 Urani
1029 3220 1169 3282 gesta
1197 3225 1259 3266 ex
1290 3210 1547 3268 historicis
1570 3211 1859 3282 desumpta.

454 3341 819 3398 Transeamus
847 3342 915 3398 ad
960 3344 1262 3414 superiora,
1303 3354 1364 3400 ut
1403 3347 1667 3418 originem
1700 3350 1863 3406 totius
1887 3366 1978 3408 er-

380 3434 519 3488 roris
546 3435 1037 3503 deprehendamus.
1088 3437 1354 3492 Saturnus
1390 3437 1547 3495 Caelo
1591 3450 1648 3495 et
1674 3440 1840 3497 Terra
1870 3453 1980 3499 tra-

380 3525 527 3581 ditur
555 3536 730 3581 natus.
765 3526 877 3583 Hoc
918 3528 1100 3599 utique
1136 3528 1450 3586 incredibile
1474 3540 1576 3587 est.
1609 3530 1715 3589 Sed
1761 3549 1860 3590 cur
1902 3537 1977 3593 ita

380 3617 632 3681 traditur,
662 3620 802 3673 ratio
836 3630 985 3676 certa
1012 3631 1118 3688 est,
1146 3636 1303 3692 quam
1340 3624 1431 3693 qui
1456 3624 1687 3694 ignorat,
1721 3638 1978 3699 tanquam

374 3707 611 3764 fabulam
642 3711 870 3780 respuit.
905 3711 1124 3768 Saturni
1156 3713 1373 3770 Patrem
1419 3715 1653 3771 Uranum
1689 3717 1857 3775 fuisse
1884 3735 1976 3776 vo-

371 3804 618 3872 citatum,
648 3813 703 3861 et
732 3804 960 3862 Hermes
999 3819 1189 3864 auctor
1215 3815 1322 3875 est,
1350 3818 1405 3864 et
1445 3823 1598 3867 sacra
1631 3810 1854 3866 historia
1878 3811 1978 3869 do-

373 3908 480 3956 cet.
514 3897 899 3971 Trismegistus
930 3915 1128 3971 paucos
1157 3900 1450 3957 admodum
1484 3902 1648 3959 fuisse
1672 3919 1795 3961 cum
1823 3905 1974 3962 dice-

371 4002 453 4046 ret
498 3992 753 4062 perl‘ectte
792 3984 1057 4050 doctrina:
1099 3995 1282 4062 viros,
1329 3996 1382 4050 in
1438 3996 1501 4050 iis
1543 4007 1799 4067 cognatos
1848 4012 1976 4056 suos

369 4088 728 4154 enumeravit,
758 4087 1019 4152 Uranum,
1060 4086 1376 4154 Saturnum,
1406 4087 1755 4145 Mercurium.
1783 4086 1971 4147 Euhe-

373 4189 557 4230 merus
582 4176 835 4232 eumdem
865 4175 1105 4232 Uranum
1134 4178 1369 4248 primum
1401 4178 1455 4233 in
1486 4186 1684 4235 terram
1716 4195 1974 4252 regnasse

366 4279 755 4325 commemorat
802 4269 888 4324 his
931 4269 1147 4325 verbis:
1185 4288 1206 4325 ι
1249 4270 1405 4327 Initio
1457 4270 1660 4343 primus
1705 4274 1760 4329 in
1812 4278 1973 4334 terris

2080 503 2175 554 Hic
2197 506 2248 553 in
2269 502 2387 555 Cod.
2414 516 2508 553 ms.
2536 501 2677 565 plura
2698 500 2950 559 deﬁciunt,
2970 501 3072 550 duo
3092 507 3268 565 certe.
3290 506 3349 547 ut
3370 499 3615 565 arbitror,
3632 497 3699 548 io-

2142 566 2228 616 lia.
2252 566 2357 616 Nec
2380 579 2470 614 vox
2497 559 2686 625 paravit
2706 570 2806 615 tota
2830 570 2989 624 extat,
3011 564 3103 614 sed
3119 562 3279 614 solum
3295 575 3426 627 para
3445 562 3543 612 sub
3559 559 3699 611 ﬁnem

2149 629 2356 692 paginae.
2380 627 2653 691 Sequituri

2083 731 2370 859 HlOIDIthlam
2390 730 2612 814 stultam
2632 726 3070 788 beneVolentiam
3090 737 3146 788 et
3167 742 3421 786 erronem
3448 725 3701 784 divinitas

2083 816 2113 857 a
2142 812 2208 859 ιιί
2248 818 2279 858 u
2358 813 2428 859 sit
2444 843 2458 857 .

2081 812 2335 859 attributa
2358 812 2428 860 δη
2444 843 2458 857 .

2683 937 2913 996 CAPUT
2955 936 3075 993 XX.

2506 1053 2639 1115 (Lib.
2663 1069 2682 1105 ι
2703 1054 2815 1106 Div.
2839 1053 2998 1105 Instit.
3023 1066 3132 1118 cap.
3160 1053 3264 1116 11.)

2449 1158 2531 1215 De
2557 1160 2675 1217 Diis
2707 1161 3061 1218 Romanorum
3086 1162 3332 1233 propriis.

2164 1270 2282 1329 Dixi
2308 1273 2377 1330 de
2392 1276 2759 1344 reiigibuibus
2774 1319 2789 1345 ,
2812 1292 2934 1349 quae
2955 1287 3077 1333 sunt
3105 1290 3430 1333 communes
3450 1275 3697 1334 omnium

2088 1365 2345 1437 gentium.
2379 1366 2559 1423 Dicam
2588 1384 2729 1423 nunc
2758 1369 2827 1425 de
2872 1369 2977 1425 diis
3023 1364 3162 1441 quos
3187 1368 3418 1423 Romani
3452 1370 3697 1437 proprios

2090 1456 2311 1514 habent.
2355 1458 2594 1516 Faustuli
2643 1461 2929 1532 conjugem
2964 1459 3179 1516 Rornuli
3206 1461 3478 1531 Remique
3525 1461 3692 1514 nutri-

2090 1565 2231 1615 cem,
2281 1551 2432 1620 cujus
2472 1552 2661 1607 honori
2694 1552 3060 1609 Larentinalia
3106 1564 3234 1608 sunt
3262 1553 3465 1618 dicata,
3502 1552 3696 1621 vulgati

2090 1641 2258 1697 fuisse
2295 1645 2537 1713 corporis
2566 1645 2688 1715 quis
2733 1646 2983 1716 ignorat?
3024 1646 3093 1700 Et
3126 1646 3334 1700 idcirco
3368 1643 3526 1717 Lupa
3567 1662 3696 1699 nun-

2092 1746 2285 1805 cupata
2315 1746 2418 1805 est,
2443 1737 2567 1792 etin
2591 1737 2720 1793 fera:
2746 1739 2984 1810 speciem
3012 1740 3259 1809 ﬁgurata.
3289 1739 3455 1793 Faula
3484 1754 3695 1811 quoque

2092 1839 2144 1884 et
2174 1828 2333 1884 Flora
2381 1831 2697 1887 meretrices
2720 1842 2897 1899 erant,
2941 1847 3167 1901 quarum
3220 1832 3399 1886 altera
3445 1831 3686 1888 Herculis

2094 1921 2191 1976 fuit
2220 1931 2482 1989 scortum,
2510 1925 2884 1981 sicutVerrius
2912 1926 3091 1992 tradit;
3115 1926 3288 1980 altera
3314 1940 3439 1980 cum
3471 1941 3696 1995 magnas

2091 2030 2224 2086 Opes
2245 2032 2475 2089 c0rpore
2502 2020 2863 2088 quaesivisset,
2883 2020 3140 2090 pepqum
3164 2020 3384 2090 scripsit
3410 2020 3696 2085 heredem,

2092 2122 2144 2166 et
2177 2111 2297 2166 ideo
2323 2112 2375 2167 in
2408 2111 2676 2168 honorem
2707 2115 2823 2184 ejus
2849 2113 2962 2168 ludi
2990 2112 3225 2169 Floralia
3253 2113 3622 2170 celebrantur.

2166 2202 2351 2259 Tatius
2379 2204 2642 2260 muliebre
2670 2205 3018 2259 simulacrum
3058 2204 3111 2259 in
3138 2204 3325 2259 cloaca
3356 2203 3591 2258 maxima
3614 2218 3700 2259 re-

2094 2305 2305 2367 pertum
2335 2296 2714 2361 consecravit,
2738 2306 2794 2350 et
2820 2295 2977 2352 deam
3007 2296 3321 2351 Cloacinam
3358 2298 3694 2366 nuncuparit.

2095 2388 2315 2443 Obsessi
2342 2403 2372 2441 a
2400 2387 2567 2443 Gallis
2603 2387 2831 2443 Romani
2884 2404 2951 2443 ex
3004 2389 3294 2444 mulierum
3337 2391 3549 2458 capillis
3599 2402 3700 2446 tor-

2096 2487 2275 2534 menta
2301 2477 2564 2544 fecerunt,
2579 2488 2637 2534 et
2657 2479 2727 2533 ob
2749 2477 2801 2533 id
2823 2478 3020 2535 Veneri
3038 2480 3218 2536 Calvae
3242 2496 3392 2534 aram
3421 2481 3700 2550 templum-

2094 2588 2200 2643 que
2234 2585 2558 2644 posuerunt;
2582 2574 2710 2628 item
2734 2573 2931 2629 Pistori
2956 2574 3098 2638 Jovi,
3126 2575 3273 2644 quod
3297 2590 3394 2630 eos
3420 2583 3700 2630 monuerat

2093 2666 2148 2721 in
2173 2667 2373 2737 quiete,
2406 2677 2462 2722 ut
2491 2682 2557 2723 ex
2585 2668 2730 2723 omni
2758 2667 2911 2740 fruge
2941 2685 3136 2740 panem
3169 2669 3489 2734 facerent,et
3514 2684 3684 2738 supra

2094 2756 2278 2813 hostes
2337 2756 2582 2829 jacerent
2605 2801 2620 2826 ,
2651 2774 2756 2829 quo
2786 2758 2950 2827 iacto,
2990 2760 3345 2831 desperantes
3372 2758 3500 2815 Galli
3526 2768 3691 2828 pone

2093 2858 2273 2926 inopia
2325 2855 2599 2911 Romanos
2644 2855 2853 2926 subigi,
2882 2855 2950 2911 ab
2987 2855 3276 2912 obsidione
3319 2855 3694 2911 discesserant.

2094 2949 2357 3005 Pavorem
2385 2964 2449 3004 ac
2472 2949 2737 3005 Pallorem
2768 2948 2952 3004 Tullus
2982 2949 3238 3005 Hostilius
3275 2948 3406 3005 deos
3431 2948 3578 3004 fecit.
3598 2947 3699 3004 Go-

2090 3039 2219 3095 litur
2241 3051 2295 3096 et
2323 3038 2472 3094 Mens
2492 3079 2511 3104 ,
2537 3054 2723 3111 quam,
2748 3039 2943 3108 credo,
2972 3041 3018 3096 si
3048 3040 3363 3096 habuissent
3381 3082 3398 3107 ,
3429 3056 3695 3110 nunquam

2089 3131 2372 3192 colendam
2403 3142 2701 3201 putassent.
2749 3133 3022 3190 notiorem
3073 3144 3236 3206 atque
3268 3133 3531 3191 Virtutem
3556 3134 3691 3190 lar-

2087 3226 2256 3284 cellus
2282 3225 2508 3283 invenit.
3179 3243 3185 3246 '

2686 3340 2918 3401 CAPUT
2958 3342 3103 3400 XXI.

2555 3475 2683 3540 (Div.
2700 3473 2865 3545 Instit.
2889 3477 2977 3528 lib.
2994 3495 3029 3538 ι,
3052 3492 3097 3528 c.
3123 3474 3229 3542 20.)

2445 3583 2523 3639 De
2546 3585 2709 3640 sacris
2743 3585 2953 3639 deorum
2981 3581 3357 3641 Romanorum.

2150 3719 2259 3776 Sed
2281 3727 2337 3776 et
2369 3719 2505 3775 alios
2533 3717 2800 3790 ejusmodi
2838 3720 3247 3776 eommentitios
3288 3719 3420 3776 deos
3462 3726 3679 3775 seruatas

2080 3814 2342 3879 instituit,
2376 3814 2563 3884 Spem,
2583 3811 2794 3879 Fidem,
2826 3811 3209 3882 Concordiam,
3227 3814 3439 3878 Pacem,
3466 3812 3673 3867 Pudici-

2081 3906 2232 3972 tiam,
2253 3905 2538 3973 Pietatem,
2578 3920 2698 3974 qntu
2726 3904 2929 3973 omnia,
2960 3919 3084 3960 cum
3112 3906 3165 3959 in
3188 3908 3393 3960 animis
3411 3905 3677 3960 hominum

2080 4013 2203 4055 esse
2232 4013 2359 4055 vera
2389 3998 2685 4065 deberent,
2718 3999 2858 4053 intra
2910 3998 3143 4069 parietes
3193 3999 3328 4055 falsa
3372 4011 3675 4070 posuerunt.

2080 4089 2192 4146 Hos
2245 4100 2422 4147 tamen
2469 4091 2713 4162 quamvis
2760 4102 2911 4146 extra
2959 4091 3235 4146 hominem
3290 4092 3343 4146 iu
3390 4091 3530 4145 nulla
3576 4091 3676 4145 sint

2080 4185 2299 4240 omnino
2350 4184 2666 4252 substantia,
2720 4183 2939 4240 mallem
2988 4186 3166 4256 potius
3212 4186 3356 4252 coli,
3384 4198 3545 4256 quam
3572 4176 3675 4239 Ιὶι·

2079 4277 2336 4349 biginem,
2367 4294 2527 4349 quam
2559 4277 2809 4343 Febrem,
2829 4293 2949 4349 quas
2980 4294 3087 4334 non
3118 4279 3379 4335 sacranda
3402 4288 3559 4345 sunt,
3582 4277 3672 4334 sed

367 4361 652 4434 imperium
692 4377 965 4419 summum
992 4361 1171 4420 Caelus
1200 4364 1386 4421 habuit
1409 4381 1425 4421 :
1447 4365 1494 4421 is
1519 4364 1573 4421 id
1602 4381 1830 4439 regnum
1861 4384 1964 4425 una
1989 4360 2044 4422 D
2069 4370 2406 4439 execranda;
2432 4387 2591 4442 quam
2617 4370 2947 4441 Fornacem,
2970 4388 3095 4429 cum
3141 4374 3268 4430 suis
3299 4372 3673 4431 Fornacalihs

1686 4486 2053 4562 VARIORUM
2083 4504 2317 4562 ΝΟΤᾸΞ.

432 4632 524 4691 Ac.
559 4626 905 4692 Heumannus
935 4634 1068 4706 legit
1094 4642 1219 4689 tum.

439 4707 643 4777 Utique.
695 4709 1044 4763 Heumanntrs
1090 4706 1219 4779 legit
1256 4706 1446 4779 itaque.
1491 4706 1614 4765 llzuc
1662 4708 1844 4766 omnia
1893 4727 1963 4769 ex

361 4780 687 4848 conjectura.

432 4842 686 4916 Scriptor.
720 4846 777 4900 In
804 4864 908 4903 ms.
943 4842 1196 4904 Scribtor.

430 4918 873 4999 I_ttscriptionibus.
909 4920 968 4974 ln
996 4935 1100 4975 ms.
1131 4919 1596 4992 Inscribtienibtts;
1627 4926 1684 4983 in
1726 4930 1959 4999 utroque

360 4991 525 5047 verbo
550 5009 581 5057 p
610 4991 659 5043 in
688 4991 716 5043 b
740 5001 962 5044 mutato.

426 5060 685 5115 Latinam.
711 5061 852 5134 Lege
878 5060 1143 5137 Latinum,
1175 5066 1260 5121 vel
1284 5068 1474 5137 supple
1501 5068 1747 5139 linguam.

430 5141 750 5220 Scripta.__ln
800 5159 913 5220 ms._
937 5142 1177 5210 Scribta;
1222 5148 1357 5220 sicut
1402 5157 1457 5202 et
1486 5147 1624 5203 infra
1656 5149 1952 5220 scriptione,

354 5214 410 5269 in
444 5228 549 5287 tns.
581 5214 866 5287 scribtione.
898 5214 973 5267 Ita
1000 5231 1217 5286 semper
1245 5218 1437 5287 legitur
1464 5220 1517 5274 in
1547 5234 1649 5276 ms.
1685 5214 1909 5279 Ta'urin.

424 5284 814 5339 Circumivisset.
848 5286 904 5339 In
939 5301 1020 5339 ms
1068 5284 1405 5343 circutnis'set.

429 5354 749 5411 Hominibus.
784 5350 933 5410 Adde
960 5356 1198 5413 dedisset.

426 5426 492 5480 In
523 5437 822 5505 terramque.
853 5428 1217 5505 lleumgmnus‘
1240 5424 1370 5505 legit
1389 5431 1445 5486 in
1473 5440 1727 5505 terraque,
1762 5442 1822 5490 ut
1850 5428 1950 5489 ba-

351 5498 508 5555 betnr
532 5496 827 5553 Instinlib.
858 5514 899 5565 ι,
931 5513 981 5555 c.
1013 5496 1081 5555 t3
1112 5513 1166 5556 et
1196 5501 1283 5557 14.

426 5569 683 5640 Sequitur.
712 5570 873 5626 Deest
903 5571 1361 5649 itaquejlpitome
1390 5574 1513 5632 libri
1538 5576 1697 5649 primi
1715 5591 1835 5649 cap.
1859 5574 1949 5645 li,

353 5650 406 5696 et
433 5653 757 5714 exterarum
790 5658 960 5714 usque
987 5641 1054 5698 ad
1080 5641 1171 5701 20.

421 5710 684 5788 gentique.
713 5710 772 5788 _I_n
803 5710 904 5788 ms.
941 5710 1083 5788 Rern.
1113 5731 1231 5788 que.

403 5781 796 5855 .Larentinalia.
828 5783 889 5840 In
905 5800 1006 5842 ms.
1027 5781 1313 5843 Larentali.
1338 5789 1515 5848 -—Ms.
1543 5806 1653 5849 non
1670 5789 1945 5849 Laurenti-

2068 4643 2340 4723 nali,_sed_
2354 4644 2643 4723 Larentali,
2674 4647 3231 4723 exhsecundisgPt‘al'iii
3260 4653 3443 4720 curis;
3478 4668 3547 4709 ex
3573 4668 3668 4723 quo

2067 4718 2290 4845 proggus
2309 4718 2482 4788 ﬁngas
2498 4716 2822 4774 Larentalia.
2850 4720 2943 4777 Sic
2960 4720 3076 4787 alii,
3096 4734 3152 4778 et
3171 4721 3394 4780 Ovidius
3415 4716 3473 4780 in
3499 4716 3662 4791 Fest,

2218 4878 2444 4950 Nort__ego
2460 4886 2532 4942 te,
2562 4887 2709 4931 tantae
2728 4883 3154 4950 nutrix__Larentia
3177 4893 3365 4950 genus,

2312 4941 2632 5013 Nectaceam
2662 4951 2870 5013 vestras,
2898 4945 3134 5013 Faustule
3161 4941 3367 5013 pauper,
3390 4963 3527 5013 apes.

2215 5002 2399 5070 Vester
2423 5005 2575 5055 honos
2602 5007 2789 5070 veniet,
2810 5018 2927 5070 cum
2956 5002 3238 5061 Larentalia
3261 5002 3437 5063 dicam:

2308 5067 2559 5130 Acceptus
2580 5070 2745 5132 geniis
2771 5067 2849 5119 illa
2874 5069 3163 5122 December
3188 5075 3355 5131 habet.
3448 5074 3571 5128 Bos.

2145 5149 2351 5226 Vulgati
2396 5154 2649 5226 corporis.
2685 5153 2739 5210 Id
2784 5163 2888 5224 est,
2924 5158 3225 5226 prostituti.
3268 5160 3403 5217 Vide
3442 5171 3554 5218 not.
3590 5163 3653 5218 ad

2061 5235 2180 5291 cap.
2214 5222 2279 5275 υ
2312 5231 2368 5277 et
2393 5223 2467 5277 eo
2497 5223 2618 5280 libri
2649 5241 2686 5280 ι.

2133 5292 2390 5367 Speciem.
2424 5295 2479 5349 ln
2509 5309 2611 5350 ms.
2642 5297 2831 5367 specie.

2131 5363 2269 5446 μιάί
2295 5363 2561 5446 Eloralia.
2582 5363 2785 5446 supple
2830 5367 2958 5424 dicti
2988 5370 3072 5427 vel
3099 5387 3240 5444 quos
3267 5375 3535 5446 appellant
3556 5377 3646 5433 ὼ·

2060 5437 2214 5499 ralia,
2240 5448 2298 5491 ut
2329 5437 2423 5491 lib.
2454 5453 2469 5492 ι
2505 5438 2619 5493 Div.
2651 5438 2827 5494 lnstit.

2133 5507 2352 5579 Panem.
2384 5507 2441 5563 In
2472 5524 2575 5563 ms.
2601 5527 2796 5579 pacem.

2128 5578 2272 5634 Alios
2319 5579 2459 5654 deos.
2518 5578 2831 5654 Sequuntur
2882 5584 2999 5640 sola
3031 5584 3343 5654 fueminina;
3374 5600 3428 5646 et
3478 5598 3640 5646 tamen

2056 5649 2145 5705 hic
2165 5659 2220 5705 et
2241 5650 2399 5721 paulo
2427 5663 2549 5722 post
2577 5649 2711 5708 deos
2733 5655 2781 5707 in
2815 5656 3039 5711 mascul.
3062 5668 3240 5714 vocat.
3269 5649 3523 5716 Nimirum
3550 5659 3638 5718 La-

2056 5722 2175 5794 tini,
2209 5723 2440 5794 maxime
2467 5732 2658 5794 poetae,
2679 5723 2808 5780 deas
2832 5741 2975 5794 saepe
2998 5738 3193 5787 vocant
3216 5731 3367 5791 deos.
3411 5731 3539 5791 Bon.

2126 5791 2452 5866 Rubiginem.
2468 5791 2538 5852 _In
2559 5809 2663 5853 ms.
2689 5791 2987 5870 "robiginem,
