3816 6264
92 336 217 406 1029

1046 330 1346 401 EPITOME
1386 341 1767 401 otvmnuu
1805 334 2358 402 INSTITUTIONUM.
2450 308 2457 315 “

3232 340 3374 408 tosti

89 458 276 522 sacris;
304 468 462 526 quam
495 455 824 520 Stercutum,
852 453 942 525 qui
970 454 1128 509 fumo
1156 456 1530 527 pinguetacere
1557 464 1667 511 Ier-
1693 457 1748 519 Α
1771 458 1898 523 rari,
1927 458 2070 528 quod
2097 458 2212 515 hinc
2238 459 2494 515 disseruit
2521 458 2952 531 etpliilosophus
2995 467 3050 518 et
3095 463 3370 522 sacerdos.

93 568 197 610 ram
248 550 448 619 primus
479 546 743 601 ostendit:
771 562 931 617 quam
978 547 1133 602 deam
1175 548 1392 615 Malam,
1427 564 1544 618 quae
1566 548 1671 603 La-

89 662 169 703 res
193 643 406 715 gcnuit;
430 656 589 711 quam
610 638 894 704 Cuninam,
910 657 1029 712 qua:
1046 643 1199 696 cuuis
1220 642 1503 698 iufantiutn
1539 658 1672 712 prte-

88 748 194 801 est;
219 750 375 806 quam
406 732 620 800 Caeam,
655 749 773 803 qua:
819 734 890 787 ad
923 734 1204 789 lterculem
1232 734 1299 789 de
1344 736 1485 788 furto
1513 734 1673 788 boum

88 831 284 892 detulit,
314 836 371 892 ut
415 826 687 885 occideret
724 826 960 881 fratrem.
1001 826 1171 893 Quam
1213 827 1377 881 nmlta
1416 837 1543 881 sunt
1571 826 1675 881 alia

91 928 323 994 portenta
346 928 506 989 atque
536 916 789 983 ludibria,
818 918 884 973 de
907 919 1100 988 quibus
1130 919 1271 989 piget
1297 917 1517 974 dicere?
1539 918 1675 973 Ter-

92 1016 280 1071 minnm
311 1023 490 1067 tamen
525 1027 630 1065 non
660 1011 793 1067 libet
823 1012 1096 1081 praeterire
1116 1055 1130 1080 ,
1163 1014 1287 1083 quia
1315 1028 1381 1067 ne
1409 1011 1524 1068 ,Ιονί
1554 1012 1675 1081 qui-

90 1111 201 1165 dem
227 1105 525 1177 Capitolino
551 1107 781 1161 cessisse
808 1105 1053 1170 traditur,
1087 1121 1207 1161 cum
1240 1106 1373 1175 lapis
1412 1114 1554 1160 esset
1590 1106 1675 1160 in-

90 1201 283 1258 formis.
315 1200 464 1254 lIunc
508 1198 691 1253 finium
721 1208 908 1269 putant
932 1198 1129 1255 habere
1169 1200 1488 1265 custodiam,
1520 1201 1679 1270 eique

90 1293 291 1365 publice
345 1291 719 1362 supplicatur,
768 1300 825 1346 ut
874 1289 1120 1361 Capitolii
1163 1292 1437 1347 immobile
1488 1306 1679 1348 saxum

2345 569 2575 627 CAPUT
2618 568 2808 628 XXIII.

2241 681 2376 744 (Div.
2402 678 2523 734 Inst.
2549 683 2637 734 lib.
2662 699 2698 748 ι,
2726 700 2769 735 c.
2797 684 2898 748 21.)

2150 787 2231 843 De
2256 791 2357 846 diis
2385 801 2432 846 et
2456 793 2615 847 sacris
2642 792 2996 854 barbarorum.

1850 898 2095 957 Diximus
2117 901 2185 957 de
2206 903 2339 968 diis;
2375 920 2516 959 nunc
2546 904 2613 960 de
2660 905 2850 961 ritibus
2899 919 3178 964 sacrorum
3203 911 3381 967 cultu-

1780 996 1961 1066 risque
1989 995 2247 1052 dicemus.
2282 996 2402 1052 Jm‘i
2431 997 2629 1070 Cyprio
2658 1038 2675 1066 ,
2705 1000 2843 1054 sicut
2868 1000 3110 1057 Teucrus
3136 1002 3382 1059 institue-

1779 1097 1884 1155 rat,
1916 1087 2145 1143 bumana
2176 1091 2348 1144 hostia
2378 1091 2602 1147 mactari
2623 1092 2851 1147 solebat.
2877 1092 2967 1150 Sic
2994 1104 3050 1149 et
3075 1095 3233 1149 Tauri
3264 1096 3387 1151 Dia-

1780 1196 1863 1236 na:
1894 1182 2134 1251 hospites
2163 1184 2546 1250 immolabant;
2579 1185 2805 1240 Latiaris
2820 1200 3030 1257 quoque
3051 1187 3258 1258 Jupiter
3287 1189 3387 1261 lin-,-

1778 1288 1939 1328 mano
1965 1275 2224 1345 sanguine
2255 1278 2576 1346 propitiatus
2600 1289 2702 1333 est.
2737 1278 2908 1333 Etiam
2940 1290 3063 1335 ante
3091 1280 3384 1337 Saturnum

1780 1372 2112 1438 sexagenarii
2142 1369 2386 1426 homines
2417 1388 2483 1427 ex
2508 1386 2737 1442 persona
2768 1374 3031 1444 Apollinis
3052 1376 3120 1430 de
3153 1386 3313 1443 ponte
3332 1378 3386 1433 in

1780 1460 2017 1517 Tiberim
2055 1463 2465 1533 dejiciebantur,
2494 1476 2550 1521 et
2598 1467 2775 1523 eidem
2827 1468 3061 1524 Saturno
3099 1469 3387 1541 Carthagi—

1782 1558 1996 1614 nienses
2026 1575 2131 1613 non
2161 1561 2323 1614 modo
2348 1562 2581 1616 infantes
2609 1564 3016 1633 prosecrabant,
3049 1565 3143 1619 sed
3172 1575 3227 1620 et
3259 1564 3387 1619 victi

1780 1665 1811 1704 a
1835 1648 2063 1716 Siculis,
2097 1660 2154 1704 ut
2183 1652 2446 1720 piaculum
2499 1654 2793 1718 solverent,
2827 1653 3091 1710 ducentos
3125 1657 3386 1712 nobilium

1784 1741 1921 1797 filios
1948 1743 2381 1798 immolaverunt.
2407 1744 2515 1800 Nec
2538 1745 2629 1800 illa
2659 1748 2741 1801 liis
2765 1748 3077 1803 ltutnaniora
3105 1759 3249 1810 sunt,
3268 1764 3389 1819 qua:

143 1856 253 1911 Has
269 1870 459 1910 omnes
482 1855 707 1923 ineptias
731 1855 934 1925 primus
960 1855 1011 1908 in
1029 1853 1180 1909 Latio
1201 1855 1418 1910 Faunus
1444 1854 1673 1922 induxit,
1706 1856 1754 1916 B
1782 1836 1917 1891 “1"”
1962 1838 2121 1891 eum“
2171 1853 2313 1893 ¹¹υ¹¹ο
2354 1837 2506 1894 Mill”
2557 1856 2785 1911 magni”:
2818 1850 2979 1911 ³ῑῆυο
3029 1842 3266 1897 Βθηοηω
3291 1881 3307 1907 ν
3336 1843 3389 1897 in

82 1948 162 2019 qui
196 1958 247 2001 ει
276 1947 508 2001 Saturno
536 1960 636 1999 am
665 1955 883 2000 ριιηρηιη
906 1961 1057 2000 sacra
1080 1948 1378 2011 consum“,
1406 1958 1459 2002 ει
1484 1947 1671 2003 picum
1779 1931 1973 2000 quibus
1992 1930 2259 1984 antistites
2288 1947 2391 1984 non
2415 1930 2592 1986 alieno
2618 1934 2900 2003 sanguine,
2933 1933 3026 1987 sed
3068 1947 3167 1987 suo
3212 1933 3386 1998 litant,

85 2050 283 2113 patretn
316 2048 564 2107 tauquam
588 2038 746 2091 deum
778 2039 880 2092 coli
915 2039 1100 2102 voluit,
1124 2047 1179 2092 et
1205 2038 1401 2092 fatuam
1434 2038 1673 2095 Fauuam

1890 2040 1896 2075 I
1922 2024 2208 2092 amputatis
2230 2023 2552 2092 genitalibus
2577 2040 2606 2077 a
2631 2025 2759 2078 viris
2790 2026 3038 2095 migrant,
3069 2040 3168 2080 nec
3190 2025 3258 2078 ad
3288 2024 3389 2081 fte-

87 2132 358 2201 conjugcm
386 2144 736 2199 SOI-memque
780 2129 919 2183 imer
966 2130 1098 2186 deus
1138 2131 1440 2198 collocavit.
1468 2148 1531 2188 ac
1567 2133 1675 2187 Βυ,
1779 2113 1953 2167 minas
1975 2122 2279 2181 transeunt,
2308 2124 2399 2169 aut
2420 2116 2582 2169 sectis
2612 2115 2853 2170 bumeris
2894 2116 3241 2172 detestabiles
3268 2131 3393 2173 aras

89 2240 201 2280 nam
232 2225 385 2277 deam
419 2221 731 2276 nominavit.
753 2221 951 2276 Deinde
968 2221 1152 2276 RUIH‘I!
1171 2222 1361 2288 Numa,
1381 2224 1471 2293 qui
1491 2239 1677 2295 agres-

1890 2210 2001 2278 prio
2027 2223 2219 2263 cruore
2247 2219 2587 2279 respergunt.
2621 2210 2725 2264 Sed
2750 2210 2865 2264 luce
2893 2210 3157 2265 crudelia.

94 2328 166 2373 tes
192 2317 310 2370 illos
338 2330 402 2370 ac
430 2314 766 2370 rudesviros
792 2317 1258 2385 superstitionibus
1308 2320 1458 2372 novis
1490 2334 1684 2373 oaera—

1890 2302 2161 2357 ieuiamus
2187 2301 2254 2357 ad
2286 2302 2458 2356 mitia.
2490 2300 2644 2356 Isidis
2673 2318 2825 2357 sacra
2857 2301 2989 2357 nihil
3019 2303 3163 2358 aliud
3207 2312 3394 2358 osten-

93 2410 179 2473 vit,
212 2406 510 2462 sacerdotia
562 2408 807 2475 instituit,
839 2418 891 2462 et
915 2408 1046 2464 deos
1085 2409 1303 2465 familiis
1329 2411 1684 2482 gentibusque
1785 2395 1918 2449 dum
1941 2434 1957 2459 9
1992 2394 2094 2449 ηίεί
2116 2394 2569 2463 (Ιιιθηιθάιηοαυιη
2605 2393 2771 2448 “lium
2800 2411 2893 2463 Pa"
2900 2412 3054 2463 "1'":
3080 2396 3169 2466 Qui
3196 2395 3397 2451 άῖυίίυτ

96 2500 375 2564 distribuit,
412 2510 470 2553 ut
498 2498 710 2553 animos
739 2499 933 2555 ferocis
972 2502 1152 2571 populi
1173 2501 1243 2556 ab
1267 2519 1539 2556 armorum
1572 2513 1686 2558 stu-

1890 2489 1990 2551 ris,
2023 2485 2315 2557 perdiderit
2346 2497 2399 2541 et
2424 2486 2712 2542 invenerit.
2746 2486 2878 2540 Nam
2928 2489 3104 2558 primo
3140 2487 3396 2541 sacerdo-

98 2594 192 2648 diis
239 2600 509 2646 avocaret,
544 2591 666 2645 ωεο
714 2591 948 2645 Lucilius
993 2592 1244 2647 del-ide";
1287 2595 1515 2664 inepiias
1553 2596 1688 2650 ίδιο-
1792 2589 1873 2635 tes
1903 2594 1965 2634 ac
1993 2580 2259 2647 ministri,
2288 2580 2495 2634 derasis
2522 2579 2772 2634 omnibus
2796 2579 3084 2646 membris,
3118 2581 3400 2648 tunsisque

100 2700 206 2740 rum
238 2685 327 2755 qui
375 2683 523 2739 vanis
551 2684 1018 2755 superstitionibus
1059 2687 1331 2753 serviunt,
1361 2686 1460 2742 bos
1504 2704 1692 2745 versus

1896 2671 2136 2732 toribus.
2181 2671 2474 2742 plangunt,
2523 2669 2744 2737 dolent,
2805 2680 3094 2740 quierunt,
3146 2670 3400 2725 atfectum

103 2780 269 2851 ροευίι
297 2797 311 2833 τ
1794 2766 1982 2819 matris
2010 2766 2313 2830 imitantes;
2345 2764 2687 2835 postmodum
2722 2779 2854 2835 puer
2900 2779 2995 2833 per
3044 2764 3394 2834 Cynocepha-

1797 2859 1906 2913 lum
1932 2857 2225 2911 invenitur.
2255 2856 2345 2912 Sic
2366 2856 2611 2910 luctuosa
2631 2870 2781 2910 sacra
2800 2855 2985 2910 thitia
3019 2855 3400 2910 terminantur.

1800 2950 1896 3005 His
1921 2950 2085 3005 etiam
2111 2948 2327 3003 Cereris
2363 2947 2540 3004 simile
2580 2950 2898 3019 mysterium
2922 2958 3041 3015 est,
3075 2948 3127 3002 in
3152 2962 3258 3018 quo
3279 2988 3295 3013 ,
3329 2950 3407 3003 la-

1802 3043 1958 3097 cibus
2010 3042 2281 3105 accensis,
2315 3057 2410 3111 per
2455 3051 2670 3097 noctem
2717 3042 3038 3112 Proserpina
3094 3041 3407 3113 inquiritur,

1802 3143 1857 3189 et
1880 3150 1943 3189 ea
1968 3135 2205 3200 inventa,
2235 3136 2370 3187 ritus
2425 3134 2603 3188 omnis
2629 3134 2996 3204 gratulatione
3039 3149 3103 3190 ac
3146 3135 3411 3191 undarum

1724 3237 1770 3301 ο
1799 3228 2093 3303 jactatione
2125 3226 2324 3281 linitur.
2352 3226 2704 3297 Lampsaceni
2757 3213 2985 3282 asellum
3036 3226 3229 3297 Priapo
3267 3243 3415 3282 mac-

1812 3328 1946 3375 tant.
1973 3315 2049 3372 Ea
2078 3317 2223 3373 enim
2267 3319 2378 3371 visa
2419 3325 2502 3371 est
2526 3318 2703 3387 aptior
2734 3316 2945 3371 victima
2966 3358 2983 3383 ,
3013 3333 3132 3388 qua:
3163 3318 3300 3387 ipsi,
3324 3319 3414 3375 cui

1814 3422 2098 3478 mactatur,
2124 3408 2493 3482 magnitudine
2523 3410 2691 3463 virilis
2710 3410 2951 3466 obscteni
2980 3418 3161 3479 posset
3183 3410 3413 3481 aequari.

1885 3500 2089 3559 Lindos
2129 3513 2212 3559 est
2256 3501 2512 3573 oppidum
2558 3501 2775 3569 Rhodi,
2826 3502 2915 3557 ubi
2970 3502 3218 3559 Herculis
3268 3517 3422 3558 sacra

1818 3593 2119 3651 maledictis
2162 3590 2526 3650 celebrantur.
2576 3593 2836 3651 Ilercules
2880 3595 3025 3652 enim
3074 3611 3197 3652 cum
3255 3595 3425 3653 boves

1463 3732 1828 3791 VARIORUM
1865 3732 2104 3789 NOTAE.

181 3868 591 3935 Stercutum,vel
626 3866 958 3932 Stercutium,
986 3876 1047 3940 ut
1072 3868 1123 3921 in
1146 3867 1182 3922 l.
1208 3882 1263 3934 ι,
1291 3883 1343 3923 c.
1372 3866 1462 3933 20,
1492 3868 1709 3940 legitur.

190 3944 285 4006 Qui
362 3941 487 4011 ﬁmo
565 3942 941 4011 pinguefacere.
1018 3939 1097 3994 ita
1151 3952 1371 4010 apparet
1429 3939 1717 4010 legendum

120 4027 251 4075 esse,
299 4014 400 4067 etsi
455 4013 731 4081 scripserit
773 4011 1022 4064 librarius
1067 4016 1229 4080 futuo.
1261 4012 1504 4075 PI'at‘lius,
1537 4014 1711 4069 Paris.

121 4093 170 4139 et
199 4083 404 4138 Walcb.
430 4083 694 4138 cditio‘nes
720 4085 860 4152 fumo
882 4082 1021 4137 tnale
1042 4084 1332 4139 retinuere.
1398 4084 1532 4138 Bon.

190 4154 371 4221 Quam.
405 4154 463 4209 lu
496 4170 595 4208 ms.
635 4154 781 4220 ρυω.
1088 4179 1099 4185 -

189 4229 273 4281 Et.
311 4229 471 4281 Deest
495 4229 548 4279 in
579 4242 682 4280 nis.

188 4299 252 4352 Et
283 4297 608 4351 Picum......
638 4296 813 4350 valuit.
839 4296 964 4351 "me
996 4297 1157 4353 verba
1182 4298 1233 4352 in
1252 4298 1449 4361 Paris.,
1474 4296 1713 4361 Walch.,

87 1384 285 1442 romani
318 1383 524 1455 imperii
554 1384 689 1439 lines
718 1393 773 1439 et
801 1395 1084 1439 conservet
1106 1395 1163 1441 et
1192 1394 1461 1457 proroget.

674 1494 901 1551 CAPUT
939 1494 1105 1552 XXII.

534 1612 665 1675 (Div.
691 1611 849 1661 Iustit.
873 1612 957 1661 lib.
992 1628 1024 1673 ι,
1054 1626 1098 1663 c.
1124 1612 1223 1676 22.)

288 1718 372 1775 De
401 1718 561 1774 sacris
588 1720 890 1773 introductis
920 1736 951 1773 a
976 1718 1161 1775 Fauno
1190 1729 1237 1775 et
1266 1718 1460 1775 Numa.

340 2892 624 2958 Ierriculas
640 2892 818 2958 Iamias
840 2891 1015 2950 Fauni,
1039 2905 1161 2958 quas
1193 2892 1527 2958 Pompiliique

341 2956 612 3020 Instituere
638 2954 807 3004 Numae
836 2969 847 3002 :
875 2958 1043 3020 tremit
1063 2957 1170 3016 itas;
1197 2957 1274 3004 Inc
1296 2954 1459 3005 omnia
1477 2960 1631 3020 ponit.

346 3019 413 3068 Lit
437 3020 577 3080 pueri
603 3021 814 3067 intantcs
838 3018 1047 3066 credunt
1069 3020 1209 3078 signa
1232 3021 1393 3068 omnia
1416 3018 1573 3071 ahena

346 3081 549 3139 Vivere,
570 3089 621 3130 et
638 3094 750 3129 esse
768 3082 1008 3136 nomines,
1032 3093 1101 3129 s.c
1127 3086 1202 3131 istt
1226 3086 1385 3130 omnia
1407 3081 1516 3131 licia

342 3143 479 3209 Yera
499 3151 683 3209 putant,
709 3143 919 3191 credunt
940 3143 1205 3209 signiscor
1231 3144 1397 3193 inesse
1424 3148 1473 3193 in
1497 3145 1699 3209 ahenis,

341 3206 566 3269 Pergula
588 3207 845 3268 pictorum,
868 3208 971 3254 veri
996 3206 1135 3266 nihil,
1160 3209 1322 3255 omnia
1343 3209 1487 3269 picta.

111 3311 302 3367 Tullius
348 3326 566 3381 quoque
595 3309 663 3364 de
692 3307 892 3363 Natura
942 3308 1167 3364 deorum
1204 3312 1603 3367 eommentitios
1642 3329 1707 3372 ac

112 3404 256 3459 Iictos
279 3404 415 3458 deos
445 3401 687 3471 queritur
714 3400 958 3455 inductos
983 3440 999 3467 ,
1032 3410 1086 3455 et
1111 3400 1237 3456 hinc
1280 3403 1520 3458 extitisse
1550 3404 1710 3462 falsas

112 3498 406 3569 opiniones,
429 3512 752 3569 erroresque
801 3496 1164 3564 turbulentos,
1192 3507 1247 3555 et
1297 3502 1712 3570 superstitiones

113 3606 241 3661 pene
276 3592 470 3647 aniles.
500 3592 629 3659 Quae
656 3590 923 3646 sententia
947 3604 1014 3646 eo
1040 3589 1205 3648 debet
1248 3593 1465 3664 gravior
1493 3610 1711 3667 compa-

1817 3868 2133 3940 xagenarios
2157 3866 2225 3940 de
2272 3874 2435 3937 ponte
2490 3864 2542 3940 in
2589 3864 2822 3921 Tiberim
2878 3864 3118 3936 deiectos
3154 3880 3306 3930 esse;
3357 3867 3428 3924 ad

1821 3942 1993 4010 ipsum
2024 3940 2165 3994 enim
2197 3939 2486 3994 Saturnum
2512 3939 2626 4010 haec
2647 3940 2936 4006 pertinent,
2953 3947 3141 3993 etante
3163 3940 3429 4008 significat

1820 4009 2200 4066 adverbialiter
2224 4015 2323 4065 Iioc
2351 4012 2510 4064 modo
2541 4026 2554 4061 :
2588 4009 2815 4064 Saturno
2840 4012 2994 4063 etiam
3020 4022 3169 4063 antea
3197 4012 3428 4066 homines

1822 4084 1875 4135 in
1923 4082 2141 4135 Tiberim
2183 4100 2277 4152 pro
2305 4080 2563 4149 sacri/icio
2609 4081 2997 4152 dejiciebantar.
3043 4081 3117 4136 Ita
3155 4081 3427 4150 Lactant.,

1825 4154 1917 4207 lib.
1937 4150 2192 4222 i.cap.‘2i
2214 4173 2225 4205 :
2247 4155 2503 4208 Saturnus
2524 4154 2576 4206 in
2606 4150 2756 4205 Latio
2783 4154 2957 4206 eodem
2986 4170 3167 4224 genere
3188 4154 3432 4224 sacriﬁcii

1824 4227 1993 4279 cultus
2021 4236 2126 4278 est:
2154 4241 2251 4278 non
2279 4229 2483 4295 quidem
2514 4232 2566 4276 ut
2596 4226 2746 4295 homo
2773 4226 2841 4277 ad
2870 4223 3014 4277 aram
3042 4223 3432 4290 immolaretur;

1824 4301 1911 4350 sed
1940 4297 2014 4349 uti
2045 4298 2097 4349 in
2126 4294 2349 4348 Tiberim
2376 4296 2441 4347 de
2472 4304 2622 4364 ponte
2655 4294 2836 4364 Militia
2863 4298 3144 4349 mitteretur
3163 4337 3178 4361 ,
3207 4299 3341 4363 quod
3369 4311 3434 4349 ex

128 4369 296 4423 Davis.
311 4412 325 4433 ,
342 4369 605 4423 Ileuman.
628 4366 955 4422 editionilius
975 4386 1078 4423 non
1098 4378 1445 4437 comparent:
1472 4368 1721 4422 dedimus

126 4456 220 4511 ope
245 4440 413 4494 Pfal’lii
440 4455 507 4511 es
531 4439 1055 4511 manuscriptoiliun.
1080 4441 1259 4495 —H:is
1287 4455 1450 4494 voces
1476 4440 1722 4511 addimus

127 4510 174 4566 in
207 4524 388 4566 nostra
414 4510 655 4566 editione
679 4525 747 4565 ex
785 4514 850 4565 υ.
882 4510 975 4566 Fr.
1004 4511 1305 4578 Fritzsehe,
1332 4511 1425 4583 qui
1451 4510 1608 4565 nobis
1635 4526 1723 4565 as-

128 4584 302 4638 sentit.

195 4653 437 4707 Fatuam.
481 4654 537 4709 In
588 4668 693 4709 ms.
726 4651 948 4711 Fenttm.
976 4652 1113 4709 Vide
1154 4652 1277 4709 Div.
1324 4652 1527 4721 lnstit.,
1558 4650 1649 4707 lib.
1684 4654 1722 4718 i,

131 4738 245 4795 cap.
273 4726 365 4788 ‘22,
397 4736 450 4779 et
478 4736 589 4780 not.
626 4725 847 4783 ibidem.

200 4796 378 4850 Novis.
399 4795 456 4850 lu
473 4815 573 4853 ms.
591 4797 926 4866 nobis,modo
943 4796 1213 4854 scribendi
1229 4796 1426 4852 usitato
1440 4796 1493 4851 in
1507 4795 1609 4851 hoc
1624 4808 1726 4852 ms.

200 4866 285 4921 Et.
320 4870 477 4923 Deest
505 4872 555 4923 in
602 4885 702 4924 tus.

201 4942 397 4993 Aliena.
430 4940 488 4995 ln
516 4956 616 4995 ms.
649 4957 797 4995 aena.

205 5012 291 5065 Sic
319 5014 421 5066 isti.
455 5014 528 5066 Ita
563 5015 724 5068 etiam
768 5011 963 5083 legitur
1002 5011 1095 5066 lib.
1129 5028 1145 5066 ι
1176 5010 1293 5066 Div.
1323 5010 1582 5079 lnstitut.,
1610 5024 1729 5082 cap.

139 5081 224 5135 εἰ.
259 5083 392 5138 Vide
422 5085 491 5137 tbi
521 5094 633 5138 not.

211 5152 274 5207 In
301 5156 497 5209 ahenis.
525 5156 579 5208 In
614 5170 712 5209 ms.
746 5155 799 5208 in
822 5154 1001 5209 lienis.

217 5225 387 5296 Picta.
420 5227 560 5296 Lege
589 5228 729 5295 ﬁcta,
761 5237 817 5279 tit
842 5244 892 5280 c.
923 5226 995 5280 22
1026 5224 1145 5279 libri
1180 5241 1213 5279 t.

213 5295 533 5367 Comparari.
588 5299 833 5353 Davisius
879 5307 1028 5366 putat
1075 5295 1364 5368 legendum
1415 5296 1738 5368 computari,

146 5384 239 5439 nec
270 5373 468 5439 inepte.

1823 4380 2066 4433 responso
2094 4368 2313 4437 quodam
2353 4362 2694 4436 (Apollinis)
2736 4367 3026 4435 factitatum
3067 4362 3227 4420 Varro
3251 4376 3433 4421 auctor

1823 4449 1916 4505 est,
1950 4441 2104 4508 cujus
2133 4451 2374 4507 responSt
2403 4437 2619 4490 ultimus
2652 4450 2839 4490 versus
2864 4447 2949 4492 est
2980 4437 3097 4491 talis
3132 4453 3146 4489 :

2015 4559 2089 4598 Kal
2106 4558 2262 4611 κινολις
2288 4553 2449 4609 Κρονιδῃ
2462 4583 2475 4603 ,
2496 4557 2561 4595 nui
2582 4560 2634 4607 τῷ
2650 4556 2763 4608 πατρὶ
2781 4558 2940 4606 «tutus
2964 4562 3075 4608 om.

1829 4651 1985 4719 Quod
2011 4653 2133 4723 quia
2164 4652 2375 4708 videtur
2419 4650 2758 4722 ambiguum,
2799 4660 2853 4707 et
2898 4652 2989 4707 fax
3027 4642 3104 4707 illi
3119 4692 3137 4721 ,
3178 4660 3237 4709 et
3271 4651 3439 4710 homo

1826 4725 1930 4795 jaci
1958 4729 2114 4778 solet.
2146 4724 2276 4779 BUN.

1906 4794 2297 4852 Prosecrabant.
2329 4788 2674 4850 Heumanuus
2698 4792 2848 4864 legit,
2878 4794 3232 4866 prosecabant.

1907 4866 1995 4921 Et.
2018 4867 2133 4921 Non
2155 4877 2306 4923 extat
2330 4868 2387 4922 in
2414 4883 2516 4923 ius.
2537 4867 2885 4923 Heutnatmus
2908 4879 3056 4938 putat
3075 4878 3123 4924 et
3148 4867 3437 4927 delendum

1835 4952 2225 5080 ess.giitputatis.
2260 5010 2317 5064 In
2348 5025 2451 5082 ms.
2463 5010 2794 5082 jamputatis.

1924 5082 2091 5136 Sectis
2130 5082 2373 5135 humeris.
2406 5081 2472 5135 tu
2497 5097 2599 5137 ms.
2629 5082 2792 5136 secuti
2815 5084 3051 5138 sumeris.

1918 5152 2182 5208 Crudelia.
2209 5152 2432 5209 Clariss.
2466 5153 2688 5210 PIat‘lius
2725 5152 2934 5225 iudicat
2984 5154 3289 5211 addendum
3318 5168 3441 5211 esse

1843 5235 2205 5365 8militatiisque
2230 5297 2534 5365 pectoribus.
2566 5297 2716 5354 Lact.
2748 5295 2842 5351 lib.
2872 5312 2889 5351 ι
2916 5294 3177 5365 lnstitut.,
3201 5312 3321 5367 cap.
3344 5298 3440 5365 2|,

1850 5368 2151 5442 Sacerdotes
2173 5370 2284 5442 ejus
2312 5374 2327 5437 (
2353 5370 2545 5442 Isidis)
2593 5372 2914 5442 deglabruto_
2939 5385 3149 5441 corpore
3203 5386 3310 5442 suo,
3328 5386 3446 5439 pec-

213 5434 455 5495 Latiaris.
487 5440 562 5496 Ita
589 5442 640 5494 in
672 5456 774 5495 ms.
809 5439 861 5493 in
890 5439 1049 5493 editis
1079 5447 1196 5494 erat
1232 5434 1466 5496 Latialis.
1503 5437 1745 5510 Utraque

149 5511 304 5567 lectio
334 5526 568 5583 recepta.
599 5515 807 5581 Sequor
834 5512 1277 5583 manuscriptum.

216 5581 520 5640 Saturnum.
552 5585 766 5655 Legitur
792 5582 844 5637 iu
870 5594 1003 5636 ms.:‘
1029 5581 1202 5635 Etiam
1236 5592 1355 5655 ante
1382 5581 1743 5655 _Saturno..A...

150 5650 827 5726 dejiciebanturﬁcriptura
856 5655 1203 5726 manuscripti
1234 5650 1479 5726 Tauriti.:
1499 5654 1629 5706 Ante
1647 5650 1748 5726 Sa-

153 5723 315 5795 turno,
348 5727 492 5797 quod
537 5723 976 5797 pace’clarissimi
1028 5724 1201 5797 Pt'aflii
1240 5725 1490 5797 dixerim,
1516 5740 1621 5779 non
1648 5723 1747 5780 de-

153 5797 265 5854 buit
291 5795 488 5853 mutari
518 5795 573 5853 in
603 5808 720 5852 ante
752 5796 1035 5853 Saturnum
1073 5795 1128 5850 in
1156 5795 1327 5851 Paris.
1358 5796 1628 5863 editione,
1652 5808 1749 5851 ne-

154 5884 252 5942 que
280 5871 424 5928 enim
453 5870 591 5928 ullus
613 5882 846 5943 unquam
878 5866 1129 5940 tradidit,
1156 5876 1281 5924 ante
1324 5866 1615 5927 Saturnum
1656 5881 1749 5926 se-

1851 5440 2224 5511 torertundunt.
2255 5440 2532 5511 Lamprid.
2576 5442 2628 5496 in
2657 5440 2987 5506 Commodo,
3011 5440 3133 5510 Cap.
3164 5442 3197 5496 9
3228 5458 3242 5493 :
3277 5441 3446 5495 Sacra

1850 5508 2007 5581 isidis
2029 5512 2185 5563 coluit
2204 5552 2217 5575 ,
2247 5522 2302 5565 ut
2329 5525 2373 5566 et
2393 5508 2560 5581 caput
2596 5515 2797 5570 raderet
2816 5554 2830 5578 ,
2859 5524 2906 5566 et
2932 5508 3158 5565 Anubin.
3190 5521 3443 5581 portaret.

1849 5580 2076 5635 Bellona:
2116 5583 2386 5638 seruientes
2436 5580 2548 5638 vere
2597 5602 2833 5641 exsecare
2878 5582 3149 5637 brachium
3191 5580 3447 5654 ipt‘wcepit

1851 5654 2020 5728 studio
2049 5654 2402 5719 crudelitatis;
2437 5655 2632 5728 Isiacos
2659 5676 2775 5714 vero
2802 5656 2969 5728 pineis
2996 5670 3155 5727 usque
3180 5655 3255 5710 adI
3274 5655 3449 5728 perni-

1853 5725 2180 5799 cientpectus
2211 5728 2425 5780 tundere
2454 5727 2684 5799 cogebat.
2715 5725 2845 5784 Bon.

1929 5793 2119 5849 Rhodi.
2150 5796 2209 5851 In
2240 5813 2345 5853 ms.
2374 5793 2587 5854 Rhodii.

1929 5864 2279 5951 Celebrantur.
2310 5868 2369 5928 lu
2387 5886 2491 5934 ms.
2506 5871 2819 5953 celebratur.
