3816 6264
379 313 516 372 1051

1712 315 1900 372 FIRM.
1941 314 2307 373 LACTANTII

3542 320 3702 390 {1053

375 429 577 487 aratori
634 430 978 496 abstulisset,
1040 438 1201 502 atque
1277 429 1643 496 immolasset,
1693 431 1783 485 ille
1840 431 1982 502 inju-
2009 435 2245 500 Acapto
2275 433 2399 486 anni
2461 447 2759 489 uccccuxx.
2801 431 2955 491 Unde
3004 431 3292 507 apparet,’
3311 451 3424 493 non
3465 439 3700 507 amplius

373 522 508 579 riam
560 538 710 578 suam
755 522 1010 577 conviciis
1055 523 1198 577 ultus
1240 531 1352 588 est,
1387 537 1558 592 eoque
1610 521 1730 591 ipso
1782 521 1976 577 Sacer-

377 614 503 670 dote
535 615 874 684 postmodum
917 615 1242 678 constituto,
1289 614 1551 667 sancitum
1601 621 1716 679 est,
1769 621 1825 666 ut
1882 613 1976 667 iis-

372 704 496 760 dem
529 705 865 770 maledictis,
905 720 960 760 et
996 705 1148 775 ipse,
1181 713 1236 759 et
1290 705 1378 757 alii
1430 713 1614 774 postea
1669 703 1975 758 sacerdotes

370 814 524 854 sacra
551 799 911 854 celebrarent.
941 796 1136 854 Cretici
1165 807 1344 853 autem
1373 797 1522 852 Jovis
1551 797 1865 868 mysterium
1891 807 1975 852 est

371 894 644 965 quomodo
672 893 848 949 infans
875 903 967 948 aut
1011 894 1316 949 subtractus
1347 893 1417 946 sit
1442 893 1577 962 patri
1604 932 1618 956 ,
1649 899 1741 946 aut
1769 891 1971 947 educa-

369 997 475 1044 tus.
528 987 750 1058 Capella
797 1000 997 1059 praesto
1060 998 1174 1051 est.
1223 987 1376 1056 cujus
1420 985 1675 1040 uberibus
1747 1001 1971 1055 puerum

369 1080 654 1138 Amalthea
685 1080 1094 1136 nutrivit.ldem
1115 1080 1276 1136 etiam
1303 1081 1489 1134 matris
1513 1078 1673 1134 deum
1702 1093 1852 1133 sacra
1880 1077 1973 1132 de-

370 1183 698 1230 monstrant.
727 1173 860 1229 Nam
909 1176 1033 1245 quia
1079 1183 1189 1227 tum
1212 1174 1545 1245 Corybantes
1573 1173 1842 1244 galearum
1872 1173 1973 1228 titt-

367 1267 571 1324 nitibus
597 1277 650 1323 et
677 1276 952 1323 scutorum
984 1266 1226 1337 pulsibus
1251 1269 1490 1337 vagitum
1523 1267 1670 1337 pueri
1703 1275 1968 1333 texerant,

367 1374 514 1416 hunc
543 1361 721 1431 imago
743 1360 822 1415 rei
849 1359 1080 1415 refertur
1107 1360 1161 1414 in
1186 1362 1389 1414 sacris:
1411 1359 1503 1414 sed
1521 1376 1616 1428 pro
1633 1357 1803 1428 galeis
1822 1372 1972 1428 cym-

366 1451 639 1524 bala.pro
684 1453 852 1508 scutis
898 1463 1148 1523 tympana
1199 1451 1466 1520 feruntur,
1502 1467 1569 1508 ne
1601 1464 1828 1521 puerum
1872 1465 1969 1503 va-

363 1546 601 1620 gientem
630 1545 895 1603 Saturnus
921 1546 1192 1602 exaudiat.

947 1660 1175 1716 CAPUT
1216 1659 1406 1717 XXIV.

835 1773 963 1839 (Div.
990 1774 1106 1825 Inst.
1137 1775 1221 1824 lib.
1249 1791 1284 1836 ι,
1313 1775 1477 1837 e22.)

676 1881 754 1938 De
782 1884 976 1955 origine
996 1899 1257 1938 sacrorum
1284 1893 1329 1936 et
1370 1882 1688 1953 religionum.

441 2019 565 2075 Ησεο
585 2028 708 2075 sunt
735 2021 990 2092 mysteria
1013 2021 1262 2076 deorum.
1292 2020 1446 2077 Nunc
1487 2022 1649 2077 etiam
1697 2023 1961 2091 originem

368 2113 688 2184 religionum
718 2115 1053 2184 requiramus
1075 2155 1090 2181 ,
1116 2125 1172 2169 ut
1210 2125 1265 2170 et
1305 2132 1335 2168 a
1374 2116 1598 2184 qnilms,
1633 2126 1685 2170 et
1719 2131 1813 2186 per
1842 2133 1960 2188 qua:

362 2215 604 2278 tempora
637 2209 892 2262 instituta:
921 2208 1150 2277 fuerint,
1189 2226 1459 2265 eruamus.
1499 2212 1754 2282 Didymus
1795 2214 1844 2267 in
1897 2213 1962 2268 iis

355 2297 507 2354 libris
551 2299 640 2369 qui
671 2299 1034 2355 inscribuntur
1061 2299 1373 2375 Ἐξηγὴσεως
1419 2301 1746 2380 Πινδαρικῆς,
1776 2305 1957 2359 Melis-

352 2405 444 2447 sea
473 2391 638 2447 fuisse
668 2391 830 2447 tradit
859 2391 1202 2448 Cretensium
1243 2410 1421 2464 regem
1450 2436 1464 2460 ,
1507 2398 1664 2464 cujus
1691 2397 1814 2452 tiliae
1837 2397 1955 2454 fue-

354 2486 464 2540 rint
491 2485 773 2541 Amalthea
804 2493 861 2540 et
883 2486 1094 2542 Melissa
1120 2529 1134 2554 ,
1167 2504 1286 2558 qua:
1315 2487 1504 2544 Jovem
1540 2491 1826 2546 nutrierint
1863 2507 1955 2546 ca-

352 2577 512 2648 prino
536 2577 673 2632 lacte
698 2592 760 2632 ac
787 2577 970 2633 melle.
1013 2579 1165 2633 Hunc
1212 2595 1380 2636 novos
1435 2581 1570 2638 ritus
1621 2597 1684 2638 ac
1735 2598 1957 2654 pompas

359 2683 636 2724 sacrarum
667 2669 1063 2738 introduxisse,
1093 2681 1147 2727 et
1177 2673 1406 2740 primum
1453 2675 1554 2728 diis
1583 2675 1917 2732 sacrificasse
1937 2717 1952 2745 ,

353 2761 406 2818 id
439 2772 522 2819 est
551 2761 759 2829 γεειω,
785 2779 905 2834 quae
935 2762 1133 2818 dicitur
1164 2764 1365 2822 Tellus.
1395 2765 1547 2822 Unde
1578 2767 1772 2852 Poeta:

845 2880 1150 2944 primamque
1170 2880 1380 2932 deorum

667 2940 921 2992 Tellurem
947 2957 962 3005 ;

349 3045 766 3112 ctpostmodnm
798 3047 992 3102 :denm
1043 3050 1212 3104 matri.
1266 3050 1608 3109 Euhemerus
1664 3063 1842 3110 autem
1899 3057 1949 3112 in

355 3152 511 3192 sacra
541 3136 761 3194 historia
813 3141 987 3209 ipsum
1036 3140 1223 3197 Jovem
1271 3144 1437 3212 dicit,
1468 3157 1749 3218 postquam
1783 3149 1951 3220 impe-

351 3229 491 3284 rium
524 3231 761 3299 ceperit,
790 3231 892 3285 sibi
923 3233 1105 3288 multis
1139 3233 1191 3287 in
1222 3233 1352 3289 locis
1381 3210 1496 3290 fana
1526 3210 1787 3308 posuisse.
1816 3210 1946 3306 Nam
1977 3210 2021 3272 Ο

359 3339 378 3373 ς
419 3322 687 3377 circuiens
718 3322 940 3391 orbem,
986 3325 1042 3379 ut
1081 3341 1348 3397 quemque
1402 3331 1453 3382 in
1494 3331 1667 3385 locum
1699 3342 1947 3400 venerat,

347 3416 624 3486 principes
650 3419 970 3486 populorum
1003 3419 1234 3474 amicitia
1263 3422 1362 3474 sibi
1392 3431 1447 3478 et
1470 3424 1684 3494 lio.~pitii
1709 3427 1831 3495 jure
1863 3443 1948 3483 so-

348 3507 545 3562 ciabat.
579 3509 745 3577 Cujus
774 3511 849 3565 rei
881 3521 937 3565 ut
978 3523 1159 3581 posset
1188 3516 1445 3570 memoria
1475 3519 1713 3587 servari,
1766 3521 1948 3576 fanum

349 3601 452 3657 sibi
479 3603 650 3658 creari
673 3603 930 3674 jnbebat,
966 3616 1128 3678 atque
1183 3609 1252 3664 ab
1299 3609 1599 3680 hospitibus
1630 3615 1741 3668 suis
1769 3632 1946 3673 annua

348 3694 486 3750 festa
513 3697 797 3752 celebrari.
830 3697 920 3754 Sic
952 3715 1046 3768 per
1077 3717 1267 3757 omnes
1296 3712 1470 3759 terras
1501 3708 1705 3762 cultum
1736 3711 1816 3765 sui
1853 3728 1950 3765 no-

348 3787 512 3844 minis
539 3790 842 3846 seminavit.
877 3809 895 3843 ›
935 3791 1162 3858 Quando
1190 3807 1370 3850 autem
1405 3796 1491 3851 isti
1523 3800 1718 3854 fuerint
1742 3844 1755 3865 ,
1791 3803 1950 3859 facile

348 3880 528 3950 Colligi
556 3891 750 3952 potest.
785 3882 984 3938 Scribit
1013 3885 1155 3939 enim
1197 3885 1418 3941 Thallus
1467 3890 1516 3942 in
1561 3889 1785 3946 historia
1815 3911 1908 3948 sua
1933 3935 1948 3960 ,

347 3971 535 4028 Belum
578 3989 759 4044 regem
809 3977 1188 4048 Assyriorum,
1222 3995 1382 4049 quem
1414 3980 1695 4052 Babylonii
1728 3987 1946 4055 colunt,

347 4063 549 4133 quique
579 4064 795 4120 Saturni
823 4065 984 4121 fuerit
1004 4067 1226 4136 aequalis
1247 4079 1302 4124 et
1322 4073 1557 4138 amicus,
1583 4077 1944 4145 antiquiorem

345 4156 514 4213 fuisse
559 4157 756 4214 Troico
796 4158 941 4214 bello
985 4161 1138 4216 annis
1196 4177 1442 4232 cccxx",
1476 4173 1684 4222 etsunt
1737 4169 1806 4225 ab
1852 4171 1944 4226 llio

2079 538 2239 593 quam
2272 538 2440 578 naccc
2463 537 2582 578 esse
2612 539 2817 592 annos,
2851 540 2921 581 ex
2958 541 3065 597 quo
3093 529 3254 582 novis
3278 529 3517 585 deorum
3541 529 3698 587 culti-

2079 615 2180 669 bus
2210 615 2468 670 institutis
2488 657 2502 683 ,
2535 614 2827 670 humanum
2857 633 3027 688 genus
3054 619 3310 676 inciderit
3333 621 3390 676 in
3422 637 3691 678 errorem.

2658 731 2890 788 CAPUT
2933 733 3099 789 XXV.

2480 844 2616 906 (Div.
2637 846 2757 898 Inst.
2781 847 2868 897 lib.
2893 866 2928 911 t,
2954 865 2998 899 c.
3025 850 3086 903 Ξ
3107 858 3162 902 et
3181 852 3287 916 23.)

2113 946 2190 1002 De
2219 965 2373 1004 aureo
2408 955 2633 1019 saeculo;
2664 956 2727 1010 de
2754 957 3044 1014 simulacris
3077 977 3137 1014 ac
3174 961 3487 1018 Prometheo
3508 1004 3523 1028 ,
3569 965 3661 1034 qui

2493 1052 2690 1114 primus
2713 1051 2971 1107 hominem
3000 1054 3260 1126 eﬂ‘igiaait.

2146 1179 2334 1236 Merito
2358 1183 2518 1254 igitur
2546 1196 2716 1255 poetae
2743 1199 3137 1246 commutatum
3171 1207 3298 1250 esse
3327 1209 3563 1251 aureum
3595 1210 3682 1252 se-

2073 1270 2250 1326 culum
2299 1289 2630 1345 memorant,
2684 1280 2824 1351 quod
2874 1284 3035 1338 fuerit
3103 1296 3366 1355 regnante
3420 1288 3679 1343 Saturno.

2073 1361 2215 1418 Nulli
2237 1368 2380 1420 enim
2424 1378 2551 1424 tunc
2599 1372 2672 1425 dii
2715 1373 3070 1430 colebantur:
3103 1377 3200 1432 sed
3229 1394 3395 1433 unum
3424 1391 3476 1435 et
3507 1381 3679 1435 solum

2071 1454 2242 1510 Deum
2275 1471 2553 1516 noverant.
2585 1460 2878 1533 Postquam
2934 1480 2991 1518 se
3038 1470 3273 1523 terrenis
3301 1485 3365 1525 ac
3396 1469 3678 1542 fragilibus

2073 1547 2526 1619 subjugaveruut,
2559 1554 2798 1609 colentes
2851 1556 2992 1627 ligna
3015 1599 3030 1623 ,
3077 1570 3134 1614 et
3176 1576 3316 1628 tera,
3350 1573 3406 1616 et
3437 1563 3677 1634 lapides,

2073 1644 2421 1697 commutatio
2444 1647 2628 1700 saeculi
2659 1647 2794 1702 facta
2817 1659 2901 1704 est
2924 1664 3094 1721 usque
3115 1654 3185 1708 ad
3208 1653 3436 1710 ferrum.
3463 1657 3677 1712 Amissa

2071 1733 2214 1788 enim
2247 1737 2339 1790 Dei
2369 1739 2588 1806 notitia,
2621 1751 2673 1794 et
2697 1757 2803 1798 uno
2829 1743 2924 1799 illo
2967 1745 3185 1802 vinculo
3214 1747 3468 1804 humana:
3501 1753 3678 1806 socie-

1994 1825 2043 1885 B
2073 1828 2198 1882 tatis
2239 1829 2499 1900 abrupto,
2542 1844 2755 1889 vastare
2798 1852 2858 1891 se
2890 1839 3154 1905 invicem,
3206 1842 3444 1911 praedari
3487 1860 3549 1898 ac
3576 1845 3675 1900 de-

2068 1920 2273 1979 bellare
2295 1937 2596 1994 creperunt.
2623 1928 2775 1995 Quod
2804 1931 2847 1984 si
2881 1948 3096 1987 rursum
3139 1937 3332 1992 oculos
3364 1954 3495 1992 suos
3525 1940 3676 1995 tolle—

2068 2025 2224 2078 rent,
2257 2032 2320 2071 ac
2375 2019 2541 2074 Deum
2591 2021 2965 2090 intuerentur,
3014 2027 3105 2097 qui
3160 2045 3256 2084 eos
3286 2030 3353 2085 ad
3401 2044 3675 2103 aspectum

2067 2110 2190 2162 caeli
2212 2111 2400 2180 suique
2421 2116 2704 2181 excitavit,
2733 2132 3004 2188 nunquam
3033 2133 3091 2174 se
3116 2136 3313 2176 curvos
3341 2133 3401 2178 et
3441 2123 3677 2181 humiles

2065 2202 2306 2258 facerent
2354 2215 2567 2262 terrena
2611 2211 2953 2279 venerando,
2993 2228 3222 2284 quorum
3247 2216 3538 2272 stultitiam
3570 2217 3668 2274 Lu-

2063 2295 2261 2351 cretius
2286 2300 2518 2367 graviter
2545 2301 2752 2355 incusat
2777 2343 2792 2370 ,
2821 2301 3044 2358 dicens:

2189 2408 2251 2458 Et
2273 2406 2457 2458 faciunt
2479 2413 2666 2461 animos
2690 2413 2902 2463 humiles
2924 2413 3185 2468 formidine
3203 2421 3373 2471 divum

2191 2471 2571 2536 Depressosque
2596 2485 2829 2536 premunt
2856 2480 2917 2527 ad
2943 2485 3151 2544 terram,
3329 2479 3335 2485 ’

2051 2612 2166 2667 qua
2213 2598 2467 2654 reddunt.
2518 2599 2629 2656 Nec
2677 2603 2986 2675 intelligunt
3026 2623 3188 2678 quam
3243 2627 3441 2667 vanum
3488 2615 3562 2669 sit
3605 2633 3665 2670 ea

2063 2689 2254 2746 timere
2307 2707 2428 2761 quae
2480 2691 2712 2763 feceris,
2768 2706 2864 2751 aut
2908 2698 2976 2754 ab
3027 2699 3112 2754 bis
3179 2702 3400 2774 aliquod
3446 2723 3664 2776 sperare

2059 2785 2548 2856 praesidiumque:
2595 2798 2743 2844 muta
2791 2799 2847 2846 et
2892 2790 3268 2863 inscnsibilia,
3299 2815 3400 2854 nec
3445 2802 3659 2870 vident,

2057 2891 2159 2930 nec
2184 2877 2406 2932 audiunt
2448 2881 2863 2949 supplicantem.
2904 2886 3043 2952 Quid
3074 2903 3207 2958 ergo
3243 2893 3541 2962 majestatis
3571 2907 3663 2950 aut

2057 2968 2294 3023 numinis
2335 2968 2535 3025 habere
2553 2983 2801 3042 possunt,
2821 2992 2942 3046 quin
2990 2989 3044 3032 et
3083 2980 3301 3037 fuerunt
3334 2984 3390 3038 in
3430 2987 3660 3042 hominis

2055 3071 2319 3129 potestate
2333 3077 2400 3116 ne
2419 3063 2608 3118 fierent
2625 3106 2641 3132 ,
2659 3076 2749 3120 aut
2773 3078 2829 3122 ut
2846 3069 2990 3124 aliud
3016 3072 3228 3141 tierent,
3251 3087 3303 3131 et
3323 3089 3447 3132 sunt
3463 3082 3650 3134 etiam-

2055 3167 2218 3208 nunc.
2267 3154 2400 3208 Nam
2431 3164 2486 3210 et
2513 3159 2703 3213 violari
2730 3170 2786 3216 et
2814 3161 2957 3218 furto
3004 3167 3200 3221 sublati
3239 3185 3502 3239 possunt,
3559 3174 3654 3228 nisi

2061 3243 2146 3297 illa
2171 3254 2224 3298 et
2252 3245 2335 3299 lex
2381 3249 2570 3317 saepiat
2609 3261 2663 3304 ct
2714 3252 2946 3309 humana
2990 3260 3255 3315 custodia.
3313 3262 3450 3319 Num
3495 3266 3654 3335 igitur

2059 3338 2256 3391 mentis
2287 3354 2399 3393 suae
2429 3355 2654 3411 compos
2683 3343 2850 3400 videri
2889 3361 3102 3416 pOIest,
3142 3354 3236 3424 qui
3275 3357 3470 3412 talibus
3521 3362 3655 3430 opti-

2058 3445 2173 3486 mas
2200 3431 2444 3489 victimas
2480 3436 2640 3490 Caedit
2660 3478 2676 3504 ,
2700 3437 2840 3494 dona
2869 3455 3190 3512 consecrat,
3221 3451 3491 3518 pretiosas
3534 3469 3650 3508 ves-

2060 3537 2140 3583 tes
2166 3529 2353 3595 otfert,
2381 3533 2535 3602 quasi
2581 3535 2656 3589 uti
2695 3549 2952 3605 possunt,
2983 3543 3074 3612 qui
3107 3555 3255 3599 motu
3301 3553 3520 3603 carent?
3548 3551 3652 3606 Me-

2060 3621 2167 3676 rito
2196 3637 2325 3693 ergo
2370 3624 2658 3696 Dionysius
2704 3630 2902 3686 Sicilia:
2934 3642 3198 3705 tyrannus
3235 3638 3366 3695 deos
3395 3641 3647 3712 Crteciaz,

2055 3730 2176 3770 cum
2207 3732 2325 3770 eam
2357 3718 2530 3774 vietor
2556 3732 2912 3792 occupasset;
2933 3731 3184 3796 spoliavit
3221 3744 3380 3803 atque
3429 3735 3643 3805 derisit,

2055 3817 2255 3878 etpost
2303 3810 2580 3882 sacrilegia
2632 3831 2752 3884 qua:
2803 3817 3135 3888 admiserat,
3168 3825 3236 3879 ad
3268 3825 3496 3883 Siciliam
3526 3846 3644 3900 pro-

2055 3917 2214 3972 spera
2242 3907 2582 3976 navigatione
2609 3914 2888 3981 remeavit,
2915 3929 3251 3989 regmnnqne
3281 3923 3450 3977 tenuit
3483 3941 3638 3996 usque

2053 3994 2120 4048 ad
2147 4006 2506 4057 senectutem.
2529 3999 2639 4056 Nec
2661 4016 2782 4057 eum
2811 4004 2884 4059 dii
2911 4008 3087 4062 violati
3119 4015 3311 4079 pttnire
3343 3994 3634 4084 potuerunt.

2121 4086 2333 4154 Quanto
2384 4090 2553 4146 satius
2583 4103 2684 4159 est,
2736 4097 2932 4166 spretis
2983 4100 3257 4170 inanibus,
3288 4107 3354 4160 ad
3389 4109 3545 4164 Deum
3573 4127 3630 4167 se

2047 4190 2387 4247 convertere,
2418 4182 2556 4239 tueri
2581 4193 2778 4240 statum
2803 4204 2965 4258 quem
2991 4206 3021 4246 a
3047 4193 3161 4251 Deo
3188 4199 3482 4268 acceperis,
3508 4205 3636 4259 tueri

1683 4301 2048 4365 VARIORUM
2087 4311 2317 4370 NOTAE.

415 4436 1107 4536 Injuriamlsuant'aonviciis
1132 4441 1429 4536 ultusjoLib.
1457 4457 1507 4536 ll,-
1527 4457 1583 4498 cn
1595 4445 1772 4536 p125
1798 4447 1939 4530 inju-
1964 4455 2016 4515 D
2043 4467 2162 4536 veni
2187 4455 2512 4536 et‘lllelissea
2529 4459 2788 4536 denotari
2816 4475 2966 4536 puto.
2998 4467 3185 4528 mus.

341 4511 645 4585 riamsuam
673 4511 693 4585 (
716 4512 816 4567 sibi
838 4512 1076 4584 illatam)
1123 4513 1406 4567 maledictis
1434 4517 1570 4569 ultus
1594 4511 1686 4570 est.
1712 4511 1936 4576 Passim

337 4582 412 4658 i_la
438 4599 572 4658 voce
600 4582 804 4658 injuria
850 4599 1019 4658 saepe
1051 4582 1236 4658 utitur,
1281 4600 1329 4640 c.
1383 4588 1447 4658 9.;
1472 4585 1564 4640 lib.
1598 4602 1634 4641 ll
1655 4629 1669 4652 ,
1698 4603 1819 4658 cap.
1852 4591 1887 4645 4
1919 4609 1932 4646 :

337 4653 592 4718 Sti'uiunt,
620 4671 681 4709 ne
700 4655 744 4708 si
771 4653 984 4730 deorum
1005 4655 1250 4727 injuriam
1278 4653 1934 4730 non‘vindicauerint'ﬂpsos

340 4736 606 4795 expectant
635 4741 813 4791 paena.
854 4725 970 4782 Lib.
1001 4725 1065 4788 v,’
1085 4742 1206 4794 cap.
1245 4727 1336 4781 '20.
1367 4726 1500 4782 Buu.

413 4795 707 4851 Sancitum.
734 4797 787 4851 ltt
812 4812 914 4852 ms.
942 4808 1196 4852 sanctum.
1481 4823 1488 4830 ·

411 4865 738 4944 Ἐξηγήσιῳς.
775 4868 871 4923 Ms.
901 4871 1185 4935 ἐξῃτήσεως
1205 4911 1219 4936 ,
1239 4869 1448 4937 Latine,
1481 4871 1598 4927 libri
1631 4872 1928 4944 Expositio-

339 4937 418 4993 nis
451 4937 762 4993 Pindarica.

413 5007 714 5088 Illelissa.l_n
743 5025 844 5088 ms.
862 5008 1070 5088 Tellita.
1088 5011 1222 5068 Vide
1255 5012 1375 5088 libri
1403 5030 1418 5068 ι
1445 5013 1679 5070 Institut.
1701 5032 1820 5088 cap.
1841 5019 1930 5075 22.

331 5080 542 5152 Bttnem
562 5099 633 5133 Ill.
665 5081 790 5152 legit
819 5081 872 5136 in
900 5083 1092 5152 eodem
1117 5098 1219 5137 ms.
1250 5083 1509 5140 Melissea.

405 5151 472 5205 Et
498 5151 925 5231 primumgtliis...
965 5151 1146 5206 Vestra.
1195 5155 1393 5231 Malim.
1430 5156 1543 5231 :‘Et
1589 5159 1689 5213 diis
1728 5164 1934 5231 sacriﬁ-

331 5238 475 5278 casse
495 5265 510 5288 ,
539 5224 594 5278 id
621 5234 694 5278 est
730 5223 928 5286 Vesta’.
959 5234 1014 5278 et
1065 5226 1405 5294 postmodum
1448 5227 1612 5283 Deum
1654 5235 1820 5287 matri.
1845 5223 1933 5289 Sic

335 5295 478 5372 enim
508 5297 721 5372 opinor,
772 5296 1036 5372 sententia
1086 5308 1232 5372 recte
1271 5299 1555 5372 procedit,
1601 5310 1656 5355 et
1706 5303 1925 5372 ordine;

330 5365 697 5435 alionni'vero
735 5367 1096 5435 perturbnior
1141 5368 1369 5423 videtur.
1405 5369 1535 5426 Vide
1562 5372 1710 5428 Lact.
1748 5365 1925 5430 Divin.

330 5434 487 5509 lns_t._,
520 5437 614 5498 lib.
649 5454 696 5509 ι,
727 5434 846 5509 eap.
875 5437 967 5492 ‘22.
1001 5438 1185 5494 Dtms.

406 5505 659 5562 Historia.
682 5508 740 5569 In
773 5505 875 5563 ms.
901 5512 1079 5564 storia.

400 5578 772 5655 Qneniquellta
797 5596 898 5636 ms.
913 5580 1162 5655 Asedlege
1185 5599 1565 5655 quemcumque.

393 5649 638 5705 Jubebat.
666 5651 726 5707 In
759 5668 859 5706 ms.
893 5649 1132 5707 Juvebat'.

399 5722 662 5794 Nominis.
685 5722 960 5794 Heuman.
982 5723 1109 5794 legit
1135 5725 1374 5780 numinis.

398 5793 515 5853 Isti.
547 5793 663 5852 Non
693 5795 914 5866 hospites
931 5793 1106 5864 lovis,
1130 5805 1186 5850 ut
1217 5797 1463 5866 l’faflius,
1497 5799 1590 5855 scd
1635 5801 1807 5872 ipsum
1831 5802 1927 5859 ,Ιο-

2087 4522 2213 4615 ⁸,18ιὶ
2238 4526 2450 4615 [ωαξης.
2485 4529 2540 4585 ld
2569 4543 2653 4588 est
2679 4522 3405 4615 ιιιιαηὶίοέαιλιῖιὰῖὶεηιρονε
3429 4552 3508 4606 isti
3530 4554 3637 4611 hos-

2043 4605 2172 4665 pites
2202 4605 2442 4653 vixerint.

2112 4665 2315 4742 Belum.
2348 4671 2402 4724 In
2431 4688 2534 4728 ms.
2564 4673 2788 4742 Bellum,
2814 4679 2912 4737 sed
2935 4684 3097 4740 male.

2044 4738 2401 4866 lognnfslhl)?
2433 4744 2516 4798 his
2543 4751 2730 4817 annis,
2758 4738 2883 4808 vide
2931 4753 3026 4810 lib.
3054 4738 3120 4823 ἶ,
3170 4774 3294 4831 cap.
3325 4765 3396 4821 23
3418 4807 3432 4832 ,
3456 4770 3630 4841 pagina

2167 4850 2182 4873 ,
2250 4831 2261 4860 ι
2329 4851 2340 4864 .
2399 4853 2411 4866 .

2113 4879 2555 4979 βξυξῗλζιξκὶῐξ-εί.
2596 4889 2775 4958 nobis;
2809 4893 2986 4950 littera
3014 4899 3160 4956 enim
3205 4920 3236 4958 υ
3273 4920 3484 4979 semper
3525 4911 3628 4969 fere

2043 4967 2142 5022 per
2172 4953 2200 5005 ὁ
2224 4955 2565 5020 exprimitur.

2117 5024 2663 5118 ραςήιξςιίιίιςῃςὶΔΗεςο
2711 5034 2896 5118 verba.
2920 5041 3049 5108 quid
3073 5045 3210 5118 _._sibi
3265 5051 3470 5118 velint,
3500 5054 3625 5109 divi-

2040 5109 2170 5181 nare
2198 5111 2314 5181 non.
2329 5112 2566 5165 possum.
2600 5100 2777 5158 Locus
2814 5100 2956 5181 enim
3004 5100 3178 5168 valde

2039 5164 2240 5259 yeriiiii
2277 5164 2622 5259 lletiiiiatiiius
2667 5187 2812 5259 putat
2866 5164 3156 5259 legendum
3175 5164 3626 5259 eégé','"o"§;e75£

2034 5238 2330 5317 intelligunt
2348 5241 2556 5317 ;__idqtte
2583 5255 2638 5317 ut
2667 5238 2898 5317 videtur,
2915 5238 3018 5307 vsat
3043 5238 3201 5312 bene:

2108 5307 2332 5394 ᾓυρβαέξ.
2365 5307 2570 5367 Forsan
2604 5307 2898 5394 legendum,
2944 5307 3335 5394 est,ﬁsitb't—ralti.
3366 5366 3437 5376 -—-
3469 5338 3624 5394 Furta

2515 5377 2832 5478 legilegi}:
2855 5377 3097 5478 Sublimi,
3408 5377 3625 5478 seiiiier:

2035 5454 2398 5548 bibet
2413 5454 2752 5548 :—Su.bla'b‘i.'
2767 5460 2842 5544 ita
2874 5454 3090 5548 volente
3108 5454 3620 5548 pia’rnJiEgEiiiifti},

2033 5528 2525 5613 quinttotamnsynain
2577 5528 2648 5613 il:
2663 5529 3208 5613 Parisiensideletam
3243 5528 3623 5613 ινοιὶῖίῗς-’Ῐιῖιῦξ

2033 5592 2086 5645 in
2115 5592 2311 5660 Paris.,
2345 5594 2582 5666 Walch.,
2611 5600 2814 5669 Davis.,
2845 5592 3615 5687 editiiiitibtt—strav‘e',‘simiai:

2219 5736 2230 5748 .
2395 5737 2442 5751 ..
2772 5744 2787 5751 _
2864 5748 2872 5751 _
3311 5690 3516 5751 Βσκει.

2107 5733 2359 5820 Qpiimas.
2395 5737 2744 5820 Heumannus
2772 5744 2901 5820 legit
2921 5752 3139 5820 opimas.

2109 5805 2198 5861 Uti
2219 5820 2449 5878 possunt.
2473 5811 2616 5887 Lege
2646 5815 2710 5870 iis
2739 5819 2814 5871 uti
2825 5805 3049 5892 possint.
