3816 6264
144 316 285 382 1055

1093 316 1393 375 ΕΡΙΤΟΜΕ
1432 314 1817 374 DIVINARUM
1854 313 2411 375 INSTITUTIONUM.

3293 327 3434 386 1054

145 448 360 489 nomen.
388 432 592 489 Idcirco
635 429 778 488 enim
804 430 1089 508 ἅνθρωπος,
1122 433 1247 504 quia
1274 448 1486 489 sursum
1508 439 1736 503 spectat,
1766 435 1819 495 Α
1846 439 1901 487 ει
1929 432 2266 503 praeclarior,
2320 441 2376 489 et
2404 433 2673 503 potentior
2718 436 2788 491 sit
2833 436 2949 507 ipse
2976 439 3244 508 conditor,
3275 450 3443 514 atque

144 526 469 581 nominatur.
501 526 725 581 Sursum
750 533 929 580 autem
960 534 1187 595 spectat,
1220 526 1310 597 qui
1342 526 1511 583 Deum
1543 541 1756 584 verum-

142 632 195 675 ct
224 618 422 685 vivum,
441 618 533 689 qui
561 629 645 675 est
670 620 726 675 in
750 620 912 688 creto,
941 620 1188 691 suspicit,
1214 622 1306 692 qui
1329 621 1613 689 artiﬁcem,
1641 623 1732 694 qui

143 722 418 781 parentem
440 712 635 768 anima:
662 728 774 768 suae
798 728 905 769 non
929 712 1093 769 modo
1122 727 1285 770 sensu
1312 730 1375 770 ac
1406 724 1610 781 mente,
1639 730 1733 772 ve-

142 817 255 858 rum
283 802 445 859 etiam
460 804 611 859 vultu
631 812 688 860 et
714 805 888 860 oculis
914 804 1235 860 sublimibus
1260 806 1472 876 quaerit.
1503 806 1605 873 Qui
1634 822 1730 863 au-

141 902 245 949 tem
266 909 327 951 se
355 894 586 951 terrenis
615 895 1017 968 humilibusque
1041 897 1356 963 substernit,
1391 900 1576 970 utique
1597 898 1729 955 illud

138 985 280 1055 quod
298 996 380 1043 est
425 987 649 1043 inferius
692 988 793 1044 sibi
818 987 1056 1058 praefert.
1085 988 1241 1056 Nam,
1274 1005 1395 1045 cum
1433 991 1548 1060 ipse
1594 1005 1730 1062 epus

139 1079 232 1134 Dei
256 1080 346 1147 sit,
379 1079 724 1136 simulacrum
766 1088 945 1136 autem
973 1095 1112 1151 opus
1136 1081 1391 1148 hominis,
1419 1096 1524 1137 non
1554 1064 1730 1152 potest

137 1174 426 1230 humanum
453 1188 591 1246 opus
610 1174 794 1230 divino
819 1174 1073 1245 anteponi
1100 1191 1115 1242 ;
1146 1183 1200 1231 et
1222 1175 1360 1231 sicut
1389 1174 1529 1231 Deus
1559 1174 1729 1229 horni-

130 1266 214 1321 nis
238 1282 436 1337 parens
475 1276 578 1335 est,
609 1268 682 1323 ita
725 1267 996 1323 simulacri
1031 1268 1211 1322 homo.
1241 1266 1449 1322 Stultus
1489 1268 1649 1337 igitur
1673 1277 1729 1324 ct

129 1373 319 1415 amens
370 1361 460 1430 qui
476 1357 666 1415 adorat
693 1358 834 1429 quod
858 1359 973 1429 ipse
1000 1358 1303 1414 fabricavit.
1327 1356 1495 1429 Cujus
1511 1358 1726 1416 artiﬁcii

126 1452 468 1509 detestabilis
495 1461 555 1509 et
579 1452 744 1523 inepti
787 1462 977 1507 auctor
1000 1450 1098 1507 fuit
1118 1452 1495 1519 Prometheus,
1526 1459 1727 1522 patruo

123 1542 273 1600 Jovis
293 1544 488 1615 Japeto
507 1553 682 1599 natus.
700 1541 831 1599 Nam
853 1559 974 1599 cum
996 1544 1228 1614 primum
1258 1542 1490 1614 Jupiter,
1512 1557 1726 1599 summo

124 1638 331 1708 potitus
348 1638 599 1710 imperio,
623 1645 893 1709 tamquam
917 1637 1084 1693 Deum
1104 1650 1164 1692 se
1188 1636 1518 1694 constituere
1535 1637 1722 1703 vellet,

122 1746 187 1786 ac
214 1732 415 1803 templa
441 1730 697 1799 condere,
721 1741 775 1786 et
811 1738 1081 1801 quaereret
1127 1729 1381 1799 aliquem,
1408 1728 1498 1800 qui
1535 1730 1726 1784 huma-

1835 521 2031 579 artifex
2051 538 2242 579 eorum
2272 523 2442 580 Deus.
2461 524 2570 582 Sed
2608 526 2682 581 illi
2712 526 3050 586 divinitatem
3079 529 3328 590 humanis
3357 535 3453 591 vi-o
3494 570 3495 573 η

1834 613 1989 669 sibus
2016 615 2450 683 aestimaverunt,
2498 616 2812 688 ignorantes
2855 634 2957 675 nec
3011 630 3270 688 aeternum
3317 638 3440 680 esse

1835 718 2019 774 posse,
2047 704 2193 776 quod
2236 705 2423 762 veniat
2447 706 2549 762 sub
2573 718 2872 778 aspectum,
2896 725 2997 767 nec
3023 711 3164 782 quod
3191 714 3262 770 sit
3280 724 3439 770 reter-

1835 811 1965 853 num
1995 812 2157 869 posse
2186 799 2362 856 oculis
2384 800 2703 857 mortalibus
2726 801 3134 870 comprehendi.

2404 933 2636 1023 CAPUT
2674 934 2890 992 xxvn.

2297 1051 2430 1113 (Div.
2456 1049 2578 1100 Inst.
2600 1047 2684 1099 lib.
2706 1064 2758 1111 ιι,
2786 1063 2830 1099 c.
2861 1046 2958 1112 l5.)

1831 1173 1911 1230 De
1940 1176 2162 1231 hominis
2189 1178 2468 1243 creatione,
2511 1186 2720 1248 peccato
2747 1185 2796 1230 et
2825 1193 2975 1248 paena
2997 1194 3016 1244 ,°
3037 1193 3097 1231 ac
3129 1178 3193 1233 de
3211 1180 3432 1250 angelis,

2294 1279 2402 1321 tum
2431 1266 2599 1332 bonis,
2633 1277 2740 1321 tum
2771 1268 2944 1345 malis.

1901 1376 2079 1432 Unum
2123 1387 2178 1433 et
2218 1378 2466 1433 ultimum
2512 1387 2697 1443 restat,
2728 1388 2808 1444 ut,
2831 1379 3083 1449 quoniam
3116 1381 3432 1453 plerumque

1827 1470 2043 1535 accidit,
2060 1470 2197 1526 sicut
2222 1470 2275 1525 in
2306 1470 2548 1527 historiis
2575 1471 2824 1543 legimus,
2841 1481 2899 1526 ιιι
2920 1472 3256 1544 majestatem
3273 1490 3428 1530 suam

1828 1559 1900 1615 dii
1926 1560 2233 1617 ostendisse
2254 1561 2538 1617 videantur
2560 1577 2656 1631 per
2679 1563 2923 1633 auguria,
2942 1579 3041 1634 per
3072 1565 3303 1632 somnia,
3328 1580 3428 1634 per

1826 1655 2066 1721 oracula,
2096 1661 2209 1709 tum
2237 1655 2398 1709 etiam
2424 1655 2596 1725 pretiis
2619 1669 2828 1721 eorum,
2858 1656 2948 1725 qui
2972 1656 3249 1726 sacrilegia
3272 1670 3426 1711 com-

1827 1744 2130 1812 miserant,
2186 1744 2408 1800 doceam
2459 1761 2578 1816 qua:
2609 1747 2745 1801 ratio
2791 1745 2842 1801 id
2893 1746 3152 1814 effecerit,
3195 1762 3264 1803 ne
3303 1747 3425 1818 quis

124 1838 251 1877 nam
283 1824 508 1893 liguram
538 1832 721 1894 posset
743 1821 1064 1893 exprimere,
1092 1831 1218 1876 tunc
1242 1819 1600 1875 Prometheus
1624 1835 1690 1875 ex

1848 1834 2135 1890 :tiamnunc
2158 1836 2211 1891 in
2241 1836 2462 1892 eosdem
2494 1837 2717 1908 laqueos
2739 1838 2958 1905 incidat,
2992 1838 3045 1893 in
3068 1852 3205 1909 quos
3225 1838 3302 1893 illi
3322 1854 3423 1894 ve-

126 1913 254 1979 titit,
285 1916 375 1985 qui
403 1915 634 1970 hominis
664 1912 894 1985 efﬁgiem
915 1914 984 1970 de
1003 1913 1182 1985 pingui
1206 1912 1318 1968 luto
1349 1912 1623 1983 figuraret,
1650 1913 1721 1967 ita

127 2006 510 2082 verisimiliter,
539 2014 600 2060 ut
633 2006 842 2060 novitas
894 2019 958 2059 ac
1005 2004 1273 2059 subtilitas
1301 2004 1433 2057 artis
1461 2003 1721 2059 miraculo

125 2108 287 2157 esset.
321 2082 557 2168 Denique
579 2097 728 2152 illum
752 2106 807 2152 et
834 2096 915 2151 sui
950 2095 1208 2170 temporis
1242 2094 1511 2162 homines,
1538 2104 1593 2151 et
1617 2110 1717 2166 po-

125 2188 237 2249 stea
262 2200 432 2263 poetae
451 2232 467 2257 ,
519 2202 789 2260 tamquam
847 2192 1088 2245 lictorem
1117 2189 1232 2245 veri
1259 2204 1323 2244 ac
1351 2188 1459 2245 vivi
1485 2188 1718 2245 hominis

129 2286 497 2359 prodiderunt,
529 2295 585 2341 et
610 2300 730 2353 nos,
759 2286 971 2356 qu0ties
1018 2283 1308 2340 fabrefacta
1336 2283 1485 2354 signa
1526 2282 1715 2338 lauda-

133 2395 271 2449 mus,
304 2380 487 2436 vivere
516 2380 603 2447 illa
631 2389 686 2435 et
731 2379 940 2450 spirare
966 2377 1210 2434 dicimus.
1248 2377 1316 2432 Et
1370 2377 1459 2433 hic
1498 2377 1714 2448 quidem

129 2481 312 2528 auctor
349 2469 448 2528 fuit
475 2471 713 2527 ﬁctilium
743 2472 1176 2526 simulacrorum.
1208 2467 1714 2541 Sequentes‘autent

130 2564 325 2636 posteri
354 2575 411 2620 et
436 2565 504 2620 de
548 2579 818 2619 marmore
847 2563 1214 2634 sculpserunt,
1248 2572 1305 2619 et
1328 2578 1394 2618 ex
1422 2576 1530 2618 tere
1556 2559 1714 2618 fude-

129 2669 284 2714 runt:
318 2658 518 2714 deinde
566 2672 821 2729 processu
867 2668 1167 2728 temporum
1196 2672 1263 2713 ex
1309 2672 1441 2714 auro
1468 2665 1525 2712 et
1551 2656 1715 2712 ebore

127 2752 346 2808 accessit
378 2760 624 2817 ornatus,
680 2763 739 2806 ut
762 2766 869 2806 non
927 2749 1088 2807 modo
1121 2749 1499 2806 similitudines
1528 2748 1714 2805 oculos

126 2844 623 2910 hominum,verum
654 2844 813 2899 etiam
837 2843 1012 2915 fulgor
1034 2843 1148 2913 ipse
1171 2842 1594 2913 prmstringeret.
1624 2840 1713 2897 Sic

125 2940 282 2994 illecti
307 2938 729 3009 pulchritudine,
749 2953 811 2993 ac
839 2953 979 2992 vera:
1003 2936 1297 3007 majestatis
1319 2935 1490 3001 obliti,
1523 2934 1703 2990 insen-

122 3032 284 3089 sibilia
301 3033 623 3100 sentientes,
649 3029 1034 3088 irrationabilia
1061 3028 1427 3094 rationabiles,
1461 3029 1709 3085 exanima

121 3127 352 3182 virentes
384 3124 608 3182 colenda
630 3124 730 3180 sibi
760 3140 824 3180 ac
851 3123 1155 3181 veneranda
1193 3122 1487 3178 duxerunt.

672 3239 901 3297 CAPUT
938 3238 1129 3296 XXVI.

608 3357 743 3422 (Div.
766 3356 886 3407 Inst.
906 3355 995 3405 lib.
1013 3371 1066 3418 ιι,
1090 3369 1136 3407 c.
1158 3356 1231 3418 5.)

394 3483 472 3540 De
500 3485 857 3540 elementorum
883 3494 930 3539 et
972 3492 1228 3539 astrorum
1254 3482 1412 3537 cultu.

181 3602 326 3660 Nunc
340 3602 655 3660 refellamus
671 3617 765 3658 eos
781 3602 962 3667 etiam,
981 3601 1071 3671 qui
1084 3602 1351 3657 elementa
1363 3596 1550 3653 mundi
1568 3604 1702 3652 tam-

118 3711 265 3766 quim
293 3696 428 3753 deos
452 3696 672 3764 habent,
694 3693 747 3749 id
767 3705 851 3751 est
876 3693 1093 3761 caelum,
1124 3692 1293 3749 solem
1317 3701 1476 3762 atque
1491 3690 1699 3756 lunam,

117 3802 329 3858 quorum
361 3788 624 3844 artificem
653 3800 760 3842 non
809 3793 1218 3857 cognoscentes,
1267 3783 1381 3853 ipsa
1409 3796 1573 3852 opera
1595 3781 1699 3835 mi-

117 3888 294 3936 rantur
321 3891 380 3937 et
403 3879 649 3936 adorant.
677 3879 778 3947 Qui
797 3893 951 3933 error
978 3891 1084 3931 non
1114 3874 1489 3945 imperitorum
1512 3871 1695 3938 modo,

117 3988 287 4029 verum
304 3974 467 4029 etiam
495 3971 936 4043 philosophorum
955 3977 1066 4037 est;
1094 3966 1360 4039 siquidem
1387 3965 1554 4023 Stoici
1575 3964 1697 4020 uni-

114 4082 253 4123 versa
280 4067 520 4125 ctelestia
546 4067 598 4121 in
628 4065 853 4121 deormn
887 4078 1111 4119 numero
1152 4060 1399 4117 habenda
1446 4069 1694 4127 censent,

114 4173 207 4227 qua
235 4172 414 4216 certos
442 4168 498 4216 et
527 4157 874 4214 rationabiles
899 4165 1074 4211 motus
1102 4154 1323 4221 habent,
1347 4153 1542 4224 quibus
1566 4168 1696 4209 suc-

114 4250 408 4307 cedentium
452 4251 554 4307 sibi
586 4260 884 4321 temporum
914 4246 1316 4303 vicissitudines
1374 4247 1698 4302 constantis-

114 4345 241 4400 sime
261 4353 501 4401 servant.
527 4343 645 4399 Non
673 4336 756 4399 est
777 4342 1002 4413 igiturin
1029 4340 1112 4395 his
1133 4338 1466 4395 voluntarius
1492 4346 1692 4404 motus,

115 4437 224 4507 quia
249 4435 565 4506 praestitutis
599 4434 809 4506 legibus
851 4433 1113 4499 serviunt,
1139 4446 1243 4486 non
1266 4430 1487 4500 proprio
1512 4429 1695 4499 utique

114 4542 287 4597 sensu,
313 4528 412 4585 sed
453 4527 666 4599 opilicio
693 4526 889 4583 summi
930 4524 1245 4592 conditoris,
1269 4522 1361 4594 qui
1390 4521 1479 4578 illa
1500 4521 1578 4577 sic
1603 4536 1692 4575 or-

1826 1916 1973 1982 teres
2018 1926 2343 1983 inciderunt.
2391 1929 2525 1983 Cum
2573 1929 2717 1985 Deus
2768 1944 2867 1999 pro
2896 1930 3096 1985 virtute
3126 1929 3424 2000 majestatis

1825 2031 1939 2072 sua:
1970 2018 2227 2073 mundum
2256 2019 2322 2074 dc
2346 2019 2515 2075 nihilo
2546 2020 2902 2090 condidisset,
2932 2023 3241 2092 coelumque
3263 2021 3423 2077 lumi-

1825 2107 1983 2162 nibus
2008 2108 2359 2177 adornasset,
2393 2121 2591 2165 terram
2641 2127 2769 2167 vero
2814 2121 2870 2167 et
2917 2129 3066 2169 mare
3094 2113 3424 2183 complesset
3457 2131 3462 2136 '

1822 2199 2164 2268 animalibus,
2198 2211 2307 2256 tum
2360 2201 2637 2257 hominem
2666 2203 2735 2259 de
2764 2205 2893 2258 limo
2936 2204 3005 2259 ad
3030 2205 3319 2274 imaginem
3347 2205 3425 2260 si-

1821 2290 2141 2347 militudinis
2180 2306 2294 2348 suae
2336 2294 2618 2363 ﬁguratum
2668 2294 2949 2365 inspiravit
2993 2296 3062 2350 ad
3103 2295 3293 2365 vitam,
3322 2312 3423 2367 po-

1820 2383 2032 2454 suitque
2058 2399 2182 2440 eum
2202 2385 2253 2439 in
2282 2384 2555 2454 paradiso,
2580 2400 2741 2455 quem
2796 2398 3118 2442 conseverat
3154 2387 3302 2442 omni
3323 2404 3421 2457 ge-

1820 2488 1953 2530 nere
1979 2474 2245 2530 fructiferi
2273 2475 2423 2546 ligni,
2441 2485 2495 2530 et
2521 2476 2778 2546 praecepit
2797 2476 2868 2542 ei,
2894 2491 2963 2532 ne
2979 2491 3083 2532 una
3103 2493 3174 2532 ex
3197 2477 3415 2547 arbore,

1818 2562 1876 2618 in
1905 2579 2008 2635 qua
2039 2573 2294 2634 posuerat
2321 2564 2372 2620 ei
2406 2565 2686 2620 scientiam
2719 2564 2849 2620 boni
2869 2565 3416 2638 malique,gustaret,

1818 2657 1934 2711 fore
1965 2656 2362 2720 interminatus,
2394 2666 2453 2710 ut
2480 2657 2641 2711 vitam
2695 2656 2966 2727 perderet,
3000 2656 3049 2712 si
3087 2656 3343 2724 fecisset;
3368 2659 3417 2715 si

1818 2761 1946 2802 vero
1969 2748 2277 2803 mandatum
2299 2758 2562 2814 servaret,
2578 2747 2894 2803 immortalis
2912 2749 3415 2818 permaneret.Tum

1816 2854 2058 2911 serpens,
2085 2840 2174 2912 qui
2201 2851 2316 2896 erat
2341 2855 2479 2895 unus
2506 2855 2569 2896 ex
2602 2840 2693 2896 Dei
2731 2840 3014 2908 ministris,
3047 2842 3292 2899 invidens
3313 2844 3417 2899 ho-

1816 2933 1946 2988 mini
1968 2934 2111 3005 quod
2134 2944 2280 2990 esset
2306 2931 2626 2991 immortalis
2646 2933 2897 3000 effectus,
2922 2934 3092 2992 illexit
3114 2951 3237 2992 eum
3262 2937 3410 3003 dolo,

1817 3034 1876 3081 ut
1922 3027 2232 3082 mandatum
2263 3027 2357 3082 Dei
2397 3028 2679 3098 legemque
2717 3026 3141 3082 transcenderet.
3192 3028 3261 3082 Et
3306 3028 3412 3085 hoc

1813 3119 1978 3176 modo
2003 3120 2286 3176 scientiam
2313 3120 2529 3191 quidem
2554 3120 2682 3176 boni
2704 3135 2768 3175 ac
2794 3119 2918 3175 mali
2940 3121 3182 3190 accepit;
3203 3120 3297 3176 sed
3323 3120 3409 3177 vi-

1733 3218 1778 3281 ο
1815 3225 1943 3280 tam,
1973 3227 2130 3284 quam
2156 3223 2471 3284 perpetuam
2502 3212 2645 3268 Deus
2672 3210 2955 3279 tribuerat,
2987 3210 3187 3268 amisit.

1882 3307 2059 3378 Ejecit
2083 3322 2214 3378 ergo
2238 3316 2573 3378 peccatorem
2602 3306 2672 3362 de
2715 3314 2905 3361 sancto
2931 3305 3071 3373 loco,
3105 3314 3161 3362 et
3180 3307 3234 3361 in
3261 3305 3406 3363 hunc

1805 3399 1990 3456 orbem
2040 3399 2318 3470 relegavit,
2348 3409 2406 3454 ut
2443 3399 2643 3455 victum
2682 3406 2957 3468 quaereret
3001 3411 3100 3466 per
3138 3396 3401 3465 laborem,

1806 3504 1864 3549 ut
1897 3493 2245 3550 difﬁcultates
2291 3501 2347 3549 et
2374 3506 2648 3548 aerumnas
2695 3504 2793 3561 pro
2822 3490 3020 3546 merito
3064 3489 3406 3557 sustineret;

1804 3586 2087 3658 ipsumque
2118 3584 2425 3656 paradisum
2453 3584 2595 3640 vallo
2621 3584 2780 3654 igneo
2807 3580 3172 3649 circumfudit,
3194 3596 3263 3637 ne
3285 3581 3407 3652 quis

1804 3678 2085 3737 hominum
2121 3676 2189 3733 ad
2216 3677 2360 3733 diem
2385 3691 2555 3747 usque
2579 3675 2769 3745 jndicii
2809 3674 2876 3729 ad
2905 3676 3083 3730 locum
3106 3674 3257 3729 illum
3281 3690 3404 3744 per-

1804 3777 1980 3842 petua:
2021 3766 2369 3824 beatitudinis
2419 3775 2710 3822 conaretur
2759 3765 3019 3834 irrepere.
3050 3764 3184 3819 Tum
3217 3775 3404 3821 secuta

1803 3872 1888 3920 εει
1926 3862 2200 3919 hominem
2229 3874 2376 3916 mors
2405 3875 2473 3916 ex
2520 3859 2617 3915 Dei
2657 3857 2922 3914 sententia
2954 3872 2968 3922 ;
2999 3863 3056 3912 et
3086 3866 3265 3913 tamen
3292 3858 3401 3913 vita

1801 3957 1939 4028 ejus,
1966 3956 2092 4012 licet
2145 3953 2456 4024 temporalis
2486 3967 2607 4008 esse
2655 3951 2950 4020 cmpisset,
2989 3949 3042 4003 in
3071 3949 3217 4004 mille
3243 3949 3401 4004 annis

1800 4047 2090 4109 terminum
2135 4045 2393 4118 sumpsit,
2424 4052 2479 4099 et
2507 4042 2559 4098 id
2602 4040 2703 4097 fttit
2731 4041 2980 4097 humana:
3019 4041 3140 4096 vita:
3166 4042 3398 4111 spatium

1798 4158 1970 4213 usque
1996 4141 2064 4197 ad
2089 4138 2402 4212 cataclysmi
2425 4147 2654 4208 tempus.
2680 4135 2814 4192 Nam
2837 4145 2958 4206 post
2982 4134 3243 4190 diluvium
3271 4150 3398 4205 pau-

1799 4236 1947 4291 latim
1972 4237 2080 4290 vita
2114 4232 2392 4290 hominum
2417 4230 2678 4297 breviata,
2714 4227 2854 4284 etad
2879 4242 3053 4283 annos
3083 4237 3302 4283 centum
3320 4227 3399 4282 vi-

1796 4326 1930 4398 ginti
1961 4329 2179 4382 redacta
2205 4333 2309 4379 est.
2353 4321 2591 4391 Serpens
2620 4336 2750 4376 vero
2770 4319 2884 4385 ille,
2904 4320 2992 4390 qui
3016 4319 3084 4374 de
3113 4319 3265 4375 factis
3280 4319 3399 4374 dia-

1798 4419 1974 4483 bolus,
2002 4417 2055 4472 id
2085 4426 2187 4486 est,
2217 4414 2536 4471 criminator
2562 4413 2677 4468 sive
2698 4412 2913 4469 delator
2931 4427 3131 4468 nomen
3158 4412 3391 4482 accepit,

1797 4527 1904 4568 non
1925 4510 2129 4568 destitit
2171 4523 2356 4566 semen
2396 4505 2656 4573 hominis,
2685 4520 2844 4575 quem
2873 4520 2901 4558 a
2932 4504 3197 4574 principio
3236 4505 3396 4561 dece-

112 4596 321 4685 dinavit,
351 4630 413 4675 ut
433 4596 822 4676 inenarrabiles
845 4632 1038 4673 cursus
1061 4626 1115 4671 et
1139 4624 1287 4671 certa
1312 4614 1485 4685 spatia
1514 4612 1682 4669 conli-
1714 4613 1768 4673 D
1792 4615 1965 4678 Perilla
2019 4602 2288 4674 νενεθίιυίι
2333 4598 2574 4669 Denique
2619 4612 2762 4662 eum»
2814 4596 2906 4667 (ιιιῖ
2946 4597 3151 4667 Primus
3201 4597 3254 4652 ίη
3286 4596 3393 4652 hoc

112 4724 304 4781 cerent,
329 4713 527 4786 quibus
554 4713 761 4768 dierum
786 4727 849 4767 ac
879 4712 1140 4777 noctium,
1169 4707 1372 4764 aestatis
1402 4716 1457 4762 et
1479 4704 1690 4775 hyemis
1738 4730 1743 4735 ’

112 4806 301 4862 alterna
328 4807 618 4862 variarent.
644 4804 799 4874 Quod
839 4805 884 4860 si
906 4803 1130 4859 elfectus
1155 4816 1367 4866 eorum,
1390 4799 1435 4855 si
1457 4808 1687 4865 meatus,

114 4897 152 4950 si
175 4898 489 4964 claritatem,
519 4898 563 4952 si
593 4896 972 4961 constantiam,
1001 4894 1047 4949 si
1097 4892 1549 4963 pulchritudinem
1588 4890 1688 4945 ad-

114 4989 378 5057 mirantur,
396 4990 695 5059 intelligere
715 4988 1039 5055 dcbuerunt,
1058 4994 1258 5056 quanto
1277 4983 1360 5040 his
1383 4983 1680 5054 pulchrior,

1795 4700 1926 4758 orbe
1950 4704 2239 4770 generatus
2261 4701 2363 4760 est,
2385 4692 2647 4762 inspirato
2673 4691 2868 4756 livore,
2897 4689 2949 4743 in
2973 4687 3178 4745 caedem
3208 4687 3392 4745 fratris
3440 4768 3445 4771 _

1794 4791 2041 4859 armavit,
2070 4798 2129 4845 ut
2156 4787 2225 4844 de
2248 4785 2462 4841 duobus
2509 4781 2884 4854 primogenitis
2923 4778 3230 4837 hominibus
3259 4780 3390 4837 alte~

1791 4901 1913 4944 rum
1963 4883 2324 4953 extingueret,
2378 4878 2607 4933 alterum
2670 4874 2875 4933 faceret
2903 4872 3248 4945 parricidam.
3277 4873 3389 4930 Nec

1792 4977 1994 5053 quievit
2013 4977 2288 5048 deinceps,
2303 4971 2594 5046 quominus
2624 4982 2720 5040 per
2746 4968 2984 5041 singulas
3004 4968 3384 5039 generationes

1415 5142 1775 5201 VARIORUM
1811 5137 2043 5199 NOTAE}.

180 5288 408 5345 Sursum.
439 5290 495 5344 lu
525 5304 655 5356 ms.,
685 5303 860 5344 susum
892 5304 906 5352 ;
934 5270 1027 5341 sed
1052 5283 1302 5341 mendum
1331 5293 1433 5339 est.

179 5377 539 5435 Rationabiles.
578 5380 650 5433 lla
680 5397 808 5446 ms.,
840 5387 895 5449 at
921 5377 1115 5449 legitur
1141 5378 1193 5430 in
1225 5374 1356 5431 edit.
1386 5374 1584 5441 Paris.,
1615 5375 1689 5428 ir-

114 5451 421 5508 rationabiles
449 5469 463 5518 ;
494 5451 588 5508 sed
612 5451 770 5507 male.
804 5448 923 5505 νεα.
950 5448 1180 5519 praeced.
1215 5456 1265 5503 et
1285 5461 1399 5518 seq.

176 5543 265 5597 Ac.
283 5543 340 5599 In
370 5560 472 5601 ms.
495 5544 584 5598 ad.

177 5612 239 5684 lu
261 5630 404 5684 quos.
434 5613 502 5669 ιιι
527 5615 681 5671 deest
711 5614 763 5669 in
785 5630 885 5670 ms.

174 5659 239 5738 ὶὶἱ
261 5659 1065 5756 1,2}:satiazTaiiiiaiomen
1088 5683 1141 5756 ei
1161 5660 1416 5756 deletum:
1436 5659 1550 5756 {tuti
1578 5679 1684 5734 Da-
1728 5698 1735 5701 -

113 5749 289 5811 visiusf
314 5749 470 5812 Certe
496 5758 612 5813 sine
637 5757 739 5811 hoc
759 5755 1103 5827 pronomine,
1129 5754 1253 5827 lLll,
1273 5768 1323 5807 c.
1348 5752 1415 5809 12
1439 5769 1451 5806 :
1484 5749 1553 5807 In
1581 5767 1685 5823 qua

114 5838 333 5900 posuerat
362 5827 743 5899 intelligentiam
760 5823 890 5881 'boni
911 5835 958 5881 et
981 5825 1124 5880 ntali.
1156 5823 1289 5881 BUN.

375 5921 649 5988 Pnaon.
692 5920 798 5984 Vl.

1865 5277 2079 5335 Sancto.
2112 5273 2171 5330 In
2192 5287 2298 5330 ms.
2342 5273 2464 5338 Sco,
2491 5269 2636 5341 quod
2663 5273 2838 5340 potest
2862 5273 2918 5322 et
2962 5273 3139 5321 sancto
3160 5276 3215 5322 et
3239 5283 3385 5327 sacro

1789 5348 2036 5419 intelligi.
2857 5349 2861 5353 ’

1859 5443 2113 5513 lrrepere.
2132 5440 2416 5513 _Anonym.
2442 5433 2572 5513 legi_t
2585 5433 2890 5503 irrumpere.

1862 5505 2011 5570 Tum.
2027 5511 2284 5568 Additum
2307 5505 2378 5565 ex
2398 5522 2498 5562 ms.
2524 5505 2689 5560 Taur.

1860 5606 2060 5661 Livore.
2093 5603 2153 5657 In
2205 5616 2307 5655 ms.
2373 5596 2544 5652 libere.
2578 5625 2650 5637 ——
2677 5594 2877 5649 Livore.
2900 5593 2975 5649 Ita
3022 5602 3168 5650 recte
3196 5608 3384 5652 θοι-τεο

1788 5686 1954 5733 ctum.
1981 5673 2138 5730 Conf.
2172 5672 2208 5726 l.
2232 5687 2295 5739 ιι,
2324 5684 2374 5725 c.
2405 5667 2459 5735 8,
2485 5677 2665 5738 suapte
2713 5664 2925 5732 invidia,
2992 5675 3248 5732 tamquam
3294 5684 3381 5739 ue-

1788 5765 1918 5803 neno
1947 5748 2167 5817 infectus
2193 5739 2526 5817 est..._Unde
2571 5746 2797 5817 apparet
2849 5747 3168 5792 cunctorum
3219 5738 3386 5796 male.

1786 5836 1905 5879 rum
1943 5809 2147 5883 fontem
2175 5827 2296 5875 esse
2323 5811 2568 5871 livorem.
2595 5809 2730 5867 Bos.
2946 5897 2983 5967 3

2989 5900 3024 5966 3
