3816 6264
374 299 398 354 1
409 297 515 355 035

1689 286 1874 344 FIRM.
1916 284 2278 344 LACTANTII

3551 282 3699 344 1056

380 407 690 484 pectoribus
717 405 994 460 hominum
1042 401 1260 457 malitia:
1314 401 1463 456 virus
1510 399 1837 468 inlunderet,
1871 415 1967 458 eos
1992 403 2046 462 Î‘
2071 401 2293 458 talitatis
2318 399 2540 457 caeleste
2562 400 2842 471 praemium
2870 403 3246 471 pervenirent.

374 506 766 570 corrumperet,
807 497 1156 566 depravaret,
1208 494 1368 549 tantis
1403 494 1632 565 denique
1671 494 1969 550 sceleribus

375 598 647 658 obrueret,
672 601 730 646 ut
752 589 973 660 justith
1010 588 1122 658 jam
1161 601 1340 641 rarum
1373 597 1518 643 esset
1556 587 1889 657 exemplum,
1915 594 1971 642 st

372 690 616 743 viverent
643 683 893 740 homines
916 682 1021 736 ritu
1046 679 1370 735 belluarum.

445 779 597 847 Quod
629 779 774 833 Deus
798 791 920 832 cum
947 774 1178 839 videret,
1205 773 1427 844 angelos
1455 787 1582 828 suos
1610 771 1778 839 misit,
1802 781 1861 826 ut
1885 771 1965 825 vi-

374 881 482 926 tant
508 870 782 924 hominum
825 866 1158 929 cxcolercnt,
1188 880 1389 934 eosque
1416 864 1484 918 ab
1514 864 1660 918 omni
1685 863 1826 917 malo
1853 872 1970 917 tue-

372 971 584 1019 rentur.
613 961 708 1016 His
753 959 1065 1015 mandatum
1095 957 1266 1022 dedit,
1300 967 1356 1012 ut
1378 972 1439 1012 se
1480 957 1710 1013 terrenis
1733 955 1969 1010 abstine-

371 1063 516 1122 rent,
547 1069 614 1109 ne
639 1067 744 1122 qua
775 1051 893 1107 labe
921 1049 1195 1114 maculati,
1226 1050 1433 1104 honore
1461 1048 1710 1119 angelico
1741 1047 1969 1102 mulcta-

370 1155 581 1201 rentur.
600 1143 707 1202 Sed
725 1158 820 1201 eos
837 1157 1052 1214 quoque
1077 1141 1218 1196 idem
1243 1141 1334 1196 ille
1351 1140 1612 1195 subdolus
1628 1139 1967 1204 criminator,

371 1241 499 1296 dum
529 1239 670 1294 inter
693 1237 941 1292 homines
967 1243 1393 1297 commorantur,
1433 1232 1606 1288 illexit
1631 1232 1697 1287 ad
1723 1233 1968 1301 volupta-

370 1342 453 1389 tes
484 1341 542 1388 ut
565 1346 624 1387 se
653 1345 777 1386 cum
813 1328 1132 1385 mulieribus
1158 1326 1520 1397 inquinarent.
1556 1325 1692 1380 Tum
1734 1325 1970 1380 damnati

367 1424 635 1482 sententia
686 1424 802 1489 Dei,
834 1433 890 1479 et
933 1423 1002 1476 ob
1034 1429 1252 1492 peccata
1293 1419 1542 1489 projecti,
1571 1428 1626 1474 et
1650 1433 1847 1473 nomen
1875 1433 1968 1471 an-

369 1519 642 1590 gelorum,
674 1525 729 1571 et
767 1514 1121 1570 substantiam
1156 1510 1524 1582 perdiderunt.
1557 1511 1633 1566 Ita
1663 1510 1860 1565 diaboli
1887 1524 1970 1564 sa-

372 1611 570 1667 tellites
603 1609 751 1673 facti,
783 1617 841 1664 ut
883 1606 1146 1662 haberent
1191 1603 1440 1660 solatium
1470 1603 1786 1673 perditionis
1835 1617 1967 1667 sum,

366 1705 432 1760 ad
459 1702 766 1776 perdendos
799 1701 1050 1758 homines
1079 1715 1137 1756 se
1160 1705 1572 1762 converterunt,
1601 1712 1741 1768 quos
1765 1705 1824 1753 ut
1849 1706 1968 1752 tue-

366 1806 554 1854 rentur
579 1795 936 1852 advenerant.

915 1906 1144 1964 CAPUT
1184 1905 1426 1962 XXVIII.

551 2024 634 2082 De
647 2025 980 2090 daemonibus,
1002 2039 1062 2077 ac
1083 2038 1256 2077 eorum
1277 2021 1656 2092 operationibus
1681 2019 1850 2073 malis.

439 2160 504 2215 Hi
526 2169 652 2215 sunt
677 2158 978 2223 daemones,
1008 2154 1077 2210 de
1097 2155 1291 2224 quibus
1321 2162 1493 2223 poetae
1519 2167 1664 2223 stupe
1686 2152 1743 2206 in
1765 2151 1964 2207 carmi-

367 2253 526 2308 nibus
546 2250 659 2306 suis
682 2249 996 2320 loquuntur,
1026 2260 1161 2316 quos
1181 2245 1436 2302 custodes
1473 2246 1751 2301 hominum
1777 2244 1963 2316 appel-

360 2347 434 2400 lat
460 2343 742 2400 Hesiodus.
765 2342 840 2397 Ita
866 2341 1008 2397 enim
1030 2350 1413 2410 persuaserunt
1438 2340 1746 2396 hominibus
1773 2339 1964 2396 illece-
1995 2401 2000 2406 _

363 2437 478 2494 bris
503 2446 666 2506 atque
686 2433 910 2488 fallaciis
936 2432 1068 2496 suis,
1093 2441 1152 2486 ut
1195 2432 1417 2488 eosdem
1459 2431 1591 2486 deos
1617 2445 1738 2486 esse
1777 2430 1967 2486 crede-

364 2537 508 2586 rent.
532 2527 778 2598 Denique
792 2526 1045 2582 Socrates
1066 2523 1266 2580 habere
1287 2538 1346 2579 se
1365 2539 1394 2577 a
1418 2524 1586 2594 prima
1616 2524 1843 2594 pueritia
1866 2539 1963 2580 cu-

361 2622 572 2679 stodem
598 2629 973 2689 rectoremque
997 2619 1120 2673 vitae
1141 2632 1252 2673 suae
1279 2617 1585 2674 daemonem
1613 2618 1966 2689 praedicabat,

366 2713 486 2768 sine
513 2711 668 2781 cujus
694 2720 828 2766 notu
857 2718 913 2765 et
938 2709 1168 2778 imperio
1195 2708 1326 2762 nihil
1349 2723 1510 2779 agere
1537 2718 1736 2778 posset.
1766 2709 1965 2764 Adbae-

362 2813 486 2860 rent
511 2818 642 2875 ergo
666 2802 915 2873 singulis,
947 2810 1002 2857 et
1026 2801 1126 2856 sub
1167 2801 1384 2856 nomine
1422 2801 1714 2856 Geniorum
1747 2810 1841 2856 aut
1864 2802 1966 2857 Pe-

365 2897 571 2952 natium
617 2896 808 2951 domos
844 2902 1130 2962 occupant.
1163 2893 1257 2948 His
1285 2893 1520 2949 sacraria
1539 2896 1962 2962 constituuntur,

362 2991 449 3044 his
476 2988 714 3060 quotidie
739 2987 936 3042 libatur
961 2995 1018 3040 ut
1054 2985 1302 3049 Laribus,
1337 2985 1420 3040 bis
1446 2986 1621 3042 honos
1647 2986 1803 3042 datur
1828 2997 1964 3042 tam-

363 3097 524 3154 quam
553 3081 816 3136 malorum
843 3079 1242 3149 depulsoribus.
1261 3078 1326 3134 Hi
1348 3094 1376 3132 a
1400 3080 1684 3150 principio,
1719 3091 1778 3136 ut
1807 3097 1965 3137 aver-

2146 493 2313 548 Iidem
2340 491 2686 562 astrologiam
2738 491 3116 562 prodiderunt,
3148 503 3204 548 et
3241 501 3604 565 auguratum,
3634 502 3690 550 et

2072 584 2392 652 aruSpicium
2423 603 2438 650 ;
2471 599 2590 654 qua:
2645 599 2767 639 cum
2796 599 2892 655 per
2921 600 2983 641 se
3009 584 3143 641 falsa
3177 589 3309 654 sint,
3335 595 3531 642 tamen
3561 586 3692 652 ipsi,

2072 686 2329 732 auctores
2362 677 2648 744 malorum,
2677 677 2756 731 sic
2785 692 2849 732 ea
2875 677 3204 748 gubernant,
3223 679 3303 734 sic
3348 687 3690 748 temperant,

2073 778 2133 825 ut
2165 783 2290 824 vera
2311 769 2622 826 credantur.
2640 770 2747 842 Ipsi
2773 772 2937 826 etiam
2959 772 3180 842 magiae
3210 775 3341 828 artis
3374 773 3694 843 prazstigias

2073 861 2139 916 ad
2167 861 2690 918 circumscribendos
2739 863 2928 919 oculos
2966 874 3306 935 repererunt.
3334 864 3568 920 Illorum
3597 863 3693 918 ad-

2072 957 2369 1028 epiratione
2398 956 2477 1022 iit,
2510 964 2570 1011 ut
2593 957 2738 1028 quod
2767 958 2860 1025 sit,
2889 973 2996 1013 non
3018 973 3162 1025 esse,
3185 968 3242 1014 et
3265 958 3411 1029 quod
3444 973 3560 1013 non
3592 961 3690 1022 sit,

2073 1062 2194 1103 esse
2211 1047 2475 1104 videatur.
2497 1048 2600 1118 Ipsi
2629 1050 3044 1116 necromantias,
3063 1049 3166 1120 ipsi
3192 1058 3368 1105 sortes
3389 1059 3443 1105 et
3459 1049 3692 1104 oracula

2075 1138 2423 1202 invenerunt,
2448 1149 2505 1194 ut
2532 1148 2741 1196 mentes
2765 1139 3046 1196 hominum
3074 1156 3171 1212 per
3193 1142 3476 1213 ambiguos
3503 1142 3694 1197 exitus

2074 1232 2298 1285 mentita
2329 1230 2661 1288 divinatione
2705 1232 2987 1288 deludant.
3013 1233 3074 1288 In
3119 1233 3334 1304 templis
3361 1249 3495 1290 vero
3517 1243 3578 1288 et
3601 1249 3695 1288 sa-

2074 1323 2291 1379 crificiis
2315 1324 2565 1380 omnibus
2611 1336 2906 1395 praesentes
2947 1326 3168 1395 adsunt,
3195 1337 3252 1383 et
3273 1329 3545 1400 prodigiis
3569 1329 3687 1399 qui-

2073 1416 2301 1472 busdam
2353 1418 2633 1475 fallacibus
2663 1421 2824 1476 editis
2849 1420 2918 1476 ad
2945 1420 3270 1477 miraculum
3300 1424 3682 1492 prasentiurn,

2073 1509 2153 1564 sic
2175 1509 2423 1566 homines
2449 1512 2904 1580 circumveniunt,
2932 1523 2992 1567 ut
3012 1514 3194 1569 inesse
3217 1529 3421 1569 numen
3453 1514 3686 1570 simula-

2075 1601 2182 1655 cris
2207 1611 2262 1657 et
2287 1601 2609 1673 imaginibus
2625 1603 2870 1659 credant.
2888 1604 3136 1675 lrrepunt
3147 1605 3312 1661 etiam
3329 1608 3684 1676 corporibus,

2075 1703 2134 1746 ut
2163 1693 2383 1762 spiritus
2411 1703 2623 1761 tenues,
2649 1695 2957 1767 vitiatisque
2978 1697 3261 1763 membris,
3295 1697 3524 1752 morbos
3551 1713 3684 1754 con-

2002 1797 2050 1858 B
2075 1785 2246 1853 ciunt,
2264 1800 2401 1855 quos
2427 1787 2706 1843 sacriï¬ciis
2733 1789 2978 1859 votisque
2993 1789 3188 1859 placati
3212 1790 3567 1860 postmodum
3592 1806 3680 1845 re-

2072 1875 2254 1934 laxcnt
2289 1898 2303 1933 :
2328 1880 2535 1936 somnia
2567 1881 2887 1948 immittunt,
2913 1893 3006 1938 aut
3030 1884 3190 1954 plane
3220 1894 3481 1949 terrores,
3498 1897 3555 1940 ut
3576 1886 3682 1956 ipsi

2077 1982 2353 2042 rogentur,
2383 1984 2477 2029 aut
2494 1990 2724 2046 quorum
2755 1978 2932 2033 exitus
2959 1978 3328 2048 respondeant
3353 1981 3598 2046 veritati,
3625 1991 3683 2035 ut

2079 2066 2482 2122 venerationem
2513 2069 2598 2123 sui
2619 2077 2870 2140 augeant.
2895 2069 3293 2142 Nonnunquam
3317 2073 3482 2128 etiam
3513 2074 3570 2126 in
3598 2087 3682 2126 sa-

2068 2158 2302 2229 crilegos
2345 2159 2516 2216 edunt
2559 2162 2761 2233 aliquid
2793 2163 3055 2231 ultionis,
3110 2175 3171 2219 ut
3200 2166 3450 2236 quisquis
3487 2166 3684 2221 viderit

2070 2251 2307 2306 timidior
2335 2267 2397 2308 ac
2425 2255 2727 2324 religiosior
2743 2255 2855 2312 fiat.
2875 2255 2965 2312 Sic
2987 2256 3268 2313 fraudibus
3294 2259 3412 2314 suis
3441 2258 3684 2314 obduxe-

2068 2355 2194 2399 runt
2223 2345 2457 2401 humano
2485 2349 2671 2418 generi
2712 2349 2998 2417 tenebras,
3026 2361 3106 2418 ut,
3133 2365 3397 2422 oppressa
3428 2353 3677 2420 veritate,

2067 2439 2264 2496 summi
2305 2456 2370 2498 ac
2416 2441 2704 2513 singularis
2742 2442 2837 2499 Dei
2899 2459 3096 2500 nomen
3123 2445 3179 2499 in
3207 2445 3545 2502 oblivionem
3578 2462 3677 2502 ve-

2071 2534 2230 2592 niret.
2568 2534 2571 2537 â€™

2658 2628 2887 2686 CAPUT
2927 2629 3121 2686 XXIX.

2467 2743 2600 2806 (Div.
2626 2741 2751 2794 Inst.
2769 2742 2858 2793 lib.
2883 2759 2936 2803 Î¹Î¹,
2961 2756 3008 2794 c.
3031 2745 3066 2794 9
3086 2753 3140 2794 et
3165 2745 3272 2808 18.)

2352 2849 2432 2906 De
2462 2850 2557 2906 Dei
2588 2851 2836 2922 patientia
2855 2859 3006 2921 atque
3054 2853 3398 2922 providentia.

2137 2987 2241 3045 Sed
2255 2986 2382 3043 dicit
2407 2988 2667 3058 quispiam
2687 2987 2848 3043 :iCur
2868 3002 2998 3058 ergo
3011 3003 3174 3043 verus
3196 2987 3290 3044 ille
3311 2988 3452 3045 Deus
3474 2992 3676 3059 patitur

2067 3081 2181 3137 haec
2197 3081 2426 3136 tieriâ€˜lAn
2447 3082 2622 3152 potius
2651 3082 2822 3137 malos
2842 3080 2928 3136 vel
2955 3083 3366 3147 summovet,vel
3388 3084 3675 3154 extinguit?

363 3182 540 3229 terent
562 3172 809 3228 homines
833 3187 864 3226 a
894 3171 988 3227 Dei
1020 3171 1134 3225 veri
1163 3171 1456 3240 agnitione,
1483 3188 1651 3228 novas
1670 3173 1961 3244 religiones
1989 3175 2033 3239 C
2066 3173 2174 3229 Cur
2197 3189 2325 3230 vero
2346 3174 2447 3244 ipsi
2474 3173 2706 3228 daemoni
2729 3177 2900 3249 á¼€ÏÏ‡á½´Î½
2923 3189 2949 3226 a
2970 3174 3237 3244 principio
3252 3173 3399 3242 fecit,
3433 3185 3672 3241 utesset,

361 3277 420 3324 c1.
464 3267 642 3322 cultus
690 3267 916 3321 deorum
964 3263 1384 3319 introduxerunt
1417 3281 1428 3317 :
1461 3265 1514 3320 hi
1560 3267 1852 3321 memorias
1875 3282 1962 3322 re--

361 3378 489 3432 gum
515 3368 848 3415 mortuorum
893 3359 1224 3424 consecrari,
1255 3359 1454 3428 templa
1493 3360 1770 3428 constitui,
1796 3361 1963 3416 simu-

361 3457 504 3511 lacra
534 3453 650 3508 fieri
669 3452 990 3514 docuerunt,
1017 3466 1122 3505 non
1143 3459 1200 3505 ut
1223 3453 1484 3508 honorent
1513 3453 1604 3508 Dei
1631 3451 1960 3519 minuerint;

361 3558 456 3602 aut
483 3561 637 3601 suum
693 3552 976 3615 augerent,
1003 3557 1165 3614 quem
1199 3543 1474 3612 peccando
1503 3543 1801 3600 amiserunt
1828 3562 1840 3598 :
1869 3545 1965 3601 sed

362 3647 422 3693 ut
444 3639 608 3693 vitam
643 3635 956 3691 hominibus
1007 3635 1302 3704 eriperent,
1334 3650 1486 3706 Spem
1515 3650 1658 3692 verae
1698 3637 1834 3692 lucis
1869 3653 1967 3693 au-

361 3730 583 3798 ferrent,
617 3745 685 3786 ne
707 3729 975 3796 homines,
1001 3726 1144 3784 unde
1172 3727 1248 3784 illi
1277 3728 1621 3796 exciderunt,
1650 3729 1720 3787 ad
1740 3731 1966 3787 immoro

2066 3268 2157 3338 qui
2185 3277 2375 3322 cuncta
2422 3276 2813 3336 corrumperet,
2849 3278 3041 3321 cuncta
3075 3266 3454 3337 disperderet?
3489 3268 3672 3323 Diam

2066 3360 2321 3427 breviter,
2341 3374 2438 3414 cur
2461 3357 2603 3412 hunc
2620 3357 2779 3412 talem
2805 3372 2927 3413 esse
2941 3357 3393 3426 volucrit.Qu:ero
3423 3348 3674 3414 utrumne

2065 3451 2235 3506 virtus
2266 3452 2468 3506 bonum
2489 3450 2579 3516 sit,
2600 3464 2667 3504 an
2693 3449 2930 3504 malum?
2961 3450 3155 3522 Negari
3182 3465 3288 3506 non
3310 3461 3510 3522 potest,
3540 3452 3669 3522 quin

2067 3543 2288 3600 bonum.
2319 3542 2376 3598 Si
2401 3543 2602 3598 bonum
2628 3551 2710 3597 est
2733 3541 2922 3606 virtus,
2952 3543 3153 3597 malum
3181 3551 3265 3598 est
3291 3543 3453 3614 igitur
3481 3559 3516 3598 e
3535 3559 3663 3599 con-

2071 3636 2233 3692 trario
2258 3636 2464 3690 vitium.
2490 3635 2548 3690 Si
2577 3633 2762 3689 vitium
2791 3649 2858 3690 ex
2886 3650 2952 3691 eo
2989 3635 3187 3691 malum
3217 3645 3320 3704 est,
3351 3638 3476 3708 quia
3502 3637 3669 3691 virtu-

2069 3737 2178 3783 tem
2235 3728 2548 3798 impugnat,
2581 3735 2634 3782 et
2688 3727 2859 3782 virtus
2887 3741 2948 3782 ex
2975 3741 3040 3782 eo
3073 3727 3274 3784 bonum
3299 3737 3400 3796 est,
3431 3731 3556 3800 quia
3590 3730 3667 3785 vi-

1699 3844 2061 3905 VARIORUM
2099 3843 2332 3902 NOTAE.

436 3959 562 4014 Eos.
594 3959 710 4015 Non
737 3967 888 4015 extat
908 3960 960 4013 in
991 3974 1092 4013 ms.

435 4029 653 4084 Rarum.
681 4030 738 4086 In
763 4046 864 4085 ms.
888 4046 1081 4084 rerum.

438 4100 526 4155 Et.
557 4102 612 4155 In
642 4115 744 4156 ms.
774 4101 885 4154 sed.

448 4170 761 4240 Voluptates.
792 4171 849 4224 In
878 4183 979 4224 ms.
1009 4170 1310 4224 voluntates.

441 4239 722 4317 Sententia.
756 4241 811 4295 In
843 4257 944 4295 ms.
965 4239 1532 4317 senten_tiam._C_lariss.
1561 4243 1780 4301 Iâ€˜lalâ€˜lius
1811 4257 1960 4317 putat.

368 4313 653 4386 legendum
677 4327 796 4386 esse
819 4328 908 4382 per
928 4312 1234 4386 sententiam
1262 4311 1378 4368 Dei.

437 4382 716 4439 Haberent.
749 4383 804 4438 Iu
835 4398 935 4437 ms.
967 4382 1204 4436 habeant.

438 4457 691 4513 Salutium
723 4454 1022 4523 perditionis
1062 4469 1190 4508 sure.
1219 4453 1281 4509 L.
1314 4470 1374 4520 tt,
1405 4471 1454 4510 c.
1488 4455 1591 4510 14:
1628 4457 1715 4512 Sic
1737 4475 1821 4514 eos
1842 4460 1958 4514 dia-

367 4529 508 4584 bolus
535 4541 598 4581 ex
626 4527 821 4596 angelis
865 4523 962 4578 Dei
985 4541 1103 4579 suos
1125 4526 1241 4596 fecit
1281 4526 1525 4582 satellites
1543 4544 1602 4581 ac
1635 4531 1960 4586 ministros...

367 4601 507 4654 lli...
543 4599 728 4668 perditi
746 4613 836 4668 per
865 4611 1064 4668 omnem
1092 4605 1283 4668 terram
1319 4608 1590 4668 vagantur,
1629 4611 1675 4653 et
1724 4602 1968 4657 solatium

367 4665 668 4740 perditionis
688 4665 794 4723 sua:
823 4665 1097 4740 perdendis
1119 4665 1410 4740 hominibus
1431 4683 1730 4738 operantur.
1758 4673 1890 4728 BDN.

434 4742 523 4797 Se.
551 4740 667 4794 Non
693 4748 841 4795 extat
861 4739 912 4792 in
941 4752 1068 4805 ms.,
1087 4737 1208 4794 ideo
1254 4738 1385 4794 illud
1415 4737 1640 4797 verbum
1672 4743 1831 4814 ejecit
1857 4745 1966 4801 Bu-

372 4827 588 4867 neman.

443 4882 817 4950 Rectoremque.
855 4879 912 4934 In
956 4892 1059 4934 ms.
1109 4887 1352 4936 rectorem
1397 4898 1529 4952 quia,
1582 4884 1677 4941 sed
1726 4895 1962 4943 erratum

367 4962 469 5009 CSl.

439 5023 532 5077 lli.
557 5022 614 5077 In
643 5038 743 5077 ms.
769 5021 871 5076 his.

437 5097 558 5149 Aut.
580 5094 635 5148 In
660 5108 763 5147 ms.
793 5092 936 5144 haut.

434 5167 746 5220 Amiserunt.
778 5162 1126 5218 Heumannus
1155 5163 1284 5234 legit
1307 5166 1598 5222 amiserant.

434 5237 628 5291 Iidem.
661 5237 716 5290 In
745 5249 848 5289 ms.
875 5235 1031 5288 idem.

433 5305 947 5385 Circumscribendos.
993 5304 1051 5360 Id
1093 5315 1197 5372 est,
1230 5306 1719 5377 circumveniendos,
1745 5315 1828 5368 vel
1857 5316 1960 5385 fal-

362 5382 561 5436 lendas.

437 5449 850 5524 Necrsmantias.
875 5446 931 5524 In
958 5459 1057 5500 ms.
1081 5449 1480 5524 necyomantias,
1503 5471 1534 5524 á¿ƒ
1557 5469 1652 5522 pro
1673 5471 1720 5521 Î½,
1754 5455 1958 5512 littera-

365 5540 483 5578 rum
532 5521 810 5575 affinitate.
860 5521 1112 5592 Attamen
1147 5519 1820 5592 Heumanuuspittat,non
1851 5528 1953 5581 im-

2061 3972 2213 4020 cetur
2239 3963 2570 4018 rationem...
2601 3963 2786 4016 DAVts.

2136 4035 2401 4105 lrrepuut.
2437 4033 2490 4088 In
2521 4049 2622 4089 ms.
2654 4033 2918 4103 inrepunt,
2941 4050 2977 4086 n
3025 4049 3124 4100 pro
3140 4051 3190 4099 r,
3223 4035 3367 4104 quod
3413 4049 3516 4094 non
3539 4055 3666 4096 raro

2063 4107 2116 4160 in
2149 4106 2546 4175 manuscriptis.
2581 4135 2652 4145 â€”
2673 4105 2917 4175 lrrepunt
2961 4105 3288 4172 corporibus.
3314 4107 3375 4161 L.
3409 4125 3448 4171 Î¹,
3473 4125 3523 4164 Îµ.
3553 4112 3612 4166 Î—
3642 4130 3656 4165 :

2064 4177 2339 4231 lnsinuant
2367 4193 2419 4230 se
2464 4175 2781 4247 corporibus,
2813 4185 2858 4229 et
2886 4175 3078 4229 occulte
3105 4176 3446 4232 valetudinem
3466 4183 3656 4248 vitiant,

2065 4248 2267 4302 morbos
2294 4249 2472 4321 cit_ant,
2499 4248 2708 4302 somniis
2723 4250 2922 4302 animas
2951 4256 3164 4312 terrent,
3196 4261 3392 4304 mentes
3411 4254 3664 4321 furoribus

2065 4321 2320 4389 quatiunt.
2345 4319 2481 4374 BDN.

2141 4390 2365 4446 Placati.
2392 4390 2448 4445 In
2478 4405 2578 4445 ms.
2611 4391 2845 4457 placatis.
2879 4419 2948 4427 â€”
2977 4385 3205 4444 Placati.
3234 4391 3402 4448 Recte
3430 4398 3659 4451 correxit

2070 4461 2310 4527 Pfalï¬us,
2341 4462 2375 4515 I.
2413 4478 2467 4526 tt,
2493 4475 2543 4515 c.
2573 4461 2658 4524 16,
2697 4462 2855 4515 videri
2875 4459 3050 4515 volunt
3091 4461 3147 4512 id
3179 4462 3366 4529 Î¡á½·Î±ÎµÎ±Î¹á½·
3396 4469 3655 4531 dumiâ€œ;

2071 4543 2125 4589 et
2156 4533 2311 4602 infra,
2340 4547 2453 4603 qua:
2481 4533 2779 4603 pericula...
2804 4531 3074 4600 sacrificiis
3117 4532 3312 4602 placari
3355 4549 3654 4593 averterunt.

3245 4608 3449 4662 Bmâ€œ.

2144 4674 2311 4734 Plane
2337 4685 2572 4731 terrores.
2595 4674 2741 4730 Nihil
2784 4675 2993 4731 felicius
3037 4681 3421 4737 emendatione
3447 4681 3652 4744 Davisii,

2069 4747 2222 4817 plena
2249 4748 2464 4819 terroris
2482 4747 2710 4819 legentis
2735 4763 2748 4811 ;
2780 4762 2900 4819 nam
2928 4748 3019 4802 lib.
3052 4769 3111 4819 Î¹Î¹,
3137 4767 3186 4806 c.
3215 4753 3302 4817 H,
3317 4753 3523 4805 somniis
3551 4754 3655 4805 ani-

2069 4815 2176 4872 mos
2209 4825 2414 4872 terrent.
2444 4815 2520 4871 Ita
2538 4815 2824 4886 sequentia
2857 4818 2995 4873 bene
3018 4815 3214 4877 ï¬‚uunt.
3243 4815 3375 4877 Ben.

2139 4891 2242 4941 Aut
2263 4905 2476 4956 quorum
2499 4891 2661 4942 exitus
2688 4890 3025 4959 respondeant
3041 4895 3262 4960 veritati,
3293 4903 3349 4946 ut
3375 4895 3649 4948 veneratio-

2067 4977 2180 5014 nem
2207 4963 2308 5034 sui,
2336 4961 2538 5034 etc._At
2559 4961 2819 5034 Heuman.
2839 4961 2987 5031 legit,
3016 4976 3069 5018 ut
3095 4981 3232 5034 quae,
3257 4981 3373 5019 cum
3393 4967 3558 5021 exitus
3575 4982 3649 5020 rc-

2065 5031 2330 5100 sponderit
2358 5032 2572 5096 veritati,
2603 5033 2971 5086 venerationem
2991 5038 3092 5100 sui,
3108 5031 3227 5091 'etc.

2147 5101 2370 5179 Veniret.
2406 5102 3035 5179 Davisitts_._approbante
3078 5121 3350 5179 anonymo
3383 5107 3644 5172 Britanno,

2065 5174 2270 5227 venerit.
2304 5174 2474 5227 Servo
2500 5189 2620 5227 cum
2646 5173 2962 5228 Heumanno
2991 5179 3203 5232 veniret.
3226 5173 3372 5234 BDN.

2137 5243 2242 5298 Sed
2271 5244 2414 5298 dicit.
2447 5244 2608 5313 Lege,
2640 5243 2732 5298 sed
2759 5245 2916 5310 dicat,
2949 5249 3031 5302 vel
3060 5250 3217 5302 dicet.
3254 5249 3647 5304 Davusâ€”Heu-

2063 5331 2291 5391 mannus
2318 5316 2450 5391 dicet
2487 5316 2673 5391 edidit.
2705 5314 2839 5391 Nam
2871 5317 2917 5391 Al.
2950 5333 3011 5382 tt,
3043 5336 3092 5391 c.
3131 5319 3221 5386 I7,
3253 5321 3385 5374 dicet
3425 5323 3644 5391 aliquis:

2063 5386 2166 5440 Cur
2187 5403 2304 5456 ergo
2333 5384 2470 5440 Deus
2492 5388 2600 5440 haec
2621 5387 2734 5456 ï¬eri
2775 5388 3011 5457 patitur?
3039 5390 3172 5446 BUN.

2133 5457 2230 5510 Î‘Î·.
2260 5457 2355 5510 Î—á½·Îµ
2381 5457 2523 5513 idem
2553 5468 2635 5513 est
2655 5473 2719 5513 ac
2748 5475 2839 5511 cur
2870 5477 2995 5514 non.

2128 5528 2336 5610 â€™Î›Î²Ï‡á½µÎµÎ¹Î¼
2361 5529 2536 5610 Inms.
2569 5529 2759 5582 archen
2789 5529 2980 5610 litteris
3011 5532 3222 5610 latinis;
3246 5538 3426 5610 á¼†ÏÏ‡á½µÏ‡
3442 5533 3526 5588 hic
3545 5531 3630 5587 loci

363 5594 669 5674 inritandam
699 5606 819 5646 esse
858 5587 1148 5644 lectionem
1175 5605 1301 5656 ms.,
1332 5607 1395 5646 ac
1419 5587 1644 5650 remittit
1669 5587 1736 5651 ad
1794 5599 1955 5654 Fabri
2054 5587 2324 5674 significat
2349 5609 2663 5674 potestatem,
2688 5602 3045 5657 auctoritatem
3063 5625 3082 5669 ;
3104 5604 3198 5658 sed
3211 5587 3634 5674 'ptitii'tvï¬‚eanm-

358 5666 764 5788 LeiimÃ©mm.
798 5731 910 5786 Hoc
932 5729 1152 5785 verbum
1185 5746 1289 5785 non
1312 5744 1459 5790 extat
1487 5737 1540 5792 in
1563 5753 1663 5793 ms.

432 5805 712 5859 Deludant.
742 5804 960 5860 Rectius
985 5801 1298 5870 deluderent,
1322 5820 1390 5860 ne
1416 5806 1468 5862 in
1501 5817 1802 5879 temporum
1825 5827 1951 5881 pec-

2055 5685 2156 5726 nus
2205 5671 2361 5745 unico
2399 5672 2656 5745 vocaculo
2703 5686 2877 5745 graeco
2926 5671 3276 5730 scribendum
3319 5691 3440 5733 esse
3477 5677 3628 5745 Î´ÏÎ±Î¼ÎµÎ‡

2053 5747 2267 5819 Î½Î¹á½°ÏÏ‡Î·Î½
2291 5760 2304 5799 :
2325 5742 2396 5799 de
2432 5758 2543 5814 quo
2569 5742 2692 5822 vide
2715 5742 3122 5822 â€™Itact-antiumL
3141 5747 3280 5801 libro
3327 5764 3379 5817 tt,
3411 5763 3522 5818 cap.
3554 5742 3628 5800 il.

3087 5817 3295 5874 Dum.
