3816 6264
129 331 254 389 1057

1100 316 1397 374 ΕΡΙΤΟΜΕ
1440 310 1818 370 DIVINABUM
1857 304 2409 364 lNS'l‘lTUTlONUM.

3271 301 3410 360 1058

126 448 247 500 titttn
300 439 507 511 affligit,
533 449 662 507 ergo
705 449 810 490 non
839 440 1016 504 potest
1038 433 1206 488 virtus
1232 433 1347 486 sine
1377 430 1504 484 vitio
1531 428 1699 482 consi-
1729 441 1778 500 Α
1804 423 2007 478 idcirco
2054 421 2209 489 fecit,
2259 429 2316 476 ut
2343 420 2499 475 nobis
2533 419 2894 474 constitueret
2922 430 3148 489 agonem
3170 459 3184 486 ,
3220 417 3272 473 in
3300 436 3406 490 quo

123 548 280 599 stcrc,
308 543 362 589 et
385 534 429 588 si
456 531 641 587 vitium
670 529 974 594 sustuleris,
1009 523 1707 582 vrrtutismeritatollentur.

123 628 228 684 Nec
260 626 404 681 enim
430 631 610 694 potest
631 621 738 676 ulla
775 621 891 677 ﬁeri
920 621 1036 675 sine
1059 618 1214 673 hoste
1238 617 1478 673 victoria.
1522 615 1594 668 lla
1621 616 1674 668 lit
1693 655 1706 679 ,

123 732 174 779 ut
203 722 398 776 bonum
421 718 538 773 sine
557 714 699 770 malo
719 729 839 770 esse
868 729 972 769 non
1000 711 1191 783 possit.
1232 729 1251 763 ι

193 812 336 868 Vidit
372 811 474 866 hoc
499 806 835 879 Chrysippus
859 847 872 872 ,
902 806 985 860 vir
1013 805 1155 859 acris
1181 791 1380 874 ingenii
1404 841 1417 867 ,
1467 801 1534 856 dc
1582 814 1708 869 pro-

119 904 346 962 videntia
375 903 686 966 disserens,
733 913 934 968 eosque
979 896 1217 952 stultitia:
1263 893 1573 964 redarguit,
1621 892 1711 961 qui

121 1002 313 1056 bonum
345 995 562 1066 quidem
588 1009 618 1048 a
651 994 762 1048 Deo
801 991 997 1046 factum
1042 997 1268 1060 putant,
1299 987 1498 1041 malum
1531 993 1710 1040 autem

121 1101 329 1165 negant.
362 1091 533 1160 Hujus
559 1087 881 1144 sententiam
928 1087 1312 1155 interpretatus
1343 1090 1427 1136 est
1473 1080 1540 1136 Α.
1584 1079 1712 1134 Gel-

119 1188 218 1244 lius
247 1186 299 1241 in
329 1184 482 1239 libris
505 1181 753 1238 Noctium
784 1179 1083 1234 Atticarum
1113 1217 1127 1242 ,
1152 1176 1229 1230 sic
1261 1174 1446 1230 dicens
1481 1190 1494 1228 :
1528 1190 1545 1224 ι
1584 1172 1712 1239 Qui-

120 1282 214 1336 bus
243 1295 348 1335 non
381 1277 593 1332 videtur
640 1273 873 1330 mundus
904 1273 996 1329 Dei
1023 1280 1078 1326 et
1109 1270 1384 1326 hominuin
1411 1283 1570 1324 causa
1603 1268 1712 1320 ins-

119 1372 306 1426 titutus
329 1411 345 1439 ,
370 1383 545 1440 neque
573 1381 660 1422 res
702 1366 950 1421 humanas
995 1361 1334 1433 providentia
1378 1359 1708 1430 gubernari,

114 1466 261 1536 gravi
293 1479 366 1520 se
407 1468 726 1532 argumento
751 1459 829 1514 uti
856 1464 1081 1528 putant,
1115 1469 1236 1510 cum
1282 1454 1355 1507 ita
1398 1451 1622 1507 dicunt:
1657 1450 1712 1506 Si

113 1568 255 1614 esset
303 1553 692 1619 Providentia,
748 1551 892 1606 nulla
939 1557 1124 1605 essent
1171 1546 1333 1601 mala.
1380 1543 1521 1598 Nihil
1567 1543 1710 1598 enim

113 1653 295 1705 minus
360 1649 511 1702 aiunt
556 1643 911 1716 providentia:
965 1653 1296 1711 congruere,
1337 1651 1495 1708 quam
1545 1634 1598 1689 in
1648 1647 1714 1690 eo

113 1741 320 1796 inundo
347 1779 364 1808 ,
393 1745 615 1809 propter
641 1749 801 1806 quem
827 1732 1075 1789 homines
1101 1731 1294 1786 fecisse
1319 1728 1526 1784 dicatur
1551 1727 1710 1791 Deus,

112 1841 318 1889 tantam
369 1832 478 1885 vim
521 1844 642 1886 esse
683 1841 1046 1884 mrumnarum
1095 1834 1151 1880 et
1193 1823 1480 1878 malorum.
1523 1821 1606 1876 Ad
1651 1834 1712 1876 ea

113 1927 451 1998 Chrysippus
475 1964 490 1990 ,
521 1938 643 1979 cum
673 1923 726 1977 in
757 1922 895 1977 libro
920 1924 1041 1997 περὶ
1067 1922 1300 1994 Προνοίας
1325 1925 1516 1987 quarto
1543 1914 1714 1969 disse-

116 2027 302 2078 reret:
351 2018 493 2074 Nihil
547 2030 812 2086 prorsus,
858 2015 1066 2084 inquit,
1117 2011 1235 2067 istis
1284 2009 1575 2075 insulsius,
1620 2005 1714 2078 qui

117 2117 402 2186 opinantur
446 2112 585 2166 bona
615 2124 736 2165 esse
779 2108 1049 2179 potuisse,
1079 2106 1125 2161 sl
1154 2119 1260 2161 non
1301 2112 1486 2160 essent
1514 2102 1709 2158 ibidem

119 2207 277 2264 mala.
313 2204 446 2260 Nam
485 2218 606 2258 curn
654 2202 796 2257 bona
827 2200 985 2254 malis
1015 2197 1284 2253 contraria
1313 2197 1455 2260 sint,
1487 2203 1714 2262 utraque

123 2314 339 2357 necesse
366 2306 446 2353 est
472 2295 720 2367 opposita
746 2308 868 2350 esse
910 2293 1050 2347 inter
1094 2305 1180 2355 se,
1227 2297 1284 2345 et
1325 2287 1476 2358 quasi
1528 2295 1713 2342 mutuo

122 2395 456 2464 adversoque
483 2391 612 2444 fulta
645 2389 768 2444 nisu
795 2386 1114 2444 consistere.
1159 2383 1376 2438 Nullum
1421 2380 1558 2435 adeo
1583 2395 1716 2436 con-

125 2487 338 2542 trarium
373 2495 456 2540 est
501 2481 618 2537 sine
648 2477 926 2536 contrario
957 2477 1149 2531 altero.
1203 2476 1320 2540 Quo
1364 2473 1505 2527 enim
1557 2479 1714 2542 pacto

120 2580 332 2650 justitia:
362 2591 555 2632 sensus
582 2588 703 2630 esse
736 2578 947 2643 posset,
974 2568 1076 2623 nisi
1106 2563 1290 2623 essent
1335 2564 1583 2634 injurize?
1623 2572 1716 2618 aut

122 2671 244 2743 quid
291 2668 435 2724 aliud
480 2667 687 2739 justitia
743 2671 860 2730 est,
912 2667 1074 2734 quam
1119 2657 1396 2730 iniustitia:
1447 2656 1714 2728 privatio?

121 2763 255 2834 Quid
287 2763 418 2817 item
464 2759 721 2815 fortitudo
749 2757 856 2823 sit,
889 2770 994 2810 non
1023 2752 1248 2823 intelligi
1279 2758 1485 2822 potest,
1511 2749 1613 2804 nisi
1646 2763 1714 2804 ex

123 2857 340 2930 ignavias
387 2851 760 2925 appositione?
805 2848 934 2920 quid
975 2845 1340 2912 continentia,
1374 2844 1475 2898 nisi
1519 2857 1586 2898 ex
1631 2842 1704 2897 in-

124 2947 494 3020 temperantia.
545 2947 662 3012 Quo
692 2943 821 2998 item
867 2939 1030 2995 modo
1059 2937 1341 3010 prudentia
1389 2944 1564 3001 esset,
1612 2933 1714 2989 nisi

124 3043 256 3098 foret
282 3038 561 3096 contraria
612 3033 1010 3106 imprudentia?
1049 3029 1318 3096 Proinde,
1367 3029 1569 3099 inquit,
1621 3027 1717 3082 ho-

128 3136 294 3192 mines
319 3134 473 3190 stulti
497 3147 594 3187 cur
624 3145 730 3186 non
758 3129 862 3183 hoc
887 3128 1049 3184 etiam
1077 3124 1409 3189 desiderant,
1437 3130 1493 3176 ut
1519 3121 1714 3176 veritas

1817 518 2052 570 vietores
2084 511 2502 569 immortalitatis
2532 510 2756 581 praemio
2782 517 3082 566 coronaret.

2375 637 2604 695 CAPUT
2642 637 2815 692 XXX.

2118 754 2251 813 (Div.
2277 752 2396 804 Inst.
2421 752 2507 804 lib.
2533 767 2565 813 ι,
2589 765 2634 801 c.
2664 750 2741 811 18;
2763 761 2836 814 ιιι,
2860 764 2902 801 c.
2927 753 2958 799 2
2983 756 3037 802 et
3057 752 3130 811 5.)

2342 875 2421 936 De
2452 879 2586 952 falsa
2615 879 2884 952 sapientia.

1889 999 2085 1064 Docui,
2114 1007 2173 1052 ut
2199 997 2411 1067 opinor,
2436 998 2610 1054 cultus
2632 997 2854 1054 deorum
2881 1013 2985 1053 non
3010 999 3170 1055 modo
3196 999 3409 1069 impios,

1817 1092 1912 1148 sed
1943 1092 2103 1147 etiam
2152 1105 2318 1147 vanos
2365 1106 2515 1154 esse;
2568 1090 2649 1146 vel
2693 1091 2835 1161 quod
2883 1090 3132 1147 homines
3176 1091 3410 1158 fuerint,

1815 1200 2045 1252 quorum
2097 1185 2356 1239 memoria
2405 1192 2526 1253 post
2570 1184 2777 1238 obitum
2823 1193 3137 1240 consecrata
3176 1187 3278 1250 sit;
3326 1185 3414 1240 vel

1813 1277 1957 1346 quod
1985 1277 2272 1332 simulacra
2301 1277 2414 1347 ipsa
2446 1277 2778 1332 insensibilia
2810 1285 2864 1332 et
2909 1276 3069 1332 surda
3118 1279 3226 1332 sint
3246 1317 3260 1342 ,
3290 1277 3414 1348 quia

1815 1378 1941 1424 sunt
1989 1369 2109 1424 ﬁcta
2141 1369 2207 1424 de
2254 1378 2428 1436 terra,
2464 1384 2562 1425 nec
2609 1377 2864 1439 oportere
2893 1368 3168 1424 hominem
3197 1369 3288 1440 qui
3316 1369 3414 1424 de-

1816 1461 1939 1516 beat
1966 1473 2211 1532 Spectare
2261 1463 2502 1518 caelestia
2529 1501 2545 1530 ,
2597 1461 2826 1518 terrenis
2872 1478 2931 1519 se
2975 1447 3299 1535 subjugare;
3329 1461 3417 1520 vel

1815 1553 1958 1623 quod
1989 1555 2240 1624 Spiritus,
2275 1555 2364 1625 qui
2397 1570 2490 1611 eas
2536 1541 2826 1626 religiones
2852 1555 2954 1611 sibi
2984 1556 3290 1623 vindicant,
3325 1558 3410 1612 in-

1817 1647 1950 1702 cesti
1978 1655 2035 1702 et
2060 1647 2254 1718 impuri
2283 1647 2389 1702 sint
2412 1690 2426 1715 ,
2458 1653 2512 1703 et
2556 1647 2678 1702 ideo
2720 1647 2815 1704 Dei
2847 1649 3110 1703 sententia
3153 1649 3413 1705 condem-

1818 1739 1927 1793 nati
1959 1726 2262 1795 ceciderint'
2283 1741 2337 1794 in
2365 1739 2591 1806 terram,
2628 1755 2727 1796 nec
2771 1739 2850 1794 fas
2878 1754 3001 1796 esse
3031 1741 3082 1795 in
3113 1755 3301 1796 eorum
3331 1741 3416 1796 di-

1742 1844 1791 1904 Β
1821 1830 2023 1886 tionem
2071 1832 2288 1899 venire,
2322 1833 2516 1902 quibus
2544 1832 2719 1903 potior
2763 1832 2869 1899 sis,
2916 1833 2960 1888 si
3011 1833 3178 1889 Deum
3225 1847 3415 1889 verum

1819 1923 1971 1992 sequi
1997 1923 2151 1978 velis.
2183 1923 2443 1993 Superest
2468 1931 2558 1988 ιιι,
2586 1922 2838 1991 quoniam
2870 1922 2936 1978 tle
2965 1922 3097 1979 falsa
3153 1924 3419 1995 religione

1816 2017 2049 2072 diximus
2072 2059 2086 2084 ,
2117 2016 2281 2074 etiam
2305 2017 2374 2072 de
2399 2016 2534 2073 falsa
2566 2017 2830 2087 sapientia
2859 2017 3224 2083 disseramus;
3252 2029 3414 2088 quam

1817 2110 2123 2181 philosophi
2166 2112 2508 2180 profitentur,
2538 2110 2788 2167 homines
2814 2127 3025 2167 summa
3047 2111 3262 2182 quidem
3286 2111 3415 2166 doc-

1815 2202 1956 2257 trina
1999 2211 2054 2258 et
2096 2203 2403 2273 eloquentia
2465 2203 2710 2272 praediti,
2762 2205 2859 2259 sed
2905 2207 3064 2274 longe
3105 2219 3136 2258 a
3187 2204 3416 2258 veritate

1815 2296 2108 2360 summoti,
2141 2295 2266 2365 quia
2296 2310 2396 2350 nec
2442 2295 2647 2363 Deum,
2681 2310 2781 2351 nec
2826 2296 3143 2366 sapientiam
3190 2297 3283 2353 Dei
3318 2311 3415 2352 co-

1815 2395 2140 2456 gnoverunt.
2173 2387 2274 2453 Qui
2306 2387 2429 2442 licet
2475 2387 2585 2443 sint
2627 2390 2803 2458 arguti
2856 2403 2920 2443 ac
2967 2387 3189 2450 diserti,
3236 2398 3415 2443 tamen

1815 2478 1940 2548 quia
1972 2477 2205 2532 humana
2253 2489 2551 2534 esteorum
2601 2479 2898 2548 sapientia,
2949 2480 3112 2534 etiam
3157 2495 3277 2534 cum
3329 2479 3415 2534 his

1817 2569 2074 2638 congredi
2118 2585 2226 2625 non
2271 2572 2516 2636 verebor,
2550 2579 2608 2626 ut
2633 2580 2892 2642 appareat
2934 2585 2964 2626 a
3009 2573 3236 2628 veritate
3265 2589 3416 2628 men-

1817 2663 2073 2728 dacium,
2123 2679 2154 2718 a
2204 2665 2515 2721 ctelestibus
2565 2674 2776 2722 terrena
2836 2665 2991 2722 facile
3049 2681 3212 2738 posse
3253 2683 3415 2740 supe-

1818 2771 1946 2811 rart.

1889 2847 2030 2916 Quid
2073 2848 2144 2908 sit
2189 2847 2534 2918 Philosophia
2568 2849 2670 2904 hoc
2700 2849 2862 2904 modo
2889 2849 3152 2906 definiunt
3181 2868 3194 2906 :
3237 2851 3419 2908 Philo—-

1814 2939 2000 3009 s0phia
2025 2948 2107 2994 est
2127 2954 2278 2994 amor
2304 2939 2384 2995 vel
2416 2939 2651 2995 studium
2680 2941 2979 3011 sapientiae.
3015 2941 3131 2996 Non
3160 2953 3244 2998 est
3283 2959 3416 3015 ergo

1819 3033 1931 3103 ipsa
1962 3033 2257 3102 sapientia;
2300 3032 2422 3104 quia
2468 3048 2692 3090 necesse
2738 3042 2824 3090 est
2868 3035 3013 3090 aliud
3063 3047 3218 3104 esse,
3268 3037 3416 3108 quod

1816 3134 1996 3189 amat,
2030 3123 2172 3178 aliud
2197 3166 2212 3191 ,
2245 3124 2388 3194 quod
2434 3131 2664 3180 amatur.
2698 3125 2754 3181 Si
2785 3126 3019 3182 studium
3067 3137 3151 3184 est
3194 3130 3414 3200 sapien-

122 3230 215 3293 sit,
243 3237 296 3284 et
323 3243 437 3284 non
467 3227 537 3282 sit
559 3222 919 3281 mendacium.
951 3219 1194 3290 Namque
1215 3216 1399 3272 itidem
1428 3225 1550 3270 sunt
1573 3215 1712 3270 bona
1739 3232 1784 3295 ρ
1820 3215 1905 3269 tia:
1928 3256 1942 3280 ,
1972 3231 2040 3271 ne
2067 3217 2146 3270 sic
2169 3216 2384 3286 quidem
2410 3216 2745 3287 philosophia
2768 3220 3029 3289 sapientia
3055 3229 3156 3275 est.
3189 3221 3418 3293 Sapien.

123 3334 171 3380 et
193 3324 327 3378 mala
353 3363 370 3388 ,
414 3321 642 3376 felicitas
669 3327 721 3374 et
762 3315 1106 3372 infortunitas
1127 3353 1142 3378 ,
1175 3315 1426 3382 voluptas
1454 3319 1507 3365 et
1535 3307 1709 3364 dolor.

125 3419 358 3473 Alterum
408 3415 553 3470 enim
599 3429 666 3468 ex
695 3411 867 3466 altero
886 3449 902 3477 ,
931 3409 1070 3464 sicut
1097 3407 1248 3462 Plato
1278 3407 1352 3460 ait
1379 3447 1392 3470 ,
1419 3403 1713 3459 verticibus

122 3509 252 3564 inter
276 3521 334 3563 se
365 3504 652 3562 contrariis
681 3503 1004 3574 deligatum,
1053 3499 1098 3554 si
1144 3499 1330 3553 tuleris
1368 3512 1533 3551 unum
1555 3535 1572 3562 ,
1618 3495 1713 3550 ab-

121 3600 329 3656 stuleris
358 3606 670 3666 utrumque.
711 3613 730 3646 ι
766 3593 930 3648 Vides
950 3605 1078 3660 ergo
1103 3590 1155 3644 id
1174 3625 1188 3654 ,
1227 3587 1368 3659 quod
1394 3601 1538 3657 saepe
1565 3585 1709 3653 dixi,

122 3695 308 3750 bonum
338 3701 398 3749 et
427 3693 626 3747 malum
657 3691 729 3745 ita
769 3688 871 3743 sibi
914 3702 1037 3743 esse
1063 3700 1305 3741 connexa
1332 3725 1346 3749 ,
1379 3691 1436 3738 ut
1479 3683 1708 3737 alterum

121 3789 229 3844 sine
271 3788 447 3843 altero
488 3794 739 3840 constare
783 3798 890 3838 non
918 3781 1108 3851 possit.
1141 3777 1361 3835 Summa
1391 3776 1551 3847 igitur
1580 3789 1712 3846 pru-

119 3879 290 3937 dentia
317 3880 466 3937 Deus
492 3877 773 3935 materiam
803 3872 1016 3930 virtutis
1069 3872 1122 3927 in
1153 3870 1310 3927 malis
1339 3868 1548 3940 posuit;
1593 3881 1714 3936 QUiB

1821 3308 1893 3362 tia
1919 3309 2061 3362 enim
2094 3323 2182 3363 res
2213 3318 2296 3364 est
2317 3309 2428 3378 ipsa
2451 3350 2466 3375 ,
2496 3325 2616 3380 quae
2655 3312 2951 3381 quaeritur;
2985 3313 3221 3369 studium
3249 3324 3378 3371 vero
3397 3354 3415 3383 ,

1820 3400 1964 3470 quod
1997 3401 2208 3471 quaerit.
2241 3402 2361 3471 Ipsa
2409 3402 2571 3472 igitur
2613 3401 2890 3471 dellnitio,
2936 3406 3021 3461 vel
3069 3407 3303 3464 nominis
3345 3410 3420 3464 sl-

1818 3495 2090 3565 gnificatio
2112 3536 2126 3559 ,
2159 3494 2398 3549 declarat
2427 3495 2824 3566 philosophiam
2853 3511 2959 3553 non
2989 3509 3112 3554 esse
3137 3499 3308 3570 ipsam
3329 3516 3420 3556 sa-

1821 3587 2074 3658 pientiam
2097 3602 2112 3652 ;
2137 3586 2311 3642 dicam
2343 3602 2411 3642 ne
2441 3587 2675 3642 studitim
2704 3588 2922 3659 quidem
2952 3601 3074 3647 esse
3099 3593 3411 3662 sapientiae,

1818 3698 1926 3752 quo
1952 3682 2214 3752 sapientia
2267 3696 2372 3736 non
2420 3682 2912 3752 comprehenditur.
2945 3684 3076 3752 Quis
3124 3686 3268 3740 enim
3298 3696 3414 3742 stu-

1809 3774 1946 3863 .dere
1972 3773 2181 3828 dicatur
2208 3774 2258 3828 ei
2305 3773 2381 3829 rei
2410 3813 2423 3836 ,
2456 3789 2614 3844 quant
2646 3773 2795 3829 nullo
2826 3775 2988 3830 modo
3036 3777 3209 3845 possit
3250 3779 3417 3833 attin-

1817 3864 1980 3936 gere?
2007 3864 2108 3932 Qui
2141 3863 2420 3920 medicina:
2440 3903 2456 3932 ,
2487 3872 2580 3920 aut
2605 3866 3002 3936 grammaticae,
3039 3870 3132 3922 aut
3161 3869 3415 3925 oratoria

1458 3993 1823 4061 VARIORUM
1867 4000 2098 4058 ΝΟΤᾸΣ.

190 4183 248 4236 Α.
278 4183 500 4240 Gellius.
532 4182 592 4236 In
623 4187 726 4235 ms.
757 4175 1006 4249 Agellius.
1040 4166 1350 4242 Legendum
1381 4165 1446 4220 A.
1477 4161 1672 4220 Gellius
1691 4202 1707 4230 ,

122 4254 253 4310 sicut
281 4256 372 4311 lib.
408 4271 498 4320 Vi,
525 4268 646 4319 cap.
679 4253 729 4305 1.

189 4323 344 4383 Deus.
379 4326 496 4381 Non
527 4331 675 4379 extat
701 4322 754 4376 in
786 4335 888 4373 ms.
971 4368 988 4378 _.

191 4403 305 4476 ῌξρξ
329 4399 584 4476 Προπδείας.
616 4393 806 4476 Latine
825 4431 839 4454 ,
868 4385 929 4476 tle
951 4383 1308 4476 'Pi'kd‘ll‘id'e‘l't’t‘ia.

187 4450 656 4526 ibidem-.hli‘orsan
709 4450 993 4530 legendum
1021 4466 1114 4531 est
1145 4450 1713 4531 itidem.Prarrtus.—_-
1739 4471 1794 4531 Β

121 4519 621 4596 Νιὶιὶιῖιῖιῖεπὶιιὶίιίις
655 4519 856 4589 Ibidem
882 4526 1184 4587 Gronovius
1228 4540 1293 4581 ex
1338 4519 1708 4596 manuscripto

124 4590 742 4672 aestuamus“;
773 4605 936 4660 ειεηηι
980 4599 1225 4672 Davisius
1486 4590 1708 4662 Αιιοηϊ-

124 4666 240 4740 mus
263 4666 552 4740 Dritannus
578 4688 632 4735 et
663 4666 1010 4732 lleutnannu's
1035 4668 1230 4723 itidem.
1263 4666 1398 4721 BDN.

191 4733 602 4818 Zaiil‘iii’iﬁ's;
635 4767 667 4804 a
698 4747 805 4802 Deo
823 4763 840 4812 ;
878 4743 974 4802 sed
1003 4742 1180 4796 minus
1207 4740 1378 4802 bene,
1413 4743 1470 4790 ut
1495 4733 1710 4788 videtur

124 4824 310 4882 Joanni
337 4828 388 4881 le
414 4826 582 4880 Brun.

191 4898 292 4953 Sit.
321 4897 440 4952 Non
469 4902 616 4950 extat
647 4893 698 4946 in
727 4904 829 4946 ms.

194 4967 334 5024 Non.
367 4967 484 5022 Non
517 4973 664 5021 extat
691 4961 875 5016 itidem
901 4959 953 5012 in
985 4963 1087 5010 'ms.

126 5110 156 5164 ι)
192 5018 814 5113 Ᾰιῖῥ’ὀδῖιῖξ›ιιεί1)ίιινίεἱιιει
845 5028 975 5102 legit
1012 5024 1364 5096 oppositione;
1415 5018 1577 5088 idque
1621 5025 1707 5072 sat

160 5127 274 5164 ene.

160 5127 274 5166 ene.

192 5160 274 5237 '13:;
310 5178 718 5250 intemperantia.
764 5174 823 5230 In
854 5171 1028 5250 Gellio
1055 5176 1158 5235 est,
1187 5160 1667 5250 ex.intenrperatitia
1688 5197 1703 5223 ,

127 5236 324 5310 scilicet
353 5236 732 5323 oppositione:
762 5244 906 5316 quod
930 5243 974 5296 si
1016 5255 1120 5323 ms.
1167 5238 1266 5323 nisi
1303 5236 1586 5297 retinetur,
1620 5245 1707 5285 re-

128 5325 230 5393 peti
257 5313 452 5390 debe't',
483 5321 701 5391 intelligi
726 5313 890 5393 potest
910 5313 1078 5393 ,__satis
1109 5321 1275 5393 recte.

197 5374 452 5451 Nisi—Sic
478 5374 532 5449 in
546 5374 681 5457 ius",
703 5374 758 5446 at
781 5389 835 5442 in
866 5374 1098 5442 editione
1126 5374 1707 5446 Parisiensilegehatur

130 5481 368 5591 "mimi:
399 5538 456 5592 In
484 5550 586 5590 ms.
614 5537 746 5604 forte
771 5549 785 5586 :
811 5527 907 5584 sed
935 5525 1180 5582 Davisius
1207 5531 1261 5582 et
1285 5523 1440 5579 Joan.
1471 5519 1522 5573 le
1562 5517 1706 5572 Brun

132 5617 310 5676 putant
335 5624 456 5664 esse
483 5603 766 5677 legendum
799 5604 946 5673 foret.

198 5677 453 5751 Namque.
480 5678 665 5751 Inms.
700 5689 818 5728 nam
839 5686 968 5751 quea.
1270 5747 1280 5751 _
1334 5735 1356 5751 __
1446 5731 1604 5751 dum.

197 5735 556 5819 lnforiunitas.
587 5747 643 5819 ιιι
674 5760 777 5819 ms.
808 5735 863 5819 ei
903 5742 953 5795 in
985 5739 1144 5819 editis
1172 5747 1288 5818 erat
1327 5735 1703 5819 importunitas:

130 5803 717 5892 Legendumwprofecto
759 5813 1127 5884 infortunitas,
1183 5809 1270 5866 cui
1316 5803 1585 5863 contraria
1627 5810 1709 5858 est

1815 4161 2064 4232 felicitas;
2100 4173 2201 4215 nec
2219 4158 2390 4232 aliter
2415 4159 2610 4232 legitur
2653 4157 2794 4232 apud
2827 4155 3023 4215 Aulum
3055 4155 3292 4218 Gellium
3322 4171 3414 4220 Stl-

1814 4229 1909 4300 pra
1944 4233 2188 4298 citatum,
2217 4230 2368 4284 Noct.
2399 4230 2624 4285 Atticar.
2655 4229 2747 4284 lib.
2783 4234 2990 4301 vr,‘cap.
3029 4232 3079 4286 1.
3110 4233 3409 4292 Buneman.

1813 4301 2013 4356 Contra
2047 4303 2240 4355 militat
2287 4315 2383 4368 pro
2423 4316 2556 4356 voce
2600 4301 2960 4369 importunitas
3002 4312 3057 4357 et
3100 4317 3279 4358 notam
3321 4323 3412 4362 se-

1813 4383 2064 4442 quentem
2089 4371 2403 4426 exhibetz—
2420 4369 2664 4425 Felicitas
2689 4383 2734 4424 et
2755 4373 3133 4441 importunitas.
3156 4374 3412 4432 Libenter

1817 4443 1960 4497 docti
1991 4443 2231 4496 ultimam
2265 4456 2448 4494 vocem
2474 4483 2487 4502 ,
2518 4449 2767 4511 tanquam
2815 4457 2992 4497 veram
3016 4483 3029 4502 ,
3065 4457 3094 4496 a
3125 4443 3408 4502 Lactantio

1817 4515 2114 4584 accipient,
2147 4528 2268 4568 cum
2297 4514 2347 4566 in
2377 4511 2552 4584 Gellio
2578 4512 2629 4584 in
2662 4512 2911 4584 omnibus
2953 4511 3126 4566 adhuc
3152 4515 3407 4571 editioni-

1810 4585 1911 4640 bus
1939 4581 2144 4657 'regnet
2170 4599 2270 4637 vox
2316 4582 2555 4657 insolens
2598 4581 2960 4651 infortunitas,
3009 4585 3078 4657 ab
3127 4585 3272 4651 alio,
3313 4592 3408 4657 qui

1810 4659 1918 4711 vim
1947 4653 2094 4712 vocis
2120 4655 2482 4724 importunitas
2513 4669 2621 4706 non
2654 4661 2906 4719 noverat,
2942 4653 3254 4709 snhornata.

1890 4748 2044 4816 Quod
2083 4763 2227 4818 saepe
2263 4744 2392 4818 dixi.
2427 4743 2482 4798 Id
2516 4758 2622 4818 non
2647 4759 2816 4813 saepe,
2849 4743 2945 4818 sed
2996 4745 3169 4818 semel
3199 4756 3406 4804 tantum

1810 4814 1964 4878 dixit.
1995 4821 2134 4890 Lege
2157 4814 2382 4872 minima
2413 4815 2708 4870 mutatione
2750 4814 2885 4884 quod
2931 4833 3090 4887 supra
3117 4817 3246 4870 dixi.
3291 4821 3402 4876 Ds-

1810 4907 1996 4949 VISIUS.

1880 4973 2020 5026 Dens
2046 4969 2309 5023 materiam
2335 4965 2532 5020 virtutis
2572 4965 2626 5018 in
2666 4965 2813 5036 malis
2843 4967 3031 5036 posuit.
3057 4967 3186 5036 Qua:
3233 4955 3317 5024 hic
3347 4979 3405 5025 et

1810 5048 1862 5101 in
1893 5052 2005 5098 toto
2049 5041 2152 5096 hoc
2180 5039 2354 5109 capite
2383 5037 2620 5109 disputat
2647 5035 2715 5109 de
2758 5037 2968 5109 origine
2995 5048 3050 5094 et
3073 5035 3403 5097 necessitate

1809 5115 1935 5174 mali
1965 5114 2100 5168 bene
2128 5106 2377 5168 refutavit
2407 5106 2647 5164 Pfaffius.
2677 5107 2813 5164 BUN.

1885 5207 2054 5275 Quod.
2080 5205 2136 5260 ιιι
2165 5219 2268 5259 ms.
2300 5210 2442 5274 quot.

1883 5298 2225 5372 Sapientiam.
2256 5295 2315 5351 In
2347 5310 2447 5350 ms.
2479 5293 2748 5366 sapientia.

1882 5394 2004 5449 Non
2032 5402 2103 5446 est
2131 5406 2269 5458 ergo.
2304 5388 2443 5458 Ante
2473 5386 2585 5458 hoc,
2609 5385 2768 5458 verba
2815 5385 3162 5458 lleumannus
3183 5400 3234 5446 et
3263 5408 3397 5449 ano.

1810 5480 2002 5550 nymus
2033 5455 2218 5550 putant
2245 5455 2445 5550 aliquid
2473 5457 2738 5550 excidisse
2759 5457 3230 5550 atque‘legendum
3251 5477 3395 5536 esse,

1809 5539 1853 5595 si
1882 5553 2026 5590 amor
2051 5545 2123 5589 est
2147 5538 2409 5602 sapientia:
2430 5570 2446 5598 ,
2477 5545 2577 5582 non
2603 5539 2674 5584 est
2701 5545 2820 5599 ergo
2840 5567 2855 5595 ,
2890 5538 2994 5584 etc.

1885 5628 2060 5683 Aliud.
2099 5627 2158 5682 In
2189 5639 2290 5697 mis.
2319 5622 2465 5676 aliut.
2493 5620 2583 5697 Sic
2606 5619 2817 5697 infra_in
2849 5619 2948 5674 hoc
2973 5621 3166 5697 eodem
3197 5627 3397 5697 capite,

1812 5705 1987 5773 Atque
2014 5698 2141 5754 alibi
2163 5696 2484 5764 ubicumque
2514 5691 2616 5748 hoc
2639 5691 2862 5748 verbum
2896 5693 3156 5762 reperias.

1887 5793 2060 5849 Enim.
2089 5791 2148 5846 In
2174 5803 2275 5845 ms.
2307 5793 2499 5842 autem.
