3816 6264
375 337 402 393 1
413 333 515 393 059

1656 329 1838 386 FIIIM.
1884 323 2248 384 LACTANTII

3549 316 3679 371 IOIO

377 447 588 513 studet,
636 443 907 500 studiosus
951 440 1066 510 ejus
1111 441 1243 495 artis
1265 481 1279 508 ,
1313 455 1475 511 quam
1501 441 1694 511 discit,
1727 444 1831 499 diei
1865 459 1963 516 ρο·
1993 443 2045 502 Α
2073 441 2125 495 in
2157 448 2333 495 sectas
2361 478 2374 503 ,
2427 444 2478 491 et
2510 435 2561 489 in
2609 428 2828 487 multas’
2853 431 3336 500 discrepantesque
3382 429 3682 482 sententias

379 549 486 596 test
515 554 527 589 :
561 533 650 590 ubi
699 531 916 598 didicit,
941 531 1052 601 jam
1081 530 1349 597 Medicus,
1376 532 1487 603 jam
1534 533 1930 591 Grammaticus
1954 577 1971 606 ,

376 633 487 702 jam
513 627 705 683 Orator
729 625 944 680 dicitur.
976 624 1064 680 Sic
1089 626 1328 695 oportuit
1354 635 1410 682 et
1455 627 1729 684 studiosos
1754 631 1971 701 sapien-

381 725 472 779 tize
493 764 508 790 ,
539 729 822 792 postquam
849 718 1196 786 didicissent,
1231 721 1502 790 sapientes
1528 723 1818 778 nominari.
1839 723 1974 779 Cum

377 823 558 870 autem
588 810 814 867 studiosi
863 811 1175 881 sapientim,
1224 813 1477 879 quamdiu
1524 815 1737 882 vivant,
1771 832 1974 872 vocen-

379 917 490 972 tur,
522 911 746 975 apparet
774 903 904 957 illud
932 903 1165 958 studium
1194 919 1302 959 non
1345 920 1465 960 esse
1486 947 1500 970 ,
1535 906 1678 976 quod
1708 907 1775 961 ad
1806 908 1976 978 ipsam

379 1013 532 1062 rem,
562 1011 682 1066 quae
705 993 882 1049 studio
911 995 1128 1064 petitur,
1175 1009 1282 1049 non
1315 1005 1492 1066 potest
1522 997 1827 1066 perveniri;
1876 997 1979 1052 nisi

379 1088 522 1145 forte
547 1088 638 1158 qui
680 1086 748 1142 ad
777 1086 940 1141 linem
985 1100 1154 1156 usque
1182 1086 1335 1154 vitae,
1364 1097 1423 1141 ut
1451 1088 1695 1158 sapiant,
1721 1089 1976 1153 student,

382 1180 524 1252 apud
570 1178 774 1234 inferos
819 1178 1090 1248 sapientes
1135 1189 1312 1234 erunt.
1367 1177 1542 1235 Omni
1573 1191 1752 1236 autem
1803 1181 1980 1238 studio

382 1272 624 1342 subjacet
643 1270 786 1326 ﬁnis.
812 1269 927 1333 Non
949 1278 1033 1326 est
1058 1270 1219 1341 igitur
1241 1271 1292 1326 id
1322 1273 1557 1329 studium
1586 1285 1813 1342 rectum,
1837 1274 1981 1346 quod

381 1380 490 1420 non
518 1362 680 1420 habet
705 1363 891 1419 linem.

960 1477 1188 1534 CAPUT
1227 1478 1422 1534 XXXI.

785 1594 920 1657 (Div.
945 1593 1066 1644 Inst.
1094 1593 1182 1644 lib.
1209 1609 1279 1654 ιιι,
1304 1608 1347 1644 c.
1375 1595 1406 1643 5
1432 1603 1486 1645 et
1508 1597 1580 1658 4.)

822 1701 899 1754 De
925 1701 1136 1755 scientia
1163 1710 1211 1754 et
1236 1701 1550 1771 opinatione.

2078 531 2355 602 dissipata,
2381 536 2576 582 statum
2609 541 2713 580 non
2741 523 2921 578 habet.
2951 523 3084 578 Cum
3115 522 3261 576 enim
3290 522 3523 592 singula:
3557 521 3682 573 alias

2075 636 2264 678 omnes
2296 621 2609 690 impugnent
2635 627 2690 672 et
2726 615 2986 686 afﬂigant,
3023 629 3121 668 nec
3154 614 3222 668 sit
3265 614 3446 681 aliqua
3481 629 3553 667 ex
3583 613 3678 677 iis,

2075 730 2194 784 quae
2235 729 2341 767 non
2381 710 2584 780 judicio
2610 716 2926 765 creterarum
2958 706 3198 761 stultitia:
3231 704 3642 760 condemnetur
3668 746 3680 766 ,

2080 805 2266 875 utique
2303 801 2738 857 discordantibus
2765 797 3046 863 membris,
3080 811 3277 866 corpus
3304 812 3473 850 omne
3510 794 3685 860 philu-

2079 897 2283 966 s0phite
2306 894 2373 949 ad
2402 893 2676 949 interitum
2701 890 3004 946 deducitur.
3037 887 3175 943 Hinc
3205 888 3502 944 Academia
3538 896 3686 955 ρυειν

2080 989 2300 1045 modum
2330 997 2452 1042 nata
2483 993 2587 1042 est.
2621 984 2754 1039 Nam
2784 998 2905 1038 cum
2936 981 3188 1038 viderent
3213 981 3328 1051 ejus
3344 992 3512 1036 secta:
3541 979 3688 1049 prin-

2081 1081 2227 1151 cipes
2249 1093 2464 1135 omnem
2496 1075 2913 1149 phiIOSOphiam,
2948 1073 3286 1145 philosophis
3324 1073 3569 1129 invicem
3600 1088 3690 1141 op-

2083 1172 2445 1245 pugnantibus
2464 1215 2478 1238 ,
2509 1185 2629 1226 esse
2657 1168 2990 1234 subversam,
3039 1176 3398 1236 susceperunt
3421 1167 3690 1220 adversus

2084 1279 2274 1320 omnes
2302 1263 2526 1330 bellum,
2563 1270 2620 1316 ut
2645 1260 2823 1316 omnia
2853 1259 3095 1315 omnium
3135 1257 3517 1322 dissolverent,
3555 1256 3686 1310 nihil

2084 1354 2189 1426 ipsi
2216 1362 2544 1420 asserentes,
2575 1352 2676 1407 nisi
2707 1366 2872 1406 unum
2893 1392 2908 1417 ,
2943 1349 3077 1404 nihil
3104 1348 3229 1403 sciri
3260 1363 3440 1419 posse.
3489 1348 3566 1401 Ita
3595 1362 3683 1400 su-

2087 1449 2232 1505 blata
2259 1448 2504 1515 scientia,
2527 1445 2929 1518 philosophiam
2953 1453 3191 1501 veterem
3209 1444 3566 1499 subruerunt.
3588 1439 3686 1499 Sed

2090 1557 2160 1598 ne
2187 1541 2290 1612 ipsi
2320 1539 2538 1610 quidem
2581 1537 3028 1609 philosophorum
3075 1551 3272 1591 nomen
3307 1535 3688 1598 retinuerunt,

2090 1637 2181 1706 qui
2227 1633 2586 1705 ignorantiam
2618 1631 2950 1694 fatebantur,
2981 1630 3104 1700 quia
3132 1629 3348 1685 nescire
3377 1630 3567 1682 omnia
3592 1643 3689 1682 non

2092 1726 2257 1783 modo
2275 1725 2604 1796 philosophi,
2629 1724 2724 1779 sed
2752 1739 2822 1779 ne
2851 1721 3087 1778 hominis
3108 1721 3330 1793 quidem
3363 1721 3452 1776 sit.
3483 1721 3562 1775 Ita
3584 1721 3690 1790 phi-

457 1819 726 1873 Praeterea
755 1815 864 1871 duo
892 1825 1019 1872 sunt
1043 1858 1057 1883 ,
1114 1832 1234 1887 qua:
1264 1817 1462 1874 cadere
1504 1818 1557 1873 in
1591 1819 1988 1890 philosophiam
2019 1839 2069 1899 Β
2093 1819 2328 1889 losophi,
2361 1819 2485 1888 quia
2514 1815 2650 1872 nihil
2672 1815 2996 1871 munimenti
3019 1813 3242 1879 habent,
3267 1814 3470 1869 mutuis
3491 1829 3554 1869 se
3583 1816 3689 1868 vnt-

383 1911 657 1976 videntur,
682 1907 910 1964 scientia
935 1919 990 1964 et
1017 1910 1276 1979 opinatio;
1305 1927 1424 1980 qua:
1449 1913 1493 1966 si
1516 1913 1849 1980 auferantur,
1877 1922 1984 1968 tota

379 2001 729 2071 philosophia
751 2001 974 2055 corruit.
1004 2001 1166 2072 Atqui
1189 2011 1475 2073 utrumque
1495 2005 1853 2076 philosophice
1879 2006 1982 2075 ipsi

382 2091 828 2162 philosophorum
873 2091 1142 2162 principes
1186 2093 1525 2150 ademerunt.
1561 2094 1852 2152 Scientiam
1883 2098 1985 2154 So-

380 2195 579 2252 crates,
607 2185 972 2254 opinationem
991 2185 1212 2239 sustulit
1239 2186 1402 2241 Zeno.
1421 2186 1713 2243 Videamus
1740 2204 1806 2243 an
1839 2199 1988 2246 recte

388 2275 653 2346 sapientia
683 2285 789 2342 est,
826 2285 883 2330 ut
909 2275 1097 2331 Cicero
1127 2275 1388 2343 deﬁnivit,
1412 2277 1704 2332 divinarum
1731 2289 1777 2332 et
1805 2280 1988 2333 huma-

378 2383 565 2422 narum
593 2383 762 2420 rerum
789 2366 1024 2420 scientia.
1057 2365 1190 2435 Quae
1215 2368 1459 2424 deﬁnitio
1488 2371 1534 2425 si
1561 2385 1684 2424 vera
1718 2381 1841 2438 est,
1875 2386 1985 2427 non

378 2458 527 2514 cadit
553 2459 607 2514 in
658 2458 934 2513 hominem
965 2457 1254 2528 sapientia.
1302 2459 1434 2526 Quis
1481 2461 1622 2516 enim
1675 2463 1984 2519 mortalium

314 2586 330 2606 ι
383 2553 490 2607 hoc
521 2551 623 2606 sibi
665 2551 836 2620 possit
864 2565 1176 2617 assumere,
1209 2561 1266 2606 ut
1294 2552 1475 2608 divina
1502 2563 1558 2609 et
1583 2554 1819 2611 humana
1847 2557 1987 2613 scire

379 2659 442 2698 se
472 2642 826 2714 profiteatur?
853 2642 1096 2698 Humana
1127 2643 1338 2711 omitto;
1369 2661 1489 2716 qua:
1515 2662 1838 2718 quamquam
1863 2664 1984 2705 cum

382 2735 580 2790 divinis
603 2748 848 2789 connexa
869 2742 1017 2800 sunt,
1036 2744 1214 2790 tamen
1235 2735 1358 2805 quia
1373 2747 1500 2792 sunt
1521 2737 1777 2808 hominis,
1793 2757 1988 2798 conce-

379 2827 574 2883 damus
601 2835 659 2880 ut
687 2825 850 2881 homo
892 2827 979 2881 illa
1009 2827 1147 2882 scire
1187 2828 1379 2898 possit.
1412 2829 1601 2885 Divina
1631 2842 1779 2888 certe
1807 2849 1904 2903 per
1929 2851 1989 2890 se

385 2920 528 2975 scire
549 2934 656 2974 non
680 2928 879 2988 potest,
912 2919 1032 2988 quia
1056 2919 1221 2975 homo
1251 2928 1336 2976 est
1366 2939 1378 2974 :
1411 2923 1500 2993 qui
1532 2935 1713 2981 autem
1744 2927 1847 2981 scit
1871 2927 1986 2994 illa,

379 3013 596 3068 divinus
629 3014 700 3069 sit
720 3027 945 3068 necesse
966 3023 1068 3080 est,
1101 3029 1161 3070 ac
1185 3025 1470 3086 propterea
1493 3018 1657 3074 Deus.
1684 3021 1857 3077 Homo
1882 3037 1982 3077 au-

384 3114 494 3160 tem
525 3119 623 3160 nec
648 3103 882 3170 divinus,
919 3120 1020 3159 nec
1043 3105 1181 3187 Deus
1197 3115 1299 3161 est.
1317 3107 1433 3162 Non
1460 3119 1634 3178 potest
1667 3110 1828 3182 igitur
1856 3128 1981 3182 per-

2093 1911 2316 1967 neribus
2345 1911 2682 1981 extinguant,
2715 1918 2770 1963 et
2800 1909 2914 1978 ipsa
2945 1916 3054 1964 tota
3104 1907 3451 1978 philosophia
3495 1908 3605 1962 suis
3635 1925 3693 1964 se

2092 2006 2259 2061 armis
2280 2013 2562 2060 consumat
2589 2017 2653 2058 ac
2682 2001 2850 2058 finiat.
2883 2003 3113 2071 Atenim
3137 2001 3253 2058 sola
3269 2001 3503 2073 Physica
3533 2003 3687 2055 labat.

2089 2100 2231 2167 Quid
2261 2099 2351 2154 illa
2374 2097 2626 2154 Moralis?
2646 2095 2786 2152 Num
2809 2097 2984 2166 aliqua
3013 2095 3271 2150 firmitate
3313 2095 3551 2150 subnixa
3581 2095 3693 2148 est?

2092 2190 2386 2246 Videamus
2415 2205 2482 2244 an
2511 2187 2817 2258 philosophi
2848 2187 2904 2242 in
2927 2186 3028 2242 hac
3051 2186 3242 2243 saltem
3277 2196 3435 2258 parte
3465 2201 3689 2242 consen-

2091 2284 2247 2352 tiant,
2278 2297 2395 2353 qua:
2421 2281 2488 2336 ad
2519 2281 2642 2335 vita:
2669 2288 2869 2335 statum
2897 2278 3152 2349 pertinet.

2628 2391 2860 2449 CAPUT
2899 2390 3142 2447 XXXIII.

2523 2509 2658 2569 (Div.
2686 2507 2806 2558 Inst.
2830 2508 2917 2558 lib.
2935 2524 3004 2568 ιιι,
3024 2521 3070 2556 c.
3098 2509 3124 2558 7
3153 2515 3207 2556 et
3228 2508 3302 2568 8.)

2240 2615 2391 2684 Quod
2410 2629 2664 2670 summum
2685 2614 2872 2667 bonum
2893 2613 2959 2666 sit
2985 2612 3038 2666 in
3067 2613 3171 2665 vita
3193 2613 3546 2680 quiet-endam.

2161 2752 2316 2820 Quod
2363 2752 2434 2806 sit
2477 2752 2530 2806 in
2561 2752 2690 2816 vita,
2743 2763 3012 2804 summum
3042 2749 3246 2802 bonum
3275 2749 3443 2818 (μιξειί
3472 2765 3684 2803 necesse

2089 2860 2194 2916 est,
2222 2857 2282 2903 ut
2307 2845 2374 2902 ad
2394 2845 2526 2901 illud
2555 2847 2660 2901 vita
2679 2846 2857 2900 omnis
2884 2855 2938 2901 et
2961 2845 3203 2900 actiones
3230 2854 3427 2900 nostra!
3448 2844 3682 2914 dirigan-

2092 2951 2198 2998 tur.
2230 2941 2360 2997 Cum
2416 2941 2484 2996 de
2525 2939 2760 2995 hominis
2789 2954 3003 2994 summo
3048 2939 3192 2994 bono
3240 2939 3531 3006 quaeritur,
3582 2939 3680 2991 tale

2088 3034 2342 3090 constitui
2389 3032 2580 3098 debet,
2637 3033 2869 3102 primum
2891 3073 2906 3097 ,
2937 3039 2996 3086 ut
3033 3030 3086 3084 id
3116 3030 3183 3084 ad
3215 3029 3484 3085 hominem
3515 3030 3683 3084 solum

2089 3127 2376 3196 pertineat,
2405 3123 2619 3191 deinde,
2654 3133 2711 3178 ut
2732 3122 2898 3178 animi
2925 3124 2995 3176 sit
3027 3122 3307 3193 pr0prium
3328 3163 3341 3187 ,
3389 3133 3681 3192 postremo,

381 3197 524 3253 scire
549 3195 712 3288 homo
738 3197 940 3252 divina.
964 3197 1135 3253 Nemo
1163 3214 1292 3270 ergo
1313 3202 1550 3272 sapiens,
1576 3205 1678 3259 nisi
1704 3206 1862 3273 Deus,
1894 3217 1985 3264 aut
2013 3219 2058 3282 ρ
2089 3195 2146 3273 ιιι
2168 3218 2364 3273 virtute
2390 3225 2681 3288 qum-stur.
2709 3215 2998 3271 Videamus
3018 3230 3171 3286 ergo,
3205 3230 3272 3269 an
3297 3231 3568 3270 summum
3589 3218 3674 3271 bo-

379 3298 530 3342 certe
561 3289 606 3342 is
637 3287 799 3343 homo
825 3329 840 3356 ,
885 3304 1045 3358 quem
1077 3290 1219 3346 Deus
1245 3291 1446 3348 docuit.
1491 3295 1573 3349 Illi
1625 3307 1829 3363 autem,
1859 3301 1982 3369 quia

384 3391 488 3432 nec
513 3375 588 3432 dii
617 3385 761 3444 sunt,
795 3393 895 3434 nec
925 3394 955 3432 a
982 3379 1091 3434 Deo
1119 3379 1288 3449 docti,
1321 3383 1593 3453 sapientes
1619 3402 1769 3458 ergo,
1803 3389 1856 3444 id
1877 3401 1980 3458 est,

383 3465 686 3522 divinarum
717 3477 773 3522 et
803 3468 1159 3524 humanarum
1208 3486 1392 3533 rerum
1439 3475 1672 3532 scientes
1715 3493 1836 3535 esse
1875 3495 1982 3536 non

371 3567 627 3633 possunt.
681 3558 850 3615 Recte
896 3561 1054 3630 igitur
1085 3577 1113 3616 a
1162 3562 1386 3620 Socrate
1436 3576 1596 3638 atque
1645 3569 1982 3628 Academicis

377 3650 610 3707 scientia
662 3652 870 3708 sublata
917 3662 1019 3708 est.
1073 3653 1322 3724 Opinatio
1351 3673 1564 3728 quoque
1592 3676 1698 3716 non
1735 3665 1984 3735 congruit

379 3746 632 3817 sapienti.
667 3745 725 3800 Id
754 3747 898 3801 enim
945 3746 1174 3818 quisque
1219 3750 1501 3820 opinatur,
1554 3755 1697 3823 quod
1748 3757 1977 3826 ignorat.

380 3839 604 3909 Opinari
648 3847 825 3894 autent
855 3841 994 3896 scire
1024 3850 1097 3906 te,
1129 3842 1274 3913 quod
1305 3843 1522 3914 ignores
1544 3888 1558 3911 ,
1607 3851 1882 3906 temeritas
1920 3867 1983 3907 ac

379 3931 611 3986 stultitia
657 3939 759 3986 est.
798 3931 965 3987 Recte
1007 3931 1167 4002 igitur
1194 3933 1433 4004 opinatio
1464 3951 1494 3991 a
1523 3937 1743 3996 Zenone
1769 3943 1980 3998 sublata

381 4031 488 4078 est.
513 4022 567 4078 Si
594 4037 722 4092 ergo
751 4023 973 4078 scientia
1003 4023 1057 4078 in
1085 4023 1304 4081 homine
1337 4027 1482 4082 nulla
1511 4038 1621 4095 est,
1663 4041 1716 4086 et
1739 4034 1979 4103 opinatio

384 4128 509 4173 esse
531 4130 638 4172 non
666 4113 851 4181 debet,
884 4116 1224 4186 philOSOphia
1251 4119 1510 4176 radicitus
1540 4136 1864 4195 amputatur.

937 4229 1166 4287 CAPUT
1205 4232 1424 4290 XXXII.

800 4366 931 4429 (Div.
956 4367 1074 4418 Inst.
1098 4369 1186 4420 lib.
1214 4384 1284 4432 ιιι,
1310 4385 1354 4422 c.
1383 4372 1413 4420 4
1439 4381 1491 4424 et
1509 4373 1581 4437 7.)

608 4468 686 4525 De
717 4469 1135 4542 philosophorum
1166 4474 1338 4542 sectis,
1367 4492 1428 4530 ac
1449 4479 1772 4536 dissentione.

2088 3325 2240 3376 num,
2269 3308 2413 3380 quod
2464 3307 2766 3379 philosophi
2797 3307 3185 3375 determinant,
3221 3309 3326 3363 tale
3351 3311 3445 3374 sit,
3491 3319 3552 3362 ut
3593 3325 3683 3363 inec

2089 3410 2298 3456 mutum
2329 3401 2549 3468 animal,
2587 3415 2686 3457 nec
2716 3416 2914 3472 corpus
2944 3400 3190 3473 attingat,
3237 3415 3337 3457 nec
3365 3401 3538 3473 possit
3577 3403 3686 3456 sine

2087 3495 2286 3550 virtute
2316 3494 2583 3565 conquiri.

2159 3587 2799 3658 Arisdppusﬁyrenaicze
2821 3598 2985 3645 sectae
3007 3588 3277 3656 conditor,
3300 3590 3389 3660 qui
3417 3605 3680 3644 summum

2086 3683 2288 3740 bonum
2317 3699 2438 3740 esse
2458 3685 2671 3741 censuit
2697 3687 2939 3758 corporis
2962 3688 3296 3757 voluptatem
3317 3733 3330 3756 ,
3362 3688 3433 3743 de
3462 3705 3682 3743 numero

2086 3775 2561 3846 philosophorum,
2609 3775 2784 3847 deque
2809 3788 2954 3834 cestu
2984 3780 3260 3835 hominum
3298 3781 3677 3851 propellendus

2085 3877 2190 3934 est,
2223 3867 2350 3937 quia
2378 3883 2437 3923 se
2464 3869 2654 3938 pecudi
2679 3872 3029 3940 comparavit.
3064 3872 3380 3944 Hieronymi
3421 3891 3676 3929 summum

2080 3957 2279 4013 bonum
2307 3968 2390 4014 est
2435 3958 2567 4014 nihil
2607 3959 2830 4027 dolere;
2880 3963 3121 4030 Diodori,
3176 3965 3364 4022 dolere
3420 3967 3675 4023 desinere.

2085 4049 2193 4106 Sed
2220 4060 2434 4106 caetera:
2464 4051 2770 4109 animantes
2796 4054 3041 4112 dolorem
3070 4056 3283 4127 fugiunt
3307 4101 3321 4122 ,
3349 4068 3405 4115 et
3434 4075 3548 4114 cum
3580 4077 3677 4114 non

2085 4141 2294 4211 dolent,
2326 4153 2418 4198 aut
2443 4144 2629 4201 dolere
2657 4145 2933 4214 desinunt,
2955 4148 3219 4219 gaudent.
3256 4151 3396 4218 Quid
3415 4151 3573 4223 igitur
3593 4153 3677 4206 ho-

2086 4235 2220 4288 mini
2242 4233 2460 4292 dabitur
2480 4237 2760 4305 eximium,
2790 4240 2837 4294 si
2864 4240 3064 4298 bonum
3093 4243 3214 4313 ejus
3244 4259 3508 4299 summum
3539 4261 3678 4300 com-

2084 4342 2248 4385 mune
2271 4344 2394 4385 cum
2424 4331 2621 4387 belluis
2646 4332 2958 4403 iudicatur?
2987 4335 3140 4392 Zeno
3183 4351 3450 4393 summum
3487 4339 3674 4394 bonum

2087 4422 2311 4491 putavit,
2331 4439 2453 4479 cum
2479 4435 2667 4481 natura
2690 4437 3052 4498 congruenter
3079 4431 3283 4487 vivere.
3313 4435 3379 4488 At
3411 4432 3522 4489 haec
3549 4433 3677 4488 deli-

2088 4515 2222 4571 nitio
2262 4517 2532 4587 generalis
2559 4529 2662 4574 est.
2690 4519 2896 4577 Omnes
2925 4522 3070 4578 enim
3096 4524 3394 4590 animantes
3436 4542 3550 4581 cum
3584 4542 3676 4580 na-

459 4583 576 4641 Iluc
619 4586 862 4655 accedit,
905 4588 1048 4659 quod
1080 4604 1184 4646 non
1213 4601 1295 4648 est
1327 4592 1608 4652 uniformis
1644 4613 1658 4652 :
1685 4597 1778 4653 sed
1807 4599 1979 4660 divisa
2006 4597 2056 4656 D
2085 4617 2204 4663 tura
2230 4583 2587 4680 congruenter
2609 4613 2818 4686 vivunt,
2843 4625 2897 4674 et
2919 4625 3005 4673 est
3031 4632 3128 4673 sua
3158 4583 3353 4691 cuique
3379 4631 3586 4676 natura.

1708 4713 2070 4780 VARIORUM
2107 4722 2339 4781 NOTAE.

473 4818 690 4895 ξξίυαιιιζ
707 4822 1054 4878 Heumannus
1083 4823 1212 4895 legit
1240 4829 1432 4884 vivunt.

467 4889 642 4946 Omni.
671 4891 729 4945 In
762 4907 862 4946 ms.
896 4896 1066 4948 omnia
1087 4938 1101 4961 ,
1135 4889 1230 4952 sed
1253 4910 1491 4956 erratum
1521 4913 1625 4960 est.

420 5009 427 5016 .
465 4960 639 5034 gigni.
667 4961 722 5015 In
747 4978 875 5016 mss.
919 4965 1000 5017 Ad
1023 4960 1162 5034 quin.

475 5029 767 5121 Xideanins,
798 5029 1426 5121 an_recte.'sapientiahesl.
1464 5044 1536 5121 Ita
1566 5047 1704 5103 male
1742 5050 1982 5121 Pfaflius,

391 5101 603 5178 Walch.
637 5111 692 5158 et
720 5106 958 5178 Davisius
977 5101 1273 5162 ediderant.
1305 5111 1430 5168 Sine
1456 5101 1760 5174 ulloidubio
1783 5101 1986 5178 iis};

391 5173 569 5260 verba
590 5183 717 5260 sunt
745 5174 1118 5260 distinguenda
1140 5197 1160 5260 γε
1206 5179 1476 5260 Videamus
1497 5205 1564 5260 an
1581 5173 1741 5243 recte.
1761 5173 1984 5260 sapia}:

390 5246 464 5320 tia
498 5255 588 5299 est.
621 5245 998 5320 Priot'a_vet_'l)a
1027 5259 1152 5303 sunt
1179 5251 1460 5309 referenda
1501 5259 1566 5312 ad
1610 5245 1984 5320 Socratet'nwet

391 5315 664 5390 Zenonem
693 5315 753 5371 II.
785 5317 852 5370 Ill.
885 5316 1178 5384 Videamus,
1204 5340 1270 5375 an
1295 5335 1445 5390 recte,
1470 5315 1674 5385 scilicet
1699 5315 1977 5390 scientiam

393 5386 664 5453 Socrates,
695 5390 1058 5456 Opinationem
1087 5393 1367 5448 sustulerit
1394 5386 1559 5453 Zeno.
1591 5401 1723 5456 Bux.

465 5456 1279 5548 ‘itffiift:_-.“79".‘.c_,_l?8endum»
1309 5483 1398 5536 ρετ
1424 5485 1478 5524 δε
1514 5471 1672 5540 scire.
1707 5483 1764 5530 υι
1793 5491 1970 5548 supra.

384 5525 464 5583 Ita
494 5528 654 5583 etiam
689 5537 836 5597 putat
861 5525 1222 5589 Heumannus.

454 5597 536 5652 Is.
560 5599 616 5652 In
649 5613 776 5653 mss.
807 5600 906 5653 Itis.

455 5668 790 5745 I_mpugnent.
820 5670 874 5745 In
906 5686 1008 5726 ms.
1035 5673 1316 5745 impugnet.

455 5739 820 5815 Susceperunt.
847 5741 903 5796 In
929 5757 1030 5815 ms.
1066 5739 1422 5815 stibi-cperunt.

452 5808 536 5866 Ne
560 5808 659 5878 ipsi
683 5811 903 5880 quidem.
935 5808 1286 5875 Heumannus
1312 5829 1466 5890 putat
1495 5824 1784 5898 legendum
1810 5847 1933 5894 esse
1960 5875 1975 5901 ,

2089 4859 2153 4896 ne
2181 4843 2348 4910 ipsum
2365 4845 2590 4911 quidem.

2160 4912 2489 4969 Munimenti.
2522 4917 2581 4971 In
2612 4931 2746 4972 mss.
2776 4918 3094 4974 munimenti.

2161 4985 2504 5062 Eatingnant.
2533 4987 2881 5062 Heumannus
2924 4999 2979 5044 et
3017 5006 3317 5062 anonymus
3361 4998 3537 5060 puL'int
3590 4991 3666 5047 le-

2087 5057 2322 5130 gendum
2351 5072 2472 5112 esse
2493 5060 2817 5130 extinguunt.

2161 5127 2438 5203 Consnmat
2461 5146 2522 5182 ac
2552 5127 2720 5203 finiat.
2752 5130 3104 5188 Heumannus
3137 5143 3283 5202 putat
3311 5133 3404 5203 legi
3430 5133 3628 5187 debere
3654 5176 3666 5197 ,

2090 5201 2343 5273 consumit
2370 5216 2430 5252 ac
2442 5201 2677 5273 conﬁcit.
2883 5262 2895 5273 ο

2156 5269 2222 5321 At
2256 5270 2409 5323 enim.
2440 5272 2544 5326 Pro
2566 5273 2630 5325 At
2656 5287 2793 5326 vero.

2157 5338 2480 5416 Qirigantnr.
2509 5342 2564 5396 In
2589 5358 2689 5416 ms.
2719 5343 3039 5416 derigantur.

2167 5409 2384 5466 Virtute.
2410 5412 2468 5467 In
2487 5429 2590 5468 ms.
2611 5409 2865 5470 virtuteni.

2158 5479 2470 5557 gyrenaicw.
2505 5485 2562 5539 In
2593 5501 2694 5540 ms.
2731 5484 3039 5557 Cyrinaicte.

2160 5551 2315 5627 Quia.
2344 5555 2400 5627 In
2425 5572 2526 5610 ms.
2551 5557 2656 5627 qui.

2156 5623 2361 5678 Dolere.
2393 5626 2451 5680 In
2478 5623 2578 5682 ms.
2625 5627 2819 5682 dolore.

2159 5694 2267 5749 Sed
2293 5706 2493 5752 cratera.
2532 5697 2878 5757 Heumannus
2903 5709 3055 5771 putat
3093 5701 3197 5773 legi
3233 5703 3434 5768 debere,
3466 5697 3576 5753 Sed
3609 5709 3658 5750 ct

2086 5777 2288 5823 cratera.

2156 5838 2254 5911 Δις
2269 5838 2322 5896 In
2345 5855 2446 5898 IIIS.
2479 5842 2564 5897 ad.
