3816 6264
126 393 251 458 1041

1082 389 1385 448 ΕΡΙΤΟΜΕ
1427 388 1811 449 DlVl-NARUM
1848 387 2405 447 INSTITUTIONUM.

3268 387 3410 445 1049.

190 512 449 587 Epicurus
479 509 642 567 animi
672 508 1280 583 asseruitvoluptatem.
1328 507 1467 576 Quid
1500 516 1583 563 est
1611 522 1707 563 vo-
1733 509 1789 568 Α
1811 515 1961 563 ιηεηι
1984 507 2051 563 ad
2077 505 2428 576 voluptatem,
2453 501 2542 557 alii
2570 501 2636 557 ad
2659 500 3023 568 honestatem,
3057 500 3147 557 alii
3170 515 3301 558 vero
3337 502 3408 557 ad
3460 548 3465 554 .

121 612 291 683 luptas
319 605 526 664 animi?
551 604 655 660 nisi
679 603 954 676 gaudium,
982 619 1088 675 quo
1117 604 1437 675 plerumque
1465 602 1710 658 luxuriat

120 701 346 766 animus,
374 712 436 753 ac
457 696 748 763 relaxatur,
767 695 853 752 vel
871 694 936 751 ad
965 695 1164 764 lusum,
1188 696 1273 750 vel
1300 695 1367 749 ad
1398 692 1707 750 risum.Sed

121 793 222 849 hoc
262 791 458 846 bonum
490 788 650 844 etiam
678 795 822 842 muta
853 786 1114 857 contingit
1134 829 1148 851 ,
1179 802 1301 858 quae
1329 801 1450 841 cum
1498 784 1710 856 pabulis

121 891 349 942 saturata
392 889 539 948 sunt,
572 880 623 934 in
651 879 903 951 gaudium
944 887 999 934 et
1038 879 1312 934 lasciviam
1342 880 1704 935 resolvuntur.

124 974 479 1035 Dinomachus
526 982 582 1030 et
612 972 856 1045 Callipho
895 972 1175 1028 honestam
1219 975 1545 1044 voluptatem
1577 988 1707 1044 pro-

122 1071 380 1126 baverunt
410 1084 424 1124 :
458 1067 553 1124 sed
578 1075 670 1123 aut
698 1066 836 1122 idem
863 1066 1134 1132 dixerunt,
1159 1066 1303 1138 quod
1330 1066 1620 1137 Epicurus,
1650 1073 1709 1121 ut

119 1164 356 1233 corporis
398 1163 468 1218 sit
505 1161 753 1231 voluptas
777 1159 1093 1227 inhonesta;
1124 1167 1217 1214 aut
1252 1159 1297 1215 si
1345 1160 1589 1230 corporis
1613 1173 1711 1214 vo-

121 1257 369 1328 luptates,
402 1255 536 1309 alias
562 1263 767 1325 turpes,
791 1253 925 1308 alias
956 1252 1210 1308 honestas
1232 1251 1705 1322 putaverunt,jam

118 1364 220 1407 non
252 1359 334 1405 est
361 1362 627 1403 summum
657 1346 859 1402 bonum
883 1386 897 1410 ,
938 1344 1082 1416 quod
1110 1344 1326 1414 corpori
1353 1342 1698 1400 adscribitur.

118 1439 456 1513 Peripatetici
506 1455 574 1496 ex
613 1438 768 1495 bonis
813 1437 977 1491 animi
1021 1445 1075 1492 et
1111 1436 1355 1506 corporis
1384 1424 1440 1491 et
1482 1417 1710 1491 fortuna:

119 1547 391 1588 summum
417 1533 617 1588 bonum
645 1528 901 1585 conﬂant.
931 1527 1111 1582 Animi
1142 1527 1278 1583 bona
1323 1526 1541 1598 probari
1584 1542 1709 1598 pos-

100 1637 269 1709 sunt.
302 1624 412 1681 Sed
432 1624 478 1679 si
501 1622 700 1678 auxilio
726 1620 966 1692 indigent
992 1619 1058 1674 ad
1076 1620 1450 1691 complendam
1481 1620 1710 1675 beatitu-

112 1717 299 1774 dinem
324 1760 339 1785 ,
385 1716 565 1786 utique
610 1713 874 1771 imbecilla
903 1721 1031 1769 sunt
1062 1731 1076 1768 :
1106 1712 1350 1784 corporis
1382 1726 1513 1767 vero
1549 1721 1711 1782 atque

115 1810 374 1875 fortuum,
405 1824 510 1864 non
536 1815 659 1864 sunt
678 1808 728 1862 in
745 1806 977 1862 hominis
1002 1814 1291 1876 potestate;
1306 1820 1406 1862 nec
1426 1805 1535 1875 jam
1559 1820 1710 1861 sum-

1810 612 2079 665 naturam,
2126 600 2216 655 alii
2256 598 2325 654 ad
2365 596 2671 663 scientiam,
2717 595 2809 650 alii
2852 595 2919 651 ad
2946 594 3287 666 quaerendas,
3319 594 3413 652 alii

1811 695 1879 750 ad
1900 694 2176 764 fugiendas
2203 705 2357 762 opes,
2387 690 2478 747 alii
2500 689 2567 744 ad
2590 688 2727 743 nihil
2756 687 3068 755 dolendum,
3094 688 3186 744 alii
3214 688 3281 743 ad
3312 703 3411 759 pa-

1814 789 2057 844 tientiam
2087 786 2385 851 malorum;
2434 785 2488 838 in
2532 783 2724 855 quibus
2751 783 3022 849 omnibus,
3070 784 3210 838 sicut
3250 797 3413 854 supe-

1812 881 1927 937 rius
1975 877 2206 945 ostendi,
2236 892 2267 933 a
2296 877 2507 934 ratione
2547 875 2854 943 declinant,
2903 876 3027 947 quia
3065 874 3235 932 Deum
3287 890 3414 932 ues-
3470 912 3478 919 .

1809 974 1980 1031 ciunt.

2353 1059 2581 1118 CAPUT
2625 1059 2867 1116 XXXIV.

2278 1177 2409 1244 (Div.
2436 1180 2552 1226 Inst.
2578 1175 2665 1225 lib.
2690 1190 2759 1237 ιιι,
2782 1187 2826 1225 ο.
2853 1174 2929 1238 9.)

2085 1284 2238 1352 Quod
2260 1283 2329 1339 ad
2345 1282 2605 1355 justitiam
2633 1281 2739 1337 nati
2762 1282 2864 1337 sint
2880 1281 3129 1337 homines.

1890 1420 2180 1476 Videamus
2211 1432 2355 1473 nunc
2407 1416 2535 1488 quid
2578 1417 2649 1472 sit
2678 1431 2947 1473 summum
2976 1416 3177 1472 bonum
3199 1457 3213 1482 ,
3265 1417 3413 1488 quod

1815 1514 1890 1570 sit
1922 1512 2254 1583 propositum
2283 1510 2548 1581 sapienti,
2580 1523 2850 1564 summum
2898 1508 3122 1566 bonum.
3153 1506 3234 1563 Ad
3257 1507 3415 1577 justi-

1818 1605 1944 1660 tiam
1986 1602 2136 1658 nasci
2184 1601 2452 1667 homines,
2513 1614 2619 1655 non
2648 1599 2809 1656 modo
2857 1600 3052 1654 littera:
3102 1613 3271 1654 sacra:
3310 1598 3414 1653 do-

1816 1703 1966 1765 cent,
1989 1708 2173 1751 verum
2196 1694 2358 1749 etiam
2381 1692 2523 1748 idem
2557 1692 2657 1762 ipsi
2687 1690 2992 1763 philosophi
3024 1705 3410 1761 nonnunquam

1815 1786 2073 1843 fatentur.
2093 1786 2287 1841 Cicero
2303 1784 2381 1839 sic
2408 1786 2516 1840 ait:
2556 1803 2576 1837 ι
2612 1782 2717 1839 Sed
2748 1783 3011 1847 omnium,
3040 1798 3161 1853 qua:
3190 1783 3244 1837 in
3276 1783 3412 1838 doc-

111 1919 258 1959 mum
275 1874 476 1957 bonum
505 1909 609 1969 est,
639 1899 783 1972 quod
828 1874 1178 1969 animi-pora,
1209 1906 1301 1954 θυι
1326 1874 1478 1953 exii-3
1520 1899 1709 1968 positis
1740 1891 1790 1953 Β
1820 1888 1996 1935 torum
2050 1877 2327 1933 hominum
2362 1875 2725 1947 disputatione
2774 1882 3094 1939 versantur,
3146 1874 3280 1928 nihil
3334 1879 3421 1928 est

113 1996 417 2067 assignatur
439 2035 455 2061 ,
501 1994 626 2064 quia
657 2002 712 2048 et
744 1991 976 2059 pecudes
1001 1991 1216 2061 attingit
1246 1991 1346 2045 hoc
1374 1990 1575 2062 duplex
1612 1991 1709 2048 bo-

114 2101 262 2153 num,
283 2085 479 2156 quibus
495 2098 630 2154 opus
646 2090 750 2150 est,
781 2090 841 2136 ut
866 2090 919 2137 et
944 2081 1083 2136 bene
1100 2080 1335 2148 valeant,
1356 2090 1410 2136 et
1432 2081 1575 2137 victu
1598 2096 1708 2138 non

117 2180 405 2250 indigeant.
433 2176 599 2233 Stoici
625 2175 899 2243 aliquanto
926 2173 1119 2229 melius
1132 2172 1371 2229 sensisse
1394 2172 1707 2240 creduntur,

117 2273 204 2345 qui
242 2284 511 2326 summum
564 2268 765 2324 bonum
816 2266 1067 2322 virtutem
1109 2280 1229 2322 esse
1273 2264 1545 2320 dixerunt.
1604 2265 1712 2321 Sed

120 2363 285 2419 virtus
316 2375 423 2416 non
458 2367 639 2431 potest
675 2373 798 2415 esse
838 2372 1109 2413 summum
1139 2357 1342 2412 bonum
1369 2374 1383 2410 :
1413 2357 1666 2428 quoniam
1693 2398 1710 2425 ,

117 2456 159 2512 si
187 2454 451 2510 malorum
478 2452 832 2522 laborumque
868 2448 1155 2504 tolerantia
1185 2456 1304 2515 est,
1344 2447 1502 2503 beata
1534 2462 1630 2517 per
1653 2461 1714 2503 se

119 2563 220 2604 non
245 2556 348 2614 eSI;
380 2545 475 2602 sed
506 2542 723 2600 eflicere
749 2551 841 2599 aut
879 2555 1167 2609 procreare
1193 2554 1463 2596 summum
1511 2538 1713 2595 bonum

118 2640 292 2707 debet,
319 2639 442 2710 quia
469 2635 742 2709 perveniri
775 2633 840 2689 ad
876 2633 1027 2702 illud,
1059 2633 1177 2689 sine
1200 2632 1519 2688 difficultate
1544 2646 1607 2686 ac
1637 2631 1715 2686 la-

120 2733 243 2790 bore
284 2731 544 2797 maximo,
579 2745 687 2785 non
716 2735 916 2800 potest.
948 2728 1019 2781 At
1045 2741 1175 2783 vero
1207 2725 1526 2781 Aristoteles
1557 2724 1716 2796 longe

120 2840 147 2879 a
174 2824 383 2880 ratione
404 2821 696 2889 aberravit,
720 2820 808 2891 qui
834 2819 1175 2874 honestatem
1204 2817 1387 2872 virtuti
1419 2817 1713 2886 copulavit;

121 2916 266 2987 quasi
319 2913 611 2986 aliquando
658 2911 829 2967 virtus
866 2918 961 2965 aut
986 2909 1054 2965 ab
1094 2908 1319 2965 honesta
1362 2907 1591 2974 secerni,
1625 2917 1717 2962 aut

122 3005 430 3079 turpitudini
463 3012 646 3078 posset
673 3002 911 3073 adjungi.

189 3098 405 3172 Eryllus
437 3095 772 3171 Pyrrhonius
803 3093 1086 3150 scientiam
1137 3091 1266 3147 fecit
1317 3105 1584 3146 summum
1616 3091 1716 3146 bo-

124 3213 264 3252 uttm.
294 3194 423 3249 Haec
446 3191 699 3265 quidem',
739 3197 795 3244 et
822 3187 1077 3253 hominis,
1128 3196 1182 3241 et
1211 3185 1376 3240 animi
1400 3184 1567 3240 solius
1593 3192 1713 3240 est:

1817 1969 2061 2042 profecto
2091 1968 2483 2039 prtestabilius,
2524 1981 2683 2038 quam
2734 1966 2895 2036 plane
2941 1965 3165 2035 intelligi
3213 1979 3311 2019 nos
3341 1962 3413 2019 ad

1812 2060 2075 2132 justitiam
2124 2073 2247 2114 esse
2296 2065 2472 2114 natos.
2521 2077 2539 2110 ι
2588 2059 2686 2113 Est
2730 2056 2836 2112 hoc
2890 2056 3255 2111 verissimum.
3305 2054 3416 2111 Nec

1818 2156 1961 2212 enim
1988 2154 2055 2209 ad
2094 2153 2272 2208 scelus
2303 2153 2596 2222 nascimur,
2636 2166 2757 2206 cum
2790 2151 2960 2205 simus
2989 2149 3187 2204 animal
3214 2147 3416 2204 sociale

1816 2256 1978 2318 atque
2038 2258 2348 2301 commune.
2430 2242 2583 2297 Ferzn
2643 2240 2712 2296 ad
2784 2240 3050 2296 saevitiam
3099 2239 3413 2310 gignuntur.

1818 2339 1994 2396 Aliter
2042 2337 2186 2393 enim
2234 2343 2512 2406 nequeunt
2571 2347 2731 2403 quam
2802 2331 2987 2402 prteda
3047 2341 3103 2386 et
3153 2330 3418 2401 sanguine

1818 2432 2087 2488 victitare.
2114 2428 2347 2484 Easdem
2378 2436 2556 2481 tamen
2599 2425 2701 2480 etsi
2750 2424 2938 2479 ultima
2986 2422 3154 2477 fames
3184 2430 3414 2493 urgeat,

1818 2524 2170 2583 nihilominus
2215 2521 2432 2593 generis
2478 2520 2560 2575 sui
2607 2516 2933 2573 animalibus
2980 2523 3225 2585 parcunt.
3269 2514 3417 2571 Idem

1820 2620 2051 2676 faciunt:
2073 2627 2125 2673 et
2149 2631 2294 2683 aves,
2349 2627 2485 2685 quas
2539 2612 2766 2667 aliorum
2812 2609 3111 2665 visceribus
3141 2607 3289 2679 pasci
3316 2622 3417 2663 ne-

1818 2729 1973 2772 cesse
2002 2722 2105 2768 est.
2132 2710 2347 2780 Quanto
2371 2708 2543 2780 magis
2571 2705 2871 2771 hominem,
2902 2703 2993 2773 qui
3020 2717 3141 2757 cum
3175 2701 3417 2769 homine,

1758 2816 1761 2819 ’
1820 2817 1881 2866 ει
1915 2809 2245 2863 commercio
2293 2805 2509 2874 lingum,
2543 2810 2599 2857 et
2625 2800 3007 2857 communione
3033 2786 3226 2853 sensus
3252 2809 3419 2865 copu-

1820 2903 1965 2959 latus
1986 2910 2091 2969 est,
2124 2912 2349 2972 parcere
2382 2895 2585 2952 homini
2613 2902 2858 2966 oportet,
2887 2905 3121 2962 eumque
3148 2889 3373 2960 diligere
3397 2889 3414 2944 ι

1818 2999 1948 3055 limo
1971 3005 2054 3052 est
2078 2995 2220 3051 enim
2244 2991 2470 3064 justitia.

1889 3090 1996 3147 Sed
2043 3087 2297 3160 quoniam
2351 3084 2453 3140 soli
2494 3081 2703 3138 homini
2742 3076 3007 3150 sapientia
3058 3076 3184 3131 data
3214 3083 3328 3139 est,
3360 3083 3419 3128 ut

1822 3183 1990 3238 Deum
2023 3179 2306 3249 intelligat,
2355 3184 2411 3231 et
2437 3174 2554 3229 haec
2599 3173 2716 3227 sola
2762 3168 2997 3224 hominis
3041 3175 3420 3236 mulorumque

123 3292 208 3347 sed
239 3299 420 3362 potest
445 3288 561 3343 sine
591 3286 788 3340 virtute
815 3282 1151 3352 contingere.
1197 3279 1310 3336 Nec
1347 3279 1492 3335 enim
1524 3280 1714 3335 beatus
1741 3272 1786 3337 C
1821 3275 2075 3333 distantia
2104 3282 2219 3340 est,
2248 3270 2459 3327 duobus
2485 3267 2679 3324 officiis
2708 3265 2965 3322 obstricta
3009 3272 3092 3318 est
3120 3263 3235 3333 ipsa
3253 3259 3417 3329 justi-

125 3384 388 3457 putandus
412 3392 530 3444 est.
571 3380 662 3452 qui
691 3379 780 3434 vel
829 3376 1016 3432 auditu
1061 3374 1262 3445 aliquid
1313 3373 1583 3439 didicerit,
1624 3371 1713 3428 vel

124 3491 277 3548 parva
301 3474 542 3530 lectione
569 3469 916 3540 cognoverit;
960 3481 1061 3522 nec
1091 3475 1176 3520 est
1202 3465 1398 3520 summi
1428 3464 1552 3520 boni
1581 3463 1715 3519 deli-

127 3570 270 3636 nitio,
296 3567 424 3638 quia
457 3572 634 3635 potest
661 3576 783 3618 esse
808 3572 899 3615 aut
922 3574 1103 3616 rerum
1133 3557 1418 3624 malarum,
1447 3566 1541 3612 aut
1568 3564 1715 3613 certe
1764 3574 1769 3579 '

126 3657 387 3714 inutilium
444 3654 687 3709 scientia.
749 3651 862 3706 Etsi
921 3651 993 3705 sit
1066 3650 1328 3703 bonarum
1388 3655 1442 3702 et
1473 3647 1715 3718 utilium,

125 3769 274 3826 quam
308 3752 500 3808 labore
537 3750 613 3805 sis
639 3755 951 3811 assecutus,
1002 3759 1271 3799 summum
1304 3751 1481 3798 tamen
1512 3744 1713 3797 bonum

126 3862 224 3901 non
247 3853 368 3910 est,
402 3843 525 3914 quia
556 3856 661 3896 non
706 3848 925 3910 propter
953 3852 1012 3892 se
1043 3836 1314 3906 expetitur
1340 3818 1589 3899 scientia,
1621 3833 1715 3889 sed

127 3948 337 4009 propter
366 3935 531 3991 aliud.
560 3933 692 3989 Nam
727 3931 928 3987 ideirco
972 3936 1117 3982 artes
1159 3927 1459 3993 discuntur,
1507 3933 1567 3979 ut
1607 3925 1717 3979 sint

124 4030 272 4087 nobis
296 4037 393 4084 aut
413 4026 595 4092 victui,
625 4035 718 4078 aut
741 4022 947 4094 glorise,
976 4029 1068 4074 aut
1093 4020 1252 4075 etiam
1272 4017 1566 4086 voluptati:
1598 4030 1717 4086 quae

124 4118 298 4193 utique
344 4133 558 4174 summa
604 4117 741 4170 bona
798 4127 920 4168 esse
962 4126 1067 4167 non
1111 4118 1355 4181 possunt.
1393 4108 1537 4179 Ergo
1567 4122 1634 4162 ne
1665 4110 1717 4162 in

128 4214 307 4269 Ethica
338 4211 559 4281 quidem
590 4205 896 4279 philosophi
928 4204 1167 4275 regulam
1213 4210 1417 4266 tenent,
1471 4200 1721 4271 quando-

129 4305 334 4377 quidem
388 4305 442 4359 in
484 4303 602 4370 ipso
631 4298 871 4364 cardine,
923 4297 973 4350 id
1005 4305 1108 4361 est,
1149 4295 1202 4349 in
1231 4309 1293 4349 ea
1322 4293 1719 4364 disputatione,

129 4414 222 4468 qua
248 4384 355 4452 vita
410 4397 692 4456 formatur,
739 4391 878 4445 inter
913 4402 973 4443 se
1001 4395 1257 4458 pugnant.
1289 4384 1401 4442 Nec
1422 4387 1564 4441 enim
1593 4400 1723 4456 pos-

1824 3369 1915 3425 tia.
1970 3366 2141 3423 Unum
2193 3365 2305 3419 Deo
2335 3362 2534 3427 debet,
2590 3368 2647 3415 ut
2696 3358 2871 3429 patri,
2924 3356 3152 3411 alterum
3191 3351 3419 3415 homini,

1822 3459 1975 3516 velut
2005 3457 2175 3512 fratri.
2205 3454 2289 3511 Ah
2320 3452 2511 3509 eodem
2541 3451 2687 3506 enim
2736 3450 2848 3504 Deo
2873 3446 3037 3518 geniti
3076 3457 3282 3500 sumus.
3311 3441 3423 3496 Me-

1822 3552 1927 3607 rito
1947 3565 2075 3621 ergo
2099 3562 2162 3602 ac
2186 3554 2336 3601 recte
2373 3544 2577 3599 dictum
2620 3550 2726 3607 est,
2758 3538 3076 3610 sapientiam
3117 3550 3238 3591 esse
3281 3533 3421 3587 divi-

1823 3657 2017 3698 narum
2041 3651 2093 3694 et
2110 3637 2468 3692 humanarum
2491 3648 2675 3689 rerum
2702 3630 3004 3687 scientiam.
3030 3626 3254 3697 Oportet
3274 3623 3420 3679 enim

1825 3735 1965 3791 seire
1997 3748 2096 3787 nos
2126 3729 2251 3801 quid
2299 3729 2432 3794 Deo,
2482 3725 2614 3797 quid
2662 3722 2870 3779 homini
2914 3720 3251 3782 debeamus;
3308 3715 3425 3770 Deo

1824 3824 2034 3880 scilicet
2081 3820 2420 3891 religionem,
2471 3814 2681 3871 homini
2731 3812 3074 3868 charitatem.
3128 3806 3235 3863 Sed
3288 3804 3422 3860 illud

1826 3918 2073 3988 superius
2125 3911 2424 3983 sapientiae,
2468 3908 2572 3963 hoc
2627 3903 2896 3977 posterius
2941 3899 3152 3956 virtutis
3194 3907 3315 3962 est;
3369 3907 3425 3952 et

1829 4022 2112 4081 utrumque
2135 4005 2340 4078 justitia
2383 3998 2815 4073 comprehendit.
2849 3997 2905 4053 Si
2936 4009 3067 4067 ergo
3116 4001 3329 4048 constat
3356 3989 3445 4045 ad'

1824 4102 2089 4176 justitiam
2128 4095 2275 4152 nasci
2302 4093 2577 4149 hominem
2600 4132 2615 4157 ,
2664 4101 2891 4144 necesse
2918 4094 3003 4141 est
3036 4085 3239 4155 justum
3272 4081 3426 4136 malis

1826 4173 1949 4252 esse
1994 4190 2317 4259 subjectum,
2351 4195 2412 4239 ut
2441 4185 2718 4247 virtutem,
2756 4194 2859 4250 qua
2911 4186 2991 4233 est
3041 4174 3322 4247 praeditus,
3372 4173 3424 4226 in

1827 4303 1929 4344 usu
1973 4284 2189 4339 habeat.
2227 4279 2410 4334 Virtus
2458 4277 2601 4332 enim
2656 4274 2919 4328 malorum
2965 4269 3283 4325 sustinentia
3321 4275 3425 4321 est.

1833 4380 2147 4448 Voluptates
2172 4372 2368 4441 fugiet,
2395 4377 2453 4424 ut
2473 4369 2673 4423 malum
2703 4382 2717 4429 ;
2759 4381 2891 4434 Opes
2919 4369 3272 4426 contemnet,
3304 4360 3431 4429 quia

131 4450 247 4551 sunt
277 4488 424 4566 paria
452 4500 572 4544 esse
602 4493 694 4540 aut
735 4480 930 4538 similia
973 4450 1242 4552 p'rteeepta
1268 4521 1283 4547 ,
1334 4492 1457 4534 cum
1490 4478 1581 4533 alii
1596 4450 1721 4533 'for-
1746 4469 1801 4529 D
1826 4470 2044 4544 fragiles
2090 4472 2256 4530 sunt;
2284 4471 2373 4527 et,
2406 4462 2451 4517 si
2485 4459 2757 4524 habuerit,
2807 4454 3149 4524 dilargietur,
3183 4460 3241 4507 ut
3272 4450 3431 4505 mise-

1455 4583 1819 4677 VARIORUM
1847 4611 2080 4674 nom.

201 4761 334 4818 Nisi.
369 4760 429 4815 ln
459 4772 559 4814 ms.
592 4756 653 4813 si.

197 4854 452 4925 Callipho.
485 4851 541 4905 ln
566 4863 669 4903 ms.
694 4841 900 4910 Caliﬂ'o.

203 4920 467 5000 Formm.
503 4940 849 4995 Heumaunus
884 4925 1190 4986 addendum
1222 4929 1373 4994 putat
1400 4921 1567 4976 bona:
1600 4920 1678 4974 sic
1702 4960 1719 4987 ,

138 5018 349 5088 fortuna:
372 5017 506 5069 bona
533 5026 635 5066 non
653 5017 792 5063 sunt.

206 5108 326 5163 Non
356 5115 474 5159 sunt
504 5104 558 5156 in
583 5098 803 5154 hominis
832 5100 1096 5165 potestate.
1122 5087 1178 5165 l_n
1226 5082 1594 5165 manuscripto
1620 5123 1639 5165 ε
1667 5082 1721 5165 in

141 5153 700 5247 hominis—potestatem.
731 5153 1242 5247 _Noit!ecedettdunt
1277 5153 1722 5247 ᾳὺηωῇῃιιεεςὶριί

142 5223 815 5317 iiIiEE'Esi'é'diiii'ipsae
860 5234 1157 5317 (liceronis‘,
1212 5229 1299 5281 cui
1333 5223 1657 5317 JGelliusrli'b
1710 5237 1726 5276 ι

141 5292 405 5376 milith
417 5292 785 5383 Ala-capilli,
805 5305 1060 5383 indicavit
1085 5345 1100 5368 ,
1114 5292 1187 5383 _in
1205 5296 1527 5383 pricdonum
1560 5292 1730 5383 fuisse

681 5364 835 5460 plura
880 5364 1227 5460 v’ttlt,_.adeajt
1241 5364 1643 5460 ‘propﬂviumk
1661 5364 1729 5418 ad

280 5435 501 5526 "ii,
531 5435 650 5526 Ep.
683 5435 772 5517 i5;
802 5459 858 5506 et
881 5435 1128 5503 Vorstius
1148 5440 1215 5496 ad
1241 5437 1362 5495 Val.
1389 5435 1537 5491 Max.
1572 5435 1664 5490 lib.
1691 5451 1730 5501 ι,

146 5551 257 5603 cap.
285 5535 339 5590 6.
369 5532 503 5587 BUN.

215 5626 335 5679 Aut.
367 5625 682 5691 Anonymus
706 5614 836 5686 legit
864 5626 946 5665 ac.

216 5699 299 5751 At.
325 5694 382 5749 lu
412 5690 633 5747 ms.’ud.

219 5766 418 5820 Posset.
449 5764 590 5831 Lege
616 5757 795 5831 possit.
885 5829 891 5831 _
980 5820 995 5831 Α
1071 5821 1082 5831 _
1398 5806 1555 5831 ,κόμη

438 5806 956 5895 liciinta'nn'us—putat
980 5820 1085 5893 legi
1125 5818 1328 5876 debere
1359 5806 1587 5890 propria.

225 5894 423 5973 Minue.
452 5894 509 5958 in
535 5898 633 5955 uls:
668 5894 876 5963 unum

1909 4729 2112 4784 Ethica.
2135 4723 2197 4780 ln
2222 4735 2326 4778 ms.
2361 4718 2575 4775 Heticw.

1914 4776 2209 4858 milia;
2224 4776 2350 4849 tete.
2373 4792 2622 4846 lnversus
2643 4793 2729 4840 est
2753 4779 3201 4858 ordo_v_erborum
3226 4776 3279 4831 in
3303 4788 3434 4858 m.s.,

1829 4846 1930 4928 ubi
1948 4846 2291 4939 legitur;
2308 4846 2619 4939 Videamus.
2637 4871 2794 4939 nunc,
2825 4853 2949 4922 quid
2976 4852 3041 4904 sit
3066 4846 3436 4939 tantm-timum):

2102 4916 2485 5008 0propositum“
2509 4928 2728 5008 sapienti
2753 4916 3010 5008 aegram
3063 4920 3271 4975 bonum.
3328 4916 3437 4973 Sed

1828 4992 2291 5077 rect-tusdispon'it
2316 5020 2378 5059 ea
2404 4992 2799 5077 editio'elariss.
2825 4992 3020 5077 l’faffii:

1904 5058 2177 5139 "similia
2193 5058 2410 5132 honuni.
2442 5074 2570 5128 Haec
2592 5072 2700 5124 duo
2724 5068 2891 5122 verba
2920 5061 3224 5139 redundare
3248 5058 3435 5114 viden-

1831 5134 1937 5218 tur:
1952 5134 2138 5220 eaque
2160 5151 2307 5220 delet
2324 5148 2685 5220 .Heumannus
2709 5150 2961 5207 tanquam
2985 5134 3213 5188 inutilia.

1906 5214 2158 5291 Intelligi.
2187 5219 2245 5275 In
2269 5231 2372 5272 ms.
2395 5214 2644 5284 intellegi.

1910 5315 2152 5441 Easdem.
2180 5312 2238 5366 In
2256 5324 2360 5364 ms.
2390 5305 2638 5360 eamdem.
2667 5299 2773 5355 Alii
2796 5304 2984 5368 putant
3009 5290 3297 5363 legendum
3319 5304 3443 5347 esse

1948 5403 2047 5441 ent.

1835 5403 2047 5444 eadem.

1912 5481 2127 5551 Urgent.
2158 5476 2215 5551 I_n_
2238 5488 2342 5529 ms.
2368 5477 2601 5551 urgueat.

1914 5543 2126 5608 Sensus.
2163 5546 2219 5602 ld
2236 5556 2318 5601 est
2331 5543 2561 5598 rationis.

1915 5644 2256 5711 Sapientiam.
2294 5636 2483 5711 |n__ms.
2513 5630 2782 5704 sapientia.

1914 5696 2307 5780 Et'utrumque.
2340 5696 2688 5762 Heumanuus
2717 5700 2830 5754 vult
2854 5697 2958 5767 legi
2990 5696 3053 5750 At
3077 5704 3370 5766 utrumque.

1916 5806 1980 5861 Et
2009 5806 2071 5858 si.
2102 5803 2159 5857 ln
2183 5816 2313 5855 tuas.
2346 5810 2396 5854 at
2418 5799 2499 5860 si;
2535 5806 2589 5853 et
2612 5795 2823 5850 clariss.
2851 5789 3070 5846 Pfal‘ilus
3100 5784 3449 5861 putatlege‘ttii

1840 5873 1968 5937 dum
1998 5886 2119 5931 esse
2146 5879 2231 5925 aut
2263 5869 2327 5928 si;
