3816 6264
370 420 514 495 5045

1721 405 1910 460 FIRM.
1951 400 2336 460 LACTANT“.

3559 398 3691 454 10H

367 548 462 605 ros
482 539 690 607 servet;
730 528 966 599 honores
1006 538 1113 580 non
1156 528 1396 599 appetet,
1446 520 1570 593 quia
1609 528 1735 575 sunt
1771 520 1966 574 breves
1991 522 2043 585 Α
2068 516 2137 573 de
2175 514 2508 588 philosophis
2548 527 2713 585 pauca
2754 511 2951 568 dicam.
3008 511 3226 582 Epicuri
3275 510 3534 567 doctrina
3580 512 3696 568 hac

368 635 425 682 et
450 622 668 687 caduci;
702 617 951 695 injuriam
975 615 1108 673 nulli
1134 614 1327 680 faciet;
1358 611 1402 668 si
1426 611 1587 668 fuerit
1612 626 1827 687 passus,
1858 626 1966 666 non

366 714 663 779 retribuet;
705 720 761 768 et
803 709 1151 779 diripientem
1181 721 1277 762 sua
1308 720 1415 760 non
1448 713 1825 783 persequetur.
1861 702 1967 758 Nc-

360 794 448 864 fas
468 807 611 862 enim
638 801 900 881 judicabit
926 799 1202 861 hominem
1230 796 1463 861 ltedere;
1494 802 1549 851 et
1597 794 1641 849 si
1672 793 1792 865 quis
1832 793 1968 848 exti-

368 901 516 965 terit,
546 897 638 970 qui
656 903 815 967 cogat
837 894 1143 951 desciscere
1172 907 1201 945 a
1232 892 1366 958 Deo,
1394 904 1494 946 nec
1529 888 1820 956 cruciatus,
1868 900 1968 942 nec

369 999 602 1048 mortem
648 986 938 1044 recusabit.
970 986 1048 1051 Ita
1077 984 1193 1050 ﬁet,
1242 991 1302 1041 ut
1327 997 1451 1037 eum
1491 994 1713 1037 necesse
1765 978 1870 1043 sit,
1913 986 1970 1033 et

367 1086 607 1154 inopem,
654 1089 706 1137 et
754 1079 1031 1145 humilem,
1062 1085 1117 1134 et
1143 1080 1198 1132 lu
1244 1073 1610 1139 contumeliis,
1662 1081 1754 1128 aut
1802 1073 1968 1127 etiam

370 1179 697 1239 cruciatibus
726 1177 928 1234 vivere.

914 1283 1146 1343 CAPUT
1183 1281 1404 1340 XXXV.

794 1379 987 1446 (nam.
1011 1376 1134 1431 Inst.
1166 1375 1345 1439 uim,
1372 1374 1546 1440 c.13.)

588 1486 740 1554 Quod
768 1481 1131 1541 immortalitas
1154 1482 1222 1536 sit
1265 1498 1521 1537 unum
1544 1482 1752 1538 tam.

439 1601 573 1671 Quis
616 1600 779 1671 igitur
825 1598 928 1653 erit
957 1597 1165 1654 fructus
1188 1597 1411 1668 iustitia:
1452 1605 1617 1666 atque
1643 1597 1893 1663 virtutis,
1925 1597 1970 1653 si

370 1693 508 1750 nihil
562 1690 779 1747 habebit
824 1690 877 1744 in
923 1690 1031 1745 vita
1070 1689 1176 1745 nisi
1205 1687 1442 1743 malum?
1485 1688 1639 1756 Quod
1668 1689 1712 1744 si
1757 1690 1967 1758 virtus,

369 1801 491 1858 quae
516 1785 655 1841 bona
701 1782 879 1838 omnia
926 1791 1143 1839 terrena
1185 1782 1513 1850 contemnit,
1544 1784 1683 1838 mala
1712 1783 1969 1838 universa

371 1876 772 1948 sapientissime
815 1874 1038 1946 perfert,
1089 1878 1370 1946 ipsamque
1400 1884 1635 1932 mortem
1666 1893 1761 1948 pro
1786 1876 1970 1932 officio

371 1970 616 2041 suscipit,
651 1969 768 2023 sine
799 1970 1021 2039 praemio
1045 1984 1166 2025 esse
1188 1986 1295 2025 non
1317 1977 1519 2041 potest,
1551 1970 1680 2042 quid
1700 1980 1967 2042 superest,

373 2063 478 2133 nisi
508 2077 717 2118 merces
748 2060 865 2132 ejus
895 2061 1272 2117 immortalitas
1303 2062 1417 2117 sola
1466 2062 1578 2117 sit?
1606 2061 1763 2129 Nam,
1794 2063 1839 2117 si
1879 2079 1972 2119 ca-

371 2152 451 2207 dit
481 2154 532 2206 in
559 2150 835 2216 hominem
856 2151 1013 2207 beata
1040 2152 1176 2217 vita,
1219 2162 1278 2206 ut
1304 2152 1613 2225 phil050phi
1639 2154 1822 2209 volunt
1848 2196 1864 2222 ,
1916 2155 1970 2211 in

372 2256 441 2300 eo
481 2242 599 2298 solo
640 2258 749 2297 non
775 2241 1125 2310 dissidentes,
1154 2243 1296 2299 cadit
1325 2260 1454 2316 ergo
1483 2255 1538 2300 et
1568 2247 1966 2304 immortalitas.

369 2333 431 2392 Id
457 2335 600 2391 enim
647 2335 820 2391 solum
863 2337 1080 2390 beatum
1123 2345 1228 2403 est,
1276 2336 1419 2406 quod
1475 2336 1875 2413 incorruptum;
1917 2342 1970 2398 id

370 2426 549 2482 solum
586 2427 959 2496 incorruptum
985 2469 1000 2493 ,
1062 2427 1206 2498 quod
1235 2437 1518 2485 internum.
1586 2412 1971 2490 Immortalitas

371 2534 502 2590 ergo
524 2527 606 2574 est
627 2533 898 2573 summum
926 2519 1147 2584 bonum,
1176 2519 1301 2589 quia
1328 2530 1382 2576 et
1408 2520 1665 2590 hominis,
1698 2535 1754 2579 et
1778 2526 1967 2597 animi,

372 2621 429 2668 et
454 2612 671 2668 virtutis
701 2620 804 2669 est.
841 2611 1074 2667 Tantum
1103 2614 1171 2668 ad
1198 2614 1337 2670 hanc
1364 2615 1665 2688 dirigimur,
1717 2619 1785 2674 ad
1826 2620 1972 2678 hanc

367 2703 684 2774 capiendam
717 2704 829 2759 nati
858 2719 1065 2760 sumus.
1099 2705 1312 2761 Idcirco
1334 2708 1490 2764 nobis
1522 2710 1664 2766 Deus
1682 2710 1967 2781 virtutem,

371 2796 750 2873 justitiamque
800 2798 1083 2869 pr0pouit,
1134 2807 1193 2853 ut
1235 2807 1501 2855 aeternum
1527 2800 1658 2857 illud
1685 2805 1968 2873 praemium

374 2890 572 2945 nostris
601 2890 875 2948 laboribus
899 2908 1269 2964 assequamur.
1295 2894 1372 2951 De
1398 2895 1514 2965 ipsa
1536 2911 1664 2951 vero
1691 2913 1798 2953 non
1826 2914 1971 2955 mor-

375 2981 581 3037 talitate
605 2996 705 3037 suo
747 2983 866 3038 loco
896 2983 1247 3040 disseremus.
1282 2984 1473 3041 Restat
1517 2992 1683 3061 λογικὴ
1731 2990 1986 3060 ριιὶίοεοέ

369 3076 519 3148 phia,
556 3091 676 3147 qua:
726 3077 792 3131 ad
834 3078 1047 3132 beatam
1091 3078 1254 3133 vitam
1278 3080 1410 3135 nihil
1433 3081 1659 3136 confert.
1692 3083 1967 3153 Sapientia

370 3169 516 3223 enim
550 3184 655 3222 non
690 3169 741 3223 in
786 3171 1053 3223 sermonis
1093 3183 1306 3235 ornatu,
1363 3173 1460 3229 sed
1501 3173 1556 3229 in
1606 3176 1773 3231 corde
1807 3186 1968 3248 atque

372 3273 536 3314 sensu
565 3261 832 3315 consistit.
884 3259 1038 3326 Quod
1078 3262 1123 3316 si
1153 3273 1209 3318 et
1240 3264 1460 3336 physica
1485 3282 1814 3337 supervacua
1847 3279 1930 3324 est
1949 3310 1964 3334 ,

371 3361 430 3405 et
460 3351 577 3405 haec
607 3351 809 3421 logica;
844 3353 898 3406 in
930 3353 1108 3407 ethica
1152 3370 1303 3421 vero,
1332 3372 1454 3426 qua:
1498 3358 1615 3414 sola
1660 3360 1966 3416 necessaria

375 3453 479 3507 est,
539 3443 843 3513 philOSOphi
896 3457 1269 3511 erraverunt,
1312 3453 1403 3517 qui
1444 3465 1713 3507 summum
1763 3454 1966 3510 bonum

372 3534 523 3589 nullo
547 3535 707 3590 modo
732 3535 982 3592 invenire
1004 3546 1313 3606 potuerunt.
1341 3540 1523 3597 inanis
1558 3544 1720 3614 igitur
1761 3554 1815 3601 et
1841 3546 1965 3600 inn-

370 3627 483 3703 tilis
510 3629 687 3711 omnis
714 3628 1063 3700 Philosophia
1094 3633 1380 3702 reperitur,
1411 3650 1532 3705 qua:
1558 3652 1660 3692 nec
1699 3639 1964 3695 rationem
1994 3708 1999 3711 ς

368 3720 606 3775 hominis
627 3708 1114 3792 comprehendere,
1151 3738 1253 3780 nec
1270 3724 1510 3783 officium
1541 3731 1715 3800 potuit
1742 3747 1966 3788 munus~

368 3827 473 3884 que
504 3815 800 3887 complere.

898 3908 1131 3966 CAPUT
1172 3908 1414 3968 XXXVI.

755 4002 895 4068 (Div.
921 4004 1044 4057 Inst.
1064 4006 1150 4056 lib.
1174 4021 1304 4070 m,c.
1330 4008 1389 4059 17
1415 4016 1468 4060 et
1490 4011 1593 4076 18.)

478 4099 557 4154 De
577 4102 927 4175 philosophis,
960 4107 1148 4162 scilicet
1186 4108 1410 4180 Epicuro
1445 4121 1494 4165 et
1522 4112 1840 4186 Pythagora.

440 4214 705 4287 Quoniam
731 4216 800 4275 de
828 4217 1161 4292 philosophia
1201 4221 1312 4283 dixi
1342 4223 1597 4296 breviter,
1624 4245 1771 4289 nunc
1800 4234 1968 4295 etiam

2071 617 2172 677 est,
2198 608 2459 677 imprimis
2480 605 2681 662 nullam
2707 619 2830 662 esse
2848 604 3267 677 providentiam.
3292 603 3366 659 Et
3389 604 3545 660 idem
3572 603 3697 661 deos

2069 718 2191 769 esse
2220 719 2327 758 non
2351 702 2554 758 abnuit.
2584 701 2882 774 Utrumque
2928 710 3115 756 contra
3155 701 3450 756 rationem.
3482 698 3626 754 Nam
3656 705 3696 757 si

2069 804 2196 852 sunt
2220 794 2323 862 dii,
2355 803 2438 849 est
2464 795 2624 869 igitur
2663 792 3021 875 providentia.
3053 792 3222 848 Aliter
3256 793 3409 847 enim
3439 792 3594 847 Deus
3622 792 3698 846 in-

2070 885 2237 955 telligi
2269 902 2375 942 non
2414 895 2616 958 potest,
2649 886 2803 956 cujus
2845 894 2929 941 est
2958 884 3233 955 proprium
3260 882 3578 954 providere.
3610 881 3697 936 Ni-

2071 979 2170 1045 hil,
2210 980 2403 1051 inquit,
2447 989 2616 1035 curat.
2659 979 2800 1050 Ergo
2847 993 2955 1032 non
3001 976 3162 1032 modo
3206 974 3469 1043 humana,
3508 974 3606 1030 sed
3637 990 3699 1030 ne

2071 1077 2311 1141 scelestia
2334 1075 2550 1149 quidem
2573 1056 2755 1130 curat.
2776 1071 3061 1141 Quomodo
3088 1073 3269 1142 igitur,
3294 1081 3384 1126 aut
3406 1068 3563 1125 unde
3584 1085 3698 1125 esca

2073 1167 2222 1233 illum
2251 1167 2527 1223 affirmas?
2556 1166 2787 1222 Exclusa
2808 1154 2952 1221 enim
2982 1163 3314 1235 providentia
3343 1177 3596 1232 curaque
3626 1162 3698 1215 di-

2073 1260 2215 1328 vina,
2241 1274 2579 1331 consequens
2607 1266 2727 1314 erat
2752 1268 2809 1313 ut
2837 1272 2945 1312 non
2962 1246 3085 1312 esse
3104 1257 3324 1311 omnino
3342 1256 3519 1311 Deum
3549 1255 3696 1311 dicc-

2073 1367 2183 1409 res.
2214 1352 2369 1413 Nuuc
2410 1368 2534 1419 eum
2560 1352 2730 1409 verbo
2772 1349 3059 1423 reliquisti,
3101 1365 3162 1406 re
3203 1349 3500 1405 sustulisti.
3540 1347 3694 1405 Unde

2074 1461 2203 1518 ergo
2232 1462 2410 1507 rerum
2442 1455 2633 1501 natura
2674 1454 2778 1512 est,
2815 1444 3046 1518 si.Deus
3076 1442 3211 1497 nihil
3239 1450 3415 1497 curat.
3446 1441 3687 1509 Semina,

2075 1539 2265 1613 inquit,
2299 1550 2423 1595 sunt
2460 1539 2690 1605 minuta,
2722 1553 2843 1613 quae
2869 1551 2968 1593 nec
3011 1535 3203 1603 videri,
3238 1550 3339 1592 nec
3371 1535 3533 1608 tangi
3576 1552 3692 1604 pos-

2074 1640 2241 1701 sunt,
2292 1646 2521 1711 quorum
2561 1630 2707 1686 coitu
2752 1628 2971 1685 fortuito
3025 1636 3082 1683 et
3136 1638 3255 1682 orta
3296 1635 3423 1697 sunt
3466 1626 3688 1694 omnia,

2077 1734 2133 1780 et
2172 1737 2389 1794 semper
2423 1725 2689 1779 oriuntur.
2727 1720 2785 1778 Si
2814 1736 2917 1778 nec
2950 1717 3223 1786 videntur,
3272 1734 3376 1774 nec
3419 1718 3535 1773 ulla
3578 1733 3689 1774 cor.

2078 1816 2223 1885 poris
2249 1824 2402 1886 parte
2428 1816 2759 1881 sentiuntur,
2805 1813 2950 1869 unde
2976 1827 3095 1869 esse
3130 1812 3218 1866 illa
3253 1812 3399 1868 scire
3436 1811 3689 1882 potuisti?

1999 1905 2277 1982 BDeinde
2320 1906 2366 1961 si
2414 1915 2560 1971 sunt,
2607 1921 2713 1977 qua
2765 1914 2945 1960 mente
2998 1904 3349 1969 conveniunt,
3398 1909 3457 1956 ut
3488 1901 3688 1974 aliquid

2074 1999 2350 2055 efficiant?
2411 1998 2469 2055 Si
2516 2007 2645 2054 sunt
2698 1998 2885 2065 laevia,
2938 1996 3214 2051 cohaerere
3269 2009 3379 2050 non
3423 2007 3686 2065 possunt;

2075 2091 2119 2147 si
2172 2090 2386 2146 hamata
2431 2098 2489 2146 et
2536 2089 2812 2161 angulata,
2857 2103 2985 2160 ergo
3034 2087 3289 2143 secabilia
3338 2096 3490 2142 sunt.
3534 2086 3687 2142 Hami

2073 2184 2218 2240 enim
2271 2195 2324 2239 et
2372 2184 2553 2255 anguli
2611 2190 2797 2239 extant
2840 2190 2896 2236 et
2952 2190 3177 2254 possunt
3228 2180 3527 2251 amputari.
3583 2179 3683 2235 Sed

2074 2275 2190 2332 hinc
2219 2276 2386 2333 delira
2415 2286 2470 2333 et
2509 2275 2739 2332 inutilia.
2767 2274 2907 2344 Quid
2932 2259 3073 2345 quod
3098 2273 3243 2330 idem
3283 2274 3497 2329 animas
3517 2276 3687 2329 extin-

2072 2369 2300 2451 guihiles
2336 2369 2495 2437 facit;
2537 2385 2699 2445 quem
2744 2368 2997 2425 refellunt
3024 2383 3134 2424 non
3184 2368 3345 2423 modo
3377 2366 3683 2439 ριιίιοεοριιὶ

2075 2482 2263 2523 omnes
2293 2475 2349 2524 et
2386 2468 2600 2540 publica
2630 2467 2935 2541 persuasio,
2986 2482 3169 2522 verum
3220 2465 3384 2523 ctiam
3427 2482 3682 2543 responsa

2074 2569 2279 2627 vatum,
2306 2560 2543 2619 carmina
2566 2559 2917 2632 Sibyllarum.
2942 2560 3071 2631 ipsa:
3097 2558 3327 2630 denique
3358 2556 3563 2614 divina:
3590 2574 3681 2614 vo-

2072 2665 2163 2706 ces
2191 2651 2618 2723 Prophetarum;
2649 2660 2708 2725 ut
2751 2651 2946 2706 mirum
2976 2650 3046 2706 sit
3084 2651 3325 2706 extitisse
3356 2667 3522 2706 unum
3552 2652 3678 2720 Epi-

2074 2759 2283 2809 curum,
2315 2746 2405 2819 qui
2435 2760 2557 2800 cum
2586 2742 2873 2816 pecoribus
2899 2758 2962 2801 ac
2993 2742 3186 2803 belluis
3212 2750 3415 2805 sortem
3447 2743 3676 2799 hominis

2074 2846 2335 2907 aequaret.

2145 2929 2283 2997 Quid
2309 2929 2639 3001 Pythagoras
2652 2929 2675 2983 ?
2687 2929 2777 3002 qui
2800 2928 3003 3000 primus
3017 2936 3101 2987 est
3126 2928 3478 3000 philosophus
3498 2929 3676 2984 nomi-

2074 3033 2264 3088 natus;
2297 3023 2385 3097 qui
2423 3023 2628 3079 animas
2674 3022 2888 3095 quidem
2932 3023 3268 3081 immortales
3300 3037 3443 3089 esse,
3486 3025 3544 3079 in
3578 3023 3676 3079 alia

2075 3123 2251 3170 tamen
2281 3129 2531 3187 corpora,
2563 3116 2647 3171 vel
2694 3115 2981 3184 pecudum,
3013 3116 3097 3170 vel
3122 3116 3323 3181 avium,
3356 3115 3443 3171 vel
3472 3116 3675 3173 bestia-

2071 3221 2188 3261 rum
2231 3221 2538 3263 commeare
2573 3207 2778 3262 statuit.
2805 3205 2995 3263 Nonne
3030 3209 3199 3263 satius
3232 3208 3409 3264 fuerat
3436 3223 3532 3264 eas
3558 3225 3673 3264 cum

1995 3309 2040 3372 ρ
2071 3299 2181 3355 Suis
2224 3297 2540 3369 corporibus
2581 3298 2838 3370 extingui,
2884 3313 3044 3369 quam
3089 3298 3171 3354 sic
3205 3298 3272 3354 ad
3318 3300 3495 3355 aliena
3529 3300 3676 3354 dani-

2074 3393 2224 3458 nari;
2265 3392 2432 3449 satius
2477 3394 2697 3447 omnino
2736 3408 2846 3448 non
2887 3406 3028 3466 esse,
3075 3408 3234 3464 quant
3283 3403 3405 3466 post
3443 3394 3676 3449 hominis

2072 3486 2320 3554 formam,
2362 3486 2445 3541 vel
2474 3500 2647 3555 suem,
2680 3485 2765 3541 vel
2789 3501 2978 3541 canem
3013 3486 3232 3540 vivere?
3260 3494 3313 3542 et
3337 3485 3502 3540 homo
3530 3487 3676 3557 inep-

2074 3589 2178 3651 tus,
2226 3589 2284 3634 ut
2322 3579 2481 3635 fidem
2521 3580 2663 3635 dicto
2691 3579 2940 3649 adderet,
2991 3579 3229 3650 seipsum
3267 3578 3505 3651 Trojano
3530 3581 3674 3637 bello

2070 3672 2422 3749 Euphorbum
2452 3673 2617 3731 fuisse
2654 3674 2806 3742 dixit,
2851 3688 2958 3746 quo
2983 3676 3195 3745 occiso,
3228 3675 3284 3730 in
3309 3675 3443 3730 alias
3475 3675 3675 3746 ﬁguras

2072 3766 2385 3825 animalium
2412 3766 2707 3837 transiisse,
2761 3775 3033 3838 postremo
3062 3765 3424 3839 Pythagoram
3451 3767 3666 3823 factum.

2076 3861 2122 3918 Ο
2150 3859 2384 3927 felicem,
2428 3860 2515 3916 cui
2549 3860 2653 3917 soli
2683 3869 2826 3916 tanta
2854 3860 3117 3917 memoria
3143 3875 3401 3917 concessa
3437 3864 3554 3916 est!
3591 3861 3670 3917 vel

2073 3955 2256 4026 pOtius
2285 3952 2578 4021 infelicem,
2606 3954 2691 4010 cui
2730 3953 2994 4011 translato
3015 3954 3072 4010 in
3100 3955 3359 4027 pecudem
3390 3970 3493 4010 non
3522 3955 3670 4011 licuit

2020 4052 2033 4059 ’
2075 4046 2287 4107 nescire
2327 4046 2455 4117 quid
2484 4046 2681 4104 fuerit!
2712 4046 2889 4119 Atque
2931 4047 3134 4102 utinam
3166 4046 3315 4103 solus
3352 4046 3664 4103 delirasset!

2075 4137 2282 4194 Invenit
2307 4137 2468 4195 etiam
2493 4137 2585 4210 qui
2618 4136 2924 4208 crederent,
2964 4146 3023 4194 et
3052 4136 3269 4210 quidem
3301 4136 3544 4195 indoctos
3573 4138 3664 4195 ho-

2076 4230 2270 4298 mines,
2294 4231 2361 4285 ad
2378 4244 2515 4301 quos
2540 4229 2780 4297 stultitiae
2799 4231 3051 4299 transiret
3076 4230 3383 4290 haereditas.

1695 4385 2054 4446 VARIORUM
2089 4384 2319 4444 NGTE.

438 4535 721 4607 Iudicabit.
749 4536 807 4592 In
828 4551 934 4593 ms.
956 4538 1231 4607 judicavit.

436 4606 658 4698 atrata...
681 4606 1055 4698 sapientissime
1080 4613 1288 4698 perfert.
1313 4610 1560 4675 Davisius
1589 4625 1832 4698 corrigit,
1866 4643 1959 4698 pa-

363 4678 660 4760 tientissime
697 4682 906 4760 perfert.
962 4679 1052 4760 Sic
1080 4678 1365 4760 intem

359 4751 613 4834 sapientia
899 4751 1181 4834 confundi,
1384 4768 1512 4821 ante
1532 4751 1746 4834 mtiliti,
1768 4751 1957 4827 confer

470 4818 1007 4910 Ἦιξὶἓῆοὲειτέεθηξω
1023 4818 1286 4910 Pulli”.
1308 4818 1955 4910 "esp-15535651

359 4891 445 4975 via
475 4891 737 4975 patienter
763 4891 1003 4975 ferenda.
1037 4894 1160 4975 Ipse
1185 4891 1580 4960 tamea'Ciéero
1601 4951 1616 4975 ,
1637 4891 1954 4968 densi—eiicit-

361 4969 642 5050 t-utetca‘p.
675 4961 1225 5050 irr§apieulerlerrc
1251 4986 1403 5050 omits,
1446 4961 1950 5050 scilic'etﬂnialt—im',

358 5040 651 5113 sinectutis,
682 5040 816 5089 sicut
843 5040 1279 5113 ornnia._Tacitus
1303 5043 1527 5113 Annal.,
1574 5049 1670 5107 lib.
1702 5067 1791 5107 Χνι
1814 5040 1949 5109 ςΙηί

358 5101 714 5189 dignissimum
740 5120 918 5189 casum
943 5109 1197 5189 sapienter
1214 5113 1460 5189 tolerans.
1493 5101 1624 5189 lina.

523 5176 677 5255 cadit.
697 5215 713 5241 ,
745 5185 850 5255 etc;
876 5175 934 5231 In
968 5172 1069 5232 nis.
1098 5180 1172 5255 sic
1190 5182 1263 5255 ait
1291 5184 1346 5238 in
1366 5172 1589 5245 homine.

384 5241 651 5329 .‘Virt‘tttis
677 5255 769 5329 est.
804 5246 1028 5329 Tantum
1074 5251 1143 5305 ad
1187 5254 1320 5307 hanc
1367 5241 1671 5329 dirigantur.
1701 5264 1947 5323 Davisius

352 5313 777 5409 sic-digtinguit:
820 5315 1031 5373 Virtutis
1072 5331 1144 5376 est
1189 5332 1408 5381 tantum.
1442 5313 1526 5383 Ᾰά
1553 5313 1946 5409 iniiinii};

350 5400 487 5438 mur.
516 5384 794 5441 Buui-zntv.

426 5454 907 5547 ﬂammai-talitate‘.
922 5458 1278 5547 Heumann‘us
1294 5477 1445 5547 recte
1458 5483 1642 5529 monet
1655 5475 1941 5547 legendum

352 5537 474 5607 csse
492 5567 508 5592 ,
537 5528 949 5612 immortalitate:
975 5561 1045 5570 —
1067 5532 1155 5588 Sic
1176 5536 1369 5612 Qicero
1406 5540 1556 5599 Fam.
1591 5528 1670 5611 tv,
1682 5528 1942 5606 ‘102—

341 5598 778 5686 iucundissimum
803 5601 1057 5681 nuntium,
1080 5620 1176 5673 pro
1194 5598 1673 5686 injucundiuintum
1701 5598 1943 5686 dixit—gi

350 5683 454 5793 πη
472 5673 1209 5797 proincorporeus.
1232 5673 1399 5739 Acad.
1420 5697 1614 5756 quast.
1640 5673 1934 5764 lib.t,

434 5806 621 5865 Vitam.
654 5810 770 5866 Non
799 5821 945 5871 extat
970 5815 1024 5871 in
1050 5832 1154 5874 ms.

1984 4570 2040 4635 ι)
2060 4565 2320 4635 ornatum.
2352 4555 2507 4626 Nam,
2530 4556 2830 4635 secundum
2847 4556 3207 4635 Lactantium,
3242 4559 3443 4635 libitu,
3470 4576 3521 4618 c.
3550 4565 3658 4621 15:

2065 4626 2133 4704 in
2162 4627 2357 4704 Logica
2387 4638 2490 4683 tota
2520 4627 2800 4685 Dialectica
2817 4638 2872 4685 et
2901 4631 3079 4687 omnis
3108 4631 3356 4704 loquendi
3379 4626 3514 4690 ratio
3539 4650 3660 4693 con~

1416 4705 1578 4749 V0006
1612 4700 1865 4765 patientia
1904 4708 1959 4756 et
2062 4700 2278 4754 tinetur.
2312 4700 2591 4755 Bunsuaa.

2130 4769 2395 4825 Consistit.
2423 4771 2540 4825 Non
2562 4779 2708 4826 extat
2738 4772 2790 4825 in
2823 4786 2926 4827 ms.

2128 4840 2339 4918 Iiogica.
2364 4842 2537 4918 λογικά
2559 4850 2709 4918 extat
2735 4843 2923 4900 Graece
2950 4844 3003 4900 in
3022 4858 3130 4902 ms.

2139 4910 2345 4967 Ethicu.
2369 4910 2437 4967 In'
2450 4928 2554 4967 ms.
2583 4910 2786 4967 Hetica.

2126 4984 2194 5058 l_;‘_t
2215 4986 2369 5058 idem.
2399 4983 2745 5058 lleumaunus
2774 4995 2925 5056 putat
2965 4987 3253 5058 legendam
3282 5005 3398 5048 esse
3418 5001 3470 5047 at
3491 4993 3649 5052 idem.

2127 5054 2289 5111 Nam.
2328 5055 2385 5110 In
2417 5070 2520 5110 ms.
2546 5055 2655 5110 sed.

2123 5125 2591 5213 inutilia.‘$‘ttpple
2618 5139 2756 5213 sunt:
2788 5132 2856 5183 At
2888 5128 3225 5213 Anonymus,
3249 5132 3316 5193 ab
3339 5133 3650 5195 Heumauno

2050 5196 2264 5265 citatus,
2294 5206 2446 5267 putat
2473 5196 2837 5265 reponendum
2862 5216 2982 5258 esse
3005 5196 3191 5257 anilia.

2121 5268 2333 5340 Statuit.
2354 5267 2472 5340 Non
2498 5269 2693 5340 legitur
2711 5271 2763 5326 in
2790 5286 2892 5328 ms.

2120 5339 2325 5395 Nonne.
2350 5339 2407 5394 ln
2436 5356 2537 5396 ius.
2560 5339 2691 5398 non.

2119 5411 2278 5466 Suom
2311 5413 2388 5466 vet
2415 5426 2611 5467 cuum.
2650 5412 2874 5469 Putatur
2898 5413 3210 5474 Lactantius
3242 5419 3312 5475 ob
3334 5418 3509 5478 oculos
3539 5424 3641 5480 hae

2047 5478 2227 5554 bnisse
2251 5487 2365 5538 haec
2395 5482 2597 5538 lloratii
2623 5485 2784 5539 verba
2812 5501 2830 5540 ι
2855 5486 3026 5554 Epist.
3055 5487 3138 5554 2.,
3179 5505 3258 5544 vs.
3296 5491 3384 5548 30.

2126 5552 2341 5607 Vixisset
2365 5555 2506 5607 canis
2532 5555 2843 5621 immundus,
2872 5552 2950 5613 vel
2977 5552 3142 5614 amica
3168 5562 3276 5619 luto
3300 5579 3402 5619 sus.

2113 5622 2402 5679 Postremo.
2435 5623 2495 5679 In
2526 5640 2627 5681 ms.
2676 5626 2891 5698 legitur,
2933 5638 3050 5700 post
3074 5648 3221 5689 rem:
3272 5634 3364 5690 sed
3402 5644 3629 5693 erratum

2040 5703 2143 5751 εει.

2111 5765 2413 5824 Detirasset.
2442 5766 2500 5822 In
2527 5781 2630 5824 ms.
2654 5767 2996 5828 deliberasset.

2107 5836 2369 5917 lndoctos:
2398 5836 2756 5917 Heumannus
2782 5850 2931 5917 putat
2969 5858 3081 5903 rem
3115 5842 3235 5913 fore
3260 5847 3544 5917 meliorem,
3572 5850 3619 5905 si

426 5874 480 5929 Ν
483 5893 548 5932 οη
587 5882 639 5935 in
661 5884 903 5938 σενηίοηίε
953 5899 1153 5944 armau-
1178 5890 1411 5965 .Losicae
1458 5897 1641 5959 tribuit
1686 5905 1934 5962 sermonis
2036 5874 3094 5987 ιεέὲἓὲἴῦὶ-Ἴιόἓῖἓῖ.“ἷί’ἶῦἶίιΐίἓᾶεἶπξὲἱ
3115 5874 3441 5976 ﬁliiﬁlii:
