3816 6264
169 360 328 420 1055

705 479 933 537 CAPUT
986 477 1248 536 XXXVII.

554 598 688 662 (Div.
713 597 831 648 Inst.
856 598 943 647 lib.
979 613 1044 658 ιιι,
1071 611 1115 648 c,
1143 598 1204 648 18
1229 604 1282 648 et
1301 597 1403 661 20.)

438 723 447 744 κ
477 704 556 764 De
583 705 817 770 Socrate,
845 720 905 758 ac
925 705 1032 775 ejus
1051 704 1468 759 contradictione.

242 835 379 894 Post
403 839 547 895 hunc
562 837 810 894 Socrates
832 837 1186 908 philosophiae
1212 839 1383 894 tenuit
1402 840 1780 912 principatum,

163 931 609 1001 sapientissimus
637 932 796 988 etiam
823 930 1042 986 oraculo
1063 929 1258 994 dictus,
1283 931 1407 1001 quia
1429 946 1487 988 se
1516 931 1784 989 fatebatur

173 1041 352 1083 unum
379 1027 541 1092 scire,
575 1025 718 1096 quod
745 1024 878 1080 nihil
906 1022 1090 1082 sciret.
1118 1023 1286 1094 Cujus
1307 1023 1520 1082 Oraculi
1550 1027 1785 1084 auctori-

169 1127 291 1174 tate
333 1120 609 1175 abstinere
644 1133 704 1173 se
731 1117 982 1188 physicos
1015 1116 1318 1186 oportebat,
1347 1131 1415 1184 ne
1454 1127 1546 1172 aut
1573 1133 1783 1187 quaere-

172 1223 307 1265 rent
350 1226 411 1266 ea
439 1227 558 1281 quae
586 1210 726 1264 scire
770 1224 876 1262 non
908 1216 1177 1277 poterant,
1207 1216 1300 1262 aut
1343 1209 1482 1262 scire
1533 1223 1591 1263 se
1632 1218 1788 1278 puta-

166 1311 305 1356 rent
335 1317 455 1372 qua:
495 1301 829 1370 ignorabant.
865 1298 1157 1357 Videamus
1201 1308 1378 1354 tamen
1405 1314 1472 1353 an
1501 1300 1786 1370 sapientis-

157 1394 346 1450 simus
373 1394 642 1458 Socrates,
673 1394 810 1449 sicut
853 1392 1076 1464 Pythius
1121 1392 1448 1462 praedicavit.
1482 1393 1787 1464 Usurpabat

157 1485 272 1542 hoc
301 1503 450 1559 saepe
495 1486 859 1557 proverbium,
888 1486 1030 1556 quod
1062 1499 1222 1556 supra
1253 1501 1352 1539 nos
1389 1484 1532 1541 idem
1562 1495 1615 1541 et
1653 1486 1786 1540 nihil

153 1581 229 1636 ad
259 1597 370 1637 nos
398 1579 688 1652 pertinere.
717 1578 836 1635 Jam
879 1578 1113 1634 excessit
1140 1577 1419 1633 sententiae
1449 1593 1559 1633 sua:
1601 1577 1787 1633 termi-

152 1689 290 1730 nos.
328 1674 467 1731 Nam
508 1673 598 1742 qui
649 1687 812 1726 unum
843 1686 902 1725 se
930 1669 1073 1728 scire
1111 1668 1350 1734 dicebat,
1391 1669 1533 1724 aliud
1580 1669 1787 1726 invenit

157 1770 318 1839 quod
353 1777 606 1838 tanquam
657 1765 835 1820 sciens
881 1763 1120 1830 diceret;
1174 1761 1269 1818 sed
1320 1763 1372 1818 id
1407 1763 1785 1820 trustra.Nam

1169 359 1468 418 EPITOME
1510 359 1890 423 DIVINARUM
1930 365 2485 427 INSTITUTIONUM.

3339 361 3481 421 ιοιθ

1806 484 1858 544 Α
1885 484 2056 538 num?
2081 482 2219 551 Quin
2251 484 2414 540 etiam
2465 484 2706 542 foeminis
2751 483 2956 540 curiam
2986 479 3305 545 reservavit,
3333 476 3478 533 mili-

1888 577 2036 642 tiam,
2072 585 2127 632 et
2155 577 2580 648 magistratibus,
2612 587 2666 634 et
2687 576 2911 646 imperia
2946 570 3210 645 permisit.
3261 570 3475 638 Quanta

1887 668 1993 722 erit
2017 666 2306 724 infelicitas
2333 669 2481 724 urbis
2531 669 2699 736 illius,
2758 670 2811 722 in
2859 681 2964 737 qua
3009 664 3250 720 virorum
3302 659 3482 716 ofﬁcia

1887 758 2138 814 mulieres
2168 761 2544 829 occupabunt?
2573 760 2679 816 Sed
2703 760 2816 814 haec
2842 758 2976 813 alias
3004 755 3190 811 latius.

1959 851 2127 918 Zeno,
2161 851 2462 907 Stoicorum
2504 854 2780 923 magister,
2827 852 2916 921 qui
2973 849 3228 904 virtutem
3269 845 3475 908 laudat.

1888 942 2332 1007 misericordiam,
2363 959 2483 1014 qua:
2511 958 2721 998 summa
2744 943 3033 1007 estvirtus,
3052 949 3306 1010 tanquam
3329 953 3475 996 mor-

1888 1035 2013 1089 bum
2041 1035 2206 1088 animi
2235 1035 2613 1105 amputandam
2641 1036 2923 1105 judicavit,
2955 1050 3074 1104 quae
3095 1042 3152 1089 et
3176 1034 3288 1089 Deo
3312 1033 3482 1088 chara

1889 1139 1995 1193 est,
2024 1137 2078 1184 et
2109 1128 2418 1184 hominibus
2447 1131 2778 1184 necessaria.
2811 1129 2946 1196 Quis
2973 1135 3058 1182 est
3077 1128 3246 1190 enim,
3274 1126 3365 1194 qui
3386 1125 3487 1184 ali.—

1889 1236 1996 1288 quo
2019 1220 2068 1274 in
2093 1220 2236 1275 malo
2260 1221 2582 1275 constitutus
2608 1221 2741 1275 nolit
2762 1235 2884 1275 esse
2906 1218 3252 1284 miserabilis,
3283 1232 3347 1273 ac
3373 1231 3484 1273 non

1889 1312 2160 1368 desideret
2185 1315 2382 1368 auxilia
2404 1315 2856 1392 succurrendum,
2905 1329 3026 1383 qua:
3073 1313 3141 1367 ad
3195 1327 3352 1382 opem
3403 1311 3484 1367 fe-

1889 1403 2112 1458 rendam
2158 1419 2262 1458 non
2310 1405 2413 1458 nisi
2467 1405 2854 1460 misericordiae
2908 1404 3107 1459 ali‘ectu
3154 1403 3483 1458 excitantur-‘2

1892 1494 2043 1552 Hanc
2075 1496 2166 1551 ille
2195 1497 2320 1551 licet
2368 1497 2776 1563 humanitatem,
2809 1497 2939 1552 licet
2989 1495 3241 1565 pietatem
3295 1504 3480 1560 vocet,

1892 1603 1999 1644 non
2026 1603 2164 1656 rem,
2199 1589 2293 1644 sed
2325 1602 2519 1644 nomen
2544 1589 2810 1644 immutat.
2837 1587 2938 1643 Hic
2965 1596 3050 1642 est
3099 1586 3346 1653 alfectus,
3388 1586 3480 1656 qui

1892 1680 1994 1735 soli
2018 1680 2225 1735 homini
2247 1679 2404 1735 datus
2430 1689 2534 1746 est,
2558 1689 2619 1735 ut
2644 1679 3073 1736 imbecillitatem
3091 1688 3332 1734 nostram
3359 1692 3479 1733 mu-

1893 1771 1994 1824 tuis
2024 1771 2348 1841 adjumentis
2374 1773 2707 1837 levaremus;
2739 1786 2899 1841 quem
2922 1770 3011 1841 qui
3051 1769 3210 1834 tollit,
3233 1769 3301 1824 ad
3318 1770 3485 1824 vitam

158 1871 220 1916 et
256 1863 428 1926 Deus,
460 1858 550 1930 qui
578 1857 763 1928 utique
783 1871 944 1926 supra
973 1871 1073 1912 nos
1099 1864 1202 1920 est,
1232 1856 1554 1926 quaerendus
1583 1865 1688 1922 est,
1730 1865 1786 1914 et
1815 1880 1864 1939 Β
1891 1877 1990 1918 nos
2016 1864 2206 1934 redigit
2235 1858 2571 1919 belluaruni.'
2590 1863 2746 1930 Nam,
2787 1862 2928 1934 quod
2980 1863 3113 1917 dicit
3160 1861 3307 1931 paria
3363 1875 3489 1915 esse

163 1952 372 2024 religio
401 1951 763 2021 suscipienda,
795 1965 916 2020 qua:
941 1951 1054 2008 sola
1081 1963 1180 2008 nos
1205 1949 1463 2004 discernit
1487 1965 1514 2002 a
1557 1949 1783 2005 belluis:

164 2060 342 2118 quam
377 2044 590 2114 quidem
621 2042 872 2099 Socrates
911 2055 1020 2096 non
1047 2040 1206 2096 modo
1247 2039 1567 2110 repudiavit,
1597 2055 1786 2098 verum

169 2139 351 2195 etiam
378 2137 592 2205 derisit,
622 2151 719 2207 per
743 2150 988 2191 anserem
1015 2149 1313 2204 canemqne
1333 2134 1596 2204 iurando;
1633 2136 1787 2204 quasi

169 2245 310 2286 vero
344 2245 438 2300 per
461 2228 829 2299 Esculapium
853 2242 959 2282 non
981 2234 1182 2296 posset,
1210 2225 1296 2280 cui
1317 2233 1535 2280 voverat
1551 2225 1788 2297 gallum?

173 2324 258 2380 En
291 2323 553 2393 sapientis
582 2321 682 2378 viri
711 2319 1054 2377 sacriﬁcium.
1087 2319 1152 2374 Et
1177 2318 1300 2388 quia
1329 2333 1452 2374 eum
1472 2332 1787 2388 prosecrare

174 2417 298 2487 ipse
345 2430 451 2470 non
482 2415 674 2485 potuit,
703 2414 904 2469 amicos
929 2411 1220 2467 moriturus
1244 2407 1439 2478 oravit,
1484 2419 1538 2465 ut
1571 2419 1687 2480 post
1727 2423 1787 2466 se

173 2507 458 2562 solverent
484 2515 688 2571 votum,
727 2504 934 2560 scilicet
970 2517 1037 2558 ne
1074 2500 1214 2572 apud
1262 2500 1462 2556 inferos
1509 2500 1652 2556 velut
1694 2499 1788 2555 de-

183 2601 336 2656 bitor
367 2608 660 2656 teneretur.
694 2597 791 2653 llic
833 2596 1073 2667 profecto
1116 2604 1169 2651 et
1217 2594 1601 2664 pronuntiavit,
1643 2592 1785 2664 quod

176 2693 317 2750 nihil
339 2693 542 2761 scierit,
570 2701 625 2749 et
649 2692 915 2764 probavit.

691 2782 918 2840 CAPUT
983 2781 1274 2838 XXXVIII.

643 2898 776 2961 (Div.
802 2897 922 2948 Inst.
949 2897 1034 2947 lib.
1057 2911 1124 2956 ιιι,
1151 2909 1196 2946 c.
1219 2895 1325 2957 21.)

179 3005 260 3059 De
306 3004 570 3072 Platone,
623 3006 772 3076 cujus
823 3003 1058 3058 doctrina
1113 3002 1182 3056 ad
1235 3000 1498 3056 veritatem
1572 3004 1785 3072 propius

878 3093 1092 3149 accedit.

252 3208 430 3286 IIujus
457 3207 670 3264 auditor
692 3208 865 3274 Plato,
914 3222 1074 3278 quem
1123 3205 1284 3263 deum
1335 3205 1779 3276 phil050phorum

181 3268 394 3358 Tullius
417 3305 678 3370 nominat,
705 3303 795 3373 qui
817 3268 963 3356 δοιιίε
988 3302 1227 3355 omnium
1257 3301 1335 3355 sic
1370 3300 1784 3372 philosophatus
1809 3268 1855 3334 ϐ

181 3406 286 3462 est,
315 3405 380 3450 ut
427 3396 492 3450 ad
521 3395 805 3450 veritatem
837 3393 1057 3464 propius
1081 3392 1396 3457 accederet;
1429 3403 1605 3448 tamen
1660 3393 1784 3464 quia

180 3486 352 3542 Deum
391 3487 673 3557 ignoravit,
708 3487 758 3539 in
788 3486 969 3539 multis
1001 3484 1070 3538 ita
1102 3485 1285 3554 lapsus
1304 3494 1405 3550 est,
1430 3495 1485 3538 ut
1510 3499 1670 3540 nemo
1693 3485 1787 3540 de-

181 3578 350 3632 terius
383 3577 674 3641 erraverit,
713 3576 980 3645 imprimis
1025 3575 1169 3645 quod
1230 3577 1282 3628 in
1333 3575 1483 3630 libris
1537 3575 1786 3630 civilibus

180 3669 363 3724 omnia
386 3669 639 3724 omnibus
664 3667 832 3722 voluit
858 3681 980 3722 esse
1007 3666 1335 3724 communia.
1357 3667 1430 3720 De
1450 3666 1785 3736 patrimoniis

183 3761 470 3817 tolerabile
490 3771 598 3826 est,
618 3761 748 3816 licet
775 3761 845 3816 sit
871 3760 1150 3830 injustum.
1182 3759 1292 3815 Nec
1309 3761 1448 3815 enim
1475 3770 1566 3815 aut
1594 3761 1786 3817 obesse

182 3853 436 3923 cuiquam
462 3852 643 3920 debet,
673 3853 718 3907 si
750 3866 843 3907 sua
869 3852 1129 3906 industria
1154 3852 1272 3922 plus
1307 3850 1488 3920 habet,
1532 3861 1622 3905 aut
1662 3867 1786 3922 pro-

181 3946 363 4011 desse,
395 3947 440 4000 si
471 3960 568 4001 sua
594 3945 746 4015 culpa
775 3945 976 3999 minus.
998 3943 1126 4011 Sed,
1153 3954 1209 3999 ut
1236 3944 1367 4010 dixi,
1394 3954 1574 4015 potest
1603 3946 1786 4017 aliquo

184 4039 347 4094 modo
379 4037 524 4093 ferri.
555 4038 809 4094 Etiamne
829 4037 1110 4108 conjuges,
1143 4037 1379 4093 etiamne
1433 4038 1590 4094 liberi
1638 4054 1787 4094 com—

185 4145 383 4190 munes
413 4131 609 4186 erunt?
646 4130 763 4186 Non
791 4130 893 4186 erit
913 4129 1189 4202 sanguinis
1218 4130 1321 4184 ulla
1351 4130 1645 4198 distinctio,
1685 4147 1786 4188 nec

185 4241 354 4294 genus
389 4232 620 4291 certum,
649 4240 749 4281 nec
781 4225 1016 4291 familim,
1047 4240 1144 4280 nec
1172 4225 1542 4294 cognationes,
1578 4241 1675 4280 nec
1706 4224 1786 4280 af-

186 4316 462 4383 ﬁnitates;
492 4317 588 4374 sed
611 4319 748 4372 sicut
777 4317 828 4371 in
864 4317 1113 4387 gregibus
1144 4317 1405 4386 pecudum
1457 4318 1674 4372 confusa
1734 4326 1790 4373 et

185 4411 476 4466 indiscreta
505 4411 704 4475 omnia,
737 4411 879 4464 nulla
903 4411 1011 4464 erit
1037 4410 1088 4462 in
1112 4409 1241 4464 viris
1262 4409 1612 4474 continentia,
1642 4410 1788 4464 nulla

186 4504 237 4556 in
268 4504 508 4559 foeminis
537 4503 831 4573 pudicitia?
878 4503 1008 4570 Quis
1060 4516 1182 4556 esse
1243 4501 1297 4556 in
1346 4502 1588 4572 utrisque
1635 4516 1789 4558 amor

189 4597 487 4667 conjugalis
518 4603 716 4666 potest,
751 4596 800 4648 in
826 4596 1019 4665 quibus
1042 4609 1148 4648 non
1180 4603 1259 4650 est
1312 4602 1496 4650 certus
1533 4604 1626 4649 aut
1665 4610 1790 4666 pro-

1894 1962 2133 2023 peccata,
2179 1971 2244 2010 ex
2284 1955 2474 2012 eadem
2517 1954 2855 2009 immanitate
2889 1961 2994 2020 est,
3043 1967 3149 2022 qua
3178 1950 3487 2006 misericor-

1891 2045 2034 2099 diam
2071 2046 2237 2100 veluti
2283 2047 2530 2101 morbum
2571 2047 2885 2103 insectatur.
2930 2044 3033 2112 Qui
3079 2043 3224 2100 enim
3280 2043 3483 2099 nullam

1893 2137 2019 2192 facit
2047 2137 2406 2192 ditl‘erentiani
2436 2138 2780 2204 delictorum,
2812 2147 2904 2193 aut
2933 2138 3068 2193 levia
3108 2135 3315 2206 magnis
3357 2150 3487 2205 sup-

1892 2229 2068 2298 pliciis
2099 2228 2386 2284 efﬁcienda
2416 2226 2794 2298 censet,’quod
2843 2237 2927 2285 est
2978 2227 3214 2283 crudelis
3262 2225 3484 2296 judicia,

1891 2332 1982 2376 aut
2002 2322 2180 2393 gravia
2207 2323 2412 2391 parvis,
2442 2321 2588 2392 quod
2615 2329 2699 2378 est
2727 2319 2997 2382 dissoluti,
3037 2326 3328 2388 utrumque
3370 2317 3480 2372 rei-

1891 2413 2118 2482 publicae
2141 2412 2564 2468 incommodum.
2589 2412 2645 2468 Si
2669 2413 2814 2467 enim
2843 2425 3056 2466 summa
3084 2411 3290 2466 scelera
3347 2408 3480 2462 levi-

1893 2515 1974 2558 ter
1996 2504 2305 2573 puniantur,
2337 2503 2557 2558 audacia
2590 2503 2747 2557 malis
2774 2513 2984 2558 crescet
3005 2501 3070 2555 ad
3100 2499 3336 2555 facinora
3368 2513 3484 2552 ma-

1885 2596 2037 2665 jora;
2067 2597 2187 2650 etsi
2216 2597 2424 2651 levibus
2451 2595 2664 2651 delictis
2714 2610 2872 2664 poena
2924 2594 3139 2665 gravior
3193 2593 3484 2662 irrogetur,

1892 2690 2044 2744 multi
2071 2691 2239 2756 cives,
2268 2690 2521 2761 quoniam
2552 2703 2713 2745 nemo
2743 2703 2864 2744 esse
2893 2689 3011 2743 sine
3050 2686 3246 2742 delicto
3283 2694 3482 2755 potest,

1890 2781 1943 2834 in
1974 2780 2270 2850 periculum
2301 2783 2540 2847 venient,
2565 2781 2677 2850 qui,
2697 2780 2953 2851 correpti,
2979 2783 3200 2850 possent
3218 2790 3339 2832 esse
3368 2789 3486 2832 me-

1889 2872 2071 2927 liores.

2430 2961 2658 3020 GAPUT
2695 2961 2941 3019 XXXIX.

2232 3077 2363 3141 (Div.
2390 3077 2512 3128 Inst.
2540 3077 2622 3129 lib.
2648 3095 2713 3140 ιιι,
2737 3092 2782 3129 c.
2811 3079 2890 3141 18,
2914 3081 2993 3142 25,
3020 3081 3127 3146 ει.)

2136 3187 2214 3242 De
2241 3188 2394 3242 variis
2414 3187 2756 3260 philosOphis,
2789 3203 2848 3241 ac
2877 3189 2940 3242 de
2965 3190 3242 3260 antipodis.

1962 3304 2055 3360 Illa
2081 3319 2210 3359 vero
2243 3304 2399 3359 levia.
2433 3303 2538 3359 Sed
2565 3317 2632 3358 ex
2660 3302 2849 3363 eadem
2891 3304 3127 3361 vanitate
3160 3314 3479 3360 nascuntur.

1891 3398 2255 3467 Xenophanes
2299 3397 2487 3452 orbem
2533 3397 2676 3451 lunae
2724 3396 2911 3452 decem
2962 3407 3016 3452 et
3063 3409 3188 3454 octo
3234 3400 3481 3471 partibus

1890 3493 2022 3548 dixit
2046 3507 2166 3547 esse
2191 3491 2472 3561 majorem,
2491 3506 2652 3562 quam
2679 3489 2793 3545 haec
2821 3500 3006 3546 nostra
3028 3495 3097 3548 sit
3120 3503 3281 3550 terra.
3300 3494 3483 3566 itaque

1891 3586 2029 3639 intra
2053 3584 2228 3638 sinum
2255 3583 2371 3653 ejus
2395 3583 2554 3637 aliam
2589 3593 2786 3639 terram
2817 3586 3106 3654 contineri,
3137 3602 3255 3657 qua:
3285 3587 3353 3643 ab
3382 3588 3482 3643 ho-

1889 3678 2122 3732 minibus
2145 3686 2198 3731 et
2227 3676 2402 3730 omnis
2431 3676 2641 3747 generis
2689 3677 3013 3732 animalibus
3066 3679 3355 3735 incolatur.
3404 3681 3482 3736 De

1891 3770 2157 3842 antipodis
2199 3784 2412 3840 quoque
2447 3769 2563 3826 sine
2611 3769 2723 3826 risu
2753 3785 2852 3824 nec
2881 3770 3076 3837 audiri,
3109 3785 3211 3826 nec
3239 3771 3343 3826 dici
3376 3787 3476 3842 po-

1892 3875 2014 3922 test.
2045 3865 2319 3921 Asseritur
2338 3873 2517 3919 tamen
2539 3864 2691 3934 quasi
2719 3863 2919 3932 aliquid
2941 3862 3167 3930 serium,
3199 3871 3256 3918 ut
3285 3865 3480 3920 creda-

1891 3972 2010 4011 mus
2036 3971 2158 4012 esse
2188 3955 2450 4018 homines,
2477 3953 2566 4024 qui
2598 3952 2838 4024 vestigiis
2874 3955 3074 4008 nostris
3131 3953 3332 4010 habent
3371 3955 3470 4010 ad-

1889 4064 2045 4104 versa
2092 4047 2336 4116 vestigia.
2400 4045 2761 4103 Tolerabilius
2813 4046 3156 4115 Anaxagoras
3206 4045 3480 4114 deliravit,

1891 4141 1978 4211 qui
2009 4139 2212 4209 nigram
2242 4139 2416 4192 nivem
2442 4135 2594 4191 dixit.
2619 4135 2986 4204 Quorumdam
3005 4151 3109 4191 non
3135 4136 3295 4192 modo
3317 4136 3482 4208 dicta,

1892 4231 1986 4287 sed
2025 4230 2186 4286 etiam
2243 4228 2377 4284 facta
2430 4227 2654 4282 ridenda
2707 4234 2854 4281 sunt.
2907 4227 3245 4282 Democritus
3294 4243 3484 4298 agrum

1891 4337 2048 4377 suum
2078 4337 2109 4375 a
2139 4328 2287 4388 patre
2314 4319 2414 4373 sibi
2438 4319 2684 4374 relictum
2737 4318 2996 4384 deseruit,
3040 4327 3092 4372 et
3133 4334 3328 4388 pascua
3380 4336 3480 4391 pu-

1893 4410 2161 4466 blicalieri
2195 4424 2384 4479 passus
2426 4419 2527 4462 est.
2591 4408 2854 4478 Diogenes
2898 4423 3020 4462 cum
3066 4409 3234 4463 choro
3288 4423 3485 4462 canum

1893 4518 2134 4570 suorum,
2182 4503 2270 4572 qui
2299 4501 2547 4556 virtutem
2577 4500 2721 4554 illam
2748 4515 3014 4554 summam
3037 4508 3091 4554 et
3119 4509 3359 4555 exactam
3387 4517 3479 4558 re-

1894 4611 2013 4651 rum
2039 4594 2279 4650 omnium
2304 4601 2672 4663 contemptum
2703 4592 3008 4662 proﬁtetur,
3035 4591 3344 4648 mendicare
3373 4595 3484 4650 vic-

193 4663 634 4756 prius'aﬂ'ectus?
679 4687 807 4754 Quis
841 4663 944 4742 erit
984 4689 1036 4741 in
1085 4697 1292 4756 patrem
1347 4687 1488 4758 pius,
1537 4663 1868 4758 ignoransD
1899 4695 2010 4742 tum
2043 4685 2250 4752 maluit,
2283 4699 2442 4754 quam
2483 4683 2713 4738 honesto
2769 4681 2955 4736 labore
3005 4681 3348 4754 conquirere,
3396 4692 3488 4740 aut

192 4779 332 4836 unde
359 4780 430 4836 sit
458 4790 614 4837 natus
633 4779 801 4847 ?Quis
827 4778 993 4835 ﬁlium
1016 4778 1224 4850 diliget,
1244 4794 1403 4850 quem
1425 4780 1635 4850 putabit
1660 4780 1790 4837 alie-

1897 4780 2101 4836 habere
2131 4777 2296 4834 ullam
2325 4791 2440 4832 rem
2467 4773 2805 4830 familiarem.
2866 4770 3025 4831 Certe
3069 4774 3179 4830 vita
3230 4773 3491 4848 sapientis

1505 4893 1864 4952 VARIORUM
1905 4892 2136 4950 NOTAE.

263 5005 886 5078 PliysicosLElegantius
920 5005 1152 5075 legerem
1181 5005 1434 5060 abstinere
1459 5007 1792 5078 serpltysicis.

263 5076 409 5132 Idem
435 5089 500 5132 et.
533 5077 658 5132 Huic
685 5076 924 5134 IliafIius
962 5092 1027 5130 ex
1068 5077 1432 5145 manuscripto
1473 5076 1676 5143 adjecta
1705 5094 1796 5134 va-

195 5149 326 5203 luit:
367 5149 564 5203 absunt
597 5163 628 5204 a
677 5148 869 5214 Paris.,
923 5147 1162 5212 Walch.,
1209 5147 1390 5202 Davis.
1443 5159 1495 5204 et
1527 5148 1794 5205 llenman.

195 5220 546 5285 editionibus;
572 5218 707 5274 hanc
728 5234 915 5273 vocem
939 5219 991 5273 in
1015 5228 1195 5290 nostra
1215 5218 1450 5276 editione
1471 5219 1796 5290 addidimus,

197 5291 346 5345 nobis
377 5291 701 5346 assentiente
728 5290 792 5344 Ο.
828 5290 886 5342 F.
921 5289 1218 5345 Fritzsche.

268 5361 499 5416 Dicebat.
543 5361 682 5434 iPost
737 5359 930 5416 dicebat
979 5361 1333 5432 supplendum
1386 5361 1592 5430 forsan,
1665 5362 1799 5434 quod

199 5433 320 5488 nihil
345 5434 511 5488 sciret.
541 5433 825 5488 PFAFFIUS.

269 5504 335 5576 Et
366 5505 564 5576 religio.
590 5504 652 5576 In,
672 5520 772 5558 ms.
804 5512 859 5556 ut
889 5503 1087 5576 religio.

272 5573 599 5646 Repudiavit.
632 5575 699 5646 In!
721 5591 823 5628 ms.
847 5573 1154 5646 repudiabit.

272 5644 597 5701 Prosecrare.
650 5644 793 5699 Idem
845 5644 927 5699 est
975 5660 1037 5700 ac
1081 5661 1410 5714 consecrare,
1466 5647 1538 5700 ait
1591 5647 1795 5703 clariss.

207 5712 421 5791 lffaftius
450 5717 515 5771 ad
543 5718 837 5786 marginem
865 5731 968 5770 ms.
1000 5717 1101 5772 sui.
1135 5712 1483 5773 Heumannus
1511 5727 1660 5788 putat
1699 5719 1799 5791 legi

208 5786 396 5840 debere
423 5791 705 5856 pros'ecare.

280 5855 537 5913 Probavit.
571 5857 630 5914 In
659 5874 763 5915 ms.
796 5855 1040 5929 probabit.

1969 5005 2198 5061 Putabit.
2225 5004 2282 5060 In
2311 5018 2413 5077 ms.
2443 5005 2661 5077 putavit.
2687 5076 2692 5077 γ
2773 5074 2784 5077 Α
3144 5062 3148 5072 ,

1970 5078 2282 5149 Reservavit.
2312 5074 2662 5149 Heumannus
2684 5074 2810 5149 legit
2832 5077 3094 5132 reserauit.

1970 5148 2189 5216 Affectu.
2220 5149 2276 5202 In
2305 5163 2406 5202 ms.
2437 5145 2670 5215 affectus.

1969 5219 2380 5273 Incommodum.
2401 5218 2603 5290 Supple
2625 5232 2717 5275 est.

1973 5290 2254 5362 Irrogetur.
2282 5290 2338 5345 In
2368 5308 2470 5346 ms.
2493 5293 2767 5360 inrogetur.

1973 5361 2224 5432 Correpti:
2254 5362 2309 5419 Id
2332 5373 2414 5418 est
2444 5363 2699 5432 castigati.

1980 5430 2180 5505 Itaque.
2231 5430 2712 5505 Anonymusapud
2743 5431 3116 5488 Heumannum
3161 5430 3290 5502 legit
3315 5441 3488 5505 atque.

1980 5503 2059 5558 De
2080 5503 2362 5576 antipodis.
2391 5503 2505 5559 Hac
2533 5504 2601 5558 de
2617 5519 2694 5576 _re
2715 5505 2836 5560 vide
2867 5518 3028 5576 supra
3057 5511 3237 5559 notam
3278 5504 3344 5560 ad
3373 5503 3493 5561 libri

1903 5592 1962 5632 ιιι
1995 5577 2109 5630 Div.
2139 5574 2393 5641 In’stitut.,
2425 5583 2586 5644 caput
2608 5574 2697 5630 ﬁt.

1983 5646 2207 5700 Habent.
2239 5646 2537 5700 Heumann.
2570 5647 2702 5715 legit
2728 5647 2961 5701 habeant.

1980 5718 2198 5772 Canum.
2221 5716 2451 5785 Cynicos
2468 5717 2731 5786 intelligit.

1978 5786 2364 5860 Qontemptum.
2391 5789 2446 5841 In
2471 5803 2571 5843 ms.
2605 5798 2916 5860 contemptu.

1977 5858 2300 5930 Conquirere.
2325 5858 2622 5915 Heumann.
2656 5861 2788 5915 vult.
2806 5858 2933 5919 cum
2960 5878 3202 5932 quievere.
