3816 6264
277 331 418 386 10H

1617 322 1800 378 FIRM.
1846 320 2211 376 LACTANTII

3458 316 3608 373 1MB

271 448 578 520 exemplum
607 460 728 501 esse
758 444 972 500 vivendi
1001 443 1214 499 caeteris
1240 441 1421 496 debet.
1455 441 1512 496 Si
1561 440 1752 496 horum
1784 454 1871 494 sa-
1902 440 1955 499 A
1979 446 2223 505 testatur,
2251 452 2410 509 quam
2447 438 2570 508 quia
2613 449 2876 508 nusquam
2907 437 3212 512 reperiunt,
3249 434 3461 490 idcirco
3513 435 3616 486 ad-

277 541 535 610 picntiam
560 552 749 592 omnes
777 537 1076 600 imitentur,
1106 534 1377 605 quomodo
1417 533 1636 588 stabunt
1684 533 1876 587 civita-

279 632 405 686 tes?
437 630 542 685 Sed
567 629 792 684 forsitan
825 628 986 683 iidem
1014 627 1201 699 Cynici
1247 627 1551 696 exemplum
1610 640 1875 681 verecun-

277 722 384 776 diae
414 721 662 791 praebere
689 729 996 791 potuerunt.
1030 720 1118 790 qui
1167 719 1340 789 palam
1387 734 1510 773 cum
1559 719 1878 788 conjugibus

274 813 390 868 suis
418 813 810 868 cubitaverunt.
843 812 1036 867 Nescio
1057 826 1217 882 quam
1252 823 1470 882 possent
1500 812 1749 867 virtutem
1781 811 1874 867 dc-

279 906 528 972 fendere,
551 908 643 976 qui
675 906 934 977 pudorem
965 906 1318 960 sustulerunt.

345 998 464 1053 Non
493 999 686 1054 melior
709 999 792 1053 his
815 998 1144 1068 Aristippus,
1178 997 1291 1066 qui,
1338 995 1523 1058 credo,
1570 1004 1628 1049 ut
1672 994 1878 1050 amicu-

275 1091 343 1146 Ize
369 1105 482 1146 sua:
501 1089 654 1144 Laidi
686 1089 943 1158 placeret,
974 1086 1330 1157 Cyrenaicam
1377 1085 1609 1141 instituit
1639 1085 1878 1156 discipli-

273 1197 424 1249 nam,
452 1196 557 1251 qua
587 1180 787 1235 summi
813 1179 941 1235 boni
995 1178 1154 1234 finem
1205 1179 1258 1234 in
1308 1178 1585 1247 voluptate
1633 1179 1878 1247 corporis

270 1272 575 1338 collocavit,
606 1286 674 1326 ne
693 1280 787 1325 aut
816 1271 1052 1340 peccatis
1076 1271 1394 1334 auctoritas,
1429 1277 1522 1323 aut
1552 1269 1700 1324 vitiis
1743 1268 1875 1322 doc-

274 1366 415 1421 trina
437 1365 672 1420 deesset.
704 1365 785 1419 An
814 1364 890 1418 illi
919 1347 1168 1418 fortiores
1191 1362 1362 1434 magis
1403 1373 1529 1417 sunt
1583 1362 1870 1433 probandi,

273 1457 364 1526 qui
391 1465 451 1510 ut
473 1465 704 1512 mortem
731 1454 1128 1524 contempsisse
1154 1454 1486 1520 dicerentur,
1516 1453 1874 1509 voluntariam

274 1562 464 1604 necem
493 1547 594 1602 sibi
625 1546 954 1602 intulerunt?
983 1545 1156 1611 Zeno,
1191 1545 1564 1615 Empedocles,
1613 1544 1875 1616 Chrysip-

272 1659 396 1713 pus,
425 1643 735 1710 Cleanthes,
770 1642 1130 1708 Democritus,
1173 1649 1228 1696 et
1285 1641 1384 1695 hos
1432 1641 1671 1695 imitatus
1716 1641 1874 1706 Cato,

272 1736 595 1791 nescierunt
624 1733 898 1789 homicidii
941 1733 1168 1788 crimine
1213 1732 1389 1787 teneri
1443 1732 1740 1787 secundum
1787 1733 1876 1803 jus

1980 531 2196 586 lirmant
2218 531 2486 586 neminem
2509 530 2688 586 adhuc
2711 531 2957 586 extitisse
2974 531 3306 601 sapientem.
3331 530 3616 596 Quoniam

1981 627 2140 697 igitur
2165 627 2310 682 nulla
2341 637 2425 682 est
2451 627 2614 699 (apud
2660 627 2941 683 Platonem
2987 629 3241 684 Socrates
3284 626 3446 701 dicit)
3505 627 3616 682 hu-

1979 734 2136 774 mana
2158 719 2442 789 sapientia,
2474 734 2768 789 sequamur
2792 735 2922 789 ergo
2943 719 3203 785 divinam,
3230 719 3463 789 Deoque
3488 732 3619 788 gra-

1981 812 2083 867 tias
2109 826 2353 882 agamns.
2385 813 2476 883 qui
2508 827 2626 868 eam
2656 813 2836 879 nobis,
2863 821 2919 868 et
2949 815 3230 879 revelavit,
3267 821 3328 868 et
3355 811 3613 879 tradidit,

1979 919 2042 960 ac
2075 905 2230 960 nobis
2278 906 2608 976 gratulemur
2663 908 2808 977 quod
2838 907 3122 962 veritatem
3175 921 3238 962 ac
3276 907 3614 977 sapientiam

1979 996 2185 1052 cmlesﬁ
2230 996 2493 1052 beneficio
2539 1005 2822 1063 tenemus,
2872 1013 3031 1068 quam
3075 1007 3158 1053 tot
3207 1000 3484 1069 ingeniis,
3529 1007 3614 1053 tot

1980 1087 2230 1142 aetatibus
2278 1089 2595 1159 requisitam
2643 1087 3043 1160 philosophiam
3096 1104 3261 1145 nemo
3311 1091 3490 1160 potuit
3526 1090 3615 1144 in-

1980 1194 2188 1234 νοηιτθ.

2584 1296 2813 1354 CAPUT
2853 1296 2992 1353 XLI.

2329 1428 2406 1484 De
2438 1447 2556 1485 vera
2585 1431 2832 1502 religione
2858 1448 2919 1485 ac
2944 1432 3225 1502 sapientia.

2050 1562 2202 1618 Nunc
2233 1563 2490 1634 quoniam
2519 1564 2704 1619 falsam
2737 1564 3078 1633 religionem,
3113 1580 3240 1636 quae
3264 1574 3348 1619 est
3379 1565 3432 1618 in
3469 1565 3612 1619 deo-
3639 1582 3648 1586 ”

1981 1669 2102 1708 rum
2132 1655 2382 1720 cultibus,
2418 1664 2471 1710 et
2495 1655 2683 1710 falsam
2715 1657 3058 1726 sapientiam,
3087 1671 3212 1727 quae
3233 1667 3315 1710 est
3337 1658 3387 1711 in
3417 1658 3606 1727 philo-

1981 1748 2198 1818 sophis,
2251 1749 2622 1815 refutavimus,
2677 1749 2742 1802 ad
2795 1764 2977 1803 veram
3019 1749 3340 1820 religionem
3386 1751 3609 1818 sapien-

271 1827 558 1897 Iegemque
615 1826 852 1880 divinam
901 1840 1024 1880 eum
1076 1825 1168 1894 qui
1224 1838 1283 1878 se
1330 1823 1678 1878 interfecerit.
1739 1824 1861 1879 Deut

2022 1841 2226 1909 iamque
2253 1839 2555 1894 veniamus.
2582 1839 2651 1893 Et
2679 1839 2895 1910 quidem
2919 1841 3232 1908 conjuncte,
3261 1839 3389 1909 quia
3417 1843 3604 1895 cohae-

272 1919 420 1974 enim
453 1933 552 1973 nos
583 1919 633 1972 in
661 1918 765 1972 hoc
789 1917 1123 1984 domicilium
1147 1916 1325 1972 carnis
1350 1915 1597 1978 induxit;
1625 1914 1715 1970 ille
1730 1915 1884 1970 nobis

274 2011 577 2080 temporale
603 2010 847 2080 corporis
883 2008 1246 2064 habitaculum
1276 2007 1456 2073 dedit,
1504 2018 1560 2062 ut
1590 2008 1883 2062 incolamus

268 2101 528 2172 quamdiu
546 2101 686 2157 idem
705 2101 1125 2157 voluerit.Nefas
1148 2101 1310 2171 igitur
1326 2099 1628 2155 habendum
1645 2110 1748 2164 est,
1764 2102 1882 2157 sine

271 2193 374 2248 Dei
414 2193 572 2262 jussu
598 2193 738 2248 velle
768 2194 1025 2262 migrare.
1051 2191 1169 2245 Non
1205 2202 1288 2245 est
1316 2205 1445 2260 ergo
1476 2192 1556 2244 vis
1577 2191 1882 2247 adhibenda

272 2293 508 2340 naturte.
540 2285 653 2340 Scit
683 2285 770 2340 ille
800 2283 1251 2354 quemadmodum
1279 2298 1417 2351 opus
1439 2298 1593 2337 suum
1619 2283 1878 2338 resolvat.

269 2373 369 2430 Cui
401 2378 550 2447 operi
583 2378 626 2431 si
649 2376 770 2447 quis
802 2390 994 2430 manus
1022 2375 1215 2444 impias
1269 2375 1598 2438 adhibuerit,
1624 2391 1688 2429 ac
1711 2375 1879 2430 divini

267 2469 468 2540 opificii
487 2470 696 2526 vincula
715 2470 1000 2540 diruperit,
1013 2469 1178 2524 Deum
1193 2478 1424 2523 conatur
1442 2467 1702 2538 effugere,
1725 2469 1880 2539 cujus

268 2561 596 2616 sententiam
625 2575 723 2615 nec
759 2560 911 2615 vivus
932 2560 1235 2630 quisquam,
1273 2574 1372 2615 nec
1401 2569 1647 2614 mortuus
1689 2570 1879 2630 potue-

267 2655 341 2708 rit
370 2654 622 2710 evadere.
644 2655 904 2710 Scelerati
933 2669 1064 2726 ergo
1093 2663 1221 2709 sunt
1252 2664 1307 2710 et
1329 2654 1542 2722 nefarii,
1562 2669 1698 2725 quos
1718 2669 1878 2722 supe-

268 2747 385 2802 rius
406 2748 712 2814 nominavi,
745 2747 835 2818 qui
865 2748 1025 2802 etiam
1054 2747 1375 2813 docuerunt,
1404 2763 1541 2818 quas
1569 2761 1760 2800 causas
1783 2746 1878 2798 ha-

265 2837 400 2893 bere
430 2837 630 2893 debeat
658 2851 806 2892 mors
830 2837 1127 2892 voluntaria
1152 2879 1166 2902 ,
1197 2845 1257 2891 ut
1284 2852 1471 2907 parum
1520 2837 1588 2891 sit
1634 2836 1873 2902 sceleris,

264 2929 410 2997 quod
440 2928 726 2984 homicidae
756 2930 810 2983 in
838 2929 1166 3001 semetipsos
1193 2929 1509 2995 extiterunt,
1540 2928 1640 2982 nisi
1674 2927 1742 2981 ad
1775 2926 1876 2981 hoc

275 3019 434 3076 nefas
457 3030 513 3077 et
537 3022 674 3078 alios
701 3022 1004 3078 erudirent.

881 3115 1111 3173 CAPUT
1151 3115 1268 3172 XL.

728 3207 864 3268 (Div.
891 3207 1014 3258 Inst.
1039 3207 1126 3257 lib.
1152 3221 1224 3268 tu,
1249 3221 1293 3257 c.
1319 3206 1424 3269 28.)

608 3291 686 3344 De
725 3292 1154 3362 philosOphorum
1197 3290 1512 3358 insipientia.

342 3403 762 3460 Innumerabilia
790 3411 915 3458 sunt
955 3401 1400 3473 philosophorum
1438 3401 1574 3455 dicta
1605 3397 1872 3470 factaque,

266 3495 462 3566 quibus
492 3510 683 3549 eorum
710 3494 1014 3562 insipientia
1037 3493 1284 3562 redargui
1318 3493 1504 3562 possit.
1543 3491 1724 3560 Itaque
1745 3505 1879 3561 quo-

264 3587 410 3641 niam
441 3596 631 3641 cuncta
658 3600 980 3640 enumerare
1025 3601 1129 3639 non
1162 3598 1466 3654 possumus,
1507 3599 1674 3653 pauca
1708 3583 1873 3639 suffe-

263 3680 460 3735 cerint.
498 3680 639 3735 Satis
665 3688 748 3734 est
775 3679 1021 3748 intelligi,
1048 3679 1398 3748 philosophos
1426 3693 1601 3748 neque
1625 3677 1872 3748 justitim,

263 3787 422 3844 quam
456 3771 801 3841 ignorabant,
837 3786 1010 3841 neque
1053 3769 1291 3837 virtutis,
1324 3784 1484 3840 quam
1522 3769 1872 3833 mentiuntur,

263 3879 385 3920 esse
415 3864 688 3920 doctores.
726 3863 864 3931 Quid
909 3863 1056 3918 enim
1099 3863 1354 3928 doceant,
1396 3862 1485 3932 qui
1531 3878 1682 3917 suam
1729 3875 1874 3931 saepe

263 3957 624 4027 ignorantiam
652 3955 1020 4009 conﬁtentur?
1048 3953 1199 4008 Mitto
1243 3953 1544 4019 Socratem,
1588 3956 1746 4022 cujus
1792 3959 1876 4006 est

263 4057 392 4101 nota
419 4047 704 4101 sententia.
751 4047 1100 4114 Anaxagoras
1130 4045 1310 4099 omnia
1355 4046 1678 4100 circumfusa
1719 4055 1870 4101 tene-

264 4137 380 4192 bris
405 4151 527 4190 esse
561 4137 891 4206 pronuntiat.
940 4135 1298 4205 Empedocles
1341 4145 1590 4205 angustas
1621 4136 1685 4190 ad
1723 4137 1872 4192 inve-

260 4228 514 4284 niendam
539 4231 816 4284 veritatem
837 4242 1093 4284 sensuum
1123 4229 1344 4283 semitas
1365 4243 1504 4283 esse.
1537 4229 1874 4284 Democritus

260 4321 320 4378 in
342 4322 610 4394 profundo
627 4323 858 4392 quodam
882 4333 1046 4392 puteo
1067 4321 1370 4379 demersam
1395 4321 1672 4377 veritatem
1688 4322 1875 4392 jacere

1987 1941 2128 1998 rent,
2161 1933 2229 1988 de
2259 1941 2480 2003 utraque
2519 1932 2804 1986 dicendum
2843 1942 2946 1987 est.
2998 1932 3132 1986 Nam
3184 1933 3358 1987 Deum
3404 1948 3598 1987 verum

1986 2027 2184 2089 colere,
2221 2024 2271 2079 id
2299 2032 2400 2089 est,
2424 2039 2526 2079 nec
2556 2024 2700 2079 aliud
2725 2023 3036 2094 quidquam,
3062 2039 3225 2094 quam
3252 2025 3605 2094 Sapientiam.

1985 2115 2080 2171 Ille
2109 2115 2251 2172 enim
2293 2131 2536 2172 summus
2583 2125 2635 2171 et
2682 2115 2930 2172 conditor
2965 2132 3150 2171 rerum
3182 2117 3328 2172 Deus
3373 2126 3482 2183 est,
3512 2120 3605 2187 qui

1985 2206 2260 2263 hominem
2308 2209 2455 2264 velut
2486 2209 2834 2264 simulacrum
2862 2224 3018 2262 suum
3062 2209 3211 2264 fecit.
3249 2208 3466 2263 Idcirco
3499 2209 3606 2262 nti-

1984 2314 2089 2370 que
2135 2299 2234 2354 soli
2265 2315 2332 2354 ex
2377 2300 2631 2356 omnibus
2661 2300 2984 2356 animalibus
3025 2301 3293 2355 rationem
3325 2299 3517 2364 dedit,
3550 2312 3608 2356 ut

1984 2391 2246 2447 honorem
2273 2393 2373 2448 sibi
2411 2403 2662 2462 tanquam
2694 2394 2853 2464 patri,
2884 2403 2938 2448 et
2977 2404 3229 2464 tanquam
3257 2393 3485 2449 domino
3512 2410 3605 2450 re-

1983 2483 2171 2550 ferret,
2203 2497 2257 2541 et
2288 2487 2388 2540 hac
2433 2489 2628 2557 pietate
2657 2497 2820 2558 atque
2865 2487 3130 2557 obsequio
3173 2488 3604 2543 immortalitatis

1983 2576 2262 2645 prmmium
2314 2591 2632 2633 mereretur.
2689 2578 2798 2632 lloc
2862 2588 2945 2634 est
3004 2593 3192 2633 verum
3244 2579 3602 2650 divina-mque

1984 2670 2318 2740 mysterium.
2367 2671 2474 2725 Illis
2519 2680 2720 2735 autem,
2777 2672 2898 2741 quia
2938 2686 3064 2726 vera
3109 2687 3217 2727 non
3247 2683 3396 2737 sunt,
3448 2675 3593 2728 nulla

1980 2762 2292 2818 concordia.
2327 2763 2510 2834 Neque
2553 2765 2607 2818 in
2657 2764 2996 2834 philosophia
3031 2779 3186 2819 sacra
3214 2766 3592 2831 celebrantur,

1981 2868 2156 2924 neque
2185 2859 2237 2908 in
2279 2857 2452 2910 sacris
2487 2854 2828 2926 pbiIOSOphia
2857 2865 3148 2912 tractatur:
3196 2868 3250 2911 et
3294 2857 3416 2912 ideo
3459 2857 3596 2912 falsa

1980 2945 2168 3018 religio
2197 2957 2302 3013 est,
2346 2947 2472 3018 quia
2515 2964 2621 3002 non
2663 2947 2822 3003 habet
2865 2949 3225 3018 sapientiam;
3277 2948 3401 3004 ideo
3455 2948 3598 3003 falsa

1979 3039 2266 3109 sapientia,
2323 3041 2445 3110 quia
2494 3054 2602 3094 non
2658 3040 2819 3095 habet
2861 3041 3202 3111 religionem.
3252 3040 3353 3095 Ubi
3403 3053 3591 3096 autem

1978 3139 2207 3202 utraque
2232 3132 2520 3201 conjuncta
2553 3141 2702 3200 sunt,
2751 3132 2823 3186 ibi
2867 3148 2987 3187 esse
3035 3134 3317 3189 veritatem
3365 3147 3598 3188 necesse

1902 3219 1948 3282 C
1979 3233 2086 3292 est,
2115 3233 2174 3279 ut
2217 3225 2262 3279 si
2290 3233 2563 3295 quaeratur
2604 3225 2716 3294 ipsa
2765 3225 2966 3279 veritas
3013 3226 3140 3294 quid
3171 3227 3262 3291 sit,
3303 3234 3450 3280 recte
3481 3227 3592 3280 dici

1980 3318 2181 3389 possit:
2208 3327 2299 3372 aut
2329 3319 2548 3388 sapiens
2575 3319 2792 3388 religio,
2824 3328 2919 3372 aut
2947 3319 3197 3389 religiosa
3231 3321 3515 3389 sapientia.

2567 3431 2795 3489 CAPUT
2833 3430 2998 3487 XLII.

2388 3545 2520 3608 (Div.
2545 3546 2665 3597 Inst.
2693 3546 2778 3596 lib.
2808 3561 2871 3607 Iv,
2891 3561 2936 3597 c.
2959 3551 2987 3598 3
3014 3556 3066 3597 et
3089 3548 3164 3610 7.)

1978 3654 2058 3709 De
2099 3653 2350 3724 sapientia
2397 3654 2675 3725 religiosa,-
2724 3653 2914 3707 Christi
2958 3669 3141 3707 nomen
3188 3654 3316 3707 nulli
3379 3662 3580 3718 notum,

2535 3749 2633 3802 nisi
2660 3748 2762 3817 ipsi
2791 3757 2837 3800 et
2865 3746 3036 3800 Patri.

2051 3859 2234 3915 Dicam
2267 3875 2428 3924 nunc,
2456 3858 2586 3926 quid
2633 3859 2704 3914 sit
2742 3859 2826 3914 vel
2874 3859 3093 3928 sapiens
3123 3858 3331 3929 religio,
3379 3860 3463 3913 vel
3495 3876 3584 3916 sa-

1978 3952 2177 4023 pientia
2220 3952 2489 4022 religiosa.
2529 3953 2670 4007 Deus
2694 3953 2744 4006 in
2785 3951 3072 4020 principio,
3105 3960 3391 4021 antequam
3420 3968 3576 4007 mun-

1976 4045 2104 4100 dum
2136 4044 2460 4111 institueret,
2505 4046 2570 4099 de
2599 4045 2915 4100 aeternitatis
2943 4059 3055 4098 sua:
3087 4045 3255 4110 fonte,
3301 4044 3467 4114 deque
3492 4046 3574 4098 (li-

1976 4137 2102 4191 vino
2121 4151 2184 4191 ac
2200 4137 2420 4206 perenni
2444 4137 2637 4206 spiritu
2665 4151 2764 4190 suo
2785 4135 2980 4190 Filium
3003 4135 3106 4190 sibi
3138 4136 3253 4205 ipse
3280 4138 3573 4206 progenuit,

1977 4227 2365 4300 incorruptum,
2400 4228 2638 4294 fidelem,
2661 4228 2842 4282 virtuti
2865 4242 2929 4282 ac
2959 4229 3227 4296 majestati
3259 4231 3435 4296 patria:
3458 4243 3578 4282 res-

1976 4321 2325 4392 pondentem.
2359 4321 2456 4378 Hic
2484 4331 2566 4377 est
2597 4324 2789 4391 virtus,
2819 4321 2906 4375 hic
2937 4321 3103 4384 ratio,
3141 4321 3227 4376 hic
3253 4336 3426 4376 sermo
3451 4320 3570 4387 Dei,

1591 4481 1954 4540 VARIORUM
1982 4483 2216 4542 ΝυΤΑς.

329 4627 518 4682 Iidem.
543 4625 599 4679 In
629 4639 731 4680 ms.
764 4624 922 4679 idem.

277 4699 281 4704 ’
332 4697 520 4751 Palam
549 4713 664 4750 cum
691 4694 996 4766 conjugibus
1049 4692 1178 4766 suis.
1230 4690 1420 4766 Postea
1469 4703 1660 4766 tamen,
1694 4699 1855 4766 _tc_ste_

259 4768 580 4838 Augustino,
613 4767 704 4821 lib.
741 4761 1019 4820 xiv—Civit.
1040 4765 1164 4838 Dei,
1200 4777 1319 4838 cap.
1345 4764 1433 4829 10,
1467 4780 1498 4816 a
1523 4761 1730 4832 Cynicis
1744 4763 1857 4829 ﬁeri

257 4837 506 4894 cessatum
551 4847 647 4902 est,
699 4839 914 4907 plusque
963 4837 1123 4890 valuit
1166 4837 1452 4904 pudor.....
1495 4849 1650 4958 (gum
1691 4848 1854 4888 error.

1554 4919 1638 4958 UN.

1554 4919 1638 4958 UN.

331 4981 475 5037 Non.
506 4976 685 5049 Aliqui
709 4985 896 5048 putant
929 4976 1030 5046 legi
1058 4975 1260 5032 debere
1293 4974 1458 5031 Num.

288 5117 290 5119 _
335 5052 423 5108 Ut.
454 5052 510 5106 In
536 5066 638 5105 ms.
669 5059 736 5105 et.

330 5124 660 5179 Nescierunt.
696 5121 749 5175 In
779 5135 880 5174 ms.
916 5135 1005 5173 nec
1032 5119 1278 5174 scierunt.

329 5195 575 5264 Migrare.
609 5192 909 5248 Heumann.
940 5201 1091 5260 putat
1120 5188 1235 5244 fore
1267 5190 1480 5256 melius,
1515 5187 1559 5242 si
1589 5187 1856 5258 legeretur

257 5283 390 5321 emta
395 5283 523 5320 rare.

377 5335 647 5390 dhibenda.
679 5333 734 5387 In
760 5348 860 5386 ms.
885 5341 936 5384 at
957 5332 1196 5385 hibenda.

340 5407 555 5462 Vincula
584 5405 854 5474 diruperit.
889 5403 946 5456 ln
972 5418 1073 5456 ms.
1099 5403 1264 5457 vincla
1295 5402 1642 5472 dirrumperit.

332 5481 487 5535 Sunt.
519 5477 688 5532 Abest
716 5491 747 5529 a
775 5489 877 5529 ms.

328 5548 580 5618 lntelligi.
612 5545 666 5600 In
698 5560 799 5600 ms.
829 5543 1086 5614 intellegi;
1115 5552 1172 5598 ut
1197 5559 1376 5615 supra.

333 5621 497 5675 Nota.
515 5617 584 5671 In
613 5632 714 5671 ms.
742 5627 902 5670 mota.

327 5691 575 5745 Humana
592 5688 865 5756 sapientia.
892 5685 948 5740 In
973 5699 1074 5740 ms.
1099 5686 1375 5740 humanam
1390 5686 1695 5753 sapientiam
1719 5685 1846 5741 Deo.

255 5756 455 5817 Vocem
489 5771 668 5812 tamen
698 5757 807 5811 Deo
836 5757 1084 5812 librarius
1117 5772 1304 5813 rursus
1329 5757 1546 5811 delevit.

333 5827 604 5884 (laudavit.
640 5822 698 5880 In
723 5841 822 5881 me.
853 5827 1108 5881 revelabiti

382 5837 604 5885 clteltttltl.
641 5837 698 5880 Ill
723 5841 822 5881 ius.
853 5837 1108 5881 repetam;

1881 4633 1934 4692 1)
2036 4623 2450 4696 Philosophiam.
2483 4623 2830 4696 Heumannus
2859 4631 3010 4694 putat
3035 4623 3231 4679 melius
3255 4591 3359 4695 legi
3392 4625 3567 4694 philo-

1959 4695 2263 4764 sophorum.
2293 4695 2482 4760 Nemo,
2516 4699 2568 4750 in
2598 4712 2697 4750 ms.
2739 4695 2900 4748 Num.

2033 4767 2333 4833 Coniuncte.
2364 4768 2420 4821 In
2450 4783 2551 4822 ms.
2582 4769 2894 4838 conjunctae.

2034 4858 2104 4912 Id
2132 4869 2227 4924 est,
2259 4876 2348 4912 nec
2372 4859 2517 4912 aliud
2559 4859 2856 4929 quidquam,
2897 4874 3048 4918 quam
3095 4859 3423 4922 sapientiam.
3458 4859 3566 4914 Le-

1961 4930 2194 5000 gendum
2223 4949 2235 4984 :
2260 4929 2391 4983 idem
2418 4941 2512 4996 est,
2546 4947 2633 4983 nec
2661 4929 2809 4983 aliud
2847 4930 3147 5000 quidquam,
3182 4947 3336 5000 quant
3365 4934 3566 4999 sapien-

1963 5002 2107 5054 tiam.
2142 5003 2321 5056 Davts.
2351 5032 2422 5041 —
2445 5002 2520 5055 Ita
2551 5016 2678 5055 vero
2702 5015 3002 5071 anonytnus
3033 5001 3325 5055 Britannus
3349 5013 3402 5055 ct
3432 5003 3568 5056 fleu-

1966 5087 2234 5128 mannus:
2281 5071 2411 5128 Nam
2440 5072 2603 5125 Deum
2644 5088 2818 5125 verum
2857 5071 3044 5136 colere,
3080 5072 3135 5123 id
3165 5080 3264 5136 est,
3299 5089 3388 5126 nec
3426 5075 3567 5125 aliud

1959 5144 2238 5214 quidquam
2267 5145 2538 5214 sapientia.
2576 5142 2706 5196 Vide
2738 5142 2826 5196 lib.
2859 5157 2936 5202 tv,
2966 5157 3086 5210 cap.
3127 5143 3193 5194 Ii:
3223 5144 3419 5210 Sapere
3439 5145 3568 5196 nihil

1959 5213 2104 5267 aliud
2145 5226 2236 5278 est,
2283 5231 2436 5284 quam
2479 5213 2644 5267 Deum
2689 5229 2862 5266 verum
2907 5214 3071 5282 iustis-
3096 5229 3156 5266 ac
3198 5216 3300 5284 piis
3347 5216 3568 5268 cultibus

1960 5289 2234 5338 honorare.
2270 5285 2402 5340 Buu.

1959 5381 1986 5448 δέ
2029 5377 2189 5434 Deus.
2216 5377 2459 5434 Verbum
2483 5388 2576 5444 est,
2612 5378 2755 5448 quod
2785 5377 2935 5432 addit
2965 5375 3207 5443 Pfaffius,
3241 5379 3563 5444 delendum;

1956 5447 2099 5504 Deus
2125 5465 2246 5504 cum
2281 5451 2444 5504 verbo
2472 5449 2610 5502 dedit
2634 5447 3067 5502 construendum
3101 5467 3113 5502 :
3147 5450 3292 5502 unde
3320 5454 3388 5503 ab
3420 5451 3564 5506 ﬂen-

1958 5537 2154 5575 manno
2201 5522 2288 5590 qui
2335 5535 2439 5574 non
2491 5519 2590 5574 fuit
2632 5520 2974 5588 ejiciendum.
3025 5519 3262 5574 Lanatus
3300 5536 3440 5588 sum,
3475 5523 3561 5576 ubi

1959 5600 2144 5660 postea
2177 5593 2282 5644 vidi
2315 5591 2585 5646 Davisium
2613 5591 2752 5645 idem
2783 5591 3005 5645 sentire.
3035 5590 3168 5645 Bon.
3335 5607 3342 5616 '

2028 5660 2320 5729 Sapientia.
2349 5661 2406 5716 In
2435 5678 2534 5717 ms.
2564 5663 2885 5734 sapientiam.

2026 5749 2166 5821 Ipse.
2197 5754 2365 5825 Deest
2395 5756 2449 5810 in
2476 5753 2649 5821 edito;
2685 5755 2875 5824 legitur
2919 5764 3100 5811 tamen
3130 5756 3184 5811 in
3219 5758 3558 5825 autographa

1955 5808 2162 5878 triarios;
2196 5817 2389 5879 Pfaflll.
