3816 6264
133 361 274 421 {Mil

1139 363 1438 423 EPITOME
1479 361 1858 422 DIVINARUM
1898 359 2456 420 INSTITUTIONUM.

3292 356 3431 415 1050

134 480 218 534 hic
244 479 525 550 sapientia.
571 477 683 535 Hoc
720 478 935 551 Opiﬁce,
979 488 1038 536 ut
1081 480 1305 537 Hermes
1340 482 1435 547 ait,
1465 490 1520 536 et
1545 480 1727 536 consi-
1757 484 1810 542 Α
1831 486 1936 546 est,
1961 478 2224 534 rationem
2265 476 2357 532 tibi
2385 473 2624 532 breviter
2650 485 2942 544 exponam.
2973 470 3120 530 Idem
3145 481 3229 530 est
3255 472 3348 529 Dei
3375 481 3429 528 et

131 571 337 636 liatore,
372 580 432 626 ut
456 571 680 643 Sibylla,
727 582 783 627 et
811 573 1123 642 praeclaram
1152 582 1202 628 et
1234 572 1530 627 mirabilem
1564 570 1721 640 hujus

127 663 312 718 mundi
335 663 589 718 fabricam
619 664 956 720 machinatus
983 675 1087 721 est.
1119 666 1358 737 Denique
1382 681 1447 720 ex
1471 663 1722 720 omnibus

126 755 358 825 angelis,
386 769 520 825 quos
560 754 703 810 idem
735 757 873 811 Deus
899 756 966 812 de
994 757 1104 812 suis
1143 757 1420 827 Spiritibus
1446 757 1718 827 figuravit,

124 846 272 901 solus
315 847 366 900 in
405 848 738 902 consortium
783 864 1009 904 summa:
1037 849 1320 920 potestatis
1349 849 1588 904 adscitus
1612 859 1716 916 est,

123 937 270 993 solus
315 939 454 994 Deus
501 949 863 1010 nuncupatus.
903 942 1093 998 Omnia
1129 943 1272 998 enim
1299 957 1394 1012 per
1423 943 1595 1012 ipsum
1616 982 1630 1006 ,
1663 953 1718 998 et

122 1029 239 1084 sine
282 1031 400 1101 ipso
425 1031 578 1087 nihil.
611 1033 851 1103 Denique
894 1033 1047 1088 Plato
1073 1033 1142 1089 de
1170 1035 1346 1104 primo
1387 1049 1450 1089 ac
1476 1033 1716 1089 secundo

121 1120 233 1178 Deo
272 1138 378 1178 non
421 1125 576 1194 plane
621 1136 678 1180 ut
715 1125 1090 1196 philosophus,
1121 1127 1216 1183 sed
1245 1135 1304 1182 ut
1327 1135 1476 1182 vates
1502 1127 1714 1182 locutus

117 1225 219 1282 est,
254 1215 480 1272 fortasse
502 1219 554 1272 in
584 1217 687 1272 hoc
717 1218 1121 1290 'I‘rismegistum
1147 1229 1388 1286 secutus,
1415 1219 1568 1289 cujus
1593 1235 1714 1275 ver-

116 1305 177 1360 ba
207 1305 276 1363 de
307 1308 508 1364 Graecis
534 1325 794 1366 conversa
832 1311 1034 1382 subjeci
1068 1330 1081 1366 :
1117 1331 1136 1364 ‹
1177 1312 1435 1367 Dominus
1461 1320 1516 1366 et
1546 1311 1714 1367 factor

114 1399 510 1469 universorum,
561 1418 721 1472 quem
753 1403 920 1458 Deum
941 1404 1122 1459 vocari
1150 1405 1596 1471 existimavimus,
1626 1418 1712 1461 se-

108 1491 345 1548 cundum
393 1494 518 1549 fecit
553 1495 720 1551 Deum
753 1496 1016 1552 visibilem
1045 1506 1099 1552 et
1142 1497 1473 1554 sensibilem.
1521 1496 1708 1553 Sensi-

105 1581 272 1639 bilem
324 1595 502 1641 autem
531 1585 675 1650 dico,
711 1602 816 1642 non
846 1589 990 1659 quod
1029 1589 1146 1660 ipse
1191 1604 1412 1646 sensum
1456 1589 1703 1658 accipiat,

98 1676 197 1730 sed
224 1678 371 1747 quod
401 1681 452 1733 in
482 1695 699 1736 sensum
726 1682 903 1736 mittat
933 1690 989 1740 et
1018 1684 1212 1741 visum.
1235 1683 1369 1739 Cum
1396 1699 1525 1753 ergo
1561 1683 1706 1738 hunc

95 1767 324 1824 feci-sset
355 1772 606 1842 primum,
633 1783 689 1829 et
715 1775 909 1841 solum,
943 1785 998 1830 et
1029 1793 1213 1840 unum,
1255 1778 1494 1847 optimus
1523 1778 1574 1832 ei
1608 1792 1706 1846 ap-

1825 569 2061 626 hominis
2094 569 2261 625 ﬁlius.
2297 567 2386 625 Bis
2413 567 2557 624 enim
2605 574 2762 623 natus
2793 575 2897 622 est.
2949 565 3188 622 Primum
3217 565 3286 623 de
3318 567 3429 624 Deo

1823 665 1876 720 in
1905 663 2100 736 spiritu
2129 673 2254 719 ante
2280 671 2459 719 ortum
2492 660 2703 730 mundi,
2735 659 3080 733 postmodum
3099 660 3152 716 in
3174 675 3339 716 carne
3359 676 3427 719 ex

1823 755 2041 820 homine
2059 799 2073 822 ,
2105 759 2350 828 Augusto
2371 757 2673 828 imperante
2699 773 2714 821 ;
2746 756 2902 826 cujus
2921 755 3000 812 rei
3023 755 3346 826 praeclarum
3373 765 3429 812 et

1820 848 2024 920 grande
2049 849 2366 920 mysterium
2397 858 2516 916 est,
2547 849 2600 902 in
2628 863 2735 920 quo
2763 856 2816 903 et
2846 847 2994 903 salus
3023 847 3302 903 hominum
3321 889 3336 915 ,
3371 856 3426 904 et;

1819 942 2011 1012 religio
2055 942 2255 996 summi
2284 942 2401 1007 Dei,
2424 952 2480 997 et
2501 943 2678 996 omnis
2710 941 2908 997 veritas
2935 941 3264 996 continetur.
3291 939 3423 997 Nam

1816 1048 1938 1090 cum
1968 1033 2200 1104 primum
2225 1035 2478 1090 scelerati
2498 1043 2661 1106 atque
2692 1035 2841 1105 impii
2871 1034 3098 1090 deorum
3125 1034 3304 1090 cultus
3325 1050 3423 1106 per

1817 1126 2041 1182 insidias
2071 1128 2378 1183 daemonum
2406 1127 2774 1197 irrepserunt,
2806 1135 2920 1182 tum
2947 1142 3114 1198 penes
3136 1127 3284 1182 solos
3311 1127 3421 1184 IIe-

1815 1217 1992 1274 brmos
2027 1220 2219 1290 religio
2243 1220 2336 1275 Dei
2365 1220 2581 1284 mansit,
2609 1219 2701 1290 qui
2725 1228 2904 1274 tamen
2933 1234 3041 1274 non
3071 1220 3189 1290 lege
3215 1219 3416 1291 aliqua,

1813 1311 1910 1366 sed
1938 1313 2190 1367 traditum
2210 1312 2309 1367 sibi
2331 1327 2428 1382 per
2443 1312 2840 1366 successionem
2856 1311 3058 1366 cultum
3080 1312 3254 1382 patrio
3266 1326 3418 1368 more

1813 1410 2104 1459 tenuerunt
2134 1419 2304 1474 usque
2331 1405 2396 1458 ad
2430 1405 2480 1458 id
2509 1411 2743 1474 tempus,
2771 1418 2878 1472 quo
2904 1403 2971 1458 de
3002 1403 3236 1476 [Egyplo
3263 1405 3414 1460 exie-

1811 1504 1959 1564 runt,
1992 1495 2176 1568 Moyse
2201 1496 2360 1561 duce,
2393 1497 2567 1566 primo
2597 1496 2835 1550 omnium
2869 1495 3284 1566 prophetarum,
3319 1510 3416 1567 per

1809 1602 1968 1658 quem
2019 1589 2126 1644 illis
2169 1589 2254 1644 lex
2285 1597 2368 1644 est
2410 1603 2440 1642 a
2470 1589 2580 1642 Deo
2625 1587 2916 1657 imposita,
2949 1588 3040 1658 qui
3085 1587 3255 1642 Judaei
3287 1596 3414 1642 sunt

1809 1679 2157 1750 postmodum
2187 1680 2470 1734 nominati.
2502 1679 2836 1735 Servierunt.
2858 1679 3020 1749 igitur
3048 1679 3158 1734 Deo
3184 1679 3411 1735 vinculis

1808 1771 1941 1842 legis
1967 1773 2235 1828 obstricti.
2263 1772 2368 1828 Sed
2401 1771 2583 1836 iidem,
2603 1772 2859 1842 paulatim
2889 1771 2955 1827 ad
2991 1770 3248 1844 profanos
3275 1774 3411 1828 ritus

95 1862 313 1930 paruit,
369 1873 424 1917 et
455 1865 819 1934 plenissimus
872 1871 1112 1925 omnium
1163 1871 1450 1927 bonorum.
1496 1871 1699 1942 Sibylla
1729 1874 1778 1934 Β
1805 1864 2158 1929 aberrantes,
2187 1865 2399 1920 alienos
2427 1863 2560 1920 deos
2605 1873 2999 1934 susceperunt,
3046 1871 3102 1919 et
3142 1865 3410 1920 derelicto

100 1967 317 2022 quoque
347 1953 512 2011 Deum
549 1957 677 2012 dicit
703 1959 894 2015 ducem
920 1963 1156 2016 omnium
1180 1978 1208 2016 a
1241 1963 1352 2018 Deo
1382 1965 1612 2030 factum;
1646 1975 1701 2022 et

102 2043 222 2110 alia,
263 2045 430 2100 Deum
476 2047 568 2102 Dei
609 2047 778 2104 filium
809 2065 930 2106 esse
979 2053 1330 2119 noscendum,
1370 2073 1389 2106 ι
1422 2055 1560 2112 sicut
1608 2073 1692 2124 ea,

98 2151 213 2206 quae
245 2136 297 2190 in
331 2137 484 2193 libris
523 2141 697 2210 posui,
747 2145 991 2214 exempla
1043 2146 1338 2201 declarant.
1377 2149 1528 2205 lIunc
1571 2167 1698 2219 pro-

101 2228 273 2299 pheta:
320 2231 504 2287 divino
547 2234 740 2303 spiritu
793 2237 934 2306 pleni
964 2239 1420 2308 praedicaverunt;
1466 2258 1692 2312 quorum

96 2323 364 2394 pmcipue
384 2325 636 2383 Salomon
665 2329 718 2384 in
739 2330 876 2386 libro
896 2331 1205 2402 Sapientia,
1229 2335 1357 2390 item
1377 2345 1531 2405 pater
1549 2337 1688 2408 ejus,

95 2414 390 2471 coalestium
440 2419 672 2488 scriptor
705 2420 1050 2492 hymnorum,
1092 2424 1253 2480 ambo
1292 2426 1577 2483 clarissimi
1607 2444 1696 2484 re-

95 2521 202 2574 ges,
244 2509 336 2579 qui
366 2509 584 2581 Trojani
627 2514 754 2570 belli
807 2526 1048 2588 tempora
1095 2535 1280 2575 crxxx
1323 2522 1480 2576 annis
1534 2529 1689 2579 ante-

94 2610 388 2670 cesserunt,
425 2603 566 2658 hunc
588 2620 653 2659 ex
688 2606 800 2662 Deo
828 2618 1012 2664 natum
1045 2626 1167 2666 esse
1205 2621 1490 2668 testantur.
1519 2613 1690 2684 Hujus

95 2705 282 2748 nomen
329 2695 464 2750 nulli
515 2712 636 2754 esse
678 2708 890 2767 notum,
948 2703 1050 2758 nisi
1092 2705 1192 2774 ipsi
1235 2715 1290 2760 et
1334 2706 1500 2773 Patri,
1552 2707 1690 2762 sicut

92 2783 241 2839 docet
265 2785 504 2844 Joannes
541 2790 594 2845 in
647 2790 1023 2850 Revelatione.
1048 2795 1274 2852 Hermes
1302 2798 1378 2853 ait
1400 2813 1507 2854 non
1532 2813 1688 2868 posse

93 2895 276 2937 nomen
307 2883 428 2953 ejus
461 2887 678 2942 mortali
709 2903 804 2945 ore
833 2890 1084 2960 proferri.
1131 2893 1213 2948 Ab
1260 2889 1570 2950 hominibus
1601 2905 1684 2950 ta-

96 2988 209 3028 men
240 2974 456 3034 duobus
491 2981 768 3037 vocabulis
797 2994 1166 3054 nuncupatur,
1199 2987 1374 3053 Jesus,
1417 2991 1557 3060 quod
1602 3000 1685 3047 est

92 3067 352 3137 Salvator,
387 3082 442 3128 et
470 3074 750 3142 Christus,
783 3078 926 3146 quod
955 3089 1040 3134 est
1079 3080 1215 3136 Rex.
1266 3081 1511 3140 Salvator
1537 3085 1678 3152 ideo,

89 3163 201 3230 quia
227 3173 310 3218 est
353 3166 564 3220 sanatio
603 3177 658 3222 et
703 3168 848 3224 salus
871 3172 1108 3226 omnium
1142 3173 1249 3243 'qui
1282 3189 1376 3243 per
1405 3191 1528 3232 eum
1559 3192 1679 3233 cre-

1803 1957 1980 2028 palrio
2009 1955 2190 2020 cultu,
2225 1955 2571 2011 insensilibus
2615 1956 2922 2012 simulacris
2966 1956 3403 2012 immolaverunt.

1801 2052 2095 2120 Propterea
2125 2049 2266 2104 Deus
2297 2050 2591 2119 prophetas
2610 2050 2677 2105 ad
2703 2065 2800 2106 eos
2820 2051 2966 2106 misit
2993 2051 3178 2106 divino
3201 2051 3403 2122 Spiritu

1797 2143 2150 2214 adimpletos,
2181 2143 2272 2212 qui
2303 2143 2412 2197 illis
2442 2153 2661 2212 peccata
2689 2145 3118 2213 exprobrarent,
3150 2153 3206 2200 et
3233 2146 3407 2214 pani-

1798 2235 2021 2292 tentiam
2040 2234 2362 2296 indicerent.
2383 2235 2474 2305 qui
2502 2244 2808 2290 secuturam
2838 2237 3098 2291 ultionem
3123 2238 3400 2293 minaren-

1795 2333 1906 2393 tur,
1953 2341 2018 2381 ac
2062 2325 2443 2382 denuntiarent
2473 2325 2747 2392 futurum,
2778 2327 2825 2382 si
2872 2327 2926 2381 in
2968 2327 3159 2383 iisdem
3190 2329 3402 2384 delictis

1795 2426 2254 2488 perseverassent,
2280 2426 2337 2471 ut
2359 2417 2522 2471 alium
2545 2417 2784 2472 mitteret
2809 2432 2964 2473 novae
2986 2417 3122 2489 legis
3146 2420 3394 2487 latorem,

1793 2519 1850 2566 et
1873 2511 2084 2581 ingrato
2115 2509 2314 2580 populo
2341 2509 2410 2563 ab
2435 2508 2752 2564 haereditate
2780 2518 3075 2578 summoto,
3099 2511 3260 2565 aliam
3293 2511 3396 2566 sibi

1791 2605 2006 2677 plebem
2039 2605 2339 2660 ﬁdeliorem
2384 2605 2452 2661 de
2481 2605 2689 2660 exteris
2733 2605 2984 2676 gentibus
3011 2617 3386 2676 congregaret.

1791 2701 1873 2758 Illi
1904 2709 2081 2756 autem
2108 2716 2216 2756 non
2244 2700 2406 2756 modo
2432 2709 2871 2771 perseverarunt,
2895 2714 3082 2755 verum
3108 2700 3272 2754 etiam
3299 2714 3395 2755 eos

1789 2792 1960 2864 ipsos,
1991 2792 2080 2862 qui
2110 2791 2481 2855 mittebantur,
2513 2790 2919 2847 interfecerunt.
2949 2791 3135 2861 Itaque
3164 2790 3391 2846 damna-

1789 2889 1870 2944 vit
1899 2903 1995 2942 eos
2019 2887 2090 2942 ob
2114 2885 2234 2942 haec
2262 2885 2522 2951 facinora,
2549 2900 2651 2940 nec
2674 2885 2873 2956 adjecit
2895 2885 3123 2941 ulterius
3152 2883 3390 2956 prophe-

1787 2992 1870 3040 tas
1889 2984 2102 3038 mittere
2123 2981 2189 3036 ad
2212 2982 2468 3052 populum
2485 2987 2884 3046 contumacem;
2899 2979 2993 3035 sed
3015 2979 3210 3034 Filium
3234 2993 3388 3032 suum

1785 3079 1951 3142 misit,
1975 3084 2031 3131 ut
2049 3085 2237 3146 gentes
2258 3076 2538 3130 universas
2563 3072 2629 3128 ad
2651 3076 2879 3143 gratiam
2909 3071 3007 3127 Dei
3037 3079 3384 3126 convocaret.

1784 3170 1894 3227 Nec
1919 3170 2039 3224 illos
2066 3177 2277 3234 tamen,
2310 3168 2438 3223 licet
2471 3167 2666 3236 impios
2694 3175 2750 3220 et
2774 3167 3044 3236 ingratos,
3077 3164 3147 3219 ab
3173 3179 3271 3235 spe
3301 3177 3388 3218 sa-

88 3251 210 3306 dIInt
240 3254 290 3306 in
323 3254 534 3322 Deum;
564 3256 812 3314 Christus
853 3261 994 3328 ideo,
1026 3266 1149 3333 quia
1189 3266 1301 3334 ipse
1344 3266 1413 3321 de
1453 3269 1592 3324 (δαειο
1620 3270 1674 3324 in
1701 3250 1746 3313 C
1780 3263 1908 3318 Iutis
1939 3261 2169 3316 exclusit
2195 3278 2208 3313 :
2240 3259 2337 3315 sed
2367 3259 2435 3313 ad
2467 3259 2616 3328 ipsos
2643 3257 2981 3327 potissimum
3013 3256 3194 3320 misit,
3238 3263 3296 3310 ut
3341 3255 3388 3310 si

86 3346 254 3400 saeculi
295 3346 457 3416 hujus
484 3355 945 3410 consummatione
966 3367 1223 3413 venturus
1248 3368 1353 3424 est,
1386 3370 1446 3414 ut
1469 3362 1676 3430 judicet

87 3438 355 3504 mundum,
388 3449 462 3507 et,
493 3447 890 3504 resurrectione
909 3457 1239 3506 mortuorum
1264 3451 1424 3520 facta,
1450 3469 1669 3525 regnum

85 3531 172 3586 sibi
201 3533 498 3592 constituat
519 3546 803 3598 aeternum.

647 3652 871 3712 CAPUT
910 3657 1094 3712 XLIII.

344 3761 479 3825 (Div.
505 3764 626 3814 Inst.
655 3766 738 3816 lib.
764 3782 800 3830 ι,
827 3781 871 3816 c.
897 3771 954 3827 8;
975 3784 1042 3830 tv,
1067 3785 1108 3820 c.
1137 3771 1196 3823 10
1223 3778 1275 3822 ct
1298 3773 1398 3835 li.)

210 3865 286 3920 De
309 3866 441 3922 Iesu
469 3868 659 3925 Christi
686 3873 910 3939 nomine,
932 3885 978 3928 et
1008 3877 1200 3946 duplici
1233 3879 1520 3935 nativitate.

150 3976 250 4033 Sed
275 3994 344 4034 ne
375 3995 482 4050 qua
524 3981 664 4038 forte
692 3984 762 4037 sit
788 3985 928 4054 apud
960 3995 1011 4040 te
1039 3986 1307 4045 haesitatio
1329 4034 1344 4058 ,
1376 4008 1474 4048 cur
1500 4009 1622 4048 eum
1650 4037 1663 4058 ,

79 4068 158 4136 qui
187 4079 308 4126 ante
337 4072 594 4127 mundum
623 4089 685 4128 ex
720 4076 829 4130 Deo
857 4087 1012 4132 natus
1040 4080 1144 4147 sit,
1173 4081 1356 4137 Jesum
1386 4084 1661 4142 Christum

79 4161 428 4232 appellemus,
458 4169 549 4236 qui
597 4175 719 4223 ante
745 4183 918 4225 annos
956 4185 1070 4226 ccc.
1124 4183 1282 4230 natus
1328 4192 1393 4232 ex
1442 4178 1658 4236 homine

1781 3354 1920 3409 forte
1946 3353 2276 3423 paruissent,
2310 3366 2416 3405 non
2447 3350 2759 3405 amitterent
2786 3347 2929 3419 quod
2958 3358 3314 3417 acceperant;
3339 3349 3386 3402 si

1776 3454 1956 3501 autem
1991 3445 2157 3500 Deum
2183 3459 2340 3500 suum
2367 3458 2472 3498 non
2501 3441 2901 3512 suscepissent,
2935 3451 3044 3496 tum
3077 3439 3386 3494 haeredihus

1775 3539 2069 3604 abdicatis,
2101 3547 2296 3610 gentes
2320 3539 2373 3592 in
2403 3537 2751 3618 adaptipnem
2780 3537 3049 3592 venirent.
3081 3534 3254 3590 Jussit
3283 3535 3384 3604 igi-

1777 3638 1862 3685 tur
1889 3645 2013 3686 eum
2044 3645 2286 3685 summus
2309 3629 2467 3684 Pater
2492 3629 2827 3684 descendere
2857 3629 2911 3682 in
2945 3636 3144 3682 terram
3176 3635 3232 3682 et
3279 3626 3384 3679 hu-

1775 3738 1991 3779 manum
2019 3737 2217 3793 corpus
2242 3722 2490 3786 induere,
2517 3729 2575 3776 ut
2595 3721 2872 3790 subjectus
2899 3717 3241 3788 passionibus
3263 3733 3384 3772 car-

1773 3816 1893 3882 nis,
1926 3816 2180 3870 virtutem
2223 3828 2286 3868 ac
2326 3813 2642 3884 patientiam
2676 3827 2781 3865 non
2826 3811 3003 3865 solum
3034 3809 3216 3864 verbis
3239 3853 3253 3876 ,
3283 3810 3378 3865 sed

1771 3911 1935 3966 etiam
1964 3907 2120 3964 factis
2141 3909 2379 3964 doceret.
2413 3907 2651 3962 Renatus
2675 3913 2760 3960 est
2784 3918 2913 3973 ergo
2937 3909 3004 3958 ex
3029 3901 3236 3972 virgine
3262 3903 3379 3957 sine

1769 4013 1922 4074 patre
1950 4012 2202 4073 tanquam
2233 4001 2431 4066 homo;
2490 4009 2548 4054 ut
2590 3997 3046 4069 quemadmodum
3094 3997 3144 4050 in
3193 3997 3371 4066 prima
3469 4006 3476 4013 '

1768 4095 2050 4149 nativitate
2080 4092 2349 4162 spirituali
2380 4099 2594 4147 creatus
2624 4105 2691 4145 ex
2719 4089 2837 4143 solo
2868 4089 2981 4144 Deo
3003 4097 3229 4142 sanctus
3255 4086 3377 4156 Spi-

1765 4186 1901 4240 ritus
1933 4185 2104 4240 factus
2129 4193 2232 4251 est,
2260 4183 2416 4240 sicin
2444 4182 2679 4241 secunda
2710 4180 2914 4236 carnali
2957 4195 3024 4236 ex
3051 4179 3167 4236 sola
3201 4190 3376 4235 matre

1418 4315 1783 4378 VARIORUM
1808 4321 2038 4377 NOTIE.

138 4433 335 4517 _D.e__suis
369 4442 659 4517 _s_piritibus.
697 4444 838 4517 Lege
873 4445 948 4500 De
982 4463 1074 4502 suo
1103 4447 1305 4517 spiritu.
1334 4478 1406 4491 ——
1427 4448 1506 4504 De
1540 4454 1646 4507 suis

1828 4455 2073 4510 Breviter.
2106 4458 2164 4512 In
2191 4471 2292 4512 ms.
2323 4456 2555 4514 brebiter.

73 4505 333 4589 spiritibus.
362 4505 712 4589 Iletunanuus
743 4505 945 4589 :‘Legc,
992 4505 1185 4588 inquit,
1219 4521 1281 4573 de
1308 4537 1400 4574 suo
1437 4505 1644 4589 spiritu;
1672 4529 1726 4589 Ι)

77 4579 134 4658 Alt.
157 4580 289 4658 nihil
321 4583 410 4658 hic
451 4587 786 4658 mutandum,
819 4579 893 4642 uti
923 4579 1282 4658 patet'ex'lib.
1314 4608 1386 4656 tv,
1419 4579 1475 4653 εί
1503 4592 1536 4647 8
1563 4613 1576 4647 :
1601 4605 1649 4647 et

75 4648 189 4727 alios
212 4653 423 4732 spiritus
439 4672 558 4732 s_uos
581 4657 632 4710 in
657 4648 866 4726 angelos
890 4648 1146 4732 ﬁguravit.
1163 4648 1396 4732 Spiritus
1419 4648 1505 4718 hic
1527 4674 1653 4718 sunt

77 4723 412 4782 Spit-alioues.
447 4725 578 4780 BUN.

135 4785 196 4870 {n
217 4799 624 4870 sensiunjnittat.
652 4798 914 4853 Heuman.
949 4800 1075 4870 legit
1100 4819 1306 4856 sensum
1331 4803 1592 4858 immittat.

99 4927 108 4936 _
139 4858 196 4939 In
218 4862 392 4942 libris:
413 4867 630 4942 Scilicet
654 4870 786 4923 Inst.
817 4871 905 4924 lib.
940 4858 1154 4942 Ivfcap.
1189 4877 1240 4926 ti.
1275 4873 1417 4939 Mox,
1453 4884 1510 4929 ut
1535 4879 1647 4930 cla-

73 4935 299 5011 rissimus
323 4935 541 4990 Pfafiius
585 4940 699 5008 ipse
747 4942 797 4993 iu
841 4943 1044 5010 aliquot
1086 4935 1215 4998 locis
1263 4935 1414 4998 novae
1449 4956 1649 5001 nostrae

73 4997 321 5134 :ﬁl'litmlgs
349 4997 616 5076 C(Il-I‘eXll;
637 5011 713 5064 sic
741 5022 794 5065 et
839 4997 1004 5068 hic'in
1036 4997 1428 5070 ιιιεζδηιδιηόη
1450 4997 1645 5072 ’,ἠὼ-δὲέίί

158 5087 205 5125 0.
293 5093 381 5134 UN.

108 5085 205 5125 uto.
249 5085 381 5134 liUN.

135 5140 500 5228 fracipue._lu
532 5167 629 5205 ms.
667 5155 957 5225 principum.

133 5213 376 5286 Scriptor.
415 5221 468 5275 lu
501 5238 602 5275 ms.
633 5213 869 5280 scribto}.

134 5283 527 5369 antecesserunt.
564 5292 782 5348 Mullum
814 5297 898 5350 hic
939 5307 1084 5350 errat
1114 5296 1440 5353 Laclantius.
1478 5299 1644 5354 David

73 5357 121 5440 εἰ
144 5355 386 5440 Salgtnqn
415 5365 682 5428 vixerunt,
713 5382 815 5440 non
843 5377 986 5432 ante,
1020 5370 1111 5422 sed
1144 5380 1258 5434 post
1279 5370 1494 5439 ‘I‘rnjam
1519 5386 1646 5440 cap-

1828 4597 2069 4654 Homine.
2107 4599 2202 4654 Hic
2229 4600 2499 4655 recentior
2543 4611 2733 4652 manus
2762 4598 2816 4653 in
2859 4610 2961 4652 ms.
3010 4611 3111 4667 pro
3158 4598 3364 4654 homine

1754 4671 1936 4741 posuit
1961 4672 2172 4741 virgine.

1828 4739 2234 4795 Success‘ionem.
2267 4740 2323 4794 In
2356 4755 2458 4794 ms.
2492 4739 2853 4794 successiones.

1829 4811 1950 4881 Qui.
1985 4812 2041 4865 In
2072 4827 2172 4865 ms.
2201 4819 2348 4865 extat
2379 4813 2450 4865 hii
2480 4812 2587 4881 qui.

1825 4879 2013 4936 Iidem.
2044 4881 2101 4934 In
2137 4897 2236 4936 ms.
2279 4883 2435 4936 idem.

1825 4952 1851 5005 1
1863 4953 2185 5007 nsensilibus.
2210 4952 2394 5008 Manus
2415 4953 2685 5019 recentior
2705 4955 2942 5008 correxit
2963 4955 3356 5011 insensibilibus.

1752 5021 1950 5097 Verum
1979 5024 2117 5092 apud
2150 5024 2578 5097 Lucretiumlib.
2613 5040 2668 5088 ιι,
2699 5025 2852 5097 cujus
2887 5026 3117 5081 lectione
3158 5029 3356 5097 gaude-

1689 5162 1692 5163 ν
1750 5093 1842 5148 bat
1874 5095 2214 5158 Lactantius,
2246 5094 2440 5160 legitur
2469 5095 2551 5148 bis
2577 5096 2923 5150 insensilibus.

1821 5164 2031 5218 Iisdem.
2072 5165 2130 5218 In
2159 5180 2258 5219 ms.
2291 5167 2486 5235 legitur
2515 5167 2694 5220 isdem.

1821 5235 1888 5308 ljt
1919 5237 2136 5308 ingrato.
2172 5235 2228 5290 In
2259 5252 2360 5290 ms.
2394 5237 2588 5306 legitur
2609 5249 2665 5308 ut
2695 5240 2914 5308 ingrato.

1819 5305 2007 5360 Deum.
2053 5307 2252 5381 In_ms_.
2296 5305 2624 5378 l)m.,’quod
2666 5305 3004 5377 interpretari
3048 5320 3223 5381 potest
3263 5325 3356 5371 aut

1750 5373 1940 5442 Deum,
1973 5389 2065 5432 aut
2096 5379 2391 5431 Dominum.

1747 5472 1778 5514 ι,
1817 5447 2028 5503 Creatus
2057 5466 2119 5502 ea:
2145 5450 2254 5502 solo
2287 5449 2430 5515 Deo,
2471 5457 2693 5503 sanctus.
2731 5449 2826 5503 Ms.
2863 5469 2873 5503 :
2906 5451 3117 5506 Creatus
3164 5466 3236 5508 est
3286 5475 3350 5511 ar.

1744 5519 1852 5590 s_an
1888 5518 1994 5572 Deo
2019 5531 2246 5573 sanctus.
2274 5520 2417 5590 Lego
2445 5535 2565 5574 cum
2594 5521 2805 5575 Davisio
2835 5539 2850 5576 :
2885 5535 3084 5576 creatus
3129 5543 3190 5578 (ut
3238 5531 3349 5583 solo

1745 5587 1878 5653 Deo,
1906 5600 2112 5643 sanctus
2139 5587 2373 5659 Spiritus
2397 5595 2566 5660 factus
2594 5601 2688 5644 est.

1819 5660 2039 5715 Sanctus
2067 5662 2291 5728 Spiritus
2315 5664 2479 5726 [actus
2503 5671 2593 5714 est.
2623 5662 2862 5729 Explicat
2887 5661 3106 5718 Naffius
3133 5667 3182 5720 in
3221 5669 3338 5722 Dis-

1743 5739 1875 5808 sert.
1912 5733 2161 5808 ρι’ξιξιίιιιδ2
2193 5732 2220 5802 §
2250 5732 2320 5786 27
2351 5743 2404 5786 et
2433 5732 2712 5808 28.‘Ad1lo
2754 5744 2807 5785 et
2847 5735 3056 5801 explico
3103 5755 3167 5792 ex
3227 5742 3344 5808 ipso

1745 5795 2066 5877 Lactantio,
2109 5795 2217 5856 Ill):
2250 5811 2322 5867 tv,
2366 5815 2482 5871 cap.
2515 5803 2547 5855 0
2580 5821 2592 5855 :
2625 5801 2857 5877 _Deus....
2906 5795 3174 5877 antequam
3205 5795 3336 5877 opus

1741 5869 1922 5923 mundi
1953 5871 2227 5940 ordiretur,
2259 5869 2523 5934 sanctum.
2554 5879 2601 5927 et
2627 5869 3062 5940 inrm'rnptibifrm
3088 5909 3100 5943 ,
3131 5885 3177 5932 ει
3209 5869 3336 5933 5m;

69 5427 384 5508 Ei_ln:_Troja
431 5445 586 5508 capta
631 5427 714 5490 est
760 5439 896 5494 i209
959 5427 1082 5492 ante
1129 5427 1403 5508 vulgareui
1442 5427 1639 5494 arrani:

72 5488 218 5572 Payid
258 5488 640 5571 regnum'iuiit
681 5488 1642 5572 anno

70 5559 505 5630 Salomnnvannos
533 5559 745 5631 tanturn
772 5559 926 5633 IOfti.

132 5634 274 5720 {Vulli
301 5659 422 5720 esse.
460 5647 803 5702 Heumannus
831 5651 956 5720 legit
984 5651 1113 5704 nulli
1139 5664 1232 5706 est.

127 5709 288 5787 apud.
321 5714 372 5768 lu
398 5731 499 5770 ms.
529 5729 674 5785 aput.

125 5778 385 5842 Christum.
415 5778 572 5842 Deesi
600 5789 651 5842 iu
681 5801 784 5842 ms.

125 5840 540 5915 App-eumtanti
559 5840 690 5914 his
703 5840 1046 5926 manu»
