3816 6264
189 393 330 451 1033

1166 390 1468 451 ΕΡΙΤΟΜΕ
1510 387 1890 449 υιγιΝΑπυΜ
1929 388 2479 452 INSTI'I'UTIONUM.

3338 397 3480 455 1054

185 511 317 568 bant
336 518 514 569 autem
544 523 644 584 pro
664 508 889 571 crimine
916 508 970 567 id
999 508 1200 585 ipsum,
1227 508 1371 589 quod
1401 522 1461 577 se
1488 508 1583 575 Dei
1615 506 1785 577 illium
1818 509 1871 571 Α
1899 507 2185 563 striderunt
2231 525 2383 581 super
2429 525 2510 573 me
2556 509 2793 579 dantibus
2848 509 2970 579 suis.
2994 510 3140 577 idem
3180 510 3250 568 de
3283 512 3403 569 cibo
3428 523 3482 570 et

180 605 405 674 diceret,
431 613 486 664 et
510 605 653 678 quod
684 605 855 678 legem
885 605 1159 679 solveret,
1183 603 1425 671 curando
1453 601 1700 665 homines
1723 601 1778 668 in

183 697 443 766 Sabbato,
472 712 631 771 quam
658 696 753 763 ille
776 711 839 763 se
865 711 972 764 non
994 698 1230 768 solvere,
1263 695 1359 763 sed
1385 694 1610 771 implere
1633 694 1779 757 dice-

178 793 290 852 bat.
320 792 561 866 Cumque
584 791 806 853 Pontius
828 791 1052 861 Pilatus.
1104 791 1194 863 qui
1223 800 1332 846 tum
1361 789 1567 861 legatus
1592 788 1645 847 in
1672 787 1777 861 Sy-

179 886 257 951 ria
279 884 579 957 judicabat,
626 884 959 957 perspiceret
1003 898 1221 943 causam
1269 883 1415 941 illam
1445 882 1511 938 ad
1540 881 1777 938 ofﬁcium

174 977 383 1039 romani
407 975 605 1048 judicis
656 990 764 1033 non
821 976 1115 1047 pertinere,
1162 974 1311 1041 misit
1338 980 1476 1031 eum'
1508 974 1573 1028 ad
1602 973 1776 1029 Hero-

179 1070 303 1128 dem
330 1069 702 1139 Ten-arebant,
733 1070 1084 1142 permisitque
1132 1062 1358 1136 ludatis,
1390 1078 1448 1123 ut
1497 1069 1598 1143 ipsi
1642 1067 1777 1143 legis

172 1180 289 1221 suae
316 1165 704 1236 disceptatores
730 1173 912 1225 essent
936 1164 1078 1236 :qui,
1102 1171 1321 1235 accepta
1347 1162 1567 1219 sceleris
1596 1171 1777 1241 potes-

175 1267 309 1327 tate,
336 1259 660 1321 addixerunt
685 1274 808 1323 eum
828 1260 998 1329 cruci,
1028 1257 1127 1321 sed
1157 1258 1307 1332 prius
1337 1256 1565 1330 ﬂagellis
1586 1265 1639 1325 et
1661 1256 1775 1328 pal-

171 1352 276 1411 mis
318 1353 767 1416 verberaverunt,
821 1352 988 1427 spinis
1024 1361 1375 1419 coroaarunt,
1404 1348 1595 1419 faciem
1644 1363 1774 1417 con-

173 1454 459 1517 spuerunt,
486 1444 540 1505 in
566 1444 743 1523 cibum
788 1453 843 1501 et
880 1452 1062 1516 potum
1088 1443 1354 1511 dederunt
1400 1443 1448 1509 ei
1476 1441 1544 1498 fel
1572 1450 1627 1498 et
1649 1457 1773 1512 act?-

169 1541 322 1600 tum;
353 1543 410 1592 et
435 1535 576 1592 inter
604 1534 721 1593 haec
751 1534 894 1597 nulla
945 1549 1049 1593 vox
1095 1536 1213 1607 ejus
1261 1534 1442 1601 audita
1483 1544 1588 1591 est.
1620 1534 1772 1605 Tunc

164 1624 455 1682 carniﬁces
484 1624 659 1683 sortiti
689 1624 759 1682 de
800 1626 977 1691 tunica
1003 1629 1121 1697 eius
1165 1635 1224 1683 et
1262 1626 1447 1705 pallio,
1476 1626 1771 1697 suspende.

1887 608 2041 672 potu,
2070 599 2285 661 Psalmo
2305 616 2469 667 uvnt
2493 620 2507 659 :
2532 600 2602 658 Et
2628 604 2881 671 dederunt
2920 603 2977 667 in
3002 619 3167 671 escam
3196 622 3362 665 meam
3384 610 3478 680 fel,

1882 695 2005 748 etin
2030 693 2115 748 siti
2145 711 2257 757 mea
2285 706 2461 766 potum
2511 696 2639 757 mihi
2684 697 2933 761 dederunt
2980 706 3207 755 acetum.
3252 698 3383 755 Item
3412 700 3481 758 de

1882 799 2045 843 cruce
2073 785 2303 846 Christi:
2324 786 2389 845 Et
2414 787 2653 861 [oderunt
2688 805 2873 845 manus
2902 805 3040 849 meas
3065 797 3112 846 et
3132 789 3288 865 pedes
3316 806 3476 853 meos.

1881 876 2331 941 dinunteraverunt
2358 880 2531 937 omnia
2571 896 2687 945 ossa
2736 897 2847 935 mea
2874 881 3018 955 :ipsi
3052 890 3223 945 autem
3251 890 3479 949 pontem-

1878 968 2482 1045 platisunt,etuiderunt
2534 989 2613 1028 me
2627 986 2649 1040 ς
2687 973 2968 1033 diuiserunt
3016 974 3317 1033 vestimenta
3364 992 3475 1041 mea

1878 1063 1997 1135 sibi,
2026 1075 2072 1131 et
2093 1082 2247 1143 super
2276 1077 2459 1125 uestem
2487 1084 2651 1129 meum
2676 1077 2864 1135 sortem
2890 1069 3158 1125 miserunt.
3187 1067 3400 1143 Moyses
3422 1068 3476 1135 in

1878 1158 2327 1223 Deuteronomio:
2357 1160 2425 1219 Et
2475 1162 2573 1218 erit
2624 1162 2852 1237 pendens
2898 1163 3001 1221 vita
3022 1171 3111 1221 tua
3152 1173 3273 1227 ante
3298 1150 3475 1225 oculos

1875 1259 2012 1325 tuos,
2035 1262 2087 1315 et
2119 1253 2315 1311 timebis
2345 1252 2429 1311 die
2467 1261 2513 1311 et
2552 1262 2720 1323 nocte.
2750 1264 2800 1319 .et
2842 1270 2945 1321 non
2998 1255 3173 1311 credes
3208 1255 3328 1313 uitae
3352 1263 3471 1319 tute.

1872 1342 2004 1413 Item
2034 1345 2086 1398 in
2114 1342 2362 1411 Numeris
2387 1363 2398 1397 :
2426 1343 2549 1400 Non
2571 1345 2717 1421 quasi
2744 1346 2895 1403 homo
2926 1342 3180 1413 Dominus
3202 1346 3478 1421 suspendi.

1872 1443 1978 1511 tur,
2005 1451 2164 1510 neque
2186 1438 2331 1507 quasi
2357 1437 2496 1507 ﬁlius
2525 1438 2745 1503 hominis
2766 1438 2932 1495 minas
2955 1439 3173 1511 patitur.
3209 1437 3342 1505 Item
3370 1437 3474 1494 Za-

1868 1529 2078 1594 charias
2102 1548 2115 1583 :
2147 1529 2213 1597 Et
2242 1530 2569 1599 intuebuntur
2597 1531 2650 1587 in
2674 1547 2775 1600 me,
2808 1547 2955 1602 quem
2984 1531 3373 1602 ιναηεβφεηιηι.

1940 1623 2018 1691 De
2038 1624 2170 1695 solis
2193 1624 2570 1691 obscuratione
2611 1625 2778 1695 Amos
2824 1628 2896 1692 ita
2937 1625 3102 1687 dicit:
3136 1625 3202 1691 In
3242 1627 3336 1691 illo
3366 1627 3470 1696 die,

164 1727 299 1775 runt
327 1734 449 1775 eum
477 1719 714 1790 patibqu
764 1727 927 1793 atque
968 1718 1283 1790 alllxeruut,
1330 1735 1453 1783 cum
1504 1719 1769 1793 postridie
1868 1715 1994 1787 dicit
2022 1712 2297 1795 Dominus,
2328 1717 2521 1777 occidet
2570 1715 2650 1785 lsol
2698 1716 2945 1787 meridie,
2974 1727 3023 1783 et
3062 1712 3473 1785 obtenebrabitur

163 1808 399 1879 Pascha,
433 1808 485 1867 id
512 1820 616 1880 est,
641 1810 835 1871 festum
866 1812 1007 1873 diem
1035 1828 1189 1881 suum
1213 1812 1537 1872 celebraturi
1559 1822 1760 1875 essent.
1874 1808 1981 1881 dies
2007 1809 2135 1877 lucis
2162 1826 2177 1878 ;
2224 1819 2272 1881 et
2298 1821 2584 1879 convertant
2615 1811 2722 1879 dies
2744 1816 2903 1891 festos
2932 1822 3124 1879 vestros
3170 1814 3223 1869 in
3254 1814 3469 1883 luctum,

160 1897 321 1968 Quod
349 1900 553 1965 facinus
609 1902 851 1975 prodigia
903 1913 1089 1965 secuta
1124 1914 1269 1972 sunt,
1304 1914 1361 1963 ut
1405 1906 1768 1978 intelligerent
1798 1904 1846 1966 B
1875 1910 1923 1956 et
1950 1902 2150 1956 cantica
2179 1912 2344 1957 vestra
2369 1904 2423 1961 in
2469 1902 2895 1971 lamentationem.
2931 1903 3064 1969 112m
3105 1904 3366 1963 Jeremias
3402 1905 3472 1975 de

163 1990 319 2051 nefas
363 1993 505 2063 quod
551 1992 896 2059 admiserant.
938 1995 1141 2055 Eodem
1190 2011 1419 2067 namque
1462 2009 1761 2067 momento,
1868 1992 2085 2059 civitate
2106 1992 2477 2067 Hierosolyma
2505 1995 2555 2061 in
2579 2010 2683 2066 qua
2714 2008 2906 2066 passus
2931 2005 3053 2053 est:
3088 1994 3156 2053 Et
3183 1996 3365 2053 subivit
3393 1998 3472 2052 sol

159 2087 290 2156 quo;
314 2083 559 2154 spiritum
614 2086 825 2161 posuit,
874 2096 928 2151 et
975 2099 1132 2147 terra:
1182 2098 1357 2144 motus
1410 2104 1664 2163 magnus,
1710 2100 1765 2148 et
1870 2085 1940 2152 ei,
1972 2101 2089 2147 cum
2128 2085 2301 2140 adhuc
2330 2087 2438 2143 dies
2468 2086 2665 2145 medius
2710 2098 2861 2156 esset,
2893 2088 3106 2157 can/usa
3133 2100 3206 2149 est
3234 2098 3281 2145 et
3308 2091 3469 2147 mole-

162 2178 458 2252 dcliquium
504 2179 634 2243 solis
686 2180 824 2257 fuit,
884 2190 941 2238 ut
990 2180 1042 2245 in
1093 2190 1305 2239 noctem
1346 2182 1463 2239 dies
1511 2193 1762 2247 vertere-
1862 2175 2021 2247 dicta,
2048 2177 2271 2261 reliqups
2293 2193 2467 2232 eorum
2488 2180 2540 2233 in
2559 2179 2959 2250 gladiumdabo.
2986 2179 3097 2237 Nec
3129 2180 3324 2245 frustra
3354 2182 3471 2247 haec

164 2285 266 2330 IIII'.

734 2436 963 2499 CAPUT
1002 2438 1184 2505 XLVI.

621 2595 753 2661 (Div.
771 2596 889 2648 Inst.
916 2595 1003 2647 lib.
1020 2610 1086 2665 ιν,
1114 2608 1158 2647 c.
1186 2554 1311 2663 18.)»

162 2724 422 2784 Probatur
467 2742 531 2784 ea:
554 2727 818 2800 prophetis
858 2727 1145 2801 passionem
1185 2743 1247 2787 ac
1298 2733 1510 2783 mortem
1567 2723 1758 2793 Christi

658 2842 1051 2911 prmuntiatam
1072 2843 1247 2914 fuisse.

221 3010 355 3079 Quae
383 3011 565 3069 omnia
590 3011 869 3082 prophetat
892 3011 974 3069 sic
999 3010 1174 3069 futura
1218 3026 1341 3075 esse
1367 3010 1750 3083 praedixerant.

158 3102 344 3159 Esaias
362 3103 433 3158 ita
451 3103 611 3160 dicit:
632 3102 756 3161 Non
776 3120 889 3160 sum
909 3102 1207 3172 contumax,
1236 3120 1400 3176 neque
1418 3104 1717 3167 contradici)
1731 3119 1752 3161 :

158 3197 365 3251 dorsum
393 3212 559 3251 meum
588 3198 738 3267 posui
783 3197 853 3253 ad
894 3197 1125 3268 ﬂagella,
1158 3206 1205 3251 et
1227 3196 1468 3253 maxillas
1510 3212 1649 3252 meas
1674 3196 1744 3255 ad

155 3290 391 3360 palmas;
414 3291 596 3361 facient
625 3299 794 3346 autem
819 3306 983 3346 meum
1003 3307 1106 3349 non
1128 3290 1286 3347 averti
1312 3307 1343 3344 a
1370 3290 1599 3359 [rediture
1625 3305 1747 3359 spu-

150 3389 334 3436 torum.
371 3379 519 3436 Idem
568 3380 636 3437 de
675 3380 924 3437 silentio:
946 3379 1092 3436 Sicut
1120 3380 1226 3437 ouis
1269 3380 1338 3434 ad
1371 3379 1743 3445 immolandum

149 3473 402 3527 adductus
425 3488 560 3537 sum,
587 3482 633 3531 et
684 3472 814 3527 sicut
865 3488 1029 3542 agnus
1070 3488 1243 3527 coram
1276 3470 1603 3541 tendentibus
1633 3473 1742 3526 sine

152 3579 286 3633 uoce,
308 3564 387 3619 sic
413 3580 515 3619 non
541 3565 745 3636 aperuit
791 3580 848 3623 os
872 3580 1041 3620 suum.
1071 3562 1203 3623 Item
1250 3562 1413 3620 David
1442 3564 1495 3618 in
1524 3563 1740 3619 Psalnto

149 3673 305 3712 xutv
324 3675 340 3714 :
360 3655 680 3729 Congregata
707 3666 823 3719 sunt
847 3658 901 3713 in
923 3674 1003 3713 me
1023 3657 1254 3729 ﬂagella,
1270 3666 1319 3712 et
1334 3658 1700 3728 ignoraverunt
1718 3672 1739 3713 :

152 3748 388 3806 dissoluti
412 3758 549 3817 sunt,
571 3766 663 3809 nec
686 3751 977 3823 coutpuncti
1030 3758 1183 3819 sunt;
1212 3758 1533 3815 tentaverunt
1556 3765 1654 3820 me,
1686 3758 1736 3808 et

1867 2268 2185 2338 dicta‘sunt.
2242 2267 2516 2345 Siquidem
2551 2279 2673 2341 post
2713 2271 2877 2330 breve
2926 2282 3138 2353 tempus
3178 2273 3471 2344 imperator

1867 2358 2231 2432 Vespasianus
2255 2359 2474 2417 Judaeos
2503 2360 2811 2432 debellavit,
2839 2375 2893 2419 et
2915 2373 3087 2421 terras
3113 2380 3299 2427 eorum
3321 2366 3469 2429 [erro

1865 2451 2079 2523 ignique
2094 2451 2445 2529 depopulatus
2472 2463 2577 2520 est,
2624 2455 2875 2512 obsessos
2912 2456 3053 2513 fame
3078 2458 3310 2530 subegit,
3343 2459 3468 2517 Hie-

1859 2544 2186 2616 rosolymam
2220 2545 2430 2610 evertit,
2462 2546 2701 2616 captivos
2732 2547 3099 2618 triumphavit,
3118 2550 3351 2621 caeteris,
3372 2553 3465 2625 qui

1859 2633 2049 2705 reliqui
2077 2633 2315 2705 luerunt,
2348 2637 2505 2694 terris
2551 2638 2662 2693 suis
2688 2638 3016 2717 interdixit,
3060 2641 3346 2713 nequando
3399 2644 3464 2700 iis

1857 2723 1923 2778 ad
1952 2724 2124 2780 solum
2156 2727 2384 2797 patrium
2414 2729 2610 2784 reverti
2638 2728 2843 2786 liceret.
2882 2732 3012 2799 Quae
3039 2747 3068 2786 a
3101 2732 3214 2789 Deo
3246 2743 3463 2806 propter

1856 2817 2005 2874 illam
2037 2818 2236 2876 Christi
2263 2836 2477 2878 crucem
2509 2823 2641 2880 facta
2672 2834 2796 2883 sunt
2817 2867 2834 2895 ,
2868 2834 2927 2882 ut
2956 2825 3059 2885 boc
3086 2829 3140 2889 in
3168 2828 3461 2902 Scripturis
3492 2827 3500 2837 ”

1856 2925 2042 2967 eorum
2075 2911 2329 2981 Salomon
2357 2925 2482 2971 ante
2514 2923 2738 2985 testatus
2763 2916 2834 2972 sit
2869 2917 3054 2979 dicens
3085 2938 3099 2976 :
3128 2919 3198 2977 Et
3229 2923 3326 2981 erit
3375 2921 3461 2979 ls-
3546 2926 3555 2931 ”

1860 3005 1969 3071 rael
1999 3004 2051 3063 in
2081 3004 2438 3076 perditionem,
2462 3018 2511 3073 et
2557 3008 2611 3077 in
2653 3009 3020 3080 improperium
3046 3013 3266 3089 papula,
3291 3025 3338 3070 et
3366 3016 3459 3071 do-

1859 3113 1974 3157 mus
2002 3098 2111 3161 hiet;
2138 3100 2231 3169 erit
2256 3100 2473 3167 deserta,
2506 3109 2553 3156 et
2585 3104 2748 3158 omnis
2792 3104 2878 3177 qui
2916 3108 3132 3163 transiet
3172 3124 3264 3183 per
3289 3109 3453 3179 illaut,

1853 3191 2190 3255 admirabitur
2204 3203 2253 3267 et
2279 3196 2410 3250 dicet
2431 3195 2687 3269 :Propter
2709 3214 2862 3269 quam
2885 3216 2993 3257 rem
3019 3200 3157 3257 Deus
3170 3202 3290 3272 fecit
3307 3196 3455 3259 terrae

1852 3282 1969 3337 huic
1997 3293 2043 3339 et
2074 3284 2191 3340 huic
2219 3285 2394 3343 domui
2432 3288 2540 3345 hwc
2582 3289 2767 3344 mala?
2812 3299 2859 3355 et
2890 3290 3076 3359 dicent,
3111 3293 3230 3365 quia
3269 3294 3455 3351 dereli-

1850 3387 2067 3453 quertmt
2104 3377 2376 3447 Dominum
2408 3379 2569 3434 Deum
2614 3397 2781 3449 suum,
2835 3390 2881 3439 et
2922 3385 3171 3454 persecuti
3190 3398 3317 3445 sunt
3351 3386 3454 3447 [εει

1847 3486 1960 3540 gem
1988 3486 2135 3539 suum
2162 3469 2540 3541 dilectissimum
2568 3470 2699 3538 Deo,
2735 3481 2780 3527 et
2809 3474 3159 3531 cruciaverunt
3198 3476 3345 3530 illum
3396 3479 3449 3535 in

1848 3560 2137 3614 humilitate
2159 3578 2343 3631 magna
2370 3578 2389 3617 :
2414 3580 2510 3639 pro
2551 3564 2647 3629 hoc
2675 3564 2966 3635 intportauit
3009 3565 3115 3623 illis
3147 3564 3285 3629 Deus
3316 3569 3453 3631 mala

1849 3654 1975 3708 lucc.
2008 3652 2146 3721 Quid
2188 3654 2329 3707 enim
2359 3670 2464 3709 non
2494 3667 2849 3732 mererentur,
2882 3659 2972 3731 qui
3022 3658 3326 3726 Dominttm,
3360 3662 3447 3730 qui

1844 3748 1912 3804 ad
1932 3748 2159 3805 salutem
2188 3746 2427 3823 ipsorum
2450 3760 2689 3817 venerat,
2722 3761 3087 3823 peremerunt.

1467 3953 1830 4021 VARIORUM
1866 3957 2093 4019 NOTE.

142 4168 361 4299 clamage
379 4179 639 4245 coeperunt
665 4179 713 4228 et
739 4186 938 4228 crucem
966 4172 1077 4245 ejus
1101 4170 1332 4228 uiolentis
1350 4168 1555 4227 uocibus
1580 4167 1737 4244 ﬂagi-

162 4258 263 4299 are.
353 4259 442 4299 un.

162 4258 263 4300 ore.
305 4258 420 4300 BDN
429 4286 442 4299 .

210 4332 390 4401 Syria.
425 4332 482 4388 In
509 4346 611 4389 ms.
644 4332 877 4406 Syriam.

136 4426 448 4559 macteris.
484 4425 637 4485 Adde
663 4426 941 4500 puniendi;
985 4425 1039 4483 id
1061 4424 1204 4483 enim
1234 4425 1400 4498 exigit
1428 4424 1620 4483 Latina
1649 4425 1730 4485 Io-

225 4515 238 4554 l
281 4538 294 4555 .

204 4591 521 4647 Addixerunt
558 4594 715 4647 cruci.
759 4591 926 4663 Lego,
954 4591 1236 4716 astiterunt
1264 4605 1377 4644 eum
1397 4588 1555 4642 cruci.
1589 4583 1722 4644 Nam

204 4663 277 4716 ius
302 4664 411 4716 iam
434 4663 773 4716 addixeram.
800 4678 958 4716 uuam
1020 4661 1204 4716 aaellis
1225 4670 1271 4715 et
1292 4660 1474 4716 palmis
1494 4658 1722 4716 uerbera~

136 4663 277 4731 prius
298 4664 411 4734 jam
434 4663 773 4729 addixeram,
800 4658 958 4732 quam
983 4658 1204 4734 ﬂagellis
1225 4670 1271 4715 et
1290 4660 1479 4734 palmis
1494 4658 1728 4719 uerberav

136 4730 261 4791 rent.
287 4730 423 4789 Vide
452 4734 543 4789 lib.
578 4750 659 4802 tv,
692 4750 741 4790 c.
776 4730 858 4789 18.
1056 4730 1076 4734 Ὗ
1292 4730 1297 4731 “
1445 4730 1580 4785 ΒυΝ.

203 4804 356 4859 Eum.
386 4803 503 4861 Non
533 4815 684 4861 extat
713 4805 764 4859 in
792 4821 896 4860 ms.

211 4897 469 4971 Namque.
492 4898 550 4955 In
579 4914 682 4954 ms.
713 4914 834 4955 nam
854 4914 988 4972 quis.

220 4987 524 5047 Verteretur.
549 4990 606 5047 In
628 5004 729 5048 ms.
757 5000 993 5046 vertetur.

205 5083 331 5151 Quas
346 5082 620 5139 omnia.lta
639 5098 741 5138 ms.
770 5082 826 5139 In
847 5082 1082 5140 editione
1106 5096 1237 5139 vero
1257 5081 1553 5143 Parisiensi
1587 5083 1721 5155 legi-

137 5159 219 5209 tur
250 5155 376 5211 Htec
396 5156 588 5211 omnia.

208 5247 386 5305 Potui.
434 5249 590 5322 Deest
631 5249 684 5305 in
716 5265 843 5318 ms.,
875 5248 969 5307 sed
1009 5247 1364 5322 supplendum
1391 5260 1459 5306 ex
1487 5248 1722 5309 Instltut.

136 5316 224 5377 lib.
248 5335 322 5392 tv,
344 5336 463 5394 cap.
498 5321 584 5378 18.

204 5411 434 5471 Psalmo.
468 5413 629 5472 Deest
655 5414 709 5470 in
741 5429 841 5472 ms.

204 5505 392 5561 Minas.
410 5505 467 5562 In
482 5521 584 5563 ms.
599 5506 807 5563 Mlnans
822 5524 840 5563 :
854 5505 949 5563 sed
963 5507 1085 5564 vide
1097 5507 1188 5565 lib.
1214 5521 1269 5563 tv
1282 5506 1539 5577 lnstitut.,
1559 5521 1607 5565 c.
1633 5507 1720 5569 I8.

211 5594 508 5653 Zacharias.
537 5597 594 5654 In
621 5614 723 5656 ms.
748 5597 1081 5655 Zaccltarlas.

208 5685 661 5746 Lamentationem.
690 5691 747 5747 In
773 5706 876 5747 ms.
900 5692 1277 5749 lamentatione.

199 5776 464 5856 Ieremias.
494 5783 625 5852 Quae
671 5792 969 5856 sequuntur
1007 5783 1167 5840 aliter
1203 5783 1454 5856 leguntur
1499 5783 1641 5842 libro
1672 5802 1725 5844 tv

141 5844 308 5904 Divin.
339 5844 593 5922 Instittit.,
620 5844 859 5927 cap.'l9.

200 5939 440 6013 Confusa.
472 5934 920 6041 ln'tns."i'ontusa.
948 5946 1054 6021 Sed
1084 5948 1298 6020 confusa
1325 5947 1610 6020 legendum
1637 5958 1720 6009 est

1842 4175 1901 4227 ut
1921 4168 1959 4227 l.
1991 4181 2068 4238 tv,
2086 4183 2136 4226 c.
2160 4167 2251 4236 l9,
2279 4168 2457 4227 Divin.
2472 4168 2649 4226 lnstit.

1846 4258 2183 4389 δαιῗὲιέῗᾶεοπ.
2232 4258 2293 4315 In
2341 4274 2446 4316 ms.
2498 4258 2784 4337 Salomoni.
2839 4260 2911 4318 At
2940 4260 3288 4321 Heumannus
3313 4262 3444 4337 legit

1907 4420 2317 4496 improperiunt.
2328 4419 2417 4479 Sic
2450 4420 2678 4496 ms_,E_d.
2696 4422 2864 4496 Paris.
2894 4422 3055 4485 habet
3081 4425 3436 4496 opprobrium.

1844 4489 1965 4565 gid.
1996 4489 2107 4565 not.
2145 4491 2213 4549 ad
2264 4490 2356 4565 lib.
2411 4507 2463 4547 tv
2492 4492 2684 4565 _Divin.
2740 4494 3007 4565 Institut.,
3064 4489 3186 4565 cap.
3240 4497 3326 4553 I8.
3366 4527 3438 4538 —-

1834 4560 1903 4638 Et
1950 4564 2003 4616 in
2058 4563 2439 4638 improperiunt.
2489 4561 2933 4638 Manuscriptum,
2981 4560 3048 4618 Et
3094 4560 3148 4620 in
3189 4567 3437 4638 imprope-

1751 4635 1804 4697 D
1830 4636 1986 4700 riunt,
2008 4635 2150 4705 quod
2184 4634 2305 4688 licet
2358 4635 2534 4689 minus
2580 4636 2833 4705 elegans,
2867 4644 3070 4691 rectum
3128 4634 3326 4700 tamen,
3357 4634 3436 4694 'et

1832 4704 1961 4760 alibi
1978 4704 2039 4777 in
2070 4705 2318 4777 versione
2345 4706 2563 4777 antiqua
2608 4708 2883 4761 usitatum.
2925 4706 3180 4777 Cyprian.
3213 4707 3280 4762 ad
3328 4709 3434 4764 De-

1831 4776 2082 4860 ntetrian.
2106 4794 2120 4833 :
2142 4792 2199 4860 n.
2227 4774 2593 4860 “sinu,
2621 4794 2746 4860 quos
2774 4774 3051 4860 aliquatido
3081 4778 3349 4860 habuimus
3376 4781 3432 4834 in

1830 4844 2080 4922 derisum,
2110 4857 2157 4922 et
2195 4846 2581 4922 similitudinem
2623 4844 2939 4922 imprOperii.
2974 4848 3162 4913 lrenaei
3193 4848 3427 4922 luterpr.

1830 4932 1903 4987 tv,
1938 4932 1989 4974 c.
2017 4919 2105 4988 66,
2130 4917 2169 4973 f.
2202 4916 2336 4974 564:
2368 4912 2742 4992 Improperiuiu
2772 4912 2924 4991 passa
2949 4930 3043 4975 est.
3116 4990 3195 5048 Ba

1903 5082 2003 5154 Qui
2024 5084 2233 5154 transiet
2262 5099 2349 5152 per
2389 5081 2553 5139 illam.
2585 5082 2676 5140 Sic
2704 5098 2828 5149 ms.,
2863 5098 3209 5154 necipossum
3234 5085 3424 5143 claris-

1826 5154 1948 5210 simi
1985 5152 2154 5211 Pfaflii
2182 5157 2503 5224 conjectum
2526 5154 2612 5211 hic
2637 5156 2915 5211 accedere.
2941 5152 3177 5211 Transiet
3200 5157 3431 5225 positum

1829 5239 1926 5295 pro
1950 5227 2204 5297 transibit,
2228 5236 2388 5297 atque
2429 5228 2480 5283 in
2507 5226 2611 5282 hoc
2642 5228 2757 5296 ipso
2800 5226 2918 5283 loco
2962 5226 3431 5297 Gotzanuscotlex

1828 5295 2047 5366 praefert
2071 5295 2328 5354 transiet}
2358 5313 2517 5366 quam
2562 5295 2788 5357 fortnam
2842 5296 3084 5365 pluribus
3112 5296 3424 5355 confirmavi

1826 5367 1893 5422 ad
1926 5367 2018 5425 lib.
2049 5383 2127 5436 tv,
2158 5384 2207 5425 c.
2238 5370 2327 5425 18.
2352 5367 2598 5427 Notatum
2628 5381 2840 5437 quoque
2879 5367 3144 5423 Lactantii
3174 5367 3430 5423 aliorum-

1826 5452 1933 5510 que
1953 5444 2105 5506 ezlet,
2139 5439 2566 5511 lib.tr,cap._15,
2585 5448 2640 5494 et
2665 5439 2901 5510 prodimt
2927 5454 2997 5501 ex
3031 5439 3313 5572 “ignitae.
3338 5439 3422 5496 ιθ.

1899 5599 2106 5657 Domiti.
2136 5596 2194 5657 ln
2223 5613 2307 5657 ms
2349 5600 2511 5656 domi.

1898 5692 2308 5767 Dereliquerunt.
2339 5694 2395 5763 In
2425 5710 2528 5751 ms.
2558 5694 2989 5766 derelinqueruut.
3038 5695 3066 5763 ’ξ

1898 5783 2239 5912 legrerlentur.
2266 5783 2341 5841 Ita
2368 5800 2470 5842 ms.
2506 5785 2668 5843 Forte
2702 5785 2985 5859 legendum
3027 5792 3305 5857 merentur,
3337 5787 3425 5844 vel

1898 5871 1930 5910 π
1991 5872 2057 5912 an
2083 5871 2165 5912 ur.

1825 5871 2165 5923 mentiantur.

1830 5958 1849 5992 τ*
1894 5948 2153 6029 Salutem.
2183 5949 2241 6015 In
2270 5965 2371 6007 ms.
2407 5951 2586 6007 salute.
