3816 6264
365 297 513 363 1055

923 420 1152 482 CAPUT
1188 419 1394 482 XLVII.

741 509 876 579 (Div.
902 511 1027 565 Inst.
1052 513 1137 564 lib.
1159 529 1225 577 IV,
1250 528 1294 566 c.
1323 516 1383 567 19
1402 523 1455 568 et
1475 515 1585 580 21.)

372 592 450 650 De
488 593 614 651 Jesu
663 594 852 652 Christi
898 600 1296 665 resurrectione,
1320 601 1665 671 apostolorum
1705 601 1963 670 missione,

659 687 1044 760 Servatorisque
1068 691 1123 746 in
1148 692 1328 747 coelum
1348 693 1659 749 ascensione.

446 766 578 841 Post
603 781 720 840 haec
763 782 1060 840 detractum
1106 786 1343 857 patibulo
1372 801 1567 858 corpus
1617 797 1968 844 monumento

366 873 744 932 condiderunt.
772 875 971 933 Verum
1003 877 1159 933 tertio
1187 877 1276 935 die
1296 888 1419 934 ante
1444 878 1635 945 lucem,
1669 888 1826 935 terra:
1855 895 1970 936 mo-

370 977 432 1027 tu
481 969 645 1037 l'acto,
675 984 737 1025 ac
778 970 1026 1026 revoluto
1055 971 1250 1042 lapide,
1278 987 1384 1043 quo
1421 972 1726 1043 sepulcrum
1755 974 1967 1030 clause-

367 1070 511 1126 rant,
537 1062 851 1117 resurrexit.
891 1062 949 1117 ιη
980 1063 1225 1134 sepulcro
1252 1074 1429 1120 autem
1456 1065 1608 1133 nihil,
1639 1065 1738 1121 nisi
1767 1068 1971 1122 exuvias

369 1154 614 1225 corporis
655 1163 781 1211 sunt
829 1167 1079 1227 repertae.
1143 1158 1321 1229 Ipsum
1366 1173 1496 1214 vero
1541 1168 1969 1216 resurrecturum

369 1247 459 1305 die
506 1248 662 1305 tertio
704 1249 814 1320 jam
861 1250 991 1305 olim
1067 1250 1344 1323 prephetze
1408 1251 1617 1308 fuerant
1669 1253 1969 1324 praelocuti.

373 1342 542 1401 David
570 1344 625 1400 in
656 1344 859 1416 psalmo
884 1360 961 1400 xv
995 1364 1007 1399 :
1041 1344 1164 1401 Non
1198 1347 1516 1419 derelinques
1555 1349 1783 1402 animam
1808 1363 1972 1403 meam

371 1436 441 1490 ad
470 1435 678 1506 inferos,
713 1452 804 1492 nec
849 1436 996 1491 dabis
1026 1435 1278 1492 Sanctum
1308 1448 1450 1491 tuum
1488 1438 1659 1493 videre
1685 1438 1972 1508 corruptio-

372 1545 508 1583 nem.
539 1529 670 1585 Item
697 1528 868 1585 Osee:
909 1528 1007 1584 Hic
1033 1540 1107 1585 est
1137 1529 1306 1585 Filius
1323 1547 1462 1586 meus
1493 1532 1697 1603 sapiens
1722 1549 1735 1585 :
1766 1540 1975 1603 propter

373 1618 513 1690 quod
538 1637 671 1675 nunc
700 1638 801 1676 non
830 1622 1024 1677 resistet
1052 1623 1106 1676 in
1135 1623 1560 1678 contribulatione
1586 1623 1814 1694 ﬁliorum
1844 1640 1973 1679 suo-

372 1728 512 1780 rum,
537 1722 583 1766 et
627 1713 690 1768 de
719 1729 873 1769 manu
900 1715 1179 1785 inferorum
1216 1732 1391 1771 eruam
1439 1732 1572 1772 eum.
1610 1716 1707 1771 Ubi
1736 1725 1810 1771 est
1830 1717 1974 1787 judi-

1692 309 1877 371 FIRM.
1917 310 2284 373 LACTANTII

1985 436 2039 497 Α
2068 429 2181 485 Hoc
2202 425 2409 483 Pascha
2450 424 2690 484 Salvator
2718 428 2886 480 noster
2909 428 3004 492 est,
3035 428 3083 478 et
3110 422 3371 495 refugiant
3414 433 3641 480 nostram.

2016 586 2027 589 Α
2068 522 2314 594 Cogitate,
2342 529 2389 574 et
2417 519 2658 574 ascendat
2678 519 2732 573 in
2753 533 2840 573 cor
2870 524 3090 572 vestrum
3111 558 3126 581 ,
3155 518 3401 587 quoniam
3427 518 3647 571 habemus

3521 305 3633 363 {056

2068 616 2339 672 humiliore
2364 630 2479 668 eum
2503 614 2555 667 in
2576 613 2744 683 signo,
2778 623 2823 666 et
2846 620 2959 681 post
2988 610 3093 664 haec
3117 609 3431 679 speravimus
3455 610 3509 663 in
3528 626 3644 664 cuna

2141 705 2523 763 Exbreredatos
2571 713 2748 760 autem
2797 717 2921 760 esse
2964 701 3198 768 Iudaeos,
3226 702 3351 773 quia
3396 698 3649 757 Christum

2069 800 2512 871 reprobaveruut,
2543 807 2597 853 et
2626 811 2749 863 nos,
2781 796 2871 867 qui
2903 809 3087 850 sumus
3106 809 3173 850 ex
3201 793 3475 864 gentibus,
3502 795 3554 848 in
3574 810 3651 849 eo-

2070 911 2189 951 rum
2235 894 2407 948 locum
2435 890 2736 961 adoptatos,
2786 887 3077 957 Scripturis
3125 886 3481 957 approbatur.
3512 883 3653 942 Jere-

2071 986 2206 1041 mias
2235 984 2306 1039 ita
2334 983 2464 1037 dicit
2492 1000 2503 1035 :
2536 980 2794 1052 Dereliqui
2833 979 3040 1032 domum
3067 993 3234 1031 meam
3261 993 3282 1031 :
3314 976 3490 1029 dimisi
3513 977 3654 1032 hare-

2072 1081 2281 1135 ditatem
2302 1094 2468 1133 meam
2497 1078 2549 1131 in
2573 1092 2756 1131 manus
2781 1075 3101 1130 inimicorum
3123 1074 3260 1145 ejus.
3278 1069 3444 1126 Facta
3471 1082 3545 1126 est
3567 1073 3657 1127 haec

2071 1173 2261 1227 reditas
2286 1187 2396 1225 mea
2425 1169 2550 1223 mihi
2591 1169 2722 1222 sicut
2750 1167 2828 1222 leo
2877 1166 2932 1219 in
2972 1165 3115 1236 sylva
3144 1180 3166 1219 :
3191 1164 3332 1218 dedit
3376 1164 3486 1235 ipsa
3522 1180 3657 1234 super

2072 1282 2154 1320 me
2193 1280 2362 1319 uocem
2401 1277 2586 1327 suam;
2612 1261 2803 1316 idcirco
2829 1260 2965 1315 odiri
3002 1276 3137 1314 eam.
3186 1258 3319 1313 Item
3349 1256 3652 1313 Malachias:

2077 1357 2199 1413 Non
2228 1368 2300 1412 est
2326 1356 2450 1411 mihi
2475 1356 2705 1411 uoluntas
2731 1355 2867 1409 circa
2905 1369 3015 1419 vos,
3044 1352 3170 1406 dicit
3196 1350 3455 1405 Dominus
3482 1394 3498 1418 ,
3517 1361 3558 1404 et
3578 1368 3651 1405 ss-

2074 1451 2322 1519 criﬁcium
2367 1459 2626 1521 acceptum
2677 1464 2779 1503 non
2828 1446 3016 1502 habebo
3072 1462 3137 1500 ex
3190 1445 3431 1500 manibus
3480 1447 3654 1511 vestris,

2075 1544 2193 1614 quia
2217 1559 2249 1596 a
2278 1542 2400 1597 solis
2428 1551 2543 1596 ortu
2564 1557 2721 1612 usque
2750 1539 2821 1594 ad
2844 1554 3080 1593 occasum
3104 1537 3484 1607 clariﬁcabitur
3502 1553 3657 1590 nomen

2076 1650 2242 1688 nteant
2270 1634 2412 1704 apud
2431 1641 2623 1704 gentes.
2653 1630 2838 1686 Esaias
2861 1644 3074 1701 quoque
3099 1630 3178 1684 sic
3210 1646 3225 1682 :
3269 1626 3427 1681 Venio
3451 1627 3659 1697 colligere

2077 1742 2249 1781 omnes
2275 1735 2445 1797 gentes
2474 1734 2521 1779 et
2552 1723 2793 1794 linguas;
2816 1731 2862 1775 et
2879 1721 3093 1786 venient,
3132 1728 3178 1773 et
3208 1716 3454 1773 videbunt
3480 1717 3657 1771 clarita-

372 1804 507 1858 οίαηι
534 1814 699 1873 "mm.
722 1822 876 1872 νηοῖσι
910 1806 998 1861 ubi
1018 1816 1093 1862 εει
1135 1809 1340 1863 aculeus
1378 1821 1494 1864 mus
1519 1809 1543 1863 ?
1570 1807 1716 1864 Idem
1748 1822 1971 1865 rursus:
2006 1835 2055 1895 Β
2080 1828 2180 1873 tem
2232 1834 2413 1873 meam.
2446 1815 2593 1871 Idem
2617 1814 2727 1869 alio
2769 1813 2889 1868 loco
2925 1828 2993 1868 ex
3020 1825 3254 1882 persona
3308 1808 3484 1864 Patris
3511 1809 3567 1862 ad
3585 1809 3656 1864 Fi-

383 1893 670 1965 Viviﬁcabit
700 1913 792 1952 nos
822 1909 934 1968 post
966 1900 1175 1954 biduum
1197 1899 1282 1956 die
1301 1902 1471 1957 tertio.

450 1987 729 2045 Proiectus
757 1988 920 2062 igitur
948 1992 1000 2046 in
1028 1991 1302 2049 Galilaeam
1352 2003 1473 2066 post
1499 1996 1976 2061 resurrectionem,

375 2079 671 2153 discipulos
721 2098 848 2140 suos
891 2099 1077 2142 rursus
1104 2129 1118 2155 ,
1162 2102 1297 2157 quos
1351 2097 1525 2145 metus
1572 2089 1625 2143 in
1664 2088 1838 2160 fugam
1860 2102 1982 2143 ver-

256 2232 299 2264 ;
379 2183 540 2241 terat,
569 2177 912 2247 congregavit
945 2194 958 2232 :
991 2178 1238 2251 datisque
1265 2181 1533 2236 mandatis
1556 2196 1674 2252 qua:
1703 2181 1978 2236 observari

377 2266 559 2333 vellet,
591 2276 648 2322 et
675 2268 917 2324 ordinata
951 2268 1231 2340 Evangelii
1271 2271 1652 2342 praedicatione
1679 2288 1775 2343 per
1812 2281 1979 2328 totum

377 2357 596 2423 orbem,
626 2358 904 2431 inspiravit
932 2363 984 2417 in
1028 2376 1123 2418 eos
1154 2362 1413 2433 Spiritum
1464 2374 1728 2431 sanctum,
1750 2380 1812 2421 ac
1837 2364 1983 2421 dedit

377 2452 458 2507 eis
495 2459 816 2521 potestatem
870 2455 1129 2511 mirabilia
1160 2456 1427 2525 faciendi,
1462 2467 1522 2513 ut
1550 2458 1603 2513 in
1629 2458 1856 2514 salutem
1885 2459 1982 2514 lto-

379 2544 607 2612 minum,
636 2552 743 2601 tam
767 2545 920 2602 lactis
949 2563 1107 2618 quam
1144 2549 1321 2605 verbis
1348 2561 1729 2621 operarentur;
1779 2566 1842 2607 ac
1861 2544 1981 2607 tum

382 2635 601 2692 demum
630 2638 1041 2710 quadragesimo
1066 2640 1154 2697 die
1194 2644 1453 2699 remeavit
1491 2644 1557 2700 ad
1587 2645 1818 2712 Patrem,
1850 2645 1981 2701 sub-

377 2726 519 2783 latus
544 2729 595 2785 in
635 2732 853 2787 nubem.
895 2731 1008 2789 Hoc
1033 2734 1215 2790 Daniel
1247 2737 1505 2806 propheta
1547 2737 1868 2809 jampridem
1895 2753 1983 2794 os-

383 2819 649 2887 tenderat,
678 2820 907 2877 dicens:
944 2822 1186 2879 Videbam
1232 2827 1286 2880 iu
1324 2827 1432 2881 visu
1455 2829 1656 2883 noctis:
1691 2836 1737 2882 et
1779 2845 1890 2884 ecce
1928 2829 1982 2885 in

377 2910 593 2966 nubibus
619 2914 733 2968 caeli
750 2924 803 2968 ut
820 2914 958 2984 ﬁlius
974 2916 1192 2972 hominis
1219 2919 1419 2973 veniens
1440 2935 1597 2989 usque
1620 2919 1690 2973 ad
1715 2921 1981 2991 antiquum

378 3004 577 3059 dierum
630 3008 886 3077 pervenit;
927 3018 974 3063 et
1017 3011 1103 3080 qui
1151 3010 1472 3079 assistebant,
1502 3012 1786 3066 obtulerunt
1833 3028 1980 3079 eum;

377 3105 428 3150 et
469 3096 646 3151 datum
687 3111 761 3154 est
787 3101 835 3154 ei
878 3117 1111 3171 regnum,
1165 3111 1212 3156 et
1256 3102 1455 3170 honor,
1506 3112 1553 3157 et
1598 3103 1905 3173 imperium:
1931 3117 1979 3161 et

2086 1914 2212 1969 lium
2246 1932 2258 1966 :
2288 1911 2400 1984 Ego
2430 1909 2683 1965 Dominus
2704 1907 2839 1962 Deus
2860 1907 3030 1961 vocavi
3068 1915 3116 1959 te
3144 1905 3198 1958 in
3217 1903 3514 1975 justitiam,
3538 1913 3575 1956 et
3593 1914 3654 1955 te-

2082 2008 2210 2077 nebo
2240 2022 2447 2061 manum
2493 2015 2654 2070 tuam,
2685 2012 2732 2057 et
2757 1999 3069 2068 conﬁrmabo
3108 1996 3341 2058 tezdedi
3383 2005 3432 2048 te
3457 1997 3509 2049 in
3536 2005 3657 2048 testa-

2084 2109 2308 2155 mentum
2341 2100 2538 2172 generis
2560 2097 2677 2164 mei,
2717 2098 2771 2151 in
2801 2095 2964 2149 lucem
2991 2094 3219 2164 gentium
3237 2134 3255 2159 ,
3280 2091 3486 2161 aperire
3519 2092 3658 2145 mulos

2084 2209 2352 2258 ctecorum,
2383 2194 2663 2260 producere
2706 2206 2772 2244 ea:
2806 2186 3018 2244 vinculis
3062 2184 3329 2256 alligatos,
3357 2192 3412 2237 et
3456 2182 3517 2235 de
3537 2182 3656 2235 domo

2084 2284 2302 2342 carceris
2342 2281 2569 2337 sedentes
2593 2282 2648 2335 in
2673 2279 2910 2334 tenebris.

2668 2358 2897 2418 CAPUT
2926 2356 3112 2414 XLIX.

2516 2453 2649 2518 (Div.
2673 2451 2795 2502 Inst.
2819 2449 2909 2500 lib.
2934 2465 3000 2509 tv,
3025 2460 3133 2511 cap.
3157 2445 3266 2509 29.)

2467 2537 2618 2604 Quod
2647 2535 2784 2591 Deus
2810 2550 2911 2591 non
2939 2541 3010 2587 est
3033 2532 3133 2586 nisi
3156 2546 3315 2585 unus.

2158 2635 2214 2692 Si
2229 2650 2359 2707 ergo
2407 2634 2576 2691 Judaei
2608 2649 2637 2688 a
2681 2633 2795 2689 Deo
2825 2630 3010 2701 reiecti
3041 2638 3201 2695 sunt,
3232 2627 3378 2682 sicut
3417 2637 3657 2679 sacrarum

2086 2730 2479 2801 Scripturarum
2507 2727 2640 2783 ﬁdes
2676 2725 2905 2791 indicat,
2934 2730 3121 2795 gentes
3164 2728 3345 2774 autem
3368 2760 3387 2785 ,
3419 2718 3549 2773 sicut
3581 2720 3645 2771 vi-

2084 2821 2272 2877 demus
2294 2863 2307 2885 ,
2341 2820 2559 2875 adscita:
2580 2859 2595 2884 ,
2617 2834 2681 2872 ac
2716 2816 2785 2871 de
2813 2814 3049 2872 tenebris
3076 2812 3238 2883 hujus
3265 2812 3395 2867 vitae
3426 2808 3656 2865 secularis

2083 2914 2257 2985 deque
2284 2912 2513 2969 vinculis
2530 2911 2833 2966 d:cmonum
2858 2907 3139 2970 liberatae;
3182 2903 3333 2959 nulla
3373 2902 3534 2972 igitur
3572 2901 3657 2954 alia

2082 3023 2208 3078 spes
2224 3006 2425 3063 homini
2453 3004 2725 3078 proposita
2755 3011 2873 3071 est,
2900 3002 3000 3057 nisi
3028 3015 3211 3056 veram
3242 2996 3559 3068 religionem
3588 3009 3665 3047 ve-

2081 3117 2304 3173 ramque
2332 3101 2647 3171 sapientiam
2673 3140 2687 3165 ,
2721 3111 2839 3169 quae
2868 3096 2920 3151 in
2951 3093 3170 3149 Christo
3194 3100 3315 3154 est,
3351 3089 3513 3142 fuerit
3536 3100 3663 3140 secu-

378 3205 553 3244 omnes
593 3193 790 3263 populi,
815 3194 993 3249 tribus.
1014 3193 1083 3249 Et
1106 3196 1294 3267 lingua:
1340 3198 1553 3252 servient
1579 3198 1644 3263 ei,
1677 3209 1724 3252 et
1755 3207 1978 3270 potestas
2012 3222 2058 3287 ρ
2093 3206 2178 3253 tus
2212 3215 2224 3250 :
2256 3210 2412 3262 quem
2461 3194 2549 3265 qui
2581 3193 2828 3263 ignorat,
2861 3203 2890 3243 a
2941 3187 3170 3287 veritate
3213 3196 3279 3237 ac
3310 3183 3666 3287 Deo

378 3285 490 3353 ejus
511 3293 850 3357 ceteramque:
870 3304 1129 3360 nunquam
1151 3291 1404 3357 transibit,
1436 3302 1483 3346 et
1512 3309 1723 3361 regnum
1746 3295 1857 3363 eius
1885 3312 1988 3351 non

2093 3290 2300 3345 alienus
2330 3298 2432 3344 est.
2460 3287 2569 3341 Nec
2593 3284 2692 3338 sibi
2721 3283 2787 3338 de
2821 3294 3032 3337 summo
3062 3279 3171 3332 Deo
3192 3319 3209 3344 ,
3239 3275 3324 3329 vel
3371 3272 3542 3328 Judai
3563 3313 3578 3331 .
3597 3271 3662 3323 vel

379 3387 747 3448 corrumpetur.
769 3382 895 3438 Item
922 3382 1085 3438 David
1109 3384 1385 3455 in'psalmo
1408 3401 1495 3442 crx
1523 3404 1536 3440 :
1570 3385 1715 3441 Dixit
1738 3386 1990 3443 Dominus
2093 3383 2395 3456 philosophi
2423 3380 2783 3437 blandiantur.
2817 3376 2914 3444 Qui
2941 3372 3135 3429 Filium
3166 3385 3274 3425 non
3299 3369 3552 3435 agnovit,
3584 3377 3663 3418 nec

382 3466 602 3524 Domino
633 3488 742 3527 meo
758 3490 777 3528 :
795 3473 930 3530 Sede
945 3477 1012 3530 ad
1036 3475 1267 3532 dextram
1280 3495 1463 3544 meam,
1484 3479 1642 3536 donec
1681 3497 1867 3553 ponam
1889 3483 1990 3537 ini-

378 3557 538 3615 micas
567 3569 681 3647 tuos
711 3563 1090 3637 subpedaneum
1115 3569 1303 3639 pedum
1329 3580 1549 3626 tuorum.

916 3679 1147 3741 CAPUT
1178 3684 1411 3764 XLVllI.

804 3794 938 3860 (Div.
962 3797 1082 3850 Inst.
1103 3798 1190 3850 lib.
1216 3815 1281 3862 tv,
1306 3814 1413 3865 cap.
1437 3803 1546 3867 20.)

381 3916 459 3972 De
483 3917 789 3977 Iudaeorum
816 3926 1225 4024 exltwredatione
1242 3969 1259 3996 ,
1289 3936 1336 3983 et
1365 3927 1646 3985 Gentilium
1682 3931 1979 4004 adoptione.

453 4029 586 4087 Cum
609 4033 767 4103 igitur
794 4036 858 4091 ad
883 4037 1159 4094 dexteram
1187 4040 1280 4095 Dei
1310 4042 1515 4108 sedeat,
1538 4045 1842 4104 calcaturus
1872 4049 1984 4105 ini-

382 4124 555 4180 micos
579 4141 727 4195 suos,
750 4130 839 4198 qui
872 4144 994 4185 eum
1042 4133 1447 4201 cruciaverunt,
1476 4138 1690 4207 quando
1738 4140 1803 4194 ad
1839 4142 1983 4211 judi-

379 4216 615 4273 candnm
652 4220 837 4276 orbem
868 4223 1097 4292 venerit,
1142 4238 1370 4296 apparet
1422 4229 1627 4286 nullam
1677 4245 1826 4302 spem
1856 4234 1981 4289 reli-

380 4324 540 4382 quam
568 4326 689 4369 esse
724 4313 945 4382 Iudaeis,
970 4319 1071 4373 nisi
1096 4322 1340 4377 conversi
1387 4322 1454 4377 ad
1511 4326 1906 4396 paenitentiam,
1932 4339 1987 4385 et

379 4416 410 4456 a
441 4405 700 4475 sanguine
720 4421 827 4477 quo
868 4423 927 4464 se
954 4411 1282 4481 polluerunt,
1308 4414 1492 4482 abluti,
1527 4432 1748 4487 sperare
1776 4419 1830 4475 in
1859 4435 1981 4476 eum

2094 3480 2304 3534 Patrem
2333 3477 2503 3547 potuit
2531 3486 2846 3544 agnoscere.
2890 3469 3015 3523 llaec
3051 3473 3135 3521 est
3175 3462 3444 3533 sapientia
3464 3504 3481 3526 ,
3511 3470 3559 3515 et
3583 3458 3665 3511 hoc

2091 3550 2409 3646 mysteriqu
2431 3570 2623 3625 summi
2659 3567 2767 3622 Dei.
2798 3563 2903 3620 Per
2930 3562 3082 3616 illum
3121 3573 3182 3614 se
3219 3557 3364 3612 Deus
3406 3563 3464 3610 et
3499 3567 3664 3624 agnos-

2090 3669 2138 3725 ci
2166 3711 2180 3736 ,
2214 3675 2269 3724 et
2297 3666 2401 3722 coli
2430 3665 2617 3721 voluit.
2652 3662 2777 3718 Ideo
2809 3657 3101 3729 prophetas
3124 3661 3252 3708 ante
3282 3649 3568 3721 pmmisit,
3592 3646 3664 3716 qui

2086 3758 2154 3816 de
2186 3758 2415 3814 adventu
2442 3757 2558 3826 ejus
2610 3749 2997 3825 prtedicarent,
3053 3751 3114 3799 ut
3164 3757 3293 3798 cum
3339 3739 3482 3794 facta
3512 3744 3665 3792 essent

2086 3854 2141 3909 in
2170 3868 2238 3909 eo
2263 3863 2614 3923 quascumque
2655 3843 2939 3916 praedicata
2988 3846 3147 3903 sunt,
3183 3846 3314 3890 tunc
3364 3833 3437 3888 ab
3466 3828 3665 3886 homini-

2088 3945 2187 4001 bus
2207 3987 2221 4011 ,
2250 3954 2306 3997 et
2327 3943 2422 3997 Dci
2450 3940 2646 4005 Filius,
2678 3946 2731 3991 et
2756 3935 2895 3989 Deus
2917 3929 3258 3987 crederetur.

2160 4037 2270 4093 Nec
2296 4045 2472 4089 tamen
2525 4031 2604 4085 sic
2651 4025 2952 4081 habendum
2982 4031 3096 4089 est,
3140 4030 3400 4090 tauquam
3446 4016 3547 4093 duo
3577 4014 3662 4068 sint

2085 4137 2191 4192 Dii.
2220 4134 2382 4189 Pater
2415 4131 2560 4186 enim
2591 4142 2655 4182 ac
2679 4125 2854 4181 Filius
2886 4136 3049 4176 unum
3079 4127 3227 4173 sunt.
3260 4117 3402 4173 Cum
3429 4116 3562 4169 enim
3589 4128 3663 4182 pa-

2088 4238 2172 4286 ter
2201 4227 2397 4282 Filium
2445 4223 2663 4292 diligat,
2715 4218 3001 4286 omniaque
3031 4214 3080 4269 ei
3139 4213 3379 4278 tribuat,
3436 4220 3491 4265 et
3523 4208 3662 4264 Filius

2088 4322 2230 4380 Patri
2260 4319 2490 4376 ﬁdeliter
2515 4316 2863 4384 obsequatur,
2895 4323 2996 4364 nec
3045 4307 3177 4362 velit
3221 4304 3518 4377 quidquam
3537 4345 3551 4366 ,
3577 4301 3661 4355 nisi

2086 4413 2230 4487 quod
2258 4414 2437 4478 Pater,
2469 4423 2577 4464 non
2605 4412 2786 4477 potest
2835 4402 3020 4472 utique
3050 4397 3408 4455 necessitudo
3435 4404 3569 4452 tanta
3590 4392 3662 4447 di-

379 4499 676 4569 cmperint,
708 4516 868 4573 quem
897 4514 1244 4576 negaverunt.
1275 4506 1398 4563 ldeo
1445 4509 1525 4564 sic
1573 4510 1702 4567 dicit
1748 4511 1975 4569 Hesdra:
2009 4503 2059 4564 D
2083 4508 2210 4566 velli
2238 4548 2253 4573 ,
2272 4514 2329 4562 ut
2353 4503 2461 4559 duo
2481 4515 2602 4558 esse
2642 4498 2908 4563 dicantur,
2938 4495 2991 4549 in
3019 4493 3220 4565 quibus
3243 4534 3260 4563 ,
3286 4501 3348 4549 et
3366 4487 3661 4554 substantia,

1675 4646 2037 4706 VARIORUM
2065 4643 2298 4704 NOTIE.

455 4775 567 4853 Est.
594 4776 713 4853 Non
736 4787 880 4835 extat
897 4781 947 4853 in
972 4797 1072 4837 ms.
1091 4812 1161 4825 --
1178 4781 1553 4851 Viviﬁcabit.ln
1568 4797 1669 4838 ms.
1688 4784 1976 4853 viviﬁcavit.

381 4875 452 4922 —_
475 4847 893 4922 Quadragesimo.
920 4852 993 4906 lta
1024 4855 1166 4919 leges
1187 4870 1250 4910 ex
1275 4847 1367 4910 lib.
1398 4872 1470 4922 IV,
1498 4872 1548 4910 c.
1578 4855 1672 4922 21,
1700 4847 1869 4910 ῡίνῖη.
1895 4855 1980 4909 ln-

382 4917 833 4997 stilut.,qtta}nvis
862 4923 913 4976 in
933 4917 1208 4997 tus.'l‘aur.
1245 4917 1982 4997 legaturrquinquagesimor—

388 4986 576 5063 (Isque.
602 4989 659 5063 In
677 4986 1410 5063 ms.musque—Antiquitm.
1430 4986 1494 5051 In.
1511 4986 1635 5062 ms.',
1663 4986 1982 5052 anticum.—

386 5058 593 5133 Populi.
632 5061 684 5133 in
712 5076 838 5130 ms.,
857 5058 1156 5133 populis.—
1177 5058 1264 5122 Et.
1291 5067 1406 5123 Non
1435 5076 1583 5123 extat
1601 5058 1651 5122 in
1670 5086 1845 5123 ms.—
1860 5070 1983 5124 Ser-

381 5132 516 5185 uieut
537 5132 602 5187 ei.
630 5132 686 5186 In
711 5149 813 5189 ms.
842 5132 1203 5191 servientes.—
1218 5138 1434 5192 Venerit.
1464 5140 1516 5192 lu
1546 5152 1645 5192 ms.
1667 5150 1886 5194 venerat.
1912 5169 1982 5180 —-

384 5204 685 5278 sanguines
704 5205 887 5278 iums.
916 5210 1312 5278 sanguinem.—.
1335 5209 1640 5263 Humiliare.
1674 5209 1731 5264 In
1760 5226 1859 5264 ms.
1889 5210 1985 5263 hu-

382 5274 883 5349 milare.——Idcirco.
924 5274 1107 5333 lta'est
1138 5281 1188 5334 in
1229 5295 1329 5334 ms.
1382 5278 1637 5340 Tanrin..
1669 5286 1817 5349 juxta
1850 5283 1978 5335 clar.

388 5343 556 5422 Plz-flii
583 5349 1007 5422 atttpgrapltum;
1040 5361 1088 5404 at
1122 5351 1171 5405 iu
1212 5351 1447 5405 editione
1476 5343 1767 5406 Parisiéusi
1792 5353 1984 5422 legitur

384 5415 517 5468 ideo.
536 5445 608 5456 —
631 5416 939 5472 Malachias.
969 5420 1025 5474 lu
1074 5436 1176 5476 ms.
1210 5423 1509 5476 Malachiel.

386 5486 729 5565 'ﬁnAf‘ttepl-um
760 5504 859 5565 non
908 5490 1119 5565 habebo.
1153 5493 1224 5547 Ita
1279 5509 1342 5547 ex
1387 5491 1721 5565 alittigrarpho
1768 5490 1978 5547 clariss.

387 5553 559 5633 ἰδίει-[Ιἰί
588 5553 605 5611 Ξ
640 5558 882 5633 in_editis
911 5561 1101 5633 legitur
1127 5553 1759 5633 nonacceptuiuhabebo..

474 5624 676 5681 Vocavi.
702 5627 758 5683 In
790 5645 892 5685 ms.
926 5624 1122 5687 necubi.

462 5695 595 5772 Dedi
615 5709 681 5750 te.
712 5698 819 5754 Has
868 5701 1000 5756 duas
1045 5718 1203 5758 voces
1249 5712 1372 5772 post
1418 5704 1734 5772 conﬁrmabo
1783 5702 1982 5772 te,,ltic

387 5767 620 5841 primum
652 5782 718 5822 ex
747 5775 1135 5845 manuscriptog
1162 5767 1389 5845 damus,
1439 5767 1610 5845 Pl'al‘lii
1664 5777 1837 5845 jussu.
1871 5769 1980 5845 Nos

393 5837 605 5903 quoque
635 5837 850 5894 easdem
885 5837 1044 5901 voc'ei
1074 5837 1406 5912 addidimus,
1461 5837 1721 5914 nobisque
1757 5844 1980 5901 asseruit

2087 4781 2154 4838 Ο.
2188 4780 2251 4836 F.
2273 4777 2571 4836 Fritzscbe.

2165 4853 2576 4919 Scripturarum.
2603 4847 2663 4904 In
2689 4861 2795 4902 ms.
2826 4845 3239 4904 Scribturarum.

2166 4914 2332 4978 Nulla
2356 4923 2512 4991 igitur
2531 4919 2639 4974 alia
2681 4935 2797 4989 spes
2846 4919 3040 4972 homini
3078 4916 3349 4991 proposita
3379 4926 3487 4985 est,
3518 4914 3661 4991 nisi...

2091 4996 2246 5067 fuerit
2273 4988 2491 5067 secutus.
2516 4991 2569 5046 Si
2602 4988 2835 5060 priorem
2869 4997 3075 5067 partem
3102 4990 3183 5067 ita
3197 4991 3387 5067 posuit
3409 4999 3598 5050 noster,
3620 4988 3661 5067 iu

2091 5058 2439 5137 sequentibus
2459 5058 2853 5137 repriesentare
2873 5058 3055 5137 debuit
3088 5077 3102 5113 :
3137 5059 3257 5113 Nisi
3285 5070 3532 5137 ut‘verant
3566 5060 3665 5113 reli-

2091 5131 2292 5210 gionem
2322 5144 2579 5210 sequatur.
2609 5131 2900 5210 Sic_|ib.-Iv
2932 5131 3130 5210 I_ustit..
3150 5145 3273 5201 cap.
3307 5131 3377 5186 18
3397 5150 3415 5210 _:
3444 5135 3662 5210 Apparet,

2091 5203 2290 5263 nullam
2311 5206 2470 5259 aliam
2498 5204 2780 5274 spemvitae
2819 5203 3012 5256 homini
3056 5217 3166 5255 esse
3195 5205 3541 5272 propositam,
3584 5203 3666 5253 uisi

2088 5290 2145 5334 ut
2202 5278 2309 5331 Deo
2360 5273 2564 5329 serviat.
2621 5273 2747 5328 Mihi
2822 5288 2950 5342 ergo
3007 5275 3385 5340 reponendum
3431 5275 3662 5328 videtur:

2092 5350 2258 5405 Nulla
2295 5348 2451 5419 igitur
2479 5347 2605 5419 Δυξιιιξ
2627 5386 2648 5419 ,_
2673 5344 2751 5398 uel
2806 5343 3149 5419 salv¢ti_s___s_pes
3197 5345 3397 5399 homini
3434 5344 3665 5419 proposita

2089 5432 2198 5484 est,
2229 5413 2335 5474 etc'.
2368 5417 2609 5471 Davisius
2636 5415 2917 5487 hactenus.
2949 5413 3088 5487 Nihil
3122 5427 3276 5469 muto
3309 5435 3323 5470 :
3380 5413 3490 5487 pari
3527 5413 3665 5487 modo

2086 5483 2226 5546 dixit
2261 5490 2352 5544 lib.
2379 5503 2432 5542 ιν
2461 5487 2635 5541 lnstit.
2667 5501 2788 5551 cap.
2816 5485 2883 5540 19
2913 5503 2925 5536 :
2978 5483 3143 5539 Nulla
3176 5487 3339 5555 igitur
3368 5483 3482 5555 spes
3507 5485 3661 5540 alia...

2088 5563 2281 5616 homini
2301 5561 2472 5622 datur,
2505 5558 2602 5612 nisi
2630 5558 2897 5610 crediderit
2920 5558 2973 5609 in
2991 5572 3106 5609 eum
3126 5598 3143 5627 ε
3164 5570 3213 5611 et
3236 5559 3530 5627 susceperit.
3552 5557 3659 5610 lius.

2161 5632 2264 5698 Qui
2289 5629 2482 5684 Filium
2509 5671 2522 5690 ,
2556 5638 2661 5683 ctc.
2698 5628 2771 5681 De
2819 5628 2920 5681 hoc
2948 5627 3093 5683 dioto
3120 5626 3251 5683 Jcsu
3294 5626 3493 5685 causa
3516 5672 3530 5694 ,
3561 5627 3661 5680 vide

2084 5702 2243 5760 Joau.
2279 5717 2374 5757 vut
2400 5743 2414 5767 ,
2448 5700 2515 5755 19
2545 5710 2598 5753 ct
2620 5714 2730 5759 xw,
2763 5698 2787 5751 -l
2823 5708 2878 5752 et
2908 5700 2958 5753 7.

2159 5772 2227 5827 Et
2252 5760 2555 5837 substantia,
2590 5768 2655 5823 Et
2680 5770 2833 5837 deest
2877 5771 2929 5825 in
2980 5768 3223 5826 editione
3276 5760 3657 5829 Parisiensiid

2086 5834 2282 5913 legitur
2308 5843 2360 5898 in
2385 5855 2485 5898 ms.
2514 5834 2732 5896 Taurini
3352 5858 3355 5861 -
