3816 6264
141 360 269 419 i057

1133 355 1431 411 annona
1477 353 1852 411 mvmanuu
1892 312 2482 411 lNS'i‘lTUTlONUMJ

3283 354 3426 411 1058
3476 344 3481 345 γ

141 488 193 535 et
226 475 493 541 voluntas,
524 482 577 529 et
597 471 729 528 fides
760 488 864 527 una
890 479 991 528 est.
1041 471 1184 543 Ergo
1229 481 1284 526 et
1312 470 1477 526 Filius
1508 486 1603 541 per
1622 470 1722 526 Pa-
1755 475 1804 533 Α
1831 469 1974 525 dicat
2006 486 2019 522 :
2062 468 2119 524 Si
2146 466 2483 538 suscipienda
2509 464 2583 521 illi
2615 479 2761 521 mors
2786 463 2982 531 fuerat,
3015 479 3121 520 non
3144 465 3324 538 utique
3345 468 3428 523 in-

142 580 308 637 trem,
342 579 397 624 et
419 570 572 624 Pater
599 583 694 638 per
721 567 934 622 Filium.
989 565 1138 623 Unus
1179 574 1264 622 est
1303 565 1477 621 honos
1514 565 1730 636 utrique

143 663 450 721 tribuendus
472 705 487 728 ,
516 671 769 732 tanquam
801 660 893 716 uni
923 660 1053 725 Deo,
1086 669 1140 715 et
1184 659 1255 714 ita
1301 657 1622 714 dividendus
1647 665 1732 713 est

144 752 236 830 per
260 758 395 813 duos
423 756 598 812 cultus
618 796 634 821 ,
668 763 724 809 ut
781 753 973 809 divisio
1000 753 1112 823 ipsa
1143 766 1403 822 compage
1449 750 1729 821 insepara-

143 851 231 908 bili
263 850 538 906 vinciatur.
590 847 848 905 Neutrum
890 846 990 902 sibi
1040 845 1347 915 relinquet,
1396 843 1487 915 qui
1513 854 1604 900 aut
1631 844 1730 898 Pa-

145 953 274 1001 trem
300 957 329 997 a
358 941 493 998 Filio
513 982 528 1010 ,
553 951 643 997 aut
669 939 864 995 Filium
883 954 912 993 a
944 938 1101 993 Patre
1129 938 1382 994 secernit.

749 1051 979 1109 CAPUT
1012 1051 1078 1107 L.

596 1166 732 1231 (Div.
756 1164 876 1216 Inst.
896 1165 984 1216 lib.
1018 1179 1083 1227 tv,
1108 1180 1153 1216 e.
1176 1163 1282 1226 25.)

145 1274 246 1330 Cur
284 1274 424 1330 Deus
475 1273 762 1327 humanum
810 1289 994 1342 corpus
1049 1268 1357 1341 assumpsit,
1407 1284 1466 1323 ac
1518 1276 1731 1324 mortem

773 1380 951 1434 passus
981 1363 1099 1433 fuit.

210 1506 471 1577 Superest
520 1499 850 1572 respondere
895 1499 1055 1554 etiam
1093 1498 1181 1564 iis,
1210 1496 1302 1570 qui
1334 1506 1520 1569 putant
1548 1498 1731 1554 incon.

137 1598 365 1654 veniens
386 1596 550 1652 fuisse
574 1637 590 1662 ,
626 1609 722 1651 nec
750 1592 950 1649 habere
975 1591 1237 1647 rationem
1265 1631 1281 1658 ,
1312 1600 1369 1646 ut
1412 1591 1554 1646 Deus
1582 1606 1731 1646 mor-

136 1691 229 1745 tali
254 1705 481 1761 corpore
503 1687 833 1754 iudueretur,
860 1695 918 1741 ut
938 1685 1245 1741 hominibus
1270 1682 1542 1753 subjectus
1563 1692 1729 1752 esset,

136 1781 569 1839 uteontumelias
603 1781 927 1846 sustineret,
958 1778 1229 1834 cruciatus
1275 1778 1436 1833 etiam
1468 1787 1727 1833 mortem-

1829 561 1986 616 famis
2016 575 2079 617 ac
2104 561 2310 631 turpis,
2354 560 2451 616 sed
2480 574 2599 631 qua:
2628 557 2853 614 haberet
2876 557 3075 628 aliquid
3102 556 3421 616 honestatis.

1832 655 1957 711 Scio
1983 654 2231 726 equidem
2261 654 2459 710 multos
2479 695 2494 721 ,
2519 652 2645 708 dum
2667 651 2961 708 abhorrent
2979 666 3176 708 nomen
3206 652 3384 708 crucis
3405 692 3423 720 ,

1832 747 2076 820 refugere
2104 763 2135 803 a
2162 748 2420 815 veritate,
2452 761 2574 802 cum
2604 746 2656 801 in
2674 759 2737 801 ea
2757 787 2772 813 ,
2802 754 2857 801 et
2884 745 3021 800 ratio
3065 759 3257 816 magna
3281 744 3351 801 sit
3374 753 3431 801 et

1833 851 2089 915 potestas.
2120 840 2254 897 Nam
2280 856 2402 897 cum
2432 838 2501 895 ad
2531 839 2636 895 hoc
2659 839 2858 896 missus
2873 846 3055 907 esset,
3080 844 3142 896 ut
3184 836 3427 893 humilli-

1834 937 1937 992 mis
1986 936 2289 1007 quibusque
2319 938 2458 990 viam
2492 931 2751 1004 panderet
2792 932 2861 988 ad
2912 930 3140 989 salutem
3167 971 3185 1000 ,
3222 946 3285 989 se
3314 932 3431 1002 ipse

1835 1027 2091 1084 humilem
2121 1026 2249 1083 fecit
2267 1069 2283 1096 ,
2311 1034 2369 1082 ut
2396 1040 2491 1082 eos
2518 1025 2791 1081 liberaret.
2825 1024 3076 1097 Suscepit
3106 1028 3236 1095 ergo”
3263 1022 3317 1078 id
3339 1038 3431 1095 ge-

1834 1133 1935 1174 nus
1965 1118 2153 1174 mortis
2174 1159 2191 1187 ,
2216 1117 2360 1190 quod
2381 1117 2520 1173 solet
2544 1115 2834 1173 humilibus
2872 1115 3135 1187 irrogari,
3165 1123 3222 1170 ut
3250 1113 3429 1170 omui-
3506 1142 3513 1147 -

1834 1213 1934 1269 bus
1961 1212 2187 1269 facultas
2231 1211 2451 1267 daretur
2492 1208 2756 1265 imitandi.
2807 1208 3079 1265 Praeterea
3124 1222 3245 1264 cum
3285 1215 3432 1264 esset

1834 1316 2237 1363 resurrecturus
2254 1347 2267 1372 ,
2292 1302 2559 1375 amputari
2587 1315 2791 1376 partem
2813 1303 3059 1374 corporis
3083 1302 3202 1374 ejus
3218 1302 3301 1359 fas
3321 1317 3429 1359 non

1834 1407 1983 1466 erat,
2006 1413 2108 1455 uec
2131 1412 2193 1454 os
2214 1396 2429 1468 infringi
2450 1439 2466 1465 ,
2496 1396 2638 1467 quod
2665 1394 2862 1452 accidit
2880 1394 2948 1451 iis
2973 1394 3065 1466 qui
3085 1395 3261 1466 capite
3287 1394 3432 1465 plec-

1836 1501 2038 1548 tuntur.
2082 1489 2223 1547 Crux
2281 1506 2410 1562 ergo
2458 1491 2635 1561 potior
2680 1488 2819 1558 fuit,
2863 1503 2985 1561 qua:
3039 1487 3428 1546 resurrectioni

1834 1598 2031 1656 corpus
2057 1585 2277 1657 integris
2304 1583 2519 1640 ossibus
2552 1583 2864 1639 reservavit.

1834 1690 1853 1738 ς
1906 1677 2002 1732 llis
2025 1676 2187 1732 etiam
2228 1675 2357 1732 illud
2393 1675 2635 1744 accedit,
2666 1676 2805 1747 quod
2851 1675 3100 1747 passione
3143 1689 3208 1732 ac
3259 1682 3434 1733 morte

1834 1777 2083 1838 suscepta
2106 1810 2119 1833 ,
2150 1766 2435 1823 sublimem
2459 1766 2576 1823 fieri
2601 1766 2902 1837 oportebat.
2928 1765 3087 1839 ,Adeo
3105 1766 3255 1823 illum
3273 1781 3431 1838 crux,

133 1890 241 1944 que
257 1884 550 1945 pateretur,
578 1873 757 1929 Dicam
786 1870 927 1940 quod
956 1870 1133 1926 sentio
1152 1912 1167 1936 ,
1191 1878 1248 1924 et
1272 1884 1383 1924 rem
1413 1869 1729 1924 immensam
1756 1866 1807 1928 Β
1834 1871 1888 1915 et
1908 1877 1967 1917 re
1993 1871 2048 1918 et
2077 1861 2469 1933 significatione
2496 1860 2791 1925 exaltavit,
2816 1870 2874 1916 ut
2895 1861 3145 1917 omnibus
3180 1861 3435 1931 majestas

135 1966 354 2035 paucis,
387 1973 445 2019 ut
474 1974 699 2036 potero,
729 1961 1111 2031 substringam.
1140 1959 1242 2027 Qui
1289 1960 1488 2031 aliquid
1533 1961 1726 2028 docet,

136 2055 331 2122 debet,
364 2063 421 2110 ut
441 2054 650 2127 opinor,
683 2052 858 2107 facere
900 2052 1016 2122 ipse
1066 2065 1186 2122 qua:
1236 2049 1395 2106 docet
1420 2093 1434 2118 ,
1469 2061 1525 2106 ut
1573 2061 1733 2123 cogat

135 2148 383 2206 homines
415 2148 812 2217 obtemperare.
845 2144 979 2200 Nam
1007 2144 1052 2199 si
1096 2159 1204 2199 non
1232 2142 1419 2198 feecrit
1439 2185 1455 2213 ,
1483 2159 1727 2214 prmeep-

139 2243 207 2298 tis
236 2242 348 2298 suis
380 2240 540 2296 fidem
567 2237 866 2310 derogabit.
917 2235 1192 2307 Exemplis
1237 2234 1399 2305 igitur
1445 2248 1579 2305 opus
1605 2246 1688 2291 est
1713 2278 1727 2303 ,

140 2344 311 2401 utea,
346 2348 466 2404 quae
506 2330 909 2404 praecipiuntur,
955 2327 1189 2383 habeant
1232 2325 1572 2393 firmitatem,
1604 2336 1659 2382 et
1685 2326 1730 2381 si

139 2428 257 2500 quis
281 2435 573 2482 contumax
617 2424 887 2490 extiterit,
919 2437 984 2478 ac
1015 2421 1212 2477 dixerit
1254 2435 1361 2477 nou
1387 2436 1546 2491 posse
1576 2420 1689 2476 fieri
1714 2465 1728 2488 ,

141 2517 441 2590 praeceptor
471 2517 619 2573 illum
655 2515 907 2587 prmseuti
937 2530 1102 2585 opere
1140 2514 1444 2571 convincat.
1493 2513 1610 2568 Non
1641 2529 1736 2584 po-

141 2624 242 2673 test
268 2629 400 2685 ergo
442 2612 679 2684 perfecta
703 2626 824 2668 esse
862 2610 1139 2677 doctrina,
1171 2625 1293 2666 cum
1324 2610 1501 2666 verbis
1526 2619 1733 2666 tantum

141 2706 371 2764 traditur
398 2722 412 2760 :
446 2705 540 2762 sed
573 2715 682 2760 tum
715 2702 951 2776 perfecta
982 2712 1066 2759 est
1086 2743 1101 2769 ,
1138 2717 1262 2758 cum
1293 2701 1450 2758 factis
1476 2702 1737 2774 adimple-

141 2809 246 2856 llﬂ'.

205 2889 457 2947 Christus
492 2889 672 2960 itaque
724 2904 843 2944 cum
896 2887 1086 2944 doctor
1139 2889 1349 2944 virtutis
1391 2889 1457 2944 ad
1488 2889 1737 2946 homines

141 2983 461 3051 mitteretur,
490 2982 671 3054 utique
702 2991 757 3037 ut
783 2981 1026 3037 doctrina
1073 2983 1192 3052 ejus
1218 2980 1453 3053 perfecta
1484 2992 1661 3051 esset,
1683 2991 1740 3039 et

141 3076 332 3132 docere
358 3118 375 3143 ,
403 3084 462 3132 et
484 3075 664 3131 facere
688 3073 966 3130 debuerat.
997 3072 1107 3130 Sed
1130 3116 1145 3142 ,
1191 3074 1237 3129 si
1265 3089 1464 3145 corpus
1504 3076 1738 3131 hominis

139 3184 244 3225 non
271 3166 571 3234 induisset,
605 3181 711 3222 non
736 3166 999 3236 potuisset
1019 3164 1200 3223 facere
1246 3182 1365 3237 quat
1385 3167 1611 3223 docebat
1637 3185 1653 3235 ;
1683 3166 1736 3224 id

1834 1954 1950 2025 ejus
1975 1969 2039 2010 ac
2068 1955 2238 2010 virtus
2264 1968 2389 2010 cum
2420 1955 2533 2026 ipsa
2556 1954 2807 2024 passione
2836 1953 3093 2010 uetuerit.
3127 1952 3262 2009 Nam
3289 1952 3435 2024 quod

1836 2047 2085 2103 extendit
2129 2047 2181 2102 in
2231 2047 2473 2118 patibulo
2521 2063 2745 2116 manus,
2806 2047 2990 2118 utique
3050 2047 3164 2102 alas
3206 2060 3332 2103 suas
3379 2045 3435 2102 iu

1834 2139 2105 2196 Orientem
2130 2138 2596 2209 Occidentemque
2626 2138 2894 2209 porrexit,
2927 2139 3029 2195 sub
3056 2153 3191 2209 quas
3218 2138 3437 2194 univer-

1834 2248 1908 2290 sae
1931 2235 2177 2290 nationes
2196 2234 2273 2291 ab
2302 2245 2530 2306 utraque
2558 2234 2745 2290 mundi
2771 2245 2923 2305 parte
2949 2234 3016 2291 ad
3039 2235 3282 2305 requiem
3302 2250 3436 2291 con-

1835 2325 2098 2381 venirent.
2159 2325 2427 2392 Quantum
2478 2334 2660 2380 autem
2706 2325 2883 2380 valeat
2938 2325 3042 2380 hoc
3097 2324 3351 2395 signum,
3382 2334 3439 2382 et

1834 2415 1960 2485 quid
1991 2415 2184 2471 habeat
2214 2417 2493 2486 potestatis
2512 2455 2528 2483 ,
2565 2417 2618 2471 in
2650 2425 2899 2487 promptu
2924 2427 3007 2471 est
3030 2457 3047 2483 ,
3078 2432 3201 2472 cum
3243 2418 3423 2473 omnis

1836 2509 2140 2565 daemonum
2160 2509 2359 2565 cohors
2388 2509 2493 2564 hoc
2533 2511 2688 2580 signo
2709 2509 3000 2580 expellitur
3019 2524 3083 2566 ac
3108 2508 3340 2581 fugatur.
3371 2510 3440 2566 Et

1836 2601 1975 2657 sicut
2002 2602 2117 2671 ipse
2144 2611 2268 2657 ante
2291 2602 2597 2672 passionem
2624 2602 2898 2657 daemonas
2939 2602 3105 2657 verbo
3133 2612 3186 2658 et
3213 2598 3439 2674 imperio

1836 2691 2217 2766 proturbabat,
2272 2694 2351 2749 sic
2409 2710 2550 2750 nunc
2601 2695 2819 2750 nomine
2857 2708 2921 2749 ac
2972 2694 3126 2765 signo
3175 2695 3440 2766 passionis

1838 2785 2080 2856 ejusdem
2108 2786 2329 2855 spiritus
2358 2784 2654 2853 immundi,
2684 2784 2899 2857 quando
2925 2785 2978 2841 in
3004 2800 3232 2857 corpora
3260 2786 3438 2842 homi-

1838 2893 1967 2933 nmu
1999 2879 2373 2948 irrepserunt,
2406 2879 2710 2949 exiguntur,
2766 2893 2888 2934 cum
2940 2878 3139 2934 extorti
3166 2888 3221 2935 et
3249 2895 3434 2936 excru-

1839 2960 1999 3037 ciati,
2030 2986 2093 3040 ac
2122 2986 2181 3027 se
2208 2971 2483 3026 dmmonas
2505 2971 2830 3029 confitentes
2852 3013 2870 3039 ,
2897 2970 3205 3029 verberanti
3232 2989 3292 3029 se
3328 2974 3440 3031 Deo

1852 3064 2070 3121 cedunt.
2103 3064 2244 3133 Quid
2282 3080 2412 3135 ergo
2458 3064 2880 3135 speraverintde
2920 3066 3033 3124 suis
3087 3065 3441 3138 religionibus

1841 3170 2075 3227 cumque
2123 3172 2218 3212 sua
2277 3156 2540 3228 sapientia
2587 3156 2796 3224 (irasci,
2842 3172 2964 3213 cum
3010 3157 3259 3226 videant,
3310 3154 3441 3215 deos

139 3270 248 3329 est,
280 3277 391 3317 non
419 3261 616 3327 irasci,
666 3273 774 3315 non
820 3273 1021 3329 cupere
1066 3258 1315 3326 divitias,
1347 3274 1457 3315 non
1516 3259 1721 3316 libidint

1914 3262 2000 3315 os,
2029 3263 2166 3318 quos
2190 3246 2411 3303 eosdem
2439 3247 2717 3323 daemonas
2757 3263 2881 3305 esse
2933 3264 3041 3306 non
3075 3257 3314 3322 negant,
3346 3263 3442 3321 per

139 3353 457 3409 inﬂammari
484 3394 500 3419 ,
527 3352 771 3409 dolorem
816 3368 924 3408 non
981 3352 1204 3415 timere,
1235 3361 1462 3410 mortem
1486 3362 1727 3410 contem-

142 3463 293 3513 nere,
314 3447 445 3502 llzec
467 3455 595 3503 sunt
618 3446 803 3517 utique
829 3446 1089 3503 virtutes:
1135 3446 1233 3503 sed
1261 3448 1378 3502 ﬁeri
1419 3448 1536 3504 sine
1570 3463 1733 3505 carne

141 3557 246 3599 non
264 3550 513 3613 possunt.
548 3540 690 3612 Ergo
714 3540 842 3597 ideo
881 3549 1200 3611 corporatus
1225 3551 1337 3608 est,
1366 3552 1425 3598 ut
1469 3557 1589 3599 cum
1613 3543 1731 3599 vin-

140 3634 305 3690 cenda
355 3647 478 3690 esse
519 3633 697 3689 carnis
751 3632 1018 3690 desideria
1063 3632 1320 3701 doceret,
1364 3635 1479 3703 ipse
1534 3635 1737 3692 faceret

142 3729 306 3799 prior,
359 3744 428 3784 ne
473 3727 596 3799 quis
641 3728 1043 3783 excusationem
1087 3727 1157 3783 de
1209 3727 1387 3783 carnis
1446 3727 1735 3800 fragilitate

143 3819 523 3892 prastenderet.

780 3889 1011 3947 CAPUT
1036 3890 1117 3945 LI.

593 4001 726 4062 (Div.
754 4000 873 4051 Inst.
901 4000 985 4050 llb.
1016 4012 1084 4063 Iv,
1110 4016 1155 4051 c.
1183 4002 1286 4067 26.)

564 4083 645 4139 De
667 4083 857 4141 Christi
884 4096 1045 4140 morte
1064 4086 1118 4140 in
1147 4103 1315 4142 cruce.

213 4177 399 4235 Dicam
441 4191 587 4233 nunc
628 4177 697 4233 de
723 4185 1065 4233 sacramento
1089 4178 1298 4247 crucis,
1332 4196 1401 4237 nc
1451 4183 1570 4253 quis
1602 4182 1741 4242 forte

1835 3352 2049 3395 crucem
2080 3338 2149 3394 ab
2177 3337 2486 3396 hominibus
2524 3339 2864 3410 triumphari.

2437 3452 2665 3511 CAPUT
2704 3454 2815 3510 Lll.

2338 3567 2472 3630 (Div.
2498 3566 2615 3618 Inst.
2640 3567 2727 3619 lib.
2755 3583 2805 3629 v,
2834 3580 2879 3618 c.
2905 3569 2979 3632 9.)

1838 3671 1971 3743 Spes
1996 3672 2178 3728 salutis
2206 3672 2471 3728 hominum
2491 3673 2547 3728 in
2574 3673 2677 3728 veri
2705 3673 2800 3729 Dei
2825 3675 3118 3746 agnitione,
3150 3683 3197 3728 et
3227 3673 3291 3729 de
3319 3673 3438 3730 odio

2270 3765 2586 3820 ethnicorum
2612 3765 2667 3820 in
2688 3765 3014 3821 christianos.

1917 3909 2034 3967 Una
2061 3910 2223 3982 igitur
2249 3924 2375 3980 spes
2399 3908 2711 3965 hominibus
2755 3909 2861 3965 vita
2905 3917 3023 3978 est,
3076 3922 3216 3965 unus
3256 3916 3444 3980 portus

1845 4002 2067 4071 salutis,
2100 4018 2263 4059 unum
2311 4002 2576 4073 refugium
2623 4002 2921 4070 libertatis,
2968 4002 3013 4057 si
3044 4002 3299 4072 objectis,
3328 4001 3446 4072 quiv

1844 4097 1948 4152 bus
1974 4096 2319 4163 tenebantur,
2366 4095 2675 4163 erroribus,
2726 4096 2973 4167 aperiant
3017 4096 3204 4152 oculos
3252 4096 3448 4154 mentis

1845 4202 1957 4245 sua:
1981 4230 1996 4254 ,
2029 4189 2305 4261 Deumque
2330 4198 2697 4259 cognoscant,
2722 4189 2776 4244 in
2806 4203 2914 4260 quo
2949 4187 3068 4244 solo
3113 4186 3448 4245 domicilium
3498 4214 3509 4220 -

1444 4297 1808 4357 VABIORUM
1834 4298 2065 4358 NOTIE.

216 4409 438 4464 Filium.
473 4407 620 4464 Adde
645 4418 749 4475 est,
777 4409 925 4478 juxta
952 4408 1235 4463 clarissim.
1270 4409 1537 4464 Pfaflinm.

223 4480 451 4553 ῌιιινειέἵ
474 4480 726 4553 Davisius
755 4480 883 4553 legit
926 4480 1179 4553 habuisse,
1205 4489 1411 4553 ntante
1450 4484 1623 4553 fuisse.

224 4551 531 4625 Derogabit.
557 4550 616 4625 in
643 4565 744 4625 ms.
777 4551 1055 4621 derogavit.
1105 4580 1178 4625 -—-_
1225 4550 1408 4625 Eidem
1448 4550 1735 4625 derogabit.

159 4621 417 4694 Usitatius
446 4622 670 4694 quidem
690 4621 904 4687 dicunt,
937 4623 1205 4692 prceceptis
1233 4622 1397 4694 [idem
1430 4621 1693 4681 detrahere
1723 4668 1739 4694 ,

155 4694 247 4750 sed
277 4694 380 4749 hoc
403 4691 542 4761 juris
562 4691 727 4747 verbo
760 4708 888 4747 usus
927 4702 1038 4750 est:
1087 4703 1134 4746 et
1161 4709 1320 4762 neque
1366 4691 1740 4762 disputationi,

154 4764 632 4835 nequeiauctoritali
650 4765 952 4835 cujusquam
982 4764 1132 4835 [idem
1160 4763 1397 4832 derogari
1436 4768 1737 4833 oportuisse,

154 4833 285 4890 dixit
305 4834 491 4891 Celsus
518 4833 714 4889 Medic.
744 4833 836 4888 lib.
870 4850 907 4896 ι,
942 4833 1090 4903 praef.
1127 4848 1244 4904 pag.
1279 4835 1331 4890 8.
1369 4836 1640 4893 Davusws.
1672 4867 1744 4879 —-

154 4904 269 4979 Non
290 4904 427 4979 adeo
464 4904 814 4979 inusitatum,
844 4913 903 4979 ut
926 4905 1146 4979 (Davisio
1172 4910 1284 4960 visu
1284 4922 1344 4979 _m
1383 4916 1466 4979 est
1483 4947 1499 4971 ,
1525 4908 1741 4979 phrasis

156 4977 307 5049 ﬁdem
338 4976 601 5049 derogare.
633 4976 706 5030 Ita
756 4974 980 5042 Quintil.
1020 4975 1160 5049 nlib.”
1183 4992 1235 5031 Ix
1282 4976 1454 5049 ittstit.
1512 4974 1630 5049 cap.
1662 4981 1697 5035 5
1727 4998 1739 5034 :

157 5047 281 5101 Cum
303 5064 429 5101 cura
456 5045 721 5101 uerborum
746 5049 947 5116 deroget
969 5045 1236 5113 a/fectibus
1255 5048 1429 5116 ﬁdem.
1463 5045 1594 5106 BUN.

228 5117 508 5173 Potuisset.
531 5117 588 5172 lu
622 5133 724 5171 ms.
756 5126 946 5187 posset.

230 5188 358 5261 Hinc
377 5199 517 5244 sunt.
546 5188 707 5261 Forte
738 5187 1044 5258 legendum,
1078 5188 1159 5243 ha:
1181 5197 1297 5261 sunt
1323 5191 1493 5261 utique
1512 5193 1741 5247 virtutes.

156 5289 226 5301 --
257 5259 386 5315 Haec
414 5268 600 5315 sunt...
633 5260 852 5313 virtutes.
884 5261 1150 5329 Anonym.
1177 5259 1379 5314 Britan.
1410 5259 1579 5317 Vteutat
1601 5305 1615 5328 ,
1650 5262 1747 5318 Ha:

158 5344 273 5405 sunt
299 5332 498 5405 virtutis
520 5348 539 5397 ;
571 5330 917 5405 Heumaunus
942 5369 956 5393 ,
989 5328 1088 5384 Ha:
1110 5340 1227 5384 sunt
1254 5331 1747 5405 virtutes.Uterque

160 5402 290 5474 satis
318 5403 499 5474 bene:
531 5401 625 5474 sed
658 5411 902 5474 neutrum
942 5415 1134 5474 servo,
1158 5402 1413 5474 et_refero
1438 5404 1504 5457 ad
1544 5401 1747 5474 praece-

160 5473 338 5544 deutia
368 5490 382 5527 :
424 5471 547 5527 Haec
579 5471 817 5544 (scilicet
853 5473 910 5527 τὸ
938 5485 1043 5526 non
1081 5462 1271 5544 irasci,
1300 5477 1357 5529 τὸ
1399 5490 1507 5528 nou
1544 5462 1747 5542 'cupere
1809 5462 1813 5467 ’

160 5543 384 5610 divitas,
413 5546 471 5599 τὸ
520 5541 747 5599 martem
794 5541 1162 5612 contemnere)
1218 5554 1334 5597 sunt
1386 5541 1632 5599 virtutes.
1660 5547 1749 5602 Sic

162 5614 254 5670 lib.
284 5631 357 5669 vn
403 5614 573 5670 Instit.
635 5628 754 5681 cap.
806 5611 886 5667 8:
936 5612 1074 5679 Quid
1122 5611 1241 5668 voce
1290 5616 1546 5672 clarius...
1601 5627 1748 5672 uento

162 5686 413 5810 formas...
444 5686 599 5740 odore
621 5683 887 5740 violentius
918 5682 943 5738 ?
970 5681 1097 5740 Haec
1123 5692 1290 5741 tamen
1319 5703 1422 5742 non
1450 5698 1746 5759 cernuntur,

163 5764 266 5811 etc.
334 5772 420 5811 UN.

235 5826 363 5885 Sed.
393 5826 452 5886 lu
478 5843 582 5887 ms.
610 5835 701 5885 set.

1909 4415 2222 4486 Corporatus
2242 4425 2336 4473 est.
2363 4415 2442 4471 Ita
2472 4431 2572 4471 ms.
2604 4416 2821 4472 Tauriu.
2853 4425 2907 4472 at
2932 4416 2987 4472 in
3009 4415 3250 4473 editione
3287 4415 3439 4472 Pari-

1761 4483 1815 4543 D
1841 4483 2021 4543 siensi’
2036 4488 2234 4559 legitur
2257 4488 2617 4558 incorporatus
2648 4498 2743 4542 est.

1922 4567 2126 4635 Utique.
2150 4568 2207 4624 In
2235 4585 2336 4624 ms.
2369 4578 2579 4639 umque.
2626 4566 2827 4623 Ibidem
2851 4610 2866 4635 ,
2911 4576 3036 4638 post
3062 4568 3249 4638 turpis,
3282 4567 3450 4625 editio

1846 4638 2166 4695 Parisieusis
2189 4638 2337 4695 addit
2382 4638 2543 4694 verba
2588 4655 2697 4693 esse
2743 4639 2995 4694 debuisset
3023 4680 3038 4705 ,
3066 4656 3186 4710 qua:
3216 4655 3323 4694 non
3349 4656 3415 4695 ex
3435 4667 3451 4686 -

1845 4710 2029 4764 tantin
2061 4726 2162 4765 ms.
2189 4726 2417 4780 quaeque
2443 4710 2678 4779 expunxi
2711 4719 2769 4765 ut
2795 4710 3006 4766 inutilia
3032 4726 3046 4777 ;
3083 4720 3138 4767 et
3167 4710 3328 4780 vulgo
3353 4725 3450 4766 su-

1846 4780 2178 4836 baudiuntur
2200 4780 2252 4835 in
2293 4780 2509 4852 eloquio
2539 4780 2754 4835 Latino.

1918 4859 2045 4913 Cum
2073 4860 2128 4914 in
2158 4876 2237 4915 ea.
2269 4859 2327 4916 Id
2353 4869 2463 4927 est,
2491 4868 2792 4915 cumtamen
2815 4860 2869 4915 in
2882 4875 2976 4931 ea,
2999 4858 3155 4932 juxta
3177 4858 3467 4916 Heumanv

1846 4945 2172 5074 nulI'i'i'ogari.
2206 5002 2392 5074 Inims.
2423 5002 2673 5072 inrogari.

1919 5073 2231 5129 Reservavit.
2260 5073 2319 5128 lu
2347 5088 2446 5129 ms.
2475 5074 2769 5130 reservabit.

1918 5143 2144 5215 Accedit.
2177 5146 2233 5200 ln
2258 5160 2362 5200 ms.
2392 5146 2602 5215 accepit.

1919 5214 1987 5269 In
2015 5225 2273 5288 promptu.
2305 5215 2362 5271 In
2387 5231 2488 5273 ms.
2512 5214 2835 5287 ’prumptum.

1920 5297 2216 5371 Expellitur
2244 5316 2306 5353 ac
2335 5300 2564 5371 fugatur.
2615 5299 2760 5371 Lege
2789 5297 3084 5370 expellatur
3106 5314 3169 5354 ac
3218 5302 3445 5370 fugetur,

1845 5367 2422 5439 juxta'Heumanuum'.

1921 5447 2186 5524 Ejusdem.
2222 5450 2634 5524 lleuman._cum
2685 5451 2972 5524 Anonymo
2999 5448 3262 5506 Britanno
3294 5457 3444 5521 putat

1851 5520 2134 5591 legendum
2162 5536 2282 5577 esse
2299 5562 2315 5585 ,
2343 5523 2454 5592 ejus
2474 5520 2649 5584 iidem.

1925 5599 2270 5671 Irrepserunt.
2302 5600 2362 5656 In
2391 5615 2491 5656 ms.
2522 5600 2853 5670 inrepserint.

1926 5679 2141 5734 Cedunt.
2174 5679 2232 5735 In
2256 5694 2359 5734 ms.
2390 5680 2614 5734 cwdunt.

1895 5756 2230 5885 .bHominibus
2258 5762 2359 5814 vita
2388 5769 2481 5816 est.
2512 5759 2718 5821 Forsan
2763 5758 3085 5832 legendum,
3130 5757 3246 5813 uiue
3279 5756 3446 5814 homi-

1895 5846 1907 5885 ι
1944 5846 2022 5885 us.
3084 5866 3087 5871 ‹

1854 5845 2022 5886 ηιοιιε.
3084 5866 3087 5871 ι
