3816 6264
463 312 602 370 1059

459 432 697 487 veritatis
726 439 840 493 est,
876 430 1088 483 terrena‘
1115 429 1267 484 etde
1305 435 1445 484 terra
1497 429 1616 484 ﬁcta
1661 438 2046 494 contemnant,

461 524 852 595 philosophiam
875 563 888 588 ,
925 533 1045 593 qua:
1067 523 1209 593 apud
1243 523 1410 579 Deum
1439 524 1664 579 stultitia
1693 532 1814 590 est,
1851 538 1946 593 pro
1975 524 2057 578 ni-

459 618 570 672 hilo
594 623 944 687 computent,
992 624 1048 671 et
1079 621 1203 671 ve'ra
1231 615 1493 686 sapientia
1514 659 1529 683 ,
1561 617 1612 672 id
1642 626 1759 684 est,
1795 617 2056 688 religione

455 721 706 781 suscepta
724 753 739 779 ,
771 711 900 766 ﬁant
924 711 1348 766 immortalitatis
1373 710 1642 768 haeredes.

527 804 742 858 Atenim
774 813 1114 875 repugnant,
1158 821 1264 858 non
1297 813 1406 859 tam
1441 804 1652 860 veritati
1673 846 1687 872 ,
1733 819 1892 875 quam
1924 819 2048 874 pro-

454 896 586 964 priae
637 896 828 962 saluti;
877 901 1110 966 cumque
1172 897 1289 951 haec
1334 896 1587 961 audiunt,
1638 897 1786 953 velut
1831 895 2052 967 aliquod

452 989 780 1058 inexpiabile
807 989 957 1044 nefas
983 989 1339 1045 detestantur.
1377 989 1482 1045 Sed
1527 1004 1594 1046 ne
1620 989 1807 1046 audire
1832 989 2049 1060 quidem

451 1084 760 1155 patiuntur;-
816 1085 1002 1139 violari
1052 1099 1212 1159 aures
1259 1097 1386 1139 suas
1435 1083 1720 1155 sacrilegio
1767 1091 1954 1154 putant
2003 1082 2050 1137 si

451 1175 758 1244 audierint,-
785 1188 887 1230 nec
910 1175 1024 1244 jam
1052 1174 1351 1230 maledictis
1376 1175 1682 1242 abstinent,
1714 1173 1810 1229 sed
1834 1174 2049 1244 quantis

450 1279 706 1338 possunt,
737 1269 1026 1324 verborum
1083 1269 1426 1324 contumeliis
1452 1269 1783 1324 insectantur
1813 1287 1828 1321 :
1857 1266 2048 1321 iidem-

447 1377 552 1431 que
579 1362 624 1415 si
659 1370 979 1431 pmestatem
1027 1361 1170 1416 nacti
1213 1359 1444 1428 fuerint,
1480 1361 1627 1416 velut
1657 1359 1838 1416 hostes
1871 1358 2045 1430 publi-

444 1467 539 1507 cos
565 1463 978 1523 persequuntur,
1003 1453 1165 1508 immo
1182 1453 1341 1507 etiam
1373 1452 1490 1524 plus
1503 1467 1662 1523 quam
1685 1452 1889 1520 hostes,
1912 1465 2047 1521 quo-

444 1559 596 1608 rum,
626 1558 747 1598 cum
777 1543 922 1599 bello
952 1543 1074 1599 victi
1121 1544 1350 1610 fuerint,
1383 1553 1476 1599 aut
1525 1559 1700 1612 mors,
1745 1553 1836 1599 aut
1874 1542 2044 1597 servi-

447 1645 531 1690 tus
563 1651 719 1706 poena
748 1645 864 1703 est;
894 1651 992 1692 nec
1035 1637 1175 1692 ullus
1207 1646 1328 1706 post
1369 1652 1517 1692 arma
1553 1637 1795 1706 deposita
1835 1635 2042 1692 crucia-

443 1737 560 1794 tus,
593 1729 836 1799 quamvis
866 1729 1044 1783 omnia
1089 1730 1198 1799 pati
1242 1730 1572 1795 meruerint,
1602 1728 1693 1799 qui
1723 1728 1902 1797 facere
1936 1741 2035 1782 vo-

441 1819 686 1888 luerunt,
717 1830 774 1874 ut
799 1820 939 1876 inter
965 1835 1251 1876 mucrones
1278 1821 1455 1876 locum
1486 1822 1653 1892 pietas
1684 1820 1929 1875 haberet.

511 1911 752 1967 lnaudita
792 1919 876 1968 est
902 1911 1192 1968 crudelitas
1219 1929 1340 1968 cum
1370 1913 1676 1968 innocentia
1695 1953 1711 1979 ,
1737 1926 1836 1967 nec
1865 1913 2036 1967 victo-

446 2020 562 2059 rmn
595 2006 829 2061 hostium
859 2007 1223 2062 conditionem
1253 2015 1513 2062 meretur.
1546 2006 1677 2074 Quae
1705 2013 1850 2061 tanta
1877 2004 2034 2074 hujus

443 2097 648 2153 furoris
677 2107 762 2152 est
807 2099 1003 2152 causa?
1054 2098 1302 2164 Scilicet,
1349 2098 1469 2168 quia
1522 2099 1730 2152 ratione
1779 2094 2034 2165 congredi

438 2205 546 2243 non
579 2200 813 2258 queunt,
868 2190 1119 2244 violentia
1154 2199 1432 2258 premunt,
1472 2197 1528 2244 et
1575 2188 1845 2259 incognita
1872 2201 2034 2243 causa

437 2289 690 2350 tanquam
735 2281 1152 2336 nocentissimos
1194 2283 1493 2344 damnant,
1537 2280 1626 2350 qui
1675 2289 1921 2334 constare
1963 2278 2034 2334 de

435 2369 548 2441 ipsa
580 2371 890 2427 innocentia
937 2373 1244 2427 noluerunt.
1297 2372 1408 2427 Nec
1445 2372 1575 2428 satis
1621 2379 1840 2442 putant,
1869 2372 1913 2424 si
1942 2385 2032 2426 ce-

433 2465 530 2520 leri
560 2479 624 2520 ac
668 2465 899 2534 simplici
951 2474 1126 2529 morte
1153 2465 1475 2530 moriantur,
1508 2480 1644 2535 quos
1681 2465 2026 2526 irrationabi-

432 2557 556 2612 liter
583 2557 814 2614 oderunt
842 2559 970 2614 :sed
997 2573 1090 2615 eos
1111 2559 1394 2629 exquisitis
1415 2559 1741 2615 cruciatibus
1763 2561 2028 2628 lacerant,

433 2659 490 2704 ut
514 2651 770 2720 expleant
794 2651 976 2706 odium
1005 2693 1020 2718 ,
1049 2651 1192 2722 quod
1219 2665 1325 2706 non
1355 2661 1630 2721 peccatum
1657 2651 1897 2721 aliquod,
1931 2651 2028 2706 sed

430 2742 629 2797 veritas
678 2743 859 2812 parit,
897 2735 1018 2814 quae
1065 2744 1265 2799 idcirco
1293 2745 1434 2799 male
1484 2743 1788 2800 viventibus
1840 2743 2026 2799 odiosa

428 2843 539 2900 est,
582 2834 704 2904 quia
745 2849 888 2905 aegre
942 2835 1122 2890 ferunt
1173 2851 1296 2892 esse
1345 2835 1590 2905 aliquos,
1640 2836 1836 2906 quibus
1885 2834 2027 2890 facta

427 2939 613 2980 eorum
636 2925 851 2995 placere
881 2942 985 2980 non
1017 2935 1262 2997 possunt.
1297 2926 1406 2982 Hos
1439 2926 1586 2981 omni
1617 2925 1779 2981 modo
1802 2926 2028 2996 cupiunt

425 3017 773 3089 extinguere,
804 3025 862 3073 ut
890 3018 1100 3089 possint
1124 3018 1297 3075 libere
1326 3021 1444 3074 sine
1477 3027 1614 3075 teste
1644 3033 1891 3090 peccare.

1021 3131 1251 3189 CAPUT
1289 3132 1422 3188 LIII.

889 3246 1022 3310 (Div.
1045 3241 1166 3296 Inst.
1192 3245 1275 3294 lib.
1299 3259 1346 3307 v,
1373 3258 1418 3295 c.
1443 3245 1558 3307 21.)

497 3349 744 3405 Rationes
771 3350 876 3405 odii
907 3352 960 3406 in
984 3351 1289 3407 christianos
1315 3348 1692 3422 expenduntur,
1722 3351 1776 3408 et'
1795 3339 1948 3424 refel—

1119 3443 1310 3496 luntnr.

489 3556 597 3612 Sed
630 3556 746 3612 haec
775 3557 953 3614 facere
974 3569 1031 3614 se
1060 3555 1277 3625 dicunt,
1308 3566 1370 3613 ut
1393 3555 1524 3614 deos
1548 3572 1674 3614 suos
1700 3557 2012 3615 defendant.

420 3651 658 3706 Primum
688 3652 736 3707 si
774 3650 848 3706 dii
889 3661 1044 3720 sunt,
1074 3662 1128 3710 et
1177 3652 1377 3709 habent
1405 3653 1612 3724 aliquid
1636 3655 1918 3724 potestatis
1947 3665 2014 3709 ac

419 3745 686 3813 ntmrinis,
729 3744 1046 3802 defensione
1074 3745 1308 3802 hominis
1338 3747 1745 3818 patroci‘nioque
1786 3763 1893 3803 non
1926 3749 2014 3802 in-

417 3837 629 3909 digent,
660 3839 759 3896 sed
803 3841 1013 3912 seipsos
1056 3842 1241 3912 utique
1270 3840 1583 3898 defendunt.
1612 3844 1717 3897 Aut
1743 3843 2015 3914 quomodo

417 3931 484 3984 ab
531 3930 598 3984 iis
641 3929 805 3986 homo
845 3947 1069 4002 sperare
1114 3921 1376 3988 auxilium
1428 3941 1636 4004 potent,
1683 3933 1728 3988 si
1774 3949 1842 3990 ne
1889 3929 2014 3990 Suas

415 4022 628 4092 quidem
661 4023 886 4093 injurias
916 4033 1142 4094 possunt
1171 4024 1482 4080 vindicare?
1511 4024 1745 4081 Stultum
1770 4023 1930 4096 igitur
1946 4035 2002 4082 et

415 4127 611 4166 vanum
648 4111 872 4168 deorum
921 4129 1046 4170 esse
1093 4114 1332 4170 vindices
1376 4115 1550 4180 velle;
1596 4115 1698 4170 nisi
1757 4118 1899 4187 quod
1940 4133 2008 4173 ex

412 4218 478 4256 eo
506 4204 678 4275 magis
725 4215 949 4276 apparet
978 4205 1299 4261 diflidentia.
1329 4206 1431 4275 Qui
1459 4207 1602 4262 enim
1649 4207 2004 4278 patrocinium

411 4293 506 4351 Dei
534 4311 694 4367 quem
717 4297 878 4365 colit,
911 4299 1153 4370 suscipit,
1183 4297 1334 4354 illum
1363 4314 1486 4355 esse
1508 4299 1640 4354 nihil
1668 4301 1958 4356 conﬁtetur
1985 4319 2002 4357 :

408 4389 456 4444 si
495 4401 676 4447 autem
721 4392 845 4448 ideo
886 4393 1046 4461 colit,
1095 4395 1220 4464 quia
1251 4403 1524 4465 potentem
1554 4393 1865 4461 arbitratur,
1894 4403 2003 4451 non

1815 311 2002 367 FIHM.
2046 304 2406 368 LAGTANTII

3547 325 3630 382 tuo

2079 431 2128 490 Α
2155 428 2274 484 dus.
2305 427 2412 482 Nos
2439 427 2598 498 igitur
2623 434 2790 483 recte.
2821 427 2955 484 Nam
3001 443 3119 484 cum
3163 431 3246 486 isti
3271 432 3538 494 delensores
3568 441 3634 497 lal-

2155 533 2336 574 sorum
2366 518 2590 575 deorum
2638 520 2900 577 adversus
2925 537 3106 577 verum
3135 523 3297 580 Deum
3337 527 3553 598 rebelles,
3576 551 3638 591 no-

2155 628 2278 668 men
2307 613 2424 683 ejus
2453 614 2506 668 in
2535 615 2690 671 nobis
2720 627 3134 688 persequuntur,
3179 635 3273 674 nec
3312 635 3397 686 re,
3427 639 3508 680 nec
3526 630 3639 684 verbo

2154 719 2553 774 repugnamus;
2584 705 2678 761 sed
2708 706 2866 762 mites
2888 747 2903 772 ,
2929 717 2984 762 et
3013 709 3184 775 taciti,
3213 718 3265 765 et
3309 709 3531 781 patientes
3559 732 3640 788 per-

2155 797 2380 854 ferimus
2409 799 2588 854 omnia
2619 816 2978 871 quaecumque
3004 803 3254 858 adversus
3280 820 3365 859 nos
3388 817 3535 876 potest
3555 827 3638 866 cru-

2153 889 2348 946 delitas
2376 892 2689 947 machinari.
2724 893 2998 949 Habemus
3024 895 3165 950 enim
3195 895 3418 952 liduciam
3441 899 3486 953 in
3509 900 3601 970 Deo,
3621 920 3641 959 a

2153 997 2261 1053 quo
2306 995 2655 1053 expectamus
2703 995 3007 1041 secuturam
3056 986 3290 1055 protinus
3319 989 3545 1046 ultionem.
3567 995 3640 1050 Nec

2153 1083 2236 1129 est
2259 1076 2433 1130 inanis
2477 1076 2576 1131 ista
2609 1076 2802 1132 fiducia
2853 1077 2868 1130 ἑ
2917 1077 3181 1148 siquidem
3233 1094 3402 1135 eorum
3433 1088 3638 1154 omnium,

2151 1166 2242 1235 qui
2275 1166 2377 1222 hoc
2406 1166 2613 1223 facinus
2643 1168 2764 1224 ausi
2791 1179 2948 1237 sunt,
2981 1171 3313 1227 miserabiles
3339 1176 3483 1229 exitus
3502 1181 3637 1246 partim

2149 1260 2536 1329 cognovimus,-
2567 1262 2760 1331 partirn
2791 1262 3058 1318 videmus.
3091 1263 3203 1319 Nec
3243 1264 3372 1319 ullus
3405 1267 3547 1324 habuit
3573 1271 3638 1326 im-

2153 1366 2327 1420 pune,
2361 1352 2503 1421 quod
2528 1351 2696 1408 Deum
2727 1355 2896 1422 laesit;
2928 1365 2985 1410 et
3011 1357 3104 1426 qui
3149 1357 3218 1411 sit
3257 1372 3402 1414 verus
3435 1359 3556 1429 Deus,
3576 1366 3634 1433 qni

2151 1442 2320 1498 verbo
2347 1442 2562 1499 discere
2593 1445 2765 1500 noluit
2784 1487 2800 1512 ,
2832 1447 3098 1518 supplicio
3125 1463 3222 1503 suo
3245 1447 3428 1504 didicit.

2223 1535 2425 1591 Vellem
2455 1536 2597 1592 scire
2617 1579 2631 1602 ,
2663 1553 2786 1592 cum
2813 1539 3012 1595 invitos
3036 1541 3258 1612 adigunt
3277 1541 3339 1597 ad
3373 1543 3637 1615 sacriﬁcium,

2146 1631 2272 1701 quid
2303 1645 2488 1686 secum
2512 1631 2746 1688 habeant
2778 1634 3029 1698 rationis,
3058 1643 3152 1711 aut
3179 1635 3266 1689 cui
3294 1645 3520 1704 prmstent,
3541 1641 3636 1708 quod

2151 1721 2377 1778 faciunt.
2411 1723 2468 1778 Si
2497 1723 2600 1778 diis
2620 1766 2635 1790 ,
2668 1739 2772 1779 non
2817 1734 2902 1780 est
2929 1726 3022 1782 ille
3052 1726 3258 1792 cultus,
3289 1743 3377 1781 nec
3403 1732 3637 1800 acceptabile

2065 1814 2116 1877 Β
2143 1814 2467 1869 sacrilicium
2488 1856 2504 1882 ,
2535 1815 2680 1885 quod
2731 1816 2792 1870 lit
2820 1816 3042 1888 ingratis
3063 1859 3076 1883 ,
3103 1817 3246 1888 quod
3273 1830 3556 1890 extorquetur
3571 1838 3633 1892 per

2140 1904 2414 1976 injuriam,
2442 1906 2586 1974 quod
2617 1906 2828 1986 eruitur
2860 1923 2956 1978 per
2983 1907 3251 1964 dolorem.
3276 1908 3330 1964 Si
3353 1920 3499 1965 autem
3519 1912 3628 1981 ipsis,

2139 2012 2274 2068 quos
2299 1992 2528 2068 cogunt,
2561 2014 2669 2053 non
2699 2010 2782 2055 est
2827 2000 3011 2071 utique
3038 1999 3356 2056 beneﬁcium
3375 2042 3388 2067 ,
3422 2000 3531 2071 quod
3559 2004 3634 2073 quis

2140 2109 2207 2150 ne
2237 2094 2502 2165 accipiat,
2530 2096 2692 2151 etiam
2723 2096 2856 2150 mori
2883 2095 3109 2149 mavult.
3145 2094 3203 2150 Si
3227 2093 3410 2150 bonum
3447 2111 3528 2150 non
3557 2107 3636 2159 est,

2137 2187 2203 2243 ad
2231 2188 2373 2259 quod
2403 2205 2488 2245 me
2515 2189 2714 2244 vocas?
2741 2204 2837 2245 cur
2868 2189 3011 2243 malo
3051 2188 3287 2242 invitas?
3327 2202 3412 2243 cur
3451 2202 3530 2241 non
3559 2185 3634 2242 rer-

2137 2283 2219 2336 bis
2242 2321 2256 2345 ,
2289 2281 2383 2338 sed
2413 2283 2764 2350 verberibus;
2794 2299 2889 2338 cur
2921 2299 3027 2337 non
3060 2282 3305 2349 ratione,
3347 2281 3429 2337 sed
3465 2281 3635 2338 cruciati-

2133 2372 2238 2428 bus
2283 2375 2572 2444 corporis?
2606 2373 2759 2431 Unde
2787 2384 3012 2447 apparet
3054 2375 3258 2430 malum
3287 2390 3398 2430 esse
3434 2373 3563 2434 illud.
3593 2375 3634 2430 ad

2133 2463 2278 2534 quod
2315 2480 2421 2519 non
2471 2465 2628 2521 illicis
2657 2466 2962 2532 volentem,
3017 2465 3115 2521 sed
3168 2465 3330 2520 trabis
3368 2476 3633 2522 recusantem.

2132 2553 2263 2623 Qua:
2287 2555 2512 2610 stultitia
2562 2568 2647 2612 est
2689 2557 2975 2613 consulere
2999 2544 3142 2612 velle
3171 2557 3402 2612 nolenti?
3423 2556 3489 2610 An
3520 2557 3551 2611 si
3571 2557 3633 2611 ali-

2131 2653 2281 2720 quis,
2313 2651 2681 2720 prementibus
2711 2651 2898 2717 malis,
2937 2651 3004 2706 ad
3033 2660 3272 2706 mortem
3310 2649 3548 2721 confugere
3577 2651 3636 2704 io-

2131 2752 2310 2807 natur,
2352 2758 2478 2797 num
2523 2753 2715 2813 potes,
2768 2744 2812 2799 si
2859 2752 2953 2798 aut
2999 2742 3246 2814 gladium
3288 2740 3634 2805 extorseris,iut

2131 2833 2383 2906 laqueum
2418 2837 2661 2906 ruperis,
2690 2846 2781 2890 aut
2808 2835 3103 2907 praecipitio
3138 2835 3446 2900 retraxeris,
3485 2843 3552 2888 aut
3578 2832 3639 2888 ie-

2131 2943 2330 2983 nenum
2359 2926 2618 2984 effuderis
2637 2970 2651 2994 ,
2674 2937 3116 2984 conservatorem
3150 2937 3203 2984 te
3225 2925 3438 2981 hominis
3459 2924 3637 2994 gloriari,

2128 3037 2251 3078 cum
2279 3023 2369 3080 ille
2389 3064 2405 3090 ,
2430 3039 2590 3095 quem
2613 3037 2861 3079 servasse
2891 3033 2942 3078 te
2966 3031 3123 3092 putas
3147 3063 3164 3088 ,
3196 3033 3297 3079 nec
3333 3017 3504 3092 gratias
3533 3029 3639 3090 agat.

2130 3125 2184 3169 et
2223 3124 2279 3192 te
2320 3117 2459 3172 male
2507 3131 2692 3172 secum
2739 3114 3030 3171 arbitretur
3073 3114 3287 3192 egisse,
3319 3112 3442 3184 quod
3475 3121 3638 3166 mortem

2049 3206 2095 3271 6
2128 3190 2227 3261 sibi
2254 3193 2596 3278 prohibueris
2626 3216 2895 3278 optatam,
2939 3189 3086 3278 quod
3126 3206 3198 3261 ad
3247 3203 3428 3272 ﬁnem,
3467 3201 3575 3273 quod
3595 3199 3639 3254 ad

2128 3300 2371 3370 requiem
2413 3301 2676 3356 malorum
2709 3299 2994 3372 pervenire
3041 3315 3155 3355 non
3205 3297 3454 3355 sinueris?
3491 3291 3639 3349 Beneﬁ-

2125 3393 2264 3471 cium
2292 3395 2438 3448 enim
2467 3408 2574 3448 non
2605 3409 2674 3449 ex
2699 3393 2959 3464 qualitate
2985 3393 3064 3448 rei
3093 3385 3295 3459 debet,
3327 3379 3413 3447 scd
3437 3404 3494 3444 ex
3513 3387 3639 3443 animo

2124 3483 2242 3556 ejus
2262 3525 2277 3552 ,
2305 3485 2395 3555 qui
2422 3484 2652 3555 accipit,
2684 3482 2990 3554 ponderari.
3014 3483 3127 3538 Cur
3175 3477 3274 3554 pro
3314 3477 3533 3537 beneﬁcio
3565 3477 3637 3530 im-

2122 3586 2278 3646 putes
2300 3616 2316 3643 ,
2342 3575 2485 3647 quod
2517 3576 2647 3630 mihi
2681 3575 3004 3631 maleﬁcium
3037 3565 3166 3631 est?
3195 3573 3289 3630 Vis
3330 3573 3412 3628 me
3433 3569 3536 3626 deos
3557 3569 3640 3621 tuos

2119 3657 2501 3738 colere,quod
2541 3681 2641 3737 ego
2689 3663 2818 3721 mihi
2867 3664 3210 3722 mortiferum
3252 3664 3401 3720 duco.
3429 3661 3479 3717 Si
3499 3661 3640 3714 bonum

2119 3768 2234 3826 est,
2279 3775 2386 3815 non
2435 3760 2670 3816 invideo.
2717 3758 2918 3816 Fruere
2964 3755 3114 3816 solus
3160 3761 3304 3817 bono
3354 3767 3451 3815 tuo.
3477 3754 3562 3812 Non
3585 3741 3640 3807 est

2118 3855 2262 3926 quod
2293 3855 2428 3911 velis
2473 3854 2650 3912 errori
2696 3869 2822 3911 meo
2854 3869 3212 3922 succurrere,
3244 3869 3396 3926 quem
3416 3849 3575 3922 judicio
3597 3859 3636 3899 ac

2117 3950 2392 4005 voluntate
2419 3949 2651 4021 suscepi.
2675 3949 2736 4005 Si
2765 3949 2987 4018 malum,
3019 3950 3146 4020 quid
3177 3965 3267 4006 me
3293 3949 3358 4005 ad
3382 3943 3635 4005 consortium

2118 4040 2244 4095 mali
2276 4040 2462 4111 rapis?
2487 4039 2654 4098 Utere
2676 4048 2823 4097 sorte
2848 4049 2958 4096 tua.
2982 4039 3098 4113 Ego
3127 4033 3276 4099 malo
3310 4042 3365 4097 in
3391 4039 3510 4095 bono
3537 4033 3635 4091 mori

2117 4147 2276 4203 quam
2306 4131 2360 4188 in
2385 4131 2529 4188 malo
2553 4133 2758 4189 vivere.

2708 4243 2935 4300 CAPUT
2974 4243 3104 4300 LIV.

2323 4354 2404 4412 De
2427 4357 2686 4429 religionis
2729 4358 2957 4414 libertate
2981 4359 3035 4411 in
3064 4331 3337 4413 adoranda
3370 4355 3486 4412 Deo.

407 4482 568 4539 debet
591 4499 714 4541 eum
743 4486 885 4542 velle
909 4486 1230 4554 defendere,
1262 4493 1292 4541 a
1321 4501 1427 4558 quo
1454 4487 1568 4558 ipse
1589 4496 1674 4542 esr
1705 4476 2004 4543 defendens
2030 4468 2085 4545 fl
2183 4489 2309 4544 time
2336 4491 2552 4562 quidem
2590 4491 2735 4564 juste
2763 4491 2870 4548 dici
2911 4502 3161 4565 possunt.
3209 4493 3316 4552 Sed
3344 4492 3452 4564 quis
3473 4488 3632 4555 audiet,

1742 4601 2101 4663 VARIORUM
2139 4595 2366 4663 NOTAE.

479 4727 546 4781 Et
573 4744 709 4783 vera.
732 4729 791 4784 In
826 4743 926 4784 ms.
958 4725 1047 4784 sed
1071 4743 1207 4782 vera.

377 4828 389 4841 -
479 4801 698 4854 Atenim.
729 4800 786 4854 In
818 4815 919 4856 ms.
951 4799 1188 4853 Adenim.
1329 4851 1336 4866 ε
1541 4864 1551 4866 ,
1837 4862 1840 4866 .

479 4873 584 4925 Sed
607 4887 669 4924 ne
695 4872 882 4924 audire‘
898 4869 1100 4939 quidem
1120 4913 1135 4938 ,
1178 4877 1282 4924 ctc.
1318 4865 1495 4939 LocﬁS
1523 4864 1877 4935 d‘ept‘avatus,
1909 4865 2000 4936 qui

407 4951 581 5012 potest
610 4943 680 4996 ita
715 4943 853 5012 legi;
886 4937 974 4996 sed
1002 4958 1064 4994 ne
1099 4937 1316 4994 audiunt
1341 4937 1544 5012 quidem
1573 4940 1823 5012 patienter
1843 4953 1862 4991 :
1890 4939 2000 5012 aio-'-

405 5007 504 5069 lari
545 5030 695 5069 aures
741 5007 861 5068 suas
907 5012 1177 5084 sacrilegio
1219 5007 1434 5083 putant,
1465 5009 1510 5063 si
1554 5009 1828 5062 audierint.
1887 5007 1998 5065 Nec

401 5087 507 5153 iam
529 5128 542 5151 ,
576 5095 679 5141 etc.

472 5155 756 5226 Iidemque.
781 5156 836 5211 In
866 5170 968 5210 ms.
997 5153 1251 5227 idemque.

398 5251 410 5275 .-
473 5224 660 5282 Nacti.
682 5228 738 5282 In
768 5243 868 5282 ms.
894 5224 1025 5280 Acti.

475 5297 646 5355 Ullus.
681 5299 737 5354 In
767 5300 870 5354 liis.
906 5297 1044 5352 ullis.

479 5371 774 5426 Voluerunt.
802 5368 954 5426 Adde
981 5385 1040 5423 ea
1066 5368 1202 5422 mala
1228 5365 1372 5421 nobis
1394 5406 1408 5433 ,
1436 5372 1526 5419 aut
1553 5362 1810 5433 ﬁdelibus.

473 5441 616 5508 Quae.
649 5442 714 5497 In
734 5451 834 5496 ms.
871 5445 986 5510 que.

466 5514 537 5568 Et
568 5515 846 5586 incognita.
884 5514 1042 5568 Deest
1067 5521 1139 5566 est
1167 5511 1223 5565 in
1250 5523 1352 5586 ms.

465 5577 712 5640 Possunt:
750 5586 1093 5640 lleumannus
1122 5590 1272 5652 putat
1318 5581 1419 5650 legi
1449 5577 1657 5636 debere
1674 5579 1891 5650 possint.

463 5657 691 5732 4liquid.
727 5657 782 5712 In
815 5670 919 5732 ms.
953 5653 1184 5732 aliquod.
1236 5722 1246 5732 -

463 5727 790 5796 Defensione.
823 5726 882 5780 In
913 5740 1016 5781 ms.
1049 5726 1417 5795 defensionem.

467 5815 777 5888 Defendunt.
805 5817 969 5874 Forte
993 5830 1060 5873 ex
1088 5816 1405 5873 Heumanno
1437 5813 1722 5882 legendum
1751 5819 1862 5880 est,
1889 5812 1982 5866 de-

2135 4725 2338 4780 'endeut.

2381 4781 2439 4852 In
2466 4812 2567 4872 ms.
2594 4797 2756 4852 nihilo
2787 4815 2807 4853 :
2841 4797 2978 4857 forte
3006 4799 3294 4872 legendum
3334 4807 3468 4872 esset
3493 4795 3631 4872 nihili.

2158 4863 2449 4930 _Videmus.
2476 4867 2823 4944 Heumannus
2851 4880 3004 4942 putat
3038 4863 3144 4944 légi
3181 4872 3382 4928 debere
3419 4868 3629 4934 Vidimus,

2104 4937 2268 4996 idaue
2298 4954 2404 4994 non
2433 4941 2596 4996 male.

2225 5019 2262 5062 t.
2299 5009 2356 5064 In
2389 5025 2489 5066 ms.
2521 5021 2624 5082 set.
2935 5075 2939 5082 ι

2175 5079 2451 5205 ιῇιθῗξῑεὶι.
2480 5082 2562 5137 Ex
2583 5081 2895 5141 lleumanno
2921 5079 3057 5142 forte
3077 5125 3095 5155 ,
3124 5087 3234 5159 quis
3256 5088 3340 5143 sit.
3373 5099 3461 5158 pro
3479 5095 3534 5154 et,
3558 5097 3632 5138 ms.

2099 5160 2172 5205 set
2196 5160 2378 5209 habet.

2175 5219 2277 5276 Ne.
2303 5223 2358 5278 In
2391 5237 2492 5280 ms.
2525 5242 2634 5279 nec.

2173 5293 2231 5349 Si
2261 5294 2448 5350 bonum
2488 5313 2590 5370 non
2620 5306 2712 5352 est.
2749 5297 2968 5369 Legitur
2998 5298 3058 5355 Si
3099 5300 3284 5355 bonum
3314 5311 3384 5355 est
3411 5297 3530 5370 apud
3543 5296 3632 5370 Btt-

2100 5380 2451 5439 nemannum,
2485 5368 2576 5436 qui
2607 5379 2788 5423 notam
2818 5366 3134 5439 sequentem
3171 5366 3472 5427 exbibet.—'-
3496 5367 3551 5423 Si
3569 5366 3631 5419 bo-

2101 5436 2459 5512 glgnguesttha
2488 5448 2638 5512 recte
2674 5436 2956 5507 Davisius,
3004 5457 3127 5497 cum
3172 5443 3377 5512 priores
3420 5439 3632 5496 editiones

2099 5505 2306 5582 _Pl‘afﬁi,
2335 5507 2544 5582 W_alch.
2577 5519 2633 5565 et
2656 5527 2829 5582 nuper
2869 5505 3249 5579 lleumanu'Si
3275 5514 3452 5567 bonum
3476 5527 3561 5582 non
3580 5515 3631 5560 ut

2098 5576 2379 5635 haberent.
2393 5579 2657 5636 Probatur
2677 5576 2983 5640 emendatio
3003 5599 3069 5640 ex
3091 5576 3183 5641 lib.
3207 5600 3263 5654 v,
3284 5599 3399 5656 cap.
3424 5583 3504 5641 20.
3527 5579 3628 5634 Brit.

2168 5668 2356 5727 Illicis.
2386 5671 2443 5726 In
2475 5686 2578 5729 ms.
2607 5673 2794 5729 inlicit.

2165 5739 2408 5815 gonatur.
2440 5743 2498 5815 l_n
2525 5758 2627 5798 ms.
2658 5755 2893 5815 cogatur.

2167 5810 2420 5871 Sinueris.
2451 5813 2528 5872 lta
2559 5810 2845 5876 habet'ms.
2875 5832 2973 5889 pro
2999 5820 3190 5877 siverit.
