3816 6264
112 346 242 403 1061

114 558 312 612 tionent
354 570 507 613 suam
539 565 749 627 putent,
782 558 828 615 si
856 559 915 614 tit
950 560 1151 633 aliquid
1180 563 1235 618 in
1260 563 1423 619 rebus
1452 563 1705 621 humanis

112 650 379 705 liberum?
425 651 587 722 Atqui
619 650 807 723 religio
833 653 947 708 sola
991 662 1096 719 est,
1128 654 1185 709 in
1221 668 1323 726 qua
1353 655 1577 712 libertas
1601 655 1704 712 dou

113 741 371 797 micilium
397 742 700 798 collocavit.
738 743 842 799 Res
871 753 957 800 est
986 745 1127 801 enim
1148 757 1343 817 praeter
1363 755 1587 804 caeteras
1611 758 1706 803 vo-

114 834 365 898 luntaria,
398 847 499 890 nec
527 834 732 905 imponi
767 837 1021 907 cuiquam
1064 839 1358 895 necessitas
1388 847 1597 909 potest,
1648 848 1708 895 ut

111 926 282 992 colat,
330 924 473 995 quod
512 940 623 981 non
651 926 784 981 vult.
819 926 1009 982 Potest
1052 928 1245 998 aliquis
1274 928 1502 984 forsitan
1532 930 1704 984 simu-

114 1019 254 1085 lare;
286 1032 393 1073 non
436 1026 613 1089 potest
653 1020 812 1076 velle.
844 1019 1089 1092 Denique
1135 1037 1257 1077 cum
1291 1012 1437 1077 metu
1467 1031 1707 1079 tormen-

113 1119 290 1166 torum
315 1112 509 1183 aliqui,
536 1120 628 1167 aut
654 1114 977 1169 cruciatibus
1005 1115 1154 1181 victi,
1181 1115 1247 1170 ad
1273 1115 1581 1171 execranda
1615 1131 1705 1171 sae

113 1204 312 1261 criticia
341 1205 757 1271 consenserint,
799 1221 1071 1277 nunquam
1100 1206 1241 1263 ultro
1288 1205 1495 1263 faciunt
1561 1208 1707 1279 quod

114 1298 440 1354 necessitate
468 1297 750 1355 fecerunt:
777 1299 869 1354 sed
911 1298 1035 1354 data
1081 1314 1268 1356 rursus
1309 1294 1595 1367 facultate,
1643 1314 1708 1357 ac

112 1389 316 1445 reddita
341 1391 611 1459 libertate,
645 1391 889 1449 referunt
910 1408 969 1448 se
995 1393 1063 1449 ad
1090 1394 1291 1460 Deum,
1319 1408 1549 1466 eumque
1579 1404 1707 1465 pre-

112 1481 266 1537 cibus
296 1490 351 1538 et
384 1483 641 1555 lacrymis
681 1484 931 1554 placant,
970 1492 1195 1557 agentes
1232 1501 1341 1541 non
1378 1486 1704 1553 voluntatis,

109 1586 272 1643 quam
298 1587 407 1629 non
434 1573 761 1643 habuerunt,
790 1576 885 1631 sed
916 1577 1286 1644 necessitatis,
1330 1584 1492 1648 quam
1520 1586 1706 1649 pertu-

106 1664 289 1722 lerunt
312 1711 326 1735 ,
378 1667 785 1738 paenitentiam;
835 1672 890 1723 et
933 1670 1089 1725 venia
1119 1670 1570 1727 satisfacientibus
1601 1683 1707 1726 non

104 1772 355 1832 negatur.
385 1762 523 1832 Quid
553 1778 684 1834 ergo
716 1775 1013 1835 promovet,
1045 1768 1137 1837 qui
1184 1781 1381 1838 corpus
1425 1768 1704 1840 inquinat,

102 1854 325 1919 quando
355 1854 641 1910 immutare
673 1870 780 1911 non
814 1865 996 1926 potest
1016 1858 1392 1913 voluntatem?

175 1943 393 1998 Atenim
421 1944 674 2002 homines
710 1948 884 2003 inanis
924 1950 1165 2017 cerebri,
1213 1950 1260 2005 si
1309 1964 1467 2020 quem
1512 1949 1704 2007 fortem

104 2033 386 2106 adegerint
414 2036 587 2092 libare
632 2038 739 2093 diis
789 2039 936 2105 suis,
970 2036 1273 2095 incredibili
1322 2040 1601 2098 alacritate
1626 2044 1707 2098 in-

104 2126 347 2183 sulenter
371 2128 639 2198 exultant,
656 2131 873 2201 etquasi
890 2131 1097 2187 hostem
1120 2132 1221 2187 sub
1232 2131 1416 2204 iugum
1437 2134 1703 2201 miserint,

105 2219 359 2287 gaudent.
382 2219 439 2275 Si
478 2232 609 2275 vero
659 2221 884 2292 aliquis,
933 2234 1032 2278 n‘ec
1062 2225 1252 2292 minis,
1282 2238 1380 2281 nec
1427 2226 1706 2283 tormentis

108 2311 351 2377 territus,
374 2311 535 2368 [idem
550 2313 674 2369 vitae
693 2314 961 2371 anteferre
979 2317 1260 2385 maluerit,
1302 2319 1355 2373 in
1376 2317 1519 2375 hunc
1554 2320 1709 2391 inge-

104 2403 251 2457 nium
284 2417 444 2460 suum
484 2404 778 2462 crudelitas
824 2409 1040 2475 exerit,
1088 2408 1305 2466 infanda
1350 2421 1405 2467 et
1448 2412 1705 2468 intolera-

105 2494 228 2549 bilia
254 2496 504 2562 molitur;
532 2506 587 2553 et
614 2500 736 2569 quia
763 2501 942 2556 sciunt
1002 2502 1297 2573 gloriosam
1328 2519 1449 2560 esse
1469 2520 1568 2576 pro
1593 2505 1707 2562 Deo

105 2594 354 2654 mortem,
400 2597 453 2644 et
477 2587 615 2645 hanc
640 2592 796 2647 nobis
821 2607 941 2648 esse
969 2594 1252 2651 victoriam
1273 2635 1288 2659 ,
1341 2597 1387 2651 si
1434 2599 1705 2669 superatis

104 2678 417 2748 tortoribus,
450 2681 687 2736 animum
724 2696 827 2753 pro
851 2683 957 2739 [ide
995 2692 1065 2742 ac
1096 2686 1358 2758 religione
1401 2703 1702 2760 ponamus,

106 2778 157 2825 et
192 2771 293 2841 ipsi
339 2773 621 2829 enituntur
665 2785 720 2831 ut
758 2777 995 2833 vincant.
1038 2778 1156 2835 Non
1203 2779 1446 2836 afficiunt
1485 2794 1702 2839 morte:

103 2862 193 2918 sed
219 2865 534 2935 excogitant
558 2881 732 2923 novos
762 2866 1138 2941 inauditosque
1165 2872 1435 2928 cruciatus
1455 2913 1470 2938 ,
1511 2884 1570 2928 ut
1600 2870 1705 2930 tra-

102 2956 277 3025 gilitas
302 2958 574 3015 viscerum
603 2956 1105 3032 doloribuscedat;
1138 2971 1193 3020 et
1222 2965 1266 3021 si
1309 2981 1416 3021 non
1443 2966 1703 3033 cesserit,

104 3046 377 3116 differunt,
410 3048 777 3122 adhibentque
803 3046 1116 3110 vulneribus
1141 3064 1325 3111 curam
1367 3054 1700 3128 diligentem,

106 3150 163 3196 ut
188 3142 373 3199 crudis
404 3142 579 3199 adhuc
608 3145 950 3201 cicatricibus
974 3188 991 3215 ,
1019 3144 1245 3218 repetita
1279 3157 1543 3205 tormenta
1586 3149 1705 3220 plus

1068 350 1371 412 EPITOME
1414 352 1799 414 ntvtnsntnt
1834 340 2394 415 thrrw'rtouuu.

110 481 229 519 cum
275 463 521 521 homines
560 464 749 522 furiosi
790 473 848 523 et
895 466 1219 538 impotentes
1248 469 1417 526 minui
1452 470 1699 527 domina-
1730 474 1784 539 Α

3263 360 3404 422 ίοοςι

2408 586 2633 653 CAPUT
2674 586 2782 653 LV.

1806 746 2014 803 Ethnici
2043 749 2303 821 justitiam
2340 750 2395 806 in
2421 752 2678 822 sequendo
2705 751 2817 807 Deo
2853 751 3077 824 crimine
3114 752 3396 825 immolatis

2461 865 2734 936 infantum.

1881 1018 1988 1075 Sed
2019 1027 2166 1075 recte
2193 1034 2258 1076 ac
2286 1019 2480 1076 merito
2510 1020 2684 1091 puniri
2716 1034 2812 1076 eos
2840 1018 3017 1088 aiunt,
3041 1020 3134 1091 qni
3164 1019 3407 1091 publicas

1814 1111 2105 1182 religiones
2130 1129 2158 1167 a
2189 1113 2487 1184 majoribus
2530 1114 2757 1170 traditas
2797 1124 3139 1171 execrantur.
3184 1114 3323 1183 Quid
3365 1115 3411 1171 si

1807 1204 2045 1275 majores
2075 1205 2152 1260 illi
2183 1206 2331 1263 stulti
2362 1205 2578 1262 fuerunt
2599 1207 2653 1262 in
2676 1208 3035 1279 suscipiendis
3054 1208 3402 1281 religionibus

1807 1297 1963 1353 vanis
1981 1340 1997 1363 ,
2025 1298 2164 1355 sicut
2185 1299 2298 1370 jam
2324 1314 2486 1370 supra
2512 1298 2848 1356 ostendimus
2867 1340 2887 1367 τ
2913 1300 3294 1371 pra-scribetur
3315 1316 3413 1355 no-

1808 1384 1894 1441 bis
1923 1389 2213 1458 quominus
2240 1406 2367 1446 vera
2397 1400 2453 1446 et
2497 1391 2724 1447 meliora
2765 1392 3076 1448 sectemur?
3120 1390 3229 1448 Cur
3257 1394 3413 1451 nobis

1808 1479 2108 1537 auferimus
2134 1482 2465 1550 libertatem,
2494 1484 2588 1540 sed
2629 1487 2781 1555 quasi
2812 1485 3014 1541 addicti
3059 1486 3249 1543 alienis
3293 1502 3413 1544 ser-

1808 1574 1985 1629 vimus
2052 1575 2367 1631 erroribus?
2418 1575 2604 1633 Liceat
2658 1592 2884 1648 sapere,
2938 1578 3100 1635 liceat
3145 1580 3416 1649 inquirere

1808 1665 2115 1722 veritatem.
2146 1665 2250 1723 Sed
2284 1677 2486 1735 tamen,
2533 1668 2581 1724 si
2627 1668 2763 1725 libet
2809 1670 3075 1740 majorum
3117 1671 3415 1728 defendere

1812 1755 2136 1828 (stultitiam
2164 1758 2185 1829 )
2215 1774 2311 1814 cur
2335 1759 2555 1831 impune
2598 1760 2801 1817 habent
2842 1760 3083 1833 IEgyptii
3110 1804 3125 1831 ,
3181 1764 3270 1833 qui
3321 1778 3416 1833 pe-

1735 1857 1785 1925 Β
1812 1848 2002 1917 cudes,
2032 1858 2087 1905 et
2107 1850 2283 1905 omnis
2311 1851 2529 1921 generis
2559 1850 2763 1909 bestias
2790 1867 2889 1923 pro
2918 1853 3022 1907 diis
3052 1853 3278 1909 colunt?
3307 1853 3418 1911 Cur

1812 1940 1881 1996 de
1911 1941 2016 1997 diis
2049 1943 2183 2013 ipsis
2211 1953 2466 2015 aguntur,
2494 1952 2550 2000 et
2578 1944 2671 2015 qui
2715 1959 2812 2000 eos
2857 1943 3082 2001 facetius
3128 1944 3414 2016 deriserit,

1809 2032 2142 2088 honoratur?
2179 2034 2287 2090 Cur
2332 2035 2624 2092 audiuntur
2651 2035 2980 2107 philosophi,
3010 2035 3101 2107 qui
3121 2045 3213 2092 aut
3240 2037 3417 2093 nullos

1809 2120 1941 2179 deos
1985 2137 2106 2180 esse
2154 2125 2325 2194 aiunt,
2378 2130 2471 2181 aut
2496 2126 2543 2181 si
2587 2135 2748 2192 sunt,
2781 2127 2915 2182 nihil
2944 2140 3155 2195 curare,
3185 2140 3285 2185 nec
3313 2124 3415 2183 hu-

1808 2229 1965 2269 mana
1996 2217 2267 2287 respicere
2290 2257 2306 2285 ,
2352 2226 2447 2272 aut
2465 2216 2667 2273 nullam
2698 2230 2827 2274 esse
2848 2219 3088 2285 omnino,
3122 2226 3241 2289 quae
3268 2224 3420 2291 regat

1808 2302 2106 2374 mundum,
2159 2308 2550 2380 providentiam
2606 2308 2921 2365 disserunt?

1883 2396 1990 2456 Sed
2019 2394 2123 2454 soli
2161 2408 2229 2455 ex
2259 2401 2517 2457 omnibus
2540 2400 2695 2471 impii
2731 2400 3063 2471 iudicantur,
3093 2402 3184 2472 qui
3210 2400 3377 2457 Deum
3398 2445 3412 2470 ,

1808 2492 1897 2562 qui
1930 2491 2211 2546 veritatem
2260 2500 2579 2562 Sequuntur.
2627 2493 2765 2561 Quze
2802 2498 2931 2549 cum
2970 2486 3043 2549 sit
3097 2492 3291 2550 eadem
3326 2494 3416 2565 iu-

1808 2583 1974 2648 Stitia,
2016 2582 2209 2637 eadem
2235 2584 2522 2653 Sapientia,
2556 2582 2697 2638 hanc
2728 2582 2819 2639 isti
2847 2584 2939 2640 vel
2962 2582 3254 2655 impietatis
3274 2628 3289 2653 ,
3328 2587 3417 2643 vel

1807 2673 2048 2728 stultitiae
2073 2674 2298 2729 crimine
2331 2668 2622 2743 infamant;
2652 2678 2757 2731 nec‘
2772 2674 3121 2747 perspiciunt,
3156 2676 3293 2749 quid
3317 2678 3411 2747 sit,

1809 2766 1957 2836 quod
1999 2772 2093 2822 eos
2128 2758 2297 2833 fallat,
2339 2774 2462 2823 cum
2494 2776 2557 2823 et
2595 2769 2745 2824 male
2788 2766 3107 2825 vocabu‘ltIm
3152 2768 3311 2839 boni,
3361 2779 3419 2827 c‘t

1809 2860 1957 2915 bon‘o‘
1981 2856 2108 2915 mali
2140 2868 2335 2916 n‘om‘eu
2386 2862 2690 2931 imponunt.
2734 2856 2965 2917 Primuli
2989 2862 3205 2933 quidem
3238 2856 3415 2935 philo-

1809 2951 2124 3023 SOph‘orum,
2156 2946 2253 3009 Sed
2276 2954 2508 3009 m'aXitne
2541 2952 2693 3009 Plato
2718 2954 2775 3010 et‘
2798 2950 3128 3013 AristOteles
3148 2999 3164 3025 ,
3216 2957 3285 3014 de
3317 2957 3415 3028 juo'

1810 3044 1957 3101 stitia
1999 3046 2171 3102 multa
2199 3047 2459 3103 ditiorum
2478 3089 2494 3114 ,
2525 3050 2837 3105 asserentes
2865 3052 2926 3105 et
2948 3050 3268 3109 extollentes
3296 3064 3417 3108 eam

1810 3138 2019 3194 Summa
2047 3134 2209 3195 lau‘d‘e‘
2234 3140 2511 3205 virturem,
2547 3139 2691 3210 quell
2733 3146 2890 3196 suum
2937 3143 3135 3214 cuique
3180 3143 3413 3212 tribuat,

107 3232 308 3289 doloris
335 3233 628 3291 immittant
655 3253 667 3289 :
696 3246 751 3293 et
781 3237 919 3294 hanc
941 3236 1201 3296 adversus
1242 3242 1559 3299 innocentes
1585 3258 1706 3299 car-
1729 3249 1776 3313 C
1809 3229 1953 3301 (ιυσᾱ
1980 3231 2291 3302 minime“
2316 3232 2369 3286 ῖη
2398 3220 2649 3287 omnibus
2675 3240 2886 3301 εθτνθῒς
2942 3236 2998 3290 et
3033 3244 3157 3291 cum
3200 3246 3413 3293 callem

109 3325 376 3381 niticinam
405 3335 752 3395 exercentes,
800 3330 920 3400 pios
949 3331 1132 3401 utique
1160 3346 1250 3399 se,
1309 3341 1363 3388 et
1405 3332 1604 3403 justas,
1649 3342 1707 3390 et

114 3416 391 3487 religiosos
422 3427 610 3489 putant
656 3420 881 3490 (talibus
904 3423 1045 3477 enim
1073 3423 1242 3478 sacris
1267 3422 1494 3481 deorum
1525 3425 1704 3483 delec-

112 3509 334 3581 tantur),
387 3510 508 3566 illos
546 3526 677 3567 vero
717 3512 910 3583 impios
935 3524 992 3571 et
1018 3513 1334 3585 desperatos
1371 3528 1699 3589 nuncupant.

113 3600 239 3669 Qua:
264 3604 368 3659 ista
397 3610 480 3660 est
504 3606 869 3675 perversitas,
901 3611 1069 3680 utqui
1108 3609 1391 3681 torquetur
1421 3611 1701 3679 innocens,

117 3693 430 3765 desperatus
461 3704 623 3767 atque
654 3696 850 3769 impius
873 3698 1201 3769 nominetur,
1229 3702 1471 3761 carnifex
1520 3711 1709 3761 autem

111 3782 277 3857 justus
306 3789 536 3861 piusque
557 3789 803 3847 dicatur?

1809 3322 2037 3378 virtutes
2064 3322 2217 3394 quasi
2247 3323 2423 3379 tacita:
2453 3324 2583 3391 sint,
2638 3332 2694 3379 et
2742 3325 2887 3381 intus
2930 3325 3187 3393 inclusae,
3237 3328 3410 3383 solam

1809 3430 1931 3473 esse
1954 3415 2220 3486 justitiam
2243 3455 2260 3482 ,
2307 3430 2428 3486 quae
2472 3429 2571 3471 nec
2602 3415 2708 3471 sibi
2738 3424 2948 3472 tantum
2978 3417 3267 3474 conciliata
3298 3418 3408 3488 sit,

1809 3523 1911 3564 nec
1940 3508 2169 3574 occulta.
2203 3492 2472 3563 sed‘fbras
2513 3516 2623 3564 tota
2670 3508 3010 3580 promineat,
3060 3516 3117 3567 et
3162 3498 3235 3566 ad
3276 3504 3419 3567 bene

1807 3601 2118 3657 faciendum
2184 3615 2353 3671 prona
2405 3601 2517 3670 sit,
2580 3612 2638 3657 ut
2707 3602 3129 3675 (βιῶναι-ἰωῆς
3184 3605 3415 3676 prosit:

1809 3694 1971 3764 quasi
2015 3706 2145 3749 vero
2199 3693 2254 3749 in
2297 3680 2585 3764 iudicibus
2620 3695 2771 3764 solis,
2826 3704 2993 3767 atque
3043 3698 3105 3753 in
3149 3702 3421 3768 potestate

1808 3789 1986 3860 aliqua
2038 3788 2342 3846 constitutis
2396 3787 2606 3859 iustitia
2654 3804 2783 3847 esse
2829 3789 3065 3858 debeat,
3112 3800 3167 3848 et
3212 3805 3322 3849 non
3364 3791 3419 3850 iu

1810 3880 2080 3938 omnibus.

1434 3986 1795 4056 VARIORUM
1831 3994 2067 4054 NOTAE.

185 4128 243 4187 Si
270 4131 349 4198 ﬁt.
379 4128 689 4202 Elegantius
714 4138 800 4186 est
824 4129 1024 4202 legere,
1054 4128 1210 4202 sisit,

183 4192 363 4274 Atqui:
384 4192 573 4274 lnjts.
606 4202 675 4255 ad
685 4202 842 4274 quin.
868 4192 936 4242 -ἶ-
960 4192 1129 4274 Atqtti.
1160 4192 1257 4257 Ms.
1289 4199 1511 4274 Atquin:
1530 4196 1697 4260 Prae.

119 4301 184 4314 —-
210 4270 310 4326 Pro
339 4270 512 4344 Pfaflli
538 4280 593 4327 et
621 4270 949 4344 reliqunrtmt
989 4270 1159 4344 atqui,
1201 4270 1435 4344 reatituit
1476 4273 1696 4330 Taurin.

120 4360 239 4416 ius,
272 4343 638 4416 atquin,__quod
667 4342 720 4397 iu
741 4340 983 4414 antiquis
1021 4340 1311 4416 nissufere
1359 4355 1699 4416 perpetuum.

124 4402 247 4470 Vide
293 4402 415 4484 cap.
455 4402 557 4481 '55,
603 4424 659 4469 et
710 4430 830 4485 quae
881 4402 1071 4470 notavi
1118 4402 1193 4469 ad
1240 4402 1604 4539 lib.B'
1643 4416 1702 4472 4.

1374 4501 1462 4541 UN.

190 4556 314 4610 Sola
341 4563 432 4610 est.
466 4550 521 4609 Id
550 4556 654 4622 est,
686 4555 803 4610 sola
823 4572 905 4610 res
933 4556 1026 4612 est.

190 4627 481 4681 Collocavit.
507 4627 564 4681 ιη
592 4642 694 4681 ms.
724 4625 1038 4683 Conlocam‘t.

192 4694 432 4753 Placent.
462 4694 520 4755 In
548 4712 629 4752 ms
657 4697 847 4767 placat.

192 4769 410 4847 Δλειρηὶτη.
441 4768 625 4847 ιρ-ῐηε.
658 4767 881 4847 adenim,
917 4786 1015 4847 pro
1040 4774 1247 4847 etenim.
1300 4834 1338 4847 Δ
1565 4841 1647 4847 ____

194 4839 417 4914 Fortem.
474 4836 823 4914 ngmannus
865 4834 996 4914 legit
1025 4846 1174 4914 forte.
1196 4875 1265 4885 —-
1290 4834 1521 4899 Fortem.
1565 4834 1716 4898 Nihilj

127 4912 431 4987 mutandum
461 4909 746 4987 :_I_t‘ort_em__
774 4909 1349 4987 scripsitAfLactantius
1392 4922 1591 4987 :_patet
1644 4928 1712 4987 ex

129 4982 216 5057 lib.
244 4997 443 5057 v,_cap.
474 4982 536 5057 ll
578 5000 590 5037 :
632 4980 746 5035 Vidi
775 4999 866 5053 ego
886 4977 949 5037 'in
977 4978 1216 5057 Bithynia
1233 4977 1501 5057 prwsideitt
1524 4986 1713 5057 gaudio

130 5054 421 5129 mirabiliter
446 5053 655 5129 elatum,
688 5062 932 5129 tanquam
986 5053 1322 5129 barbarorum
1369 5053 1570 5129 gentem
1615 5055 1716 5110 ali-

130 5141 274 5200 quam
316 5123 626 5200 subegisset,
656 5125 793 5195 quod
816 5142 948 5181 unus
968 5168 983 5193 ,
1010 5129 1096 5200 qui
1119 5145 1209 5198 per
1237 5123 1497 5183 biennium
1526 5143 1717 5200 magna

131 5195 304 5249 virtute
349 5195 634 5257 restiterat,
692 5205 944 5263 postremo
996 5195 1172 5253 cedere
1216 5200 1354 5255 visus
1409 5207 1558 5254 esset.
1611 5195 1716 5254 Sc-

133 5267 341 5341 quentia
359 5265 500 5341 satis
523 5266 783 5341 produnt,
839 5267 892 5341 i_n
939 5267 1042 5325 hoc
1084 5280 1274 5327 nostro
1318 5272 1496 5341 capite
1548 5269 1722 5341 repeti

134 5350 249 5407 quae
277 5338 327 5390 in
359 5335 453 5390 lib.
484 5335 539 5402 v,
570 5352 689 5407 cap.
729 5338 814 5392 ll.
848 5338 981 5393 Buu.
1102 5404 1109 5407 _

203 5405 264 5462 Si
292 5408 566 5482 superatis,
594 5405 696 5482 etc.
729 5409 998 5482 Praeclare
1034 5405 1324 5469 admodum
1361 5424 1533 5482 supra
1582 5410 1721 5468 dixit

136 5474 437 5553 Lactantius
459 5477 551 5535 lib.
571 5495 604 5533 v
631 5478 744 5553 Div.
774 5478 1007 5536 Institut.
1056 5499 1177 5553 cap.
1210 5485 1276 5539 15
1303 5501 1317 5538 :
1343 5474 1524 5538 Nostri
1552 5493 1722 5539 autem

137 5544 233 5622 (ut
251 5550 313 5602 de
337 5549 460 5622 _viris
484 5550 715 5621 taceam)
753 5553 896 5622 pueri
921 5562 968 5607 et
996 5544 1317 5610 tttuliercultz
1346 5564 1564 5610 tortores
1602 5570 1723 5610 suos

140 5620 273 5673 taciti
300 5619 543 5685 vincunt;
590 5631 637 5677 et
683 5619 966 5693 exprimere
1006 5624 1110 5681 illis
1157 5626 1405 5698 gemitum
1450 5642 1541 5681 nec
1589 5626 1726 5697 ignis

142 5700 312 5759 potest.

213 5758 391 5816 Morte.
423 5762 481 5819 ln
513 5778 612 5819 ms.
643 5773 873 5821 mortem.

212 5830 535 5890 Exercentes.
577 5835 634 5893 lu
661 5851 761 5892 ms.
795 5848 1045 5894 exercent.
1077 5868 1148 5881 —-
1173 5830 1505 5899 Exercentes.
1538 5832 1620 5898 Ob
1650 5839 1729 5897 in-

1805 4142 2017 4204 gratum
2046 4130 2578 4205 sonum'_innocerttes
2600 4174 2614 4189 .
2641 4174 2655 4190 .
2681 4174 2695 4188 .
2727 4138 3017 4193 exercenlet
3035 4178 3051 4205 ,
3090 4134 3153 4194 et
3192 4136 3339 4205 q‘tiia‘,
3363 4140 3418 4197 in

1816 4203 1922 4280 ins.
1979 4203 2498 4280 ecercent‘leg‘ttur,
2539 4205 2789 4280 Davisius
2836 4203 3065 4280 corrigit
3107 4226 3132 4280 :g
3175 4203 3244 4264 Et
3296 4204 3421 4267 dum

1810 4278 1943 4345 hanc
1964 4276 2205 4329 adversus
2233 4276 2851 4345 innocelttes‘caft-ttiﬁcattt’
2891 4276 3148 4337 exercent.
3172 4280 3307 4337 BUN.

1886 4344 2269 4422 Prtescribetur.
2296 4346 2525 4422 Clariss.
2543 4344 2765 4422 Pfaflius
2789 4351 3239 4422 puta‘tlegendum
3267 4366 3410 4422 esse,

1816 4433 1939 4488 nam
1966 4416 2345 4488 prescribet'ur,
2372 4416 2458 4488 vel
2492 4418 2914 4488 prwscribeturtte
2939 4416 3105 4476 uoltis“.

1738 4480 1796 4543 D
1891 4478 2201 4560 stultitiam;
2235 4478 2394 4541 Deest
2421 4478 2608 4542 in='tns.
2647 4486 2805 4542 Plat}.-
2833 4490 3121 4560 supplevit;

1866 4558 2143 4641 _Agttntur.
2176 4556 2253 4612 Ita
2278 4571 2406 4641 _ms.
2460 4571 2558 4626 pro
2591 4572 2717 4641 .quo
2744 4556 3007 4641 emiss;
3031 4560 3257 4618 Pramus
3298 4564 3417 4619 cxi-

1811 4626 1996 4686 stimat
2021 4626 2387 4697 reponendum
2417 4641 2541 4683 esse
2573 4626 2841 4701 jactentur.
2867 4633 2937 4686 At
2962 4632 3227 4688 Heuman'.
3261 4644 3413 4702 putat

1812 4701 1889 4783 nil
1913 4698 2609 4783 muta'nduntnessesjdque
2646 4702 2843 4783 probat
2884 4717 2971 4783 es_
3006 4703 3180 4783 lustit.
3235 4705 3412 4783 Dixin.

1815 4771 1911 4825 lib.
1940 4785 1999 4837 v,
2025 4784 2147 4840 eap.
2173 4769 2267 4844 20.,
2298 4770 2385 4844 ubi
2433 4769 2628 4844 legitur
2649 4769 2656 4770 “
2675 4772 2860 4844 mimos
2885 4774 3011 4844 agi,
3050 4775 3279 4832 verbum
3302 4774 3415 4833 Co-

1815 4844 2096 4896 micorum.
2128 4866 2198 4914 τ
2220 4840 2324 4895 Car
2350 4840 2419 4894 de
2453 4840 2571 4895 Diis
2608 4841 2739 4914 ipsis
2764 4840 3004 4914 agitatior.
3038 4845 3265 4903 Pfaflius
3289 4864 3418 4904 cor.

1816 4911 2428 4993 rexerayed-ideratque
2469 4926 2591 4967 cum
2620 4911 3226 4993 Walcliiaslocanmr;
3276 4929 3331 4993 at
3360 4920 3415 4977 in

1818 4999 1920 5062 ms.
1958 5000 2065 5062 _cur
2089 4983 2291 5062 de__dt'in
2329 4983 2465 5062 ipsis.
2490 4983 3412 5062 agantur._()ptit_ue.'supplendum,

1819 5054 2001 5133 Mimi,
2029 5069 2102 5110 ex
2146 5054 2240 5133 lib.
2256 5070 2305 5133 _v
2339 5054 2512 5133 Instat.
2533 5095 2548 5120 ,
2730 5054 2846 5133 20::
2877 5058 2979 5115 Eos
3011 5054 3191 5133 (deos)
3217 5054 3418 5132 publice

1820 5126 2134 5197 turpiterque
2159 5124 2422 5191 derident,
2454 5127 2516 5179 de
2552 5124 2741 5196 quibus
2760 5129 2914 5184 etiam
2942 5124 3127 5187 mtinos
3296 5146 3414 5188 cum

1818 5198 1931 5251 risu
1955 5202 2007 5250 et
2027 5195 2286 5265 voluptate
2316 5197 2600 5262 patiuntur.
2635 5198 2772 5254 BDN.

1894 5268 1956 5338 Si
1979 5276 2115 5322 sunt.
2149 5267 2309 5323 Forte
2338 5268 2483 5338 legas
2511 5269 2555 5323 st'
2578 5269 2700 5323 sint.

1894 5337 2299 5393 Providentiam.
2334 5337 2519 5394 ln‘ms.
2551 5338 2890 5409 prouidentia.
3064 5390 3071 5395 .

1899 5410 2187 5465 Disserunt.
2210 5410 2354 5481 Lege
2398 5420 2649 5466 asserunt.
2672 5410 3157 5483 fumium—Mos
3178 5413 3425 5483 sequitur

1825 5481 1932 5537 alio
1985 5496 2176 5548 sensu,
2231 5491 2542 5547 asserentes;
2592 5481 2687 5554 sed
2737 5485 2862 5554 quia
2905 5484 2957 5538 in
3002 5498 3103 5539 ms.
3150 5481 3423 5554 servatur,

1827 5554 2101 5617 disserunt,
2125 5562 2180 5609 et
2207 5554 2523 5624 praecessit,
2567 5553 2717 5624 aiant
2759 5553 3055 5610 asserenda
3085 5565 3170 5611 est
3196 5553 3421 5611 Taurin.

1828 5625 2118 5694 scriptura,
2142 5623 2218 5681 ex’
2236 5625 2327 5681 lib.
2354 5638 2409 5689 v,
2436 5628 2556 5695 cap:
2593 5623 2679 5692 10,
2712 5625 2803 5682 ubi
2829 5627 2883 5681 in
2907 5625 3099 5683 eadem
3135 5642 3203 5681 re
3236 5628 3427 5693 aiunt,

1830 5696 2089 5751 disserunt
2106 5738 2121 5761 ,
2158 5695 2497 5751 disseruntur.
3074 5697 3208 5753 Buu.

1904 5766 2150 5839 Primali.
2174 5766 2515 5839 Arbitrantur
2538 5765 2885 5823 Heumannus
2898 5777 2955 5825 et
2976 5777 3096 5839 post
3112 5784 3235 5825 eum
3252 5764 3426 5825 Fitz-.

1835 5839 1965 5896 sche
2021 5838 2110 5896 hic
2158 5852 2279 5896 esse
2329 5838 2582 5897 mendum
2610 5838 3087 5912 typographicum,
3120 5840 3239 5900 loco
3280 5840 3431 5915 verbi
