3816 6264
1759 308 1945 365 FIRM.
1986 299 2346 363 LACTAN'I‘II

510 439 669 511 Atqui
711 435 885 492 nullus
910 441 994 488 est
1019 429 1330 492 hominum,
1365 441 1432 480 ne
1469 424 1774 478 intimorum
1808 419 2023 490 quidem
2054 413 2387 485 Ajustitiam
2432 409 2581 478 sequi
2621 405 2813 470 velint,
2853 416 2918 457 ac
2961 414 3116 457 suum
3156 398 3346 470 cuique
3387 402 3639 473 restituere,

437 550 500 589 ac
540 528 912 586 mendicorum
934 566 948 591 ,
987 525 1041 579 in
1064 537 1221 592 quem
1247 519 1452 591 justitia
1479 517 1672 570 cadere
1700 531 1807 569 non
1835 511 2026 583 possit.

438 625 544 681 Sed
569 623 690 694 quia
721 619 1039 690 ignorabant
1069 615 1194 687 quid
1224 623 1388 679 esset,
1406 610 1547 666 unde
1575 608 1883 679 proflueret,
1904 603 2031 676 quid

341 789 348 798 .
436 721 620 786 Operls
647 715 896 780 haberet,
915 725 1181 768 summam
1214 708 1360 763 illam
1389 706 1664 770 virtutem,
1691 702 1862 767 idest,
1883 714 2031 754 com-

437 827 597 868 mune
649 808 892 864 omnium
939 805 1142 860 bonum
1192 801 1376 872 paucis
1426 798 1766 858 tribuerunt,
1806 805 2032 861 eamque

437 904 612 960 nullas
631 899 892 957 utilitates
912 897 1157 969 proprias
1185 891 1459 962 aucupari,
1485 889 1579 945 sed
1604 887 1793 942 alienis
1827 894 2031 940 tantum

347 989 354 994 ’
435 993 731 1052 commodis
789 989 1008 1046 studere
1052 989 1328 1042 dixerunt.
1376 982 1486 1037 Nec
1534 979 1804 1036 immerito
1855 975 2036 1032 extitit

435 1087 781 1153 Carneades,
840 1085 1003 1138 homo
1034 1094 1248 1137 summo
1276 1077 1493 1148 ingenio
1536 1082 1591 1128 et
1619 1070 1900 1136 acumine,
1942 1066 2034 1137 qui

437 1180 964 1240 refelleret'istorum
1005 1175 1325 1238 orationem,
1357 1179 1412 1225 et
1435 1165 1691 1239 justitiam
1715 1205 1729 1229 ,
1761 1178 1879 1234 quae
1908 1161 2033 1216 fun~

435 1276 742 1332 damentum
772 1269 962 1326 stabile
995 1283 1104 1322 non
1145 1264 1400 1327 habebat,
1434 1267 1721 1324 everteret;
1760 1270 1870 1310 non
1911 1254 2035 1323 quia

435 1366 838 1440 vituperandam
867 1378 990 1418 esse
1031 1359 1294 1431 justitiam
1324 1353 1626 1418 sentiebat,
1672 1350 1766 1406 sed
1809 1357 1868 1402 ut
1913 1345 2036 1400 illos

435 1437 749 1519 defensores
791 1457 909 1528 ejus
937 1452 1248 1512 ostenderet
1289 1448 1423 1504 nihil
1450 1446 1606 1511 certi,
1641 1442 1773 1498 nihil
1800 1438 1937 1494 firmi
1968 1437 2038 1493 de

430 1556 635 1630 jnstitia
667 1553 960 1624 disputare.

890 1658 1118 1718 CAPUT
1158 1655 1290 1713 LVI.
1338 1652 1483 1725 (olim
1517 1650 1582 1720 Ι.)

834 1798 968 1861 (Div.
987 1796 1109 1846 Inst.
1136 1793 1221 1842 lib.
1251 1807 1298 1852 v,
1327 1803 1370 1839 c.
1402 1789 1460 1838 16
1487 1793 1539 1836 et
1561 1784 1661 1846 I7.)

692 1929 768 1984 De
795 1926 1026 2001 justitia,
1063 1937 1174 1994 qua:
1204 1929 1276 1974 est
1313 1917 1416 1972 veri
1445 1914 1540 1969 Dei
1568 1913 1758 1967 cultus.

504 2066 634 2122 Nam
664 2065 707 2120 si
745 2063 952 2134 justitia
986 2069 1070 2116 est
1098 2058 1209 2115 veri
1238 2056 1330 2111 Dei
1360 2054 1538 2109 cultus
1567 2047 1720 2120 (quid
1747 2046 1890 2102 enim
1923 2053 2031 2097 tam

427 2159 631 2228 justum
654 2156 720 2211 ad
743 2155 1073 2224 mquitatem,
1102 2159 1206 2203 tam
1227 2147 1373 2216 pium
1400 2143 1467 2198 ad
1495 2142 1776 2204 honorem,
1802 2146 1908 2191 tam
1938 2149 2032 2188 ne-

431 2247 729 2304 cessarium
755 2245 821 2299 ad
847 2243 1099 2306 salutem,
1135 2252 1294 2308 quam
1334 2237 1500 2290 Deum
1529 2243 1824 2302 agnoscere
1850 2236 1906 2281 ut
1941 2241 2031 2295 pa-

431 2349 660 2403 rcntem,
690 2335 936 2391 venerari
959 2341 1015 2387 ut
1041 2330 1341 2393 dominum,
1369 2325 1594 2395 ejusque
1615 2321 1716 2390 legi
1746 2317 2030 2390 pricceptis

429 2427 886 2500 obtemperare?),
913 2424 1223 2480 nescierunt
1248 2434 1375 2489 ergo
1399 2415 1658 2486 justitiam
1689 2408 1994 2482 phi1050phi
2019 2451 2034 2475 ,

429 2525 554 2596 quia
599 2537 698 2577 nec
743 2521 920 2590 ipsum
948 2517 1118 2571 Deum
1149 2516 1524 2583 agnoverunt,
1553 2519 1654 2561 nec
1680 2503 1880 2558 cultum
1912 2501 2030 2570 ejus

431 2591 714 2686 legemque
743 2616 1065 2671 tenuerunt;
1093 2613 1148 2660 et
1179 2602 1300 2659 ideo
1330 2598 1504 2656 refelli
1532 2603 1818 2666 potuerunt
1843 2607 1874 2646 a
1899 2591 2028 2647 Car-

431 2684 623 2780 neade,
653 2704 805 2775 cujus
829 2702 946 2758 huic
969 2699 1068 2754 fuit
1089 2693 1405 2766 disputatio,
1437 2690 1642 2746 nullum
1668 2701 1795 2742 esse
1820 2684 1908 2754 jus
1934 2698 2026 2737 na-

432 2801 625 2865 turale,
655 2800 832 2867 itaque
853 2807 1044 2850 omnes
1065 2790 1388 2853 animantes,
1417 2786 1532 2855 ipsa
1563 2782 1795 2838 ducente
1817 2786 2032 2843 natura,

429 2891 710 2950 commoda
733 2906 825 2946 sua
853 2886 1167 2950 defendere,
1196 2892 1250 2939 et
1273 2878 1685 2950 ideo-justitiam
1707 2919 1723 2943 ,
1753 2876 1797 2930 si
1842 2873 2034 2929 alienis

430 2984 746 3040 utilitatibus
774 2979 1032 3044 consulit,
1058 2992 1182 3033 suas
1215 2973 1458 3044 negligit,
1485 2969 1766 3026 stultitiam
1797 2982 1920 3023 esse
1944 2965 2028 3020 di-

428 3075 676 3132 cendam.
708 3074 859 3142 Quod
882 3072 928 3127 si
954 3086 1142 3126 omnes
1164 3067 1368 3139 populi,
1399 3078 1569 3136 penes
1598 3076 1734 3132 quos
1759 3060 1831 3115 sit
1855 3061 2034 3128 impe-

437 3169 599 3233 rium,
633 3165 843 3237 ipsique
863 3161 1111 3228 Romani,
1141 3159 1233 3230 qui
1255 3156 1439 3213 orbem
1470 3163 1638 3211 totum
1667 3150 2030 3223 possederint,

2131 504 2272 577 quod
2295 504 2344 557 vi
2371 499 2608 556 etarmis
2626 501 3044 565 occupaverunt,
3071 491 3142 546 ad
3170 505 3322 544 casas
3348 499 3399 545 et
3424 503 3642 562 egestate

2132 604 2489 651 revertentur.
2521 589 2676 659 Quod
2703 589 2750 643 si
2782 585 3026 649 fecerint,
3047 585 3223 654 justos
3248 582 3468 653 quidem,
3495 587 3566 640 sed
3583 598 3640 642 ιε.

2133 703 2254 743 men
2279 687 2474 740 stultos
2497 681 2726 752 judicari
2756 692 2980 734 necesse
3006 684 3110 742 est,
3135 674 3227 745 qui
3249 684 3306 728 ut
3333 674 3450 728 aliis
3477 680 3642 747 prosint,

2133 780 2232 834 sibi
2262 793 2458 833 nocere
2485 773 2836 831 contendant.
2861 768 3084 833 Deinde,
3105 768 3152 822 si
3170 768 3391 836 reperiat
3410 768 3646 838 aliquisho—

2135 873 2356 936 minetu,
2383 870 2472 940 qui
2507 876 2599 922 aut
2628 880 2816 920 aurum
2847 877 2944 932 pro
2963 859 3292 924 aurichalco,
3322 868 3406 912 aut
3431 872 3639 930 argentum

2136 981 2232 1035 pro
2255 964 2474 1034 plumbo
2497 959 2692 1015 vendat
2723 973 2818 1027 per
2844 968 3085 1010 errorem
3107 994 3123 1018 ,
3156 960 3314 1021 atque
3337 950 3385 1005 id
3410 966 3556 1010 emere
3574 973 3641 1011 ne-

2135 1055 2362 1111 cessitas
2381 1060 2558 1122 cogat,
2591 1058 2770 1104 utrum
2793 1043 3178 1110 dissimulabit,
3207 1051 3263 1097 et
3288 1051 3420 1097 emet
3441 1058 3587 1112 parvo,
3601 1062 3646 1103 an

2139 1147 2314 1218 potius
2341 1141 2628 1199 indicabit?
2658 1141 2716 1196 Si
2756 1136 3035 1202 indicabit,
3059 1135 3243 1204 justus
3271 1134 3442 1206 utique
3464 1135 3642 1205 dicetur,

2137 1239 2260 1310 quia
2291 1252 2396 1292 non
2444 1232 2666 1297 fefellit;
2715 1229 2810 1286 sed
2835 1230 2975 1284 idem
3004 1227 3230 1293 stultus,
3256 1226 3341 1296 qui
3366 1227 3492 1281 alteri
3515 1227 3645 1285 fecerit

2138 1332 2367 1395 lucrum,
2387 1328 2491 1383 sibi
2510 1327 2786 1382 damnum.
2809 1323 2915 1379 Sed
2946 1321 3102 1376 facile
3129 1319 3197 1374 de
3226 1319 3408 1374 damno
3427 1331 3511 1376 est.
3533 1323 3636 1390 Quid,

2139 1423 2184 1476 si
2213 1423 2324 1478 vita
2355 1421 2472 1490 ejus
2504 1419 2556 1473 in
2590 1415 2890 1487 periculum
2916 1412 3118 1476 veniet,
3154 1419 3212 1466 ut
3231 1425 3348 1465 eum
3373 1426 3548 1468 necesse
3566 1418 3634 1480 sit,

2139 1525 2232 1570 aut
2255 1513 2529 1576 occidere,
2567 1520 2657 1564 aut
2685 1508 2842 1574 mori,
2884 1505 3011 1576 quid
3043 1503 3247 1560 faciet?
3275 1502 3438 1558 Potest
3461 1503 3542 1560 hoc
3558 1522 3638 1562 eve-

2140 1610 2278 1677 nire,
2306 1617 2383 1674 ut,
2414 1601 2878 1674 naufragiofacto,
2900 1599 3141 1655 inveniat
3165 1597 3387 1666 aliquem
3407 1597 3641 1655 imbecillam

2143 1702 2338 1757 tabula:
2386 1698 2773 1759 inhaerentem;
2811 1703 2905 1749 aut
2931 1693 3077 1747 victo
3105 1690 3342 1746 exercitu
3373 1688 3555 1761 fugiens,
3585 1710 3642 1749 re-

2069 1806 2117 1866 B
2145 1790 2561 1863 periataliquem
2584 1787 2916 1842 vulneratum
2946 1799 3090 1854 equo
3121 1781 3641 1840 insidentemzutrumne

2144 1897 2236 1941 aut
2279 1885 2426 1939 illum
2459 1882 2661 1947 tabula,
2693 1891 2784 1934 aut
2811 1878 2955 1934 hunc
2978 1892 3128 1948 equo
3157 1875 3469 1940 deturbabit,
3503 1888 3541 1932 ut
3559 1881 3637 1948 ipse

2145 1978 2314 2049 possit
2338 1974 2606 2032 evadere?
2633 1974 2690 2029 Si
2718 1972 3054 2041 voletjustus
3085 1985 3234 2037 esse,
3268 1985 3368 2023 non
3403 1968 3640 2029 facietzscd

2144 2073 2284 2130 idem
2308 2075 2499 2127 stultus
2523 2068 2884 2140 judicabitur,
2913 2067 3006 2137 qui
3032 2065 3168 2120 dum
3198 2062 3408 2118 alterius
3438 2064 3535 2119 vita:
3565 2083 3640 2135 par-

2141 2168 2231 2232 oit,
2263 2181 2414 2222 suam
2446 2162 2644 2234 prodit.
2669 2162 2726 2217 Si
2751 2159 2932 2226 faciet,
2955 2159 3181 2228 sapiens
3209 2157 3411 2227 quidem
3436 2158 3638 2227 videbitur,

2139 2259 2264 2330 quia
2291 2258 2390 2313 sibi
2419 2255 2686 2320 consulet;
2720 2252 2816 2308 sed
2847 2251 2991 2306 idem
3021 2251 3225 2316 malus,
3259 2249 3374 2320 quia
3403 2250 3581 2306 nocebit.

2713 2367 2940 2424 CAPUT
2982 2366 3149 2423 LVII.

2263 2490 2393 2555 (Div.
2419 2487 2540 2538 Inst.
2567 2486 2651 2536 lib.
2680 2501 2748 2545 ιιι,
2772 2500 2817 2535 c.
2843 2483 2898 2534 I7
2921 2490 2975 2534 et
2996 2483 3072 2546 18;
3103 2499 3155 2547 ν,
3186 2483 3244 2534 15
3271 2484 3322 2533 17
3349 2483 3398 2534 l8
3425 2491 3467 2534 et
3488 2485 3560 2546 19.)

2598 2616 2677 2671 De
2696 2615 2946 2687 sapientia
2990 2623 3038 2669 et
3071 2613 3316 2668 stultitia.

2211 2776 2379 2831 Acuta
2423 2774 2524 2828 ista
2565 2788 2732 2828 sane:
2765 2772 2859 2829 sed
2910 2771 3250 2841 respondere
3284 2769 3345 2824 ad
3384 2784 3437 2825 ea
3469 2767 3640 2823 facillime

2139 2883 2443 2941 possumus.
2475 2865 2706 2922 lmitatio
2740 2867 2884 2920 enim
2915 2865 3199 2919 nominum
3231 2862 3379 2928 facit,
3409 2861 3534 2916 utsic
3561 2877 3641 2914 esse

2143 2964 2406 3019 videatur.
2437 2958 2572 3014 Nam
2602 2968 2656 3014 et
2683 2956 2891 3028 justitia
2929 2958 3226 3026 imaginem
3269 2955 3413 3009 habet
3445 2953 3640 3016 stultitia,

2137 3072 2246 3111 non
2277 3064 2456 3109 tamen
2483 3061 2567 3107 est
2595 3049 2855 3115 stultitia;
2886 3059 2940 3106 et
2965 3049 3175 3104 malitia
3213 3047 3468 3118 imaginem
3498 3047 3642 3114 sapien-

2138 3150 2246 3216 tiae,
2271 3162 2376 3203 non
2403 3156 2583 3202 tamen
2610 3144 2872 3216 sapientia
2897 3152 3004 3199 est.
3026 3144 3142 3200 Sed
3172 3144 3307 3199 sicut
3330 3141 3499 3197 malitia
3519 3140 3589 3194 ista
3607 3140 3639 3192 iii

1754 3289 2117 3348 VARIORUM
2147 3287 2378 3345 ΝΟΤᾸΞ.

431 3423 654 3554 pl‘uﬁ‘mi.
691 3421 909 3478 Primuli
933 3421 1129 3492 legitur
1154 3417 1315 3475 etiam
1343 3415 1400 3471 in
1440 3409 1774 3483 autographo
1815 3407 2025 3462 clariss.

497 3513 525 3549 3
569 3511 624 3549 Il.

455 3496 624 3549 ’fail‘ti.

503 3566 674 3633 Atqui.
703 3564 759 3619 In
793 3579 896 3618 ms.
929 3563 1009 3616 Ad
1038 3562 1178 3631 quin.

501 3623 832 3706 Iri/imorum.
861 3633 951 3691 Sic
979 3623 1325 3689 lle'umannus
1357 3629 1484 3700 legit
1505 3636 1671 3684 recte.
1707 3623 1770 3680 T.
1795 3623 2027 3692 inﬁrmo-

429 3726 565 3764 rum.
1947 3730 1950 3739 ε

507 3780 644 3846 Quid
671 3788 818 3834 esset.
850 3776 1087 3834 Subaudi
1118 3775 1352 3830 Iustitia.

503 3850 814 3921 Pro/lueret.
840 3849 898 3904 In
930 3864 1031 3904 ms.
1064 3848 1396 3918 proﬂuerent.

501 3919 799 3976 Commune.
832 3921 892 3974 In
919 3935 1021 3975 ms.
1053 3932 1390 3972 communem.

502 3991 780 4060 Refelleret
807 3994 1042 4044 istorum.
1073 3989 1130 4043 In
1157 4002 1260 4060 nis.
1289 3985 1483 4055 refellat
1513 3993 1730 4060 storum.

507 4049 667 4126 Nam,
701 4071 805 4116 etc.
834 4061 1009 4130 Caput
1039 4058 1181 4130 istud
1209 4067 1264 4111 et
1290 4049 1569 4130 sequentia
1594 4055 1704 4122 jam
1733 4050 1874 4130 edita
1910 4049 2025 4130 fue-

430 4142 554 4190 rant
582 4149 594 4184 :
625 4121 687 4186 ea
717 4146 814 4186 nos
843 4121 1022 4184 denuo
1053 4128 1244 4181 damus
1271 4121 1630 4194 reet—ignitact
1659 4121 2025 4194 emendatiora

430 4189 496 4260 ad
522 4200 883 4258 mss.codices
909 4202 929 4253 Ι
967 4199 1199 4261 Bonon.,
1233 4197 1268 4249 ἓ
1292 4189 1447 4263 Βθσδῖ,
1468 4193 1618 4248 Bodl.
1647 4201 1705 4258 et
1735 4192 1802 4263 ad
1829 4190 1895 4244 16
1916 4189 2030 4263 edi-

431 4287 533 4330 tos.
566 4274 815 4335 Epitome
847 4281 1026 4324 tamen
1051 4269 1202 4322 deest
1230 4268 1282 4321 in
1310 4260 1630 4335 quibusdam
1663 4262 1845 4328 editis,
1882 4260 2029 4314 vide-

429 4348 557 4402 licet
592 4337 826 4399 Venetiis
865 4341 1023 4406 M72,
1049 4349 1103 4395 et
1134 4338 1412 4394 Rostochii
1440 4337 1599 4391 M76.

498 4441 800 4510 Agnoscere.
847 4433 1063 4510 lta_ms.
1094 4431 1317 4510 'I‘anrin.
1351 4439 1407 4486 et
1430 4429 1550 4494 alii;
1589 4429 1616 4482 1
1661 4427 1794 4496 Reg.
1826 4439 1936 4480 rec.
1973 4433 2026 4479 et

427 4502 566 4567 editi
583 4522 908 4580 cognoscere.
936 4504 1072 4559 Vide
1102 4502 1260 4557 infra.

501 4601 797 4655 Dominum.
844 4597 933 4654 Sic
957 4597 1076 4667 lego
1105 4589 1242 4667 '_cum
1275 4607 1404 4646 mss.
1442 4592 1464 4645 ί
1498 4591 1658 4667 Bon.,
1793 4587 2028 4667 Regzet

427 4673 602 4729 editis.
632 4672 691 4726 In
718 4669 941 4725 Taurin.
971 4658 1073 4733 est,
1100 4664 1282 4718 Deum.
1313 4667 1381 4717 At
1407 4661 1686 4732 sequentia
1712 4660 1745 4713 I.
1775 4675 1828 4722 v,
1854 4676 1902 4712 c.
1936 4658 2025 4733 18,

429 4744 712 4799 lectionem
743 4748 978 4796 nostram
1021 4731 1344 4793 conﬁrmant
1379 4750 1390 4784 ;
1423 4731 1585 4786 Deum
1637 4734 1688 4784 in
1738 4747 1885 4799 quem
1928 4731 2029 4782 duo

429 4813 674 4867 vocabula
701 4811 909 4864 Domini
933 4817 977 4862 et
1015 4807 1183 4860 Patris
1204 4821 1346 4876 teque
1373 4803 1660 4876 veneranda
1685 4802 2023 4876 conueniunt;

430 4894 484 4938 et
515 4882 673 4944 infra,
697 4881 784 4946 qui
815 4891 860 4934 et
887 4879 1134 4933 Dominus
1160 4872 1307 4930 verus
1337 4885 1385 4929 et
1418 4875 1577 4928 Pater
1606 4872 1904 4927 est.—Mox
1931 4886 2030 4942 pro

430 4967 478 5010 et
510 4963 633 5024 post
660 4952 760 5023 legi
789 4950 1066 5024 Fritzsche
1088 4947 1291 5002 mavult
1324 4948 1502 5016 legere
1523 4954 1631 4998 aut.

510 5013 620 5080 Nec
651 5013 844 5077 cultum
897 5021 1012 5089 ejus
1049 5020 1304 5089 legemque
1353 5013 1633 5089 tenuerunt.
1669 5014 1817 5089 Haec
1864 5013 2026 5089 verba

429 5098 624 5154 absunt
647 5111 677 5150 a
703 5108 806 5149 ms.
842 5093 866 5146 'l
899 5084 1031 5161 Reg.
1056 5084 1192 5155 réc.,
1222 5084 1276 5141 ιι.
1296 5088 1468 5161 -5740,
1498 5096 1554 5142 et
1583 5102 1632 5161 a_
1635 5085 1877 5161 pluribus
1894 5084 2023 5161 edit.

430 5169 840 5237 vet.;leguntur
888 5156 1069 5218 tamen
1114 5161 1170 5216 in
1199 5159 1418 5228 antiquo
1464 5173 1565 5215 ms.
1591 5156 1867 5212 Thomasii
1893 5165 1946 5211 et
1975 5158 2028 5209 iit

432 5237 777 5294 'l'aurinensi.

505 5309 724 5365 Nullum
748 5322 855 5361 esse
874 5307 964 5377 jus
981 5303 1236 5377 naturale,
1266 5310 1370 5377 etc.
1389 5300 1471 5355 Ex
1495 5299 1756 5377 Cicerone
1785 5299 1886 5377 hoc
1913 5314 2029 5377 niu—

432 5393 634 5437 tuatum
664 5387 767 5436 est.
795 5370 927 5433 Vide
963 5376 1280 5432 Ciceronem
1313 5373 1409 5429 lib.
1448 5388 1505 5427 ιιι
1533 5372 1600 5427 de
1629 5370 1922 5441 Republica
1948 5370 2031 5424 iu-

434 5463 515 5509 tcr
540 5452 876 5521 Fragmenta.

504 5511 752 5578 Consulit.
785 5521 859 5575 lta
891 5535 1020 5577 mss.
1041 5518 1188 5573 mille
1214 5527 1305 5572 aut
1332 5517 1522 5572 saltem
1543 5513 1650 5570 900
1675 5528 1865 5568 annor.
1892 5511 2032 5566 Tau-

432 5595 562 5660 rin.,
593 5593 821 5653 Bonon.,
843 5590 1163 5658 Regio—Put.
1185 5588 1434 5660 ΛιιζὸἹδϐ.
1455 5585 1527 5642 At
1548 5587 1600 5660 in
1627 5588 1652 5639 1
1680 5585 1817 5660 Reg.
1840 5593 1894 5638 et
1915 5583 2032 5638 edi—

435 5668 503 5721 tis
532 5655 744 5736 legitur,
764 5655 1010 5718 consulet.
1045 5658 1201 5729 Apud
1230 5657 1548 5715 Ciceronem
1570 5657 1688 5711 loco
1711 5655 1877 5710 citato
1905 5670 2030 5708 con-

437 5737 604 5792 bulat.

514 5825 822 5901 ﬁegligit._l
854 5827 985 5899 Reg.
1017 5840 1128 5882 rec.
1169 5834 1224 5881 et
1249 5819 1374 5878 editi
1401 5862 1416 5891 ,
1459 5821 1714 5891 negligat;
1759 5833 1889 5876 mss.
1927 5828 2032 5874 tres

2131 3402 2508 3473 antiquissimi,
2555 3400 2786 3473 negligit.

2211 3467 2555 3528 Possederint.
2607 3467 2712 3528 Sic'
2742 3485 2871 3525 mss.
2921 3469 3079 3534 Bon.,
3117 3469 3357 3534 Taurin.,
3399 3467 3637 3538 Regio-Pal.

2134 3547 2284 3601 Alter
2316 3544 2445 3614 Reg.
2471 3558 2586 3598 rec.
2611 3542 2772 3614 editi1
2793 3552 2849 3596 et
2876 3541 3087 3614 Cicero,
3122 3542 3400 3614 possedere.

2203 3610 2419 3670 Casasf
2441 3615 2516 3670 Ita
2565 3629 2693 3668 mss.
2746 3613 2906 3676 Bon.,
2939 3613 2975 3665 2
3005 3612 3145 3682 Reg.
3178 3622 3232 3665 et
3259 3610 3402 3674 editi;
3434 3625 3516 3682 nec
3531 3611 3636 3663 aliter

2128 3687 2442 3743 Lactantius
2485 3687 2600 3753 ipse
2645 3684 2738 3738 lib.
2770 3700 2825 3748 v,
2854 3698 2970 3751 cap.
3007 3680 3110 3746 16,
3145 3683 3246 3737 sub
3277 3680 3547 3753 initiunLAt
3567 3697 3635 3734 ms.

2130 3759 2351 3813 'l‘aurin.
2375 3768 2431 3813 et
2457 3751 2652 3812 Cicero
2682 3755 2947 3824 vulgatus,
2980 3769 3192 3816 causas,
3228 3751 3320 3807 sed
3349 3765 3563 3820 corrupte.

2200 3827 2398 3882 Justos.
2425 3827 2580 3895 Apud
2603 3823 2921 3881 Ciceronem
2953 3835 3009 3878 et
3036 3826 3087 3878 in
3117 3825 3280 3878 editis
3305 3831 3404 3895 est,
3421 3824 3553 3890 justas
3579 3823 3632 3873 di-

2128 3917 2296 3954 cemus
2323 3893 2544 3969 quidem.
2577 3897 2710 3969 Tres
2741 3895 3013 3950 veterrimi
3045 3911 3181 3969 m_s_s.
3215 3903 3274 3969 ut
3297 3893 3348 3969 in
3378 3901 3512 3969 textu.

2200 3961 2460 4023 Judicari.
2502 3968 2558 4020 Ill
2589 3968 2615 4021 1
2652 3967 2785 4036 Reg.
2820 3981 2930 4021 rec.
2961 3974 3016 4021 et
3045 3965 3180 4021 edit.
3213 3965 3450 4034 iudicare;
3475 3964 3511 4016 in
3538 3961 3633 4016 Tau-

2132 4041 2235 4097 rin.
2268 4050 2322 4095 et
2352 4038 2668 4110 Regio-Pot.
2689 4037 2944 4109 judicari.

2204 4106 2542 4166 Contendant.
2579 4106 2792 4173 Cicero,
2822 4106 3155 4162 contendunt.

2209 4183 2388 4252 Cogal.
2414 4180 2470 4234 In
2491 4179 2736 4252 Taurin;
2753 4194 2856 4252 ms.
2886 4188 3050 4249 coget.

2203 4247 2577 4306 Diisimulabit.
2609 4250 2668 4304 In
2694 4249 2916 4304 Taurin.
2949 4247 3049 4302 ins.
3079 4247 3428 4302 dissimulavit.

2199 4321 2478 4377 Indicabit.
2527 4322 2584 4376 In
2624 4335 2729 4375 ms.
2763 4320 2985 4375 Taurin.
3033 4319 3115 4374 bis
3151 4318 3400 4374 indicavit.
3431 4313 3626 4380 Decst,Si

2128 4395 2391 4459 indicabit,
2422 4395 2474 4447 in
2503 4392 2663 4447 editis
2705 4391 3045 4462 quibusdam.

2051 4487 2106 4546 Ι)
2138 4538 2170 4546 Δ
2202 4465 2358 4546 Eum,
2379 4473 2482 4546 etc.
2506 4459 3631 4546 Editil_egunt,eumarliquandqnecessesit,etc.

2132 4537 2558 4603 Quidamtamen
2583 4531 2820 4600 codices,
2855 4542 2993 4587 teste
3019 4532 3245 4594 Gallaeo,
3279 4531 3441 4600 legunt
3462 4540 3635 4603 occupare

2134 4596 2223 4660 a'ut
2258 4607 2387 4660 mori
2418 4622 2431 4658 :
2463 4605 2555 4660 sed
2601 4605 2777 4659 minus
2803 4596 2948 4658 recte
2974 4605 3026 4657 in
3055 4604 3175 4657 aliis
3207 4596 3387 4668 legitur
3410 4599 3581 4652 occidere
3600 4596 3634 4647 in

2133 4679 2304 4734 activa
2335 4675 2744 4746 significatione,
2768 4676 2920 4744 quasi
2941 4673 3090 4729 dicas
3116 4675 3378 4746 perimere.
3404 4670 3490 4724 Sed
3513 4675 3632 4746 tertiis

2136 4751 2305 4803 nostri
2329 4736 2487 4802 lectio
2515 4747 2689 4815 aptio‘r
2712 4736 2802 4801 est
2814 4755 2974 4815 atque
3003 4736 3438 4800 accommodatior
3458 4740 3575 4808 capiti
3591 4736 3631 4790 ll

2134 4820 2257 4876 libri
2283 4836 2314 4873 v
2345 4818 2764 4872 Institutionum.

2167 4963 2176 4973 .
2206 4890 2442 4972 Eveiiire.
2482 4887 2558 4943 Ita
2594 4902 2726 4944 mss.
2759 4887 2920 4956 Bon.,
2948 4887 2985 4940 2
3023 4885 3156 4958 Reg.
3186 4896 3240 4942 et
3264 4885 3412 4949 editi;
3439 4896 3518 4936 ms.
3541 4877 3634 4932 Tata

2135 4979 2217 5018 l'lll
2228 5002 2238 5014 .
2270 4978 2456 5016 ventre.

2208 5032 2413 5088 Prodit.
2445 5032 2498 5086 In
2528 5045 2658 5086 mss.
2684 5031 2817 5102 Reg.
2848 5045 2960 5087 rec.
2984 5038 3041 5102 et
3069 5027 3227 5102 editis
3249 5072 3263 5093 ,
3321 5027 3485 5102 perdet.
3522 5020 3634 5074 Rede
3723 5055 3725 5062 .

2136 5104 2350 5174 quidem
2381 5121 2393 5156 τ
2423 5113 2477 5174 at
2505 5118 2634 5158 mss.
2663 5103 2704 5156 Τ
2709 5097 2882 5157 auriti.
2910 5110 2964 5156 et
2984 5099 3295 5170 Regio-Plit.
3321 5097 3485 5167 prodit.

2210 5174 2334 5229 Sed.
2359 5173 2464 5228 Et].
2485 5175 2573 5228 sed
2599 5182 2664 5228 et.

2210 5245 2448 5299 Nocebit.
2464 5243 2690 5312 Quidam
2708 5243 2996 5299 restituunt
3020 5243 3110 5297 alii
3131 5241 3318 5296 nocebit
3343 5259 3354 5292 :
3385 5237 3482 5300 vide
3502 5232 3632 5288 Istrum

2134 5315 2201 5373 ad
2224 5315 2365 5372 istud
2386 5326 2545 5383 caput
2566 5315 2797 5385 Epitom.

2209 5389 2391 5441 Acuta.
2428 5375 2547 5442 Lib.
2571 5375 2750 5440 v'Div.
2787 5385 3020 5441 lnstitut.
3048 5401 3167 5456 cap.
3199 5383 3264 5438 l7
3283 5381 3469 5451 legitur,
3492 5375 3633 5443 Arguta

2138 5460 2246 5513 haec
2278 5458 2449 5513 ulane.

2174 5475 2246 5515 ωε
2277 5474 2449 5528 plane.

2210 5519 2500 5584 Facillime.
2527 5527 2626 5583 Ms.
2650 5528 2786 5598 Reg.
2813 5543 2924 5583 rec.
2951 5537 3007 5582 et
3026 5526 3113 5583 ed.
3130 5526 3294 5598 facile.
3317 5526 3380 5580 At
3399 5536 3505 5578 mss.
3527 5519 3631 5573 ὅτω-

2141 5602 2238 5672 tiq.
2271 5601 2534 5672 facillime.
2742 5669 2772 5672 _
3178 5668 3191 5672 _
3265 5666 3293 5672 _
3347 5665 3411 5672 __
3468 5660 3502 5672 ,-
3577 5654 3606 5672 ._
3719 5653 3724 5672 ς

2215 5654 2468 5726 latitatio.
2497 5654 2574 5726 Ita
2607 5686 2708 5726 ms.
2742 5669 2876 5740 Reg.
2906 5685 3018 5740 rec.
3050 5679 3103 5724 et
3131 5668 3216 5723 ed.
3261 5665 3360 5722 Sed
3399 5665 3444 5720 in
3468 5654 3623 5716 Taurin.
3719 5654 3724 5672 ⁵

2146 5745 2377 5810 Bonon.,
2410 5743 2726 5814 Regio-Pal.
2759 5739 2862 5807 est,
2889 5739 3201 5814 gratulatio.

2221 5815 2345 5873 Sed.
2365 5803 2666 5875 Nonvextat
2691 5813 2746 5871 in
2777 5803 3153 5888 ius..Taurin.,
3180 5809 3334 5869 estin
3360 5803 3544 5868 caeteris.
