3816 6264
139 335 270 395 1065

1124 334 1429 391 EPITUME
1468 335 1847 394 DIVINARUM
1887 336 2443 397 INSTITUTIONUM.

3279 352 3418 412 1066
3506 306 3513 315 ο

135 441 508 505 conservandis
536 440 849 497 utilitatibus
896 442 1010 499 suis
1050 442 1358 516 intelligens
1398 457 1451 502 et
1481 456 1664 517 arguta
1690 490 1705 513 ,
1735 453 1785 511 Α
1812 450 2140 517 nocentiam,
2187 459 2464 508 teneamus
2484 451 2780 523 justitiam;
2811 456 3101 516 subeamus
3127 460 3414 535 imaginem

134 556 235 598 non
261 535 546 606 sapientia,
578 535 672 590 sed
702 536 964 591 calliditas
989 547 1045 591 et
1070 541 1268 592 astutia
1292 547 1394 604 est;
1426 540 1494 592 ita
1519 549 1575 594 et
1597 540 1712 609 jus-

134 636 241 691 titia
268 646 373 686 non
402 630 564 687 debet
604 631 862 698 stultitia,
907 632 1021 688 sed'
1046 633 1351 690 innocentia
1404 637 1666 691 nominari
1695 654 1709 691 :

133 725 246 797 quia
277 735 500 777 necesse
526 728 645 784 est,
690 731 745 776 et
767 721 971 790 justum
999 737 1122 779 esse
1148 724 1473 794 sapientem,
1505 735 1559 780 et
1585 741 1709 781 eum

130 815 216 886 qui
235 814 306 868 sit
329 811 546 877 stultus,
574 810 852 881 injustum.
885 812 1017 868 Nam
1038 828 1212 884 neque
1233 815 1393 882 ratio,
1418 831 1593 886 neque
1614 830 1712 870 na-

133 916 242 961 tura
268 903 380 971 ipsa
408 901 689 971 permittit,
719 910 778 954 ut
824 904 869 957 is
898 904 990 972 qui
1010 901 1189 973 justus
1215 915 1318 971 est,
1366 907 1580 974 sapiens
1603 924 1709 962 non

128 997 211 1060 sit;
226 993 474 1064 quoniam
497 990 676 1061 justus
691 991 823 1047 nihil
848 980 1032 1064 utique
1051 993 1197 1058 facit,
1211 996 1315 1050 nisi
1342 997 1483 1067 quod
1503 1007 1707 1053 rectum

126 1098 176 1143 et
204 1088 392 1142 bonum
422 1093 528 1149 est,
561 1098 784 1150 pravum
813 1095 866 1140 et
897 1085 1098 1141 ntalum
1145 1102 1360 1157 semper
1392 1089 1544 1157 fugit.
1579 1090 1710 1158 Quis

124 1186 293 1235 autem
317 1174 630 1231 discernere
654 1176 853 1231 bonum
882 1187 937 1231 et
964 1177 1164 1232 malum
1189 1219 1205 1242 ,
1250 1193 1472 1247 pravum
1499 1190 1551 1234 et
1594 1196 1710 1235 rec-

126 1281 227 1325 tum
255 1276 471 1338 potest,
519 1266 624 1322 nisi
652 1268 743 1337 qui
792 1268 1008 1337 sapiens
1054 1269 1252 1325 fuerit?
1282 1271 1486 1327 Stultus
1526 1283 1705 1328 autent

122 1362 256 1419 male
286 1359 431 1425 facit,
465 1359 589 1430 quia
618 1358 819 1414 bonum
857 1369 912 1416 et
950 1360 1145 1415 malum
1173 1362 1302 1431 quid
1329 1364 1434 1430 sit,
1473 1365 1703 1433 ignorat.

117 1458 236 1512 Ideo
257 1462 462 1524 peccat,
482 1454 604 1523 quia
621 1467 730 1506 non
758 1461 934 1523 potest
949 1466 1111 1523 prava
1131 1463 1185 1507 et
1204 1463 1350 1508 recta
1373 1454 1703 1511 discernere.

118 1549 228 1602 Non
260 1553 435 1617 potest
464 1560 612 1615 ergo,
644 1560 818 1615 neque
845 1547 1011 1599 stulto
1031 1544 1260 1613 justitia,
1299 1561 1475 1616 neque
1504 1548 1705 1617 injuslo

114 1639 374 1710 sapientia
418 1639 727 1693 convenire.
759 1636 962 1692 Stultus
989 1635 1150 1707 igitur
1180 1652 1289 1690 non
1321 1648 1405 1692 est
1428 1678 1443 1704 ,
1487 1640 1577 1708 qui
1606 1654 1706 1694 nec

114 1732 289 1786 tabula
319 1730 630 1800 naufragum
656 1771 672 1796 ,
722 1744 820 1785 nec
843 1745 984 1800 equo
1008 1731 1249 1785 saucium
1279 1729 1557 1799 dejecerit,
1581 1732 1705 1801 quia

111 1839 169 1878 se
208 1822 464 1877 abstinuit
494 1836 524 1874 a
557 1821 821 1886 nocendo,
851 1821 994 1890 quod
1032 1831 1116 1876 est
1155 1831 1466 1891 peccatum;
1518 1836 1706 1892 pecca-

114 1925 221 1969 tum
248 1923 430 1968 autem
457 1913 627 1968 vitare
650 1913 910 1982 sapientis
929 1922 1032 1968 est.

177 2005 281 2063 Sed
314 2014 370 2059 ut
397 2005 591 2059 stultus
618 2006 787 2074 prima
817 2005 950 2059 facie
986 2006 1246 2072 videatur,
1279 2006 1365 2061 illa
1396 2022 1483 2062 res
1519 2008 1701 2075 efﬁcit,

112 2097 248 2169 quod
275 2097 512 2165 extingui
536 2096 768 2150 animam
812 2110 933 2150 cum
979 2112 1207 2167 corpore
1245 2099 1590 2153 existimant:
1622 2100 1707 2155 id-

113 2191 253 2247 tirco
294 2204 452 2244 omne
488 2187 830 2243 commodum
869 2189 935 2243 ad
975 2189 1115 2244 hanc
1152 2191 1314 2243 vitam
1351 2190 1615 2246 referunt.
1651 2192 1708 2249 Si

113 2283 252 2338 enim
295 2288 417 2350 post
456 2288 685 2335 mortem
712 2279 841 2334 nihil
886 2290 989 2344 est,
1030 2280 1213 2349 utique
1238 2281 1399 2336 stulte
1428 2281 1575 2349 facit,
1618 2282 1709 2352 qui

114 2373 331 2431 alterius
350 2372 544 2427 anima:
575 2372 744 2442 parcit
769 2386 891 2426 cum
921 2371 1202 2439 dispendio
1239 2384 1373 2437 sua},
1401 2380 1494 2425 aut
1519 2371 1609 2441 qui
1629 2372 1710 2426 al-

117 2468 276 2522 terius
296 2466 447 2520 lucro
466 2463 633 2535 magis
650 2479 808 2533 quam
825 2478 923 2517 suo
942 2463 1193 2518 consulit.
1226 2462 1282 2518 Si
1304 2478 1452 2518 mors
1471 2463 1705 2518 animam

116 2561 271 2625 delet,
294 2558 471 2614 danda
493 2566 577 2614 est
596 2572 782 2627 Opera,
812 2572 919 2626 quo
945 2557 1143 2612 diutius
1167 2556 1611 2627 commodiusque
1630 2557 1709 2610 vi-

114 2668 325 2709 vamus:
380 2652 425 2707 si
464 2650 642 2707 autem
673 2652 777 2706 vita
812 2660 931 2721 post
959 2660 1188 2706 mortem
1232 2659 1480 2721 superest
1507 2658 1708 2706 acterna

116 2754 163 2800 ct
187 2744 367 2810 beata,
400 2745 538 2799 hanc
566 2744 746 2813 utique
771 2742 1107 2811 corporalem
1129 2758 1249 2797 cum
1279 2742 1529 2798 omnibus
1551 2753 1708 2797 terra!

115 2837 261 2891 bonis
283 2835 465 2906 justus
494 2844 549 2889 et
587 2836 801 2905 sapiens
836 2842 1168 2901 contemnet,
1212 2834 1334 2904 quia
1366 2838 1519 2899 sciet,
1551 2834 1709 2903 quale

1816 540 2055 597 stultitiae
2074 582 2092 609 ,
2118 550 2377 598 utveram
2409 542 2723 612 sapientiam
2751 554 2938 604 tenere
2981 552 3268 620 possimus.
3300 556 3418 615 Etsi

1815 630 2123 688 hominibus
2170 634 2413 705 ineptum
2448 635 2664 691 videtur
2697 651 2762 692 ac
2811 640 3053 708 stultum,
3097 648 3333 714 torqueri
3364 658 3420 705 et

1815 725 1954 778 mori
1992 724 2173 789 malle,
2217 741 2376 795 quam
2427 726 2597 783 libare
2633 728 2759 796 diis,
2810 740 2865 785 et
2906 730 3057 788 abire
3094 736 3214 792 sine
3252 753 3415 810 noxa,

1815 828 1914 868 nos
1943 821 2120 870 tamen
2151 816 2298 872 omni
2326 818 2524 874 virtute
2549 820 2802 890 omnique
2830 823 3082 891 patientia
3114 827 3273 885 fidem
3307 830 3422 889 Deo

1812 905 2068 963 exhibere
2094 908 2349 964 nitamur.
2379 910 2493 966 Non
2522 927 2669 967 mors
2708 922 2928 978 terreat,
2960 932 3067 973 non
3097 918 3253 976 dolor
3274 924 3420 980 fran-

1810 1005 1919 1066 gat,
1964 997 2252 1065 quominus
2297 1002 2449 1070 vigor
2469 1003 2655 1068 auimi,
2690 1014 2745 1059 et
2770 1009 3068 1063 constantia
3098 1011 3417 1071 inconcussa

1811 1096 2077 1142 seivetur.
2124 1090 2326 1145 Stultos
2370 1103 2581 1158 vocent,
2626 1094 2917 1152 dummodo
2946 1098 3046 1168 ipsi
3075 1101 3181 1156 sint
3209 1105 3422 1161 stultis-

1811 1179 1957 1244 simi,
2000 1190 2054 1234 et
2077 1182 2233 1248 cmei,
2265 1192 2319 1237 et
2350 1183 2588 1252 hebetes,
2622 1195 2676 1241 et
2708 1188 3004 1256 pecudibus
3030 1194 3294 1262 aequales;
3325 1198 3416 1267 qui

1812 1284 1916 1322 non
1936 1268 2240 1341 intelligunt
2259 1287 2378 1327 esse
2401 1274 2759 1343 mortiferum,
2782 1280 2967 1335 relicto
3001 1282 3108 1338 Deo
3134 1285 3417 1356 vivo,pro~

1809 1368 2053 1416 sternere
2071 1377 2129 1415 se
2144 1372 2303 1432 atque
2317 1364 2545 1418 adorare
2568 1377 2810 1436 terrena;
2833 1372 2920 1440 qui
2941 1375 3207 1439 nesciunt,
3222 1388 3275 1432 et
3294 1380 3416 1436 illos

1809 1459 2066 1506 aeternam
2105 1468 2315 1522 pmuatn
2346 1472 2596 1523 manere,
2652 1462 2742 1529 qui
2787 1462 3039 1531 figmenta
3083 1467 3418 1527 insensibilia

1808 1542 2009 1599 fuerint
2034 1548 2293 1613 venerati,
2324 1559 2378 1603 et
2407 1564 2522 1616 eos,
2564 1552 2653 1617 qui
2682 1567 2782 1607 nec
2823 1562 3110 1624 tormenta,
3141 1575 3241 1616 nec
3270 1577 3418 1618 mor-

1811 1644 1916 1691 tem
1947 1652 2042 1705 pro
2066 1638 2210 1694 cultu
2241 1650 2294 1693 et
2325 1639 2531 1695 honore
2560 1643 2669 1697 veri
2700 1645 2795 1699 Dei
2822 1652 3209 1717 recusaverint,
3249 1654 3414 1709 vitam

1812 1741 2123 1800 perpetuam
2151 1742 2556 1789 consecuturos.
2588 1735 2715 1791 Hauc
2753 1747 2836 1792 est
2875 1739 3012 1796 fides
3042 1756 3271 1809 summa,
3300 1745 3418 1802 haec

1734 1830 1783 1890 Β
1812 1838 1941 1879 vera
1966 1825 2254 1893 sapientia,
2287 1825 2402 1881 haec
2430 1828 2665 1896 perfecta
2688 1829 2912 1898 justitia.
2937 1833 3079 1889 Nihil
3110 1837 3175 1891 ad
3212 1853 3311 1894 nos
3334 1849 3417 1895 at—

1813 1914 1966 1979 tinet,
1994 1915 2119 1984 quid
2159 1915 2404 1985 judicent
2429 1918 2598 1981 stulti,
2641 1921 2767 1989 quid
2810 1920 3122 1979 homunculi
3156 1929 3412 1986 sentiant.

1811 2003 1920 2059 Nos
1941 2003 2201 2073 judicium
2231 2007 2325 2061 Dei
2348 2017 2633 2077 expectare
2654 2009 2939 2078 debemus,
2968 2025 3025 2068 ut
3051 2030 3147 2071 eos
3177 2028 3420 2094 postmo:

1812 2093 1963 2163 dum,
1989 2096 2080 2165 qui
2104 2096 2171 2163 de
2197 2098 2353 2152 nobis
2372 2100 2750 2166 judicaverint,
2771 2102 3094 2171 judicemus.

2147 2277 2155 2287 ο
2241 2209 2485 2266 (ΞΛΡΠΤ⁴
2512 2211 2689 2279 LVIII,
2723 2214 2857 2269 alias
2909 2216 2972 2270 II.

2214 2318 2347 2381 (Div.
2374 2320 2493 2371 Inst.
2520 2320 2605 2371 lib.
2632 2336 2697 2380 γι,
2724 2334 2769 2370 c.
2790 2324 2815 2372 1
2845 2333 2898 2374 et
2917 2325 3009 2389 2.)}

2175 2421 2251 2475 De
2279 2438 2395 2477 vero
2426 2426 2564 2477 cultu
2588 2424 2685 2478 Dei
2709 2435 2756 2479 et
2781 2429 3057 2497 sacri/icio.

1887 2555 2008 2611 Dixi
2040 2554 2109 2612 de
2130 2554 2355 2624 justitia,
2387 2555 2514 2624 quid
2545 2565 2709 2612 esset.
2752 2557 3007 2631 Sequitur
3032 2573 3089 2618 ut
3113 2569 3416 2641 ostendam,

1810 2650 1953 2720 quod
1976 2651 2046 2706 sit
2068 2667 2254 2706 verum
2275 2651 2595 2707 sacriﬁcium
2616 2652 2729 2720 Dei,
2749 2654 2920 2723 quisit
2939 2655 3269 2725 justissimus
3283 2664 3418 2721 ritus

1812 2742 2047 2808 colendi,
2063 2759 2131 2799 ne
2143 2744 2262 2813 quis
2274 2743 2583 2810 arbitretur,
2598 2756 2685 2799 aut
2701 2744 2968 2815 victimas,
2983 2758 3076 2804 aut
3093 2753 3311 2821 odores,
3323 2766 3421 2813 aut

1812 2833 1951 2889 dona
1979 2836 2209 2904 pretiosa
2241 2835 2535 2889 desiderari
2559 2850 2589 2889 a
2618 2836 2912 2907 Deo,aquo
2936 2840 2978 2892 si
3008 2840 3196 2908 fames,
3214 2848 3258 2900 si
3279 2848 3418 2917 sitis,

113 2944 140 2982 a
169 2931 274 2984 Deo
307 2928 382 2983 sit
413 2926 688 2999 praemium
734 2934 1065 2995 recepturus.
1097 2925 1399 2980 'I‘eueamus
1428 2924 1588 2994 igitur
1626 2924 1709 2979 iu-
1733 2916 1780 2979 C
1811 2926 1856 2980 si
1870 2926 2099 2996 algor,si
2126 2926 2560 2981 rerumomnium
2580 2937 2913 2984 terrenarum
2943 2934 3209 3001 cupiditas
3239 2916 3415 3008 abest,

1443 3016 1805 3074 VARIORUM
1833 3017 2062 3074 NOTIE.

178 3116 396 3186 Arguta.
428 3114 706 3170 Editiones
734 3113 976 3183 qumdam
1010 3130 1108 3181 pro
1134 3124 1179 3167 et
1226 3124 1426 3185 arguta,
1470 3125 1697 3183 ponunt,

112 3189 395 3259 intelligens
420 3186 658 3259 redargui
688 3187 902 3259 videtur,
929 3187 1045 3259 quia
1070 3203 1191 3240 non.

180 3256 458 3314 Etheest
484 3259 537 3312 in
560 3256 693 3311 edit.
714 3265 768 3312 et
789 3258 839 3310 in
864 3272 963 3311 ms.
993 3258 1120 3327 Reg.
1153 3256 1402 3323 rec.,sed
1429 3256 1624 3328 legitur
1645 3257 1697 3312 in

114 3331 334 3384 caeteris.

179 3399 290 3454 Est.
320 3398 549 3455 Taurin.
582 3399 680 3453 Ms.
713 3408 860 3452 esset.

183 3471 373 3526 Potest.
408 3469 652 3534 Taurin.,
681 3469 912 3534 Bonon.,
965 3467 1305 3539 Regio-PaL,
1348 3483 1480 3524 mss.
1506 3471 1529 3523 I
1561 3469 1692 3533 Reg.

118 3554 221 3596 rec.
260 3550 316 3597 et
352 3540 440 3597 ed.
496 3542 708 3609 poterit,
751 3555 909 3610 quam
948 3538 1234 3594 lectionem
1279 3540 1514 3609 prtetulit
1542 3539 1607 3596 Ο.
1638 3540 1701 3595 F.

116 3612 405 3668 Fritzsclie.

182 3682 303 3737 Non
331 3691 493 3751 potest
520 3698 659 3751 ergo,
690 3690 795 3735 etc.
824 3681 953 3735 Mss.
975 3680 1223 3743 Taurin.,
1246 3679 1481 3749 Bonon.,
1507 3682 1702 3751 Regio-

114 3754 251 3820 Put.,
276 3764 334 3809 ut
363 3755 417 3809 in
446 3761 616 3807 textu.
643 3751 702 3805 In
730 3752 861 3822 Reg.
884 3766 995 3807 rec.
1024 3753 1075 3805 iu
1099 3751 1186 3807 ed.
1214 3753 1284 3806 ita
1315 3768 1327 3805 :
1354 3751 1523 3823 Igitur
1546 3769 1704 3823 neque

113 3827 258 3882 stulto
294 3824 592 3896 justitiam,
622 3838 783 3893 neque
805 3824 1019 3896 _iujusto
1053 3824 1380 3896 sapientiam
1415 3825 1698 3878 convenire.

117 3895 248 3966 Ergo
274 3892 458 3949 stultus
480 3910 582 3948 non
605 3903 675 3947 est
691 3893 821 3966 ;vel
845 3892 1236 3966 utalimjegunt
1253 3893 1537 3966 editiones,
1569 3910 1701 3963 qua-

114 3962 506 4032 lis‘estGallaci,
536 3980 655 4034 qua:
684 3965 763 4018 sic
787 3966 947 4018 habet
981 3981 994 4017 :
1030 3962 1152 4017 Non
1178 3973 1338 4033 potest
1366 3965 1523 4034 igitur
1547 3962 1706 4034 neque

112 4038 261 4091 stulto
276 4037 502 4104 justitia,
537 4033 697 4103 neque
734 4035 926 4106 injuste
966 4037 1218 4103 sapientia
1249 4033 1531 4089 convenire.
1566 4033 1708 4106 Ergo

112 4108 310 4173 stultus,
344 4116 451 4163 etc.

180 4177 507 4233 Existimant.
540 4175 598 4229 In
627 4175 848 4231 Taurin.
898 4188 1002 4230 ms.
1035 4175 1306 4231 atstimant.
1348 4174 1541 4233 Caneri
1571 4190 1704 4234 mss.

112 4258 162 4302 et
186 4248 273 4303 ed.
299 4249 611 4303 existimant.

180 4321 288 4384 Quo
316 4318 508 4373 diutius
549 4316 978 4384 commodiusque.
1027 4317 1192 4372 Recte
1222 4316 1351 4372 edit.
1382 4316 1477 4381 Is.,
1508 4317 1703 4386 Spark.

113 4388 404 4444 faventibus
437 4402 563 4442 mss.
599 4386 845 4451 Taurin.,
879 4387 1011 4440 Bon.
1046 4397 1102 4442 et
1138 4386 1173 4440 5
1202 4387 1381 4449 editis,
1428 4388 1481 4440 in
1510 4389 1704 4456 quibus

114 4459 298 4531 legitur
322 4460 459 4531 quod
478 4458 693 4531 justius,
723 4472 820 4527 pro
840 4457 1190 4531 quq_ditttius;
1218 4456 1704 4531 Regio-P‘utqquod

113 4525 186 4584 iui
217 4547 308 4596 per
329 4525 809 4591 abbreviationem;
834 4528 905 4579 al;
930 4526 1061 4597 Reg.
1086 4541 1221 4592 ree.,
1243 4525 1330 4581 ed.
1349 4525 1699 4594 Paris.1525,

116 4608 163 4653 et
185 4601 383 4671 Graplt.
416 4616 515 4670 quo
527 4599 753 4671 justius,‘
776 4597 1291 4671 manifestoerrore,
1318 4599 1407 4667 qui
1438 4608 1703 4671 repugnat

116 4667 408 4727 sementim.
430 4667 822 4724 ’Restitiiendus
851 4667 1034 4738 itaque
1066 4667 1150 4722 hic
1177 4668 1325 4723 locus
1367 4684 1435 4722 ex
1478 4669 1705 4737 ipsomet

113 4740 406 4807 Lactantio,
445 4740 537 4795 lib.
562 4739 877 4806 vlustitut.,
916 4754 1034 4809 ουρ.
1082 4739 1170 4804 19,
1213 4739 1304 4792 ubi
1354 4738 1611 4809 habetur:
1644 4738 1706 4794 Si

115 4814 241 4884 enim
283 4823 397 4884 post
427 4821 636 4884 mortem
665 4810 795 4884 nihil
832 4808 1028 4884 sumus,
1058 4813 1284 4884 profecto
1310 4808 1598 4884 stultissimi
1631 4818 1707 4864 est

115 4876 326 4937 hominis
355 4899 457 4938 non
487 4882 602 4935 huic
631 4882 745 4935 vita:
770 4882 1053 4943 consulere,
1090 4876 1244 4934 ut‘sit
1265 4895 1415 4947 quant
1442 4879 1642 4934 diutina
1661 4888 1708 4933 et

112 4955 380 5008 commodis
408 4953 637 5006 omnibus
657 4952 842 5019 plena,-
870 4951 1005 5019 quod
1029 4950 1115 5020 qui
1145 4950 1317 5018 faciet,
1340 4949 1603 5018 ajustitiw
1626 4966 1707 5004 re-

114 5026 227 5093 gqu
256 5025 482 5079 discedat
504 5038 703 5093 necesse
727 5032 821 5093 est.
849 5021 923 5093 Si
938 5031 1106 5093 autem
1117 5029 1360 5093 superest
1388 5020 1580 5093 homini
1606 5022 1708 5093 uita

115 5089 286 5149 melior
314 5106 360 5149 et
390 5095 610 5165 longior.
637 5091 695 5147 In
740 5092 870 5165 edit.
904 5091 1073 5165 Paris.
1109 5089 1268 5165 I525,
1302 5092 1574 5165 Gymnic.,
1597 5090 1710 5165 Be-

118 5165 234 5232 lul.,
256 5162 561 5221 Tornesiet
589 5165 641 5217 in
668 5178 760 5217 ora
789 5162 1019 5216 Plantin.
1044 5162 1277 5233 positum
1300 5170 1385 5233 est
1407 5162 1706 5229 iucundius,

117 5238 347 5306 atquein
371 5252 504 5292 mss.
544 5234 876 5306 Heumanni;
906 5232 1051 5288 unde
1074 5248 1224 5297 vero,
1258 5232 1387 5286 mihi
1428 5247 1535 5306 non
1562 5248 1710 5289 com-

117 5303 355 5374 pertum:
389 5308 484 5362 sed
514 5306 614 5359 hoc
641 5303 755 5359 fere
786 5304 927 5358 idem
958 5315 1041 5357 est
1071 5318 1234 5373 quam
1262 5304 1600 5374 commodius.

187 5377 336 5444 Quia.
370 5378 468 5432 Ms.
498 5375 717 5431 Taurin.
750 5377 854 5445 qui.
873 5374 1087 5435 Caneri.
1108 5389 1227 5445 cum
1257 5373 1434 5445 editis.
1461 5376 1598 5439 quia.

188 5443 364 5503 Molle.
417 5447 516 5502 Ms.
551 5447 578 5501 I
613 5446 743 5515 Reg.
764 5443 896 5500 Vrec.
928 5454 980 5498 et
1000 5444 1149 5511 editi,
1181 5444 1327 5498 velle.
1361 5443 1547 5498 Melius
1576 5459 1705 5500 mss.

118 5517 427 5590 Regio-Put.
461 5518 762 5590 et_'I‘aurin.
818 5517 950 5570 mori
974 5518 1144 5583 malle,
1192 5531 1315 5571 cum
1357 5515 1548 5570 eodem
1579 5515 1709 5572 Lac-

118 5588 301 5656 tantio,
330 5590 427 5645 lib.
460 5604 494 5643 ν
523 5588 754 5644 lnstitut.

186 5662 349 5728 Quam
400 5660 561 5715 libare
603 5659 724 5723 diis,
754 5667 799 5712 et
825 5657 964 5711 abire
991 5657 1099 5712 sine
1144 5674 1299 5713 noxa.
1333 5657 1410 5713 Ita
1441 5657 1539 5713 Ms.
1574 5656 1712 5713 Tau-

117 5729 217 5803 rin.
250 5731 463 5803 Optima
494 5730 676 5803 lectio,
708 5730 793 5784 cui
823 5728 1011 5803 __l'avct_
1033 5743 1136 5803 ms.
1168 5729 1488 5801 Regio-Pot.
1520 5729 1715 5803 inquo

117 5798 324 5875 legitur,
361 5819 511 5876 quant
557 5801 770 5855 liberare
798 5799 875 5867 di,
922 5798 1011 5855 sed
1050 5800 1190 5855 abire
1235 5798 1344 5859 sine
1380 5816 1538 5857 noxa.
1587 5798 1714 5860 Hinc

432 5898 713 5961 Ρλτιιοι..
743 5893 850 5957 VI.

1730 4491 1781 4551 D

1809 3112 2066 3197 mendose
2094 3122 2328 3197 accepta.
2358 3112 2426 3168 ab
2452 3111 2696 3193 auditore
2750 3120 3088 3197 amanuensi,
3124 3138 3225 3197 pro
3266 3143 3421 3197 quam

1809 3184 2105 3265 libareudis,
2162 3194 2208 3237 et
2240 3184 2386 3265 abire
2412 3185 2539 3265 sine
2564 3200 2740 3265 _noxa.
2782 3185 2936 3265 Alter
2980 3184 3082 3244 ms.
3124 3184 3421 3265 Reg.'rec,

1807 3273 1962 3325 quant
1984 3252 2195 3309 liberam
2217 3254 2349 3307 dicet
2369 3256 2509 3307 abire
2527 3255 2637 3308 siue
2660 3272 2833 3322 noxa;
2861 3257 2993 3314 dicet
3018 3265 3155 3318 male
3180 3252 3422 3325 ititellec;

1812 3338 1924 3381 tum
1958 3342 2054 3397 pro
2084 3327 2166 3379 dis
2191 3334 2258 3379 et.
2288 3326 2447 3397 Editi2
2473 3341 2588 3397 cum
2608 3327 2764 3381 libere
2787 3330 2940 3381 liceat
2966 3332 3109 3386 abire
3126 3336 3237 3389 sine
3261 3355 3417 3393 noxa.

1808 3397 1916 3522 Sed
1937 3394 2194 3480 etsupra,
2221 3411 2339 3464 cap.
2383 3394 2475 3462 54,
2507 3395 2569 3451 Si
2596 3413 2743 3466 quem
2770 3402 2953 3468 fortem
2979 3407 3242 3474 adegerint
3265 3408 3423 3466 libare

1847 3485 1909 3522 ns
1933 3485 2058 3522 suis.

1847 3485 1909 3522 ηε
1933 3485 2058 3523 Sil“.

1880 3537 2094 3619 Tamen.
2121 3537 2220 3593 Ms.
2247 3535 2469 3593 Taurin.
2493 3546 2616 3592 tant.
2641 3539 2832 3595 Caneri
2856 3554 2978 3596 cum
3019 3543 3200 3615 editis,
3229 3558 3418 3619 tamen,

1811 3619 1868 3664 ut
1896 3611 1950 3664 in
1975 3618 2142 3664 textu.

1885 3679 2030 3734 Non.
2068 3679 2209 3734 Edit.
2241 3696 2354 3733 nec.

1881 3751 2082 3807 Stultos
2104 3760 2298 3813 vocent,
2321 3750 2597 3803 dummodo
2618 3751 2718 3819 ipsi
2748 3754 2850 3805 sint
2868 3754 3180 3819 stultissimi,
3208 3768 3313 3815 etc.
3348 3762 3425 3817 Ita

1808 3820 1949 3897 edit._
1970 3823 2040 3897 is.
2062 3836 2382 3897 cunrmss.‘
2412 3821 2656 3897 Taurin.,
2683 3822 2915 3897 Bonon.,
2944 3824 3285 3897 [legio-PaL,
3322 3834 3427 3889 nisi

1807 3892 1952 3969 quod
1979 3893 2033 3949 in
2062 3892 2386 3948 Taurinensi
2411 3894 2583 3954 deest,
2602 3892 2911 3948 stultissimi.
2952 3892 3194 3969 In'Reg.
3225 3892 3336 3958 ree.
3370 3914 3428 3959 et

1809 3962 1994 4032 editis,
2028 3978 2127 4032 pro
2153 3974 2349 4028 vocent,
2382 3971 2465 4017 est
2487 3970 2681 4016 notent.

1880 4033 1970 4088 Et.
2017 4033 2275 4109 Ms._Reg.
2308 4048 2419 4089 rec.
2449 4042 2503 4089 et
2529 4034 2636 4100 ed.,
2670 4050 2733 4088 ea:
2761 4035 2884 4102 illis,
2917 4050 3195 4109 corrupte.
3228 4040 3427 4100 Cateri

1810 4119 1967 4170 mss.,
2004 4114 2052 4159 et
2080 4106 2217 4159 illos.

1892 4174 2145 4229 Venerati.
2172 4173 2269 4229 Ms.
2305 4174 2551 4237 Taurin.,
2584 4174 2807 4229 adorati.

1882 4245 2057 4317 Cultu.
2089 4245 2188 4300 Ms.
2212 4242 2443 4317 Taurin.
2470 4256 2680 4317 mortem
2716 4264 2812 4317 pro
2842 4251 3041 4315 cultui;
3070 4253 3350 4310 mendose.

1882 4315 1981 4398 Dei
2002 4317 2378 4398 recusaverint;
2403 4315 2527 4394 Haec
2553 4315 2724 4398 lectio
2745 4328 2830 4371 est
2860 4335 2991 4375 tnss.
3026 4322 3183 4390 Bon.,
3214 4326 3258 4379 .2
3287 4326 3423 4398 Reg.

1808 4394 1864 4439 et
1888 4386 2178 4459 editorum.
2206 4383 2559 4459 Ms:_Taur_in.
2590 4385 2687 4438 Dei
2707 4403 2809 4459 non
2836 4383 3230 4459 recusaverunt;
3261 4383 3423 4452 male.

1882 4454 2010 4510 Haec
2031 4464 2126 4522 est,
2154 4464 2258 4509 etc.
2291 4453 2443 4508 Hunc
2472 4454 2648 4509 locum
2674 4456 2753 4510 sic
2791 4460 2999 4514 restitui
3026 4476 3090 4514 ex
3121 4453 3249 4519 mss.
3287 4467 3427 4521 'l‘au—

1808 4525 1939 4591 riu),
1967 4526 2177 4603 Bonon_.
2200 4535 2259 4603 et_
2280 4523 2316 4578 Ξ
2342 4524 2476 4603 Ijeg.
2525 4525 2737 4603 I’rimus
2767 4526 2930 4603 habet
2952 4544 3000 4603 :_
3022 4528 3152 4584 llam
3195 4545 3268 4588 est
3296 4536 3426 4603 ﬁdes

1805 4612 2027 4662 summa,
2058 4596 2199 4651 unde
2248 4597 2301 4649 in
2342 4595 2670 4651 Bononiensi
2700 4605 2754 4651 et
2800 4598 2930 4652 edit.
2978 4598 3047 4653 Is.
3098 4595 3307 4659 factuui'
3342 4618 3427 4663 est

1808 4667 2093 4744 ﬁdissima;
2113 4667 2172 4723 In
2215 4664 2537 4744 Regio-Fui.
2568 4667 2734 4744 deest
2765 4668 2891 4744 ﬁdes
2909 4686 2930 4734 ;
2959 4670 3011 4723 in
3041 4669 3264 4744 Taurin.
3305 4677 3427 4744 jus-

1808 4738 1940 4812 titia.
1975 4738 2031 4792 In
2059 4740 2193 4807 Reg.
2237 4736 2348 4792 rec.
2378 4747 2432 4812 et
2454 4736 2612 4791 editis
2642 4742 2799 4812 lego:
2840 4736 2965 4812 Haec
2995 4751 3067 4794 est
3108 4743 3201 4796 illa
3227 4736 3425 4812 ﬁdElis-

1807 4809 1973 4874 sima;
2023 4820 2217 4884 caetera
2274 4816 2331 4861 ut
2381 4808 2434 4884 in
2496 4817 2664 4884 textu.
2717 4807 2883 4884 _Forte
2948 4807 3243 4884 legendqu
3304 4817 3430 4884 ﬁdei

1813 4895 2031 4947 summa,
2064 4878 2210 4950 quod
2233 4876 2439 4934 accedit
2466 4879 2532 4933 ad
2562 4878 2811 4947 ﬁdissima
2840 4887 2895 4935 et
2937 4876 3242 4949 ﬁdelissima
3286 4876 3425 4944 alio-

1815 4963 1935 5005 rum
1960 4950 2230 5005 codicum.

1886 5020 2022 5092 Quid
2037 5021 2289 5092 judicent.
2305 5018 2446 5092 llaec
2471 5017 2579 5074 duo
2608 5020 2767 5092 verba
2796 5020 2990 5078 desunt
3012 5023 3065 5079 in
3084 5041 3188 5082 ms.
3205 5026 3424 5085 Taurin.

1881 5090 2273 5164 ludicaverunt.
2303 5091 2402 5146 Ms.
2422 5092 2581 5164 solus
2610 5090 2829 5158 Taurin,
2853 5094 3114 5164 judicent.

1885 5161 2039 5228 Quod
2086 5163 2172 5236 sit.
2220 5162 2299 5236 Ita
2325 5162 2493 5233 antiq.
2544 5178 2676 5218 mss.
2720 5161 2909 5218 tresil
2972 5164 3103 5236 Reg.
3150 5181 3262 5224 rec.
3304 5186 3427 5228 cum

1812 5232 2004 5316 editis,
2034 5233 2159 5316 quid
2186 5233 2273 5315 sit.

1890 5305 1989 5377 Qui
2027 5303 2363 5377 iustissimus.
2409 5303 2499 5359 Sic
2538 5317 2672 5359 mss.
2704 5303 2943 5377 Bonon.,
2992 5305 3161 5377 Regio
3196 5310 3318 5365 Put.
3366 5314 3430 5372 In

1814 5374 2035 5429 Taurin.
2054 5374 2179 5448 quis
2206 5375 2323 5448 _sit;
2353 5389 2648 5448 perperam
2679 5376 2962 5448 repetitur
2992 5374 3254 5448 sitfquod
3300 5398 3429 5439 mox

1814 5445 2112 5516 praecessit.
2146 5446 2172 5499 1
2205 5443 2478 5516 Reg.:rec.
2508 5456 2561 5499 et
2584 5443 2699 5509 ed.,
2723 5446 2813 5515 qui
2829 5443 3170 5516 justissimus.

1886 5515 2058 5591 υοηαΔ
2084 5515 2432 5591 pretiosa.__lta
2457 5517 2490 5570 5
2518 5515 3035 5591 mss._autiquissit_ui
3067 5530 3122 5574 et
3161 5522 3196 5577 4
3234 5524 3348 5591 ed.,
3380 5535 3436 5581 et

1814 5586 2129 5661 [.actantius
2157 5588 2271 5657 ipse
2300 5587 2393 5661 lib.
2423 5601 2482 5653 ιι,
2511 5587 2702 5661 cap.l,
2722 5586 2856 5661 etde
2876 5592 2953 5643 Ira
2980 5589 3094 5655 Dei,
3118 5606 3237 5661 cap.
3266 5586 3355 5648 2|.
3375 5596 3433 5652 In

1816 5658 1952 5729 Reg.
1982 5672 2093 5713 rec.
2127 5667 2182 5712 et
2205 5656 2673 5729 caeterissulgatis
2699 5668 2782 5713 est
2802 5660 2936 5711 dona
2950 5656 3220 5729 prtesentia
3236 5666 3433 5726 ;male.

1989 5728 2381 5807 quohsijames.
2413 5726 2525 5807 ys.
2544 5726 2778 5807 Taurin.
2820 5726 2985 5797 solus,
3013 5732 3149 5800 quod
3176 5734 3221 5788 si
3247 5739 3433 5807 (antes.

1892 5799 2072 5860 Abest.
2097 5797 2260 5858 Solus
2284 5813 2386 5857 ms.
2413 5798 2635 5858 Taurin.
2665 5798 2831 5855 adest.

2844 5897 2922 5966 3ἵι
