3816 6264
338 268 351 283 ’
409 300 549 369 inst

1686 368 1691 375 ν
1762 295 1947 357 ιηιιιι.
1988 297 2351 357 LAC-‘I‘ANTII

3516 311 3615 374 1068

407 430 518 473 non
540 428 667 486 ergo
680 415 845 475 utitur
870 411 954 469 bis
968 411 1238 480 omnibus,
1260 424 1381 481 quae
1409 411 1622 482 templis
1638 410 1847 483 diisque
1873 413 2008 469 ﬁcti-
2040 416 2094 475 Α
2117 421 2226 467 tum
2250 411 2351 467 fuit
2367 455 2383 479 ,
2417 425 2518 467 nec
2558 409 2730 481 poetis
2761 425 2776 464 :
2805 410 2902 466 sed
2926 424 3015 468 eas
3045 413 3257 485 utrique
3276 411 3617 497 "diverso’modo

408 507 552 564 libus
566 506 861 565 inferuntur
884 522 896 558 :
921 504 1017 562 sed
1037 504 1174 561 sicut
1188 504 1558 575 corporalibus
1579 504 1874 574 corporalia
1894 545 1907 571 ,
1932 505 2011 560 sic

412 599 599 668 utique
622 596 943 667 incorporali
958 595 1292 666 incorporale
1303 596 1624 652 sacriﬁcium
1648 596 2010 651 necessarium

412 703 512 757 est.
541 692 648 749 Illis
676 700 876 760 autem,
897 707 1017 763 quin
1039 692 1091 746 in
1120 706 1274 747 usum
1290 691 1473 747 tribuit
1501 691 1701 747 homini
1718 690 2012 761 Deus,ipse

411 798 521 841 non
575 781 802 854 indiget,
833 799 955 839 cum
983 785 1160 839 omnis
1189 793 1329 839 terra
1356 784 1409 838 in
1439 784 1604 854 ipsius
1630 783 2008 853 sitpotestate:

411 892 523 937 non
554 877 758 948 indiget
794 877 1014 948 templo,
1053 878 1207 948 cujus
1253 876 1584 932 domicilium
1616 875 1849 932 mundus
1873 884 1958 931 est
1993 890 2008 941 ;

409 984 521 1031 non
542 970 745 1041 indiget
770 970 1078 1037 simulacro,
1105 969 1197 1040 qui
1224 977 1307 1025 est
1330 978 1384 1025 et
1405 967 1595 1033 oculis,
1625 977 1680 1023 et
1696 1028 1701 1035 ,
1720 976 1902 1023 mente
1930 967 2012 1022 in-

411 1061 950 1133 comprehensibilis;
980 1076 1089 1116 non
1115 1061 1315 1132 indiget
1336 1061 1565 1117 terrenis
1587 1060 1899 1125 luminibus,
1922 1060 2013 1130 qui

410 1152 583 1213 solem
611 1169 733 1210 cum
757 1153 968 1209 cmteris
992 1154 1152 1211 astris
1191 1154 1247 1209 in
1276 1168 1429 1209 usum
1463 1152 1694 1208 hominis
1723 1151 1897 1222 potuit
1925 1165 2015 1206 ac-

411 1247 665 1303 cendere.
705 1247 843 1315 Quid
873 1247 1034 1318 igitur
1060 1248 1129 1304 ab
1169 1247 1387 1303 homine
1411 1246 1683 1303 desiderat
1713 1246 1880 1313 Deus,
1909 1244 2015 1301 nisi

412 1340 619 1398 cultum
661 1340 879 1408 mentis,
913 1339 1006 1409 qui
1034 1347 1118 1395 est
1154 1353 1321 1409 purus
1352 1346 1408 1394 et
1439 1337 1689 1393 sanctus?
1732 1335 1865 1391 Nam
1899 1336 2009 1403 illa,

413 1446 536 1502 quae
557 1440 650 1486 aut
667 1429 849 1500 digitis
874 1429 1032 1497 ﬁunt,
1058 1437 1152 1485 aut
1178 1438 1328 1485 extra
1350 1429 1621 1485 hominem
1642 1436 1788 1495 sunt,
1811 1427 2013 1498 inepta,

411 1521 640 1593 fragilia,
670 1521 876 1592 ingrata
906 1531 1052 1576 sunt.
1080 1521 1195 1577 Iloc
1220 1530 1303 1577 est
1323 1521 1642 1576 sacriﬁcium
1669 1535 1877 1599 verum,
1906 1534 2015 1575 non

412 1613 556 1684 quod
586 1629 652 1669 ex
679 1628 825 1677 arca,
849 1612 947 1669 sed
972 1612 1116 1684 quod
1138 1628 1203 1668 ex
1230 1612 1394 1667 corde
1424 1612 1714 1681 profertur,
1737 1624 1844 1665 non
1871 1610 2016 1681 quod

413 1721 600 1773 manu,
630 1706 727 1762 sed
751 1705 897 1777 quod
926 1716 1106 1761 mente
1140 1705 1367 1760 libatur-
1388 1703 1514 1758 Ilaec
1541 1702 1884 1773 acceptabilis
1907 1704 2015 1759 vic-

2112 504 2461 561 induxerunt.
2493 502 2809 569 Philosophi
2856 497 3079 559 alteram
3135 506 3427 577 industriae,
3452 514 3619 578 alteram

2112 597 2320 653 inertiae
2338 611 2463 653 esse
2483 598 2773 652 voluerunt
2816 611 2830 649 :
2869 594 2967 651 sed
3000 595 3105 651 hoc
3134 598 3304 654 minus
3347 611 3495 670 recte,
3520 614 3620 679 quod

2114 705 2207 746 eas
2230 690 2297 745 ad
2323 690 2437 745 sola
2468 690 2592 746 vitae
2639 690 2798 761 hujus
2836 689 3123 746 commoda
3168 693 3468 752 retulerunt.
3486 698 3621 762 Melius

2092 791 2319 853 'poetaa,
2373 782 2464 853 qui
2506 782 2731 838 alteram
2782 782 3055 853 justorum
3085 827 3101 851 ,
3153 784 3361 842 alteram
3397 789 3620 861 impiorum

2114 888 2236 930 esse
2258 874 2529 930 dixerunt.
2558 873 2665 930 Sed
2722 874 2775 929 in
2826 888 2893 930 eo
2936 883 3199 947 peccant,
3230 878 3360 947 quod
3384 895 3465 937 eas
3482 899 3560 941 non
3583 890 3621 946 in

2116 967 2217 1023 hac
2245 968 2351 1023 vita
2368 1010 2382 1034 ,
2413 969 2507 1024 sed
2528 968 2669 1039 apud
2695 967 2897 1024 inferos
2917 983 3041 1024 esse
3061 968 3231 1022 aiunt.
3251 968 3354 1026 Nos
3370 975 3518 1045 utique
3535 996 3620 1037 τερ-

2116 1062 2223 1117 tius
2242 1103 2258 1130 ,
2291 1062 2380 1132 qui
2408 1061 2634 1117 alteram
2653 1061 2777 1117 vitae
2794 1104 2808 1130 ,
2832 1060 3060 1117 alteram
3080 1061 3267 1117 mortis
3284 1104 3297 1128 ,
3327 1072 3376 1118 et
3398 1065 3469 1122 hic
3490 1077 3621 1130 tamen

2117 1170 2239 1212 esse
2252 1155 2350 1211 has
2363 1155 2478 1209 vias
2489 1154 2739 1211 dicimus.
2754 1153 2860 1211 Sed
2882 1155 2970 1209 illa
2982 1153 3285 1222 dexterior,
3298 1171 3391 1226 qua
3410 1159 3510 1227 justi
3532 1180 3621 1233 με-

2117 1246 2358 1316 diuntur,
2386 1263 2495 1303 non
2521 1248 2575 1302 in
2598 1248 2836 1320 Elysium
2868 1246 3001 1313 fert,
3028 1245 3129 1301 sed
3159 1246 3213 1300 in
3239 1247 3433 1302 caelum.
3450 1249 3618 1311 Ιιιιωοιι.

2119 1342 2256 1398 tales
2304 1344 2448 1398 enim
2478 1341 2635 1395 ﬁunt.
2679 1339 2998 1396 Sinisterior
3042 1337 3113 1393 ad
3171 1346 3614 1408 tartarum;:cternis

2118 1435 2263 1491 enim
2290 1435 2620 1491 cruciatibus
2643 1434 2971 1490 addicuntur
2997 1433 3209 1503 iniusti.
3232 1434 3455 1492 Tenenda
3474 1451 3537 1495 est
3555 1442 3621 1514 igi-

2119 1534 2208 1584 tur
2231 1529 2387 1584 uobis
2414 1529 2637 1599 justitia:
2667 1528 2755 1583 via
2778 1578 2793 1602 ,
2827 1543 2949 1598 quae
2982 1526 3134 1582 ducit
3170 1525 3235 1582 ad
3261 1529 3424 1585 vitam.
3448 1532 3620 1591 Primum

2117 1629 2295 1675 autem
2340 1620 2561 1691 iustitiae
2596 1619 2835 1675 ofﬁcium
2857 1628 2962 1686 est,
2998 1619 3170 1673 Deum
3214 1634 3468 1690 agnoscere
3489 1633 3532 1678 ut
3554 1641 3615 1697 pa-

2116 1720 2360 1779 rentem,
2385 1726 2616 1781 eumque
2670 1719 2912 1766 metuere
2959 1718 3020 1765 ut
3063 1709 3364 1777 dominum,
3387 1713 3555 1783 diligere
3575 1728 3613 1771 ut

416 1798 545 1854 tima
572 1807 674 1863 est,
705 1813 865 1869 quam
895 1798 964 1852 de
987 1797 1167 1867 seipso
1195 1797 1405 1851 animus
1432 1796 1695 1850 immolat.
1727 1793 1862 1850 Nam
1890 1794 2018 1865 quid
2048 1809 2097 1870 Β
2125 1814 2352 1876 patrem.
2379 1804 2526 1860 Idem
2554 1803 2699 1859 enim
2728 1819 2827 1858 nos
2851 1803 3068 1874 genuit,
3098 1804 3189 1874 qui
3215 1805 3354 1859 vitali
3378 1805 3522 1875 spiritu
3542 1812 3620 1864 aut.

412 1887 644 1946 hostia?
689 1889 819 1959 quid
869 1888 1062 1943 thura?
1101 1888 1227 1959 quid
1268 1888 1482 1944 vestes?
1531 1887 1659 1958 quid
1705 1888 2026 1957 argentum?

420 1980 548 2052 quid
566 1996 753 2037 aurum
771 1981 794 2034 ?
812 1980 939 2052 quid
963 1976 1181 2050 pretiosi
1196 1980 1399 2049 lapides
1419 1979 1723 2045 conferunt,
1739 1980 1783 2034 si
1798 1979 2024 2035 colentis

420 2086 558 2142 pura
587 2087 738 2127 mens
768 2087 874 2128 non
898 2073 1015 2128 est?
1038 2072 1161 2127 Sola
1187 2086 1319 2142 ergo
1345 2072 1548 2140 justitia
1573 2080 1676 2134 est,
1700 2085 1859 2140 quam
1884 2071 2025 2125 Deus

421 2165 644 2235 expetit.
674 2165 733 2220 In
759 2164 860 2219 hac
887 2165 1235 2230 sacriﬁcium,
1277 2164 1333 2220 in
1375 2162 1476 2217 hac
1504 2162 1595 2217 Dei
1619 2162 1797 2217 cultus
1825 2170 1926 2225 est,
1958 2161 2026 2217 de

419 2271 529 2327 quo
578 2269 721 2310 nunc
767 2253 898 2310 mihi
928 2254 1313 2315 disserendum
1359 2264 1463 2321 est,
1517 2252 1925 2323 docendumque
1972 2252 2025 2307 in

425 2347 622 2418 quibus
645 2346 897 2417 operibus
916 2344 1182 2417 justitiam
1218 2358 1441 2403 necesse
1464 2344 1534 2398 sit
1557 2344 1842 2399 contineri.

787 2455 1016 2513 CAPUT
1052 2456 1195 2521 LIX,
1238 2457 1359 2511 olim
1385 2455 1470 2520 III,
1503 2456 1575 2510 al.
1602 2454 1665 2508 II.

501 2550 638 2615 (Div.
655 2550 777 2601 Inst.
801 2548 891 2600 lib.
911 2563 965 2614 v,
984 2563 1028 2600 c.
1044 2550 1075 2600 5
1099 2557 1151 2621 et
1180 2562 1254 2614 sq.
1284 2555 1338 2599 et
1362 2548 1438 2611 19;
1464 2563 1532 2611 vi,
1552 2561 1596 2599 c.
1612 2549 1661 2609 5,
1689 2547 1737 2607 4,
1754 2548 1804 2612 9,
1833 2548 1938 2611 10.)

628 2632 712 2689 De
738 2634 831 2689 viis
847 2634 997 2701 tritta,
1015 2643 1062 2688 et
1088 2632 1264 2703 primis
1289 2632 1466 2686 mundi
1489 2631 1815 2701 temporibus.

494 2728 638 2783 Duas
656 2740 781 2783 esse
821 2724 1070 2780 humanae
1087 2725 1207 2781 vita:
1227 2724 1341 2779 vias
1360 2765 1375 2793 ,
1394 2737 1495 2779 nec
1506 2721 1845 2795 philosophis
1865 2722 2022 2795 igno-

2123 1896 2323 1963 mavit,
2345 1896 2437 1966 qui
2456 1895 2587 1965 alit,
2614 1894 2705 1964 qui
2744 1894 2922 1949 salvos
2958 1893 3111 1949 facit.
3170 1892 3408 1949 Habetin
3444 1912 3516 1951 nos
3544 1916 3617 1955 non

2124 1987 2286 2044 modo
2316 1995 2373 2042 ut
2397 1996 2570 2056 pater,
2600 2000 2789 2040 verum
2820 1985 2983 2040 etiam
3038 1992 3101 2039 ut
3144 1982 3384 2039 dominus
3424 1985 3616 2044 licentiam

2124 2075 2444 2134 verberandi
2465 2118 2481 2144 ,
2508 2085 2562 2131 et
2590 2076 2717 2131 vita:
2745 2089 2809 2130 ac
2847 2074 2996 2131 necis
3050 2082 3397 2145 potestatem;
3442 2077 3547 2132 unde
3570 2079 3622 2134 ﬁli

2128 2169 2197 2225 ab
2220 2168 2438 2223 homine
2467 2167 2666 2239 duplex
2697 2164 2903 2234 honos,
2932 2165 2986 2221 id
3016 2174 3135 2234 est,
3164 2180 3314 2220 amor
3350 2181 3456 2222 cum
3493 2169 3621 2225 timore

2131 2261 2375 2317 debetur.
2409 2259 2720 2316 Secundum
2758 2259 2980 2329 iustitia:
3025 2258 3269 2314 ofﬁcium
3307 2268 3404 2327 est,
3432 2261 3620 2318 hominem

2125 2370 2420 2427 agnoscere
2446 2353 2594 2409 velut
2615 2354 2855 2409 fratrem.
2873 2352 2930 2408 Si
2955 2352 3103 2409 enim
3125 2366 3225 2408 nos
3241 2352 3372 2410 idem
3394 2352 3506 2409 Deus
3523 2355 3620 2423 fecit,

2129 2456 2186 2505 et
2211 2448 2493 2503 universos
2521 2445 2588 2501 ad
2609 2445 2873 2517 justitiam
2889 2444 3170 2516 vitamque
3185 2452 3419 2500 aeternam
3437 2446 3521 2515 pari
3535 2461 3624 2502 con-

2130 2540 2333 2596 ditione
2356 2538 2674 2610 generavit,
2698 2537 2934 2594 fraterna
2965 2539 3157 2608 utique
3196 2537 3537 2593 necessitudine
3556 2554 3621 2594 co-

2132 2631 2401 2687 haeremus
2423 2672 2440 2700 ,
2470 2644 2629 2701 quam
2657 2630 2751 2701 qui
2780 2644 2889 2685 non
2935 2628 3220 2700 agnoscit,
3248 2628 3448 2700 injustas
3464 2630 3623 2687 estSed

2133 2724 2287 2794 origo
2315 2721 2475 2794 hujus
2499 2722 2663 2790 mali,
2694 2736 2803 2794 quo
2848 2721 3083 2778 societas
3136 2721 3275 2778 inter
3317 2736 3371 2779 se
3397 2720 3623 2793 hominum,

1766 2858 2129 2919 VARIORUM
2155 2856 2389 2914 NOTAE.

490 2975 614 3032 His.
638 2977 673 3034 5
697 2977 826 3032 edit.
849 2976 936 3030 iis.

421 3118 657 3174 aliisaue.

492 3136 815 3260 Eximit...
839 3189 942 3260 Ms.
964 3187 1096 3260 Reg.
1124 3201 1237 3243 rec.
1262 3194 1317 3242 et
1341 3185 1497 3260 ed_it.,
1514 3187 1799 3260 corporale.

492 3258 522 3313 1
529 3255 837 3332 ucorporali.
860 3259 959 3316 Ms.
984 3255 1118 3330 Reg.
1147 3273 1238 3313 rec
1272 3268 1327 3314 et
1352 3255 1483 3313 edit.
1507 3255 1913 3329 incorporalibus
1942 3257 2023 3311 in-

425 3333 717 3386 corporale.
818 3367 828 3374 -

547 3413 696 3455 atem.
726 3402 888 3455 Deest
917 3404 969 3454 in
999 3413 1101 3453 ms.
1135 3397 1270 3467 Reg.
1303 3412 1413 3452 rec.
1446 3407 1501 3452 et
1535 3397 1717 3452 editis.

499 3470 627 3525 Cum
668 3472 831 3526 omnis
878 3482 1011 3526 terra
1060 3469 1115 3523 in
1154 3469 1318 3539 ipsius
1356 3469 1422 3523 sit
1460 3479 1731 3539 potestate.
1763 3468 1841 3524 Ita
1874 3484 2012 3539 mss.

423 3541 635 3597 Bonon.
664 3541 1010 3611 Regio-Put.,
1040 3539 1128 3611 ed.
1162 3536 1353 3611 Fasit.,
1401 3536 1493 3603 Isi,
1527 3537 1718 3610 Spark.
1750 3538 1849 3611 (In
1871 3536 2018 3595 Tau-

428 3613 536 3667 rin.
591 3627 687 3682 pro
737 3609 791 3665 in
837 3621 920 3682 est
960 3612 1071 3682 sub.
1105 3609 1148 3679 ),
1179 3609 1348 3665 multo
1389 3609 1646 3680 aptius’et
1672 3609 2018 3682 concinnius,

423 3678 744 3752 quam'illnd
775 3681 993 3752 quodin
1026 3681 1155 3751 Reg.
1194 3696 1305 3735 rec.
1338 3691 1394 3737 et
1422 3678 1609 3736 inultis
1633 3680 1824 3749 editis,
1860 3678 1929 3736 Et
1944 3690 2017 3735 est

426 3755 589 3807 omnis
611 3765 747 3813 terra
774 3752 865 3807 sub
893 3752 1054 3821 ipsius
1082 3762 1346 3821 potestate.

496 3770 589 3807 tnts
611 3770 747 3813 terra
774 3770 865 3807 suo
893 3770 908 3807 ι
951 3770 1054 3806 srus
1082 3770 1346 3821 patestate.

496 3822 758 3879 Hominis.
787 3822 884 3878 Ms.
913 3770 1055 3894 iieg.
1092 3839 1204 3879 rec.
1236 3832 1289 3878 et
1315 3821 1443 3894 editi
1470 3863 1485 3894 ,
1511 3821 1822 3894 hominibus.
1854 3851 1927 3894 -ς
1950 3819 2018 3876 In

426 3911 578 3949 usum
601 3896 836 3950 hominis.
868 3894 973 3949 Pro
1002 3892 1270 3949 editorum
1316 3894 1385 3947 ab
1428 3893 1765 3960 1478-1698,
1795 3903 1850 3955 et
1890 3892 2018 3947 Cel-

426 3965 580 4029 larii,
606 3982 660 4019 tn
685 3982 833 4019 usum
860 3964 1186 4028 hominibus;
1238 3965 1439 4019 rectius
1482 3963 1705 4018 Taurin.
1736 3974 1789 4018 et
1840 3978 1908 4019 ex
1954 3979 2022 4025 eo

426 4034 592 4099 editi,
633 4036 686 4090 in
730 4052 881 4089 usum
924 4036 1163 4088 hominis.
1192 4034 1283 4088 Sic
1315 4035 1456 4105 unde
1486 4033 1601 4087 haec
1633 4043 1846 4105 sumpta
1876 4076 1891 4101 ,
1923 4034 2019 4089 lib.

428 4121 484 4160 γι
505 4146 519 4165 .
552 4120 670 4173 cap.
705 4107 778 4160 2:
812 4106 913 4170 Qui
957 4111 1012 4157 in
1038 4120 1188 4158 usum
1225 4103 1446 4157 hominis
1500 4112 1603 4157 tant
1655 4103 1885 4170 clarant,
1920 4114 2025 4158 tant

430 4175 706 4228 candidam
762 4175 926 4227 lucem
970 4173 1139 4236 dedit;
1165 4184 1220 4228 et
1245 4174 1314 4243 de
1338 4174 1419 4243 Ira
1441 4212 1457 4237 ,
1505 4188 1623 4243 cap.
1658 4175 1725 4229 15
1750 4214 1766 4240 ,
1797 4190 1865 4233 ex
1892 4189 2024 4230 mss.

433 4245 665 4299 Beimin.
696 4245 749 4297 in
778 4260 926 4298 usum
951 4244 1169 4296 hominis
1198 4260 1230 4296 a
1260 4242 1367 4295 Deo
1388 4242 1546 4311 facta.
1576 4242 1719 4298 BDN.

507 4311 694 4386 Inepta
715 4356 729 4378 ,
756 4315 964 4387 fragilia
985 4355 999 4380 ,
1041 4315 1245 4387 ingrata
1290 4323 1430 4367 sunt.
1488 4314 1591 4387 Sic
1623 4313 2025 4387 mss.’I‘aurin.,

438 4384 780 4458 Regio-Pati,
814 4386 1020 4440 Bonon.
1055 4384 1179 4440 llaec
1205 4394 1434 4455 quatuor
1483 4386 1649 4442 verba
1693 4401 1723 4441 a
1753 4401 1854 4442 ms.
1898 4385 2032 4458 Reg.

436 4472 549 4527 rec.
574 4468 627 4512 et
651 4457 810 4512 editis
833 4458 1050 4527 absunt.

510 4527 590 4597 iis
618 4530 807 4597 seipso.
837 4525 896 4585 In
930 4526 1153 4597 Taurin.
1184 4526 1470 4597 ms.,ipsa.

511 4595 772 4653 Immolat.
804 4599 878 4657 Ita
907 4614 1038 4655 mss.
1064 4596 1216 4669 Regii
1239 4605 1295 4655 et
1319 4595 1449 4652 editi
1477 4613 1491 4663 ;
1520 4605 1576 4655 at
1603 4596 1656 4654 in
1679 4610 1780 4654 ms.
1813 4595 2032 4654 Taurin.

440 4669 796 4724 immolaverit.

518 4736 761 4811 Utrique.
792 4738 945 4805 Mss.,
970 4737 1385 4811 Taurin.,I_30n_.
1416 4737 1546 4810 Reg.
1577 4737 1696 4801 Put.
1748 4746 1803 4794 et
1851 4738 1941 4794 ed.
1968 4738 2041 4794 Is.

440 4807 513 4862 At
541 4807 703 4891 insit
737 4809 869 4881 Reg.
889 4826 999 4865 rec.
1033 4819 1088 4865 et
1128 4807 1281 4864 inulti
1305 4809 1457 4877 editi,
1488 4807 1690 4883 utique,
1742 4811 1886 4884 quod
1916 4826 2040 4871 mox

443 4893 706 4934 seﬂlllllﬂ'.
1134 4909 1139 4912 ·

505 4896 810 5024 (Erigitur
858 4949 927 5024 ad
977 4949 1087 5024 sola
1129 4909 1245 5024 uiue
1279 4950 1474 5024 lngus,
1527 4961 1632 5006 etc.
1665 4951 1765 5008 Ms.
1785 4951 1955 5024 _Reg.
1988 4962 2043 5009 et

439 5019 567 5092 editi
599 5036 714 5075 cum
737 5037 822 5074 eas
848 5020 915 5072 ad
941 5021 1099 5073 solius
1125 5021 1256 5075 vita.
1276 5020 1377 5077 Ed.
1402 5020 1472 5077 ls.
1489 5036 1613 5077 cum
1639 5019 2038 5092 mss.Taurin.,

448 5091 683 5160 Bonam,
709 5102 767 5147 ut
794 5093 844 5144 in
868 5103 1038 5146 testu.

519 5164 746 5216 Alteram
773 5164 907 5216 uitat.
937 5163 1099 5216 Deest
1130 5161 1182 5215 in
1223 5176 1356 5217 mss.
1387 5162 1609 5218 Taurin.

519 5231 760 5306 Tenettda
789 5244 888 5306 est.
906 5234 979 5287 lta
1007 5249 1135 5287 mss.
1167 5233 1203 5288 5
1223 5236 1390 5306 antiq.
1422 5234 1493 5291 At
1523 5238 1574 5290 iit
1597 5235 1728 5306 Reg.
1759 5249 1867 5292 rec.
1898 5243 1955 5291 et
1982 5236 2039 5291 in

446 5300 532 5358 ed.
558 5304 813 5373 legimus:
852 5302 1148 5358 Veneranda
1174 5314 1249 5358 est
1279 5300 1443 5361 nobis.

524 5374 590 5429 Ut
630 5384 908 5443 parentem.
960 5375 1087 5429 llaec
1136 5377 1294 5430 verba
1348 5377 1594 5431 Davisius
1643 5376 1873 5432 delenda
1918 5393 2039 5433 esse

455 5446 759 5515 existimat,
808 5462 905 5501 nec
956 5448 1125 5511 male,
1172 5449 1416 5515 quamvis
1465 5446 1745 5515 Clericus,
1806 5457 1935 5504 tom.
1984 5464 2037 5503 si

448 5514 701 5571 Bibliotli.
725 5522 955 5588 antiqua:
985 5526 1040 5571 et
1064 5514 1219 5588 novae
1241 5520 1403 5587 legat,
1428 5527 1480 5573 ut
1505 5530 1822 5588 praesentem.

520 5587 667 5642 Idem
687 5589 819 5642 enim
849 5586 959 5643 nos.
990 5588 1045 5642 In
1073 5586 1209 5657 Reg.
1232 5586 1340 5647 rec.
1357 5589 1479 5645 etin
1502 5586 1590 5649 ed.
1617 5588 1761 5658 5,15
1781 5599 1855 5647 est
1882 5593 2035 5659 enim,

449 5659 535 5726 qui
561 5676 651 5712 nos
667 5677 688 5726 ;
716 5675 816 5715 nec
840 5659 999 5714 male.

512 5728 592 5803 Et
620 5730 736 5783 vita:
763 5746 823 5783 ac
867 5730 1020 5803 necis_
1050 5736 1366 5803 potestatem.
1401 5729 1579 5787 Patria
1633 5739 1873 5803 potestas
1925 5741 2042 5789 erat

453 5796 580 5851 oliui
603 5814 808 5854 summa
825 5800 966 5870 apud
987 5796 1292 5866 Remauos;
1328 5801 1398 5856 ita
1431 5809 1487 5855 ut
1511 5816 1618 5857 non
1633 5796 1827 5859 'minus
1850 5803 1943 5874 jus
1965 5805 2043 5858 vi-

2059 4356 2113 4416 Ι)

2050 2986 2096 3051 C
2126 2980 2195 3029 tat
2220 2980 2275 3027 et
2296 2971 2450 3051 necis
2490 2971 2545 3026 in
2590 2971 2791 3051 liberos
2837 2973 2975 3051 patri
3014 2980 3377 3051 es_set,_quam
3400 2974 3627 3051 dominisin

491 3047 724 3119 Diisqtte.
768 3048 844 3103 Ita
891 3047 925 3102 3
955 3059 1086 3101 mss.
1130 3044 1299 3115 antiq.
1341 3044 1400 3101 In
1443 3044 1574 3115 Reg.
1601 3059 1711 3102 rec.
1761 3051 1814 3101 et
1841 3043 2022 3113 editis,
2056 3040 2096 3051 “
2127 3058 2317 3099 servos
2345 3040 2482 3114 (Lib.
2512 3043 2652 3119 nl).
2697 3045 2763 3098 de
2815 3040 3007 3119 διεὶς-ει
3057 3045 3165 3119 leg.
3211 3040 3316 3119 lter.
3351 3046 3384 3101 Ι.
3409 3047 3556 3119 με.
3587 3048 3629 3119 de

2126 3123 2266 3187 patr.
2302 3113 2637 3187 pateat.,_l_ib.
2684 3130 2723 3170 ιι
2770 3113 3187 3187 εοάηΤΙιεοάὸε.
3235 3117 3297 3171 de
3340 3113 3628 3187 caustliben)

2128 3184 2379 3257 Sopater.
2425 3185 2477 3257 in
2527 3184 2855 3257 ﬂertnogen.
2890 3184 3211 3254 Simplicius
3239 3184 3627 3257 Conr.qupiueti

2123 3255 2405 3329 Eucliirid.
2436 3254 2695 3329 Exactius
2738 3254 2861 3329 hzec
2903 3260 3196 3328 exequitur
3226 3259 3418 3328 Dionys.
3445 3254 3627 3329 Halym-

2123 3342 2303 3399 nass.,
2330 3326 2422 3380 lib.
2456 3340 2512 3379 II.
2547 3325 2779 3399 Addesis
2809 3328 2962 3399 Dion.
2995 3325 3422 3399 Chrysostomum
3446 3325 3548 3382 orsi.
3568 3328 3623 3382 ll.

2123 3396 2240 3452 Hoc
2265 3411 2398 3451 vero
2421 3396 2602 3468 patris
2619 3399 2670 3451 in
2699 3397 2903 3468 liberos
2928 3398 3018 3467 jus
3043 3396 3309 3454 ab'Attica
3336 3400 3437 3468 lege
3455 3400 3628 3468 migravit

2120 3467 2638 3545 Romam;Atbe_n_is
2676 3467 2820 3523 enim
2860 3468 3027 3523 Solon
3080 3469 3254 3545 legem
3300 3467 3408 3524 tulit
3444 3467 3624 3545 πιρὶτῶν

2120 3541 2366 3615 ἀκρίτων,
2392 3553 2496 3615 qua
2521 3537 2693 3615 ﬁliuni
2718 3555 2872 3615 suum
2903 3539 3115 3615 parenti
3142 3537 3335 3615 necare
3354 3537 3623 3615 permissum,

2122 3608 2399 3683 ut'auctor
2426 3609 2625 3683 sextus
2643 3608 2956 3683 Empiricos
2998 3610 3034 3683 l_.
3080 3626 3155 3683 ut,
3180 3608 3624 3683 Pyrrhon.,llypoth.
3730 3630 3735 3635 υ

2126 3680 2193 3734 Et
2212 3677 2368 3734 liberi
2398 3678 2499 3736 sub
2520 3681 2688 3748 patria
2718 3677 2982 3748 poteSIate
3012 3678 3159 3737 haud
3188 3677 3395 3737 multum
3417 3677 3629 3735 aservicn-

2126 3753 2259 3805 tium
2283 3751 2466 3817 specie
2490 3748 2831 3805 differebant.
2858 3750 3011 3806 Unde
3039 3751 3298 3806 Libanius
3338 3749 3626 3808 Declamation.

2126 3821 2194 3898 ζῆ
2226 3839 2237 3873 :
2263 3818 2440 3898 Κύριοι
2460 3828 2571 3898 Etim
2589 3820 2785 3898 παίᾃων
2811 3821 2857 3898 oi
2874 3829 3035 3898 quasi;
3049 3824 3107 3879 οὐ
3114 3846 3157 3895 χ
3174 3822 3315 3882 ἧττον
3334 3824 3625 3898 gregarium»

2125 3891 2421 3963 Lactanct.
2458 3891 2633 3946 Divin.
2688 3891 3008 3947 Iustit.'lib.
3065 3891 3155 3958 iv,
3190 3909 3304 3963 cap.
3336 3891 3626 3963 5:1)ontiaiutt

2124 3962 2503 4036 cerceantdem
2531 3979 2640 4036 esse
2663 4004 2688 4036 ,_
2707 3964 2794 4034 qui
2819 3964 2887 4036 sit
2914 3974 3079 4033 pater,
3111 3962 3267 4021 etiam
3289 3965 3412 4036 juris
3434 3962 3625 4036 cirilisraf

2128 4034 2198 4087 tio
2223 4033 2554 4087 demonstrat.
2589 4030 2729 4098 Quis
2748 4035 2881 4088 enim
2914 4030 3110 4104 poterit
3160 4030 3307 4101 [υἱοί
3337 4030 3627 4104 educart,_siii

2130 4103 2311 4158 habeat
2339 4105 2393 4157 in
2422 4121 2507 4159 eos
2528 4100 3039 4176 dominiipotestatem
3056 4105 3084 4160 ?
3111 4100 3176 4159 Et
3204 4105 3357 4175 paulo
3377 4115 3510 4176 post:
3534 4100 3626 4171 Ergo

2129 4190 2302 4228 servus
2329 4183 2441 4238 est,
2476 4176 2562 4243 qui
2595 4187 2642 4244 et
2670 4175 2807 4243 ﬁlius
2832 4191 2850 4238 ;
2887 4175 3021 4228 idem
3064 4176 3300 4229 dominus
3322 4217 3335 4243 ,
3363 4177 3437 4244 qui
3465 4181 3625 4239 etpder.

2130 4244 2337 4300 Seneca
2386 4255 2561 4313 pater,
2594 4243 2940 4300 Controvers.
2974 4245 3075 4313 19,
3110 4247 3208 4301 lib.
3253 4262 3344 4301 III:
3375 4243 3436 4301 Ut
3455 4245 3547 4297 siris
3564 4258 3627 4313 pa-

2137 4316 2362 4370 rentibus
2388 4312 2530 4382 [ilius
2559 4317 2772 4385 familia:
2801 4316 2930 4370 nulli
2966 4312 3133 4387 potest
3180 4319 3382 4382 servire,
3409 4315 3489 4369 nisi
3510 4312 3624 4384 patri,

2139 4387 2295 4458 omni
2322 4387 2428 4439 alia
2471 4388 2708 4458 seruitute
2732 4388 2857 4441 liber
2884 4397 2977 4442 est.
3008 4388 3100 4441 Sic
3130 4387 3529 4458 quemadmodum
3550 4398 3625 4436 ser-

2141 4472 2241 4512 vus
2269 4457 2522 4523 domino,
2557 4456 2629 4511 ita
2669 4458 2791 4526 jure
2844 4453 3211 4514 vetustissimo
3236 4499 3250 4523 ,
3279 4457 3329 4512 id
3378 4467 3446 4512 est
3475 4453 3629 4526 ﬂorente

2143 4527 2414 4600 republica
2432 4521 2650 4600 ,Aomuia
2670 4521 2820 4600 ﬁlius
2849 4530 2983 4600 patri
3007 4521 3331 4600 anquirebat.
3356 4528 3530 4600 Dionys.
3556 4521 3626 4578 lla-

2143 4599 2421 4653 licarnass.
2453 4598 2546 4653 lib.
2581 4614 2705 4665 vui;
2739 4599 2892 4654 Philo
2912 4597 3134 4654 JudtBtiS
3153 4599 3222 4655 de
3255 4599 3469 4666 Decalug.
3499 4597 3629 4649 Verum

2145 4670 2315 4736 patria
2349 4668 2440 4723 illa
2464 4669 2751 4741 inajestas,
2776 4679 2833 4723 ut
2863 4671 3154 4741 loquuntur
3182 4670 3403 4727 Valerius
3428 4667 3627 4741 Maximus,

2144 4734 2239 4795 lib.
2270 4756 2379 4807 vn,
2414 4734 2623 4813 cap._i7,
2652 4734 2768 4813 δε,
2804 4749 2858 4795 et
2905 4734 3266 4809 Quintilianus
3295 4741 3493 4795 Deciana.
3532 4734 3627 4812 515,

2149 4825 2244 4866 Seu
2276 4810 2491 4883 summa
2516 4810 2603 4865 illa
2635 4810 2800 4883 patris
2842 4816 2895 4865 in
2946 4813 3150 4866 liberos
3178 4823 3418 4883 potestas,
3444 4810 3630 4883 posterio-

2146 4898 2262 4965 ruin
2276 4876 2663 4965 "legislaturqu
2687 4952 2699 4964 .
2717 4876 3194 4965 constitutionibus
3233 4884 3432 4965 multum
3448 4876 3451 4877 ⁷
3467 4876 3628 4965 delibata

2144 4961 2246 5010 est.
2271 4952 2393 5020 Qui,
2427 4963 2484 5005 ut
2513 4954 2664 5027 quasi
2686 4952 2973 5027 iracundiae
2999 4964 3273 5023 parentum
3294 4952 3486 5027 l‘rtenum
3504 4952 3628 5027 injice-

2144 5013 2547 5090 rentrcertuiu'
2592 5024 2809 5078 modum
2864 5024 2915 5079 ei
2962 5013 3259 5080 sintuerunt
3287 5024 3357 5092 (l.
3392 5013 3553 5092 ult._CL

2145 5083 2298 5164 patr:
2315 5097 2547 5165 potest.).
2573 5093 2648 5148 Ita
2690 5103 2747 5149 ut
2796 5095 3094 5165 inauditum
3122 5083 3305 5150 ﬁliuui‘
3324 5095 3465 5165 hodie
3487 5083 3629 5165 interli-

2144 5154 2268 5235 cere
2296 5154 2431 5234 patri
2477 5154 2582 5220 non
2632 5166 2795 5220 liceat
2827 5165 2845 5235 (
2874 5165 2965 5219 lib.
2992 5182 3030 5220 ιι
3063 5162 3133 5219 D.
3175 5165 3242 5219 ad
3292 5165 3393 5235 leg:
3432 5159 3547 5215 Corn.
3586 5154 3627 5205 de

2296 5167 2431 5234 patri
2477 5182 2582 5220 non
2632 5166 2795 5220 liceat
2827 5166 2845 5235 (
2874 5166 2965 5219 lib.
2992 5182 3030 5220 ιι
3063 5166 3133 5219 D.
3175 5166 3242 5219 ad
3292 5166 3349 5235 leg

2146 5233 2331 5301 Sicar,
2364 5236 2452 5289 lib.
2482 5250 2509 5289 ν
2536 5236 2600 5290 de
2627 5237 2724 5307 leg.
2760 5233 2949 5306 Pomp.
2975 5237 3038 5290 de
3058 5233 3627 5308 parricid.).E_xtraqtt§tl).

2143 5308 2187 5361 si
2214 5297 2340 5375 quid
2380 5316 2567 5361 contra
2595 5297 2824 5377 reipubl.
2857 5297 3085 5363 salutem
3130 5308 3270 5377 Vtilius
3303 5297 3544 5370 iuoliaturl
3564 5297 3623 5349 lii.

2143 5392 2305 5451 xxgv,
2337 5378 2402 5430 ο.
2426 5380 2494 5451 de
2510 5378 2603 5432 rel.
2632 5376 2896 5451 etsumpt.
2926 5381 3097 5449 funer.
3128 5376 3415 5451 )_t_'ltset.ms2

2220 5438 2421 5519 Utique.
2474 5446 2693 5519 Legitur
2721 5438 2862 5519 apud
2894 5438 3366 5518 Runetu.'Utriqtte.
3395 5444 3470 5519 Sic
3488 5457 3537 5499 ex
3557 5438 3627 5495 Bo-

2142 5534 2270 5575 non.
2312 5517 2473 5574 Isteus
2498 5517 2609 5588 jain
2642 5517 2925 5575 monuerat
2967 5517 3283 5590 legendum,
3322 5526 3371 5590 et
3413 5517 3625 5590 ιρξθπξθς·

2178 5598 2297 5646 erat
2325 5575 2628 5655 recte,'90n
2655 5592 2874 5647 auditus
2899 5575 3076 5651 tamen
3106 5607 3136 5645 a
3166 5575 3624 5659 Gali.,:Spa'rlt.,

2178 5607 2297 5646 erat
2325 5607 2492 5655 recte,
2522 5607 2628 5647 non
2655 5607 2874 5647 auditus
2899 5607 3076 5651 tamen
3106 5607 3136 5645 a
3166 5607 3322 5654 ωιι.,
3346 5607 3507 5656 δραι..
3544 5607 3621 5659 ua-

2142 5607 2560 5738 rario._Rea_tum
2587 5676 2712 5718 esse
2741 5662 2939 5738 utrique
2958 5705 2987 5738 λ
3007 5673 3154 5738 patet
3203 5677 3267 5719 ex
3289 5659 3400 5738 λιιι.
3424 5671 3480 5738 χι
3506 5625 3621 5738 insul

2145 5680 2302 5717 IaI'IO.
2333 5680 2560 5717 1180111111
2587 5680 2712 5718 8588
2741 5680 2939 5733 ωνιᾳαε
3047 5680 3154 5718 alet
3203 5680 3267 5719 ει
3316 5680 3400 5715 111).
3439 5680 3480 5711 Vt
3506 5680 3621 5726 tutius-

2145 5748 2265 5802 cap.
2299 5734 2354 5789 5.
2384 5732 2560 5789 Minus
2592 5744 2739 5789 recte
2767 5733 2931 5802 igitur
2957 5680 3175 5791 ignitius
3206 5743 3269 5789 et.
3289 5726 3543 5802 Walchius,
3562 5730 3624 5775 stt-

2148 5800 2262 5873 que.
2292 5803 2514 5860 Rectius
2545 5802 2751 5873 Davis.,
2779 5800 3043 5861 Heuman.
3075 5804 3281 5875 utrique.
3307 5800 3421 5856 Bon.
