3816 6264
163 344 328 404 1075

1270 343 1570 401 EPITOME
1610 342 1994 402 DIV‘INARUM
2034 343 2587 403 INSTITUTIONUM.

3349 343 3489 400 1074

163 457 364 528 luptas
395 459 692 531 percipitur
713 473 778 514 ex
817 473 997 514 rerum
1024 457 1424 530 pulchritudine
1445 501 1459 524 ,
1488 458 1696 514 aurium
1722 459 1790 516 de
1814 460 1870 523 Α
1893 460 2103 529 capitur
2137 460 2205 516 de
2235 461 2414 531 specie
2443 460 2760 526 mulierum,
2800 461 2854 516 in
2880 460 3104 518 alteram
3127 461 3268 533 rapit
3294 462 3490 534 volup-

161 550 420 608 vocibus
469 551 682 607 canoris
704 560 759 606 et
800 550 1084 616 suavibus,
1131 549 1339 604 narium
1384 550 1450 604 de
1497 549 1663 605 odore
1700 549 1788 620 ju—

159 644 400 712 cundo,
433 645 638 716 saporis
683 645 751 700 de
797 643 932 700 cibis
959 644 1203 700 dulcibus
1246 662 1258 695 :
1307 642 1500 713 quibus
1538 643 1786 698 omnibus

158 737 350 792 virtus
379 754 684 809 repugnare
716 738 926 792 fortiter
955 737 1144 803 debet,
1184 752 1253 793 ne
1283 737 1367 791 his
1411 737 1679 792 illecebris
1706 737 1783 791 ir-

156 827 373 883 retitus
401 830 616 884 animus
637 871 650 896 ,
683 845 712 884 a
739 829 1046 885 etelestibus
1074 828 1142 882 ad
1173 840 1386 884 terrena
1407 870 1422 895 ,
1467 828 1535 882 ab
1563 829 1782 884 aeternis

158 921 233 976 ad
289 924 621 994 temporalia
646 967 660 991 ,
709 938 736 976 a
784 924 891 977 vita
923 922 1210 977 immortali
1239 922 1304 976 ad
1339 936 1550 992 poenam
1582 936 1778 992 perpe-

159 1023 324 1071 tuam
354 1016 713 1087 deprimatur.
744 1016 799 1072 In
841 1017 1051 1086 saporis
1088 1025 1143 1072 et
1191 1016 1374 1071 odoris
1415 1015 1780 1084 voluptatibus

159 1107 274 1164 hoc
327 1111 638 1180 periculum
669 1119 786 1174 est,
817 1110 961 1181 quod
1012 1110 1226 1166 trahere
1255 1110 1322 1166 ad
1354 1110 1618 1164 luxuriam
1651 1125 1778 1180 pos-

156 1215 320 1260 sunt.
375 1207 484 1274 Qui
537 1207 679 1262 enim
729 1207 888 1262 fuerit
917 1206 998 1262 bis
1027 1206 1270 1272 deditus,
1306 1215 1399 1261 aut
1429 1222 1534 1261 non
1564 1206 1782 1262 habebit

154 1299 337 1354 ullam
369 1315 490 1355 rem
537 1299 852 1355 familiarem
875 1341 890 1368 ,
925 1309 1047 1366 aut,
1095 1301 1139 1353 si
1183 1299 1464 1365 habuerit,
1497 1300 1778 1369 absumet,

155 1398 217 1444 et
248 1399 388 1461 aget
425 1390 767 1462 postmodum
807 1390 969 1444 vitam
1011 1389 1404 1445 detestabilem.
1459 1389 1559 1458 Qui
1599 1400 1780 1445 autem

164 1483 399 1552 rapitur
432 1482 616 1538 auditu
651 1483 734 1553 (ut
781 1489 986 1536 taceam
1033 1481 1100 1536 de
1128 1481 1405 1546 cantibus,
1453 1481 1545 1551 qui
1587 1496 1778 1536 sensus

157 1572 404 1630 intimos
430 1574 502 1629 ita
527 1588 672 1643 saepe
702 1573 994 1639 deliniunt,
1028 1582 1087 1626 ut
1129 1573 1290 1626 etiam
1337 1581 1536 1627 statum
1583 1572 1779 1628 mentis

159 1662 365 1719 furore
395 1665 743 1735 perturbent,
766 1664 1082 1734 compositis
1109 1665 1273 1718 certis
1318 1665 1652 1719 orationibus
1679 1681 1776 1720 nu-

1895 561 2089 620 tatem,
2130 551 2198 610 de
2219 568 2321 624 qua
2349 554 2460 624 jam
2490 553 2738 624 superius
2769 553 2932 608 locuti
2962 568 3165 609 sumus.

2324 687 2550 745 CAPUT
2588 688 2772 755 LXIII,
2807 689 2931 743 olim
2963 688 3049 743 VI.

2279 801 2411 865 (Div.
2436 802 2555 852 Inst.
2581 802 2668 852 lib.
2690 818 2753 865 vi,
2775 815 2817 852 c.
2839 804 2901 854 18
2926 810 2978 852 et
2993 804 3096 865 20.)

1890 907 2199 978 Spectacula
2224 924 2330 962 esse
2360 909 2701 980 potentissima
2727 909 2796 962 ad
2821 909 3218 980 corrumpendos
3263 908 3484 966 animos.

1957 1021 2213 1093 Superest
2240 1021 2306 1077 de
2331 1022 2659 1093 spectaculis
2687 1021 2901 1088 dicere;
2933 1036 3073 1091 quae,
3099 1022 3352 1092 quoniam
3386 1035 3486 1092 po-

1885 1117 2112 1172 tentiora
2144 1123 2272 1170 sunt.
2310 1114 2378 1169 ad
2407 1115 2830 1184 corrumpendos
2861 1114 3072 1169 animos
3092 1156 3106 1181 ,
3147 1113 3364 1168 vitanda
3395 1128 3485 1168 sa-

1883 1209 2184 1279 pientibus,
2226 1216 2282 1263 et
2309 1207 2545 1263 cavenda
2591 1216 2717 1263 sunt
2745 1207 3004 1273 totaliter,
3037 1192 3180 1276 quod
3224 1206 3293 1260 ad
3331 1207 3481 1262 cele-

1884 1300 2119 1356 brandos
2145 1301 2370 1356 deorum
2404 1301 2638 1355 honores
2668 1285 2882 1355 inventa
2913 1312 3306 1354 memorantur.
3341 1299 3476 1354 Nam

1883 1408 2164 1448 munerum
2187 1393 2452 1447 editiones
2495 1393 2712 1448 Saturni
2743 1392 2877 1447 festa
2908 1403 3053 1446 sunt.
3087 1392 3260 1447 Scena
3293 1391 3474 1447 Liberi

1884 1485 2051 1554 patris
2071 1492 2172 1538 est.
2203 1483 2337 1538 Ludi
2361 1497 2491 1538 vero
2519 1483 2799 1539 Circenses
2825 1483 3073 1553 Neptuno
3097 1482 3257 1537 dicati
3287 1492 3480 1551 putan-

1884 1584 1990 1641 tur,
2020 1584 2080 1630 ut
2101 1575 2211 1644 jam
2234 1576 2323 1645 qui
2345 1575 2666 1644 spectaculis
2694 1575 2939 1642 interest,
2963 1576 3154 1631 relicto
3177 1575 3271 1631 Dei
3301 1577 3478 1640 cultu,

1880 1666 1946 1719 ad
1982 1663 2235 1735 profanos
2267 1665 2400 1719 ritus
2428 1665 2705 1719 transiisse
2731 1665 2992 1720 videatur.
3023 1664 3130 1720 Sed
3173 1680 3273 1736 ego
3317 1666 3386 1720 de
3412 1680 3473 1720 re

158 1756 522 1827 merosisque
546 1755 874 1811 carminibus
895 1797 911 1824 ,
939 1764 1031 1810 aut
1072 1756 1274 1826 argutis
1303 1754 1776 1828 disputationibus)
1807 1779 1854 1838 Β
1882 1757 2023 1813 malo
2050 1757 2230 1813 dicere
2267 1772 2424 1828 quam
2472 1757 2540 1812 de
2568 1758 2793 1828 origine.
2839 1759 2977 1826 Quid
3007 1767 3114 1813 tam
3159 1758 3418 1814 horribile
3444 1799 3463 1823 ,

154 1847 229 1901 ad
265 1849 475 1920 impios
499 1850 679 1904 cultus
721 1848 878 1904 facile
922 1847 1243 1904 traducitur.
1291 1847 1423 1904 Inde
1464 1857 1575 1917 est,
1631 1849 1777 1920 quod

151 1941 400 2011 scriptis
443 1941 790 2008 coelestibus,
844 1941 968 2011 quia
1016 1941 1268 1996 videntur
1316 1941 1619 2012 incompta,
1669 1957 1777 1997 non

152 2031 332 2087 facile
363 2034 632 2097 credunt,
658 2033 746 2104 qui
777 2041 870 2087 aut
899 2033 999 2103 ipsi
1049 2041 1173 2088 sunt
1198 2032 1427 2100 diserti,
1461 2042 1554 2088 aut
1578 2033 1779 2090 diserta

152 2123 356 2194 legere
389 2125 594 2180 malunt
625 2143 637 2179 :
665 2139 770 2180 non
801 2134 1049 2195 quaerunt
1076 2139 1226 2191 vera,
1251 2124 1345 2180 sed
1374 2124 1580 2190 dulcia;
1610 2125 1778 2180 immo

155 2215 271 2272 illis
305 2215 432 2272 hmc
461 2216 708 2272 videntur
737 2232 859 2272 esse
887 2217 1165 2271 verissima
1185 2258 1200 2285 ,
1231 2233 1350 2287 quae
1379 2218 1596 2272 auribus
1619 2218 1776 2273 blan-

161 2305 422 2362 diuntur.
454 2306 530 2362 lta
560 2319 818 2377 respuunt
844 2309 1160 2375 veritatem,
1191 2307 1320 2362 dum
1341 2309 1608 2363 sermonis
1654 2324 1778 2364 sua-

160 2399 342 2454 vitate
387 2400 694 2470 capiuntur.
727 2399 988 2470 Voluptas
1018 2414 1182 2467 vero,
1229 2416 1350 2470 quae
1378 2410 1584 2470 spectat
1607 2402 1674 2456 ad
1703 2403 1792 2468 vi-,

158 2503 284 2544 sum
309 2533 325 2557 ,
373 2491 722 2547 multiformis
745 2501 850 2546 est.
876 2490 1008 2546 Nam
1034 2507 1154 2561 qua!
1181 2492 1472 2562 percipitur
1498 2507 1568 2546 cx
1594 2508 1776 2548 rerum

159 2582 542 2652 pretiosarum
570 2583 1007 2654 pulchritudine,
1051 2582 1333 2638 avaritiam
1361 2583 1615 2649 concitat,
1657 2600 1776 2655 qua:

162 2676 345 2732 aliena
375 2692 502 2736 esse
522 2677 683 2735 debet
706 2693 736 2734 a
764 2679 1008 2750 sapiente
1037 2685 1198 2748 atque
1224 2677 1372 2748 justo
1401 2693 1414 2732 :
1447 2693 1566 2749 quae
1593 2687 1772 2733 autem

1884 1859 1990 1905 tam
2025 1859 2252 1917 tetrum,
2289 1865 2447 1920 quam
2476 1849 2710 1905 hominis
2737 1851 3054 1906 trucidatio?
3083 1850 3210 1906 Ideo
3238 1851 3473 1907 severis-

1867 1941 2035 1997 simis
2064 1941 2269 2012 legibus
2295 1942 2402 1996 vita
2428 1950 2612 1996 nostra
2645 1941 2910 2008 munitur;
2940 1943 3059 1997 ideo
3085 1943 3226 1997 bella
3257 1958 3479 1998 execra-

1882 2033 2009 2089 bilia
2055 2042 2198 2088 sunt.
2234 2034 2440 2088 Invenit
2480 2044 2654 2090 tamen
2683 2035 3013 2089 consuetudo
3052 2045 3320 2105 quatenus
3377 2035 3476 2089 lto-

1881 2125 2157 2181 micidium
2187 2126 2303 2180 sine
2329 2126 2471 2180 bello
2496 2141 2558 2181 ac
2583 2126 2699 2182 sine
2726 2127 2931 2196 legibus
2962 2127 3138 2189 facizrt,
3163 2139 3218 2182 et
3247 2135 3347 2182 ttoc
3372 2127 3477 2184 sibi

1876 2221 2152 2290 voluptas,
2196 2219 2338 2290 quod
2382 2222 2557 2275 scelus
2585 2221 2892 2275 vindicavit.
2913 2221 3076 2288 Quod
3115 2221 3161 2275 si
3209 2222 3476 2276 interesse

1885 2310 2202 2377 homicidio,
2226 2310 2448 2366 sceleris
2471 2310 2796 2366 conscientia
2819 2319 2922 2377 est,
2951 2320 3006 2365 et
3041 2310 3221 2366 eidem
3248 2311 3476 2367 facinori

1882 2410 2156 2472 spectator
2185 2402 2475 2457 obstrictus
2523 2409 2625 2466 est,
2655 2403 2739 2455 cui
2771 2410 2826 2455 et
2855 2400 3149 2467 admissor,
3179 2418 3310 2470 ergo
3335 2413 3390 2456 et
3420 2403 3478 2457 in

1881 2496 1966 2551 his
1991 2496 2346 2567 gladiatorum
2375 2496 2614 2552 czcdibus
2643 2513 2752 2551 non
2779 2498 2956 2553 minus
2981 2512 3175 2552 cruore
3206 2497 3481 2568 profundi-

1881 2599 1987 2656 tur,
2016 2590 2110 2659 qui
2134 2598 2375 2660 spectat,
2406 2605 2564 2659 quam
2595 2590 2687 2645 ille
2716 2591 2808 2660 qui
2833 2590 2958 2645 Iacit
2991 2609 3003 2643 :
3029 2606 3130 2646 nec
3153 2600 3330 2662 potest
3355 2605 3480 2646 esse

1882 2679 2136 2734 immunis
2163 2695 2192 2734 a
2221 2679 2479 2750 sanguine
2503 2721 2518 2746 ,
2551 2679 2644 2750 qui
2685 2679 2856 2735 voluit
2899 2679 3100 2736 ell‘undi
3121 2721 3136 2747 ,
3166 2690 3259 2735 aut
3304 2679 3479 2735 videri

1492 2769 1861 2827 VARIORUM
1888 2770 2120 2827 ΝΟΤᾸΕ.

236 2867 535 2921 Aurium...
558 2864 812 2919 suavibus.
840 2863 1000 2918 Deest
1021 2863 1072 2917 in
1103 2876 1202 2916 ms.
1232 2861 1477 2927 Taurin.,
1506 2861 1626 2931 lego
1655 2878 1774 2915 sua-

162 2939 316 2994 vibus
343 2951 415 2992 ex
448 2936 616 3006 Regio
643 2935 764 2990 Put.
798 2935 894 2988 Est
923 2943 979 2988 et
1023 2932 1164 3006 apud
1193 2931 1508 3006 Ciceronem
1537 2948 1635 2986 vox
1660 2949 1768 2987 sua-

162 3011 240 3063 vis
266 3018 318 3063 et
350 3001 568 3062 canori.
613 3007 668 3061 In
705 3008 909 3059 Bonon.
954 3001 1324 3066 suavitatibus;
1369 3004 1420 3055 in
1453 3001 1675 3059 Taurin.
1720 3013 1775 3058 et

1953 2862 2222 2918 Totaliter.
2250 2865 2283 2917 5
2309 2878 2438 2933 mss.
2470 2873 2614 2926 tum;
2637 2879 2737 2919 ms.
2768 2865 2898 2933 Reg.
2924 2878 3035 2918 rec.
3065 2865 3269 2930 taliter;
3294 2880 3484 2921 omnes

1881 2933 2010 2988 editi
2043 2935 2284 2988 letaliter.
2307 2964 2380 2975 -——
2400 2932 2466 2987 Et
2494 2935 2716 2988 cavenda
2760 2932 2877 2988 sunt
2922 2935 3164 2989 totaliter.
3193 2934 3482 2990 Dictionem

1881 3005 2104 3059 totaliter
2134 3005 2420 3074 expulimus
2439 3046 2454 3069 ,
2485 3021 2600 3074 quae
2623 3022 2714 3059 nec
2740 3004 3081 3058 Lactantiana
3112 3015 3218 3068 est,
3253 3022 3344 3058 nec
3373 3005 3480 3060 ια.

167 3081 303 3150 Reg.
337 3094 458 3134 rec.
491 3092 555 3133 ac
582 3076 742 3132 editis
770 3077 1096 3150 suasionibus
1124 3090 1142 3127 :
1169 3075 1310 3142 apud
1342 3073 1587 3150 Lactant.
1620 3075 1661 3128 l.
1685 3090 1768 3141 v1,
1802 3067 1847 3131 C
1881 3075 1988 3150 tina
2007 3116 2023 3140 ,
2053 3093 2144 3128 nec
2174 3067 2238 3150 in
2254 3074 2386 3131 Bon.
2416 3067 2507 3150 aut
2532 3077 2649 3150 aliis
2678 3092 2801 3150 mss.
2832 3085 3053 3150 recepta.
3085 3067 3272 3131 Ismus.
3307 3076 3473 3133 Bene.

165 3145 288 3220 cap.
327 3150 398 3204 2i
422 3191 438 3220 ,
473 3164 653 3220 vocum
677 3148 900 3220 suavit_as
919 3187 934 3213 ,
968 3154 1024 3200 et
1051 3160 1228 3220 suaves
1251 3145 1392 3220 soni.

241 3213 522 3274 Dulcibus.
554 3218 628 3272 Ita
658 3233 789 3274 mss.
819 3215 981 3271 Taur.
1005 3224 1058 3271 et
1087 3215 1217 3286 Reg.
1251 3215 1372 3270 Put.
1397 3213 1467 3269 At
1495 3213 1628 3284 Reg.
1661 3229 1772 3271 rec.

167 3301 223 3347 et
249 3291 341 3346 ed.
380 3290 722 3344 dulcioribus.
1049 3345 1054 3350 ,

252 3360 646 3431 Voluptatibus.
686 3359 951 3431 Sicrmss.
996 3357 1129 3428 Reg.
1177 3357 1296 3412 Put.
1351 3363 1406 3410 et
1451 3355 1674 3410 Taurin.
1707 3357 1778 3412 At

170 3432 308 3502 Reg.
343 3430 462 3486 rec.
497 3440 552 3484 et
580 3430 691 3502 ed,
724 3430 1006 3502 voluptate.

241 3495 565 3556 luxuriam.
599 3501 820 3554 Taurin.
847 3495 1164 3564 luxuriem;
1197 3495 1769 3566 Bonon.,Regio-Put.

169 3575 427 3638 Taurin.,
464 3581 708 3642 possunt;
730 3571 818 3624 ed.
838 3571 1112 3642 luxuriam
1138 3569 1346 3642 poterit.

252 3638 496 3698 lntimos.
531 3642 644 3696 Non
663 3650 810 3696 extat
835 3641 887 3694 in
913 3640 1000 3694 ed.
1026 3641 1306 3694 multis.—
1326 3638 1520 3693 Sensus
1545 3639 1770 3692 intimos.

173 3715 503 3770 Rectissime
543 3712 748 3766 intimos
780 3710 1101 3765 addiderunt
1159 3724 1228 3765 ex
1270 3710 1501 3772 Bonon.,
1537 3708 1772 3762 Thoma-

171 3787 288 3841 sius
309 3828 323 3845 .
355 3785 560 3850 lsmus,
593 3795 698 3838 etc.
745 3780 904 3846 Cel|.,
934 3791 988 3835 et
1018 3797 1082 3834 ex
1115 3780 1339 3836 Taurin.
1374 3795 1474 3832 ms.
1515 3777 1772 3850 Pial‘lius,

173 3867 278 3912 etc.
312 3855 406 3911 Sic
439 3855 472 3908 l.
509 3849 551 3907 ir
573 3853 828 3917 Institttt.,
854 3866 974 3917 cap.
1006 3851 1110 3905 20:
1141 3851 1369 3904 sensibus
1398 3849 1610 3902 intimis.
1644 3849 1776 3903 Esse

172 3924 832 3996 elegantiam_Tullianam
863 3922 928 3976 ad
952 3922 1160 3996 Minue:
1188 3919 1298 3974 Fel.
1333 3935 1452 3996 ca_p.
1484 3920 1501 3972 ι
1537 3919 1776 3996 :_intimis

173 3989 442 4059 seniibus,
487 3994 793 4049 Gronovius
833 3993 1089 4047 ostendit.
1140 3991 1338 4045 Iterum
1378 3989 1530 4044 Lact.
1566 3989 1657 4044 lib.
1690 4005 1773 4055 v1,

174 4082 297 4136 cap.
328 4068 395 4121 21
430 4063 553 4136 :Ne
583 4066 851 4132 capiamur
894 4065 958 4116 iis
1001 4078 1116 4133 qua:
1159 4062 1228 4114 ad
1283 4076 1490 4115 sensum
1542 4060 1778 4112 intintum

175 4135 466 4208 penetrant.
498 4135 630 4190 BUN.

250 4210 486 4270 Statum,
513 4217 620 4260 etc.
651 4204 778 4259 Mss.
813 4204 846 4258 5
875 4204 1042 4272 antiq.
1079 4211 1136 4256 ut
1167 4202 1219 4255 in
1249 4210 1397 4272 textu
1430 4217 1442 4251 :
1468 4199 1584 4254 haec
1616 4199 1778 4267 paulo

175 4279 335 4333 aliter
366 4278 702 4347 legunturrin
729 4275 894 4328 ed.—
916 4271 1117 4328 Statum
1147 4272 1328 4347 mentis
1358 4271 1533 4347 furore
1572 4279 1776 4338 pertur-

179 4349 314 4402 bent.
350 4342 488 4402 Cell.
521 4357 574 4400 et
595 4346 774 4412 alii,ut
796 4347 949 4398 etiam
980 4353 1145 4396 status
1171 4342 1355 4394 mentis
1386 4345 1779 4412 furorgpertur-

181 4420 345 4501 betur.
380 4418 623 4501 Priorgm
665 4409 948 4471 lectionem
981 4419 1238 4495 praestant
1267 4412 1498 4501 lienem,
1525 4409 1774 4474 Taurin.,
1802 4443 1856 4501 D

182 4489 342 4543 [sanis
363 4532 378 4555 ,
413 4487 631 4542 Pfaliius
656 4498 707 4541 et
730 4501 879 4556 seqq.
912 4484 1230 4539 rectissime.
1264 4482 1415 4556 βω.

251 4553 438 4614 Certis.
468 4558 685 4627 Antiqui
717 4553 826 4612 tres
854 4570 983 4610 mss.
1014 4565 1178 4620 certe;
1212 4553 1375 4627 editi,
1427 4553 1613 4615 certis;
1641 4565 1769 4606 mss.

185 4630 316 4698 Reg.
347 4646 460 4686 rec.
492 4624 707 4692 caeteris,
735 4635 1028 4698 corrupte,
1051 4639 1149 4694 pro
1176 4624 1347 4698 cert_is.

255 4690 502 4755 lii-edunt.
536 4700 592 4753 In
619 4690 707 4754 ed.
738 4690 982 4752 creditur.
1009 4690 1070 4750 In
1101 4709 1229 4750 mss.
1264 4693 1601 4763 Regio-Put.,
1627 4690 1774 4745 Tau-

187 4773 313 4834 rin.,
343 4772 578 4834 Bonon.,
607 4769 694 4824 ed.
723 4768 793 4823 Is.
824 4777 878 4822 et
907 4766 1122 4822 Fasitel.
1150 4765 1398 4828 credunt,
1425 4774 1593 4819 recte.

261 4843 378 4907 Qui.
410 4843 467 4896 In
497 4841 625 4896 edit.
653 4841 796 4908 quia.

263 4903 484 4967 Malunt.
521 4911 618 4965 Ms.
653 4903 784 4980 Reg.
810 4924 918 4965 rec.
942 4917 994 4964 et
1017 4908 1148 4980 edit.
1175 4907 1378 4980 volunt;
1422 4920 1554 4960 mss.
1582 4903 1778 4974 Regio-

193 4983 333 5044 Put.,
359 4983 607 5045 Taurin.,
633 4975 840 5035 Bon'on.
865 4990 918 5035 et
943 4979 1072 5034 edit.
1103 4978 1173 5032 Is.
1202 4975 1418 5030 malunt.

262 5054 470 5109 Dulcia.
506 5044 799 5107 Emendavi
842 5067 906 5106 ex
954 5049 1276 5118 Regio-Put.
1309 5046 1602 5118 etBonon.
1630 5044 1784 5118 Quod
1843 5085 1850 5090 .

191 5124 298 5193 jam
325 5126 710 5179 observaverat
751 5115 1146 5193 Rittershusius
1175 5118 1240 5193 ad
1271 5116 1474 5193 Isidor.
1514 5115 1786 5193 Pelns_.__l_n

197 5184 322 5249 inss.
349 5195 594 5260 Taurin.,
639 5193 773 5263 Reg.
819 5208 929 5247 rec.
961 5200 1016 5246 et
1059 5190 1215 5246 editis
1246 5186 1434 5255 dubia,
1467 5186 1626 5242 male.
1659 5184 1782 5240 Vid.

195 5279 344 5319 sena.

257 5281 554 5390 qSiuavitate.
607 5336 697 5390 Sic
744 5348 874 5388 mss.
906 5332 1151 5395 Taurin.,
1183 5331 1316 5400 Reg.
1362 5330 1506 5396 Put.,
1551 5328 1786 5400 Bonon.,

199 5405 282 5459 ed.
314 5406 383 5462 Is.
418 5407 566 5461 Alter
592 5406 724 5473 Reg.
749 5413 803 5458 et
831 5405 991 5471 editi,
1019 5399 1290 5466 varietate,
1316 5400 1411 5473 sed
1439 5399 1714 5473 mendose.

275 5475 450 5546 Rapit.
499 5477 626 5531 Mss.
673 5467 884 5546 Ronan.
935 5467 986 5546 et
1027 5475 1062 5546 2
1098 5473 1244 5546 Reg.
1277 5472 1461 5546 cadit,
1497 5468 1658 5524 male.
1687 5467 1785 5522 Ms.

204 5545 419 5601 Taurin.
452 5549 620 5614 capit,
653 5545 930 5600 mendose.
966 5545 1143 5609 Edili,
1170 5545 1309 5614 rapit
1334 5584 1348 5607 ,
1374 5550 1542 5614 recte.

275 5609 749 5689 PotentioraiMss.
780 5616 887 5670 dtto
916 5617 1050 5689 Reg:
1078 5609 1245 5668 Tauri
1271 5625 1322 5689 et
1364 5612 1517 5689 multi
1545 5609 1794 5689 editipo-

206 5689 379 5742 tentia.
427 5688 525 5742 Ms.
581 5687 786 5741 Bonon.
833 5697 888 5741 et
916 5683 1100 5741 edfls.
1130 5685 1426 5752 potentiam.
1455 5683 1792 5745 Lactantius,

205 5755 293 5810 lib.
346 5774 398 5812 v1
447 5759 562 5814 Div.
599 5757 806 5824 lnstit.,
836 5773 884 5812 c.
914 5757 1014 5822 20,
1064 5757 1131 5810 ad
1178 5753 1574 5824 corrumpendos
1600 5752 1798 5807 animos

210 5830 538 5895 potentissime
567 5829 751 5882 valent.

1881 3144 1996 3199 Non
2025 3146 2266 3215 agnoscit
2297 3147 2542 3200 eamdem
2564 3145 2843 3214 Sparkius.
2873 3145 3004 3199 BUN.

1952 3216 2246 3270 Munerum.
2297 3216 2369 3270 Ita
2422 3231 2611 3272 omnes
2635 3231 2766 3272 mss.
2799 3225 2995 3286 praeter
3024 3215 3245 3272 Taurin.
3277 3218 3366 3272 cui
3397 3227 3481 3273 est

1880 3303 2178 3350 numerum,
2212 3287 2305 3342 sed
2334 3299 2604 3355 corrupte.

1952 3356 2005 3410 Μ
2015 3374 2224 3410 unerum
2249 3358 2492 3412 editiones
2519 3358 2733 3412 Saturni
2755 3362 2885 3427 festa
2910 3366 3047 3410 sunt.
3075 3357 3166 3412 Sic
3189 3357 3480 3414 emendavi

1879 3442 1945 3483 ex
1975 3442 2105 3482 mss.
2141 3428 2301 3491 Bon.,
2330 3428 2463 3496 Reg.
2525 3430 2664 3492 Put.,
2692 3427 2912 3481 Taurin.
2937 3436 2992 3480 et
3012 3428 3142 3482 edit.
3175 3427 3239 3481 Is.
3269 3427 3334 3481 Et
3361 3429 3481 3496 qui-

1878 3498 2002 3553 dem
2051 3507 2218 3552 rectc.
2267 3497 2378 3552 Nec
2425 3497 2752 3552 immolanda
2800 3496 2900 3550 fuit
2936 3499 3165 3567 genuina
3216 3497 3483 3553 Lactantii

1878 3569 2062 3622 lectio.
2087 3568 2206 3622 Non
2230 3571 2372 3622 enim
2399 3567 2630 3623 Saturno
2658 3567 2858 3622 ﬁebant
2885 3583 3107 3623 munera
3132 3585 3144 3620 :
3169 3569 3264 3622 sed
3295 3568 3345 3621 in
3367 3567 3485 3636 ejus

1881 3637 2254 3696 lesto.sci|icet
2285 3640 2336 3692 in
2367 3638 2740 3693 Saturnalibus
2759 3639 3058 3692 edebantur
3085 3638 3213 3701 ludi,
3246 3648 3299 3693 et
3324 3639 3485 3693 amici

1877 3709 1977 3762 sibi
2008 3709 2238 3763 invicem
2268 3723 2489 3762 munera
2518 3708 2821 3773 mittebant,
2857 3724 2975 3777 qua:
2997 3707 3300 3762 Saturnalia
3330 3707 3477 3762 dice-

1880 3778 2094 3832 bantur.
2136 3779 2264 3832 Vide
2292 3779 2550 3832 Rosiuum
2580 3779 2900 3848 Antiquitat.
2924 3777 3214 3848 Romanar.
3274 3777 3366 3830 lib.
3400 3793 3476 3848 tv,

1878 3864 1998 3919 cap.
2033 3849 2131 3914 l6,
2162 3859 2212 3904 et
2245 3848 2608 3912 Macrobium,
2662 3847 2754 3901 lib.
2799 3865 2816 3902 ι
2862 3847 3132 3903 Saturnal.
3159 3848 3396 3919 _cap.7.
3423 3847 3484 3919 In
3537 3854 3546 3866 ‘

1879 3915 1980 3974 ms.
2014 3920 2145 3990 Reg.
2181 3934 2291 3974 rec.
2342 3918 2397 3973 in
2443 3920 2510 3975 I0
2553 3919 2776 3990 edition.
2806 3927 2860 3973 et
2892 3920 3134 3990 innova
3155 3915 3482 3980 Parisiensi,

1883 3987 2279 4062 Saturno'facta:
2297 3999 2452 4055 sunt;
2476 3990 2529 4044 in
2557 3989 2772 4044 Fasitel.
2799 3999 2854 4043 et
2872 3988 3068 4044 Cellar.
3095 3987 3324 4042 Saturno
3346 3990 3485 4056 facta

1880 4071 2028 4126 sunt,
2058 4063 2219 4116 male.
3403 4101 3408 4110 .

1955 4131 2295 4201 Spectaculis.
2325 4130 2414 4186 Sic
2445 4144 2576 4184 mss.
2609 4129 2856 4190 Taurin.,
2891 4128 3182 4201 Reg.-Put.
3204 4167 3219 4192 ,
3248 4127 3482 4201 Bonon.,

1883 4197 2036 4255 Bold.
2073 4201 2143 4255 Et
2171 4203 2249 4256 sic
2276 4201 2560 4270 legendum
2589 4215 2709 4254 esse
2731 4209 2878 4269 patet
2903 4197 3106 4252 exftine
3131 4212 3256 4270 cap.
3287 4197 3358 4251 20
3389 4197 3483 4252 lib.

1881 4271 2056 4324 Divin.
2077 4269 2440 4334 Institut.,’ubi
2463 4279 2772 4324 constanter
2792 4270 2986 4337 legitur
3007 4285 3074 4323 ex
3095 4269 3346 4322 omnibus
3369 4277 3483 4322 tum

1882 4356 2011 4394 mss.
2046 4351 2154 4394 tum
2199 4341 2328 4394 edit.
2362 4340 2686 4393 codicibus:
2731 4338 2792 4391 Si
2833 4339 2947 4408 quis
2989 4340 3144 4408 igitur
3189 4338 3490 4408 spectaculis

1882 4410 2125 4479 interest,
2153 4410 2221 4463 ad
2246 4425 2359 4479 qua:
2377 4409 2637 4478 religionis
2665 4408 2832 4479 gratia
2848 4407 3172 4467 convenitur,
3202 4407 3428 4479 discessit
3455 4423 3490 4458 a

1887 4478 1985 4534 Dei
2007 4481 2169 4544 cultu,
2189 4489 2235 4532 et
2255 4475 2321 4532 ad
2344 4475 2542 4534 deos-se
2570 4475 2802 4544 contulit,
2832 4492 3046 4546 quorum
3071 4475 3267 4546 natales
3289 4485 3334 4526 et
3360 4478 3491 4544 festa

1885 4543 2170 4604 celebravit.
2200 4550 2418 4621 Legitur
2445 4550 2500 4604 in
2530 4563 2636 4603 uno
2661 4562 2763 4602 ms.
2793 4543 2926 4616 Reg.
2953 4561 3065 4601 rec.
3102 4555 3156 4602 et
3175 4543 3264 4602 ed.
3294 4543 3488 4614 spectat

1882 4622 1958 4675 vel
1984 4623 2208 4675 interest.

1954 4692 2007 4746 Μ
2017 4694 2206 4746 unitur.
2235 4691 2333 4746 Ms.
2365 4690 2499 4761 Reg.
2527 4704 2640 4744 rec.
2669 4698 2724 4744 et
2746 4688 2902 4761 edit.,
2933 4689 3197 4741 multatur.

1952 4763 2175 4843 Ιλιυςηὶι.
2327 4759 2470 4843 Regi
2491 4775 2602 4843 rec.
2621 4771 2680 4843 et
2705 4759 3050 4843 ed_.,inventa..

1956 4833 2158 4886 Faciat.
2195 4833 2294 4887 Ed.
2329 4827 2520 4901 faciant
2541 4841 2587 4884 et
2612 4833 2706 4885 hoc
2727 4841 2781 4884 ut
2801 4830 2966 4901 scelus
2991 4828 3262 4901 vindicent.
3289 4827 3479 4901 Eant,

1884 4904 2227 5027 Regio-lim”
2245 4898 2422 4974 faciat.
2446 4903 2580 4958 Bon.
2593 4945 2606 4969 ,
2630 4900 2966 4970 Regio-Put.,
2985 4900 3273 4954 vindicavit.
3295 4898 3485 4963 Taur.,

1886 4991 1965 5027 vm
2007 4991 2082 5027 tca
2119 4992 2134 5027 ι
2164 5015 2176 5027 .

1886 4975 2176 5028 vindicabit.

1961 5044 2140 5099 Eidem
2165 5044 2402 5113 facinori.
2429 5042 2532 5097 Ed.
2557 5044 2732 5097 eodem
2753 5043 2980 5113 facinore
3001 5050 3254 5113 spectator
3273 5039 3489 5113 obstric-

1889 5125 1969 5170 tus
1998 5125 2100 5174 est,
2128 5110 2226 5185 quo
2266 5125 2310 5168 et
2351 5115 2622 5185 admissor.
2651 5110 2776 5185 Mss.
2808 5113 2953 5185 utin
2975 5121 3146 5185 textu.
3176 5110 3490 5165 Lactantius

1891 5188 2006 5256 ipse
2035 5182 2211 5240 1ἱ1).ἰιι
2232 5227 2244 5246 ,
2279 5199 2399 5256 cap.
2432 5185 2530 5249 18,
2565 5182 2748 5237 Eidem
2779 5183 2962 5256 sceleri
2981 5182 3246 5256 obstrictus
3269 5189 3363 5256 est.

1966 5256 2252 5310 Admissor.
2288 5249 2436 5309 Hanc
2465 5269 2650 5310 vocem
2681 5256 2733 5306 in
2765 5251 3156 5320 antiquioribus
3195 5266 3301 5305 non
3333 5249 3437 5319 legi
3471 5265 3488 5305 :

1893 5328 2070 5382 inveni
2099 5343 2226 5381 vero
2253 5327 2306 5380 in
2351 5326 2578 5395 August.
2613 5325 2680 5377 de
2709 5321 2868 5395 Civit.
2904 5322 2999 5395 Dei
3027 5321 3065 5395 l.
3098 5337 3208 5395 vit,
3237 5336 3357 5395 cap.
3408 5321 3442 5372 5
3471 5335 3487 5372 :

1893 5399 2096 5453 seminis
2125 5397 2396 5460 admissor,
2426 5391 2692 5451 adinissor
2717 5392 2921 5448 scilicet
2951 5391 3218 5446 lacinoris.
3253 5391 3386 5444 BUN.

1969 5468 2034 5520 Et
2057 5469 2109 5520 in
2132 5469 2229 5522 his.
2255 5466 2356 5520 Ed.
2385 5459 2452 5520 Et
2473 5467 2551 5519 Itis
2570 5464 2912 5534 gladiatorum
2924 5462 3218 5534 sceleribus,-
3240 5459 3487 5534 ’I‘aurin._,

1897 5540 2235 5608 chio-Pttt.,
2263 5539 2337 5608 in,
2361 5537 2438 5590 his
2465 5523 3069 5608 gludiatorunt_ctzdibus
3086 5550 3106 5599 ;
3137 5532 3342 5608 Bono‘n.
3376 5539 3431 5584 et
3454 5529 3491 5581 2

1899 5601 2028 5672 Reg.
2062 5624 2183 5663 cum
2215 5607 2394 5670 editis,
2423 5601 2744 5676 perfunditur
2763 5621 2782 5668 ;
2811 5603 3035 5676 Taurin.
3066 5601 3411 5676 profunditur.

1970 5678 2162 5735 Cruore
2193 5673 2539 5748 profunditur.
2569 5677 2864 5748 Buneman.
2913 5675 3091 5742 legere
3145 5673 3345 5728 mavult
3375 5687 3493 5739 per-

1903 5750 2158 5822 funditur,
2195 5747 2386 5822 sicque
2435 5763 2586 5822 suam
2639 5747 2922 5822 lectionem
2947 5754 3171 5822 conatur
3198 5756 3440 5822 asserere
3473 5759 3484 5792 :

1911 5811 1928 5873 ἱ
1956 5820 2094 5886 Non,
2126 5811 2316 5890 inquit,
2331 5818 2514 5878 dicunt
2538 5819 2610 5875 ita
2637 5816 2840 5881 Latini;
2870 5816 2990 5887 lege
3019 5815 3179 5887 igitur
3201 5828 3323 5869 cum
3353 5811 3484 5867 Bon.
