3816 6264
360 275 500 332 ωἶθ

1722 264 1906 320 FIBM.
1940 261 2305 320 LACTANTII

3536 253 3665 309 {050

358 392 564 461 jacere.
615 387 740 442 Haec
776 393 903 439 sunt
930 398 1124 454 opera,
1157 381 1275 437 haec
1317 380 1497 436 ofﬁcia
1536 379 1958 447 misericordiae,
1987 382 2043 443 Α
2063 378 2306 434 dolorem
2332 376 2623 441 viscerum,
2661 384 2718 431 et
2742 374 2977 430 adhibita
3002 372 3230 444 corpori
3260 379 3543 427 tormenta
3584 386 3667 425 su-

363 497 485 551 qua:
513 480 558 533 si
580 477 697 546 quis
726 476 944 542 obierit,
986 490 1175 530 verum
1220 484 1276 529 et
1314 483 1594 543 acceptum
1635 472 1957 528 sacriﬁcium

360 574 475 628 Deo
497 568 814 626 immolabit.
841 567 968 622 Haec
989 567 1244 622 litabilior
1264 566 1479 620 victima
1501 576 1583 620 εει
1600 564 1741 634 apud
1766 565 1955 631 Deum,

362 664 455 735 qui
494 677 600 718 non
634 658 854 730 pecudis
885 658 1166 728 sanguine,
1211 656 1309 713 sed
1347 655 1581 710 hominis
1621 656 1819 725 pietate
1848 654 1959 723 pla-

362 762 557 808 catur:
586 765 746 821 quem
796 750 968 813 Deus,
1015 748 1136 818 quia
1180 746 1358 816 justus
1403 755 1514 813 est,
1558 760 1652 800 sua
1682 754 1736 800 et
1782 744 1958 813 ipsum

362 845 500 913 lege,
535 857 628 897 sua
659 849 717 896 et
742 839 1053 896 conditione
1096 838 1471 908 prosequitur;
1503 838 1790 892 miseretur
1818 834 1955 905 ejus,

362 949 523 1006 quem
545 932 741 989 viderit
764 929 1192 996 misericordem,
1217 929 1569 985 inexorabilis
1593 937 1677 983 est
1700 927 1771 993 ei,
1801 943 1960 998 quem

361 1026 705 1098 precantibus
733 1024 907 1080 cernit
936 1023 1219 1079 immitem.
1270 1022 1438 1092 Ergo,
1487 1029 1545 1076 ut
1585 1021 1702 1075 haec
1740 1020 1957 1085 Omnia,

362 1135 483 1191 quae
513 1120 624 1176 Deo
651 1119 886 1188 placent,
926 1116 1106 1172 facere
1133 1117 1425 1186 possimus,
1457 1113 1852 1171 contemnenda
1878 1121 1962 1168 est

365 1212 614 1280 pecunia,
646 1219 701 1264 et
741 1209 809 1265 ad
844 1208 1096 1264 cmlestes
1119 1207 1488 1263 transferenda
1518 1207 1824 1273 thesauros,
1871 1204 1962 1260 ubi

361 1318 466 1361 nec
490 1303 583 1365 fur,
604 1302 844 1370 eﬁ'odiat,
876 1317 978 1360 nec
1005 1302 1195 1373 rubigo
1236 1309 1542 1365 consumat,
1575 1314 1677 1354 nec
1704 1307 1962 1369 tyrannus

360 1396 584 1467 eripiat;
625 1397 719 1453 sed
745 1397 901 1453 nobis
925 1397 992 1453 ad
1023 1406 1280 1454 :eternam
1310 1394 1662 1466 opulentiam,
1688 1393 1799 1447 Deo
1839 1405 1962 1446 cus-

364 1487 510 1555 tode,
547 1498 816 1545 servetur.
1512 1483 1521 1491 ’

762 1599 990 1657 CAPUT
1030 1599 1217 1665 LXVI,
1259 1600 1391 1654 alias
1430 1596 1564 1653 VIII.

845 1714 978 1781 (Lib.
1006 1730 1051 1765 vr
1075 1714 1215 1776 Inst.,
1241 1727 1348 1776 cap.
1374 1713 1473 1775 23.)

602 1843 679 1898 De
716 1844 820 1913 [ide
844 1844 900 1898 in
922 1843 1189 1914 religione,
1223 1850 1269 1895 et
1297 1840 1359 1894 de
1387 1838 1704 1911 fortitudine.

441 1956 602 2012 Fides
628 1970 843 2026 quoque
874 1969 1065 2025 magna
1091 1954 1312 2024 iustitiae
1341 1968 1468 2023 pars
1496 1962 1613 2007 est:
1640 1966 1763 2022 qua:
1798 1950 1970 2005 maxi-

361 2064 452 2107 me
477 2063 509 2103 a
563 2048 739 2113 uobis,
784 2047 877 2118 qui
908 2062 1107 2102 nomen
1143 2046 1265 2101 ﬁdei
1293 2045 1530 2115 gerimus
1550 2086 1563 2109 ,
1594 2041 1965 2099 conservanda

360 2148 468 2203 est,
500 2138 771 2206 praecipue
810 2138 864 2190 in
898 2137 1194 2206 religione,
1223 2135 1347 2203 quia
1397 2135 1538 2188 Deus
1589 2134 1735 2202 prior
1780 2142 1864 2187 est
1910 2140 1967 2188 et

362 2229 546 2299 potior
574 2242 736 2296 quam
763 2226 945 2281 homo.
978 2228 1044 2280 Et
1072 2227 1119 2279 si
1160 2235 1241 2280 est
1285 2214 1582 2294 gloriosum
1618 2239 1714 2292 pro
1753 2223 1962 2291 amicis,

362 2336 464 2390 pro
486 2319 818 2389 parentibus,
852 2333 948 2386 pro
976 2316 1183 2381 liberis,
1227 2316 1281 2370 id
1307 2325 1413 2382 est,
1446 2330 1541 2385 pro
1592 2315 1809 2369 homine
1838 2328 1963 2368 sus-

362 2411 548 2480 cipere
577 2419 827 2474 mortem,
859 2418 911 2463 et
938 2410 1028 2478 qui
1056 2410 1157 2463 hoc
1187 2407 1399 2471 fecerit,
1425 2406 1732 2461 diuturnam
1762 2420 1968 2461 memo—

367 2502 503 2557 riam
527 2500 854 2570 laudemque
874 2500 1256 2570 consequitur;
1289 2507 1491 2569 quanto
1520 2499 1687 2568 magis
1709 2513 1808 2568 pro
1832 2498 1967 2566 Deo,

364 2591 456 2661 qui
489 2600 666 2659 potest
691 2602 947 2645 retentam
976 2591 1139 2644 vitam
1171 2604 1269 2659 pro
1311 2590 1590 2659 temporali
1624 2599 1798 2644 morte
1825 2605 1967 2660 prte-

361 2684 540 2739 starc!
571 2684 756 2755 Itaque
804 2700 925 2739 cum
982 2683 1234 2739 inciderit
1266 2683 1531 2753 ejusmodi
1563 2685 1880 2750 necessitas,
1910 2691 1968 2737 ut

361 2773 666 2830 desciscere
687 2790 717 2827 a
743 2775 872 2842 Deo,
902 2785 1065 2846 atque
1095 2774 1158 2829 ad
1187 2775 1320 2829 ritus
1340 2774 1579 2845 gentium
1610 2774 1839 2828 transire
1866 2788 1964 2828 co-

358 2880 570 2936 gamur,
617 2865 794 2921 nullus
843 2881 940 2920 uos
995 2877 1203 2931 metus,
1250 2865 1431 2920 nullus
1474 2874 1652 2919 terror
1690 2864 1964 2930 inﬂectat,

360 2958 651 3027 quominus
701 2958 951 3012 traditam
1002 2959 1157 3013 nobis
1189 2957 1351 3012 ﬁdem
1394 2957 1789 3013 custodiamus.
1825 2958 1967 3013 Deus

362 3049 439 3105 sit
480 3058 606 3107 ante
648 3049 853 3117 oculos,
900 3050 971 3105 sit
1013 3051 1065 3105 in
1094 3048 1280 3117 corde,
1311 3049 1465 3120 cujus
1512 3047 1970 3104 internoauxilio

2063 484 2332 542 peremus.
2380 468 2522 523 Nihil
2568 476 2698 522 tunc
2743 464 2887 520 aliud
2937 481 3097 535 quam
3155 464 3283 518 vita:
3346 462 3667 517 immortalis

2064 562 2283 632 praemia
2333 560 2651 630 cogitemus.
2708 555 2783 611 Ita
2832 552 3026 621 facile,
3072 556 3176 611 etsi
3225 554 3544 624 dissipandi
3583 566 3665 611 aut

2063 653 2251 708 ureudi
2281 661 2429 706 artus
2473 650 2705 715 fuerint,
2738 647 3086 703 tolerabimus
3122 646 3411 713 universa,
3464 659 3584 714 qua:
3618 646 3666 702 ia

2062 762 2162 803 nos
2191 746 2485 818 tyrannicae
2510 740 2848 797 crudelitatis
2875 741 3111 795 amentia
3136 740 3417 795 molietur.
3452 737 3662 795 Postre-

2063 855 2152 894 mo
2216 840 2386 908 ipsam
2435 845 2665 891 mortem
2704 848 2815 889 non
2859 833 3029 897 inviti,
3058 843 3152 888 aut
3196 832 3411 896 timidi,
3477 831 3573 886 sed
3600 834 3660 887 li.

2062 930 2255 987 bentes
2272 940 2329 985 et
2352 927 2582 984 interriti
2609 926 2792 982 subire
2812 926 3067 991 nitamur,
3094 940 3220 980 cum
3246 925 3497 979 sciamus
3521 924 3657 993 quali

2062 1023 2202 1094 apud
2232 1023 2402 1077 Deum
2429 1020 2601 1092 gloria
2630 1018 2799 1073 simus
2828 1017 3084 1085 functuri,
3109 1014 3445 1086 triumphato
3471 1016 3661 1071 sacqu

2062 1116 2131 1171 ad
2160 1114 2425 1186 promissa
2452 1112 2963 1181 venientes;quibus
2991 1109 3171 1174 bonis,
3205 1117 3413 1178 quanta
3430 1107 3657 1162 beatitu-

2064 1208 2190 1265 dine
2212 1206 2393 1262 brevia
2417 1206 2534 1261 hzec
2560 1219 2840 1275 prunarum
2871 1204 3033 1268 mala,
3062 1212 3120 1257 et
3143 1202 3306 1273 hujus
3327 1204 3455 1255 vita:
3476 1201 3659 1256 damna

2072 1286 2382 1371 pensemus.
2415 1295 2569 1365 Quod
2599 1297 2645 1350 si
2675 1294 2904 1350 facultas
2928 1294 3086 1364 hujus
3122 1293 3317 1364 gloriae
3349 1292 3541 1358 deerit,
3570 1295 3657 1347 ba-

2068 1392 2217 1448 bebit
2242 1391 2377 1446 ﬁdes
2398 1390 2559 1445 etiam
2587 1390 2640 1444 in
2670 1387 3160 1460 pacevmereedem.

2080 1529 2084 1533 .
2138 1483 2411 1540 Teneatur
2438 1498 2567 1554 ergo
2618 1484 2671 1537 in
2720 1482 2971 1537 omnibus
3011 1482 3135 1536 vitae
3171 1480 3398 1546 ofﬁciis,
3430 1490 3658 1538 teneatur

2072 1579 2125 1633 in
2158 1578 2525 1633 matrimonio.
2558 1575 2674 1631 Non
2703 1575 2848 1631 enim
2875 1574 3014 1629 satis
3042 1582 3147 1637 est,
3177 1573 3228 1628 si
3265 1582 3367 1627 aut
3389 1572 3558 1628 alieno
3582 1585 3657 1628 to-

2069 1685 2152 1736 ro,
2186 1679 2279 1724 aut
2307 1669 2550 1739 lupanari
2579 1667 2875 1722 abstineas.
2914 1666 3015 1733 Qui
3038 1664 3204 1720 habet
3231 1664 3509 1734 conjugem
3536 1664 3655 1720 nihil

1989 1772 2038 1831 Β
2066 1771 2274 1834 quaerat
2312 1762 2649 1817 extrinsecus
2674 1776 2689 1813 :
2714 1758 2810 1814 sed
2834 1766 3124 1814 contentus
3154 1772 3223 1811 ea
3272 1755 3405 1822 sola,
3451 1757 3574 1811 casti
3607 1767 3659 1812 ct

2070 1856 2314 1911 inviolati
2345 1854 2540 1910 eubilis
2568 1861 2908 1908 sacramenta
2949 1848 3244 1906 custodiat.
3278 1847 3488 1903 Adulter
3512 1849 3654 1904 enim

2071 1948 2183 2003 Deo
2208 1957 2292 2003 est
2328 1945 2553 2017 perinde
2601 1954 2761 2015 atque
2788 1944 3023 1999 incestus
3046 1984 3062 2008 ,
3103 1942 3224 2012 qui,
3272 1940 3485 2010 ahjecto
3508 1942 3656 2011 jugo,

2079 2040 2165 2095 vel
2214 2040 2266 2094 iu
2312 2039 2559 2104 liberam,
2590 2038 2675 2092 vel
2714 2038 2768 2092 in
2818 2051 3028 2093 servam
3076 2034 3373 2105 peregrina
3422 2035 3658 2103 voluptate

2071 2133 2325 2189 luxuriat.
2355 2132 2460 2188 Sed
2488 2131 2629 2186 sicut
2656 2130 2877 2187 fmmina
2902 2129 3167 2186 castitatis
3192 2127 3436 2183 vinculis
3454 2127 3653 2199 obligata

2072 2236 2177 2290 est,
2227 2241 2294 2281 ne
2332 2212 2521 2279 alium'
2545 2224 2895 2295 concupiscat
2924 2241 2939 2278 :
2971 2225 3041 2277 ita
3073 2224 3154 2277 vir
3199 2223 3403 2278 eadem
3438 2221 3549 2292 lege
3587 2233 3657 2279 te-

2073 2328 2283 2384 neatur,
2312 2318 2563 2387 quoniam
2595 2317 2739 2372 Deus
2780 2317 2951 2371 virum
2984 2324 3037 2370 et
3080 2328 3315 2369 uxorem
3363 2313 3517 2369 unius
3549 2328 3659 2368 cor-

2074 2408 2220 2479 poris
2248 2423 2509 2479 compage
2554 2408 2825 2463 solidavit.
2854 2407 2981 2463 Ideo
3030 2406 3299 2478 praecepit
3343 2422 3452 2461 non
3490 2405 3661 2462 dimitti

2078 2514 2325 2564 uxorem,
2349 2499 2456 2554 nisi
2481 2498 2711 2553 crimine
2737 2498 2989 2554 adulterii
3008 2499 3302 2562 revictam,
3326 2506 3389 2551 ut
3415 2512 3660 2568 nunquam

2075 2592 2376 2662 conjugalis
2404 2592 2628 2648 fmderis
2652 2591 2944 2656 vinculum,
2997 2590 3098 2646 nisi
3130 2589 3286 2661 quod
3340 2590 3559 2660 perﬁdia
3581 2607 3662 2644 ru-

2080 2685 2241 2754 perit,
2269 2684 2593 2739 resolvatur.
2642 2683 2779 2739 Illud
2821 2698 3035 2754 quoque
3082 2682 3151 2737 ad
3197 2682 3661 2739 consummandam

2077 2776 2388 2846 pudicitiam
2430 2776 2695 2847 jungitur,
2746 2786 2805 2830 ut
2834 2791 2939 2830 non
2984 2774 3148 2830 modo
3197 2783 3478 2845 peccatum
3508 2776 3661 2839 absit,

2076 2883 2260 2923 verum
2289 2869 2453 2924 etiam
2486 2869 2762 2938 cogitatio.
2792 2868 2966 2923 Pollui
2993 2867 3139 2923 cnim
3174 2877 3417 2923 mentem
3445 2871 3664 2938 quamvis

2077 2957 2224 3013 inani
2252 2960 2545 3030 cupiditate
2589 2958 2931 3015 manifestum
2961 2969 3078 3025 est;
3110 2960 3293 3030 itaque
3336 2960 3541 3029 justum
3583 2959 3667 3013 ho-

2077 3049 2310 3114 minem,
2344 3051 2488 3122 quod
2531 3052 2602 3108 sit
2646 3066 2824 3121 secus,
2863 3067 2962 3106 nec
3016 3051 3200 3107 facere
3249 3061 3531 3122 oportere,
3583 3066 3665 3108 nec

1705 3158 2066 3217 VARIORUM
2102 3161 2335 3218 ΝΟΤᾹΞ.

440 3282 656 3336 Obierit.
692 3282 853 3354 Extat
890 3282 1153 3354 perfecerit
1179 3280 1230 3335 in
1260 3280 1438 3354 editis.

433 3354 726 3406 Litabilior.
761 3353 816 3407 In
847 3351 990 3405 mss.’
1009 3351 1047 3404 2
1073 3351 1204 3420 Reg.
1236 3363 1340 3415 est,
1371 3351 1717 3420 tetabiliomet
1746 3352 1814 3405 ita
1843 3366 1965 3405 cor-

393 3424 504 3476 exit
528 3426 579 3476 in
610 3438 741 3476 mss.
775 3422 935 3475 Taur.
963 3418 1337 3489 antiquissima
1359 3435 1569 3474 manus.
1601 3418 1795 3475 Cteteri
1830 3436 1962 3474 mss.

399 3502 636 3547 tomnes
675 3492 823 3555 editi,
859 3492 1124 3545 litabilior.
1169 3490 1261 3545 Sic
1299 3491 1510 3545 litabilis
1545 3491 1771 3555 victima,
1805 3506 1966 3561 supra

363 3562 455 3617 lib.
488 3578 505 3616 ι
551 3563 669 3616 Div.
701 3562 960 3623 Insritut..
991 3575 1111 3631 cap.
1141 3560 1233 3623 2|,
1264 3562 1408 3616 circa
1432 3562 1689 3615 medium.

438 3632 682 3687 Pecudis.
715 3638 782 3687 At
805 3648 906 3687 ms.
933 3632 1065 3702 Reg.
1086 3647 1195 3687 rec.
1220 3642 1277 3687 et
1303 3632 1416 3697 ed.,
1447 3632 1717 3702 pecudum.
1747 3632 1968 3688 Veteres

364 3717 499 3759 mss.
530 3703 758 3772 pecudis.

440 3774 550 3830 Sua
577 3784 624 3828 et
649 3776 835 3846 ipsum,
877 3783 979 3846 etc.
1010 3772 1151 3828 Editi
1178 3787 1309 3846 cum
1333 3788 1437 3846 m_s.
1490 3772 1710 3846 Taurin.
1750 3790 1897 3827 suam
1922 3787 1971 3829 et

363 3846 533 3914 ipsum
559 3843 679 3915 lege
707 3862 800 3899 sua
823 3844 1152 3910 conditione;
1183 3843 1500 3914 Regio-Put.
1525 3852 1580 3899 et
1606 3844 1815 3900 Bonon.
1844 3860 1967 3899 cum

366 3915 454 3971 ed.
489 3915 557 3969 Is.
591 3927 649 3969 ut
677 3916 728 3968 iu
762 3924 930 3970 textu.

436 3983 589 4054 Ejus.
614 3986 688 4039 Ita
715 4000 846 4041 mss.
874 3985 1152 4040 veterrimi
1171 3984 1363 4052 Taur.,
1395 3984 1710 4054 Regio-Put.
1741 3985 1810 4038 At
1830 3985 1964 4056 Reg.

365 4070 481 4109 rec.
510 4063 564 4109 et
592 4056 743 4119 ealiti,
776 4056 840 4109 ei.

442 4124 671 4195 Ubinec
692 4128 795 4195 fur.
839 4125 917 4195 Ita
948 4140 1080 4178 mss.
1106 4123 1340 4195 codices.
1374 4123 1443 4177 At
1471 4122 1558 4178 ed.
1582 4128 1670 4193 fur
1697 4139 1796 4177 non
1839 4123 1971 4190 effo-

367 4193 492 4248 diet.
527 4192 713 4247 Matth.
745 4209 821 4257 vr,
855 4194 987 4249 Luc.
1022 4209 1119 4256 xu,
1152 4192 1169 4245 l
1198 4192 1340 4246 Tim.
1374 4208 1445 4246 vr.

442 4263 743 4320 Consumat.
764 4264 822 4318 In
865 4264 979 4329 ed.,
1009 4264 1290 4317 consumet.

442 4333 668 4403 Eripiat.
706 4334 763 4388 In
803 4333 895 4389 ed.
924 4334 1118 4404 legitur
1147 4334 1343 4401 eripiet.

381 4475 537 4531 bitur.

451 4545 735 4618 Religione.
765 4547 839 4601 Ita
870 4560 999 4618 mss.
1031 4560 1262 4601 omnes:
1293 4554 1348 4599 at
1373 4545 1485 4610 ed.,
1520 4544 1854 4618 Religionem.

446 4615 651 4687 Patior.
682 4618 752 4687 At
779 4632 881 4670 ms.
914 4616 1044 4687 Reg.
1076 4632 1186 4670 rec.
1212 4623 1268 4670 et
1291 4619 1378 4671 ed.
1413 4617 1691 4685 potentior.

451 4686 640 4750 Quam.
686 4686 804 4741 Non
837 4695 920 4741 est
950 4686 1009 4740 in
1027 4701 1128 4741 ms.
1163 4687 1386 4740 'I‘aurin.

451 4756 895 4828 Desciscere.Ms.
950 4757 1082 4828 Reg.
1116 4771 1227 4812 rec.
1262 4767 1318 4812 et
1346 4756 1476 4813 editi
1525 4756 1806 4815 discedere.
1846 4757 1979 4816 0m-

373 4841 475 4882 nes
505 4827 709 4895 antiqui
745 4827 1042 4882 desciscere.

443 4895 677 4970 Interno.
730 4895 973 4970 zEterno.
1023 4898 1101 4953 Ita
1150 4898 1388 4955 correxit
1430 4911 1621 4954 manus
1666 4898 1887 4970 antiqua
1927 4903 1979 4957 in

376 4981 482 5024 ms.
517 4966 857 5023 Taurinensi.

444 5037 714 5093 Dolorem.
740 5038 846 5093 Sed
867 5037 1015 5106 editi,
1037 5038 1186 5093 dolor
1203 5056 1221 5093 :
1243 5048 1297 5094 at
1321 5055 1453 5095 mss.
1478 5039 1675 5095 habent
1699 5040 1947 5097 dolorem.

453 5109 787 5183 Superemus:
834 5109 984 5183 Etliti
1017 5121 1356 5183 superentur,-
1388 5128 1491 5167 ms.
1522 5112 1743 5166 'I‘aurin.
1773 5128 1982 5183 supere-

375 5195 510 5245 mus,
538 5189 722 5241 recte;
755 5180 924 5249 Regio
956 5180 1076 5235 Put.
1110 5179 1393 5249 superabit.

446 5250 546 5303 Aut
577 5249 780 5303 urcndi.
816 5251 977 5306 Deest
1003 5251 1056 5305 in
1097 5266 1201 5305 ms.
1245 5249 1407 5307 Taur.
1615 5292 1625 5301 .

451 5318 719 5394 Quiuersa.
745 5319 868 5394 Non
888 5330 1033 5394 extat
1064 5321 1117 5394 in
1142 5321 1301 5394 editis
1342 5323 1374 5375 7
1411 5330 1464 5375 et
1495 5322 1547 5394 in
1569 5337 1686 5394 ms.
1706 5322 1839 5394 Reg.
1855 5339 1973 5394 rec.

448 5388 796 5461 Crudelitatis.
830 5390 1230 5457 Dominationis,
1271 5406 1371 5461 pro
1395 5391 1737 5460 crudelitatis,
1780 5388 1982 5450 habent

373 5459 499 5531 editi
530 5476 652 5516 cum
683 5477 788 5516 ms.
822 5461 955 5531 Reg.
989 5476 1101 5515 rec.

444 5527 573 5605 Cum
598 5533 841 5605 sciamus.
866 5527 994 5587 M'ss.
1022 5531 1346 5605 Regio-Put.
1376 5533 1597 5589 Taurin.
1637 5550 1791 5600 cum;
1842 5545 1976 5605 tres,

375 5602 617 5673 sciamus.
645 5606 712 5673 At
739 5603 826 5657 ed.
860 5614 916 5657 ut
942 5604 1050 5673 qui,
1081 5617 1178 5667 pro
1209 5620 1345 5659 cum.

452 5666 647 5727 Simus.
691 5671 903 5739 Sequor
931 5666 1282 5729 ms."l‘auriu.
1330 5676 1388 5731 In
1416 5674 1667 5731 omnibus
1695 5676 1855 5732 editis
1895 5686 1980 5734 est

377 5756 573 5797 sumus.
602 5741 661 5800 In
688 5743 725 5798 2
753 5743 888 5816 Reg.
916 5744 1049 5803 Bon.
1074 5753 1128 5803 et
1148 5746 1239 5802 ed.
1264 5746 1336 5804 Is.
1380 5761 1555 5803 sumus
1585 5749 1772 5818 futuri.
1794 5746 1978 5821 Repe-

1991 3277 2039 3341 C
2071 3277 2207 3333 ritur
2242 3280 2296 3334 in
2326 3279 2394 3333 12
2420 3280 2508 3336 ed.
2540 3280 2787 3352 functuri,
2831 3281 3104 3352 etiamque
3147 3281 3292 3350 apud
3338 3279 3514 3335 Cicer.
3558 3296 3663 3352 pro-

2070 3365 2219 3418 spera
2251 3354 2458 3421 functus
2486 3349 2716 3422 fortuna,
2754 3350 2823 3405 de
2847 3349 2930 3406 Cl.
2969 3350 3062 3405 24.
3186 3349 3195 3350 ί
3559 3349 3566 3352 ⁷

2075 3418 2578 3502 ...Τνξιιηιρίιαιρηη
2596 3421 2883 3502 partientes.
2917 3420 3033 3476 Non
3062 3430 3212 3475 exuit
3240 3422 3295 3475 in
3332 3435 3432 3476 ms.
3461 3420 3659 3476 Taurin.

2068 3488 2172 3545 llic
2201 3488 2399 3562 desinit
2426 3492 2561 3562 Reg.
2594 3492 2713 3546 Put.
3206 3502 3209 3503 '

2148 3562 2267 3615 Aut.
2304 3561 2422 3617 Non
2450 3571 2600 3617 extat
2627 3564 2679 3616 in
2707 3562 2891 3617 editis.

2146 3631 2309 3704 Cesti.
2336 3631 2415 3688 Ita
2452 3648 2585 3688 mss.
2618 3632 2865 3696 Taurin.,
2902 3633 3135 3697 Bonon.,
3170 3633 3312 3704 Reg.
3345 3649 3454 3689 rec.
3487 3632 3592 3688 Sed
3617 3633 3662 3686 in

2077 3701 2210 3774 edit.
2240 3719 2447 3757 carnem
2478 3705 2716 3774 castiget.

2150 3770 2363 3828 Cubilis.
2395 3775 2464 3828 At
2495 3770 2715 3829 Taurin.
2751 3789 2852 3828 ms.
2897 3774 3073 3828 cubili.
3120 3774 3335 3832 Casti...
3368 3774 3545 3830 cubilia
3589 3791 3661 3828 sa-

2077 3855 2360 3909 cramenta,
2394 3843 2498 3900 hoc
2524 3856 2627 3909 e8t,
2663 3845 2822 3900 ﬁdem
2852 3844 3213 3914 coujugalem.

2149 3914 2385 3978 Adulter,
2417 3924 2522 3970 etc.
2552 3914 2764 3984 Sequor
2803 3930 2905 3970 ms.
2940 3915 3077 3969 Bon.
3108 3926 3164 3969 et
3192 3917 3225 3970 6
3252 3916 3393 3971 edit.
3429 3915 3483 3970 In
3510 3916 3658 3984 pluri-

2077 3983 2177 4038 bus
2199 3984 2359 4039 editis
2384 3994 2483 4048 est,
2517 3983 2734 4039 Adulter
2753 3988 2888 4039 enim
2914 3985 3022 4038 Deo
3063 3996 3138 4040 est
3164 3989 3386 4053 proinde
3409 3983 3548 4051 atque
3587 3990 3658 4038 ia-

2075 4064 2261 4127 gstus.
2291 4056 2406 4127 Ms._
2421 4055 2551 4124 Reg.
2585 4071 2720 4127 rec.,
2750 4056 2964 4109 Adulter
2990 4058 3127 4109 enim
3145 4056 3255 4111 Deo
3277 4068 3329 4111 et
3358 4060 3659 4127 perfricatus;

2077 4123 2323 4189 Tattrin.,
2359 4124 2453 4179 Est
2480 4123 2613 4178 enim
2638 4125 2745 4180 Deo
2776 4136 2823 4179 et
2851 4128 3088 4179 incestus.

2152 4193 2408 4268 Nerthum
2426 4198 2771 4268 concupiscat.
2797 4196 3007 4268 Sequor
3034 4213 3132 4250 ius.
3156 4198 3417 4268 antiquis.
3447 4197 3650 4261 Bonon.,

2078 4263 2167 4339 ed.
2202 4265 2272 4329 Is,
2303 4277 2358 4320 et
2388 4263 2676 4339 Latinium.
2714 4266 2840 4322 Mss.
2872 4267 3123 4332 Taurin.,
3157 4263 3436 4339 RegIrec.
3465 4276 3518 4322 et
3544 4269 3653 4323 edit.

2080 4334 2281 4391 habent
2308 4353 2370 4390 ne
2400 4336 2565 4390 aliud.

442 4405 703 4460 Servetur.
734 4404 824 4461 Sic
848 4403 1037 4460 omnes
1064 4419 1194 4459 mss.
1225 4404 1440 4459 codices
1468 4420 1481 4458 :
1510 4403 1607 4460 sed
1634 4405 1785 4473 editi,
1809 4421 1978 4460 serva-
2001 4438 2058 4499 Β
2157 4406 2436 4488 Quoniam.
2469 4407 2546 4462 Ita
2577 4421 2706 4499 mss.
2740 4406 2988 4499 Tauraiu
3008 4408 3160 4499 'Reg‘.‘
3178 4419 3237 4463 et
3269 4408 3393 4499 ed.,
3426 4407 3659 4499 qualitas

2083 4488 2132 4549 et
2158 4478 2264 4530 uiro
2303 4493 2517 4549 uxorem
2532 4493 2555 4543 ;
2588 4478 2820 4538 Bonon.,
2852 4478 2983 4532 edit.
3008 4478 3106 4542 Is.,
3129 4479 3352 4549 Spark.,
3382 4481 3502 4549 quia
3520 4478 3655 4533 Deus.

2083 4546 2249 4672 ξίιζι-ἱε
2301 4547 2440 4618 Ieg.,
2498 4565 2629 4618 qua,
2687 4558 2745 4602 ut
2790 4550 2842 4603 in
2895 4549 2982 4603 ed.
3042 4546 3295 4621 Gymnic.
3350 4546 3543 4606 Cenes.
3594 4565 3656 4615 ιι,

2139 4654 2152 4671 .
2173 4634 2199 4671 r
2239 4658 2252 4670 .
2283 4634 2337 4672 x.

2139 4654 2437 4742 .I'i‘euiZlam.
2455 4689 2546 4745 Sic
2568 4689 2818 4756 Tauriu.;
2854 4690 3061 4743 Bonon.
3089 4692 3156 4744 At
3182 4692 3438 4746 devictam
3463 4700 3595 4747 extat
3614 4691 3658 4744 in

2082 4757 2241 4829 editis
2272 4759 2384 4829 fere
2412 4761 2685 4815 omnibus.
2721 4759 2790 4815 Ut
2831 4777 3091 4829 nunquam
3120 4772 3206 4817 est
3229 4779 3297 4818 ex
3326 4778 3429 4817 ms.
3477 4762 3655 4817 Βοηοιι.

2082 4837 2137 4884 et
2157 4828 2245 4883 ed.
2284 4828 2354 4888 Is.
2390 4831 2524 4887 Aliis
2550 4839 2652 4893 est,
2693 4840 2760 4884 et.

2155 4898 2303 4975 Illud
2323 4916 2520 4975 quoque
2541 4901 2610 4975 qd
2630 4901 3089 4975 consummandam
3110 4902 3416 4975 pudicitiam
3430 4905 3655 4975 jungitur.

2085 4969 2331 5025 Davisius
2374 4969 2622 5054 corrigit...
2666 4972 2975 5054 injungitur.
3005 4973 3076 5027 At
3110 4969 3300 5054 nullibi
3329 4969 3586 5054 iniungere
3613 4974 3656 5025 in

2083 5054 2244 5095 sensu
2290 5043 2622 5111 praecipiendi
2674 5046 2887 5110 posuit:
2919 5042 3043 5096 hinc
3082 5043 3301 5099 mallem
3362 5042 3655 5116 adiungitur,

2083 5110 2134 5164 id
2163 5120 2266 5169 est.
2298 5113 2526 5165 additur.
2559 5110 2636 5165 Ita
2665 5112 2832 5169 enim.
2864 5112 3004 5166 unde
3035 5111 3154 5168 haec
3182 5114 3447 5169 breviata.
3482 5116 3569 5169 lib.
3596 5129 3655 5169 vt.

2082 5125 2134 5164 ια
2163 5125 2266 5172 εει,
2298 5125 2526 5165 αααιιιιν.
2559 5125 2636 5165 Ita
2665 5127 2832 5179 enim,
2864 5125 3004 5166 unae
3035 5125 3154 5168 haec
3183 5125 3447 5181 breviata,
3482 5125 3569 5169 ho.
3596 5129 3655 5173 vt,

2082 5181 2326 5267 ειιρλίὶῗρ.
2358 5183 2437 5236 Ex
2469 5182 2809 5267 ms..Bon.on.
2841 5198 2856 5234 :
2887 5182 3170 5267 Adduntur
3200 5184 3296 5267 illa
3317 5202 3468 5267 :Jnon
3493 5193 3658 5267 tantum

2081 5252 2391 5306 adulterium
2419 5269 2526 5306 esse
2551 5254 2833 5319 vitandum,
2864 5253 2953 5307 sed
2979 5254 3135 5308 etiam
3163 5255 3656 5326 cogitationemBmt.

2153 5321 2317 5403 Absit.
2350 5322 2549 5403 Yernm
2575 5322 2804 5403 :I‘aurin.
2836 5324 3134 5403 ms._obsit_._
3167 5395 3179 5403 .
3249 5394 3316 5403 __
3352 5395 3402 5403 Δ--
3504 5397 3517 5403 _

2156 5392 2400 5459 Quamvis
2442 5393 2587 5447 inani
2611 5394 2911 5466 cupiditate.
2943 5394 3019 5466 Ita
3050 5395 3214 5461 editi;
3249 5394 3473 5451 Pfaflius
3503 5397 3658 5466 legen-

2081 5462 2207 5519 dum
2239 5472 2446 5537 censet,
2462 5465 2647 5537 guavis
2678 5462 2836 5518 inani
2866 5464 3164 5535 cupiditate.
3209 5466 3443 5537 Respice
3481 5462 3655 5521 ad'lib.

2083 5549 2161 5598 vt.
2191 5548 2314 5603 cap.
2336 5533 2426 5589 25.
2461 5534 2598 5590 Bun.
2933 5533 2940 5535 ⁷
3320 5533 3336 5537 ⁷

2156 5604 2509 5672 Manifestum.
2534 5604 2628 5673 Ita
2666 5605 2875 5660 Bonon.
2900 5616 2952 5661 et
2981 5605 3033 5661 6.
3061 5606 3147 5662 ed.
3184 5608 3256 5661 At
3285 5607 3508 5662 'I‘anrin.
3536 5621 3652 5661 ms:

2079 5677 2151 5731 ita
2178 5677 2372 5749 iustum
2396 5678 2650 5749 licininem
2670 5676 2807 5744 quod
2822 5678 2888 5749 sit
2907 5692 3049 5749 secus
3075 5693 3166 5732 nec
3187 5683 3361 5749 facere
3374 5695 3394 5743 ;
3421 5694 3518 5734 ms.
3540 5678 3651 5748 Reg.

2081 5760 2194 5806 rec.
2222 5756 2277 5806 et
2306 5748 2337 5802 7
2363 5747 2452 5805 ed.
2482 5746 2738 5819 Itaque...
2766 5747 2854 5818 qui
2881 5748 2974 5804 scit
3002 5764 3077 5805 sc.
