3816 6264
121 337 254 393 1081

1125 327 1422 386 EPITOME
1460 327 1839 385 DlV'lNARUM
1880 326 2432 386 lNSTlTUTlONUM.

3264 325 3406 382 1082

119 446 277 501 velle.
310 443 590 516 Purganda
637 451 720 498 est
761 441 923 513 igitur
949 441 1310 508 conscientia,
1355 455 1516 512 quam
1567 441 1707 496 Deus
1732 445 1785 501 A
1882 441 2008 497 Hzec
2051 450 2177 497 sunt
2219 456 2340 511 quae
2383 439 2579 496 debeat
2629 439 2806 495 cultor
2851 439 2946 506 Dei
2989 438 3288 505 exhibere;
3321 439 3407 495 hic

119 537 380 610 pervidet,
407 537 499 608 qui
530 535 638 591 falli
666 551 772 590 non
803 544 1000 605 potest.
1042 536 1385 591 Emaculetur
1413 535 1561 590 omni
1588 535 1710 590 labe

119 641 327 702 pectus,
359 639 417 684 ιιι
443 629 700 699 templum
745 628 844 684 Dei
870 643 990 684 esse
1018 630 1209 699 possit,
1237 628 1382 700 quod
1411 643 1515 684 non
1559 629 1710 694 auri,

119 737 217 777 nec
242 721 421 779 eboris
449 721 609 788 nitor,
632 719 726 775 sed
759 720 879 776 ﬁdei
910 731 965 777 et
990 722 1250 777 castitatis
1272 721 1441 793 fulgor
1460 721 1706 777 illustrat.

518 835 746 892 CAPUT
790 836 1011 900 LXVII,
1069 837 1199 891 alias
1237 835 1327 892 IX.

340 929 470 993 (Lib.
499 944 545 978 vi
581 927 724 991 Inst.,
749 929 873 978 ωλι
893 937 945 978 et
969 930 1061 989 25;
1086 943 1169 990 vn,
1197 941 1237 978 c.
1265 927 1296 977 2
1319 935 1370 978 et
1393 929 1467 989 5.)

125 1013 206 1068 De
233 1013 546 1084 panitentia,
570 1013 756 1065 anima:
779 1012 1178 1078 immortalitate,
1201 1022 1247 1066 et
1275 1014 1338 1066 de
1361 1011 1709 1066 Providentia.

200 1123 306 1179 Sed
344 1122 460 1178 haec
504 1124 648 1177 enim
679 1123 857 1176 omnia
886 1121 1121 1177 difficilia
1162 1129 1289 1177 sunt
1336 1121 1574 1188 homini,
1615 1135 1715 1176 nec

129 1217 324 1287 patitur
363 1215 602 1270 conditio
642 1216 942 1287 fragilitatis
972 1225 1198 1283 naturae,
1230 1230 1351 1270 esse
1393 1229 1740 1284 quemquam

130 1312 246 1365 sine
287 1309 514 1364 macula.
559 1309 812 1364 Ultimum
841 1323 970 1378 ergo
1012 1308 1318 1364 remedium’
1358 1307 1486 1362 illud
1528 1315 1627 1373 est,
1659 1313 1718 1361 ut

129 1405 497 1472 confugiamus
522 1402 589 1457 ad
614 1402 1006 1474 paenitentiam,
1037 1418 1156 1473 qua:
1194 1417 1302 1456 non
1331 1402 1606 1456 minimum
1633 1401 1716 1456 lo-

129 1512 248 1550 cum
283 1497 421 1550 inter
447 1496 673 1550 virtutes
703 1496 883 1560 liabet,
925 1496 1048 1564 quia
1097 1495 1178 1549 sui
1208 1494 1472 1550 correctio
1511 1502 1627 1559 est;
1661 1502 1721 1548 ut

129 1603 247 1642 cum
308 1589 445 1642 forte
485 1595 575 1642 aut
599 1603 682 1654 re,
715 1597 806 1641 aut
833 1586 998 1641 verbo
1024 1587 1164 1656 lapsi
1193 1587 1448 1641 fuerimus
1472 1627 1488 1653 ,
1538 1586 1718 1641 statim

128 1681 541 1751 resipiscamus,
581 1693 644 1734 ac
687 1694 784 1734 nos
812 1677 1106 1748 deliquisse
1142 1676 1428 1743 fateamur,
1470 1691 1716 1733 oremus-

124 1786 232 1841 que
258 1788 287 1826 a
316 1772 424 1827 Deo
444 1771 656 1827 veniam
675 1813 691 1837 ,
733 1786 891 1842 quam
939 1786 1037 1841 pro
1080 1786 1174 1827 sua
1205 1770 1570 1826 misericordia
1603 1787 1708 1827 non

126 1862 375 1934 negabit,
436 1865 539 1920 nisi
588 1864 1060 1935 perseverantibus
1110 1865 1163 1919 in
1208 1880 1414 1918 errore.
1464 1864 1710 1935 Magnum

123 1964 206 2010 est
243 1955 575 2025 paenitentiae
603 1956 878 2023 auxilium,
924 1971 1177 2025 magnum
1207 1956 1476 2011 solatium.
1507 1955 1600 2010 Illa
1631 1963 1715 2010 est

123 2047 408 2101 vulnerum
458 2054 906 2117 peceatorumque
963 2048 1208 2111 sanatio;
1269 2047 1358 2101 illa
1397 2061 1523 2116 spes
1553 2087 1568 2112 ,
1627 2046 1717 2102 illa

121 2147 307 2208 portus
334 2137 523 2192 salutis
552 2155 565 2191 :
607 2153 765 2208 quam
793 2139 885 2209 qui
914 2139 1069 2205 tollit,
1106 2140 1245 2193 viam
1276 2139 1399 2193 vitae
1448 2139 1556 2193 sibi
1595 2154 1715 2193 am-~

121 2238 312 2303 putat,
372 2232 498 2302 quia
545 2247 705 2288 nemo
743 2247 864 2289 esse
895 2240 1001 2287 tam
1032 2233 1210 2303 justus
1263 2214 1459 2302 potest,
1499 2240 1558 2286 ut
1582 2246 1720 2285 nun-

123 2338 278 2393 quam
307 2323 378 2378 sit
397 2325 449 2379 ei
475 2324 789 2394 paenitentia
817 2326 1142 2381 necessaria.
1177 2323 1286 2379 Nos
1317 2339 1476 2391 vero,
1507 2323 1720 2380 etiamsi

123 2417 327 2471 nullum
359 2418 427 2470 sit
460 2426 761 2486 peccatum,
803 2416 1046 2472 confiteri
1079 2425 1260 2472 tamen
1289 2415 1548 2470 debemus
1573 2416 1715 2480 Deo,

124 2516 177 2563 et
204 2523 300 2579 pro
327 2508 542 2564 delictis
581 2510 783 2565 nostris
831 2507 1125 2564 identidem
1173 2507 1485 2578 deprecari,
1517 2506 1717 2577 gratias

123 2617 280 2672 agere
320 2603 486 2657 etiam
519 2603 572 2657 in
616 2602 790 2658 malis.
824 2602 938 2657 Hoc
987 2616 1204 2672 semper
1242 2601 1562 2671 obsequium
1613 2600 1719 2655 Do-

125 2694 270 2748 mino
297 2693 630 2749 deferamus.
683 2693 969 2749 Humilitas
1000 2695 1148 2749 enim
1189 2693 1354 2750 chara
1383 2703 1437 2749 et
1474 2693 1720 2749 amabilis

126 2786 234 2841 Deo
263 2794 346 2840 est
373 2802 386 2837 :
421 2785 510 2855 qui
540 2800 661 2840 cum
687 2785 857 2855 magis
905 2785 1163 2856 suscipiat
1214 2795 1554 2855 peccatorem
1583 2772 1720 2839 con;

127 2877 401 2942 fitentent,
449 2891 610 2946 quam
656 2877 858 2946 justum
916 2877 1244 2947 superbum,
1298 2887 1501 2947 quanto
1547 2877 1717 2946 magis

121 2970 319 3038 justum
347 2967 613 3038 suscipiet
657 2968 1008 3030 confitentem
1052 2983 1284 3038 eumque
1313 2969 1365 3023 in
1393 2968 1574 3040 regnis
1603 2982 1715 3023 coe-

126 3059 347 3115 lestibus
377 3057 537 3115 faciet
567 3074 664 3130 pro
692 3060 993 3116 humilitate
1025 3060 1330 3117 sublimem.

1812 543 1938 590 sunt
1983 533 2240 602 victimae,
2285 533 2390 590 hoc
2435 532 2756 588 sacrificium
2807 530 3110 602 placabile;
3175 530 3261 586 hic
3311 545 3405 587 ve-

1812 641 1904 682 rus
1938 636 2021 683 est
2069 626 2280 693 cultus,
2338 640 2459 681 cum
2504 625 2668 680 homo
2718 625 2917 680 mentis
2959 638 3073 679 suae
3102 624 3324 694 pignora
3352 623 3410 680 in

1812 736 1962 775 aram
1993 721 2088 776 Dei
2114 721 2344 777 confert.
2375 720 2598 775 Summa
2625 719 2717 773 illa
2745 717 3009 789 maiestas
3060 717 3163 772 hoc
3189 715 3398 774 cultore

1813 813 2025 868 laetatur
2051 834 2064 869 :
2093 812 2238 868 hunc
2268 821 2326 866 ut
2368 813 2534 867 lilium
2564 811 2825 881 suscipit,
2867 810 3025 880 eique
3069 809 3270 864 donum
3303 807 3410 862 im-

1815 906 2159 961 mortalitatis
2192 906 2526 976 impartitur;
2556 904 2624 960 de
2651 919 2757 974 qua
2783 917 2928 958 nunc
2975 901 3107 957 mihi
3138 895 3414 957 disseren-

1816 999 1942 1054 dum
1972 1008 2074 1066 est,
2100 1009 2154 1056 et
2175 999 2446 1070 arguenda
2474 997 2754 1069 persuasio
2783 1011 2993 1063 eorum,
3035 996 3126 1066 qui
3167 995 3410 1066 extingui

1817 1095 2027 1149 animas
2053 1109 2176 1149 cum
2227 1091 2546 1163 corporibus
2595 1092 2948 1147 arbitrantur.
3002 1089 3104 1158 Qui
3142 1089 3270 1161 quia
3310 1101 3410 1146 nec

1818 1188 1986 1244 Deum
2017 1188 2280 1255 sciebant,
2310 1201 2410 1242 nec
2436 1200 2693 1241 arcanum
2737 1183 2923 1239 mundi
2974 1183 3288 1266 prospicere
3317 1195 3415 1252 po-

1820 1293 2015 1351 terant,
2049 1298 2116 1338 ne
2143 1282 2376 1337 hominis
2401 1281 2616 1353 quidem
2647 1281 2949 1349 animmque
2976 1278 3241 1332 rationem
3262 1290 3415 1331 com-

1819 1374 2241 1445 prehenderunt.
2260 1372 2542 1442 Quomodo
2569 1374 2713 1427 enim
2744 1379 2968 1442 possent
2991 1368 3272 1440 sequentia
3297 1383 3420 1438 per-

1819 1466 2023 1534 videre,
2048 1467 2139 1536 qui
2193 1480 2460 1520 summam
2491 1479 2598 1518 non
2626 1461 3223 1531 liabebant‘tNegantes
3253 1459 3420 1530 igitur

1820 1573 1943 1616 esse
1979 1557 2144 1612 ullam
2177 1556 2587 1628 providentiam,
2624 1555 2806 1624 utique
2853 1554 3019 1609 Deum
3041 1595 3057 1620 ,
3087 1552 3178 1624 qui
3206 1551 3326 1606 fons
3361 1559 3417 1606 et

1821 1660 1980 1723 caput
2009 1665 2192 1706 rerum
2218 1659 2331 1717 est,
2358 1655 2707 1719 negaverunt.
2740 1646 3077 1715 Sequebatur
3102 1655 3161 1699 ut
3189 1659 3253 1700 ea
3297 1657 3418 1714 qua:

1823 1753 1970 1812 sunt,
1999 1753 2091 1798 ant
2115 1758 2332 1813 semper
2357 1742 2523 1797 fuisse
2545 1733 2809 1805 dicerent,
2839 1747 2930 1793 aut
2952 1753 3048 1793 sua
3075 1746 3269 1808 sponte
3294 1750 3419 1792 esse

1739 1835 1786 1894 B
1815 1846 2057 1900 nata,aut
2072 1837 2398 1890 minutorum
2417 1832 2680 1888 seminum
2703 1830 3119 1902 conglobatione
3140 1835 3415 1885 concreta.

1887 1929 2112 2000 Semper
2133 1927 2300 1984 fuisse
2316 1925 2425 1982 dici
2453 1939 2560 1980 non
2581 1933 2778 1994 potest,
2797 1921 2940 1993 quod
2968 1930 3024 1977 et
3047 1929 3166 1985 est,
3198 1927 3255 1974 et
3280 1916 3419 1972 visui

1818 2023 2092 2093 subiacet;
2123 2021 2298 2092 ipsum
2335 2019 2479 2074 enim
2506 2031 2629 2074 esse
2659 2017 2777 2071 sine
2803 2015 2984 2084 aliquo
3015 2012 3168 2068 initio
3194 2025 3300 2065 non
3323 2023 3421 2079 po-

1821 2125 1950 2174 test.
1983 2115 2090 2172 Sua
2112 2123 2305 2184 sponte
2330 2120 2508 2168 autem
2539 2110 2674 2166 nihil
2703 2108 2849 2164 nasci
2881 2114 3078 2177 potest,
3111 2104 3237 2175 quia
3273 2101 3419 2157 nulla

1821 2222 1906 2270 est
1936 2212 2054 2267 sine
2096 2218 2394 2282 generante
2424 2217 2638 2264 natura.
2670 2207 2889 2263 Semina
2917 2219 3049 2260 vero
3100 2200 3420 2272 principalia

1823 2301 2099 2377 quomodo
2127 2316 2254 2357 esse
2282 2307 2608 2371 potuerunt,
2638 2311 2760 2353 cum
2817 2304 2872 2352 et
2911 2294 3115 2350 semina
3145 2307 3211 2347 ex
3255 2291 3420 2347 rebus

1824 2399 2093 2458 oriantur,
2122 2402 2178 2448 et
2207 2392 2446 2446 vicissim
2484 2405 2573 2445 res
2595 2404 2660 2444 ex
2691 2385 3028 2444 seminibus?
3054 2383 3271 2439 Nullum
3317 2381 3421 2452 igi-

1821 2498 1908 2544 tur
1929 2500 2115 2543 semen
2149 2493 2254 2551 est,
2282 2483 2425 2554 quod
2451 2482 2714 2552 originem
2745 2494 2852 2535 non
2884 2479 3066 2534 habet.
3101 2476 3191 2533 Sic
3219 2476 3420 2530 factum

1821 2590 1924 2645 est,
1987 2589 2042 2635 ut
2095 2584 2218 2633 cum
2271 2585 2525 2648 putarent
2577 2573 2836 2630 mundum
2887 2571 3032 2626 nulla
3081 2568 3418 2640 providentia

1821 2671 2045 2738 factum,
2079 2685 2148 2724 ne
2181 2668 2456 2723 hominem
2483 2665 2697 2736 quidem
2733 2665 2972 2736 putarint
2998 2663 3174 2732 aliqua
3203 2658 3418 2714 ratione

1824 2769 2158 2833 generatum.
2182 2758 2338 2828 Quod
2368 2758 2414 2814 si
2448 2757 2594 2813 nulla
2625 2763 2773 2812 esset
2817 2757 2870 2810 in
2913 2751 3160 2823 fingendo
3202 2750 3421 2805 homine

1822 2854 1963 2909 ratio
1991 2861 2226 2919 versata,
2281 2850 2644 2907 immortalem
2699 2849 2861 2919 igitur
2904 2845 3136 2900 animam
3162 2857 3285 2898 esse
3311 2855 3420 2896 non

1823 2959 2005 3016 posse.
2038 2944 2144 2999 Alii
2171 2958 2301 2998 vero
2348 2958 2416 2997 ex
2441 2941 2706 3008 adverso,
2747 2947 2803 2995 et
2848 2939 3015 2994 Deum
3061 2950 3183 2992 esse
3223 2947 3419 2999 unum,

1825 3047 1879 3094 et
1902 3039 1969 3094 ab
1999 3053 2064 3094 eo
2092 3036 2350 3094 mundum
2387 3036 2614 3103 factum,
2663 3043 2718 3090 et
2751 3033 3031 3090 hominum
3073 3044 3237 3087 causa
3289 3040 3414 3083 esse

1455 3173 1818 3232 VARIORUM
1856 3173 2087 3231 NOTAE.

198 3298 548 3352 Emacnletur.
568 3297 642 3351 ita
661 3295 1253 3367 mss.Taur.,Bon.,ed:
1271 3296 1365 3360 13.;
1385 3304 1440 3349 at
1467 3297 1717 3367 ms.Reg.
1749 3297 1794 3359 C
1834 3365 1872 3367 _
1906 3295 2066 3364 Eique
2093 3295 2300 3367 donum.
2334 3291 2408 3347 Ita
2441 3306 2571 3346 mss.
2600 3291 2812 3367 Bonon.
2863 3298 2918 3345 et
2943 3289 3032 3367 ed.
3065 3287 3160 3367 ls.,
3197 3287 3419 3357 Spark.,

128 3383 236 3423 rec.
268 3378 321 3422 ct
344 3369 478 3424 editi
510 3367 729 3433 habent,
763 3367 1070 3421 Evacuetur.
1107 3396 1179 3407 —
1208 3365 1559 3420 Entaculetur.
1596 3365 1719 3434 Εᾱῖ,

130 3448 412 3492 evacaetnr.
445 3439 726 3492 Prarrms.
745 3469 815 3477 —
838 3440 1018 3507 Longe
1038 3439 1214 3507 aptius
1257 3437 1343 3490 hic
1369 3438 1722 3492 Taurinensis

129 3521 179 3563 et
209 3510 372 3564 lsaeus
430 3524 494 3564 ex
539 3509 744 3562 Bonon.
793 3509 1046 3563 exhibent
1105 3510 1433 3561 emaculetur.
1468 3509 1723 3576 Sequitur

130 3581 266 3634 enim
313 3579 446 3634 labe.
489 3578 680 3633 Labem
707 3580 880 3632 Latini
913 3581 1220 3644 emaculare,
1255 3581 1441 3639 eluere,
1471 3593 1577 3632 non
1608 3595 1724 3632 eva-

129 3667 280 3703 cuare
314 3650 521 3705 dicunt.
552 3650 916 3712 Contrarium,
951 3650 1064 3702 labe
1092 3650 1359 3702 maculari.
1415 3649 1557 3716 Epit.
1601 3664 1720 3718 cap.

128 3719 196 3773 27
227 3736 243 3774 :
275 3719 358 3773 Ne
386 3737 489 3790 qua
511 3720 624 3773 labe
650 3719 1118 3790 maculativhonore
1140 3721 1371 3790 angelico
1416 3721 1727 3772 ntulctaren-

131 3801 239 3856 tur;
269 3800 324 3846 et
347 3789 442 3844 lii).
476 3806 550 3853 Vl,
583 3805 703 3861 cap.
735 3790 807 3844 9.5
833 3808 845 3843 :
878 3789 989 3844 Etsi
1015 3789 1373 3860 corpusnulla
1395 3791 1460 3843 sit
1485 3789 1597 3842 labe
1618 3807 1729 3843 ma-

131 3861 376 3916 culatum.
397 3861 542 3916 BDN.

202 3931 441 3986 Naturw.
472 3932 589 3986 Non
613 3941 760 3986 extat
790 3932 842 3986 in
859 3947 989 3987 mss.
1019 3932 1208 3996 Taur.,
1241 3933 1446 3986 Bonon.
1477 3933 1582 3985 et6
1609 3933 1728 3986 edi-

133 4002 217 4125 ἓξ.
252 4003 345 4056 Est
377 4005 428 4056 in
461 4002 693 4058 caeteris.
728 4003 856 4072 Reg.
894 4018 1007 4069 vin,
1035 4002 1076 4056 ll
1103 4003 1277 4056 Paral.
1306 4019 1380 4067 vt,
1411 4003 1588 4058 Eccle.
1638 4019 1732 4068 vn,

178 4087 288 4125 rov.
322 4089 418 4125 xx.

178 4087 288 4127 I‘OV.
322 4089 418 4127 XX.

202 4144 273 4197 Ae
302 4160 416 4198 nos.
460 4143 533 4197 Ita
562 4157 692 4198 mss.
736 4143 980 4208 Taurin.,
1015 4143 1174 4213 Reg.,
1230 4158 1294 4198 ac
1338 4143 1423 4198 ed.
1459 4144 1555 4210 Is.,
1585 4144 1730 4199 Crat.

134 4213 322 4268 Caneri
346 4215 497 4281 editi,
529 4223 636 4267 aut.

204 4284 668 4340 Perseverantibus.
742 4283 830 4338 Sic
875 4285 1063 4352 Taur.,
1117 4284 1325 4339 Bonon.
1368 4285 1425 4339 In
1470 4299 1573 4340 ms.
1604 4299 1735 4340 vero

134 4353 267 4420 Reg.
283 4364 338 4410 et
357 4356 442 4410 ed.
456 4399 470 4420 ,
504 4355 952 4425 perseverabimus.

205 4426 334 4482 Deo.
359 4426 476 4480 Non
497 4424 720 4480 extat'in
745 4425 830 4480 ed.
865 4425 970 4478 Deo
990 4441 1008 4478 :
1041 4424 1134 4479 sed
1162 4424 1214 4476 in
1241 4424 1327 4478 ed.
1350 4424 1421 4478 Is.
1445 4433 1500 4478 et
1522 4425 1574 4478 in
1593 4440 1722 4478 mss.

138 4495 424 4561 invenitur,
480 4507 536 4550 ιιι
563 4505 616 4550 et
641 4497 875 4560 delictis;
905 4497 954 4548 in
977 4495 1064 4551 ed.
1094 4504 1178 4549 est
1204 4495 1406 4562 debitis.

208 4566 312 4619 Pro
358 4568 578 4620 delictis.
616 4568 804 4620 Plures
832 4566 953 4620 etld.
989 4566 1155 4620 etiam
1200 4563 1360 4628 Cell.,
1413 4565 1617 4618 debitis.
1662 4565 1733 4620 At

135 4636 428 4705 elegantius
474 4637 682 4690 Borion.
737 4646 790 4690 et
833 4637 998 4691 lszens
1027 4679 1041 4701 ,
1097 4638 1432 4690 assentiente
1489 4636 1723 4700 Davisio,

138 4723 226 4772 pro
268 4709 487 4760 delictis.
523 4709 659 4761 Dicit
701 4715 888 4760 noster
915 4715 1152 4774 peccata.
1183 4707 1406 4758 crimina
1434 4748 1446 4770 ,
1491 4705 1686 4758 delicta
1711 4746 1726 4766 ,

136 4777 372 4842 vulnera,
399 4787 756 4844 errores,etc.
774 4777 842 4831 At
855 4777 1042 4839 debita,
1067 4776 1211 4844 quod
1230 4777 1414 4840 sciam,
1439 4790 1726 4842 nusquam.

209 4847 337 4900 lloc.
364 4849 536 4902 Paris.
571 4850 658 4902 ed.
689 4848 836 4902 addit
867 4848 1022 4909 enim,
1043 4846 1186 4917 quod
1215 4860 1325 4900 non
1353 4855 1500 4900 extat
1523 4846 1574 4898 in
1595 4859 1728 4900 mss.

140 4919 304 4986 antiq.
335 4934 438 4974 nec
464 4920 514 4971 in
547 4919 579 4973 6
619 4917 749 4972 edit.

206 4987 395 5043 Chara.
424 4989 558 5042 Tant
583 4989 764 5052 chara,
786 4990 836 5042 in
861 4988 1042 5043 editis.

209 5057 306 5125 Qui
332 5077 444 5113 cunt
476 5061 657 5130 magis.
688 5059 903 5114 Mutilus
961 5059 1045 5112 hic
1100 5058 1250 5112 locus
1272 5064 1356 5130 est
1382 5056 1435 5110 in
1458 5055 1640 5121 editis,
1678 5066 1734 5110 ut

140 5141 249 5200 cum
297 5131 492 5200 angelis
540 5128 787 5198 suscipiat
831 5139 1146 5198 peccatorem
1176 5128 1537 5200 conﬁtentem,
1583 5143 1731 5194 quem

141 5198 192 5251 in
213 5198 382 5270 regnis
407 5201 688 5254 cwlestibns
713 5201 873 5268 faciat
900 5217 992 5270 pro
1021 5198 1309 5252 humilitate
1326 5199 1616 5270 subﬁmari.

207 5267 508 5326 sublimem.
543 5271 616 5325 Ita
647 5267 777 5324 mss.
808 5267 1031 5326 Taurin.
1077 5281 1130 5325 et
1181 5270 1387 5324 Bonon.
1423 5267 1566 5323 Editi
1597 5284 1730 5325 vero

142 5351 259 5410 cum
281 5341 414 5410 Reg.
444 5358 578 5407 rec.,
613 5342 901 5395 sublintari.

212 5408 421 5464 Debetit.
458 5411 559 5465 Ed.
589 5412 750 5465 debet.

213 5477 328 5534 Ηω.
361 5481 583 5536 Taurin.
609 5497 712 5537 ms.
744 5483 870 5535 haec.

211 5553 383 5604 Aram.
407 5550 478 5606 At
497 5552 658 5607 Taur.
691 5568 792 5607 ms.
822 5554 972 5604 iram.
996 5582 1064 5593 —
1093 5551 1160 5605 In
1185 5567 1326 5605 aram
1357 5551 1454 5604 Dei
1479 5592 1492 5604 .
1525 5550 1733 5605 Rectis-

147 5619 276 5674 sime
310 5623 800 5678 correxitPfaflius.
827 5622 917 5677 Sic
940 5623 1034 5677 lib.
1070 5638 1142 5688 γι,
1175 5637 1295 5690 cap.
1325 5622 1398 5675 25
1433 5640 1445 5674 :
1474 5620 1657 5690 Itaque
1678 5622 1732 5676 in

147 5705 284 5763 arant
326 5690 501 5763 Dei“;
526 5695 722 5761 iustitia
769 5695 1069 5762 imponitur,
1121 5693 1384 5763 patientia,
1420 5692 1548 5762 ﬁdes
1579 5693 1730 5745 inno-

146 5762 324 5826 centia,
352 5753 580 5830 castiias,
614 5753 941 5817 abstinentia.
972 5753 1106 5819 Butv.

215 5831 457 5904 Suscipit.
489 5835 581 5890 Ms.
599 5834 730 5904 Reg.
746 5847 798 5891 et
812 5837 1024 5904 plurimi
1047 5834 1195 5904 editi,
1213 5835 1425 5906 suscipit
1446 5834 1559 5900 sibi,
1578 5837 1724 5904 quia.

1831 3358 2050 3420 Taurin.
2082 3380 2206 3428 ms.,
2237 3364 2476 3418 idoneum
2503 3364 2769 3433 praemium
2798 3375 2893 3428 pro
2918 3358 3292 3433 eiquedonum.

1901 3436 2228 3507 Impartitur.
2259 3435 2337 3490 ita
2364 3428 2901 3503 ntss.'Bonon.,Reg.
2933 3440 2985 3486 et
3010 3428 3139 3484 editi
3165 3446 3179 3482 :
3209 3438 3263 3483 at
3286 3428 3425 3485 Tau-

1830 3508 1960 3573 rin.,
1991 3507 2236 3576 impertit.

1903 3569 2247 3631 Arbitrantur.
2301 3576 2391 3631 Sic
2443 3590 2576 3630 mss.
2629 3573 2793 3628 Taur.
2827 3583 2881 3628 et
2903 3573 3063 3639 Bon.;
3093 3571 3225 3642 Reg.
3255 3579 3309 3626 et
3334 3569 3422 3625 ed.

1832 3659 2156 3717 putaverunt.

1904 3719 2228 3788 Prospicere.
2258 3717 2608 3788 Taurinams.
2639 3715 2942 3788 recte;Alii
2966 3714 3273 3788 perspicere.

1906 3782 2202 3859 Sequentia.
2233 3789 2322 3843 Sic
2339 3803 2470 3842 mss.
2485 3787 2694 3842 Bonon.
2712 3785 2946 3840 etTanr.
2967 3782 3048 3838 'At
3076 3783 3206 3852 Reg.
3233 3792 3287 3838 et
3309 3782 3425 3850 ed.,

1835 3860 2087 3930 sapientia
2106 3860 2388 3930 providere.

1912 3930 2012 3997 Qui
2028 3923 2278 3983 summam
2308 3946 2408 3984 non
2433 3928 2700 3982 habebant.
2734 3926 2809 3981 lla
2849 3925 3155 3997 correxiex
3194 3924 3282 3997 ed.
3328 3923 3427 3997 15.,

1836 3995 2028 4071 Spark.
2063 4013 2115 4056 et
2146 4001 2424 4066 Bon.;ms.
2469 3999 2633 4054 Taur.
2691 3999 2959 4064 tenebant;
2990 3996 3112 4071 _Ed.
3166 3995 3430 4071 scientiam

1837 4067 1940 4126 non
1982 4071 2252 4125 habebant.
2279 4102 2348 4112 -—
2384 4071 2678 4125 Peculiaris
2727 4084 2830 4124 vox
2857 4079 2941 4124 est
2990 4067 3274 4122 Lactantio
3300 4109 3314 4130 ,
3374 4075 3433 4120 ut

1836 4159 2087 4197 summam
2117 4143 2352 4210 appellet
2379 4142 2599 4196 brevem
2641 4140 2928 4211 quamdam
2976 4149 3032 4211 et
3077 4136 3430 4207 compendia-

1840 4214 1974 4267 riam
2030 4212 2334 4266 divinorum
2385 4210 2762 4281 mysteriorum
2829 4210 3200 4281 collectionem
3246 4218 3433 4281 _atque

1841 4283 2084 4336 notitiam
2117 4300 2128 4333 :
2163 4283 2240 4336 sic
2271 4282 2363 4335 lib.
2383 4277 2457 4335 vri
2484 4281 2603 4335 Div.
2628 4281 3018 4349 Institut.,cap.
3039 4279 3072 4334 6
3102 4289 3155 4334 et
3175 4277 3426 4332 Tisaeus.

1913 4351 2128 4406 Rerum.
2183 4352 2318 4420 Reg.
2377 4351 2540 4420 habet
2591 4367 2786 4403 eorum.
2857 4350 2959 4403 Ed.
3011 4361 3248 4420 negantes
3311 4363 3433 4416 ergo

1837 4422 2238 4491 providentiam,
2269 4419 2438 4491 utique
2461 4419 2642 4491 Deum.
2663 4421 2748 4489 qui
2775 4420 2888 4491 fons
2929 4419 3158 4491 etcapta
3203 4419 3312 4491 ejus
3338 4428 3428 4491 est.

1756 4497 1811 4557 D
1838 4487 1847 4491 ’
1910 4491 2028 4544 Dici
2056 4507 2158 4544 non
2183 4487 2364 4560 potest.
2396 4490 2472 4544 Ita
2495 4487 2714 4543 5editi‘:
2745 4498 2799 4541 at
2819 4489 2885 4542 10
2907 4487 3159 4557 alii,quia
3188 4487 3433 4554 quidquid

1834 4571 1931 4625 est,
1962 4579 2068 4615 esse
2085 4563 2194 4615 sine
2219 4563 2390 4631 aliqua
2417 4561 2564 4631 initio
2591 4568 2897 4631 non_potest.

1904 4633 2030 4686 Sine
2052 4625 2340 4703 generante.
2373 4631 2448 4703 Ita
2464 4629 2653 4703 Taur.,
2679 4625 2889 4703 Bonan.
2909 4636 2965 4703 et
2998 4625 3206 4703 ed._ls.,
3233 4625 3428 4703 Spark.

1832 4704 1920 4756 At.
1951 4698 2519 4756 etl.'ratione.Rectius
2551 4700 2780 4756 fortasse
2802 4698 2998 4769 legeris
3020 4699 3176 4752 unius
3204 4698 3432 4769 syllabae

1831 4772 2236 4844 additamento,
2250 4772 2596 4844 generatione.
2621 4771 2820 4844 Sparta.

1903 4842 2178 4966 rebus.
2218 4837 2307 4898 Sic
2335 4841 2556 4896 Taurin.
2581 4884 2596 4910 ,
2644 4841 2880 4906 Bonon.,
2916 4838 2986 4894 Is.
3009 4881 3024 4906 ,
3047 4837 3242 4911 Spark.
3272 4859 3285 4894 :
3317 4839 3429 4906 ed.,

1903 4929 1957 4966 01³
1997 4930 2080 4966 "8.
2625 4936 2627 4938 ’

1835 4929 2080 4966 exorans.
2625 4936 2627 4938 ‘

1906 4983 2092 5036 liabet.
2132 4983 2231 5038 Ed.
2264 4983 2466 5047 habeat,
2495 4983 2717 5038 rectius.

1904 5052 2141 5126 Factum.
2198 5054 2416 5109 Taurin.
2455 5069 2572 5126 nis.
2625 5064 2939 5126 generatum.
2993 5054 3186 5111 Crateri
3217 5095 3258 5126 ._
3323 5055 3432 5122 fac-

1832 5134 1958 5178 tum.
1992 5155 2062 5165 —
2091 5123 2254 5178 Nulla
2320 5122 2645 5193 providentid
2683 5136 2999 5194 generatum.
3065 5126 3163 5180 Ms.
3216 5122 3430 5194 Taur.:

1835 5194 2002 5249 Nulla
2033 5197 2348 5267 providentia
2396 5193 2710 5264 generatum.
2747 5199 3030 5266 Eleganter
3062 5213 3076 5249 :
3108 5204 3161 5250 et
3208 5194 3279 5246 ita
3321 5193 3434 5246 vult

1834 5283 1939 5321 vox
1965 5281 2217 5336 sequens,
2255 5267 2509 5336 generari,
2530 5276 2641 5330 aut,
2669 5279 2726 5336 ut
2754 5267 2916 5321 [satus
2937 5268 3069 5329 vult,
3091 5274 3387 5336 generatum
3414 5305 3430 5330 ,

1833 5335 2053 5392 iterum.
2085 5335 2358 5393 Generare
2412 5352 2540 5390 vero
2591 5345 2672 5390 est
2699 5335 2840 5391 idem
2887 5352 2950 5392 ac
2995 5335 3190 5398 creare,
3239 5338 3427 5404 facere,

1833 5417 1891 5461 ut
1912 5409 2093 5462 multis
2123 5408 2386 5462 Lactantii
2413 5407 2569 5472 locis,
2599 5405 2666 5460 ad
2699 5407 2792 5463 lib.
2825 5407 3162 5472 ntlnstitut.,
3195 5403 3316 5474 cap.
3341 5403 3428 5470 M,

1832 5478 2133 5532 docuimus.
2155 5478 2286 5532 BUN.

1909 5547 2128 5602 Ratione
2151 5558 2466 5618 generatum.
2493 5547 2569 5602 Ita
2592 5562 2694 5602 ms.
2727 5547 2860 5604 Bon.
2891 5559 2944 5606 ct
2966 5549 3052 5604 ed.
3095 5549 3189 5613 ls.,
3234 5543 3428 5616 Spark.

1832 5617 2047 5683 Cmteri,
2070 5617 2324 5688 generari.

1904 5686 2279 5763 ltitiitortalent.
2325 5690 2448 5744 Haec
2483 5691 2642 5760 paulo
2671 5691 2830 5746 aliter
2861 5693 3111 5763 leguntur
3151 5693 3204 5744 in
3251 5687 3337 5740 ed.
3372 5686 3428 5740 ln

1832 5776 1936 5816 ms.
1970 5761 2102 5829 Reg.
2138 5762 2284 5832 deest
2311 5763 2568 5832 particula
2601 5777 2826 5832 negans.

1909 5827 2181 5888 Mundam.
2238 5827 2436 5888 lta'ms.
2470 5832 2602 5888 Bon.
2646 5827 2701 5889 et
2731 5832 2764 5889 6
2790 5832 3009 5904 vulgati.
3044 5828 3237 5888 Creteri
3270 5827 3422 5896 editi,
