3816 6264
378 284 522 346 1085

1718 272 1899 333 FIRM.
1931 266 2294 333 LACTANTII

3533 270 3657 329 1084

376 402 574 458 factum
597 443 611 468 ,
667 409 721 457 et
749 391 959 453 animas
987 408 1109 452 esse
1136 394 1468 450 immortales
1497 390 1959 449 existimaverunt.
1989 386 2042 455 Α
2067 400 2175 448 non
2223 401 2485 462 possunt,
2536 404 2602 448 ne
2645 394 2931 448 aeterniora
2975 392 3195 465 quidem
3249 401 3500 465 possunt.
3531 390 3660 464 Ergo

375 490 480 553 Sed
509 500 630 550 cum
676 506 739 549 ea
791 486 1097 557 senserint,
1140 484 1299 559 hujus
1348 498 1525 542 tamen
1570 486 1739 543 divini
1786 487 1967 557 operis

372 592 533 659 atque
577 575 786 640 consilii
818 586 918 640 nec
963 590 1176 649 causas,
1226 588 1337 659 nec;
1356 582 1626 647 rationes,
1662 594 1764 635 nec
1791 580 1968 635 exitus

371 657 791 753 perspexewnt,
827 684 887 733 ut
917 684 1078 732 omne
1124 657 1367 731 veritatis
1410 680 1662 729 arcanum
1714 678 1968 726 consum-

369 779 602 837 mareut,
631 774 793 844 atque
823 764 1004 841 aliquo
1054 771 1217 826 veluti
1263 770 1367 825 line
1403 766 1812 824 concluderent.
1856 758 1963 820 Sed

370 864 512 939 quod
546 866 623 922 illi
656 865 838 921 facere
867 880 971 920 non
1017 862 1338 935 potuerunt,
1383 863 1505 933 quia
1535 860 1809 916 veriltitetn
1840 870 1964 928 per-

366 966 530 1029 petuo
559 974 663 1012 non
699 948 987 1021 tenebant,
1038 954 1195 1009 nobis
1241 950 1545 1010 faciendum
1578 952 1692 1017 est,
1723 950 1813 1022 qui
1844 960 1963 1005 eam

366 1051 738 1123 cognovimus,
772 1051 881 1106 Deo
909 1049 1282 1104 annuntiante.

919 1152 1146 1219 CAPUT
1184 1154 1415 1218 LXVIII.

784 1284 915 1348 (Lib.
943 1298 990 1334 vr
1013 1283 1109 1334 div.
1136 1282 1280 1345 Inst.,
1304 1295 1412 1339 cap.
1434 1283 1508 1348 4,)

579 1389 661 1445 De
686 1389 898 1455 mando,
929 1387 1131 1442 homine
1172 1395 1217 1441 et
1243 1383 1343 1440 Dei
1372 1385 1711 1456 providentia.

440 1503 861 1559 Consideremus
920 1499 1082 1571 igitur
1107 1513 1227 1570 quae
1253 1500 1393 1555 ratio
1439 1500 1599 1555 fuerit
1640 1500 1798 1570 hujus
1829 1503 1962 1557 tanti

366 1602 586 1670 tamque
613 1596 863 1652 immensi
892 1596 1075 1666 aperis
1109 1594 1424 1649 fabricandi.
1462 1594 1610 1649 Fecit
1640 1595 1780 1650 Deus
1807 1610 1961 1650 muns

365 1692 491 1749 dum
520 1734 535 1759 ,
565 1692 701 1747 sicut
730 1689 881 1745 Plato
924 1688 1290 1743 existimavit:
1323 1680 1417 1742 sed
1462 1702 1560 1742 cur
1588 1686 1812 1754 fecerit,
1854 1694 1962 1743 non

2069 493 2161 539 aut
2187 490 2413 554 utraque
2455 492 2670 553 semper
2697 476 2946 552 fuerunt,
2990 492 3044 541 et
3095 486 3240 542 Deus
3291 485 3540 552 otiosus,
3581 495 3661 543 aut

2069 586 2292 647 utraque
2336 592 2405 633 ex
2449 591 2557 631 uno
2618 575 2767 632 fonte
2833 577 3121 633 ﬂuxerunt.
3179 577 3284 634 Est
3340 578 3490 633 enim
3545 593 3661 633 con-

2068 669 2391 735 venientius,
2425 668 2481 723 ut
2513 668 2652 723 Deus
2678 670 2857 723 omnia
2892 668 3077 724 fecerit
3107 670 3287 739 potius
3317 685 3489 740 quam
3520 671 3660 728 nihil.

2143 761 2285 830 Ergo
2316 760 2610 815 secundum
2656 762 2979 815 sententiam
3024 756 3260 815 Platonis
3286 802 3304 827 ,
3355 761 3507 816 idem
3536 762 3660 817 Deus

2067 863 2122 909 et
2149 854 2321 908 bonus
2357 861 2460 918 est,
2490 853 2613 922 quia
2639 853 2779 908 bona
2810 854 2937 908 fecit
2959 894 2975 921 ,
3023 862 3077 908 et
3120 853 3320 919 malus,
3348 853 3482 924 quia
3515 856 3657 909 mala.

2067 948 2219 1015 Quod
2248 948 2293 1002 si
2322 947 2438 1002 ﬁeri
2464 960 2570 1001 non
2597 954 2804 1018 potest,
2851 955 3075 1019 apparet
3133 962 3241 1004 non
3301 949 3430 1005 ideo
3474 948 3658 1007 factum

2066 1056 2187 1097 esse
2213 1056 2244 1096 a
2276 1041 2389 1096 Deo
2418 1040 2675 1096 mundum
2699 1082 2715 1108 ,
2756 1043 2880 1111 quia
2909 1042 3110 1098 bonum
3140 1052 3226 1100 est
3252 1043 3516 1099 mundus.
3544 1044 3657 1100 0m-

2065 1131 2155 1188 nia
2201 1134 2345 1187 enim
2402 1132 2715 1203 complexus
2761 1143 2846 1188 est
2893 1134 3033 1189 bona
3087 1142 3143 1189 et
3194 1136 3376 1201 mala,
3406 1151 3507 1191 nec
3543 1135 3657 1193 fecit

2067 1231 2287 1293 propter
2337 1236 2397 1279 se
2441 1224 2765 1294 quidquam,
2813 1225 2909 1280 sed
2962 1234 3188 1296 propter
3234 1226 3408 1281 aliud.
3466 1228 3653 1284 Domus

2067 1316 2213 1371 enim
2259 1315 2587 1383 aediﬁcatur,
2618 1333 2724 1372 non
2771 1316 2836 1372 ad
2878 1318 2983 1373 hoc
3026 1319 3203 1373 solum
3250 1328 3310 1373 ut
3337 1320 3407 1374 sit
3432 1320 3648 1387 domus,

1965 1418 1968 1421 ‘
2066 1410 2161 1465 sed
2189 1418 2246 1465 ut
2283 1409 2538 1480 suscipiat
2567 1418 2625 1465 ct
2671 1420 2882 1466 tueatur
2924 1411 3283 1467 habitantem.
3331 1412 3468 1467 Item
3516 1416 3651 1470 naris

2066 1503 2381 1569 fabricatur,
2415 1519 2523 1558 non
2548 1504 2613 1558 ad
2638 1504 2742 1559 hoc
2765 1513 2824 1559 ut
2844 1505 2994 1559 navis
3021 1506 3274 1560 videatur
3305 1516 3535 1571 tantum,
3568 1509 3650 1564 sed

2066 1610 2123 1653 ut
2153 1600 2206 1654 in
2237 1613 2300 1655 ea
2326 1600 2532 1669 possint
2561 1599 2810 1655 homines
2832 1600 3109 1671 navigare.
3140 1599 3285 1655 Vasa
3325 1601 3452 1656 item
3496 1602 3647 1669 ﬁunt,

2064 1705 2172 1747 non
2217 1697 2276 1746 ut
2320 1704 2445 1746 vasa
2493 1692 2601 1746 sint
2645 1692 2856 1759 solum,
2899 1692 2996 1747 sed
3042 1701 3099 1746 ut
3150 1692 3370 1761 capiant
3395 1707 3512 1763 quae
3536 1704 3651 1750 sunt

367 1782 625 1839 ostendit.
655 1783 788 1849 Quia
827 1781 1021 1848 bontts,
1056 1780 1249 1850 inquit,
1282 1786 1336 1835 et
1362 1779 1612 1834 invidens
1645 1777 1799 1844 nulli,
1837 1779 1964 1835 fecit
1995 1786 2043 1854 Β
2072 1784 2190 1839 usui
2219 1785 2543 1839 necessaria.
2579 1783 2668 1837 Sic
2716 1792 2772 1839 et
2816 1784 3074 1839 mundum
3121 1784 3271 1839 Deus
3293 1784 3357 1837 ad
3382 1798 3533 1840 usum
3555 1786 3649 1841 ali-

366 1888 487 1944 quae
514 1875 655 1929 bona
682 1880 825 1928 sunt.
857 1871 1019 1942 Atqui
1048 1871 1292 1925 videmus
1338 1873 1390 1924 in
1425 1884 1605 1926 rerum
1650 1878 1839 1926 natura
1861 1906 1876 1935 ,
1907 1880 1961 1926 et

364 1968 509 2021 bona
568 1976 692 2021 esse
735 1973 790 2020 et
818 1963 980 2018 maia.
1012 1962 1198 2017 Potest
1232 1976 1361 2032 ergo
1399 1964 1633 2018 existere
1678 1970 1963 2033 perversos

362 2057 577 2127 aliquis,
609 2056 784 2128 qualis
812 2042 1141 2115 inertiae“:
1168 2046 1257 2110 ille
1281 2054 1623 2119 Theodorus,
1669 2063 1723 2110 et
1755 2048 1963 2110 Platoni

362 2148 869 2219 responderezlmo
915 2148 1039 2217 quia
1094 2148 1267 2201 malus
1313 2156 1428 2212 est,
1484 2146 1611 2202 fecit
1652 2158 1773 2217 quin
1820 2148 1962 2203 mala

366 2249 513 2297 sunt.
542 2239 823 2308 Quomodo
853 2239 1001 2293 illum
1034 2238 1364 2308 redarguet‘l
1394 2238 1450 2295 Si
1480 2253 1599 2310 quae
1628 2239 1767 2295 bona
1802 2249 1958 2306 sunt,

366 2333 507 2388 Deus
535 2330 697 2397 fecit,
727 2330 869 2386 unde
899 2330 1061 2401 igitur
1105 2338 1250 2384 tanta
1299 2331 1437 2385 mala
1479 2341 1808 2400 eruperunt,
1841 2321 1965 2402 quae

364 2423 680 2495 plerumque
705 2421 868 2476 etiam
917 2420 1210 2491 prazvalent
1253 2417 1448 2479 bonis?
1495 2422 1552 2476 ln
1599 2422 1846 2487 materia,
1880 2423 1964 2477 iu-

362 2517 498 2587 quit,
529 2514 963 2570 continehantur.
995 2513 1142 2568 Bona
1172 2513 1337 2583 igitur
1362 2523 1418 2569 et
1460 2514 1622 2579 mala,
1665 2521 1756 2568 aut
1787 2514 1959 2583 nihil,

363 2608 489 2664 fecit
530 2607 691 2663 Deus.-
723 2605 781 2662 Si
839 2607 980 2661 bona
1039 2614 1242 2661 tantum
1291 2606 1452 2672 fecit,
1502 2607 1787 2661 aeterniora
1833 2604 1964 2662 sunt

361 2699 522 2766 mala,
556 2712 674 2769 quae
705 2698 842 2755 facta
874 2708 981 2754 non
1012 2708 1138 2753 sunt
1158 2739 1173 2766 ,
1216 2712 1378 2770 quam
1418 2699 1578 2760 bona.
1608 2710 1731 2770 quas
1756 2698 1960 2755 habites

363 2800 492 2847 runt
535 2791 836 2847 exordium.
888 2790 1080 2846 Finem
1123 2792 1285 2861 igitur
1331 2791 1643 2859 habebunt,
1693 2806 1813 2861 qua:
1856 2791 1958 2846 ali-

364 2884 578 2954 quando
606 2890 910 2956 coeperunt,
941 2893 995 2939 et
1019 2884 1430 2954 permanebunt,
1460 2894 1577 2956 qua:
1603 2896 1820 2956 semper
1847 2885 1961 2941 fue-

2067 1889 2230 1945 quem
2268 1873 2459 1929 fecerit
2487 1889 2710 1930 necesse
2744 1885 2847 1930 est.
2884 1875 3053 1929 Stoici
3094 1875 3251 1929 aiunt
3294 1890 3448 1930 causa
3484 1876 3649 1931 humi.

2068 1984 2195 2024 num
2230 1968 2425 2022 factum
2457 1982 2611 2034 esse,
2643 1976 2698 2024 et
2726 1979 2894 2024 recte.
2925 1969 3181 2024 Homines
3230 1967 3379 2023 enim
3424 1967 3651 2024 fruuntur

2070 2060 2154 2115 his
2180 2059 2434 2115 omnibus
2460 2060 2639 2126 bonis,
2664 2075 2786 2130 quae
2815 2060 3047 2116 mundus
3071 2062 3127 2114 in
3155 2075 3218 2116 se
3244 2059 3511 2115 continet.
3550 2060 3647 2117 Sed

2069 2152 2171 2223 ipsi
2210 2150 2457 2205 homines
2486 2166 2583 2206 cur
2612 2152 2735 2206 lacti
2760 2152 2887 2218 sint,
2905 2151 3146 2221 autquid
3166 2154 3225 2207 in
3274 2152 3388 2206 illis
3432 2153 3648 2209 utilitatis

2070 2246 2262 2301 habeat
2274 2246 2363 2299 illa
2376 2261 2554 2300 rerum
2569 2244 2871 2300 fabricatrix
2886 2245 3368 2314 providentia,non
3383 2246 3645 2315 explicant.

2141 2336 2478 2390 [mmortales
2505 2349 2626 2390 esse
2656 2337 2863 2391 animas
2888 2336 3032 2392 idem
3049 2335 3206 2391 Plato
3226 2336 3470 2391 afﬁrmat
3489 2337 3650 2408 (Plato

2068 2428 2123 2482 in
2153 2425 2368 2494 Phted.,
2398 2426 2676 2491 Phariam,
2706 2427 2891 2498 σονς..
2921 2429 2986 2483 de
3009 2427 3178 2500 Leg.)
3203 2447 3217 2482 :
3248 2428 3351 2485 sed
3398 2444 3523 2495 cur,
3567 2439 3645 2485 aut

2068 2519 2361 2590 quomodo,
2410 2526 2503 2575 aut
2546 2520 2783 2589 quando,
2831 2526 2924 2574 aut
2945 2534 3041 2589 per
3077 2535 3249 2590 quem
3296 2520 3649 2576 immortalia.

2069 2620 2178 2668 tem
2205 2620 2582 2680 assequamur,
2606 2621 2701 2667 aut
2748 2612 3020 2683 quodnam
3066 2611 3137 2666 sit
3187 2613 3423 2667 omnino
3468 2621 3648 2668 tantum

2067 2702 2198 2759 illud
2230 2706 2579 2774 mysterium;
2614 2719 2713 2758 cur
2740 2705 2808 2771 ii,
2840 2704 2931 2774 qui
2958 2712 3084 2758 sunt
3108 2704 3459 2759 immortales
3484 2703 3646 2771 futuri,

2066 2798 2214 2865 prius
2241 2796 2499 2852 mortales
2530 2805 2839 2861 nascantur,
2865 2795 3064 2852 deinde
3090 2795 3332 2852 decurso
3362 2797 3648 2867 temporale

2068 2887 2195 2943 vitae
2223 2889 2420 2958 spatio,
2452 2896 2615 2958 atque
2639 2887 2871 2958 abjectis
2891 2886 3160 2957 fragilium
3208 2902 3504 2959 corporum
3531 2904 3645 2944 exu-

362 2986 506 3034 runt.
540 2977 677 3033 Mala
717 2986 847 3048 ergo
890 2978 1098 3047 potiora
1123 2986 1267 3033 sunt.-
1300 2977 1357 3034 Si
1381 2986 1560 3033 autem
1593 2979 1805 3049 potiora
1832 2990 1958 3034 esse
1984 2970 2029 3034 C
2061 2979 2196 3046 viis,
2236 2978 2304 3032 ad
2342 2987 2600 3034 aeternam
2626 2978 2771 3035 illam
2802 2977 3193 3035 beatitudinem
3244 2978 3640 3048 transferantur,

1684 3093 2046 3154 VARIORUM
2084 3096 2315 3153 NOTAE.

358 3214 607 3269 mundum
637 3221 684 3267 et
709 3212 964 3283 hominem
1000 3228 1106 3267 esse
1128 3213 1342 3283 factum,
1375 3219 1422 3264 et
1451 3210 1649 3265 animos
1676 3210 1941 3283 immorta-

358 3284 430 3338 les
460 3283 826 3338 existimavere.
849 3282 954 3337 Sed
981 3299 1096 3336 cum
1120 3280 1180 3338 ea
1204 3291 1491 3344 senserunt,
1524 3283 1560 3334 ii
1577 3291 1742 3335 tamen
1765 3280 1944 3336 divini.

358 3355 459 3408 Ms.
493 3356 652 3424 Reg.,
674 3355 764 3409 aed
790 3369 902 3407 cum
929 3370 988 3407 ea
1016 3365 1301 3413 senserunt,
1321 3352 1615 3415 huiusmodi
1637 3363 1945 3420 nontamen,

359 3435 463 3480 etc.
488 3425 731 3489 Tuurin.,
755 3440 871 3477 vera
892 3427 1164 3487 sentirent,
1196 3424 1348 3485 huius
1376 3432 1559 3475 tamen.

434 3494 540 3550 Sed
569 3511 685 3548 cum
712 3512 773 3548 ea
797 3498 1065 3549 senserint.
1090 3494 1310 3564 Legitur
1336 3508 1463 3547 vero
1487 3492 1624 3561 apud
1639 3493 1944 3564 Alluneman.

360 3565 469 3621 Sed
515 3583 631 3619 cum
685 3582 801 3619 vera
853 3566 1111 3618 sentirent.
1147 3562 1213 3619 Et
1266 3565 1379 3617 haec
1408 3565 1556 3618 addit
1590 3582 1602 3618 :
1632 3562 1723 3619 Sic
1746 3568 1951 3635 Optime

358 3636 605 3699 Taurin.,
624 3635 845 3693 Pful’tius
874 3644 930 3691 et
954 3651 1107 3705 seqq.
1139 3637 1415 3691 Bruttium.

428 3710 638 3783 illique.
664 3707 899 3783 Numest
926 3707 978 3761 in
1012 3708 1189 3783 editis.

429 3778 673 3846 Tamque.
706 3778 857 3835 At'in
892 3794 994 3832 ms.
1028 3779 1249 3842 Taurin,
1280 3786 1560 3847 tamquam.

430 3845 651 3904 Fecerit.
676 3850 751 3905 Ita
779 3849 1243 3915 Taur.,Bmil.,ed.
1261 3845 1651 3905 Celiar.Ca:teri
1668 3845 1795 3903 editi
1809 3847 1945 3915 fecit.

430 3919 624 3975 Bonus.
662 3922 809 3975 Plato
838 3922 889 3974 in
916 3920 1118 3976 Timmo
1148 3931 1267 3988 post
1290 3918 1410 3974 luit.

434 3991 595 4060 Ergo.
629 3991 787 4046 Deest
815 3993 868 4045 in
890 4008 992 4045 ms.
1016 3990 1235 4045 Taurin.

432 4060 751 4115 Theodorus.
783 4062 918 4117 Vide
949 4063 1038 4115 lib.
1064 4060 1132 4114 de
1158 4060 1238 4115 Ira
1264 4059 1378 4122 Dei.
1411 4074 1461 4115 c.
1489 4059 1545 4115 9.

434 4131 599 4184 Bona.
632 4131 853 4185 Taurin.
875 4146 975 4185 ms.
1007 4130 1247 4195 Sintula,
1277 4147 1394 4199 ergo
1416 4141 1461 4182 et
1483 4130 1949 4193 bona,utautnihil

361 4203 537 4273 fecerit
560 4200 715 4273 Deus.
745 4213 830 4253 aut
860 4204 902 4254 si
927 4204 1055 4273 (iam:
1073 4210 1369 4273 tmttnm.—
1386 4200 1802 4273 Contineliantiir.
1824 4199 1945 4273 Bo-

361 4271 429 4326 na
456 4273 631 4341 igitur.
666 4272 793 4326 Haec
823 4271 994 4327 oratio
1018 4286 1189 4341 usque
1217 4272 1285 4326 ad
1307 4280 1440 4324 sect.
1465 4271 1557 4337 ‘29,
1589 4271 1752 4325 Stoici
1781 4272 1942 4334 aiunt,

2053 3212 2274 3267 tentiam
2300 3230 2313 3265 :
2338 3210 2436 3266 sed
2483 3220 2539 3267 ut
2582 3211 2868 3277 ostendat,
2902 3212 3217 3282 quomodo,
3262 3213 3391 3268 data
3421 3214 3642 3271 Platonis

2053 3284 2335 3354 hypothesi
2358 3324 2373 3349 ,
2399 3282 2706 3355 ratiocinari
2760 3285 2930 3349 possit
2955 3282 3319 3352 Theodorus,
3347 3288 3502 3355 cujus
3522 3286 3572 3339 lt.
3601 3288 3636 3340 l.

2056 3353 2340 3424 personam
2367 3354 2505 3422 gerit
2536 3353 2866 3421 Lactantius,
2887 3364 2992 3408 etc.
3024 3355 3297 3411 DAVISIIIS.

2124 3422 2293 3478 Idem.
2319 3425 2425 3479 Sed
2454 3424 2541 3479 ed.
2568 3426 2702 3478 ideo.
2728 3426 2948 3479 Minime
2973 3440 3131 3489 vero;
3154 3442 3278 3479 nam
3306 3443 3431 3495 quae
3451 3428 3641 3494 sitphi-

2055 3495 2567 3565 losophisententia,
2585 3496 2749 3564 liquet
2777 3512 2841 3549 ex
2862 3496 2956 3549 ιῑι».
2984 3512 3021 3549 ιι
3046 3496 3116 3550 de
3143 3497 3376 3565 Republ.
3401 3499 3464 3550 ad
3477 3498 3635 3551 linem.

2128 3564 2258 3620 Esse
2280 3582 2311 3618 α
2340 3565 2448 3620 Deo
2474 3607 2490 3632 ,
2519 3576 2626 3621 etc.
2660 3566 2781 3620 Esse
2808 3566 3076 3628 mundum,
3101 3564 3472 3635 quianmndus
3497 3569 3639 3621 bonas

2057 3646 2149 3691 est.
2177 3636 2432 3707 Quoniam
2456 3638 2751 3705 complexus
2777 3645 2871 3691 est.
2898 3638 2969 3690 Ita
2999 3637 3150 3692 editi.
3174 3666 3251 3678 —
3268 3636 3391 3692 Non
3412 3640 3520 3691 ideo
3540 3642 3637 3707 fac-

2058 3717 2166 3761 tum
2193 3723 2299 3761 esse
2327 3720 2359 3760 α
2382 3706 2491 3761 Deo
2518 3709 2767 3763 mundum
2792 3748 2808 3771 ,
2840 3709 2959 3773 quia
2984 3707 3175 3761 bonum
3204 3720 3283 3762 est
3316 3706 3548 3762 uitandus.
3566 3708 3632 3762 Ita

2058 3779 2161 3833 edo
2185 3794 2252 3834 ex
2275 3778 2491 3831 Taurin.
2537 3793 2661 3832 cum
2698 3779 2886 3831 l’l‘alfiu
2915 3787 2970 3832 et
3021 3779 3259 3833 Davisio.
3308 3779 3403 3832 His
3428 3780 3632 3848 proximi

2063 3848 2194 3903 Ven.
2246 3857 2475 3917 utraque
2513 3850 2684 3916 1478,
2712 3849 2804 3914 95,
2828 3849 2918 3909 97.
2942 3850 3108 3911 Picr.,
3144 3850 3344 3914 Puris.,
3374 3850 3626 3913 Parrhas.,

2057 3920 2205 3990 Ald,
2235 3919 2406 3983 Crat.,
2439 3918 2661 3990 Gymn.,
2694 3919 3175 3990 Gryph.,Tornais.
3209 3930 3266 3974 et
3296 3918 3629 3975 Betul.:Nois

2056 3978 2171 4043 ideo
2192 3978 2403 4061 factum
2441 3978 2548 4043 esse
2586 3978 2832 4043 ηιίιηάιῖήτ
2854 4032 2868 4053 ,
2910 3978 3057 4061 quia”
3079 3991 3306 4061 mundus
3360 3993 3511 4061 (tortus
3538 3997 3628 4061 est

2052 4062 2125 4119 At
2157 4059 2388 4129 pessime
2427 4061 2771 4124 Thomasius,
2797 4061 2988 4125 Isaura,
3019 4059 3187 4122 Gall.,
3218 4060 3439 4127 Spark.,
3467 4059 3621 4115 Cella-

2054 4133 2165 4202 rius
2200 4149 2210 4182 :
2244 4132 2489 4200 Apparet,
2523 4148 2551 4185 a
2587 4134 2693 4185 Deo
2715 4134 2909 4202 factum
2931 4147 3038 4184 esse
3057 4131 3329 4194 mundum,
3359 4133 3476 4200 quia
3500 4148 3625 4185 matt-

2050 4201 2147 4254 dtts
2177 4203 2362 4259 bonum
2382 4211 2476 4263 est,
2501 4212 2687 4257 coittra
2714 4210 2947 4260 utentem
2979 4203 3284 4267 Lactantii,
3317 4212 3376 4257 ut
3401 4205 3623 4258 obsenat

2052 4272 2315 4335 Davisius,
2350 4271 2625 4327 PlatOnem
2658 4272 2742 4326 hic
2768 4272 3119 4327 coufutantis.
3153 4273 3288 4327 BUN.

360 4340 668 4424 accipiet-ida
716 4351 800 4397 est
852 4340 1109 4411 tauquam
1136 4343 1209 4424 ab
1232 4343 1394 4424 impio
1425 4341 1711 4423 Theodoro
1740 4343 1949 4409 prolata
1976 4347 2029 4406 D
2090 4413 2100 4423 _
2130 4340 2316 4424 Omnia
2355 4342 2488 4399 enim
2509 4343 2926 4424 complexus-est,
2960 4344 3357 4424 bonaneqmala.
3394 4342 3481 4424 Sic
3505 4342 3625 4424 Ταῦ-ς

360 4426 546 4469 contra
578 4414 853 4471 Platonem
881 4455 895 4477 ,
922 4428 1080 4483 quam
1109 4412 1325 4468 adducit
1350 4413 1659 4467 Lactantius
1679 4452 1693 4475 ,
1719 4425 1824 4465 non
1858 4427 1939 4483 ap-

361 4486 572 4553 probat.
601 4488 765 4539 Suam
801 4494 982 4539 autem
1028 4486 1351 4539 sententiam
1394 4484 1447 4537 in
1476 4483 1722 4552 sequenti
1772 4482 1950 4551 capite

360 4556 615 4611 declarat.
654 4557 787 4612 BUN.

432 4625 1091 4690 Continebantur.Simala,
1119 4638 1238 4695 ergo
1269 4634 1315 4679 et
1346 4625 1498 4692 bona,
1528 4635 1580 4678 ut
1608 4632 1697 4678 aut
1725 4622 1856 4676 nihil
1876 4625 1952 4694 fe.

362 4697 484 4753 εει-ξι
517 4694 672 4763 Deus,
703 4708 790 4751 aut
816 4700 860 4751 si
890 4698 1042 4753 bona.
1068 4697 1147 4751 Ita
1172 4694 1371 4751 rectius
1403 4712 1504 4750 ms.
1530 4694 1693 4749 Taur.
1719 4703 1772 4751 et
1793 4694 1954 4749 Davi-

361 4771 471 4823 sius
496 4810 510 4832 ,
544 4771 696 4837 cujus
734 4769 983 4824 lectionis
1009 4769 1229 4837 vestigia
1272 4777 1559 4832 supersunt
1588 4768 1638 4819 in
1673 4765 1944 4837 corruptis

361 4838 594 4907 antiquis
624 4839 754 4894 Ven.
784 4840 912 4893 Indc
937 4839 1213 4901 Parrltas.,
1238 4838 1383 4907 Ald.,
1410 4838 1579 4902 Crat.,
1604 4836 1828 4907 Gymn.,
1854 4836 1953 4890 Bc-

362 4906 784 4975 tul.,’Torna:s.,
817 4910 1096 4975 Thomas,
1123 4908 1267 4972 Ccl,
1297 4906 1549 4970 Plailius,
1598 4910 1896 4963 Heumann.
1933 4924 1947 4961 :

359 4978 510 5034 Bona
540 4980 695 5049 igitur
719 4991 767 5034 et
798 4980 933 5033 nialu
958 5016 974 5044 ,
1003 4990 1090 5033 aut
1117 4980 1246 5049 nihil
1268 4981 1385 5047 fecit
1410 4979 1568 5033 Deus.
1600 4978 1659 5032 Si
1688 4977 1841 5032 bona.
1870 4977 1949 5033 Ex

361 5048 570 5105 Borion.
606 5050 787 5105 lsmus.
817 5050 980 5115 Gall.,
1013 5048 1202 5119 Spark.
1237 5068 1248 5103 :
1281 5051 1524 5115 Sintula,
1554 5064 1675 5119 ergo
1709 5058 1757 5101 et
1781 5048 1950 5116 bona,

361 5132 448 5176 aut
484 5124 613 5178 nihil
636 5123 751 5191 fecit
781 5122 940 5185 Deus,
975 5131 1063 5175 aut
1091 5123 1133 5175 si
1160 5123 1293 5174 bona
1320 5131 1515 5175 tantum
1569 5121 1698 5191 Bon.

438 5192 523 5247 Ne
551 5195 819 5249 aeterniora
856 5192 1060 5262 quidem
1111 5202 1341 5262 possunt.
1376 5193 1468 5246 νει
1513 5190 1821 5259 legendum,
1847 5206 1956 5245 esse

364 5276 613 5333 possunt;
635 5265 743 5328 vel,
771 5265 911 5334 quod
942 5264 1119 5317 malim
1148 5280 1250 5334 ,ne
1286 5265 1557 5318 teterniora
1582 5264 1787 5332 quidem
1812 5269 1949 5334 sunt.

365 5335 628 5391 Davrsius.
664 5335 768 5391 Sed
793 5334 923 5388 nihil
955 5335 1037 5387 hic
1083 5333 1386 5389 addendum
1414 5376 1428 5399 ,
1460 5334 1593 5388 nihil
1638 5333 1953 5387 mutandum

362 5420 506 5471 esse,
539 5405 827 5461 ostendent
854 5405 1095 5474 exempla
1124 5421 1153 5459 ει
1185 5421 1271 5460 me
1292 5405 1356 5459 ad
1371 5403 1548 5460 lib.de
1570 5402 1726 5458 Mori.
1756 5402 1947 5458 Perse;

360 5485 492 5546 cut.,
520 5492 638 5546 cap.
669 5479 737 5532 ‘16
1154 5525 1158 5529 .
1547 5544 1558 5546 4
1598 5474 1732 5546 lion.

436 5543 847 5602 Convenientius.
874 5546 947 5600 Ita
976 5546 1220 5614 Taurin.,
1246 5547 1382 5601 Bon.
1411 5555 1466 5602 et
1496 5544 1585 5601 ed.
1606 5544 1677 5599 Is.
1708 5545 1763 5598 lu
1790 5543 1926 5615 Reg.

362 5626 417 5673 et
438 5627 557 5672 eat.
590 5620 703 5682 ed.,
735 5620 1049 5673 conveniens.

445 5688 742 5743 Secundum
795 5690 1093 5742 sententiam
1119 5686 1375 5743 Plalonis.
1404 5686 1481 5742 Ita
1508 5686 1744 5743 loanitur
1771 5693 1957 5742 noster

375 5772 481 5813 non
504 5760 653 5826 quod
683 5759 931 5828 opinetur
980 5761 1118 5814 hanc
1149 5772 1338 5814 revera
1377 5759 1540 5817 luisse
1564 5757 1804 5815 Platonis
1825 5770 1952 5815 sen-

2059 4413 2163 4466 riu.
2194 4414 2362 4483 Sicet
2394 4428 2461 4466 ex
2506 4414 2712 4468 Bonon.
2747 4414 2948 4482 primus
2975 4414 3148 4468 edidit
3172 4413 3363 4469 Isarus.
3397 4413 3626 4483 Impreasi

2058 4492 2189 4537 vett.
2220 4482 2460 4548 habent,
2487 4486 2730 4551 quoniam
2770 4486 2904 4539 enim
2934 4486 3233 4552 complexus
3274 4494 3369 4539 est.
3392 4482 3627 4539 Cellarius

2054 4564 2257 4617 autem,
2284 4555 2524 4621 quoniam
2549 4555 2847 4623 complexus
2866 4565 2939 4609 est
2979 4555 3113 4609 bona
3143 4564 3192 4610 et
3220 4554 3384 4609 mala.
3412 4557 3538 4610 Bonl.

2126 4623 2295 4678 Fecit.
2325 4624 2544 4679 Taurin.
2571 4642 2675 4681 ms.
2708 4627 2815 4693 ﬁet.
2840 4656 2909 4666 —
2938 4624 3050 4679 Nec
3077 4627 3162 4690 ﬁet
3186 4638 3396 4694 propter
3424 4643 3476 4680 se
3503 4626 3627 4692 quic-

2053 4710 2224 4764 quam.
2248 4694 2346 4751 Ms.
2375 4695 2616 4760 Taurin.,
2650 4712 2739 4750 nec
2769 4698 2875 4765 ﬁet.
2907 4696 3041 4751 Vide
3066 4697 3369 4764 sequentia,
3405 4707 3460 4752 ct
3484 4698 3519 4750 l.
3565 4710 3627 4749 ru

2054 4765 2313 4831 lnstitut.,
2335 4782 2454 4836 cup.
2485 4765 2520 4820 4
2553 4785 2566 4819 :
2603 4765 2752 4820 Nihil
2774 4777 2843 4820 est
2864 4807 2880 4832 ,
2904 4766 3041 4835 quod
3067 4769 3132 4837 ait
3163 4778 3376 4837 propter
3402 4785 3452 4821 se
3481 4769 3625 4837 ipsum

2055 4838 2246 4905 factum
2269 4852 2287 4889 :
2308 4835 2662 4904 sed’quicquid
2682 4839 2887 4909 omnino
2908 4840 2996 4905 ﬁt,
3019 4836 3088 4890 ad
3118 4835 3272 4891 usum
3294 4839 3510 4909 aliquem
3532 4835 3628 4903 ﬁeri

2054 4923 2253 4979 necesse
2279 4916 2374 4973 est,
2408 4919 2513 4962 etc.
2545 4908 2791 4962 Davisius
2819 4910 2967 4979 legit,
2992 4925 3084 4962 nec
3114 4912 3195 4977 ﬁt.
3226 4908 3417 4963 Recte.
3444 4909 3567 4963 Butt.

2129 4976 2301 5031 Enim.
2329 4981 2488 5033 Deest
2515 4979 2567 5033 in
2590 4991 2721 5034 mss.
2753 4976 2941 5044 Taur.,
2977 4976 3119 5034 Bou.
3144 4990 3199 5032 et
3229 4979 3263 5033 5
3293 4980 3534 5049 vulgatis.

2055 5118 2097 5172 Τ
2114 5049 2213 5169 1Αιλς
2236 5050 2351 5104 hoc.
2374 5049 2453 5104 Ita
2475 5064 2577 5104 ms.
2601 5049 2734 5120 Reg.
2763 5049 2868 5105 et6
2894 5050 3026 5105 edit.
3058 5050 3141 5104 Ad
3166 5051 3262 5104 hoc
3284 5050 3439 5106 deest
3461 5049 3510 5103 iu
3537 5063 3622 5104 ms.

2102 5138 2112 5170 ὅ
2137 5136 2272 5172 υηη.

2102 5134 2272 5175 ςιυτιη.

2087 5188 2377 5315 digitum;
2399 5192 2492 5248 Sic
2520 5192 2682 5248 Taur.
2706 5200 2762 5248 et
2799 5191 2889 5248 ed.
2922 5190 2992 5247 Is.
3034 5190 3144 5248 Sed
3184 5200 3384 5247 tantum
3414 5190 3558 5248 deest
3579 5190 3622 5245 in

2129 5301 2140 5313 .
2198 5281 2206 5293 -
2267 5279 2344 5315 eri
2384 5304 2395 5315 .

2053 5265 2140 5315 ed.
2165 5265 2395 5318 caeteris.
2572 5316 2575 5320 .

2127 5330 2279 5403 Item.
2306 5333 2491 5389 Autem
2521 5333 2609 5390 ed.
2630 5342 2683 5388 et
2714 5348 2816 5387 ms.
2840 5333 2972 5403 Reg.

2127 5402 2271 5458 Esse.
2308 5405 2467 5460 Deest
2491 5406 2541 5458 in
2574 5419 2674 5458 ms.
2706 5403 2926 5459 Taurin.

2130 5473 2518 5538 Utilitatis,etc.
2546 5475 2673 5529 Haec
2698 5477 2855 5544 paulo
2880 5475 3037 5529 aliter
3059 5486 3318 5545 expressa
3336 5485 3460 5531 sunt
3485 5475 3613 5530 ined.

2129 5545 2421 5612 Quodnam.
2452 5545 2533 5601 Ita
2556 5548 2717 5613 Βυιιε,
2735 5546 2925 5613 Taur.,
2953 5545 3040 5601 ed.
3059 5546 3129 5601 Is.
3150 5546 3350 5602 Crateri
3368 5547 3615 5617 ed.,quid-

2053 5631 2174 5669 nam
2204 5624 2423 5679 tantum,

2130 5685 2465 5760 Temporalis.
2499 5689 2575 5745 Ita
2606 5688 2790 5760 Taur.,
2819 5687 2978 5753 Bon.,
3018 5687 3209 5760 Bodl.,
3256 5690 3346 5747 ed.
3388 5691 3481 5759 18.,
3509 5688 3611 5744 Gel-

2055 5756 2156 5814 lar.
2184 5756 2409 5828 At’ch.
2439 5767 2493 5816 et
2516 5768 2638 5817 eaet.
2673 5758 2785 5828 ed.,
2814 5759 3070 5829 temporis.
3125 5818 3132 5836 τ
