3816 6264
121 353 275 411 1085

1086 353 1392 412 ΕΡΙΤΟΜΕ
1425 348 1803 412 DIVINARUM
1832 346 2379 417 iNSTlTUTlONUM.

3276 361 3417 419 ll086

116 485 244 528 non
272 470 700 543 comprehendit.
731 468 974 542 Denique
1013 480 1116 528 nec
1152 470 1413 542 judicium
1458 468 1577 538 Dei,
1626 478 1725 526 nec
1749 462 1801 531 Α
1826 469 1980 527 cerit.
2017 464 2143 529 Erat
2170 470 2311 531 enim
2334 488 2703 549 consequens,
2734 483 2789 534 et
2819 477 2963 548 pium
2988 519 3002 544 ,
3050 486 3106 533 et
3152 490 3407 536 necessa-

123 563 431 621 discrimen
468 561 599 633 justi
648 570 703 618 et
746 562 930 634 iujusti
974 558 1303 634 explicavit:
1336 563 1430 620 sed
1475 562 1721 629 animas,

121 672 258 729 quae
285 673 344 713 se
391 655 690 713 sceleribus
728 655 1123 726 immerserint,
1172 654 1431 715 hactenus
1468 659 1723 714 condem—

118 751 249 805 nari
300 748 542 820 putavit,
586 756 643 803 ut
682 746 735 802 in
786 748 1080 819 pecudibus
1126 758 1497 816 renascantur,
1552 758 1606 805 et
1651 750 1723 806 ita

119 851 472 911 peccatorum
513 855 734 896 suorum
766 841 913 896 luere
956 857 1158 911 poenas,
1209 843 1380 899 donec
1424 856 1611 897 rursus
1656 840 1722 898 ad

115 933 325 1004 tignras
354 932 633 987 hominum
663 940 1031 998 revertantur;
1073 941 1128 989 et
1176 933 1278 989 hoc
1317 933 1436 989 fieri
1481 944 1718 1002 semper,

117 1042 230 1082 nec
278 1034 400 1083 esse
455 1026 616 1082 tinem
670 1025 1053 1081 trausmeandi.
1102 1024 1309 1081 Ludum
1354 1025 1487 1080 mihi
1539 1024 1722 1081 nescio

122 1135 293 1192 quem
325 1118 547 1185 inducit,
578 1119 790 1175 somnio
833 1119 1096 1186 similem,
1147 1120 1231 1174 cui
1274 1133 1375 1174 nec
1413 1114 1550 1173 ratio
1577 1118 1717 1185 ulla,

117 1228 227 1268 nec
261 1211 351 1268 Dei
388 1211 740 1284 gubernatio,
791 1226 891 1268 nec
941 1211 1223 1268 consilium
1269 1208 1487 1284 aliquod
1539 1206 1722 1270 inesse

116 1303 396 1360 videatur.

558 1390 787 1450 CAPUT
825 1391 1011 1461 LXIX,
1054 1392 1184 1449 alias
1213 1390 1282 1451 Χ.

520 1508 651 1573 (Lib.
678 1524 745 1561 vn
767 1510 908 1573 Iust.,
936 1523 981 1563 c.
1007 1511 1056 1576 5,
1082 1510 1113 1560 8
1138 1514 1192 1563 et;
1213 1508 1348 1577 seq.)
1396 1582 1401 1585 ι

118 1613 386 1671 Mundam
414 1624 620 1687 propter
645 1615 931 1683 hominem,
960 1622 1007 1669 et
1032 1614 1287 1670 hominem
1316 1624 1523 1687 propter
1552 1612 1721 1669 Deum

744 1744 853 1787 esse
881 1732 1095 1802 factum.

1826 562 1964 618 rium
1991 605 2006 629 ,
2053 573 2112 620 ut
2165 580 2285 621 cum
2319 565 2552 623 hominis
2595 581 2754 623 causa
2804 576 2947 624 tanta
2997 578 3161 639 opera
3203 570 3420 627 molitus

1826 655 1927 721 sit,
1958 660 2081 712 etim
2134 666 2339 725 tantum
2393 656 2468 714 illi
2499 644 2761 728 honoris,
2805 668 3014 716 tantum
3061 661 3274 717 dederit
3318 670 3417 733 po-

1826 750 2054 816 testatis,
2082 759 2140 804 ut
2168 749 2479 806 dominetur
2506 753 2558 807 in
2591 751 2816 820 mundo,
2841 760 2896 808 et
2920 752 3082 808 homo
3102 756 3420 824 agnosceret

1828 838 1994 895 Deum
2024 848 2294 898 tantorum
2325 842 2712 900 beneﬁciorum
2743 855 3037 912 auctorem,
3057 844 3145 916 qui
3165 858 3217 902 et
3245 846 3417 918 ipsum

1827 932 1950 988 fecit
1990 932 2247 990 mundum
2277 947 2499 1009 propter
2545 936 2756 1011 ipsum,
2798 941 2957 1011 eique
2986 941 3188 995 cultum
3238 949 3293 997 et
3317 939 3414 997 iro-

1825 1039 2015 1080 norem
2044 1024 2282 1101 debitum
2314 1026 2582 1085 redderet.
2633 1024 2728 1085 Hic
2772 1029 2924 1085 Plato
2972 1031 3276 1098 aberravit;
3328 1030 3414 1088 hic

1824 1112 2060 1187 perdidit
2082 1132 2241 1189 quam
2267 1120 2498 1190 primum
2559 1122 2882 1191 arripuerat,
2939 1121 3221 1179 veritatem
3248 1166 3262 1186 ,
3294 1131 3416 1179 cum

1824 1207 1894 1264 de
1921 1209 2068 1265 cuitu
2096 1210 2211 1281 ejus
2246 1211 2371 1280 Dei,
2402 1228 2559 1283 quem
2601 1212 2935 1269 conditorem
2986 1228 3167 1269 rerum
3210 1229 3271 1269 ac
3315 1230 3414 1285 pa-

1822 1305 2029 1356 rentem
2060 1299 2349 1371 nitebatur,
2381 1302 2646 1373 obticuit,
2693 1314 2794 1360 nec
2840 1302 3099 1360 intellexit
3144 1304 3415 1362 hominem

1824 1393 1935 1448 Deo
1964 1392 2180 1464 pietatis
2202 1393 2432 1450 vinculis
2461 1408 2583 1451 esse
2611 1396 2913 1467 religatum,
2969 1395 3112 1451 unde
3161 1395 3276 1468 ipsa
3326 1414 3414 1454 re-

1823 1486 1953 1559 ligio
1988 1488 2313 1554 nominatur,
2362 1499 2415 1545 et
2443 1487 2546 1544 hoc
2584 1504 2706 1545 esse
2759 1490 2965 1558 solum,
3010 1496 3228 1562 propter
3272 1486 3415 1563 quod

1823 1576 2015 1634 animae
2053 1576 2386 1637 immortales
2415 1580 2561 1636 fiant.
2594 1578 2772 1638 Sensit
2799 1591 2977 1637 tamen
3000 1586 3229 1638 mlernas
3256 1599 3411 1639 esse:

1824 1669 1917 1727 sed
1953 1682 2059 1726 non
2107 1682 2201 1743 per
2228 1671 2425 1744 gradus
2468 1673 2535 1728 ad
2578 1689 2696 1731 eam
2741 1670 3063 1731 sententiam
3110 1672 3410 1732 descendit.

1827 1766 2127 1835 Amputatis
2156 1768 2299 1821 enim
2331 1766 2524 1823 mediis
2551 1811 2564 1835 ,
2604 1762 2791 1824 incidit
2822 1766 2996 1839 potius
3026 1770 3077 1825 in
3106 1772 3411 1837 veritatem,

192 1850 383 1904 Dicam
409 1863 549 1905 nunc
573 1862 693 1919 quae
723 1847 793 1903 Sit
818 1846 908 1902 illa
936 1858 1164 1914 summa,
1193 1858 1355 1917 quam
1398 1856 1466 1901 ηθ
1516 1846 1550 1900 ii
1595 1846 1716 1916 (ἰυί-
1746 1858 1794 1923 Β
1823 1858 1972 1928 quasi
2003 1868 2097 1929 per
2123 1859 2407 1929 abruptum
2436 1856 2652 1932 aliquod
2682 1863 3067 1933 praecipitium;
3123 1880 3222 1919 nec
3277 1865 3417 1919 ulte-

112 1942 274 2009 dem,
326 1943 415 2013 qui
445 1956 573 1997 vera
622 1941 907 2007 dixerunt,
959 1940 1168 1995 collatis
1217 1941 1274 1994 in
1326 1954 1489 1992 unum
1542 1939 1720 1994 causis

112 2043 287 2102 atque
315 2034 628 2099 rationibus,
654 2041 972 2088 connectere
999 2040 1308 2103 potuerunt.
1329 2031 1526 2086 Factus
1551 2046 1580 2086 a
1612 2032 1723 2087 Deo

117 2124 379 2191 mundus,
412 2131 469 2178 ut
499 2123 747 2179 homines
776 2135 1127 2179 nascerentur
1153 2143 1166 2178 :
1198 2133 1490 2179 nascuntur
1539 2135 1718 2179 autem

116 2212 414 2279 homines,
463 2224 520 2268 ut
552 2214 718 2269 Deum
764 2223 971 2284 patrem
1015 2224 1349 2284 agnoscant,
1396 2215 1449 2269 in
1487 2230 1593 2284 quo
1638 2225 1722 2270 est

117 2305 429 2375 sapientia;
461 2314 784 2376 agnoscunt,
817 2313 875 2359 ut
897 2306 1100 2370 colant,
1133 2305 1185 2359 in
1216 2318 1324 2375 quo
1371 2314 1453 2360 est
1478 2304 1716 2374 justitia;

115 2400 330 2465 colunt,
362 2407 422 2454 ut
448 2397 757 2455 mercedem
784 2398 1205 2453 immortalitatis
1247 2398 1546 2468 accipiant;
1573 2398 1718 2453 socio

116 2494 279 2563 piunt
332 2491 790 2547 immortalitatem
813 2532 829 2558 ,
862 2499 920 2545 ut
946 2491 1000 2545 in
1026 2497 1288 2546 aeternum
1319 2490 1429 2545 Deo
1456 2491 1716 2546 serviant.

113 2584 384 2653 Videsne,
413 2584 865 2656 quemadmodum
896 2581 999 2638 sibi
1022 2596 1267 2639 connexa
1292 2582 1402 2638 sint
1444 2591 1500 2638 et
1544 2583 1717 2653 prima

113 2694 242 2735 cum
288 2677 500 2744 mediis,
542 2684 596 2733 et
640 2676 816 2732 media
864 2686 986 2730 cum
1032 2675 1330 2731 estremis?
1370 2670 1719 2746 Inspiciamus

1800 1950 1934 2029 .rius
1963 1966 2278 2023 progressus
2306 1961 2410 2020 est,
2435 1954 2686 2025 quoniam
2710 1970 2835 2010 casu
2863 1998 2876 2020 ,
2907 1968 3011 2010 non
3035 1957 3245 2011 ratione
3270 2000 3284 2024 ,
3320 1968 3414 2011 ve-

1823 2056 1942 2097 rum
1978 2043 2277 2099 invenerat.
2322 2043 2594 2100 Colendus
2642 2054 2726 2101 est
2778 2047 2938 2117 igitur
2984 2040 3161 2114 Deus,
3215 2056 3273 2102 ut
3320 2063 3417 2117 per

1824 2135 2171 2206 religionem,
2223 2152 2345 2207 quae
2393 2138 2578 2194 eadem
2604 2138 2806 2209 justitia
2840 2150 2953 2205 est,
2999 2138 3223 2210 accipiat
3254 2139 3417 2195 homo

1822 2239 1850 2278 a
1880 2225 1987 2280 Deo
2013 2226 2493 2294 immortalitatem,
2526 2244 2624 2284 nec
2646 2238 2728 2284 est
2759 2229 2923 2283 ullum
2951 2222 3093 2284 aliud
3133 2230 3413 2298 praemium

1822 2318 1924 2387 piae
1966 2317 2159 2374 mentis
2190 2336 2203 2372 :
2231 2332 2349 2387 qua:
2388 2320 2433 2373 si
2481 2327 2565 2374 est
2611 2319 2928 2386 invisibilis,
2972 2330 3078 2376 non
3126 2329 3308 2390 potest
3349 2318 3417 2375 ab

1822 2408 2074 2493 invisibili
2104 2410 2235 2477 Deo,
2277 2410 2378 2465 nisi
2421 2411 2676 2467 invisibili
2707 2413 2959 2468 mercede
2984 2411 3193 2467 donari.

2403 2522 2631 2578 CAPUT
2669 2522 2834 2580 Lxx.
2912 2504 2915 2507 ’

2161 2635 2294 2699 (Lib.
2319 2650 2386 2688 vn
2401 2637 2545 2703 Iust.,
2566 2652 2613 2691 c.
2638 2639 2717 2704 12,
2737 2640 2815 2700 15,
2831 2641 2912 2704 20,
2940 2639 3046 2703 21.)

2137 2741 2338 2798 Animas
2375 2745 2735 2801 immortalitas
2771 2747 3126 2814 conﬁrmatur.

113 2771 372 2842 singula,
422 2777 478 2825 et
524 2769 805 2825 videamus
854 2777 1106 2823 utrumne
1153 2764 1261 2823 illis
1308 2766 1446 2822 ratio
1501 2781 1717 2838 quoque

112 2864 402 2919 subsistat.
423 2861 575 2918 Fecit
598 2861 881 2932 ergoDeus
901 2861 1159 2916 mundum
1178 2868 1399 2932 propter
1419 2861 1711 2916 hominem.
1893 2852 2146 2911 Plurimis
2196 2868 2322 2909 vero
2366 2856 2696 2926 argumentis
2735 2855 2915 2927 colligi
2970 2864 3148 2927 potest
3177 2867 3411 2916 aeternas

113 2952 230 3010 Hoc
259 2953 355 3024 qui
381 2968 488 3008 non
517 2950 681 3021 videt,
708 2966 813 3009 non
843 2954 1068 3007 multum
1090 2952 1300 3008 distata
1331 2952 1554 3023 pecude.
1585 2952 1716 3020 Quis
1817 2963 1939 3004 esse
1981 2950 2207 3005 animas.
2251 2949 2403 3003 Plato
2447 2950 2552 3013 ait,
2605 2950 2747 3020 quod
2793 2960 2886 3017 per
2934 2951 3169 3022 seipsum
3199 2966 3414 3024 semper

115 3046 318 3102 coelum
343 3044 731 3115 suSpicit,nisi
763 3043 961 3098 homo?
1005 3044 1124 3113 quis
1173 3044 1377 3110 solem,
1405 3045 1526 3114 quis
1546 3053 1709 3109 astra,
1817 3053 2083 3110 movetur,
2138 3056 2312 3113 neque
2367 3044 2689 3115 principium
2741 3053 2918 3100 motus
2984 3045 3186 3111 habet,
3235 3049 3395 3102 etiam

113 3139 238 3208 quis
266 3138 447 3192 omnia
477 3137 570 3192 Dei
592 3151 755 3206 opera
782 3138 1040 3201 miratur,
1065 3136 1167 3191 nisi
1202 3136 1399 3191 homo?
1436 3135 1567 3204 Quis
1588 3135 1715 3191 colit
1818 3138 1979 3193 linem
2026 3148 2133 3192 non
2177 3136 2379 3193 habere
2419 3154 2432 3190 :
2475 3137 2714 3192 animum
2758 3146 2941 3192 autem
2969 3138 3203 3194 hominis
3230 3155 3323 3209 per
3350 3155 3410 3196 se

115 3230 356 3287 terram?
421 3230 542 3300 quis
590 3243 657 3283 ex
704 3242 766 3283 ea
812 3225 1043 3282 fructum
1092 3226 1269 3297 capit?
1312 3226 1443 3293 Quis
1497 3228 1713 3298 navigat
1737 3248 1783 3311 ρ
1816 3244 2030 3300 semper
2060 3231 2295 3295 moveri,
2320 3230 2409 3299 qui
2441 3230 2564 3300 quia
2592 3230 2662 3284 sit
2687 3228 2752 3284 ad
2790 3229 3127 3300 cogitandum
3158 3224 3405 3297 mobilis,

114 3325 306 3380 mare?
348 3324 477 3392 Quis
503 3324 698 3392 pisces,
726 3321 845 3391 quis
878 3321 1144 3387 volatilia,
1174 3322 1294 3391 quis
1330 3320 1706 3390 quadrupedes

112 3415 275 3470 habet
306 3416 360 3469 in
394 3421 675 3485 potestate,
708 3414 806 3467 nisi
842 3412 1040 3466 homo?
1068 3412 1272 3466 Cuncta
1301 3410 1458 3482 igitur
1490 3421 1709 3481 propter

113 3506 393 3562 hominem
449 3504 589 3560 Deus
642 3503 803 3568 fecit,
874 3503 998 3573 quia
1072 3500 1190 3558 usui
1234 3502 1468 3557 hominis
1517 3511 1707 3558 cuncta

110 3611 351 3665 cessere.
1394 3594 1397 3599 '

181 3687 446 3742 Viderunt
475 3686 577 3741 hoc
601 3684 904 3755 philosophi
930 3702 943 3739 :
967 3680 1060 3739 sed
1090 3683 1224 3739 illud
1265 3684 1408 3753 quod
1465 3685 1709 3755 sequitur

108 3793 213 3834 non
242 3779 539 3847 viderunt,
579 3776 720 3850 quod
767 3777 940 3847 ipsum
969 3775 1239 3830 hominem
1266 3783 1487 3846 propter
1534 3790 1594 3830 se
1625 3774 1706 3831 ie—

1813 3324 1880 3378 ad
1920 3324 2302 3379 inveniendum
2358 3324 2567 3389 solers,
2617 3322 2683 3378 ad
2736 3324 3140 3393 percipiendum
3191 3324 3401 3391 facilis,

1812 3415 1877 3469 ad
1902 3414 2216 3469 discendum
2243 3426 2431 3484 eamx,
2460 3423 2513 3468 et
2547 3416 2670 3484 quia
2714 3415 2978 3483 praeterita
3024 3424 3223 3482 teneat,
3280 3430 3407 3487 pra»

1811 3508 1984 3562 sentis
2048 3506 2504 3576 cotnprehendat,
2576 3504 2752 3560 futura
2804 3506 3128 3575 prOSpiciat,
3206 3508 3403 3561 multa-

1811 3612 2039 3667 rumque
2088 3612 2269 3654 rerum
2314 3608 2370 3652 et
2415 3597 2610 3653 artium
2674 3598 2953 3652 scientiam
3001 3589 3401 3668 complectatur

1810 3688 2167 3760 immortalem
2237 3703 2389 3753 esse;
2442 3687 2704 3758 siquidem
2756 3687 2887 3741 nihil
2952 3687 3145 3742 habeat
3216 3690 3271 3743 in
3342 3702 3405 3744 se

1811 3782 2007 3836 terreni
2083 3780 2331 3852 ponderis
2398 3780 2519 3836 labe
2592 3788 2921 3834 concretum.
2989 3779 3256 3834 Praeterea
3325 3794 3390 3834 ex

1492 3888 1855 3953 VARIORUM
1894 3890 2129 3953 NOTAE.

181 3989 274 4046 Se.
306 3988 422 4044 Non
453 3996 599 4043 extat
624 3988 675 4042 in
707 4002 808 4043 ms.
838 3986 1055 4041 Taurin.

180 4061 205 4114 1
216 4061 549 4114 mmerserint.
575 4058 663 4114 Sic
680 4058 924 4123 Taurin.,
955 4058 1187 4123 Bonum,
1208 4057 1366 4127 Reg.,
1389 4055 1478 4111 ed.
1509 4054 1680 4123 Crat.,

106 4130 173 4187 Is.
205 4132 262 4185 In
294 4129 506 4186 caeteris
523 4129 636 4191 ed.,
668 4130 990 4182 immiserint.

1877 3987 2121 4048 Tantum.
2151 3986 2226 4045 Ita
2254 4005 2383 4046 mss.
2415 3990 2657 4054 Taurin.,
2690 3990 2825 4060 Reg.
2857 3996 2912 4045 et
2937 4003 3128 4045 omnes
3156 3988 3273 4047 fere
3302 3991 3393 4049 ed.

1808 4059 1864 4114 In
1896 4076 1994 4115 ms.
2036 4064 2241 4118 Bonon.
2274 4072 2441 4117 tantos
2466 4063 2543 4116 illi
2569 4059 2804 4117 honores.

1875 4130 2101 4188 Tantum
2122 4134 2315 4188 dederit
2342 4133 2627 4203 potestatis.
2662 4130 2797 4186 Editi
2829 4130 3012 4203 legunt
3037 4174 3051 4198 ,
3078 4132 3274 4187 tantum
3312 4133 3395 4190 illi

180 4200 329 4276 Esse.
363 4201 438 4254 ita
463 4215 588 4254 mss.
613 4198 801 4261 Taur.,
842 4201 998 4276 Bon”
1037 4198 1125 4276 ed.
1157 4196 1230 4253 Is.
1256 4192 1452 4253 Cameri
1476 4194 1605 4253 editi
1626 4198 1701 4252 ci-
1803 4207 2065 4276 potestatis
2092 4192 2352 4259 tribuerit:
2370 4204 2539 4276 Abest
2565 4196 2643 4256 illi
2661 4220 2696 4276 ει
2728 4218 2855 4257 mss.
2881 4192 3119 4270 Bonna,
3148 4203 3281 4276 Reg.

108 4281 185 4325 tra
213 4272 418 4327 habent
463 4284 558 4335 pro
584 4285 727 4331 esse;
758 4285 858 4324 ms.
888 4269 1018 4335 Reg.
1049 4269 1206 4321 circa.

178 4290 185 4324 ι
214 4285 418 4327 nanent
463 4285 558 4335 pro
584 4285 727 4331 esse;
758 4285 858 4324 ms.
888 4285 965 4324 ne
1005 4309 1018 4323 .
1049 4285 1206 4321 Circa.

178 4342 418 4397 Summa.
452 4342 526 4396 Ita
549 4346 679 4394 mss.
710 4340 840 4393 Βοιι.
869 4349 920 4393 et
951 4285 1172 4392 'gaurin.
1197 4353 1259 4392 ac
1285 4338 1318 4393 5
1338 4334 1502 4403 editi;
1546 4348 1601 4392 et
1620 4337 1698 4393 sic

108 4415 306 4536 passim
317 4414 472 4536 ὲ]ίόᾳυὶ
500 4422 644 4466 amat
662 4410 988 4465 Lactantius.
1007 4410 1138 4479 Reg.
1157 4407 1292 4463 etii
1318 4407 1405 4462 ed.
1428 4409 1695 4461 sententia.

237 4500 281 4536 e.
402 4523 415 4536 .
446 4499 557 4536 nec.

237 4500 281 4536 e.
317 4484 415 4537 Ed.
446 4499 557 4536 nec.

176 4552 501 4608 Rationibus.
534 4554 609 4609 Ita
637 4551 884 4620 Taurin.,
911 4551 1120 4606 Bonon.
1154 4547 1210 4603 In
1232 4546 1346 4615 ed.,
1369 4544 1696 4619 ﬁctionibus;

106 4622 158 4677 in
182 4639 284 4679 ms.
321 4624 474 4693 Reg.,
508 4623 836 4694 factionibus.

172 4690 464 4765 Agnoscunt
484 4690 579 4760 {in
607 4711 706 4763 quo
734 4706 805 4747 est
833 4692 1113 4765 sapientia:
1140 4698 1442 4765 agnoscunt.
1478 4690 1700 4765 Egregie

106 4762 175 4816 ita
219 4759 298 4820 ἐκ
348 4759 568 4819 Taurin.
618 4759 836 4818 i’iaitius
881 4759 1128 4817 lacunam
1174 4759 1456 4828 explevit;
1489 4759 1695 4816 nam'in

107 4836 351 4889 omnibus
375 4845 500 4891 ante
525 4834 682 4890 editis
707 4835 892 4895 verba,
913 4835 968 4886 in
989 4849 1087 4903 quo
1114 4842 1187 4887 est
1215 4832 1468 4900 sapientia
1490 4872 1509 4900 ,
1536 4847 1697 4902 agno-

107 4916 279 4971 scunt,
307 4906 766 4963 desiderabantur.
808 4904 942 4959 BDN.

175 4974 526 5047 Inquo.......
550 4986 633 5047 ut.
652 4977 928 5047 Desuntin
955 4972 1043 5029 ed.

175 5045 474 5101 .Ettrnunt.
508 5048 565 5101 in
594 5046 686 5101 Ms.
719 5046 938 5101 Taurin.
970 5053 1180 5101 teterno.

176 5114 313 5170 Sint.
345 5117 565 5172 Taurin.
597 5132 696 5171 ms.
731 5126 865 5170 sunt.

174 5185 539 5257 Inspiciamus.
570 5188 667 5240 Ms.
690 5187 915 5257 RegLet
948 5185 1062 5257 ed.,
1085 5184 1446 5256 inspiciuntur.

177 5255 402 5328 Quoque.
431 5258 591 5313 Deest
612 5257 669 5312 in
687 5272 796 5328 gms.
827 5255 1047 5311 Taurin.

175 5325 330 5397 Ratio
364 5330 622 5382 subsistat.
657 5327 792 5382 Vide
838 5337 951 5381 not.
993 5327 1062 5381 ad
1088 5327 1125 5380 ι.
1157 5341 1261 5388 vn,
1286 5338 1405 5397 cap.
1435 5325 1492 5381 '5.
1521 5325 1691 5386 Recte

108 5394 401 5452 Piaiiiusin
428 5401 567 5454 notis
594 5398 660 5453 ad
691 5414 776 5453 me
804 5397 1005 5462 missis,
1027 5397 1296 5463 subsistat,
1315 5394 1686 5454 idestconstet.

174 5464 332 5537 Ergo.
370 5468 530 5523 Deest
557 5470 607 5522 in
636 5484 735 5522 ms.
765 5467 986 5522 Taurin.

176 5536 378 5591 ()tttnia.
407 5539 566 5592 Deest
591 5539 641 5593 in
673 5539 760 5594 ed.

177 5604 429 5662 Hominis.
464 5610 519 5662 In
547 5609 635 5663 ed.
668 5609 950 5663 hominum.

186 5674 441 5751 Ziderunt.
467 5678 525 5732 ln
548 5678 637 5751 ed.
666 5691 799 5734 recte
829 5695 951 5751 ergo
978 5679 1073 5751 hoc
1100 5679 1340 5751 uiderunt
1371 5678 1680 5750 philosophi.

176 5744 342 5802 Tanta
381 5765 556 5820 opera.
586 5749 677 5805 Sic
708 5744 949 5817 mss.;'at
992 5750 1147 5816 editi,
1165 5744 1626 5819 tantam'operatn;
1654 5753 1680 5807 1

112 5811 235 5887 Reg.
246 5859 262 5888 ,
291 5811 445 5877 totam
458 5835 686 5889 operam.

1874 4273 1962 4326 In.
1994 4276 2153 4329 Deest
2172 4277 2225 4329 in
2253 4275 2412 4329 ed.et
2442 4274 2495 4328 in
2526 4287 2626 4326 ms.
2658 4273 2791 4340 Reg.

1873 4341 2177 4399 Dominetur
2224 4344 2437 4397 mundo.
2491 4344 2727 4407 Bonum,
2751 4342 2999 4407 Taurin.,
3026 4343 3178 4398 Plali'.
3207 4355 3262 4399 et
3292 4346 3393 4401 Da-

1801 4412 1993 4479 visius,
2050 4416 2342 4469 dominetur
2368 4415 2422 4466 in
2472 4413 2683 4484 mundo,
2734 4412 3023 4478 prmfernnt
3058 4431 3070 4465 :
3103 4424 3158 4467 at
3203 4417 3393 4484 reliqui

1804 4499 1991 4540 ornues
2029 4495 2084 4541 et
2131 4486 2492 4545 lieumannus.
2526 4483 2811 4553 dominetur
2838 4485 3046 4547 mundo,
3073 4484 3238 4553 quod,
3271 4483 3393 4552 quia

1805 4554 1964 4609 latius
1999 4565 2175 4627 patet,
2211 4555 2455 4627 ριηιηιιιὶ.Δ
2482 4552 2545 4627 L.
2591 4569 2662 4607 vn
2694 4550 2952 4627 Institut.,
2985 4550 3106 4627 cap:
3140 4560 3169 4608 4
3202 4576 3214 4609 :

1802 4623 2016 4698 tantque
2031 4630 2108 4698 illi
2133 4623 2340 4698 honoris
2368 4623 2559 4698 tribuit,
2579 4634 2633 4678 ut
2653 4623 2932 4694 praeﬁceret
2957 4626 3224 4681 universis.
3255 4625 3389 4682 Bon.

3253 4554 3391 4609 Tun-

1872 4695 2059 4753 Deum.
2090 4697 2147 4752 In
2168 4697 2256 4753 ed.
2289 4696 2582 4750 Dominum.

1875 4767 1941 4839 Et
1968 4770 2151 4839 ipsum.
2178 4770 2338 4839 Deest
2366 4768 2420 4820 in
2448 4766 2533 4821 ed.

1873 4836 2105 4909 Pietatis.
2138 4841 2234 4894 Ms.
2267 4837 2400 4909 Reg.
2425 4848 2479 4893 et
2503 4836 2617 4903 ed.,
2649 4837 2929 4908 potestatis.

1869 4908 2016 4962 Esse.
2050 4909 2146 4964 Ms.
2174 4911 2304 4977 Reg.
2338 4908 2394 4965 et
2421 4909 2536 4976 ed.,
2565 4918 2658 4963 est.

1872 4979 2044 5044 Quod.
2078 4984 2143 5034 At
2169 4981 2223 5036 in
2250 4981 2469 5035 Taurin.
2498 4995 2622 5043 ms.,
2653 4978 2794 5044 quid.

1875 5049 2085 5123 Incidit,
2113 5061 2219 5106 etc.
2243 5052 2317 5105 Ita
2344 5066 2474 5105 mss.
2496 5049 2913 5123 Taur.,Bon_.et
2939 5048 3164 5120 ed.,ls.,
3187 5052 3382 5123 Spark.

1794 5114 1989 5175 Caneri
2021 5114 2135 5187 ed.,
2164 5123 2343 5176 incidit
2365 5123 2417 5175 in
2441 5122 2592 5175 totius
2625 5122 2697 5174 rei
2726 5119 3007 5176 veritatem.

1866 5188 2022 5258 Casu,
2047 5209 2151 5246 non
2184 5196 2397 5247 ratione.
2430 5188 2487 5245 in
2521 5207 2621 5246 ms.
2651 5191 2783 5261 Reg.
2803 5199 2858 5244 et
2891 5190 3004 5261 ed.,
3029 5210 3153 5248 casu
3180 5195 3248 5249 ad
3276 5212 3386 5250 eam

1795 5264 2124 5333 tton‘ratione
2144 5276 2458 5333 pervenerat.

1868 5330 1989 5387 Nisi
2010 5330 2267 5388 invisibili.
2301 5333 2462 5389 Deest
2500 5333 2552 5387 in
2593 5347 2694 5387 ms.
2719 5330 3059 5389 Taurinensi.

1866 5401 2039 5457 Plato.
2072 5402 2131 5458 In
2155 5405 2412 5474 Piuedon.
2435 5403 2574 5474 apud
2600 5402 2917 5474 Ciceronem
2950 5420 2968 5459 ι
2994 5404 3215 5463 Tuscul.
3240 5414 3296 5463 et
3332 5407 3386 5462 in

1793 5470 1983 5530 Somn.
2005 5475 2149 5544 Scip.
2182 5486 2236 5544 et
2259 5475 2321 5529 ad
2352 5470 2511 5530 ﬁnem
2539 5476 2731 5530 Caton.
2766 5472 2961 5541 major.

1865 5543 1985 5609 Qui.
2022 5538 2182 5600 Deest
2208 5538 2259 5600 in
2288 5545 2467 5600 editis.

1860 5615 2192 5685 Discendmn.
2226 5619 2292 5670 At
2322 5617 2377 5670 in
2399 5615 2620 5673 'l'auriu.
2644 5632 2774 5685 ms.,
2803 5616 3096 5675 dicendum.

1859 5684 1929 5757 ξι
1959 5688 2095 5755 quia.
2124 5686 2181 5741 in
2212 5686 2324 5751 ed.,
2354 5689 2537 5757 utqui.
2762 5684 2766 5685 ν
2840 5746 2865 5757 ε,

1859 5749 2068 5837 Ter-feni
2098 5749 2336 5837 ponderis
2376 5749 2867 5837 ἰαόε-οοηςναιιίηιξ
2892 5764 2966 5819 Ita
2999 5780 3209 5837 quoque
3241 5763 3380 5821 Ven.

1789 5825 1880 5893 93,
1915 5826 2074 5895 M97,
2098 5825 2267 5896 Pier.,l
2295 5826 2471 5897 Crat,
2502 5830 2697 5898 BetuL,
2741 5832 2939 5907 Paris.,
2969 5825 3380 5908 Thomas.;_sed
