3816 6264
355 268 368 276 '
420 283 566 344 i087

1713 301 1900 361 FIRM.
1943 303 2310 367 LACTANTII

3581 330 3698 389 ί(ίὸῑέ

415 403 613 461 virtute
667 417 730 460 ac
778 406 1052 478 voluptate
1099 408 1413 485 intelligitur
1467 417 1744 474 :eternitas
1786 420 1999 477 animm.
2030 421 2085 485 Α
2110 426 2400 484 mationem
2431 443 2611 487 rerum
2645 431 2761 489 ﬁeri
2801 447 3020 494 necesse
3058 447 3182 506 est,
3248 447 3313 493 ut
3363 437 3646 497 innovatur
3676 462 3697 500 a

415 494 672 567 Voluptas
695 498 948 556 omnibus
985 511 1070 559 est
1117 507 1418 563 communis
1463 510 1815 578 animalibus;
1844 514 2012 571 virtus

411 591 578 648 solius
625 599 709 648 est
757 593 1032 653 hominis:
1080 599 1168 654 illa
1196 601 1386 657 vitiosa
1422 613 1525 669 est,
1576 604 1692 662 hazc
1747 606 2007 674 honesta;

408 684 500 741 illa
526 687 818 742 secundum
863 701 1138 762 naturam,
1193 695 1309 751 haec
1355 697 1578 754 adversa
1613 709 1858 767 naturae,
1908 704 2010 758 nisi

407 775 588 832 anima
640 777 962 837 immortalis
1009 793 1110 840 est.
1161 785 1342 843 Virtus
1399 791 1542 845 enim
1616 807 1714 862 pro
1781 793 1886 849 ﬁde
1956 803 2011 850 et

407 880 508 942 pro
531 868 739 938 justitia
765 887 864 929 nec
885 884 1180 945 egestatem
1213 880 1383 947 timet,
1410 896 1511 938 nec
1537 885 1754 939 exilium
1782 888 2005 955 metuit,

406 972 509 1016 nec
537 973 810 1018 carcerem
841 965 1228 1036 perhorrescit,
1261 986 1368 1027 nec
1396 972 1640 1029 dolorem
1671 977 2003 1044 reformidat,

405 1063 509 1108 nec
553 1062 781 1110 mortem
835 1069 1089 1115 recusat:
1147 1077 1267 1133 qua:
1317 1065 1442 1134 quia
1487 1075 1692 1123 natura;
1737 1073 2007 1127 contraria

404 1153 551 1210 sunt,
591 1155 684 1202 aut
711 1149 937 1205 stultitia
971 1162 1055 1209 est
1073 1153 1263 1219 virtus,
1289 1158 1332 1211 si
1357 1167 1411 1212 et
1435 1162 1716 1216 commoda
1748 1163 2004 1234 impedit,

404 1243 460 1293 et
487 1238 610 1294 vita:
641 1250 836 1308 nocet;
864 1253 956 1298 aut
999 1246 1044 1300 si
1085 1247 1311 1304 stultitia
1362 1266 1472 1306 non
1527 1262 1639 1320 est,
1669 1270 1796 1326 ergo
1823 1258 2004 1313 anima

405 1329 728 1388 immortalis
757 1345 860 1403 est,
896 1345 950 1393 et
977 1338 1099 1395 ideo
1152 1345 1437 1410 praesentia
1485 1345 1623 1401 bona
1669 1352 1995 1417 contemnit,

402 1422 527 1492 quia
553 1434 678 1487 sunt
707 1425 810 1480 alia
840 1429 1070 1498 potiora,
1101 1447 1222 1502 quae
1269 1443 1391 1504 post
1430 1436 1837 1495 dissolutionem
1879 1457 2004 1497 cor-

401 1513 549 1582 poris
571 1516 656 1570 sui
695 1529 1034 1590 assequatur.
1094 1523 1228 1578 Illud
1276 1531 1441 1581 etiam
1493 1530 1789 1587 maximum
1836 1548 2000 1605 argu-

399 1615 640 1664 mentum
700 1609 1151 1681 immortalitatis,
1219 1619 1361 1688 quod
1414 1620 1582 1677 Deum
1631 1624 1779 1680 solus
1834 1627 1998 1683 homo

397 1699 656 1766 agnoscit.
682 1700 740 1756 In
771 1705 934 1758 mutis
958 1705 1103 1761 nulla
1144 1709 1378 1780 suspicio
1409 1715 1686 1785 religionis
1733 1729 1836 1784 est,
1871 1723 1994 1791 quia

2119 516 2232 572 Deo
2260 521 2510 576 mundus.
2545 522 2601 577 Id
2634 539 2764 580 vero
2794 535 3002 598 tempus
3031 530 3082 584 in
3112 531 3378 601 proximo
3405 541 3493 588 est
3513 575 3529 599 ,
3557 549 3698 604 quan-

2116 618 2228 665 tum
2259 611 2326 668 de
2353 629 2579 670 numero
2608 632 2896 684 annorum,
2950 620 3123 693 deque
3145 625 3348 695 signis,
3395 639 3522 696 qua:
3570 642 3698 698 pra:-

2111 703 2254 760 dicta
2284 718 2409 763 sunt
2435 725 2464 764 a
2497 712 2805 782 prophetis,
2839 714 3015 782 colligi
3045 727 3246 788 potest.
3277 717 3395 775 Sed
3443 733 3567 774 cum
3620 722 3698 778 sint

2111 795 2544 868 innumerabilia,
2573 819 2690 873 quae
2725 805 2795 859 de
2826 804 2931 860 ﬁne
2979 809 3200 876 smculi,
3252 818 3310 864 et
3369 810 3698 868 conclusione

2113 897 2412 962 temporum
2441 894 2582 951 dicta
2614 906 2758 960 sunt,
2791 913 2854 954 ea
2903 900 3016 970 ipsa
3062 917 3184 972 qua:
3234 903 3537 969 dicuntur,
3587 907 3697 960 nuda

2110 983 2352 1052 ponenda
2403 995 2564 1051 sunt,
2614 989 2867 1058 quoniam
2919 1001 2976 1046 ut
3016 994 3340 1049 testimoniis
3369 1005 3595 1050 utamur
3617 999 3697 1052 im-

2109 1090 2354 1132 mensum
2383 1088 2486 1134 est.
2518 1081 2576 1136 Si
2607 1085 2727 1152 quis
2753 1083 2840 1138 illa
2871 1083 3162 1150 desiderat,
3195 1096 3288 1141 aut
3334 1088 3500 1142 nobis
3547 1089 3694 1145 minus

2109 1167 2305 1234 credit,
2359 1170 2517 1227 adeat
2577 1173 2644 1228 ad
2674 1174 2847 1242 ipsum
2892 1178 3191 1232 sacrarium
3221 1180 3539 1234 caelestium
3571 1181 3695 1238 litte-

2109 1275 2316 1327 rarum,
2345 1278 2572 1334 quarum
2611 1265 2718 1322 ﬁde
2741 1267 3054 1324 instructior
3103 1281 3318 1326 errasse
3367 1273 3694 1345 philosophos

2107 1354 2326 1420 sentiat,
2355 1356 2443 1425 qui
2471 1366 2562 1411 aut
2589 1367 2848 1414 aeternum
2904 1375 3026 1416 esse
3072 1361 3219 1418 hunc
3266 1365 3574 1431 mundum,
3618 1380 3690 1423 aut

2109 1442 2314 1498 inﬁnita
2365 1460 2486 1502 esse
2535 1461 2799 1503 annorum
2861 1451 3029 1505 millia
3086 1461 3435 1523 putaverunt,
3495 1470 3560 1510 ex
3603 1474 3689 1527 quo

2109 1533 2272 1590 fuerit
2301 1536 2611 1594 instructus.
2643 1539 2892 1596 Nondum
2922 1543 3063 1598 enim
3106 1560 3201 1600 sex
3245 1546 3413 1600 millia
3443 1549 3686 1617 completa

2107 1636 2252 1691 sunt,
2287 1643 2392 1697 quo
2419 1645 2641 1688 numero
2667 1645 3077 1701 consummato,
3114 1645 3244 1690 tunc
3270 1636 3490 1692 demum
3513 1639 3686 1694 malum

2106 1731 2268 1774 omne
2297 1721 2534 1788 tolletur,
2579 1732 2638 1777 ut
2689 1733 2878 1795 regnet
2925 1726 3036 1781 sola
3090 1727 3322 1797 iustitia.
3379 1727 3530 1796 Quod
3573 1746 3686 1800 qua-

398 1798 609 1845 terrcna
649 1803 801 1862 sunt,
852 1796 906 1850 in
953 1805 1257 1870 terramque
1307 1815 1592 1872 prostrata.
1639 1808 1811 1865 Homo
1860 1812 1984 1869 ideo
2017 1805 2067 1866 B
2097 1819 2253 1869 tenus
2280 1823 2602 1870 eventurum
2631 1817 2720 1883 sit,
2757 1818 2938 1887 paucis
2967 1819 3273 1890 explicabo.

397 1890 577 1938 rectus
607 1885 797 1955 aspicit
825 1889 1045 1958 ctelum,
1095 1900 1152 1947 ut
1180 1893 1346 1951 Deum
1380 1909 1605 1967 quaerat.
1651 1901 1766 1957 Non
1820 1914 2000 1974 potest

397 1976 558 2048 igitur
583 1996 686 2037 non
716 1997 837 2041 esse
865 1986 1208 2058 immortalis,
1239 1993 1329 2061 qui
1387 1995 1744 2053 immortalem
1777 1998 1993 2057 deside-

396 2081 500 2128 rat.
550 2073 666 2130 Non
713 2085 893 2147 potest
937 2095 1059 2136 esse
1107 2083 1386 2149 solubilis,
1439 2089 1531 2157 qui
1588 2104 1711 2145 cum
1778 2091 1890 2148 Deo
1946 2102 2000 2148 et

396 2165 569 2231 vultu,
601 2175 656 2221 et
681 2178 862 2224 mente
882 2174 1187 2228 communis
1207 2183 1309 2229 est.
1337 2177 1577 2247 Denique
1629 2182 1838 2236 caelesti
1888 2185 1997 2240 ele-

396 2263 602 2324 mento,
637 2258 780 2328 quod
811 2269 894 2315 est
925 2261 1083 2330 ignis,
1118 2263 1280 2320 homo
1327 2268 1478 2324 solus
1525 2271 1712 2327 utitur.
1764 2273 1819 2329 Si
1851 2277 1996 2333 enim

395 2346 486 2401 lux
534 2363 632 2419 per
687 2352 887 2420 ignem,
915 2354 1021 2408 vita
1076 2371 1171 2426 per
1205 2358 1399 2426 lucem,
1456 2374 1678 2432 apparet
1709 2381 1830 2422 eum
1853 2409 1867 2433 ,
1901 2370 1990 2440 qui

394 2451 550 2492 usum
592 2440 730 2510 ignis
783 2441 984 2512 habet,
1040 2462 1146 2502 non
1197 2465 1320 2506 esse
1369 2454 1683 2523 mortalem,
1742 2460 1996 2529 quoniam

394 2527 448 2583 id
477 2529 553 2585 illi
588 2533 888 2602 proximum
916 2579 930 2604 ,
977 2537 1029 2593 id
1083 2539 1345 2598 familiare
1395 2553 1515 2614 est,
1569 2548 1686 2606 sine
1733 2527 1841 2622 quo
1888 2568 1996 2610 non

393 2629 605 2690 potest,
637 2640 740 2681 nec
765 2627 877 2693 lux,
912 2645 1014 2686 nec
1041 2632 1148 2687 vita
1176 2647 1453 2694 constare.

465 2714 570 2770 Sed
595 2717 722 2787 quid
745 2723 1075 2790 argumentis
1100 2725 1405 2796 colligimus
1437 2739 1668 2787 aeternas
1707 2749 1830 2791 esse
1874 2739 1998 2799 anis

401 2821 550 2873 ntas,
609 2808 734 2863 cum
783 2810 1079 2870 habeamus
1154 2819 1457 2874 testimonia
1505 2822 1722 2879 divina?
1760 2826 1815 2882 Itl
1851 2829 1992 2885 enim

391 2911 561 2954 sacra:
589 2899 784 2956 littera:
825 2917 888 2958 ac
941 2920 1105 2962 voces
1161 2910 1545 2981 prophetarum
1591 2915 1807 2975 docent.
1841 2920 1994 2988 Quod

391 2992 552 3047 sicui
605 3008 792 3064 parum
846 2998 1095 3066 videtur,
1147 3001 1291 3073 legat
1338 3007 1574 3062 carmina
1627 3010 1990 3084 Sibyllarum,

391 3085 660 3154 Apollinis
711 3105 927 3160 quoque
990 3091 1183 3149 Milesii
1240 3111 1497 3167 responsa
1542 3103 1879 3171 consideret;
1934 3118 1990 3163 ut

391 3178 652 3250 intelligat
699 3182 963 3241 delirasse
1011 3185 1411 3258 Democritum,
1474 3201 1527 3247 et
1578 3193 1890 3265 Epicurum,
1931 3209 1986 3256 et
2017 3178 2061 3240 Ο

393 3269 784 3338 Dicaearchum,
817 3277 908 3346 qui
938 3277 1039 3332 soli
1068 3280 1306 3335 omnium
1341 3284 1668 3353 mortalium,
1721 3289 1859 3357 quod
1902 3301 1986 3347 est

388 3363 634 3429 evidens,
667 3378 1020 3436 negaverunt.
1056 3370 1383 3430 Confirmata
1427 3376 1854 3448 immortalitate,
1900 3397 1991 3438 su-

389 3467 570 3524 perest
599 3456 795 3513 docere
815 3500 830 3524 ,
879 3474 908 3513 a
939 3476 1045 3530 quo
1071 3503 1086 3528 ,
1117 3471 1174 3518 et
1197 3465 1392 3535 quibus
1411 3508 1426 3534 ,
1482 3477 1538 3524 et
1562 3474 1831 3540 quomodo
1855 3518 1870 3542 ,
1926 3486 1983 3532 et

387 3547 604 3618 quando
655 3549 964 3608 tribuatur?
993 3553 1124 3609 Cum
1151 3567 1300 3612 certa
1327 3568 1380 3614 et
1402 3563 1698 3621 constituta
1725 3566 1987 3627 divinitus

388 3648 631 3714 tempora
678 3637 935 3721 compleri
985 3652 1283 3724 cmperint,
1339 3656 1618 3716 interitum
1647 3671 1702 3718 et
1729 3678 1986 3719 consum-

2538 1929 2763 1987 CAPUT
2807 1931 2993 2002 LXXI,
3026 1934 3158 1989 alios
3188 1934 3284 1989 x1.

2457 2049 2586 2110 (Lib.
2615 2066 2678 2101 vn
2701 2052 2847 2117 Inst.,
2869 2069 2913 2106 c.
2940 2056 3016 2114 15,
3042 2056 3119 2117 16,
3152 2057 3231 2118 Π,
3258 2058 3358 2120 l9.)

2528 2161 2606 2217 De
2642 2167 2910 2232 postremis
2937 2169 3272 2237 temporibus.

2179 2273 2303 2329 litec
2341 2289 2368 2328 a
2395 2277 2694 2347 prophetis,
2724 2279 2816 2334 sed
2846 2290 2902 2335 ut
2929 2282 3162 2348 vatibus,
3196 2283 3386 2338 futura
3434 2283 3676 2341 dicuntur.

2099 2367 2233 2422 Cum
2300 2371 2524 2438 coeperit
2586 2373 2786 2428 mundo
2849 2374 2969 2429 ﬁnis
3012 2376 3240 2432 ultimus
3291 2378 3675 2448 propinquare,

2099 2461 2298 2516 malitia
2327 2462 2832 2530 invalescet,omnia
2862 2468 3114 2523 vitiorum
3135 2479 3189 2525 et
3221 2468 3478 2525 fraudum
3505 2486 3674 2541 genera

2097 2554 2466 2623 crebrescent,
2485 2557 2688 2626 justitia
2713 2558 2969 2624 interibit;
2990 2559 3144 2628 ﬁdcs,
3165 2577 3296 2631 pax,
3315 2561 3674 2628 misericordia,

2097 2647 2290 2716 pudor,
2323 2649 2522 2704 veritas
2567 2665 2673 2705 non
2721 2651 2855 2716 erit;
2899 2653 2981 2706 vis
3008 2663 3063 2708 et
3101 2654 3333 2711 audacia
3366 2656 3677 2724 prmralebit;

2098 2753 2257 2811 nemo
2282 2739 2572 2814 qttidquam
2620 2741 2859 2818 habebit,
2901 2744 3005 2820 nisi
3045 2745 3186 2800 male
3234 2755 3484 2816 parturn,
3521 2765 3680 2828 manu-

2067 2846 2201 2907 que
2228 2833 2528 2913 defensum.
2563 2816 2632 2892 Si
2653 2816 2948 2906 quierunt
2965 2837 3114 2902 boni,
3146 2840 3355 2910 praeda:
3382 2856 3446 2896 ac
3469 2824 3674 2897 ludibrio

2098 2911 2486 2981 habebuntur.
2517 2926 2686 3001 _N_emo
2719 2929 2982 3006 pietatem
3024 2931 3347 3007 parentibus
3399 2932 3676 2996 exhibebit.

2098 3031 2254 3071 nemo
2285 3017 2503 3074 infantis
2541 3028 2634 3074 aut
2670 3021 2816 3076 senis
2844 3008 3194 3077 miserebitur
3230 3009 3246 3080 ἒ
3280 3012 3598 3080 άήθτίιὶςῗει
3630 3027 3679 3080 li-

2096 3109 2508 3182 bidouniversa
2546 3122 2875 3184 corrumpet.
2905 3115 3075 3169 Erunt
3113 3115 3298 3170 caedes
3339 3127 3397 3170 et
3427 3119 3676 3184 sanguinis

2095 3202 2404 3259 effusiones.
2425 3205 2591 3259 Erunt
2618 3205 2774 3272 bella,
2797 3221 2901 3258 non
2926 3205 3085 3259 modo
3116 3217 3344 3261 externa
3374 3217 3430 3262 et
3457 3209 3673 3274 ﬁnitima,

2093 3313 2277 3353 verum
2307 3299 2470 3353 etiam
2511 3298 3067 3354 intestina.Civitates
3113 3299 3259 3355 inter
3303 3315 3366 3355 se
3413 3301 3671 3371 belligera-

2094 3389 2267 3444 bunt:
2303 3391 2479 3444 omnis
2503 3405 2663 3445 sexus
2691 3399 2744 3445 et
2785 3390 2962 3444 omnis
3004 3400 3136 3446 actas
3177 3406 3330 3446 arma
3377 3393 3676 3446 tractabant.

2091 3479 2208 3534 Non
2234 3479 2445 3548 imperii
2469 3472 2710 3548 dignitas
2750 3479 3179 3547 conservabitur,
3205 3496 3316 3535 non
3351 3481 3678 3539 militizcdis.

2092 3571 2286 3640 ciplina
2329 3589 2342 3624 :
2389 3571 2484 3624 sed
2518 3586 2668 3626 more
2709 3572 2974 3626 latrocinii
3019 3571 3360 3642 deprzcdatio
3387 3581 3439 3628 et
3480 3575 3677 3627 vastitas

2094 3662 2202 3718 ﬁet.
2233 3661 2475 3732 Regnum
2523 3663 2999 3733 multiplicabitur,
3041 3674 3096 3720 et
3149 3665 3340 3720 decem
3393 3666 3485 3721 viri
3531 3679 3674 3720 occuo

1722 3755 1806 3811 VA
1815 3755 2080 3815 RIORUM
2118 3753 2322 3811 NOTAE

383 3835 651 3916 gellarius
692 3856 812 3896 cum
856 3844 992 3916 Yen.
1043 3854 1268 3916 utraque
1309 3846 1469 3913 H78,
1522 3848 1763 3912 Gallam,
1824 3852 1977 3916 lsreo,

383 3906 600 3990 Sparjc,
631 3913 745 3990 imo
766 3925 818 3968 et
847 3906 1224 3990 Bonon._Ms.':
1257 3917 1321 3972 de
1359 3906 1542 3973 terreni
1569 3906 1810 3990 ponderis
1845 3906 1976 3979 labe:

385 3976 599 4035 Confer.
632 3982 700 4037 de
723 3983 804 4037 Ira
825 4027 840 4050 ,
865 4000 984 4050 cap.
1010 3986 1096 4041 10.

454 4050 549 4129 4c.
575 4052 674 4129 4n,
703 4069 802 4123 pro
825 4073 906 4115 ac,
931 4055 1130 4129 habent
1151 4057 1238 4129 ed.
1265 4074 1392 4129 ms.;
1422 4058 1556 4129 Reg.
1583 4070 1692 4114 aut.

460 4118 801 4203 Omnibus—est
830 4127 1126 4203 communis.
1158 4126 1232 4181 Ita
1259 4118 1445 4192 Taur.,
1463 4118 1668 4185 Βῦηοῐι.
1687 4131 1896 4203 AtReg.
1924 4144 1980 4190 et

385 4186 497 4254 ed.,
525 4193 689 4244 onmis
716 4197 1018 4249 communis.
1257 4226 1260 4228 ν

460 4259 542 4313 Ει.
577 4261 686 4316 Nec
715 4263 766 4316 in
793 4263 878 4317 ed.
924 4280 1023 4320 nec
1080 4267 1130 4320 in
1177 4283 1278 4321 ms.
1325 4267 1523 4323 Taurin
1575 4279 1744 4325 extat.
1771 4303 1840 4312 —
1875 4273 1977 4329 Pro

373 4329 596 4406 justitia.
625 4331 869 4406 Restituti
889 4346 955 4399 et,
979 4337 1147 4406 inquit
1171 4338 1532 4406 Heumannns,
1565 4356 1596 4394 e
1625 4342 1811 4396 codice
1837 4343 1973 4399 Tau-

383 4400 605 4479 r_i_n.ettsi.
628 4403 697 4458 At
719 4404 770 4479 in
799 4400 1124 4479 Taurinensi
1142 4407 1232 4461 ET
1255 4425 1467 4479 quoque
1492 4400 1845 4478 desideratur,
1878 4416 1974 4468 ad-

2163 3849 2482 3904 Mortalium.
2516 3851 2675 3904 Deest
2700 3850 2752 3904 in
2782 3865 2883 3904 ms.
2915 3850 3081 3904 Taur.

2161 3922 2204 3973 Α
2231 3937 2352 3990 quo,
2381 3930 2484 3975 etc.
2515 3921 2614 3974 Ms.
2649 3921 2780 3989 Reg.
2811 3931 2864 3974 et
2890 3922 3001 3985 ed.,
3031 3937 3062 3972 a
3083 3935 3185 3984 quo
3216 3921 3266 3973 ei
3296 3922 3556 3974 tribuatur.

2161 3991 2452 4045 Interitttm.
2486 3992 2556 4046 At
2597 3993 2647 4044 in
2673 3993 2832 4045 editis
2854 4003 2958 4053 est,
2988 4002 3036 4044 et
3063 3992 3350 4044 interitum.

2161 4062 2372 4116 Rerum.
2399 4062 2513 4116 Non
2541 4071 2625 4115 est
2652 4063 2704 4115 in
2731 4078 2834 4116 ms.
2867 4061 3090 4116 Taurin.

2160 4131 2401 4200 Tempus.
2435 4133 2509 4186 Ita
2549 4132 2793 4200 Taurin.,
2825 4132 2957 4186 Bon.
2979 4174 2992 4197 ,
3024 4132 3112 4187 cd.
3151 4132 3220 4185 Is.
3251 4132 3311 4187 In
3343 4147 3443 4186 ms.
3471 4132 3593 4203 Reg.
3621 4140 3670 4185 et

2091 4202 2144 4257 in
2168 4203 2260 4272 ed.
2273 4245 2287 4266 ,
2321 4213 2561 4272 tempore.
3079 4222 3084 4228 λ

2156 4270 2437 4344 Ρναεαίειαζ
2469 4272 2524 4326 ltt
2547 4273 2763 4328 Taurin.
2790 4287 2918 4339 ms.,
2947 4274 3252 4344 praedicata.

2159 4342 2298 4397 Sint.
2330 4345 2490 4399 Deest
2516 4346 2568 4398 in
2599 4359 2702 4398 ms.

2153 4411 2503 4468 Conclusione.
2537 4415 2626 4469 Sic
2669 4415 2786 4482 lego
2811 4429 2933 4468 cum
2961 4425 3129 4470 veter.
3155 4414 3284 4471 Mss.
3312 4414 3500 4482 Tattr.,
3519 4414 3661 4479 Bon.,

383 4471 595 4553 diderat
639 4490 705 4529 ex
755 4477 969 4546 ingenio
998 4471 1582 4553 _Pl‘al‘litts_;'prtiscribit
1605 4471 1876 4552 Davisius,
1909 4488 1980 4543 ob
2003 4481 2056 4540 D
2082 4482 2147 4538 At
2185 4483 2316 4553 Reg.
2347 4497 2400 4540 et
2428 4485 2540 4550 ed.,
2574 4471 3026 4540 consummatione.

382 4544 1166 4618 noninirequetisiasyndeton.
1210 4544 1340 4605 Bufv.

455 4614 648 4688 lftiam.
684 4617 780 4671 Ms.
805 4614 1025 4673 Taurin.
1067 4629 1122 4673 at
1154 4635 1253 4674 ms.
1289 4620 1420 4688 Reg.
1443 4629 1495 4675 et
1523 4621 1637 4687 ed.,
1670 4635 1868 4678 autem.

457 4685 589 4749 Quia
615 4697 833 4764 terrena,
871 4704 976 4743 etc.
1008 4691 1062 4744 ln
1087 4691 1198 4756 ed.,
1223 4692 1342 4759 quia
1373 4685 1580 4764 terrena
1625 4685 1978 4764 prospiciunt,

381 4754 553 4837 homo.
621 4757 855 4837 Bntton.,
898 4771 1098 4837 terrena
1147 4754 1405 4837 prostrata
1447 4754 1638 4837 iacent:
1667 4754 1762 4837 Sic
1793 4754 1976 4837 supra,

380 4824 478 4879 lib.
511 4842 604 4892 vn,
637 4843 755 4896 cap.
787 4829 819 4882 9
843 4824 863 4883 7:
899 4831 1040 4898 Quas
1080 4824 1254 4901 pronis
1283 4824 1578 4903 corporibus
1623 4824 1874 4903 abjectas;
1926 4824 1981 4894 in

383 4905 671 4969 terramque
697 4909 1001 4969 prostratos.

453 4965 598 5021 Non.
627 4965 890 5033 ln'editis,
921 4988 1008 5025 an.
1805 5001 1814 5010 ο

455 5035 827 5113 lmmorta_lem.
863 5040 1061 5113 Recte.
1113 5042 1246 5098 Vide
1277 5043 1656 5113 prmcedentia.
1693 5045 1799 5102 Sed
1846 5064 1976 5104 mss.

381 5108 589 5182 Bonan.
620 5121 672 5164 et
697 5110 830 5182 Reg.
861 5111 1064 5167 habent
1089 5108 1543 5169 immorialilatcm.

455 5179 556 5254 Qui
573 5197 689 5235 cum
716 5179 845 5249 Deo,
864 5193 967 5238 etc.
1005 5184 1264 5238 lleuman.
1299 5185 1367 5238 ita
1399 5186 1525 5254 legit
1551 5186 1633 5239 cui
1657 5203 1772 5241 cum
1797 5187 1905 5243 Deo
1932 5199 1983 5244 et

377 5250 546 5304 uultus
573 5261 620 5305 et
648 5269 788 5306 mens
811 5255 1093 5309 communis
1119 5265 1210 5309 est.
1235 5284 1306 5295 —
1335 5255 1436 5322 Qui
1453 5250 1566 5308 cum
1593 5256 1720 5323 Deo,
1768 5269 1813 5312 et
1839 5260 1982 5314 vultu

378 5332 425 5375 et
450 5332 614 5376 mente
636 5326 935 5380 communis.
969 5325 1057 5381 Sic
1084 5340 1272 5380 omnes
1309 5326 1452 5380 libri.
1490 5327 1836 5384 Henmannus
1861 5345 1979 5384 cor-

379 5392 518 5462 rigil’
531 5410 543 5445 :
573 5394 656 5446 cui
679 5410 795 5466 cum
815 5393 944 5466 Deo,
969 5407 1014 5448 et
1045 5396 1233 5461 vultus,
1267 5407 1314 5450 et
1353 5413 1494 5450 mens
1543 5401 1823 5453 communis
1859 5410 1972 5466 est;

379 5478 538 5539 quam
583 5464 1013 5539 emendationem
1062 5468 1278 5539 melius,
1309 5483 1466 5536 quam
1487 5483 1551 5522 ex
1581 5468 1721 5538 Opil‘.
1765 5486 1884 5539 cap.
1917 5464 1974 5536 8-,

378 5534 704 5589 conﬁrmare
751 5537 1010 5603 potuisset
1049 5551 1123 5610 ex,
1147 5537 1240 5610 lib.
1267 5534 1359 5610 Vti,
1389 5553 1510 5608 cap.
1539 5539 1595 5606 5,
1621 5534 1757 5610 quod
1808 5534 1979 5595 vultus

375 5621 493 5657 cum
513 5621 603 5657 suo
633 5616 844 5674 parente
873 5609 1150 5660 communis
1179 5609 1262 5663 sit.
1323 5608 1454 5664 BUN.

457 5674 639 5729 liabet.
664 5675 769 5731 Sed
791 5676 1012 5732 Taurin.
1045 5692 1173 5739 ms.,
1198 5679 1399 5734 habeat.

451 5745 538 5798 Id.
577 5745 736 5800 Deest
763 5747 814 5800 in
845 5763 950 5801 ms.
981 5748 1197 5804 Taurin.

467 5814 691 5869 Videtur.
716 5817 783 5871 At
815 5831 914 5872 ms.
945 5818 1082 5888 Reg.
1103 5827 1159 5875 et
1173 5819 1259 5876 ed.
1291 5819 1540 5875 videatur.

2157 4553 2322 4624 {Vobis
2363 4557 2546 4610 minus.
2576 4555 2798 4611 Taurin.
2825 4572 2952 4624 ms.,
2982 4558 3307 4611 novissimus.

2155 4623 2360 4683 Ipsum.
2391 4626 2551 4680 Deest
2582 4627 2634 4680 in
2664 4627 2847 4681 editis.

2167 4694 2497 4768 Instructior.
2531 4696 2620 4754 Sic
2662 4697 2860 4752 habent
2888 4712 3018 4753 mss.
3050 4698 3212 4765 Bon.,
3245 4698 3382 4768 Reg.
3411 4706 3464 4753 et
3495 4697 3571 4753 ed.
3603 4696 3663 4750 At

2089 4764 2332 4831 Taurin.,
2365 4767 2665 4822 instructus.

2154 4835 2318 4910 luna.
2345 4837 2606 4910 Sed_tum,
2639 4839 2692 4892 in
2719 4839 2804 4893 ed.
2841 4847 2897 4910 et
2925 4855 3025 4892 ms.
3055 4838 3189 4909 Reg.
3223 4839 3442 4910 legitur.

2097 4950 2102 4954 .
2155 4905 2408 4961 Tolletur.
2439 4907 2658 4963 Taurin.
2700 4924 2826 4975 ms.,
2859 4909 3113 4964 Tollatur.

2159 4977 2284 5031 Haec
2305 4995 2335 5030 ιι
2360 4980 2638 5048 prophetis,
2663 4979 2751 5033 sed
2788 4992 2841 5032 ut
2871 4981 3086 5033 vatibus.
3118 4983 3191 5034 At
3235 4981 3290 5034 itt
3318 4979 3477 5034 editis
3499 4995 3528 5031 a
3553 4993 3662 5046 pro-

2083 5048 2247 5116 phetis
2264 5061 2309 5100 et
2330 5064 2361 5100 a
2381 5049 2804 5103 vatibus—Hice
2827 5063 2998 5104 autem
3021 5068 3052 5103 a
3081 5048 3660 5120 prophetis.Caute,qu:n

2083 5128 2398 5188 sequuntur,
2429 5130 2553 5174 sunt
2602 5121 2844 5190 legenda.
2874 5121 3154 5176 Vaticiniis
3201 5123 3347 5177 enim
3393 5120 3569 5175 fabula:
3610 5127 3659 5172 et

2087 5190 2296 5270 sont-nia
2328 5190 2982 5270 sutttadmixttt.CELLan.
3101 5261 3142 5270 __
3500 5261 3550 5270 ___
3585 5259 3597 5270 _

2158 5258 2316 5312 Male.
2352 5262 2418 5313 At
2465 5261 2682 5315 Taurin.
2733 5278 2836 5316 ms.
2882 5279 3056 5315 manu.
3101 5261 3180 5316 Ex
3218 5263 3358 5316 libro
3400 5277 3470 5316 vn
3500 5259 3654 5314 Divin.

2083 5329 2256 5412 {usti}:
2280 5345 2398 5411 cap.
2426 5332 2512 5395 15,
2544 5333 2627 5385 ltic
2649 5333 2988 5412 reposuimus
3008 5333 3192 5412 _n_tale,'
3218 5334 3461 5412 sic_cnim
3485 5331 3655 5412 habet:

2089 5400 2238 5471 Nihil
2263 5403 2525 5470 quisquam
2558 5411 2675 5455 tunc
2711 5403 2925 5469 habebit,
2967 5404 3062 5457 nisi
3092 5413 3180 5456 aut
3210 5404 3348 5458 male
3372 5403 3618 5471 quantum
3642 5442 3653 5456 .

2083 5482 2169 5526 aut
2193 5470 2454 5540 defensum
2482 5489 2654 5526 manu.

2155 5566 2241 5620 Et.
2279 5565 2437 5621 Deest
2467 5568 2517 5621 in
2547 5567 2722 5622 editis.

2153 5657 2483 5713 Tractabunt.
2522 5658 2685 5713 Taur.
2728 5674 2856 5726 ms.,
2889 5660 3144 5716 tractabit.
3221 5682 3239 5689 ··

2165 5750 2403 5805 Vastitas.
2442 5749 2515 5805 Ita
2563 5765 2692 5805 mss.
2724 5750 2913 5815 Taur.,
2963 5752 3197 5819 Bonon.,
3229 5753 3321 5810 ed.
3365 5751 3436 5808 ls.
3464 5754 3644 5809 Attus.

2085 5821 2217 5891 lleg.
2247 5831 2300 5878 et
2325 5821 2508 5877 caeteri
2539 5821 2687 5894 editi,
2713 5823 2946 5878 vastatio.
