3816 6264
100 307 120 360 Ἰ
131 305 231 360 089

1019 303 1316 361 ΕΡΙΤΟΜΕ
1358 301 1738 362 DlVlNARUM
1777 299 2324 360 INSTI'I‘UTIONUM.

3240 302 3378 359 {090

98 418 292 488 pabuut
322 413 528 480 Orbem,
561 422 616 468 et
648 413 965 485 partientur,
995 426 1050 472 et
1087 417 1384 482 vorabunt;
1416 427 1470 472 et
1494 419 1685 473 existet
1710 417 1765 479 A
1787 415 1979 472 adesse
2021 424 2230 485 tempus
2272 411 2551 470 sciendum
2584 414 2688 477 est,
2717 423 2825 483 quo
2851 410 2992 468 Deus
3020 410 3086 466 ad
3119 425 3364 468 commu-

97 508 228 562 alius
253 507 408 575 longe
441 505 710 574 potentior
735 520 799 561 ac
830 507 1074 577 nequior,
1104 509 1194 578 qui
1219 509 1388 562 tribus
1401 524 1467 563 ex
1493 524 1559 563 eo
1584 524 1682 562 nu-

98 612 242 652 mero
268 595 478 659 deletis,
508 596 690 649 Asiam
722 597 1036 665 possidebit,
1065 607 1120 654 et
1159 600 1370 654 cmteris
1412 600 1462 652 in
1512 611 1691 669 potes-

101 699 256 745 tatem
284 704 436 743 suam
466 687 700 744 redactis
731 697 784 744 et
812 689 1053 757 adscitis,
1086 691 1300 746 vexabit
1325 706 1539 747 omnem
1574 702 1689 748 ter-

99 799 232 838 ram.
274 781 449 836 Novas
476 782 622 852 leges
652 791 872 848 Statuet,
900 793 1109 840 veteres
1135 785 1448 856 abrogabit;
1479 801 1691 856 rempu-

98 875 286 932 blicam
332 889 483 930 suam
530 873 709 942 faciet,
755 891 952 932 nomen
1006 877 1218 948 imperii
1240 878 1541 948 sedemque
1582 895 1688 934 mue

101 969 246 1024 tabit.
580 1039 582 1041 b

169 1063 446 1133 'I'Vuneicrit
487 1071 698 1135 tempus
729 1063 1005 1135 infandum
1034 1074 1088 1120 et
1110 1065 1434 1135 execrabile,
1465 1081 1570 1138 quo
1598 1081 1693 1138 ne-

101 1158 228 1228 mini
255 1157 641 1223 libeatvivere.
673 1158 1140 1230 Deniqueineum
1171 1169 1370 1222 statum
1397 1177 1486 1222 res
1514 1161 1689 1228 cadet,

107 1260 163 1321 ut
187 1252 347 1321 ,νίνοε
400 1252 722 1320 lamentatio.
739 1261 1038 1323 Lutariuos
1061 1256 1378 1326 gratulatio
1401 1265 1689 1326 sequatur-

102 1341 356 1397 Civitates
396 1351 451 1397 et
495 1343 692 1414 oppida
741 1344 1056 1411 interibunt,
1112 1346 1272 1402 modo
1322 1348 1485 1414 ferro,
1533 1347 1695 1403 modo

103 1435 249 1506 igni,
300 1436 461 1492 modo
502 1446 662 1492 terra:
706 1437 941 1494 motibus
980 1439 1208 1505 crebris,
1249 1440 1410 1496 modo
1436 1456 1693 1511 aquarum

105 1525 479 1592 inundatione,
523 1527 683 1582 modo
733 1529 1035 1599 pestilentia
1083 1540 1137 1586 et
1171 1532 1327 1585 fame.
1362 1532 1529 1587 Terra
1561 1533 1695 1607 nihil

103 1615 256 1684 feret,
304 1628 396 1672 aut
439 1618 726 1689 frigoribus
765 1620 976 1684 nimiis,
1009 1631 1101 1676 aut
1147 1623 1417 1678 caloribus
1460 1625 1688 1680 sterilis.

103 1710 252 1779 Aqua
300 1713 474 1766 omnis
519 1711 713 1782 partim
761 1712 1052 1767 mutabitur
1102 1714 1154 1768 in
1199 1729 1468 1782 cruorem,
1505 1716 1695 1785 partim

104 1801 460 1858 amaritudine
484 1802 790 1868 vitiabitur;
815 1812 871 1858 ut
897 1803 1030 1858 nihil
1055 1805 1124 1859 sit
1150 1819 1247 1860 nec
1275 1806 1341 1860 ad
1367 1807 1518 1861 cibos
1539 1806 1690 1874 utile,

103 1907 203 1947 nec
225 1892 292 1948 ad
326 1905 507 1963 potum
535 1895 768 1950 salubre.
803 1895 898 1949 llis
926 1897 1082 1950 malis
1114 1897 1371 1952 accedent
1394 1898 1552 1952 etiam
1577 1913 1699 1968 pro-

104 1982 243 2053 digia
268 1984 336 2039 de
373 1986 534 2052 caelo,
565 2000 632 2039 ne
661 1985 786 2054 quid
817 1985 954 2040 desit
985 1986 1294 2042 hominibus
1324 1989 1390 2043 ad
1426 1989 1692 2044 timorem.

105 2073 341 2132 Cometa:
378 2076 570 2132 crebro
615 2077 967 2148 apparebunt.
996 2079 1090 2136 Sol
1141 2091 1400 2149 perpetuo
1448 2083 1700 2153 squalore

106 2169 419 2224 fuscabitur.
469 2168 619 2224 Luna
680 2171 940 2240 sanguine
991 2170 1278 2237 inﬁcietur,
1335 2187 1435 2228 nec
1483 2172 1697 2229 amissae

107 2259 239 2316 lucis
279 2260 476 2315 damna
521 2261 812 2330 reparabit.
837 2262 1018 2317 Stellae
1049 2277 1238 2319 omnes
1278 2262 1562 2330 decident;
1593 2280 1696 2321 nec

51 2385 61 2396 -
110 2351 438 2420 temporibus
471 2367 566 2406 sua
606 2353 742 2407 ratio
766 2354 1065 2420 constabit,
1101 2353 1294 2425 hyeme
1319 2367 1482 2422 atque
1511 2366 1700 2412 testate

108 2442 362 2499 confusis.
395 2444 545 2499 Tune
590 2455 643 2499 et
676 2459 872 2512 annus,
915 2456 971 2501 et
1009 2445 1231 2510 mensis,
1253 2458 1306 2501 et
1339 2447 1456 2503 dies
1487 2449 1699 2505 brevia-

109 2531 268 2586 bitur.
313 2533 382 2587 Et
424 2532 561 2588 hanc
595 2548 715 2589 esse
766 2534 949 2590 mundi
989 2545 1320 2592 senectutem
1348 2553 1409 2593 ac
1437 2537 1700 2594 defectio-

113 2639 231 2678 nem
281 2624 664 2696 Trismegistus
725 2625 964 2682 elocutus
1015 2636 1116 2683 est.
1152 2627 1282 2696 Quae
1320 2645 1440 2686 cum
1467 2631 1702 2699 venerit,

1795 506 2011 560 tandum
2050 504 2306 560 saeculum
2346 511 2668 559 revertatur.

1861 597 2006 653 Inter
2053 597 2168 652 haec
2217 603 2396 651 autem
2444 596 2580 650 mala
2624 603 2810 665 surget
2856 610 2950 651 rex
2997 595 3226 666 impius,
3277 611 3382 652 non

1792 687 1953 742 modo
1981 688 2163 758 generi
2209 687 2507 752 hominum,
2534 685 2628 742 sed
2655 687 2816 741 etiam
2844 687 2955 743 Deo
2985 688 3254 743 inimicus.
3287 688 3386 744 llic

1793 778 2046 848 reliquias
2094 778 2237 834 illius
2266 780 2459 848 prioris
2507 778 2717 849 tyranni
2768 788 3043 846 conteret,
3105 778 3385 847 cruciabit,

1792 871 2026 935 vexabit,
2051 870 2342 926 interimet.
2369 871 2438 924 Et
2460 880 2587 926 tunc
2613 881 2770 926 erunt
2797 871 3048 944 lacrymte
3073 872 3250 944 iuges,
3271 874 3387 931 luc-

1795 975 1879 1019 tus
1903 974 1956 1020 et
1984 965 2216 1035 gemitus
2257 972 2538 1036 perpetes,
2565 976 2620 1019 et
2657 965 2725 1020 ad
2753 966 2920 1021 Deum
2947 980 3116 1022 cassze
3153 981 3340 1036 preces
3373 983 3391 1022 :

1795 1058 1936 1126 Ma
1965 1057 2182 1128 requies
2211 1071 2240 1111 a
2278 1056 2563 1113 formidine
2583 1098 2596 1121 ,
2631 1071 2732 1113 nec
2759 1071 2982 1134 somnus
3006 1057 3074 1112 ad
3123 1060 3388 1135 quietem.

1795 1150 1919 1205 Dies
1941 1148 2180 1216 cladem,
2212 1163 2317 1204 nox
2369 1157 2570 1204 metum
2598 1163 2814 1218 semper
2850 1149 3088 1220 augebit.
3116 1149 3206 1206 Sic
3243 1150 3393 1206 orbis

1796 1247 2060 1296 terrarum
2087 1254 2227 1308 pene
2251 1239 2318 1294 ad
2339 1240 2708 1306 solitudinem,
2730 1249 2877 1295 certe
2903 1239 2971 1295 ad
2998 1239 3275 1296 raritatem
3295 1239 3395 1297 ho-
3421 1259 3445 1277 ’

1796 1333 2002 1388 minum
2028 1333 2320 1406 redigetur.
2348 1333 2501 1390 'I‘unc
2530 1342 2585 1391 et
2631 1335 2825 1404 impius
2845 1335 3020 1406 justos
3060 1336 3307 1392 homines
3333 1351 3396 1393 ac

1797 1425 2000 1480 dicatos
2031 1425 2143 1480 Deo
2173 1436 2546 1496 persequetur,
2577 1435 2631 1481 et
2655 1441 2715 1482 se
2738 1426 2843 1482 coli
2876 1426 3090 1497 jubebit
3114 1436 3171 1483 ut
3201 1427 3390 1484 Deum.

1797 1519 1869 1575 Se
1895 1518 2040 1574 enim
2071 1518 2215 1574 dicet
2239 1534 2360 1574 esse
2389 1517 2661 1575 Christum
2711 1519 2864 1590 cujus
2899 1522 3003 1576 erit
3027 1520 3391 1578 adversarius.

1799 1611 1872 1668 Ut
1900 1611 2049 1667 credi
2088 1626 2150 1667 ea
2195 1612 2438 1682 possint,
2468 1613 2696 1683 accipiet
2748 1621 3070 1684 potestatem
3123 1613 3391 1669 mirabilia

1801 1703 2029 1759 faciendi
2055 1721 2067 1757 :
2101 1711 2160 1758 ut
2188 1704 2325 1773 ignis
2353 1704 2648 1760 descendat
2671 1719 2702 1758 a
2730 1705 2901 1772 caelo;
2927 1715 2984 1760 ut
3011 1705 3090 1760 sol
3115 1704 3341 1761 desistat
3367 1719 3398 1759 a

1723 1805 1772 1866 Β
1800 1810 1959 1850 cursu
1985 1809 2114 1860 suo;
2145 1804 2204 1849 ut
2227 1795 2404 1865 imago
2423 1835 2438 1861 ,
2475 1811 2634 1866 quam
2667 1796 2929 1866 posuerit,
2956 1797 3223 1867 loquatur.
3271 1795 3400 1863 Qui—

1801 1888 1900 1944 bus
1928 1887 2182 1959 prodigiis
2203 1887 2391 1943 illiciet
2412 1888 2631 1954 multos,
2655 1899 2712 1943 ut
2735 1887 2962 1943 adorent
2984 1903 3130 1952 eum,
3154 1887 3400 1958 signum-

1801 1995 1906 2050 que
1932 1979 2049 2050 ejus
2081 1979 2134 2034 in
2164 1993 2324 2034 manu
2355 1988 2451 2034 aut
2496 1977 2675 2034 fronte
2714 1978 3031 2049 suscipiant.
3059 1977 3129 2033 Et
3172 1979 3262 2048 qui
3292 1991 3400 2034 non

1800 2072 2128 2138 adoraverit,
2157 2073 2475 2143 signumque
2503 2073 2823 2142 susceperit,
2845 2071 3128 2143 exquisitis
3153 2072 3404 2128 cruciati-

1802 2164 1903 2220 bus
1946 2163 2226 2218 morietur.
2293 2163 2368 2217 Ita
2421 2163 2535 2218 fere
2584 2163 2719 2217 duas
2763 2173 2944 2233 partes
2991 2161 3402 2229 exterminabit,

1803 2256 1959 2310 tertia
2014 2256 2066 2309 in
2120 2254 2362 2309 desertas
2405 2254 2724 2310 solitudines
2771 2253 2958 2324 fugiet.
2992 2254 3100 2309 Sed
3166 2253 3259 2310 ille
3314 2268 3406 2309 ve-

1805 2361 1926 2401 cors
1951 2385 1965 2410 ,
2008 2345 2083 2399 ira
2126 2343 2452 2413 implacabili
2501 2343 2706 2412 furens,
2740 2344 2970 2400 adducet
2995 2345 3314 2410 exercitum,
3349 2352 3405 2400 et

1809 2435 2078 2491 obsidebit
2105 2446 2366 2500 montem,
2395 2450 2503 2506 quo
2539 2435 2670 2505 justi
2721 2435 3080 2506 confugerint.
3139 2435 3240 2503 Qui
3282 2451 3403 2492 cum

1807 2544 1867 2584 se
1894 2528 2128 2583 viderint
2169 2529 2578 2595 circumsessos,
2626 2528 2987 2598 implorabunt
3021 2528 3276 2585 auxilium
3310 2529 3406 2588 Dei

1809 2637 1944 2678 voce
1974 2636 2186 2693 magna,
2205 2622 2516 2678 etexaudiet
2537 2637 2650 2690 eos,
2667 2631 2723 2678 et
2742 2623 2916 2679 mittet
2934 2623 3012 2680 eis
3037 2623 3405 2682 liberatorem.

1452 2763 1812 2825 VARIORUM
1848 2762 2077 2820 NOTAE.

193 2898 477 2954 Vorabunt.
513 2900 676 2956 'l'aur.
704 2916 830 2969 ms.,
859 2900 1196 2956 devorabunt.

98 2977 101 2984 '
184 2971 354 3024 Alius.
381 2970 500 3026 Non
528 2981 610 3027 est
641 2973 694 3026 in
722 2972 901 3028 editis.

185 3040 270 3096 Ea:
289 3058 349 3095 eo
371 3056 600 3104 numero,
642 3043 803 3098 Deest
827 3044 879 3097 in
909 3043 997 3099 ed.
1028 3072 1098 3085 -—-
1124 3042 1210 3098 Ea:
1247 3059 1303 3098 eo
1325 3060 1554 3100 numero.
1588 3043 1706 3100 Non

115 3122 240 3170 sunt
261 3113 312 3167 in
343 3113 686 3180 ms.Bonon.,
708 3114 814 3168 imo
833 3129 933 3169 nec
960 3116 1010 3169 in
1037 3115 1255 3177 Taurin.
1285 3125 1344 3169 ut
1369 3115 1538 3170 Pfaflii
1567 3126 1709 3171 notat

117 3182 416 3240 emendatae
454 3199 598 3239 nunc
636 3184 836 3240 docent
863 3203 877 3239 :
903 3185 1044 3241 unde
1082 3187 1326 3240 Davistus
1354 3196 1408 3240 et
1439 3187 1709 3242 Ileuman-

117 3272 213 3311 nus
241 3254 567 3325 cnrrigendi;
590 3255 786 3309 adsunt
811 3271 939 3312 vero
970 3259 1020 3311 in
1071 3256 1228 3312 editis
1249 3297 1264 3321 ,
1295 3265 1351 3312 et
1378 3257 1470 3312 lib.
1521 3274 1592 3312 vu
1623 3257 1706 3312 ln-

119 3327 288 3381 stitut.
319 3339 454 3395 cap.
476 3325 563 3379 16.
594 3325 728 3380 Bon.

1815 2917 1920 2958 ms.
1947 2900 2109 2955 habet
2130 2900 2405 2972 evenerint.
2431 2929 2501 2972 —+
2525 2899 3066 2972 Buneman:_quoque
3091 2915 3154 2957 ex
3184 2902 3276 2958 illo
3304 2919 3407 2961 ms.

1815 2983 1870 3028 et
1923 2987 1988 3026 ex
2035 2971 2247 3026 Davis-io
2287 2971 2538 3024 evenerint
2577 2973 2774 3040 posuit.
2807 2969 2994 3027 Unde'
3032 2973 3176 3028 illam
3222 2984 3406 3030 notam

1813 3043 2053 3098 exhibet.
2082 3071 2152 3082 ——
2179 3041 2320 3096 Editi
2359 3049 2484 3096 ante
2527 3042 2686 3108 male,
2734 3044 2957 3108 venerit;
2987 3044 3104 3098 'non
3151 3047 3292 3099 enim
3343 3046 3412 3102 ad

1814 3113 2000 3168 mundi
2067 3122 2399 3168 senectutem
2430 3155 2444 3179 ,
2516 3110 2612 3167 sed
2654 3113 2792 3166 mala
2845 3114 3065 3169 verbum
3115 3115 3346 3182 pertinet
3392 3134 3409 3171 :

1816 3185 1955 3239 unde
1980 3184 2182 3254 optime
2221 3182 2464 3237 Davisius
2487 3183 2812 3254 observavit,
2853 3185 2966 3238 haec
2997 3184 3200 3240 referre
3251 3186 3415 3243 verba

1812 3255 2172 3327 Ilermenetis,
2223 3253 2477 3322 producta
2528 3267 2558 3305 a
2605 3253 2882 3310 Lactantio
2907 3255 3002 3311 lib.
3035 3257 3412 3327 vu,eap.18:

1815 3327 1937 3380 ἐπάν
1970 3324 2030 3384 δή
2051 3330 2218 3396 ταῦεα
2242 3326 2466 3396 γένηται,
2494 3333 2599 3378 etc.

187 3377 728 3469 a.;..;.;ju.~;.'_i~;ur;;
754 3397 931 3465 aliam,
966 3396 1137 3464 male;
1168 3397 1236 3453 ad
1279 3397 1405 3469 quid
1436 3399 1579 3454 enim
1625 3412 1710 3454 re-
1736 3377 1782 3441 ρ
1820 3377 2031 3469 “aut;
2061 3377 2532 3469 i‘..j~..§m‘.js's;,
2555 3377 2710 3465 quod.

119 3466 315 3523 feretur
346 3465 541 3520 aliam?

186 3535 277 3607 Et.
311 3535 430 3590 Non
457 3546 537 3607 est
565 3537 616 3591 in
646 3537 734 3593 ed.

190 3606 255 3661 In
286 3616 583 3675 potestatem
608 3625 773 3663 suam.
798 3607 898 3663 Ed.
933 3609 986 3662 in
1013 3617 1258 3678 potestate
1278 3626 1395 3663 sua.

190 3678 434 3750 Adscitis.
495 3679 594 3750 bis.
648 3679 783 3750 Reg.
837 3679 1037 3734 ascisis.
1096 3678 1194 3735 Ed.
1237 3680 1475 3735 abscissis
1517 3680 1713 3734 vorabit

122 3765 342 3805 omnem.
377 3748 476 3802 Ms.
510 3749 644 3820 Reg.
677 3748 860 3815 etiam,
891 3751 1104 3805 vorabit.

152 3891 162 3902 ο
195 3821 306 3888 Quo
350 3821 538 3874 nemini
565 3821 715 3875 libeat
758 3823 937 3876 vivere.
973 3822 1174 3878 Desunt
1201 3822 1318 3877 haec
1348 3822 1401 3876 in
1429 3837 1529 3876 ms.
1565 3820 1710 3876 Tau-

123 3906 223 3946 rm.

196 3961 262 4016 Ut
294 3963 450 4017 vivos.
481 3961 569 4016 Sic
597 3978 696 4017 ms.
729 3961 925 4017 Tauriu
954 3971 1008 4017 et
1051 3963 1180 4016 Bon.
1209 3963 1261 4016 in
1295 3963 1424 4033 Reg.
1459 3971 1511 4016 et
1551 3962 1710 4018 editis

125 4034 316 4156 legittlir
347 4044 399 4085 ut
447 4049 619 4086 onmes
664 4034 815 4087 vicos.
862 4034 968 4088 Sed
1015 4049 1116 4088 vox
1156 4050 1328 4088 omnes
1359 4048 1579 4103 prorsus
1627 4042 1713 4090 est

126 4103 254 4156 inuti
277 4106 343 4156 is.

126 4103 343 4159 inutilis.

384 4173 542 4245 ferro,
571 4174 720 4228 modo
750 4174 878 4245 igni.
915 4173 1133 4244 Legitur
1168 4185 1368 4240 autem,
1401 4174 1550 4228 modo
1574 4176 1712 4243 ferro
1766 4147 1770 4150 ι

127 4253 170 4300 et
196 4244 307 4314 igni
326 4245 468 4315 apud
497 4244 816 4315 Bononiam,
839 4246 929 4315 qui
961 4245 1117 4314 hujus
1144 4246 1399 4315 variantis
1429 4247 1508 4315 sic
1545 4246 1712 4297 ratio-

128 4331 248 4371 nem
274 4314 469 4369 reddit.
496 4314 708 4368 -Μοάο
730 4314 870 4386 ferro
893 4327 938 4368 et
966 4317 1089 4384 igni.
1122 4314 1422 4386 Pfal'liusget
1447 4314 1712 4379 Davisius,

132 4387 278 4441 modo
305 4389 466 4456 ferro,
497 4386 646 4440 modo
672 4383 799 4456 igni.
834 4389 899 4440 At
928 4383 1048 4454 quia
1073 4394 1256 4456 noster
1287 4383 1486 4452 aliique
1516 4398 1578 4437 ea
1607 4398 1714 4437 non

1899 3467 2117 3520 l’rioris.
2147 3465 2204 3519 In
2237 3465 2454 3520 Taurin.
2486 3481 2613 3530 ms.,
2644 3467 2855 3534 priorib.

1889 3537 1975 3590 Et.
2006 3535 2202 3592 Addidi
2231 3552 2297 3591 ex
2324 3536 2529 3591 Bonon.
2556 3548 2609 3591 et
2637 3537 2770 3606 Reg.

1888 3607 2054 3683 Erunt
2083 3607 2342 3683 ἰαίνει-[ηαξ.
2376 3605 2516 3660 Editi
2559 3605 2776 3675 habent,
2811 3610 3012 3664 nonnisi
3041 3609 3196 3665 etiam
3236 3611 3412 3683 λαοῖς]-

1815 3693 1947 3742 mw;
1976 3678 2108 3732 Bon.
2139 3675 2414 3742 et'Taur.,
2440 3687 2612 3731 erant.

1887 3749 1968 3803 Ad
1995 3747 2178 3803 Deum.
2213 3746 2288 3801 Ita
2315 3747 2532 3802 ’I‘aurin.
2552 3757 2608 3804 et
2635 3749 2842 3804 Bonon.
2873 3751 2942 3805 At
2968 3750 3097 3821 Reg.
3126 3760 3180 3807 et
3208 3751 3322 3817 ed.,
3350 3753 3418 3806 ad

1818 3837 1954 3875 eum.

1892 3890 2207 3956 Formidine,
2239 3899 2342 3944 etc.
2376 3889 2481 3964 Sed
2499 3905 2610 3964 _ms.
2645 3890 2865 3964 Regtet
2890 3891 3044 3958 edit.,
3070 3893 3140 3964 ad
3177 3893 3417 3964 formidi-

1817 3979 1950 4035 nem,
1978 3973 2064 4015 aut
2087 3977 2302 4035 _son_inus
2329 3961 2397 4013 ad
2422 3961 2660 4030 quietem.
2692 3961 2750 4017 lti
2777 3963 2982 4018 Bouon.
3006 3972 3060 4017 et
3087 3961 3224 4035 Reg.
3247 3973 3330 4020 est
3351 3964 3420 4019 ad

1816 4034 2061 4103 quietem;
2083 4031 2350 4103 inw'l‘aur.,
2379 4035 2618 4102 requiem.

1891 4103 2105 4157 Metam.
2135 4102 2355 4157 Taurin.
2387 4119 2489 4157 ms.
2553 4113 2736 4172 tecum,
2762 4103 2858 4170 sed
2890 4103 2942 4158 iu
2969 4103 3089 4160 aliis
3119 4119 3249 4160 mss.
3285 4115 3336 4162 et
3365 4107 3418 4162 in

1817 4173 1951 4228 edit.
1995 4183 2077 4228 est
2098 4183 2258 4226 metus
2283 4182 2373 4226 attt
2393 4184 2600 4227 metunt.

1892 4241 2150 4366 CerteTad
2185 4243 2470 4322 raritatem.
2507 4244 2667 4299 Deest
2709 4245 2763 4299 in
2793 4245 2920 4301 edit.
2954 4245 3058 4302 Sed
3091 4247 3419 4317 sumpsimus

1918 4330 2017 4366 IIIS.
2084 4327 2256 4365 aurm.

1819 4330 1885 4369 ex
1918 4330 2017 4367 IIIS.
2037 4327 2256 4366 ⁷[3111⁸111.

1891 4383 1979 4436 Et.
2018 4384 2176 4438 Deest
2201 4381 2253 4435 in
2281 4380 2414 4436 edit.

132 4452 314 4536 _s_o_leut
344 4455 669 4536 disjungere,
693 4452 864 4536 ethic
908 4452 1329 4536 eiiinespriores
1360 4457 1516 4536 editi,
1553 4457 1713 4536 etiam
1742 4475 1794 4534 Β
1825 4524 1837 4536 ⁸
1891 4452 2119 4536 Dicatos.
2173 4452 2280 4508 Sic.
2333 4468 2463 4510 mss.
2495 4452 2687 4520 Taur.,
2717 4453 2921 4510 Bonon.
2953 4454 3059 4511 Sed
3110 4455 3309 4512 deditos
3339 4466 3423 4515 est

135 4527 387 4581 Thomas.
421 4524 474 4582 et
501 4524 663 4582 Isaeus
692 4528 964 4589 exhibent,
997 4526 1146 4578 modo
1178 4528 1313 4594 ferro
1336 4534 1378 4578 et
1411 4525 1535 4594 igni,
1569 4524 1717 4578 illam

136 4600 378 4668 cepulam
405 4606 476 4663 et,
499 4614 594 4668 pro
619 4599 789 4662 modo,
823 4597 1067 4652 revocavi
1093 4612 1211 4651 cum
1238 4595 1567 4650 lleutnauno.
1587 4595 1714 4650 BDN.

209 4667 528 4737 Frigoribus.
557 4669 613 4722 In
636 4668 746 4726 ed.,
779 4669 1047 4738 rigorilms.

210 4736 580 4794 Amaritndine.
613 4740 683 4793 At
703 4739 755 4793 in
789 4736 888 4793 nis.
922 4737 1162 4804 Taurin.,
1201 4736 1620 4790 Amaritudinem.

214 4807 425 4861 Polum.
454 4809 672 4863 Taurin.
703 4826 828 4875 ms.,
867 4818 1008 4878 potu.

214 4880 464 4932 Accedent
495 4881 671 4947 etiam,
704 4892 808 4935 etc.
841 4876 946 4935 Sed
992 4880 1041 4932 in
1074 4877 1203 4948 Reg.
1241 4887 1295 4933 ct
1337 4877 1426 4932 ed.
1449 4919 1464 4945 ,
1496 4876 1725 4931 accident

149 4951 380 5020 prodigia
401 4951 683 5004 hominibus
711 4951 777 5003 ad
802 4952 1050 5003 timorem.

219 5018 476 5092 Perpetuo
519 5023 752 5091 squalore
796 5019 1092 5092 fuscabitur.
1119 5022 1182 5074 At
1215 5018 1726 5092 Buneman.ltahet,

152 5091 346 5160 pallore
388 5094 686 5162 {useabitur,
720 5103 773 5146 et
798 5091 802 5092 “
825 5101 1004 5146 nolam
1037 5102 1348 5162 sequentem
1390 5091 1628 5162 exhibet.
1659 5116 1729 5128 —

148 5159 256 5217 ῬΙ-ο
287 5159 464 5217 minus
491 5177 613 5219 ncta
641 5163 906 5218 notiorem
937 5159 1490 5216 vocem’subdiderant
1516 5159 1729 5230 priores

152 5232 275 5288 editi
327 5249 516 5291 omnes
565 5253 576 5288 :
633 5245 874 5304 perpetuo
927 5233 1163 5303 squalore
1214 5229 1530 5304 fuscabimrf
1570 5229 1731 5304 Cinn-

155 5304 310 5359 mode
343 5306 580 5361 Davisius
602 5301 754 5359 affert
779 5321 841 5359 ex
871 5301 1024 5358 Plinii
1051 5305 1141 5356 lib.
1173 5301 1220 5357 tt
1243 5303 1378 5356 Hist.
1412 5312 1519 5356 nat.
1546 5318 1594 5355 c.
1620 5301 1690 5356 80
1717 5322 1730 5356 :

155 5372 313 5428 Fiunt
357 5377 636 5446 prodigiosi
665 5386 710 5430 et
757 5377 1008 5447 longiores
1054 5375 1175 5429 solis
1219 5373 1536 5444 defectus...
1580 5372 1734 5427 totius

157 5461 279 5516 pene
303 5450 424 5501 anni
452 5449 646 5516 pallore
675 5446 932 5500 continuo.
960 5446 1091 5501 BUN.

156 5584 184 5639 ὑ
225 5514 396 5640 lanna,
421 5514 527 5574 etc.
557 5520 626 5573 At
664 5518 734 5572 ita
762 5517 874 5584 ed.,
905 5517 1077 5570 lunam
1105 5515 1247 5571 color
1268 5517 1532 5587 sanguinis
1567 5514 1739 5569 obum-

185 5601 242 5640 ra
279 5598 336 5640 ιι.

185 5589 336 5641 rabit.

226 5657 523 5729 Reparabit.
557 5659 628 5717 At
653 5658 872 5716 Taurin.
901 5674 1028 5726 ms.,
1055 5659 1330 5730 reparavit.

230 5731 487 5805 Confusis.
515 5733 578 5805 _l_n
603 5747 758 5799 mss.,
781 5731 1001 5805 cgnfusi.

252 5797 468 5860 Venerit.
499 5803 586 5860 Sic
639 5797 767 5861 mss.
817 5797 978 5870 Βάκι,
1025 5801 1156 5874 Reg.
1190 5809 1245 5860 et
1285 5801 1398 5871 ed.,
1438 5808 1493 5860 at
1520 5797 1740 5859 Taurin.

1825 4525 2171 4670 ljggristum.
2197 4668 2206 4670 μ
2234 4595 2336 4652 Ed.
2383 4593 2551 4670 _l_qunt
2599 4611 2708 4670 pro
2741 4594 2998 4670 Christum
3039 4597 3273 4655 habent:
3301 4608 3424 4670 post

1825 4664 2080 4721 Christum
2109 4668 2310 4722 addunt
2336 4667 2462 4721 editi
2483 4664 2635 4736 quum
2664 4668 2730 4720 sit
2757 4667 3117 4724 Anticltristus.

1901 4736 1982 4861 Ut!
2021 4738 2160 4793 credi
2207 4755 2266 4793 ea
2313 4742 2524 4810 possint.
2555 4737 2830 4794 Butiematt
2879 4739 3080 4810 habet,
3109 4751 3164 4794 ut
3202 4739 3338 4796 credi
3379 4741 3426 4798 ei

1901 4824 1960 4861 ssi
1990 4847 2005 4861 .

1827 4823 2005 4876 possit.

1899 4879 1944 4932 Α
1967 4878 2112 4934 caelo.
2142 4877 2199 4934 1n
2225 4879 2310 4935 ed.
2341 4881 2404 4933 de
2430 4881 2576 4935 caelo.

1901 4949 2228 5022 Desistataln
2257 4965 2358 5022 ms.
2389 4950 2609 5022 Taurin.
2634 4959 2696 5022 et
2724 4959 2948 5022 utraque
2976 4951 3108 5008 Ven.
3141 4954 3302 5019 M78,
3327 4954 3421 5022 95,

1830 5018 1920 5084 97,
1953 5019 2118 5074 Paris.
2148 5021 2307 5084 1515,
2341 5020 2560 5083 resistat,
2595 5021 2647 5075 id
2685 5033 2769 5076 est
2809 5018 3102 5084 consistat.
3145 5018 3425 5079 subsistat.

1831 5091 1988 5161 Saepe
2024 5091 2096 5144 ita
2116 5089 2326 5157 Cicero,
2356 5091 2661 5160 Terentius,
2695 5092 3052 5160 Seneca,-alii.
3085 5094 3164 5148 Ex
3195 5093 3425 5148 Parrha-

1832 5161 1914 5216 sio
1944 5161 2171 5228 desistat,
2199 5177 2388 5217 omnes
2416 5163 2694 5228 editiones,
2721 5162 2881 5218 etiam
2921 5163 3089 5217 Plaflli
3113 5163 3308 5219 invasit
3336 5181 3350 5218 :
3374 5173 3432 5218 at

1833 5231 2090 5305 Davisius
2100 5241 2156 5305 et
2178 5233 2542 5305 Heumannus,
2565 5235 2781 5288 resistat.
2815 5233 2999 5290 Recte.
3026 5233 3160 5290 Bon.

1908 5303 2038 5358 Suo.
2070 5301 2190 5357 Non
2220 5313 2368 5359 extat
2389 5303 2443 5358 in
2469 5301 2647 5359 editis.

1908 5397 2115 5472 llliciet.
2148 5396 2201 5452 In
2231 5397 2344 5463 ed.,
2372 5398 2576 5452 alliciet.
2610 5395 2788 5453 Verbo
2819 5398 3012 5456 illicere
3040 5400 3239 5472 passim
3270 5401 3434 5458 utitur

1837 5469 2164 5525 Lactantius.

1919 5561 2124 5688 ll’ecors.
2158 5561 2234 5617 Ita
2261 5577 2390 5619 mss.
2405 5559 2743 5630 Taur.,Bon.
2775 5569 2829 5618 et
2851 5561 2936 5618 ed.
2967 5561 3039 5618 Is.
3061 5561 3253 5618 Cteteri
3276 5562 3431 5630 edit.,

1919 5649 2113 5688 rerum.

1842 5649 2113 5706 pratervta.

1919 5726 1986 5781 Et
2007 5727 2240 5799 exaudiet
2267 5743 2373 5799 eos.
2405 5727 2490 5784 Sic
2535 5739 2690 5793 mss.,
2720 5725 2938 5799 Taurin.
2969 5727 3197 5793 Bonon.,
3231 5725 3317 5782 ed.
3343 5725 3436 5799 ls.,

1845 5799 1992 5858 Crat.
2027 5798 2220 5856 Caneri
2244 5798 2359 5870 ed.,
2391 5807 2438 5855 et
2463 5800 2636 5856 audiet
2663 5815 2746 5856 eos
2780 5797 2938 5868 Deus,
2961 5808 3007 5855 et
3030 5799 3281 5856 immittet.
