4120 6428
732 334 792 387 Η
1651 333 1707 389 S.
1745 332 2084 389 JUSTINUS
2123 333 2610 395 thOSCPllUS
2647 337 2734 395 ΕΤ
2772 337 3082 398 MARTYR.
3919 349 3985 405 η

803 457 1038 514 Perionii
1089 458 1460 526 interpretatio
1496 457 1667 527 magis
1700 455 1918 526 elegans
1953 471 2115 526 quam
2146 472 2307 512 accu-
2336 467 2381 521 Α
2409 460 2574 515 Paulo
2602 474 2727 517 ante
2750 465 2964 519 dixerat
3000 483 3012 517 :
3053 464 3282 532 Majores
3317 467 3506 532 nostri,
3551 464 3833 520 Platonica
3874 468 3977 520 dis-

729 565 868 622 rata,
898 564 956 608 ut
978 554 1312 609 eruditorum
1357 551 1594 605 nonnulli
1630 565 1735 614 non
1765 553 1884 606 sine
1913 553 2114 608 aculeis
2148 553 2199 608 in
2231 553 2311 608 in-

729 655 1018 715 terpretem
1054 653 1328 698 notarunt.
1360 642 1466 697 Sed
1499 642 1828 713 indulgentia
1867 645 2124 698 utendum
2157 644 2307 699 vide-

729 750 815 792 tur
843 740 893 793 in
927 753 1068 800 eum,
1103 736 1194 805 qui
1222 735 1492 788 neminem
1514 734 1742 800 habens,
1785 749 1944 804 quem
1966 745 2303 806 sequeretur,

724 833 846 886 alits
875 830 928 884 in
956 830 1055 884 hac
1080 827 1381 899 periculosa
1410 826 1525 880 alea
1555 828 1782 896 praeivit.

795 925 1077 978 Statuerat
1126 922 1302 991 primo
1358 919 1665 984 Perionius,
1697 921 2152 989 quemadmodum
2191 923 2307 992 ipse

724 1024 907 1070 narrat
929 1016 982 1066 in
1010 1011 1394 1068 Admonitione
1424 1011 1489 1066 ad
1524 1011 1814 1074 lectorem,
1848 1029 1952 1067 non
1983 1028 2173 1068 omnes
2209 1013 2304 1067 Ju-

724 1108 850 1162 stini
885 1106 1050 1161 libros
1080 1105 1242 1160 simul
1270 1106 1453 1170 edere,
1483 1106 1576 1160 sed
1623 1104 1881 1160 brevibus
1927 1105 2138 1176 paginis
2167 1106 2304 1160 alios

722 1201 846 1254 aliis
872 1200 1223 1269 temporibus,
1265 1209 1363 1268 pro
1402 1213 1466 1252 eo
1495 1198 1684 1252 ordine
1707 1213 1866 1267 quem
1895 1197 1998 1253 illis
2020 1199 2300 1265 assignan-

721 1297 847 1344 dum
895 1290 1191 1357 jttdiCabat.
1238 1289 1347 1344 Sed
1397 1288 1683 1343 consilium
1742 1291 1989 1353 mutavit,
2030 1305 2093 1346 ac
2118 1293 2303 1346 omnia

720 1383 918 1440 Justini
941 1399 1107 1453 opera
1131 1400 1239 1439 uno
1255 1394 1311 1439 et
1339 1384 1529 1438 eodem
1564 1381 1837 1439 volumine
1865 1386 2298 1454 comprehendit,

721 1480 800 1532 sic
830 1490 1008 1531 tamen
1057 1486 1116 1531 ut
1155 1493 1261 1532 non
1293 1475 1639 1530 defraudaret
1669 1476 1906 1530 illustres
1967 1478 2134 1542 viros,
2165 1492 2302 1548 quo—

723 1586 838 1625 rum
865 1586 921 1625 se
946 1571 1146 1624 nomini
1180 1570 1394 1638 aliquos
1423 1569 1480 1623 S.
1516 1568 1771 1640 martyris
1811 1568 1980 1624 libros
2023 1569 2301 1625 dedicatu-

719 1680 839 1718 rum
867 1665 1208 1732 promiserat.
1244 1661 1380 1718 Hinc
1422 1661 1680 1733 Dialogus
1715 1671 2060 1732 nuncupatur
2099 1661 2298 1718 Othoni

717 1755 1026 1810 Castalonio
1053 1754 1337 1819 cardinali,
1367 1754 1418 1807 in
1446 1769 1554 1820 quo
1579 1753 1793 1823 quidem
1807 1753 2298 1826 "laudattbeologize

718 1846 771 1900 in
797 1846 1133 1916 amplissimo
1170 1845 1452 1914 dignitatis
1481 1844 1649 1913 gradu
1690 1846 1927 1899 studium
1953 1865 1967 1913 ;
1993 1849 2188 1917 quippe
2214 1850 2302 1919 qui

715 1938 818 1992 sibi
868 1939 1026 2006 hujus
1081 1926 1325 1996 scientia:
1389 1937 1792 2010 cognitionem,
1852 1949 2195 2009 posteaquam
2242 1957 2307 1994 ex

712 2030 1066 2084 humanitatis
1091 2032 1285 2084 studiis
1309 2031 1564 2099 miriﬁcos
1597 2031 1802 2099 [ructus
1835 2029 2057 2084 Nicolao
2080 2029 2309 2086 Beraldo

711 2123 1071 2177 eruditissimo
1123 2123 1658 2196 eloquentissimoque
1697 2134 2014 2194 preceptore
2054 2140 2182 2178 usus
2217 2141 2304 2177 ce-

709 2221 896 2286 pisset,
933 2233 1040 2270 non
1068 2215 1238 2270 solum
1268 2216 1568 2285 jucundam
1602 2228 1650 2270 et
1675 2216 1876 2280 utilem,
1901 2219 1990 2268 sed
2017 2217 2175 2268 etiam
2215 2233 2307 2270 ne-

709 2310 995 2364 cessariam
1028 2325 1121 2378 per
1145 2324 1298 2361 omne
1322 2308 1440 2362 vita:
1470 2318 1672 2376 tempus
1711 2326 1824 2363 esse
1871 2310 2128 2362 duxisset.
2158 2310 2305 2364 Satis

709 2407 834 2465 apte
862 2396 1118 2452 describit
1152 2396 1464 2462 Perionius,
1517 2397 1642 2467 quis
1681 2407 1790 2452 tum
1819 2411 1963 2454 esset
1988 2401 2063 2455 rei
2088 2401 2303 2454 littera-

708 2487 803 2541 riae
825 2497 1020 2550 status,
1055 2501 1177 2541 cum
1203 2496 1443 2542 veterum
1477 2487 1741 2542 librorum
1765 2497 1818 2542 et
1857 2490 2300 2548 inveniendorum

707 2589 765 2633 et
792 2581 845 2634 in
882 2579 1152 2649 publicam
1186 2579 1358 2634 lucem
1391 2579 1725 2636 edendorum
1781 2584 1960 2638 studia
2007 2582 2298 2652 ferverent,

707 2672 974 2742 praecipue
1001 2686 1069 2726 ex
1099 2688 1205 2742 quo
1223 2673 1547 2729 Franciscus
1572 2677 1612 2741 Ι,
1645 2674 1737 2745 qui
1764 2674 1964 2730 mirum
1994 2675 2047 2728 in
2081 2676 2300 2730 modum

703 2763 1003 2822 elaboravit
1031 2773 1088 2818 ut
1126 2781 1190 2818 ea:
1223 2761 1430 2819 ercia
1460 2775 1618 2835 atque
1646 2767 1865 2833 ludam,
1897 2776 1956 2820 ut
1987 2768 2064 2821 ait
2107 2765 2296 2822 Perio-

703 2859 845 2919 nius,
868 2874 1062 2929 magna
1089 2860 1344 2912 librorum
1374 2856 1682 2915 ercorum
1711 2872 1865 2930 atque
1914 2859 2297 2931 Hebraicorum

703 2948 980 3003 multitudo
1028 2962 1470 3017 comportaretur,
1529 2950 1723 3004 multos
1759 2967 1863 3005 non
1899 2950 2082 3006 Gallos
2118 2955 2295 3019 modo,

701 3041 792 3094 sed
817 3042 974 3094 etiam
1028 3040 1196 3096 Italos
1245 3052 1401 3114 atque
1457 3042 1725 3111 Hispanos
1759 3053 1807 3098 et
1851 3041 2145 3099 Germanos
2172 3045 2294 3116 pul-

701 3129 958 3187 cherrimo
994 3132 1229 3200 exemplo
1269 3133 1617 3189 incitaverat.

772 3219 1014 3293 Utraque
1044 3226 1301 3295 Apologia
1346 3225 1540 3281 Joanni
1574 3226 1770 3298 Burgio
1802 3227 2072 3284 Olivetani
2107 3230 2159 3284 in
2199 3229 2294 3284 Bi-

700 3315 968 3383 turigibus
1006 3316 1240 3370 cmnobii
1263 3317 1459 3372 abbati
1501 3326 1838 3385 nuncupata,
1882 3334 2040 3388 quem
2092 3320 2294 3374 dudum

701 3405 985 3461 Perionius
1006 3408 1059 3460 in
1092 3407 1388 3462 amicitiam
1414 3411 1668 3474 ascitum,
1693 3425 1799 3463 non
1831 3411 2114 3466 desinebat
2142 3420 2196 3466 et
2222 3413 2292 3466 ad

698 3500 1027 3553 retinendam
1056 3502 1573 3570 perpetuandamque
1603 3504 1900 3556 studiorum
1931 3503 2188 3557 rationem
2241 3513 2292 3558 et

699 3590 769 3642 ad
792 3605 984 3644 munus
1006 3591 1338 3660 pra-fectum
1366 3608 1432 3646 ea:
1465 3607 1564 3647 sua
1607 3593 1862 3663 dignitate
1891 3604 1940 3649 et
1973 3610 2038 3648 ea:
2067 3609 2292 3650 suorum

699 3682 928 3737 utilitate
951 3685 1336 3753 exsequendum
1375 3685 1620 3739 incitare.
1736 3745 1739 3751 ,

770 3771 1081 3828 Cohortatio
1115 3778 1186 3830 ad
1221 3774 1433 3830 Graecos
1463 3786 1519 3830 et
1561 3775 1818 3831 Liber'de
1846 3777 2154 3832 monarchia
2187 3779 2289 3833 sub

701 3866 978 3924 Francisci
1015 3869 1208 3924 Boberi
1237 3871 1474 3941 episc0pi
1523 3870 1907 3926 Macloviensis
1937 3872 2159 3926 nomine
2191 3887 2290 3948 ap;

697 3972 908 4030 parent,
956 3962 1043 4017 cui
1095 3962 1384 4018 Perionius
1435 3961 1665 4032 ejusque
1723 3964 1991 4018 avunculo
2028 3963 2288 4036 Dionysio

697 4055 986 4109 Briconeto
1021 4055 1207 4109 abbati
1238 4053 1693 4109 Cormmriacensi
1725 4063 1779 4108 et
1806 4055 2058 4124 episcOpo
2089 4054 2287 4109 Maclo-

696 4145 870 4198 viensi
903 4145 1192 4215 plurimum
1223 4145 1470 4201 debebat.
1507 4144 1645 4205 Nam
1671 4160 1794 4200 cum
1832 4144 2085 4200 Perionio
2134 4145 2288 4201 beni-

696 4238 952 4307 gnitatem
979 4251 1134 4292 suam
1169 4236 1423 4290 claudere
1456 4236 1654 4293 Vellent
1685 4238 1774 4306 qui
1805 4238 1862 4290 ei"
1886 4236 2085 4290 litteris
2111 4234 2284 4288 Lute-

699 4332 784 4386 tia:
831 4345 1052 4398 operam
1111 4331 1262 4383 danti
1316 4331 1519 4384 omniar
1555 4330 2069 4400 suppeditaret-ant,-
2094 4329 2182 4384 ubi
2232 4328 2287 4382 id

696 4420 958 4488 comperit
979 4419 1316 4483 Briconetus,
1354 4419 1470 4474 suis
1502 4419 1651 4474 illum
1697 4420 1890 4490 opibus
1935 4418 2092 4483 fovit,
2131 4434 2285 4472 eum-

2411 546 2608 628 ciplina
2641 562 2796 631 plane
2850 563 3544 629 repudiata.AristoteIicam
3598 565 3654 616 in
3710 564 3808 616 hac
3850 566 3982 630 prin-

2409 654 2520 720 cipe
2558 656 2791 708 omnium
2823 654 3098 706 academia
3129 663 3178 706 et
3208 655 3676 718 comprobaverunt
3719 656 3841 724 ipsi,
3873 666 3918 709 et
3952 674 3982 708 a

2408 746 2517 798 suis
2581 726 2795 812 probari
2845 746 3160 814 retinerique
3218 747 3513 801 voluerunt.
3572 745 3759 815 Itaque
3799 748 3982 804 Justini

2407 848 2594 888 amore
2625 843 2679 889 et
2717 835 2900 888 studio
2931 850 3036 889 non
3067 839 3202 891 adeo
3227 837 3468 900 effertur,
3504 847 3561 892 ut
3589 840 3794 894 victum
3832 843 3893 897 ab
3921 858 3984 897 eo

2404 927 2751 982 Aristotelem
2781 937 2957 996 putet.
2999 926 3302 992 Quinetiam
3328 931 3425 983 hoc
3458 947 3575 985 vere
3615 948 3825 1001 possunt
3852 934 3988 989 dice-

2409 1034 2481 1081 re,
2517 1019 2716 1086 inquit,
2749 1018 3114 1083 Aristotelem,
3147 1023 3192 1073 si
3228 1021 3382 1075 velint
3435 1022 3708 1093 (quoniam
3739 1027 3843 1078 suis
3872 1034 3982 1078 tan-

2407 1119 2516 1178 tups
2539 1110 2829 1164 rationibus
2862 1121 3017 1180 atque
3042 1113 3315 1179 principiis
3334 1130 3450 1166 eum
3482 1113 3731 1170 Justinus
3760 1119 3853 1171 hoc
3875 1118 3983 1171 loco

2407 1199 2623 1269 refellit,
2653 1217 2815 1269 neque
2840 1202 2977 1255 enim
3006 1202 3170 1255 alieni
3191 1220 3222 1256 a
3255 1204 3503 1273 religione
3535 1218 3714 1260 nostra
3760 1209 3984 1262 homines

2403 1295 2718 1363 scriptorum
2747 1295 3042 1348 diuinorum
3071 1296 3379 1350 testimoniis
3409 1301 3589 1368 urgeri
3608 1301 3880 1369 possunt),
3899 1301 3982 1365 fa-

2403 1385 2503 1437 cile
2527 1400 2677 1450 posse
2705 1384 2775 1436 sd
2800 1400 2883 1448 ea,
2906 1399 3024 1453 aute
3068 1396 3253 1437 contra
3297 1401 3439 1450 eum,
3483 1390 3693 1443 sublata
3742 1391 3986 1460 religione

2401 1485 2605 1544 nostra,
2638 1475 2808 1530 ualere
2830 1474 2952 1538 uult,
2985 1477 3294 1541 respondere
3317 1496 3336 1532 .'
3365 1495 3482 1532 cum
3518 1483 3808 1547 prwsertim
3842 1483 3982 1540 nulla

2400 1569 2469 1619 sit
2519 1567 2650 1619 adeo
2690 1565 2879 1618 debilis
2913 1564 3149 1633 maleque
3193 1569 3433 1623 instituta
3484 1572 3783 1641 disciplina,
3837 1580 3983 1642 cujus

2400 1658 2633 1712 homines
2654 1657 2906 1726 principis
2936 1657 3025 1711 sui
3045 1661 3253 1713 decreta
3275 1663 3555 1729 defendere
3584 1682 3688 1718 non
3728 1667 3945 1734 possint.

2478 1751 2637 1806 Anno
2672 1750 2958 1820 sequenti,
2991 1749 3042 1802 id
3077 1759 3160 1805 est
3189 1751 3361 1818 l555,
3396 1756 3595 1822 prodiit
3636 1757 3891 1823 Basilez,
3921 1775 3986 1814 ac

2411 1843 2608 1898 iterum
2637 1843 2870 1908 Parisiis
2895 1854 3097 1895 excusa
3136 1851 3220 1897 est
3247 1859 3391 1900 anno
3421 1847 3560 1901 t575
3590 1847 3694 1902 alia
3726 1849 3988 1919 interpre-

2411 1936 2575 1998 tatio,
2605 1937 2874 1992 adornata
2904 1956 2930 1992 a
2966 1937 3319 2008 Sigismundo
3351 1939 3612 2007 Gelenio,
3643 1943 3736 2009 qui
3765 1959 3899 2004 cum,
3927 1946 3982 1999 in

2408 2025 2526 2095 ipso
2571 2042 2733 2082 cursu
2769 2037 3021 2084 mortuus
3067 2032 3429 2099 interruptum
3470 2046 3607 2100 Opus
3654 2033 3981 2103 reliquisset,

2413 2118 2807 2175 absolvendum
2835 2124 3079 2191 suscepit
3110 2125 3193 2178 vir
3231 2125 3451 2191 quidam
3501 2122 3690 2178 Grece
3717 2137 3771 2180 et
3800 2126 3986 2183 Latine

2409 2212 2615 2279 pet-itus
2645 2213 2773 2283 qui,
2830 2227 2888 2268 ut
2919 2225 3148 2268 testatur
3174 2213 3436 2268 Nicolaus
3463 2215 3752 2284 episcopus
3795 2217 3846 2270 in
3875 2220 3988 2270 Ad-

2406 2306 2697 2358 monitione
2716 2306 2787 2357 ad
2809 2305 3055 2358 lectorem
3081 2343 3096 2369 ,
3135 2321 3237 2358 non
3285 2305 3456 2359 solum
3500 2304 3660 2359 libros
3692 2317 3982 2374 postremas

2405 2392 2526 2460 fecit
2559 2392 2778 2447 Latinos
2807 2434 2823 2459 ,
2869 2395 2960 2448 sed
2997 2395 3192 2448 multos
3242 2398 3400 2448 etiam
3432 2396 3574 2450 locos
3604 2397 3657 2449 in
3695 2397 3981 2465 prioribus,

2405 2486 2491 2537 ubi
2515 2486 2753 2539 carmina
2786 2501 2852 2540 ex
2872 2487 3180 2540 auctoribus
3211 2486 3424 2553 fuerant
3462 2486 3711 2556 allegata,
3737 2505 3852 2559 quc
3875 2487 3982 2543 Ce-

2403 2578 2571 2630 lenius
2616 2593 2679 2630 ne
2728 2594 2837 2632 suat
2888 2579 3347 2647 interpretationis
3399 2594 3611 2633 cursum
3657 2591 3980 2645 moraretur,

2402 2669 2796 2724 trsnsilierat...
2850 2671 3102 2740 supplevit
3130 2711 3144 2734 ,
3197 2687 3350 2724 sensu
3403 2682 3577 2726 tamen
3623 2678 3789 2742 magis
3823 2691 3984 2742 quant

2402 2762 2634 2814 carmine
2659 2799 2675 2825 ,
2711 2761 2915 2815 etiamsi
2960 2773 3111 2831 poeta
3144 2764 3216 2816 sit
3255 2763 3476 2817 eximius
3498 2805 3512 2828 ,
3557 2764 3857 2820 exhibito...
3890 2781 3985 2820 ex-

2400 2853 2592 2906 cellens
2641 2855 2798 2907 etium
2830 2854 3013 2906 multis
3041 2855 3162 2907 aliis
3207 2853 3302 2907 Dei
3331 2855 3482 2908 donis
3503 2895 3519 2919 ,
3549 2859 3776 2910 maxime
3806 2869 3982 2910 autem

2401 2942 2737 2998 restituendis
2772 2945 3046 3013 utriusque
3089 2945 3280 3014 linguae
3312 2947 3623 3014 scriptorum
3649 2949 3983 3015 depravatio-

2399 3035 2550 3089 nibus
2579 3053 2598 3092 :
2631 3036 2693 3089 de
2716 3053 2818 3104 quo
2843 3046 2990 3090 tanta
3019 3038 3239 3105 parcius
3267 3037 3478 3107 loquar,
3504 3049 3701 3108 quanto
3723 3039 3778 3093 id
3805 3041 3988 3093 notius

2396 3140 2474 3183 est
2497 3129 2760 3197 pluribus.

2468 3219 2712 3274 Extremi
2751 3219 2909 3286 libri,
2945 3219 3038 3289 qui
3081 3221 3303 3276 erudito
3345 3221 3467 3278 viro
3516 3223 3584 3276 ad
3616 3223 3988 3292 interpretan-

2398 3311 2523 3366 dum
2566 3313 2740 3366 relicti
2793 3323 2954 3378 sunt,
2997 3313 3251 3368 videntur
3300 3329 3419 3370 esse
3465 3315 3684 3368 Artstot.
3742 3317 3985 3385 dogmat.

2397 3403 2752 3472 Confutatio,
2806 3403 3134 3468 Quwstiones
3193 3408 3263 3460 ad
3310 3408 3593 3460 orthodox.
3649 3417 3815 3476 atque
3858 3409 3990 3465 alia:

2395 3494 2822 3550 Christianorum
2863 3497 2934 3548 ad
2960 3495 3172 3551 Graecos
3205 3508 3258 3551 et
3287 3496 3592 3552 Gra’corum
3619 3501 3687 3552 ad
3715 3499 3989 3555 Christia-

2395 3599 2490 3636 nos
2517 3585 2867 3649 Qumtiones.
2905 3585 3027 3640 Haec
3082 3589 3227 3641 enim
3259 3590 3599 3654 accuratius,
3631 3605 3795 3660 quam
3836 3593 3988 3649 solet

2392 3676 2687 3742 Gelenius,
2732 3676 2887 3731 fuere
2929 3679 3163 3732 reddita.
3213 3679 3443 3749 Dignum
3482 3689 3602 3734 erat
3632 3682 3831 3736 eruditi
3872 3684 3986 3738 viri

2394 3785 2629 3832 nomen,
2666 3769 2808 3838 quod
2838 3771 3076 3840 posteris
3123 3773 3444 3840 proderetur
3489 3788 3504 3826 :
3553 3773 3647 3826 sed
3679 3773 3821 3826 forte
3844 3788 3873 3826 a
3911 3775 3986 3828 li-

2393 3859 2578 3915 brario
2613 3862 3040 3930 praetermissum
3060 3902 3076 3928 ,
3105 3873 3162 3916 ut
3209 3863 3355 3941 illius
3390 3865 3670 3919 modestiae
3697 3876 3982 3935 parceret.

2390 3952 2448 4006 In
2485 3955 2587 4007 bac
2631 3954 2869 4008 editione
2901 3955 3171 4009 retinetur
3225 3971 3451 4023 operum
3489 3958 3626 4012 ordo
3656 3972 3816 4027 quem
3868 3957 3987 4013 Ro-

2389 4045 2575 4100 bertus
2617 4043 2929 4114 Stephanus
2974 4046 3381 4101 observaverat.
3429 4047 3488 4101 ln
3537 4050 3778 4103 editione
3818 4048 3988 4104 Pari-

2389 4136 2580 4202 siensi,
2605 4152 2725 4213 quae
2754 4153 2898 4192 anno
2930 4137 3070 4191 1575
3099 4139 3321 4206 prodiit,
3357 4141 3613 4210 adjuncta
3644 4151 3728 4194 est
3750 4141 3808 4195 S.
3839 4141 3983 4211 Hip-

2387 4228 2553 4298 polyti
2576 4229 2755 4284 oratio
2772 4230 2836 4284 de
2856 4232 3323 4287 consummatione
3338 4234 3521 4286 mundi
3537 4234 3980 4303 etAnticbristo,

2387 4330 2441 4374 et
2468 4320 2705 4375 secundo
2732 4321 2978 4377 Adventu
3016 4323 3229 4380 Domini
3278 4323 3410 4380 Jesu
3441 4325 3648 4380 Christi
3687 4342 3754 4381 ex
3793 4327 3982 4384 inter-

2387 4415 2693 4476 pretatione
2721 4413 2949 4470 Joannis
2972 4414 3111 4472 Pici.

696 4527 800 4581 que
849 4511 1083 4564 moriens
1136 4509 1425 4565 Francisco
1465 4511 1699 4574 Bohero,
1761 4511 1917 4580 cujus
1964 4527 2069 4566 non
2102 4513 2282 4568 minus
2313 4519 2357 4572 ι)
2455 4501 2692 4559 Joannes
2710 4503 2926 4577 Langus
2951 4505 3183 4562 Silesius
3203 4507 3422 4562 tertiam
3452 4507 3980 4577 interpretationem

696 4603 905 4673 prolixa
930 4602 1028 4656 fuit
1063 4602 1441 4668 beneficentia,
1476 4603 1902 4658 commendavit.

765 4693 901 4749 Cum
933 4693 1330 4763 Expositionem
1356 4695 1482 4761 ﬁdei
1503 4695 1793 4762 genuinum
1825 4709 1950 4748 esse
1975 4691 2175 4749 Justini
2208 4695 2286 4750 fec

698 4796 809 4842 tum
852 4787 1192 4843 existimaret
1245 4788 1561 4855 Perionius,
1595 4803 1692 4842 nec
1759 4786 1896 4842 labis
1949 4786 2285 4842 Nestorianm

696 4880 960 4949 maculas,
1007 4879 1203 4950 quibus
1233 4881 1335 4935 hoc
1365 4897 1501 4949 opus
1530 4881 1766 4934 inustum
1795 4888 1898 4947 est,
1935 4881 2282 4935 animadver-

698 4972 870 5035 tisset,
902 4986 1009 5026 non
1063 4973 1271 5041 putavit
1320 4988 1378 5026 se
1427 4973 1597 5025 ullum
1646 4973 1863 5037 librum,
1915 4974 2003 5042 qui
2044 4972 2280 5042 majores

697 5066 1188 5133 prastantioresque
1219 5082 1298 5117 res
1326 5065 1633 5129 contineret,
1666 5081 1815 5132 posse
1849 5067 2053 5118 mittere
2090 5064 2282 5117 Carolo

701 5157 1026 5226 Lotltaringo
1059 5155 1342 5219 cardinali,
1378 5156 1734 5224 adjunxitque
1760 5153 2051 5220 Epistulam
2085 5156 2151 5207 ad
2182 5152 2284 5207 Ze-

701 5267 821 5302 nam
851 5260 897 5304 et
945 5247 1224 5313 Serenum,
1252 5257 1306 5303 et
1333 5251 1560 5317 quinque
1595 5248 1924 5313 Qucestione‘s
1959 5248 2286 5301 Christiano-

701 5358 816 5396 rum
841 5343 909 5395 ad
945 5340 1177 5400 Grazcos.
1205 5341 1446 5412 Reliquae
1477 5342 1806 5409 Quasliones
1827 5343 2118 5399 Francisco
2138 5343 2280 5397 Tur-

700 5436 864 5489 nouio
891 5436 1152 5489 cardiuali
1204 5436 1603 5490 inscribuntur.
1648 5435 1940 5504 Supererat
1984 5436 2281 5488 Aristotelis

698 5525 1011 5595 Confutatio
1042 5545 1059 5580 :
1091 5532 1228 5582 banc
1257 5531 1308 5582 itt
1339 5529 1558 5583 nomine
1619 5527 1901 5582 Pliiliberti
1945 5527 2112 5582 Baboi
2168 5528 2283 5597 epi-

699 5619 845 5687 scopi
878 5619 1305 5689 Engolismensis
1356 5622 1545 5685 edidit,
1581 5624 1819 5691 satisque
1853 5622 2087 5689 ingenue
2119 5620 2280 5674 timo-

700 5725 812 5764 rem
842 5727 997 5765 suum
1028 5711 1247 5779 fatetur,
1303 5729 1367 5767 ne
1422 5713 1580 5784 hujus
1610 5713 1730 5766 libri
1762 5713 1982 5767 lectione
2022 5713 2115 5764 alii
2147 5729 2177 5764 a
2206 5712 2281 5766 le-

700 5815 863 5873 genan
886 5804 1162 5858 Aristotele
1203 5806 1366 5875 magis
1398 5821 1558 5875 quam
1603 5802 1826 5858 Platone
1893 5805 2277 5857 deterreantur.

2387 4608 2531 4647 anno
2575 4594 2710 4648 1565
2761 4596 2813 4649 itt
2846 4597 3024 4653 lucem
3055 4599 3237 4652 emisit
3287 4599 3546 4663 Basileze,
3582 4601 3782 4656 additis
3820 4617 3986 4658 com-

2388 4687 2687 4740 mentariis.
2732 4685 2880 4755 Opus
2923 4675 3234 4745 absolverat
3281 4702 3576 4761 antequam
3625 4691 3877 4748 Periouii.
3919 4708 3986 4752 et.

2385 4775 2596 4832 Gelenii
2645 4778 3094 4836 elucubrationes
3152 4782 3207 4835 in
3265 4783 3384 4850 ejus
3432 4799 3625 4838 manus
3683 4785 3974 4853 venirent;

2387 4874 2502 4936 sed,
2534 4873 2599 4926 iis
2629 4873 2908 4940 perlectis,
2950 4880 3180 4927 testatur
3204 4890 3308 4928 non
3333 4877 3495 4929 modo
3516 4889 3696 4944 operte
3719 4891 3831 4930 suae
3857 4893 3976 4932 non

2385 4980 2443 5018 se
2475 4966 2821 5033 pcenituisse,
2855 4965 2946 5018 sed
2973 4965 3138 5019 etiam
3173 4967 3387 5022 animos
3418 4968 3740 5032 accessisse,
3761 4977 3818 5020 ut
3843 4983 3978 5022 eam

2386 5059 2662 5113 hominum
2688 5057 2911 5128 judiciis
2943 5058 3202 5113 libentius
3234 5062 3622 5115 committeret.
3661 5059 3768 5114 Sua
3809 5061 3977 5118 illum

2383 5167 2504 5222 spes
2545 5168 2648 5206 non
2683 5152 2906 5219 fefellit;
2941 5171 3068 5209 nam
3099 5154 3218 5222 ejus
3257 5156 3632 5222 interpretatio
3659 5155 3782 5208 aliis
3807 5165 3980 5210 ante-

2384 5244 2639 5313 ponitur;
2674 5247 2768 5300 sed
2809 5255 2991 5301 tamen
3024 5246 3124 5302 etsi
3157 5261 3263 5304 non
3293 5255 3400 5299 tam
3433 5245 3666 5300 licenter
3692 5247 3978 5316 interpre-

2385 5346 2528 5391 tatur
2553 5354 2715 5407 quam
2747 5338 3006 5393 Gelenius
3029 5379 3046 5404 ,
3098 5354 3198 5394 nec
3239 5347 3344 5393 tam
3374 5354 3516 5407 saepe
3557 5340 3759 5393 labitur
3787 5355 3973 5408 quam

2382 5429 2666 5486 Perionius
2690 5473 2706 5498 ,
2745 5434 2860 5487 suis
2892 5445 3073 5488 tamen
3103 5435 3304 5489 erratis
3344 5450 3450 5489 tton
3502 5444 3688 5499 caret,
3726 5450 3975 5503 quorum

2382 5525 2640 5580 nonnulla
2695 5524 3007 5594 elfugisset,
3053 5526 3097 5581 si
3136 5525 3378 5580 Perionii
3413 5536 3468 5581 et
3517 5525 3733 5580 Gelenii
3785 5527 3976 5581 inter-

2382 5619 2718 5686 pretationes
2775 5632 2899 5670 cum
2956 5633 3054 5671 sua
3122 5618 3418 5687 diligenter
3475 5618 3832 5681 contulisset;
3907 5629 3979 5673 ut

2381 5711 2628 5765 omittam
2664 5710 2808 5763 illam
2847 5711 3113 5765 imitando
3143 5718 3376 5779 utroque
3402 5710 3695 5776 ciartoretp
3728 5724 3876 5777 saepe
3910 5722 3977 5764 et.

2381 5801 2770 5873 elegantiorem
2818 5801 2936 5855 ﬁeri
2989 5801 3253 5870 patuisse.
3291 5801 3463 5872 Langi
3513 5794 3972 5871 interpretationi
