4120 6474
178 473 230 526 ίδ
1163 464 1230 519 D.
1269 463 1532 520 MARANJ
1567 461 1726 517 ΡΒᾸΞ

1827 459 1956 514 Tit).
2000 490 2062 498 —-—
2101 458 2281 514 PARS
2313 457 2354 512 1.
3333 460 3399 512 1.2

177 592 316 642 honor
350 587 572 644 habitus
600 588 700 642 fuit
721 587 775 641 in
804 585 1149 647 editionibus,
1180 602 1298 656 quae
1330 597 1512 654 postea
1555 587 1719 655 prod-
1749 593 1794 645 Α
1822 583 2290 651 addidit,|etjua:ta
2311 583 2657 648 quorumdam
2693 581 3088 635 Neotericorum
3121 582 3398 634 doctorum

176 684 352 742 ierunt,
415 691 644 749 excepta
703 693 880 735 tamen
919 680 1257 734 Bibliotheca
1291 679 1515 734 Patrum
1562 680 1721 733 Colo-

178 773 320 825 niensi
355 773 486 826 anni
516 773 676 839 1618,
713 773 766 826 in
818 787 980 842 quam
1013 783 1224 842 recepta
1260 771 1359 825 fuit
1392 773 1721 839 interpreta-

177 861 237 916 tio
267 861 522 917 Periouii.

233 953 381 1025 Longi
418 970 561 1025 opus
589 955 961 1011 consideranti
1006 955 1134 1011 mihi
1170 956 1357 1009 mirari
1405 953 1572 1008 subiit
1619 954 1718 1006 hn-

177 1047 310 1100 minis
333 1048 668 1100 sententiam
702 1047 769 1100 de
803 1045 1220 1111 controversiis,
1246 1059 1364 1113 quae
1387 1054 1498 1096 tum
1525 1058 1721 1111 magno

179 1151 284 1193 astu
317 1140 617 1195 fervebant.
667 1139 724 1194 In
756 1141 983 1210 epistola
1025 1141 1417 1208 nuncupatur-ia
1450 1139 1516 1191 ad
1550 1138 1721 1190 Maxi-

178 1231 430 1286 milianum
463 1231 737 1287 Bohemiaa
783 1247 963 1300 regem
1013 1231 1160 1302 luget
1205 1240 1424 1284 exortas
1454 1231 1520 1284 ab
1561 1231 1724 1283 annis

179 1325 277 1384 plus
304 1325 481 1377 minus
513 1326 870 1395 quadraginta
910 1324 964 1378 in
997 1323 1294 1379 Germania
1341 1334 1395 1377 et
1425 1324 1551 1378 aliis
1588 1323 1721 1377 locis

177 1420 544 1474 dissensiones.
589 1423 658 1473 At
681 1435 746 1475 eo
773 1434 1062 1486 consensu,
1093 1418 1188 1488 qui
1224 1418 1311 1472 his
1337 1419 1403 1472 de
1433 1420 1597 1471 rebus
1627 1433 1723 1469 an-

179 1522 246 1563 tea
275 1511 485 1582 vigebat
524 1528 622 1566 nec
648 1515 832 1581 vigere
877 1513 1020 1567 inter
1061 1511 1361 1566 catholicos
1407 1511 1585 1572 desiit,
1626 1511 1722 1562 mi-

179 1603 299 1658 nime
329 1615 599 1658 movetur.
653 1606 887 1660 Sanctos
933 1604 1126 1659 Patres
1171 1603 1388 1674 plurimi
1425 1603 1602 1657 facere
1636 1605 1716 1655 vi-

176 1698 346 1762 detur,
377 1699 767 1766 contenditque
795 1711 984 1752 eorum
1013 1737 1028 1762 ,
1060 1707 1311 1766 tanquam
1344 1694 1596 1749 Ecclesite
1634 1696 1718 1747 ln-

175 1803 448 1850 cernarum,
474 1806 716 1858 magnam
773 1790 828 1842 in
861 1805 926 1843 ea
979 1805 1092 1842 esse
1135 1790 1321 1842 debere
1349 1788 1720 1841 auctoritatem

175 1895 262 1930 non
280 1880 518 1945 priuatim
556 1889 760 1932 tantum
792 1880 933 1948 apud
957 1880 1212 1949 singulos,
1241 1894 1416 1932 verum
1439 1879 1596 1931 etiam
1623 1895 1720 1944 pu-

1823 677 2163 737 doctrinam,
2201 677 2289 745 qui
2324 677 2386 727 ab
2415 691 2472 728 eo
2504 675 2758 727 nominati
2793 692 2896 727 non
2938 678 3011 727 ita
3059 677 3261 743 pridem
3303 680 3395 727 de-

1821 779 2108 822 cesserunt.
2148 767 2271 821 Non
2299 769 2435 821 enim
2464 809 2478 831 ,
2525 779 2580 819 ut
2627 768 2836 834 opinor,
2869 768 3048 830 aliter,
3083 767 3221 821 sicut
3261 769 3399 827 dixi,

1737 903 1754 926 ,
1825 863 1931 916 illis
1962 861 2272 928 satisfacere
2297 862 2485 927 potuit.
2540 857 2649 911 Nec
2677 859 2865 910 dubito
2899 861 3024 928 quin
3050 860 3293 926 princeps
3333 863 3400 926 is,

1821 969 1926 1020 qua
1966 963 2043 1004 est
2083 951 2364 1018 prudentia
2405 952 2695 1016 prazditus,
2727 952 2790 1003 de
2820 968 2916 1005 suo
2950 952 3114 1016 ipsius
3155 952 3400 1013 consilio,

1822 1046 1868 1100 si
1898 1061 1992 1113 per
2014 1044 2387 1097 seditiosorum
2422 1043 2695 1095 hominum
2722 1044 3178 1112 importunitatem
3219 1045 3403 1097 licuis-

1822 1148 1920 1201 set,
1949 1154 2044 1206 pro
2075 1136 2289 1190 novellis
2314 1137 2662 1202 scriptoribus
2688 1137 2932 1206 antiquos
2963 1136 3169 1203 Patres,
3189 1137 3402 1193 Gra'cos

1823 1240 1870 1283 et
1908 1228 2122 1282 Latinos
2153 1229 2312 1296 fuerit
2346 1228 2694 1294 repositurus.

1896 1319 1952 1373 in
1983 1320 2336 1389 disponendis
2384 1322 2439 1374 ὃ.
2473 1317 2673 1374 Justiui
2714 1322 2970 1389 Opcrihns
2999 1325 3283 1378 materiam
3319 1341 3403 1379 se-

1823 1423 1981 1467 cutus
2021 1424 2106 1466 est
2129 1450 2146 1476 ,
2188 1426 2251 1466 ac
2278 1411 2551 1465 Justinum
2587 1414 2636 1466 in
2665 1423 2775 1467 tres
2808 1426 2982 1469 tomos
3009 1416 3224 1481 divisit,
3265 1434 3404 1486 quo-

1827 1521 1941 1558 rum
1973 1505 2148 1572 primo
2179 1505 2527 1559 continentur
2558 1505 2884 1570 Coltortatio,
2915 1506 3068 1560 Liber
3099 1510 3164 1561 de
3194 1525 3407 1562 monar-

1824 1595 1984 1661 chia,
2037 1596 2156 1648 dua:
2213 1595 2480 1666 Apologia:
2546 1597 2742 1664 quibus
2795 1598 3108 1669 adiungitur
3171 1601 3406 1656 Athena-

1821 1705 1963 1756 gora:
2006 1686 2252 1756 Legatio,
2309 1690 2546 1758 denique
2589 1691 2887 1745 Aristotelis
2923 1694 3226 1762 dogmatum
3262 1694 3404 1749 Con-

1824 1780 2017 1849 {utatio
2077 1767 2200 1834 cum
2268 1783 2599 1849 Appendice,
2636 1795 2693 1835 ut
2751 1786 2890 1853 apud
2929 1785 3245 1855 IRobertum
3285 1787 3405 1841 Ste-

1824 1873 2085 1940 phanum,
2152 1881 2206 1926 et
2233 1871 2564 1937 Qua’stiones
2604 1874 3030 1928 Christianorum
3067 1878 3134 1930 ad
3167 1875 3402 1932 ercos.

177 1971 287 2024 ilice
312 1972 362 2024 in
391 1972 736 2026 conventibus
772 1974 939 2026 sacris
970 1983 1016 2026 et
1039 1972 1277 2026 conciliis
1301 1971 1443 2039 apud
1473 1972 1719 2026 mortales
1753 1965 1795 2024 Β
1823 1961 2052 2016 Τοηιιῑῐη
2081 1963 2379 2017 εθευηάυῐη
2423 1963 2612 2032 implet
2655 1965 2910 2036 9501091“
2952 1984 3070 2021 cum
3106 1968 3405 2038 Tryphone.

176 2079 434 2127 sescenos,
466 2066 656 2130 quibus
701 2068 910 2120 nomine
936 2076 985 2120 et
1026 2067 1197 2135 gloria
1241 2065 1441 2120 Christi
1469 2076 1516 2119 et
1552 2064 1724 2119 salute

172 2157 362 2219 propria
390 2157 524 2208 nihil
552 2167 628 2209 est
653 2159 801 2222 prius
827 2166 874 2209 et
903 2156 1196 2224 antiquius.

232 2246 291 2296 At
335 2246 421 2300 ille
471 2257 790 2301 sanctorum
837 2247 1060 2300 Patrum
1109 2245 1357 2300 laudator
1385 2260 1545 2314 quam
1583 2244 1726 2298 male

175 2343 271 2392 suis
314 2342 425 2409 ipse
470 2350 581 2394 stat
618 2339 905 2409 principiis
935 2350 991 2392 et
1027 2339 1312 2409 przeceptis
1356 2338 1719 2407 obsequitur!

174 2431 285 2484 .‘ism
329 2434 454 2487 dum
507 2441 910 2489 commentatur
966 2433 1232 2502 insignem
1282 2429 1479 2487 Justini
1537 2429 1722 2484 let-um

173 2521 304 2589 Αροι.
335 2525 382 2589 1,
413 2541 566 2578 num.
589 2524 782 2590 65,ubi
812 2525 870 2580 S.
905 2533 1111 2594 martyr
1141 2536 1248 2579 tam
1285 2524 1489 2579 diserte
1512 2533 1566 2577 et
1590 2539 1724 2577 con-

173 2624 359 2668 stanter
389 2628 672 2670 asseverat
725 2631 920 2686 panem
973 2626 1028 2670 et
1057 2617 1246 2669 vinum
1287 2615 1402 2670 ﬁeri
1437 2630 1633 2683 corpus
1670 2625 1727 2668 et

174 2708 472 2774 sanguinem
509 2706 737 2770 Christi,
769 2717 931 2776 quam
976 2708 1151 2777 ipsum
1187 2706 1418 2763 Verbum
1453 2708 1724 2763 hominem

171 2810 277 2850 esse
301 2796 505 2850 factum
532 2817 544 2860 ;
568 2798 696 2867 quid
732 2799 857 2852 huic
890 2799 1202 2854 testimonio
1229 2803 1447 2869 opponit
1469 2798 1726 2869 Longus?

177 2885 304 2940 Unus
329 2888 402 2940 illi
431 2903 539 2956 pro
567 2889 821 2944 omnibus
844 2887 1098 2943 Patribus
1141 2900 1224 2943 est
1257 2888 1573 2944 Valentinus
1595 2891 1728 2944 Cra-

172 2979 385 3044 tosldus,
413 2981 708 3051 presbyter
740 2980 1204 3045 Vratislaviensis,
1236 2997 1398 3051 quem
1434 2983 1484 3036 in
1513 2982 1727 3036 Graecis

173 3070 346 3127 litteris
375 3083 774 3143 praceptorcm
809 3073 1097 3129 habuerat.
1133 3074 1246 3129 Hoc
1276 3085 1642 3132 monstratore
1674 3085 1728 3128 et

171 3166 411 3233 magistro
463 3165 681 3231 fretus,
735 3165 943 3221 Christi
992 3168 1197 3232 verba,
1255 3166 1368 3221 Hoc
1418 3179 1492 3221 est
1537 3185 1726 3236 corpus

169 3270 338 3320 meum,
373 3256 457 3309 hic
481 3268 562 3310 est
591 3260 810 3326 sanguis
837 3274 1002 3319 meus,
1038 3273 1134 3327 por
1164 3274 1384 3312 causam
1418 3258 1724 3328 explicandi

167 3357 211 3398 et
237 3349 561 3416 explanandi
611 3350 882 3404 invertere
937 3366 1040 3406 non
1074 3351 1285 3405 dubitat
1332 3351 1475 3404 hunc
1509 3351 1560 3404 in
1613 3366 1726 3405 mo-

170 3440 276 3489 dum
299 3458 313 3492 :
338 3439 560 3511 Corpus
589 3455 768 3495 meum
795 3450 880 3496 est
923 3443 1056 3506 hoc,
1090 3458 1271 3510 nempe
1299 3445 1450 3511 panis
1486 3455 1535 3496 et
1577 3445 1725 3497 cibus

171 3533 452 3594 spiritualis
503 3542 556 3587 et
586 3533 731 3587 vivus
758 3535 850 3602 qui
890 3535 955 3586 de
995 3538 1119 3590 calo
1165 3536 1470 3600 descendit;
1505 3536 1726 3606 sanguis

175 3639 304 3678 meus
332 3636 415 3680 est
461 3627 590 3692 hoc,
639 3643 822 3697 nempe
862 3639 1015 3696 potus
1045 3630 1375 3698 spiritualis,
1404 3630 1638 3697 vivi/icus
1680 3639 1727 3682 et

169 3719 383 3772 celestis.

221 3809 486 3868 Justitiam
520 3814 830 3884 putativam
877 3815 957 3869 sic
1010 3816 1298 3885 exagitat:
1333 3814 1496 3869 Fides
1541 3819 1730 3886 hujus-

167 3909 322 3973 tlodi,
379 3909 561 3975 inquit
585 3950 601 3973 ,
651 3907 941 3977 plurimum
983 3910 1154 3980 οἰήσει
1184 3924 1230 3964 et
1259 3909 1515 3982 δοκήσει,
1562 3913 1613 3967 id
1648 3925 1732 3967 est

167 4002 540 4054 existimatione
567 4013 616 4055 et
645 4003 892 4069 opinione
927 4003 1245 4070 concipitur,
1287 4006 1586 4058 substantia
1634 4022 1742 4067 ca—,

167 4107 285 4152 rens,
304 4105 348 4146 et
369 4095 598 4163 justitia
623 4095 861 4162 putatiea
887 4093 1078 4146 nititur
1102 4105 1150 4147 et
1174 4096 1444 4159 consistit,
1472 4096 1730 4150 habitura

166 4185 298 4236 etiam
337 4186 417 4252 (ut
441 4185 736 4239 verendum
759 4185 862 4251 est)
897 4198 1303 4243 consentaneam
1332 4189 1433 4242 sibi
1481 4205 1731 4243 munera-

167 4275 331 4329 rium
357 4279 661 4344 putatioam
691 4288 736 4330 et
767 4279 1164 4335 retributionem
1214 4282 1617 4351 imaginariam.
1661 4283 1730 4337 Et

166 4367 372 4422 homines
402 4371 515 4423 otio
537 4370 761 4438 perditi,
793 4372 884 4440 qui
907 4371 962 4425 in
990 4374 1208 4429 dubium
1240 4387 1450 4440 vocant,
1476 4395 1543 4432 an
1571 4379 1730 4433 bene-

168 4457 294 4518 factis
342 4479 472 4530 opus
522 4465 596 4516 sit
637 4459 941 4516 Christiano
986 4466 1056 4518 ad
1106 4467 1370 4530 salutem,
1412 4471 1540 4537 quid
1581 4472 1731 4524 aliud

169 4564 325 4618 agunt,
348 4573 511 4625 quam
536 4555 688 4624 quod
722 4561 999 4628 manifesto
1027 4563 1346 4628 ostendunt,
1380 4579 1435 4616 se
1466 4564 1520 4616 in
1546 4566 1733 4632 dispu-

1830 2055 2049 2108 tertium
2079 2052 2358 2124 Expositio
2394 2056 2540 2124 ﬁdei,
2579 2057 2820 2125 Epistola
2856 2061 2923 2112 ad
2949 2060 3146 2114 Zenam
3173 2074 3219 2114 et
3250 2060 3407 2116 Sere-

1827 2160 1994 2208 num,
2037 2145 2365 2209 Quwstiones
2413 2159 2466 2200 et
2519 2147 2899 2217 Responsiones
2947 2153 3016 2204 ad
3060 2154 3381 2209 orthodoxos

1827 2252 1948 2290 cum
1991 2238 2382 2302 Quwstionibus
2424 2238 2733 2295 errorum
2765 2247 2832 2296 ad
2870 2243 3218 2300 Christianos.

1899 2328 2045 2383 Ante
2092 2332 2191 2385 hos
2244 2331 2576 2400 interpretes
2616 2332 2854 2391 Joannes
2885 2336 3048 2393 Picus
3079 2340 3410 2397 Mirandnla-

1828 2432 1931 2472 nus
1977 2417 2410 2475 Goltortationern
2463 2427 2531 2476 ad
2571 2423 2784 2479 Graecos
2832 2427 3024 2485 Latine
3065 2434 3406 2500 reddiderat;

1829 2525 1949 2577 quae
1975 2512 2358 2583 interpretatio
2388 2515 2532 2569 inter
2564 2516 2678 2585 ejus
2712 2534 2878 2586 opera
2913 2524 3057 2576 edita
3087 2535 3173 2579 est
3203 2527 3410 2598 Argen—

1832 2603 1994 2657 torati
2045 2621 2190 2660 anno
2222 2605 2378 2672 1507,
2412 2619 2465 2662 et
2497 2608 2662 2663 Basil.
2699 2611 2928 2675 1528,in
2970 2615 3087 2680 lol.,
3128 2616 3179 2670 in
3207 2616 3291 2674 J0.
3324 2621 3410 2675 Si-

1827 2697 2019 2752 chardi
2055 2698 2305 2755 Antidota
2339 2711 2522 2754 contra
2563 2704 2810 2769 nter-eses,
2846 2715 2900 2760 et
2945 2708 2996 2761 in
3025 2709 3410 2784 Micropresby-

1828 2791 1928 2843 tico
1976 2790 2145 2855 1550,
2193 2801 2248 2845 et
2282 2791 2791 2866 Oi‘thodoxog-raplto
2825 2799 2951 2854 1551
2981 2841 2996 2866 ,
3035 2803 3177 2859 1569
3201 2846 3216 2870 ,
3246 2817 3410 2876 atque

1831 2883 2027 2937 iterum
2063 2884 2204 2937 inter
2231 2884 2318 2939 J0.
2373 2884 2655 2942 Fraucisci
2706 2889 2815 2944 Pici
2849 2909 3013 2961 opera
3043 2895 3210 2950 Basil.
3247 2901 3410 2961 1601.

1831 2975 1885 3028 in
1921 2974 2042 3042 fol.;
2101 2975 2494 3043 Refutationem
2542 2979 2842 3036 Aristotelis
2898 2987 3199 3056 dogmatum
3248 3006 3410 3047 vertit

1830 3066 2024 3122 Latine
2062 3068 2384 3126 Guiilelmus
2430 3071 2741 3142 Postellus,
2786 3077 3015 3136 Parisiis
3046 3101 3174 3141 anu.
3231 3088 3409 3154 1552,

1833 3161 1883 3214 in
1923 3163 2001 3216 8ο.

1904 3255 2103 3311 Habuit
2133 3258 2298 3313 etiam
2326 3261 2577 3317 Justinus
2620 3265 2713 3334 qui
2743 3279 2866 3321 eum
2899 3268 3106 3328 Gallica
3133 3274 3314 3345 lingua
3349 3281 3414 3333 il-

1831 3347 2156 3404 lustrarent.
2188 3349 2364 3420 Opera
2397 3355 2585 3408 omnia
2615 3372 2643 3410 a
2693 3357 2932 3417 Roberto
2962 3363 3238 3434 Stephano
3268 3373 3408 3426 edita

1828 3439 2033 3497 Gallice
2079 3444 2314 3498 reddidit
2357 3445 2596 3504 Joannes
2637 3451 2703 3507 de
2734 3451 3012 3510 Maumont
3053 3475 3198 3514 anno
3247 3464 3410 3529 155i,

1832 3545 1994 3605 atque
2020 3537 2159 3593 hanc
2191 3540 2665 3600 elucubrationem
2697 3546 2952 3604 Monlucii
2997 3550 3258 3611 Valentia:
3290 3575 3408 3629 Cpi-

1832 3628 1980 3695 scopi
2029 3627 2248 3684 ltortatu
2282 3645 2597 3701 susceptam
2627 3647 2683 3690 et
2716 3643 2856 3710 typis
2895 3642 3176 3702 Michaelis
3210 3627 3412 3705 Vasco-

1832 3721 1950 3774 sani
1982 3735 2239 3776 excusam
2268 3764 2283 3790 ,
2333 3726 2596 3782 cardinali
2639 3729 3011 3804 Lothariugia:
3057 3751 3410 3811 nuncupavit.

1833 3815 1961 3870 Haec
2011 3819 2396 3886 interpretatio
2429 3823 2629 3877 iterum
2668 3841 2870 3882 excusa
2917 3846 3061 3888 anno
3095 3837 3230 3892 1559
3269 3845 3412 3910 apud

1835 3908 2105 3965 eumdem.
2155 3910 2356 3966 Eadem
2405 3914 2587 3985 lingua
2629 3915 3060 3980 Coitortationem
3089 3933 3158 3982 ad
3197 3908 3414 3989 Graioos

1835 4011 1977 4054 anno
2006 3998 2144 4052 1580
2186 3999 2360 4056 Paris.
2391 4002 2654 4060 Martinus
2701 4008 2912 4079 Dupin;
2982 4018 3242 4083 majorem
3273 4025 3414 4090 Apo-

1837 4088 2032 4159 logiam
2074 4091 2359 4149 Cbauutus
2405 4112 2550 4151 anno
2594 4098 2765 4167 1670;
2824 4102 3118 4172 Epistolam
3173 4114 3245 4165 ad
3286 4088 3413 4169 Dio-

1836 4193 2047 4253 gnetum
2092 4183 2272 4240 Paris.
2321 4201 2466 4242 anno
2497 4189 2633 4244 1725
2665 4191 2723 4246 Ρ.
2768 4195 2818 4249 le
2848 4196 2991 4252 Gras
3040 4199 3278 4260 Oratorii
3322 4225 3414 4261 Sa—

1838 4279 2032 4331 cerdos
2062 4279 2438 4334 reddiderunt.
2472 4282 2608 4336 Cum
2657 4285 2964 4344 delituisset
2988 4292 3278 4355 Cbauutus
3313 4306 3414 4356 sub

1838 4373 2059 4426 nomine
2107 4372 2252 4428 Petri
2301 4375 2551 4441 Fondet,
2606 4377 2805 4435 iterum
2863 4385 2976 4438 hinc
3031 4387 3415 4461 interpretato

1838 4478 2039 4520 excusa
2063 4475 2148 4520 est
2179 4481 2322 4523 anno
2347 4469 2507 4534 1686,
2539 4470 2639 4524 sub
2663 4488 2792 4528 vero
2821 4476 3136 4547 interpretis
3167 4489 3410 4547 nomine,

1839 4557 2167 4612 Germanice
2215 4557 2648 4615 Cohortationem
2715 4567 2783 4617 ad
2839 4565 3051 4626 ercos
3126 4575 3417 4640 illustravit

181 4650 399 4702 latione.
427 4649 745 4718 ambiguam
769 4651 1022 4704 deducere
1052 4651 1328 4706 Dominica
1359 4663 1407 4706 et
1436 4655 1727 4718 apostolica
1761 4665 1804 4719 ι)
1836 4652 2040 4722 Caspar
2069 4654 2237 4710 Hedio
2263 4670 2409 4710 anno
2443 4655 2603 4722 1550,
2632 4673 2754 4713 cum
2784 4659 3025 4718 Historia
3053 4670 3411 4730 ecclesiastica

172 4743 357 4794 oracula
385 4743 748 4809 (prophetica
777 4744 992 4814 omitto)
1021 4743 1136 4798 luce
1161 4744 1417 4808 clariora,
1448 4759 1496 4799 et
1541 4749 1606 4799 de
1630 4763 1722 4801 eo-

169 4852 263 4890 ηιι
306 4839 523 4892 reritate
556 4837 850 4889 dubitare?
886 4836 1012 4892 llaec
1061 4838 1115 4892 in
1143 4839 1334 4894 eadem
1375 4841 1602 4910 epistola
1655 4843 1728 4898 le-

170 4941 354 4997 gauiur.

227 5023 589 5078 liemorabilis
644 5032 728 5077 est
759 5032 980 5077 narrata
1024 5039 1056 5078 a
1099 5023 1285 5095 Lange
1327 5028 1618 5082 seditionis
1656 5029 1727 5083 ob

167 5113 552 5178 iustiﬁcationis
585 5117 1022 5170 centroversiam
1057 5130 1260 5173 exorta:
1287 5121 1536 5174 historia.
1582 5121 1724 5175 Sub-

171 5219 262 5260 orte
291 5211 391 5276 fuit
436 5208 719 5279 proximis
766 5211 939 5270 annis,
975 5210 1175 5280 inquit,
1213 5227 1267 5280 p.
1296 5213 1385 5276 η,
1415 5214 1469 5266 in
1493 5223 1726 5283 quadam

171 5295 436 5358 Germanic
475 5305 695 5357 ditione
738 5304 802 5356 de
827 5304 1218 5372 justiﬁcatisne
1248 5305 1476 5361 hominis
1515 5309 1729 5360 schola-

173 5399 279 5449 nire
306 5399 600 5462 contentio,
636 5411 758 5463 qua:
780 5395 969 5450 deinde
1007 5397 1061 5451 in
1087 5408 1324 5466 apertam
1354 5399 1727 5453 discessionem

173 5491 228 5538 iis
259 5494 416 5544 erosit
438 5531 453 5552 ,
489 5501 548 5542 ut
579 5492 763 5542 clerus
805 5489 876 5542 ibi
920 5505 1076 5559 prope
1103 5492 1272 5543 omnis
1308 5509 1338 5545 a
1365 5493 1602 5560 principe
1637 5495 1729 5545 de-

175 5585 399 5638 scisceret.
435 5585 633 5654 Neque
667 5582 755 5636 ille
780 5585 986 5636 ratione
1011 5585 1120 5637 alia
1146 5586 1261 5639 suis
1287 5587 1598 5653 satisfacere
1626 5604 1726 5656 po-

177 5676 268 5734 luit,
297 5694 445 5745 quam
471 5689 528 5730 ut
555 5676 775 5741 publica
796 5675 1065 5744 proposito
1087 5678 1284 5739 edicto,
1315 5679 1455 5743 quod
1478 5679 1727 5746 primitus

177 5767 225 5814 sb
256 5767 372 5833 ipsis
409 5765 683 5821 Ecclesia
722 5775 919 5818 sancta
946 5765 1309 5832 fundamentis
1353 5767 1513 5832 jactis
1547 5769 1728 5820 decre-

178 5863 261 5906 runt
299 5860 421 5925 fuit,
465 5867 772 5919 statueret,
823 5864 880 5909 ut
919 5857 1079 5924 juxta
1131 5859 1446 5912 sententiam
1500 5861 1728 5927 apostoli

183 5947 306 6008 Pauli
345 5955 677 6025 iustiﬁcatio
704 5951 999 6008 doceretur.
1038 5951 1228 6009 Verum
1273 5955 1632 6011 constitutioni
1672 5958 1720 6010 ei

1830 4745 2078 4810 Eusebii,
2117 4745 2381 4810 Socratis,
2414 4755 2523 4803 etc.
2562 4749 2912 4818 Argentorati
2952 4755 3004 4808 in
3041 4756 3158 4824 [0].;
3187 4759 3411 4830 Justini,

1830 4837 2152 4892 Tertulliani
2187 4849 2242 4893 et
2276 4839 2497 4894 Minucii
2554 4840 2752 4896 Felicis
2783 4859 2883 4911 pro
2917 4845 3227 4905 Christiana
3281 4859 3414 4910 reli-

1829 4931 1989 4996 gione
2018 4930 2334 5000 Apologias,
2367 4932 2749 5003 Vincentiique
2776 4935 3079 4995 Lirinensis
3105 4942 3409 5001 Commoni-

1831 5023 2058 5088 torium,
2110 5023 2334 5093 Anglice
2371 5039 2547 5092 nnper
2575 5029 2774 5094 vertit,
2805 5040 2858 5082 et
2904 5033 3304 5103 prolegomenis
3345 5059 3408 5095 ac

1829 5116 1974 5170 notis
2021 5116 2318 5170 illustravit
2369 5117 2431 5170 D.
2480 5119 2752 5184 lieevius,
2803 5121 3032 5179 Londiui
3082 5130 3253 5190 17l0.
3308 5133 3407 5199 8°,

1827 5209 1861 5262 9.
1894 5209 1998 5262 vol.

2459 5344 2690 5402 CAPUT
2725 5346 2787 5404 ll.

1883 5465 1958 5518 De
1990 5465 2309 5519 editionibus
2340 5465 2404 5520 S.
2427 5465 2631 5521 Justini
2661 5484 2876 5536 operum
2907 5467 3354 5529 Greco-Latinis.

1898 5579 2100 5636 Justini
2135 5595 2303 5650 opera
2352 5581 2543 5637 Graece
2571 5592 2626 5638 et
2658 5582 2853 5639 Latine
2887 5586 3058 5639 edidit
3099 5587 3411 5644 Fridericns

1831 5674 2192 5746 Sylburgius,
2247 5690 2370 5727 cum
2416 5674 2646 5729 Joannis
2690 5674 2858 5744 Langi
2909 5677 3363 5746 interpretatione
3391 5723 3406 5741 .

1830 5785 1974 5822 anno
2008 5766 2175 5831 1695,
2218 5766 2592 5838 Heidelbergce
2640 5769 2781 5834 apud
2811 5769 3135 5824 (ionnuelin.
3163 5811 3177 5835 ,
3210 5774 3411 5827 additis

1832 5859 2040 5913 duobus
2080 5860 2338 5927 operibus
2375 5872 2522 5912 anno
2574 5857 2713 5912 1592
2754 5861 2822 5912 ab
2870 5859 3102 5914 Henrico
3136 5863 3408 5931 Stopbau.»

1834 5955 1992 6011 editis
2016 5997 2031 6025 ,
2070 5953 2322 6011 Oratione
2354 5955 2422 6010 ad
2453 5954 2666 6011 Cra'cos
2704 5965 2757 6010 et
2795 5952 3035 6023 Epistola
3075 5958 3143 6008 ad
3179 5955 3408 6025 Diogne-
