4120 6414
723 387 792 440 ιδ
1637 384 1691 436 S.
1727 383 2061 438 Jl'STINUS
2095 384 2573 441 PHILOSOPHUS
2612 387 2696 440 ET
2741 387 3054 445 MARTYR.
3908 398 3973 450 16

721 521 856 564 tum.
903 505 1038 560 Huic
1082 503 1309 560 editioni
1356 506 1519 559 decus
1569 516 1623 559 et
1660 507 1890 573 pretium
1928 508 2138 561 addidit
2184 508 2303 576 Syl-
2332 511 2378 564 Α
2409 526 2558 571 nam,
2591 511 2656 562 de
2702 513 2898 563 utravis
2947 512 2998 563 in
3043 510 3389 574 vernaculas,
3443 512 3633 580 quibus
3680 511 3818 565 hanc
3859 532 3975 567 cum

723 601 945 669 hurgius
976 615 1098 653 cum
1132 599 1406 652 indicibus
1455 600 1691 668 copiosis
1717 640 1731 662 ,
1766 612 1882 654 tum
1924 602 2091 655 variis
2117 604 2305 656 obser-

722 692 1062 751 vationihus,
1081 705 1219 758 quas
1253 701 1348 742 aut
1379 704 1476 742 suo
1507 691 1749 750 nomine.
1773 701 1866 744 aut
1896 708 1924 745 a
1947 690 2029 746 ιο.
2054 692 2300 756 Arcerio,

725 783 929 836 Davide
971 778 1298 845 stchelio,
1332 781 1662 851 Hieronymo
1717 783 1888 838 Vollio
1912 793 2183 852 acceptas,
2209 793 2303 836 aut

719 889 790 928 rx
827 873 967 928 Billii
1021 872 1484 927 Observationibus
1521 877 1687 927 sacris
1738 877 2088 944 depromptas
2136 892 2302 944 appo-

722 970 856 1019 suit.
914 965 1038 1020 Ilzcc
1101 967 1270 1020 editio
1313 968 1479 1020 semel
1525 978 1578 1019 et
1630 969 1821 1021 iterum
1883 966 2107 1021 Parisiis
2159 984 2301 1021 anno

724 1059 859 1114 1615
902 1070 954 1112 et
999 1061 1140 1114 1656
1171 1076 1359 1114 recusa
1389 1071 1512 1124 est,
1545 1062 1955 1130 comprehensis
1987 1063 2175 1117 eodem
2210 1078 2300 1114 vo-

719 1151 925 1206 lumine
976 1153 1365 1220 Athenagora,
1419 1152 1723 1222 Tlteopltilo
1778 1155 2149 1218 Antiochcno,
2190 1153 2297 1207 Ta-

718 1249 866 1301 tiano
898 1260 951 1301 et
985 1247 1227 1311 Hermia,
1260 1263 1359 1301 nec
1401 1265 1507 1302 non
1539 1251 1782 1317 subjecta
1810 1247 2012 1302 Justini
2043 1248 2298 1318 operibus

717 1340 983 1395 Lanssclii
1018 1339 1241 1395 Jesuitze
1269 1342 1661 1396 dissertatione
1698 1343 1962 1396 adversus
1987 1343 2293 1397 Casatthoni

716 1435 770 1486 in
803 1435 1098 1488 Baronium
1149 1433 1678 1487 Animadversiones.
1712 1433 1894 1488 Editio
1935 1435 2293 1500 Colmticnsis,

713 1528 832 1581 sive
870 1526 1312 1596 Vitehcrgensis,
1355 1528 1480 1580 anni
1526 1527 1682 1589 1686.
1717 1537 1915 1596 prmter
1945 1543 2008 1582 ea
2045 1545 2167 1596 qua:
2195 1528 2293 1581 Pa-

713 1619 1039 1674 risiensibus
1071 1621 1444 1686 continentur,
1477 1622 1640 1676 habet
1687 1620 2108 1677 Commentarios
2137 1623 2296 1677 Chri-

710 1712 872 1765 stiani
907 1711 1186 1767 Kortholti
1221 1713 1273 1766 in
1303 1711 1621 1781 Barouium,
1652 1713 2081 1784 Athenagoram,
2111 1716 2292 1770 Theo-

708 1801 918 1872 philum
946 1813 1001 1858 et
1023 1801 1335 1860 Tatiauunt.

2408 604 2684 653 doctorum
2739 604 3095 656 incredibilem
3140 606 3490 671 paucitatem,
3524 615 3633 657 tum
3661 607 3974 659 semidocta-

2408 709 2524 744 rum
2555 704 2601 745 et
2640 694 2922 747 sciolorum
2955 695 3345 749 multitudinem
3387 699 3670 765 pra'cipue,
3711 701 3764 751 ui
3795 700 3973 767 fallor,

2404 786 2669 850 debemus,
2704 789 2946 856 capitalis
2977 789 3140 841 hostis
3169 792 3288 850 sim,
3320 800 3366 841 et
3391 791 3530 842 hunc
3557 791 3834 844 ridiculum
3866 809 3973 844 nso-

2407 893 2511 929 rent
2547 879 2872 948 atljungendi
2907 881 3054 934 libris
3085 881 3284 934 ercis
3321 881 3542 935 Latinas
3586 883 3973 950 interpretatio-

2405 987 2511 1032 nes,
2550 970 2853 1026 Gra'carum
2886 975 3182 1026 litterarum
3210 975 3378 1027 labem
3417 986 3464 1028 et
3503 977 3784 1044 perniciem
3815 981 3974 1030 exsti-

2405 1064 2527 1116 tisse
2583 1081 2788 1131 semper
2837 1067 3263 1120 existimaverim.
3317 1066 3626 1135 Compendii
3682 1069 3972 1135 bibliopola

2403 1159 2660 1210 rationem
2692 1160 2873 1223 habui,
2903 1161 2988 1211 cui
3014 1163 3167 1212 etiam
3193 1160 3289 1213 hoc
3315 1162 3568 1224 concessi,
3603 1170 3659 1212 ut
3690 1161 3971 1214 versionem

2401 1250 2453 1302 in
2491 1263 2780 1304 extremum
2817 1253 2936 1304 libri
2971 1269 3073 1305 non
3101 1254 3282 1306 saltem
3308 1253 3623 1321 ablegarent.

2475 1340 2758 1406 Quomodo
2793 1343 2844 1394 in
2876 1343 3215 1396 emendanda
3259 1343 3426 1411 Langi
3460 1345 3716 1397 versione
3754 1357 3972 1413 proces-

2401 1434 2571 1496 serit,
2602 1448 2777 1501 Opera:
2811 1434 3040 1502 pretium
3073 1445 3156 1488 est
3190 1450 3254 1488 ex
3291 1436 3407 1503 ipso
3445 1436 3676 1488 disceie.
3713 1436 3779 1488 In
3801 1453 3972 1488 emen-

2397 1527 2600 1591 danda,
2642 1527 2840 1594 inquit,
2891 1525 3057 1596 Langi
3100 1530 3336 1580 t'ersione
3359 1526 3665 1580 Latinitatis
3715 1530 3971 1580 rationem

2398 1618 2600 1670 nullam
2641 1618 2836 1682 habui,
2891 1619 3077 1686 quippe
3133 1635 3290 1685 quam
3329 1617 3462 1670 nihil
3511 1619 3612 1672 nisi
3660 1635 3765 1671 una
3808 1621 3971 1671 litura

2396 1713 2674 1764 emendare
2701 1721 2906 1778 poterat
2929 1729 2947 1773 ;
2984 1727 3145 1780 neque
3171 1714 3336 1777 ipsam
3363 1713 3672 1764 sententiam
3702 1713 3825 1764 meis
3850 1727 3971 1778 pon-

2396 1803 2637 1866 deribus,
2681 1804 2819 1872 quod
2849 1813 2894 1855 et
2926 1804 3092 1871 ipsum
3127 1819 3231 1856 non
3269 1805 3490 1858 minoris
3528 1804 3726 1857 laboris
3758 1804 3971 1872 fuisset,

791 1893 908 1948 Non
940 1895 1336 1950 comitiiserunt
1361 1894 1558 1948 eruditi
1597 1894 1779 1963 Angli,
1815 1906 1873 1950 ut
1905 1898 1971 1951 ad
2011 1897 2282 1952 Justinum
2317 1893 2357 1946 Β
2388 1898 2527 1950 haud
2556 1899 2662 1950 scio
2693 1915 2761 1949 an
2789 1899 2945 1950 etiam
2989 1897 3229 1967 majoris,
3262 1915 3420 1967 quam
3462 1915 3649 1952 novam
3681 1901 3966 1952 versionem

709 1984 1089 2041 illustrandum
1137 1986 1271 2039 nihil
1313 2002 1492 2056 opera:
1524 1996 1578 2042 et
1611 1990 1778 2043 studii
1807 1989 2106 2043 contulsse
2139 1992 2290 2044 vide-

708 2086 923 2133 rentur.
955 2075 1273 2145 Novissime,
1304 2081 1478 2147 inquit
1520 2080 1826 2147 Fabricius,
1853 2091 1985 2137 tom.
2013 2082 2079 2147 V,
2114 2099 2166 2151 p.
2201 2084 2288 2146 61,

704 2171 789 2224 uir
825 2171 1010 2225 doctus
1063 2171 1290 2226 Thomas
1337 2171 1568 2239 Creech,
1613 2176 1699 2228 cui
1740 2174 2020 2230 Lucretius
2066 2175 2292 2229 multum

709 2263 879 2328 debet,
906 2280 1054 2318 nocte
1077 2262 1278 2318 Justini
1302 2267 1520 2318 editioni
1551 2283 1764 2321 manum
1787 2269 2017 2322 admovit
2047 2267 2286 2323 Oxonite.

706 2357 818 2412 Sed
868 2373 993 2411 mox
1045 2359 1203 2412 miser
1252 2361 1361 2427 ipse
1407 2363 1719 2429 deplorandi
1772 2362 1870 2414 sibi
1922 2363 2024 2431 fati
2081 2375 2287 2427 auctor,

703 2452 864 2504 etiam
895 2468 957 2505 ea
982 2469 1101 2522 qut:
1131 2453 1322 2520 nfecta
1350 2454 1555 2519 habuit,
1589 2455 1748 2507 voluit
1778 2455 2002 2508 aboleri.

775 2543 1018 2600 Joannes
1044 2545 1308 2600 Ernestns
1341 2543 1522 2601 Grahe
1544 2546 1712 2600 edidit
1738 2546 1960 2601 Omnia:
1987 2563 2129 2602 anno
2150 2549 2287 2604 1700

709 2635 975 2704 majorem
999 2636 1312 2706 Apologiam
1332 2638 1384 2691 in
1405 2637 1486 2702 8°,
1505 2653 1624 2690 cum
1654 2637 1847 2692 Latina
1869 2637 2100 2694 Joannis
2120 2641 2289 2713 Lnngi

703 2729 941 2784 versione
971 2730 1381 2800 quamplurimis
1417 2731 1472 2785 in
1513 2728 1644 2786 locis
1691 2743 1926 2786 correcta
1946 2776 1962 2800 ,
1992 2734 2287 2803 subiunctis

701 2819 1157 2881 emendationibus
1192 2830 1241 2874 et
1266 2825 1401 2874 notis
1443 2823 1736 2887 uariorum,
1767 2824 2110 2894 pluribusque
2140 2829 2287 2882 novis

700 2915 925 2980 additis,
955 2915 1177 2968 annexis
1223 2910 1441 2983 insuper
1493 2916 1566 2969 ad
1608 2917 1806 2969 calcem
1853 2917 2284 2974 adnotationibus

699 3004 874 3075 Langi
905 3016 956 3060 et
988 3003 1284 3069 Kortholti,
1310 3010 1585 3076 pramissa
1607 3025 1728 3062 vero
1756 3007 1928 3079 Longi
1953 3010 2281 3080 pralatione,

697 3113 804 3166 qua
849 3114 1111 3151 summam
1153 3099 1312 3168 hujus
1355 3100 1628 3168 Apologia:
1659 3103 1951 3156 enarravit.
1985 3102 2185 3159 Eadem
2229 3104 2281 3157 in

700 3189 836 3245 urbe
865 3205 932 3246 ac
965 3190 1215 3246 eumdem
1262 3194 1314 3246 in
1363 3193 1582 3248 modqu
1627 3193 1882 3262 prodiere
1929 3209 2071 3250 anno
2122 3196 2279 3262 i703,

703 3281 894 3339 Oratio
925 3292 1158 3354 utraque
1181 3284 1445 3340 adversus
1473 3284 1714 3352 Graecos,
1739 3303 1860 3342 cum
1893 3285 2052 3351 Libro
2077 3290 2141 3344 de
2169 3307 2281 3344 mo-

699 3375 921 3428 narchia
957 3385 1012 3428 et
1042 3376 1255 3428 minore
1283 3375 1722 3444 Apologia,.cunt
1769 3378 1918 3432 notis
1963 3378 2183 3432 Roherti
2229 3390 2284 3433 et

697 3465 920 3521 Henrici
947 3465 1377 3535 Stephanorum,
1402 3466 1591 3522 Grahii
1620 3475 1673 3521 et
1695 3467 1947 3526 aliorum.
1974 3471 2284 3538 Subjunctaa

695 3561 765 3614 ad
795 3560 1004 3614 calceus
1055 3559 1442 3614 adnotationes
1475 3559 1645 3632 Laugi
1693 3572 1748 3616 et
1793 3561 2085 3619 Kortholti.
2138 3567 2282 3622 Laus

698 3649 859 3718 hujus
887 3651 1094 3706 laboris
1131 3651 1313 3706 debita
1368 3651 1430 3705 H.
1475 3652 1768 3709 llutchino.
1805 3655 1938 3709 Cum
1967 3667 2282 3727 superesset

699 3742 977 3814 Dialogus,
1010 3744 1062 3797 in
1103 3759 1170 3798 eo
1206 3742 1532 3799 illustrando
1560 3745 1781 3801 Samuel
1809 3747 1944 3802 Jebb
1968 3751 2158 3805 eadem
2192 3753 2279 3806 via

694 3843 750 3888 et
789 3836 1003 3890 ratione
1028 3845 1279 3914 versatus
1309 3847 1428 3904 est,
1454 3853 1559 3906 qua
1603 3838 1842 3895 Grahius
1879 3851 1933 3896 et
1977 3841 2280 3900 Hutchittus

695 3929 752 3981 in
789 3929 1068 3998 praedictis
1101 3931 1375 3999 operibus,
1413 3933 1517 3987 nisi
1555 3935 1700 3999 quod
1735 3935 2091 4002 paucissimas
2124 3948 2279 3993 notas

695 4021 974 4091 apposuit,
1005 4037 1207 4090 easque
1239 4038 1302 4076 ex
1335 4023 1634 4094 Sylhurgio
1677 4026 1789 4080 fere
1822 4043 2035 4097 semper
2063 4031 2279 4085 desum-

697 4125 834 4184 ptas.
861 4113 1071 4171 Prodiit
1093 4130 1231 4186 opus
1257 4117 1461 4185 pariter
1493 4119 1546 4172 in
1576 4116 1633 4171 8°
1667 4118 1899 4175 Londini
1941 4137 2088 4178 anno
2113 4123 2273 4179 1719.

766 4195 1030 4260 Prodiere
1089 4204 1321 4260 Londiui
1370 4205 1560 4261 Graece
1613 4217 1669 4260 et
1715 4207 1910 4262 Latine
1953 4226 2099 4265 anno
2138 4212 2277 4266 1722

694 4292 897 4372 Justini
930 4296 1227 4365 philosophi
1257 4307 1304 4349 et
1336 4299 1584 4367 martyris
1615 4299 1882 4370 Apologia:
1913 4303 2034 4356 dua:
2064 4315 2110 4356 et
2144 4303 2276 4358 Dia;

691 4389 841 4456 logus
871 4404 990 4440 cum
1024 4388 1306 4457 Tryphone
1333 4387 1526 4443 Judwo
1559 4407 1674 4444 cum
1706 4395 1842 4446 notis
1872 4404 1920 4447 et
1950 4397 2274 4448 emendatio-

691 4477 848 4532 nibus
882 4477 1072 4550 Styani
1106 4480 1359 4537 Thirlbii.
1387 4483 1598 4540 Eruditi
1634 4485 1733 4538 viri
1770 4488 2182 4543 observationes
2218 4490 2269 4543 in

2398 1990 2606 2054 facere,
2641 1989 2729 2040 sed
2779 1991 3010 2056 quadam
3059 1990 3302 2057 papulari
3349 1991 3550 2043 trutina
3599 1990 3875 2057 leviterque
3917 2000 3969 2041 et

2398 2080 2632 2142 remisse,
2653 2091 2706 2132 ut
2729 2080 2922 2133 insitus
2946 2092 2992 2134 et
3017 2082 3264 2134 humilem
3289 2099 3500 2150 operam
3530 2098 3666 2152 a’gre
3690 2083 3966 2144 devorans,

2395 2173 2713 2225 examinari.

2464 2262 2548 2314 Ad
2579 2260 2782 2315 calcem
2812 2271 3071 2334 appositae
3100 2264 3476 2318 adnotationes
3501 2265 3771 2320 nonnullae
3802 2264 3969 2319 Pear-

2396 2351 2540 2404 sonii
2592 2367 2660 2406 ex
2706 2353 3040 2407 bibliotheca
3089 2352 3238 2423 regia
3274 2353 3717 2423 Cautabrigiensi
3765 2365 3969 2419 erutae,

2392 2460 2529 2512 quas
2574 2447 2767 2502 doctus
2809 2447 2986 2501 editor
3041 2463 3148 2501 non
3204 2449 3385 2518 magni
3438 2447 3590 2502 facit.
3649 2451 3968 2518 Sequuntur

2393 2547 2532 2592 notas
2575 2536 2780 2592 Davisii
2826 2540 2878 2593 in
2911 2541 3220 2611 Apologiam
3254 2541 3307 2605 1,
3345 2557 3481 2611 quas
3518 2544 3586 2594 ah
3619 2545 3721 2598 hoc
3764 2545 3970 2598 doctis-

2390 2628 2534 2682 simo
2569 2629 2686 2684 viro
2716 2631 3132 2698 perhumaniter
3176 2632 3370 2687 missas
3404 2632 3487 2689 Cl.
3533 2632 3810 2689 Thirlbius
3845 2634 3970 2689 luce

2390 2722 2609 2791 publica
2639 2724 2891 2789 donavit,
2925 2736 2982 2780 ttt
3012 2735 3066 2780 et
3095 2727 3235 2796 grati
3268 2727 3434 2781 animi
3458 2730 3539 2782 sui
3567 2737 3624 2783 et
3647 2729 3974 2784 eruditionis

2392 2813 2595 2869 Davisii
2624 2827 3038 2872 monumentum
3073 2830 3282 2876 essent.
3314 2819 3524 2898 Indices
3558 2836 3739 2875 rerum
3769 2831 3824 2875 et
3849 2836 3971 2875 ver-

2386 2906 2580 2960 borum
2620 2907 2889 2963 debentur
2935 2907 3248 2980 Sylhurgio.
3281 2910 3337 2964 In
3370 2911 3594 2980 epistola
3630 2926 3972 2983 nuncupato-

2388 3001 2490 3066 ria,
2521 3015 2641 3067 qua:
2670 3000 3000 3056 nobilissimo
3044 3003 3156 3056 viro
3194 3001 3476 3058 (ἐκὶῑίιίηο
3521 3006 3735 3058 domino
3765 3007 3973 3062 Cranen

2387 3093 2645 3162 inscripta
2699 3093 3038 3162 prmlationis
3093 3095 3270 3150 locum
3326 3111 3389 3150 ac
3440 3099 3658 3153 modum
3712 3103 3977 3166 sortitur,

2386 3186 2576 3240 doctus
2601 3187 2777 3240 editor
2807 3199 3124 3243 sanctorum
3163 3188 3384 3242 Patrum
3427 3188 3677 3244 lectionis
3717 3194 3972 3260 patroci-

2394 3283 2544 3334 nium
2575 3281 2826 3350 suscipit,
2857 3297 2921 3336 ac
2961 3282 3028 3335 de
3059 3283 3269 3336 criticse
3301 3283 3537 3337 utilitate
3566 3293 3620 3338 et
3650 3284 3979 3340 diﬂicultate

2383 3373 2628 3436 disserit,
2661 3383 2769 3427 tum
2801 3375 2866 3428 de
2899 3373 3402 3442 Justinojudicium
3444 3391 3602 3430 suum
3632 3377 3969 3446 interponit,

2383 3479 2448 3517 ac
2479 3465 2697 3518 demum
2727 3479 2908 3534 operae
2938 3481 3050 3520 sua:
3084 3467 3354 3521 rationem
3391 3468 3669 3536 explanat.

2456 3557 2575 3613 Non
2611 3557 2756 3611 molli
2792 3557 3018 3612 brachio
3051 3558 3268 3612 vellicat
3315 3575 3447 3624 eos,
3493 3562 3690 3630 quibus
3738 3567 3974 3619 sordent

2383 3651 2590 3719 antiqui
2639 3651 2853 3705 Patres.
2889 3650 2981 3703 Est
3012 3661 3213 3715 autem,
3256 3653 3452 3719 inquit,
3497 3653 3644 3706 aliud
3691 3655 3971 3710 hominum

2381 3758 2567 3810 genus,
2611 3742 2730 3811 qui,
2767 3759 3073 3812 quanquam
3117 3756 3238 3794 cum
3282 3742 3508 3795 indoctis
3550 3745 3825 3810 disputare
3856 3762 3970 3799 nou

2380 3837 2544 3899 soleo,
2567 3839 2938 3903 paucistamen
2958 3836 3307 3905 redarguendi
3327 3848 3471 3892 sunt.
3495 3836 3623 3890 "isi
3643 3838 3969 3908 theologia-3

2381 3932 2644 3995 nesciunt,
2686 3931 2817 3983 nihil
2842 3932 3036 3996 sciunt,
3075 3933 3233 4001 inque
3279 3932 3333 3983 id
3379 3934 3618 3984 studium
3649 3932 3832 3986 sedulo
3861 3935 3968 3988 sibi

2380 4025 2674 4076 incumbere
2724 4023 2970 4077 videntur
3002 4039 3020 4076 :
3057 4024 3145 4077 sed
3202 4034 3379 4076 tamen
3429 4026 3674 4094 antiquas
3734 4025 3968 4094 Patres,

2378 4117 2483 4169 sive
2507 4117 2838 4184 arrogantia,
2869 4133 2960 4170 seu
2986 4119 3044 4170 id
3071 4121 3212 4187 quod
3251 4120 3458 4182 dicunt,
3487 4135 3665 4172 res-era
3696 4121 3965 4184 sentiunt.

2377 4227 2475 4263 sua
2503 4210 2724 4263 lectione
2754 4211 2998 4280 indignos
3029 4210 3242 4264 habent.
3275 4209 3549 4266 Nimirum
3583 4212 3705 4266 boni
3731 4215 3967 4284 theologi

2375 4321 2488 4356 esse
2515 4302 2801 4370 Scriptura
2831 4304 2944 4356 sola
2977 4305 3072 4356 niti
3103 4305 3420 4357 contendun'
3446 4355 3455 4368 ,
3488 4323 3598 4358 eam
3629 4317 3675 4361 et
3696 4291 3966 4378 quidquid

2377 4407 2560 4449 nostra
2605 4399 2742 4450 scire
2788 4397 3017 4462 intersit,
3049 4408 3095 4450 et
3131 4397 3387 4467 quidquid
3436 4399 3506 4450 ad
3554 4400 3966 4469 intelligentiam

2375 4491 2457 4542 sui
2484 4505 2614 4556 opus
2638 4489 2730 4555 sit,
2761 4491 3026 4542 continere
3058 4502 3075 4540 :
3106 4490 3197 4558 qui
3219 4506 3367 4543 secus
3392 4495 3649 4556 sentiunt,
3676 4509 3762 4546 eos
3787 4495 3938 4547 horri

690 4560 1403 4642 explicandaantiquitate,
1439 4576 1491 4629 in
1518 4585 1776 4630 contextu
1801 4583 2162 4647 emendando,
2189 4592 2271 4636 at—
2302 4596 2346 4652 D
2377 4580 2482 4634 bile
2505 4583 2796 4634 conuitium
2845 4580 3096 4648 scriptori
3134 4580 3249 4649 ejus
3280 4581 3388 4634 Deo
3423 4583 3618 4649 facere,
3647 4600 3808 4658 eoque
3839 4583 3963 4640 Ρο-

691 4679 797 4733 que
829 4664 995 4734 etiam
1041 4665 1094 4718 in
1127 4665 1476 4722 conferendis
1506 4670 1806 4738 Scriptura:
1835 4672 1968 4727 locis
1996 4689 2121 4727 cum
2152 4675 2268 4728 edi-

692 4754 932 4810 tionihus
983 4753 1287 4811 Bibliorum
1318 4767 1375 4811 et
1400 4757 1653 4816 Patrihus
1682 4771 1995 4832 versantur.
2026 4763 2106 4818 Ad
2137 4765 2272 4820 insi-

688 4865 846 4921 gnem
878 4852 946 4906 de
973 4851 1183 4919 angelis
1215 4850 1417 4917 locum,
1456 4852 1523 4907 de
1549 4867 1658 4930 quo
1696 4867 1919 4923 agemus
1949 4856 2002 4908 in
2028 4861 2269 4912 secunda

689 4944 1026 5014 praiationis
1055 4957 1233 5016 parte,
1260 4946 1517 5000 admonet
1544 4945 1644 5000 sibi
1670 4955 1926 5001 statutum
1951 4966 2064 5004 esse
2095 4951 2147 5004 in
2173 4954 2270 5007 hoc

688 5060 842 5116 opere
865 5046 1250 5100 controversias
1290 5043 1612 5113 tlteologicas
1657 5061 1761 5099 non
1803 5045 2079 5114 attingere.
2132 5045 2274 5102 Nus-

689 5154 852 5212 quam
885 5140 1103 5193 vitletur
1138 5138 1206 5193 ah
1235 5139 1341 5192 hoc
1365 5138 1598 5192 consilio
1629 5137 1926 5192 discedere.

761 5231 951 5287 Nullus
979 5231 1168 5287 dubito
1193 5231 1325 5300 quin
1371 5229 1584 5284 laudem
1615 5239 1671 5284 et
1698 5229 2148 5299 approbationem
2187 5231 2272 5284 vir

688 5325 908 5392 egregie
940 5324 1242 5379 inStructus
1281 5322 1496 5378 Graecis
1545 5321 1866 5393 Latinisque
1908 5322 2114 5377 litteris
2157 5338 2270 5377 me-

692 5424 912 5483 ruisset,
943 5417 986 5471 si
1020 5431 1214 5470 novam
1247 5416 2141 5483 adornassetinterpretationem;
2173 5417 2266 5470 sed

690 5523 794 5565 cur
823 5509 890 5562 ab
921 5508 1024 5563 hoc
1043 5509 1237 5562 labore
1267 5507 1548 5580 refugerit,
1581 5508 1669 5562 his
1689 5522 1748 5562 se
1772 5523 1928 5562 usum
1963 5509 2268 5562 rationibus

689 5601 953 5657 declarat.
1008 5599 1238 5653 Tantum
1284 5602 1488 5668 abfuit,
1543 5601 1758 5669 inquit,
1805 5611 1860 5652 ut
1899 5618 2081 5656 novam
2134 5601 2262 5653 mihi

691 5694 975 5746 versionem
1034 5691 1414 5759 conﬁciendam
1463 5709 1577 5746 esse
1614 5705 1893 5762 putarem,
1948 5703 2005 5746 ut
2047 5695 2266 5762 prorius

692 5783 820 5839 nihil
867 5786 1067 5854 factum
1107 5787 1216 5848 sit,
1265 5801 1422 5852 quam
1461 5795 1514 5839 ut
1554 5785 1750 5839 nullam
1791 5786 1994 5839 ederent
2024 5801 2041 5838 :
2074 5787 2264 5856 quippe

687 5876 781 5937 aui
806 5887 855 5932 et
885 5877 1124 5935 omnibus
1157 5877 1482 5933 oersionibus
1513 5876 1576 5934 de
1607 5874 1789 5934 Cra'ca
1815 5878 1998 5949 lingua
2029 5880 2081 5933 in
2104 5877 2260 5933 Lati-

2374 4683 2515 4726 trum
2550 4674 2760 4726 nullum
2787 4690 2941 4728 usum
2969 4690 3081 4728 esse
3116 4690 3287 4742 posse,
3326 4691 3490 4744 neque
3531 4677 3694 4730 ullam
3720 4684 3964 4733 auctori-

2373 4777 2534 4820 tatem
2587 4768 2954 4838 antiquitatis,
3009 4787 3172 4840 neque
3225 4771 3604 4824 vetustissimos
3657 4771 3961 4839 Scriptura:

2373 4862 2681 4928 interpretes
2725 4863 3092 4924 anteferendus
3122 4879 3232 4916 esse
3263 4864 3646 4916 recentissimis.
3692 4863 3846 4927 Quod
3887 4866 3958 4920 de

2371 4955 2749 5020 perspicuitate
2793 4954 3089 5023 Scriptura:
3117 4957 3321 5020 dicunt,
3352 4956 3524 5023 primo
3566 4956 3958 5024 perridiculum

2372 5057 2420 5100 et
2466 5048 2754 5100 absurdum
2787 5060 2893 5112 est;
2924 5048 3114 5100 deinde
3155 5047 3305 5114 cujus
3356 5048 3590 5101 criminis
3620 5048 3955 5103 adversarios

2372 5141 2544 5203 inepte
2561 5156 2673 5194 reos
2700 5151 2881 5208 agunt,
2912 5141 3067 5193 etiam
3089 5141 3329 5207 impium.
3358 5139 3657 5192 Absurdum
3679 5151 3776 5202 est,
3806 5141 3951 5208 quod

2338 5249 2342 5253 ·
2372 5250 2548 5288 omnes
2579 5236 2805 5286 sentiunt
2838 5251 2942 5287 non
2975 5250 3086 5288 esse
3109 5234 3464 5301 perspicuum,
3488 5233 3542 5285 id
3566 5233 3804 5285 omnibus
3833 5249 3954 5288 esse

2369 5328 2698 5396 perspicuum
2728 5328 2949 5396 probare
2981 5327 3181 5380 conari.
3206 5325 3434 5396 lmpium
3458 5337 3553 5390 est,
3575 5325 3716 5395 quod
3745 5326 3950 5391 factum

2373 5434 2477 5472 non
2501 5434 2612 5471 esse
2635 5419 2968 5486 manifestum
2983 5417 3138 5481 sit,id
3155 5416 3320 5470 Deum
3346 5429 3435 5470 aut
3450 5417 3656 5483 fecisse.
3675 5427 3767 5468 aut
3790 5417 3950 5471 rebus

2370 5509 2616 5563 humanis
2655 5527 2759 5564 non
2789 5513 2920 5564 satis
2945 5510 3275 5564 consuluisse
3298 5510 3578 5578 aﬂirmare.
3609 5506 3820 5559 Nemini
3858 5524 3952 5562 ve-

2372 5604 2592 5658 ritatem
2621 5606 2828 5657 amanti
2852 5619 2957 5659 non
2981 5604 3214 5673 placebit
3237 5606 3338 5658 hoc
3359 5605 3425 5658 de
3445 5602 3754 5658 hominibus
3777 5615 3949 5669 supra

2369 5705 2531 5762 caput
2565 5695 2814 5748 absurdis
2836 5695 3123 5762 judicium.

2441 5787 2613 5854 Quam
2647 5789 2814 5840 ardua
2848 5802 2936 5841 res
2964 5787 3033 5840 sit
3063 5795 3117 5839 et
3155 5784 3391 5838 dilIicilis
3416 5783 3629 5844 critica,
3665 5783 3766 5836 hac
3800 5782 3952 5837 inter

2370 5880 2505 5936 alias
2532 5881 2742 5936 ratione
2772 5880 3131 5936 demonstrat.
3167 5878 3308 5944 Quid
3345 5880 3507 5942 enim,
3539 5877 3746 5947 inquit,
3792 5878 3948 5931 aliud
