4120 6442
208 361 279 419 17
1227 357 1290 413 D.
1330 359 1594 417 MARANI
1627 360 2018 417 PREFATIO.
2059 392 2130 401 -—-
2166 359 2347 415 PARS
2379 359 2419 415 l.
3401 361 3466 415 18

203 496 381 534 causa
420 495 535 535 esse
560 487 755 546 potest,
786 494 883 533 cur
909 478 964 533 in
992 485 1141 531 tanta
1171 478 1507 535 multitudine
1537 480 1785 536 emenda-
1811 485 1856 542 Α
1957 479 2012 533 In
2041 478 2267 548 epistola
2323 476 2746 547 nur.cupatoria,
2780 491 2901 547 qua:
2933 474 3187 532 Willelmi
3221 476 3469 548 episcopi

204 586 413 637 terum,
455 589 560 625 non
599 579 805 625 tantum
850 570 993 639 apud
1026 586 1157 637 nos,
1201 570 1528 640 reliquosque
1566 574 1781 642 papulas

204 663 567 732 cquilonares,
596 679 725 733 quos
748 663 964 733 iniquus
986 662 1087 729 sol,
1112 660 1202 717 ille
1224 678 1372 717 verus
1400 660 1646 727 Phoebus,
1678 680 1783 734 quo

203 759 437 827 agitante
477 758 742 810 calescunt
789 756 1031 825 ingenia,
1077 755 1177 809 nisi
1222 754 1364 809 limis
1394 772 1461 809 ea:
1500 754 1781 826 longinquo

204 862 307 897 non
338 845 570 911 respicit,
598 861 777 899 eorum
819 846 977 898 etiam
1008 847 1149 915 apud
1173 844 1372 899 vividos
1403 846 1521 899 illos
1546 847 1782 915 ingenio-

199 954 385 1007 sosqne
418 936 634 1003 Gallos,
672 938 1005 1007 omniumque
1040 953 1313 992 musarum
1354 937 1435 991 uel
1463 939 1771 1007 populares.

200 1028 280 1081 sel
308 1028 524 1090 vicinos,
554 1028 743 1082 divina
774 1028 1003 1084 solertia:
1029 1029 1289 1093 homines,
1327 1026 1525 1089 Italos,
1553 1031 1639 1083 ria:
1663 1032 1778 1085 sin-

199 1120 338 1188 gulis
366 1122 611 1174 aetatibus
656 1130 761 1175 tres
804 1121 972 1191 aliqui
1013 1131 1105 1174 aut
1137 1130 1368 1189 quatuor
1409 1140 1515 1177 rem
1558 1123 1782 1191 feliciter

198 1213 493 1279 gesserint,
532 1213 637 1267 nisi
688 1215 766 1267 rei
814 1214 1061 1284 autetiam
1112 1214 1435 1269 incredibilis
1471 1218 1778 1283 magnitudo

197 1320 266 1355 ac
293 1303 573 1372 diﬁcultas
594 1308 622 1361 .’
654 1305 779 1360 Haec
809 1320 873 1360 ea
909 1318 1088 1360 tuente
1118 1319 1148 1359 a
1183 1320 1267 1361 me
1304 1322 1407 1361 non
1446 1306 1774 1378 referuntur,

198 1405 261 1448 nt
289 1395 371 1449 vel
402 1396 470 1451 iis
501 1396 850 1466 applaudam,
885 1412 1008 1468 qua:
1034 1398 1101 1453 de
1134 1397 1487 1468 popularibus
1520 1400 1632 1455 suis
1668 1416 1774 1455 non

198 1487 423 1551 timide,
459 1490 544 1544 vel
574 1505 641 1545 ea
674 1498 945 1546 ostentem
965 1531 984 1557 ,
1016 1505 1139 1563 quin
1172 1492 1239 1545 de
1266 1489 1437 1547 Gallis
1476 1492 1777 1549 honorifice

195 1580 425 1643 satuit,
472 1583 570 1637 sed
617 1590 676 1636 ut
725 1598 793 1639 ex
850 1574 936 1638 liis
967 1585 1133 1639 etiam
1167 1584 1397 1654 quisque
1447 1586 1773 1656 perspiciat,

194 1687 358 1741 quam
393 1675 625 1742 ingenua
670 1685 728 1730 et
758 1676 975 1731 sincera
1021 1677 1097 1732 sit
1141 1677 1348 1732 eruditi
1394 1679 1496 1735 viri
1543 1686 1599 1733 et
1644 1690 1772 1734 sen-

196 1764 363 1820 tiendi
394 1775 453 1821 et
482 1767 615 1835 quid
649 1768 848 1823 sentiat
881 1768 1094 1824 dicendi
1126 1768 1369 1824 libertas.

814 1900 1044 1957 CAPUT
1076 1902 1163 1957 lll.

192 2036 269 2091 De
295 2038 454 2092 rariis
476 2038 794 2094 editionibus
822 2038 1057 2163 TLaZani.
1075 2040 1462 2121 Athenagora,
1494 2039 1773 2109 Theophili

821 2126 849 2163 e
956 2127 1155 2163 armas.

821 2126 869 2163 οι
902 2126 1155 2165 ηστηηαν.

258 2223 442 2281 Prima
468 2226 720 2281 omnium
745 2225 957 2282 Tatiani
991 2226 1261 2283 Orationis
1293 2227 1590 2283 editionum
1615 2228 1773 2283 debe-

192 2328 278 2372 tur
306 2316 508 2374 Joauni
545 2316 745 2384 Frisia,
782 2321 875 2390 qui
919 2335 1042 2375 cum
1076 2320 1238 2391 hujus
1268 2319 1540 2376 Orationis
1582 2336 1768 2376 exem-

192 2410 309 2480 plar
336 2412 801 2482 manuscriptum,
837 2426 900 2466 ac
926 2412 1095 2467 variis
1116 2426 1193 2491 ex
1228 2412 1336 2467 alio
1366 2412 1555 2467 codice
1585 2412 1770 2466 lectio-

188 2501 350 2557 uibus
380 2503 688 2573 inspersum
724 2501 967 2559 Venetiis
994 2502 1064 2558 ab
1090 2502 1331 2558 Arnoldo
1350 2503 1568 2559 Arlenio
1598 2504 1768 2558 Para-

192 2594 316 2662 xyla
369 2592 717 2661 accepisset,
764 2593 869 2649 hoc
921 2593 1173 2663 praesidio
1235 2593 1407 2648 fretus
1456 2594 1767 2651 Orationem

186 2684 403 2740 Tatiani
431 2683 845 2757 TiguriGrace
871 2686 1110 2757 vulgavit
1153 2687 1205 2741 iu
1254 2687 1384 2743 folio
1422 2702 1565 2742 anno
1604 2687 1765 2754 1546,

183 2782 324 2848 apud
375 2779 856 2845 Froschaverum,
895 2796 1019 2835 cum
1062 2782 1283 2837 Antonii
1319 2782 1531 2837 Melissa
1566 2792 1623 2838 et
1652 2782 1767 2837 Ma-

183 2872 315 2926 ximi
370 2872 660 2927 sententiis
709 2886 772 2927 ac
824 2872 1124 2943 Theophila
1168 2874 1236 2928 ad
1282 2874 1631 2946 Autolycum.
1681 2876 1765 2930 Ad

180 2978 334 3017 oram
368 2963 535 3031 hujus
560 2963 820 3020 editionis
849 2964 1104 3035 leguntur
1137 2978 1260 3019 cum
1287 2966 1453 3020 variae
1489 2965 1596 3021 illa:
1629 2981 1764 3035 quas

182 3056 291 3109 disi
319 3055 622 3122 lectiones,
655 3064 765 3110 tum
793 3056 960 3110 etiam
996 3056 1186 3111 breves
1220 3056 1493 3111 nonnullae
1524 3057 1759 3112 Conradi

180 3145 414 3202 Gesneri
448 3157 614 3211 nota,
649 3146 868 3216 quicum
898 3147 1107 3201 Frisius
1132 3146 1375 3201 codicem
1420 3162 1574 3201 suum
1607 3162 1759 3202 com-
1785 3185 1829 3243 ϐ

185 3240 579 3297 minuicaverat.
616 3239 817 3293 Eodem
844 3254 988 3294 anno
1020 3255 1084 3295 ac
1114 3240 1303 3294 eadem
1354 3239 1407 3294 in
1456 3240 1589 3295 urbe
1614 3240 1759 3297 Con-

184 3329 350 3386 radus
384 3332 667 3387 Gesncrus
710 3332 951 3403 vulgavit
991 3332 1044 3386 iu
1091 3332 1219 3388 folio
1256 3332 1759 3390 Latinam'Tatiani

180 3440 305 3477 cum
343 3422 577 3493 prolixis
631 3426 777 3479 notis
832 3426 1337 3495 interpretationem
1361 3466 1377 3491 ,
1421 3442 1541 3495 qua:
1571 3438 1758 3496 postea

181 3517 384 3583 sapius
416 3530 610 3570 recusa
649 3516 701 3570 in
738 3516 1090 3572 Bibliothecis
1129 3516 1393 3587 Patrum,
1443 3519 1620 3575 Paris.
1664 3537 1754 3578 an.

184 3610 342 3676 1575,
375 3609 533 3673 1589,
575 3610 746 3675 1610,
770 3611 960 3666 Colon.
990 3610 1149 3674 1618.
1181 3610 1429 3683 Lugdun.
1464 3612 1623 3669 1677.

247 3702 440 3757 Gme
479 3711 538 3755 et
568 3700 761 3755 Latine
801 3701 1003 3771 prodiit
1045 3699 1309 3756 Tatianus
1352 3702 1580 3757 Basileie
1615 3704 1758 3760 inter

180 3796 727 3865 Orthodoxographos
753 3810 897 3848 anno
928 3793 1065 3847 1535
1090 3803 1148 3847 ct
1183 3794 1407 3848 Parisiis
1438 3812 1491 3850 tu
1519 3797 1753 3851 Auctua-

178 3892 259 3941 rio
291 3887 649 3942 Bibliotheca
678 3886 899 3939 Patrum
933 3902 1026 3941 an.
1062 3884 1234 3951 1621,
1270 3901 1395 3940 cum
1426 3886 1604 3942 Ducmi
1653 3903 1755 3943 na-

178 3981 284 4041 iis,
320 3988 375 4033 et
416 3987 539 4049 post
571 3993 733 4045 opera
774 3975 974 4031 Justini
1032 3976 1289 4047 martyris
1332 3977 1386 4031 in
1425 3978 1754 4033 editionibus

176 4072 350 4128 Paris.
404 4087 497 4125 an.
544 4070 680 4125 1615
717 4079 773 4123 et
800 4068 958 4135 l656,
997 4078 1051 4123 et
1078 4067 1271 4123 Colon.
1313 4084 1408 4124 seu
1452 4070 1631 4138 potius
1658 4071 1751 4124 Vi-

177 4161 483 4231 tebergeusi
510 4174 654 4214 anno
682 4158 842 4224 1686,
866 4159 954 4214 cui
986 4166 1274 4225 postrema:
1295 4159 1519 4216 editioni
1550 4163 1751 4218 addita:

176 4254 300 4308 Sari
310 4253 444 4309 bolti
478 4263 645 4309 uotae.

243 4344 350 4399 Sed
376 4344 479 4398 has
501 4358 693 4397 omnes
718 4344 988 4400 editiones
1012 4345 1307 4416 diligentia:
1334 4355 1391 4402 et
1421 4346 1749 4403 eruditionis

175 4432 329 4487 laude
360 4440 587 4501 superat
634 4432 955 4487 Oxoniensis
1002 4434 1052 4489 in
1097 4438 1156 4491 8ο
1208 4437 1343 4491 anui
1389 4437 1547 4499 i700,
1580 4454 1744 4507 quam

1883 568 2284 639 Wigarniensis
2334 582 2389 622 rt
2438 568 2571 637 regii
2616 567 3033 639 eleemosynarii
3072 584 3269 624 nomen
3328 585 3466 638 prae-

1882 662 2008 726 fert,
2038 661 2282 716 declarat
2319 661 2573 716 eruditus
2604 659 2787 714 editor
2814 658 2994 729 'hujus
3032 660 3243 717 laboris
3286 661 3467 716 susci-

1883 752 2062 823 piendi
2095 753 2233 807 hanc
2266 752 2369 807 sibi
2422 750 2767 807 occasionem
2806 760 2859 806 et
2899 766 3121 807 causam
3148 753 3456 816 exstitisse.

1879 846 2020 913 quod
2064 861 2181 899 cum
2233 846 2490 915 [eruerent
2548 842 2694 898 haud
2742 844 2817 898 ita
2861 846 3063 913 pridem
3095 846 3152 900 in
3182 846 3372 916 Anglia
3399 845 3466 899 de

1879 938 2101 992 summis
2140 937 2265 1005 ﬁdei
2290 937 2554 1004 capitibus
2584 939 2977 1002 controversiae,
3009 955 3071 991 ac
3096 955 3276 992 omnes
3299 937 3466 992 athei-

1879 1030 1979 1082 sini
2014 1030 2290 1083 machinas
2338 1029 2393 1082 in
2440 1028 2537 1082 hoc
2572 1044 2855 1084 conversas
2885 1030 3101 1094 rideret,
3137 1040 3191 1083 ut
3221 1031 3317 1084 sub
3346 1047 3462 1098 spe-

1878 1120 1957 1173 cie
1975 1119 2233 1173 naturalis
2257 1121 2531 1190 religionis
2554 1121 2857 1176 esscolendae
2879 1122 3190 1192 paganismo
3219 1124 3300 1177 uia
3326 1133 3462 1177 ster-

1880 1222 2138 1279 neretur;
2168 1210 2391 1266 Tatiani
2442 1210 2756 1266 Orationem
2794 1212 2862 1265 ad
2916 1214 3295 1281 reprimendas
3353 1215 3459 1268 im-

1878 1304 2090 1374 pietatis
2159 1318 2483 1374 progressus
2518 1305 2707 1359 utilem
2765 1304 2883 1361 fore
2931 1315 3228 1375 Sperasset,
3260 1307 3461 1375 quippe

1878 1394 1975 1465 qui
2037 1394 2476 1452 luculentissima
2542 1398 2881 1452 demonstret
2958 1400 3269 1468 religionem
3323 1399 3460 1453 hanc

1876 1504 2083 1543 omnem
2135 1488 2434 1543 naturalem
2481 1506 2638 1561 quam
2686 1491 2939 1557 dicimus,
3002 1493 3265 1547 misellum
3305 1494 3461 1563 quid-

1875 1581 2002 1635 dam
2047 1596 2180 1648 esse,
2233 1597 2525 1651 parumque
2571 1583 2855 1637 admodum
2894 1584 3066 1639 valere
3094 1587 3166 1639 ad
3215 1589 3461 1642 excolen-

1874 1672 2002 1725 dum
2044 1672 2305 1740 animum,
2354 1689 2629 1745 moresque
2682 1675 3075 1744 informandos,
3108 1679 3210 1731 nisi
3241 1680 3461 1747 insuper

1875 1762 2002 1834 legis
2034 1763 2351 1821 Christiana
2379 1768 2555 1821 lumen
2583 1769 2821 1822 accedat.

1812 1835 1857 1896 Β
1950 1855 2320 1926 Athenagoras
2356 1857 2515 1913 Liber
2564 1859 2628 1914 de
2681 1863 3070 1917 resurrectione
3124 1876 3456 1919 mortuorum

1876 1960 2003 2003 ante
2057 1948 2401 2020 Legationem
2478 1952 2594 2007 sive
2665 1952 2979 2023 Apologiam
3020 1956 3247 2023 prodiit.
3298 1956 3456 2014 Hunc

1875 2038 2023 2093 enim
2067 2039 2265 2097 Latine
2317 2042 2561 2098 reddidit
2588 2043 2859 2113 Georgius
2889 2044 3067 2111 Valla,
3095 2047 3250 2116 cujus
3287 2051 3457 2107 inter-

1872 2133 2111 2201 pretatia
2142 2134 2384 2191 Venetils
2422 2137 2475 2191 in
2514 2136 2609 2192 fol.
2642 2139 2997 2209 excusajcum
3022 2142 3144 2199 aliis
3178 2146 3452 2200 variorum

1872 2225 2152 2294 operibus,
2187 2242 2332 2283 anno
2362 2228 2522 2285 H98.
2580 2227 2746 2284 Multa
2773 2232 2941 2287 etiam
2963 2249 3028 2290 ex
3066 2236 3170 2291 hoc
3195 2237 3335 2292 libro
3366 2240 3454 2291 in-

1872 2325 2201 2388 terpretatus
2227 2328 2311 2375 est
2340 2320 2610 2378 Marsilius
2642 2324 2881 2394 Ficinus,
2930 2344 3050 2397 qua:
3101 2331 3154 2383 in
3207 2334 3451 2387 secunda

1872 2407 2015 2464 illius
2040 2424 2264 2481 aperum
2293 2424 2439 2468 tomo
2462 2414 2735 2485 leguntur.
2764 2419 2909 2475 Idem
2946 2438 3083 2491 opus
3117 2424 3316 2482 litteris
3342 2428 3448 2482 La-

1872 2500 2005 2555 tinis
2054 2501 2350 2559 illustravit
2397 2504 2596 2563 Petrus
2636 2508 2907 2577 Nannius,
2935 2527 3000 2569 ac
3023 2518 3231 2583 primus
3261 2518 3454 2575 Graece

1868 2593 2109 2663 vulgavit
2136 2610 2259 2650 cum
2299 2613 2396 2652 sua
2431 2599 2891 2670 interpretatione
2931 2606 3109 2664 Paris.
3138 2618 3193 2663 et
3221 2608 3449 2666 Lovanii

1868 2699 2012 2739 anno
2061 2687 2191 2742 1541
2242 2689 2296 2744 in
2329 2689 2407 2743 ι’.
2442 2691 2569 2749 Haec
2608 2695 2780 2751 editio
2824 2696 3247 2757 Gnaeo-Latina
3290 2720 3453 2775 repe-

1867 2779 1963 2833 tita
1991 2790 2074 2835 est
2101 2780 2325 2837 Basilea:
2367 2784 2419 2837 in
2460 2786 2590 2841 folio
2621 2802 2769 2843 anno
2798 2790 2936 2846 1550
2972 2794 3025 2847 in
3062 2793 3449 2868 Micropresbg-

1865 2872 1992 2937 lico,
2022 2882 2077 2927 et
2116 2874 2261 2927 inter
2292 2875 2837 2949 Orthodoxographos
2886 2898 3033 2937 anna
3066 2886 3204 2942 1555
3260 2889 3313 2944 in
3353 2889 3446 2945 fol.

1866 2964 2060 3021 Latine
2090 2977 2299 3022 tantum
2334 2970 2477 3025 idem
2508 2986 2647 3042 opus
2673 2989 2738 3029 ex
2772 2972 2965 3030 Nannii
2993 2979 3455 3051 interpretatione

1864 3058 2101 3114 refertur
2122 3070 2243 3128 post
2273 3060 2523 3119 Philonis
2547 3063 2720 3121 Judaei
2745 3082 2909 3139 opera
2939 3070 3133 3127 Latine
3164 3074 3375 3130 reddita
3416 3092 3447 3130 a

1864 3148 2090 3204 Gelenio
2118 3150 2285 3206 Basil.
2316 3153 2457 3208 1552
2491 3155 2545 3208 in
2574 3155 2653 3211 8⁸.

1932 3240 1990 3295 ln
2014 3240 2303 3311 Legatione
2330 3245 2447 3300 sive
2474 3244 2733 3316 Apologia
2758 3256 2870 3302 tres
2896 3248 3225 3317 interpretes
3258 3253 3446 3307 elabo-

1862 3344 2080 3397 rarunt,
2127 3332 2413 3390 Conradus
2468 3335 2768 3402 Gesnerus,
2819 3340 2909 3407 qui
2955 3340 3143 3397 Graece
3172 3354 3225 3397 et
3253 3345 3446 3399 Latine

1860 3434 1986 3475 cum
2015 3424 2159 3478 notis
2209 3426 2311 3480 hoc
2351 3441 2488 3493 opus
2514 3427 2687 3481 edidit
2718 3429 2773 3481 in
2811 3430 2870 3484 8-
2906 3430 3093 3500 Τίβυνὶ
3127 3449 3270 3488 anno
3305 3437 3443 3491 1557

1859 3522 1916 3566 et
1940 3512 2161 3568 Basilem
2198 3530 2345 3571 anno
2399 3517 2568 3583 1558;
2609 3519 2846 3574 Joannes
2880 3526 3126 3593 Langus,
3163 3528 3257 3595 qui
3295 3530 3440 3583 inter

1857 3619 2023 3673 opera
2068 3604 2267 3661 Justini
2309 3607 2501 3665 Latine
2526 3625 2554 3664 a
2588 3626 2648 3666 se
2673 3613 2819 3667 edita
2856 3614 2909 3667 in
2956 3615 3050 3669 fol.
3086 3617 3316 3675 Basilem
3345 3637 3439 3677 an.

1859 3697 1997 3753 1565
2054 3698 2364 3770 Apologiam
2395 3702 2759 3772 Athenagorae
2786 3707 2855 3761 ob
2883 3712 3123 3765 materiae
3169 3713 3436 3768 similitu--

1856 3789 2037 3844 dinem
2090 3793 2355 3860 inseruit;
2397 3798 2594 3851 tertius
2646 3800 2883 3871 denique
2940 3803 3211 3861 Sum-idus
3264 3808 3435 3877 Petri,

1856 3882 2098 3950 quicum
2132 3885 2481 3943 uberioribus
2514 3891 2658 3944 notis
2714 3893 2860 3949 idem
2906 3912 3043 3965 opus
3078 3899 3270 3956 Latine
3306 3904 3433 3957 red-

1853 3973 2025 4027 ditum
2071 3976 2315 4047 vulgavit
2360 3981 2596 4036 Coloniae
2630 3982 2684 4037 in
2713 3983 2772 4038 8°
2814 4002 2905 4044 an.
2950 3989 3104 4044 1567.
3140 3992 3308 4062 Langi
3354 3998 3439 4049 in-

1854 4068 2172 4135 terpretatio
2208 4084 2423 4127 servata
2450 4076 2628 4132 fuitin
2651 4082 2895 4137 editione
2920 4083 3216 4139 Basileensi
3246 4105 3260 4140 :
3310 4086 3437 4141 Suf-

1851 4156 1993 4213 frida
2025 4160 2198 4216 honor
2225 4163 2445 4222 habitus
2475 4168 2527 4221 in
2554 4171 2890 4231 editionibus
2925 4176 3304 4245 Lipsiensibus
3335 4197 3435 4233 an-

1850 4254 1935 4307 nis
1980 4252 2118 4311 1681
2162 4268 2217 4312 et
2271 4260 2436 4317 1685.
2483 4263 2709 4321 Caelerte
2747 4285 2883 4338 quas
2936 4272 3196 4341 deinceps
3244 4291 3433 4329 nume-

1848 4348 2088 4403 rabimus
2118 4349 2622 4421 interpretationem
2653 4356 2881 4413 Gesneri
2928 4363 3297 4420 retinuerunt.

1920 4438 2224 4512 Utrumque
2248 4459 2404 4515 apus,
2441 4446 2664 4518 Legatio
2690 4459 2747 4505 et
2772 4451 2929 4506 Liber
2952 4454 3018 4507 de
3046 4460 3431 4512 resurrectione

173 4525 430 4579 debemus
478 4525 788 4580 Willbelmo
837 4526 1030 4582 Worth
1077 4530 1467 4588 archidiacono
1524 4531 1739 4602 Wigor-
1772 4540 1818 4595 Ι)
1847 4541 2195 4599 mortuorum,
2243 4535 2437 4593 Latine
2468 4540 2672 4594 editum
2705 4552 2787 4597 est
2820 4542 2871 4597 in
2912 4543 3266 4602 Bibliothecis
3319 4548 3425 4602 Pa-

174 4618 370 4671 uiensi.
413 4617 466 4671 Is
496 4615 731 4673 Conradi
778 4619 1010 4675 Gesneri
1055 4623 1563 4689 iuterpretatiooem
1606 4645 1742 4684 non-

173 4710 329 4764 nullis
361 4711 417 4764 in
450 4712 592 4767 locis
628 4714 977 4779 emendavit,
1022 4730 1162 4785 opus
1205 4718 1259 4770 in
1305 4727 1453 4773 certa
1497 4721 1741 4789 quaedam

172 4806 347 4869 mpii:
388 4801 703 4870 distribuit,
736 4805 967 4860 aliarum
1014 4808 1156 4861 notis
1194 4810 1447 4880 adjunxit
1493 4826 1642 4873 suas.
1678 4828 1741 4865 ac

173 4895 347 4948 varias
390 4894 658 4951 lectiones
684 4912 717 4953 e
744 4897 913 4952 tribus
944 4910 1233 4970 excerptas
1272 4902 1550 4958 codicibus
1598 4903 1741 4957 inter

170 4994 486 5040 contextum
518 4996 573 5040 et
605 4996 765 5042 notas
793 4990 986 5043 ordine
1008 4989 1298 5059 disposuit.

235 5078 315 5131 Ad
344 5078 554 5133 calcem
585 5082 844 5149 appositae
873 5080 1094 5153 Georgii
1138 5083 1280 5137 Bulli
1327 5084 1737 5141 observationes

171 5171 454 5224 delihristi
488 5171 794 5248 divinitate.
826 5171 1097 5229 Kartholti
1129 5186 1293 5240 notae,
1328 5186 1384 5231 et
1420 5177 1734 5233 dissertatio

168 5262 341 5316 damni
374 5261 581 5317 Nieolai
628 5263 676 5318 le
724 5264 923 5320 Nourri
970 5269 1217 5324 monachi
1249 5268 1607 5325 Bcuedictini.
1636 5270 1734 5327 Se-

167 5354 346 5419 quitur
422 5354 657 5409 Hermia!
714 5358 1069 5426 apusculum,
1128 5361 1275 5429 quod
1330 5375 1450 5415 cum
1499 5359 1733 5417 Tatiana

172 5442 427 5499 War-thus
465 5447 904 5519 eoiijnngenduin
946 5450 1147 5516 duxit;
1183 5452 1381 5509 deinde
1418 5453 1627 5510 indices
1668 5472 1731 5511 ac

166 5539 375 5591 tandem
420 5540 630 5595 erudita
676 5542 1016 5598 celeberrimi
1062 5544 1276 5600 abbatis
1312 5548 1378 5601 de
1408 5547 1731 5619 Langueruc

166 5630 507 5699 dissertatio,
549 5648 711 5702 quam
752 5634 1013 5693 Wurthus
1059 5653 1088 5691 a
1132 5638 1296 5693 Petro
1337 5641 1567 5697 llallixio
1607 5652 1731 5714 post

168 5723 460 5779 absolutum
487 5743 623 5796 opus
654 5738 948 5798 acceperat
980 5746 1044 5785 ea
1078 5732 1193 5802 lege
1217 5741 1271 5788 et
1306 5736 1639 5804 conditione,
1672 5748 1729 5795 ut

169 5816 401 5873 eruditus
436 5818 839 5879 dissertationis
864 5833 1056 5880 auctor
1085 5827 1371 5883 celarctur.

1851 4630 2016 4690 trum,
2067 4623 2295 4683 Lutetia)
2355 4630 2515 4686 annis
2554 4632 2714 4699 1575,
2751 4634 2913 4698 1589,
2948 4636 3087 4691 1609
3125 4656 3138 4702 ;
3185 4640 3429 4695 Colonia:

1850 4718 2023 4783 1618;
2053 4721 2299 4793 Lugduni
2340 4727 2473 4801 1677
2504 4726 2693 4782 Graece
2740 4739 2795 4783 et
2822 4729 3014 4786 Latine
3067 4749 3190 4787 cum
3249 4736 3426 4799 notis;

1846 4810 2073 4867 Parisiis
2098 4814 2151 4867 in
2174 4812 2250 4881 8°,
2279 4830 2369 4869 an.
2398 4817 2559 4883 1657,
2596 4818 2666 4873 ab
2701 4818 2935 4875 llenrico
2959 4824 3238 4891 Stephano
3261 4841 3423 4894 quem

1846 4904 2119 4960 immerita
2164 4917 2356 4963 auctor
2383 4909 2643 4964 Historia:
2690 4913 2920 4982 general.
2968 4916 3287 4982 scriptorum
3336 4935 3425 4971 sa-

1840 5012 2052 5049 crarum
2114 5007 2161 5050 et
2219 4999 2697 5055 ecclesiasticarum
2758 5018 2954 5057 novam
3007 5005 3423 5073 interpretatio-

1841 5104 1964 5141 nem
2008 5089 2302 5147 adarnasse
2332 5094 2703 5150 existimavit:
2760 5095 2886 5149 item
2932 5097 3117 5165 Tiguri
3178 5098 3317 5153 1559
3366 5112 3423 5153 et

1840 5185 1979 5239 1560
2006 5186 2098 5241 fol.
2142 5188 2284 5241 inter
2325 5190 2706 5260 theologorum
2749 5194 2957 5261 aliquot
2988 5194 3301 5251 Grazcorum
3328 5213 3421 5251 ve-

1838 5285 2015 5330 terum
2061 5279 2492 5333 orthodoxorum
2522 5285 2761 5351 scripta;
2797 5284 2851 5336 in
2887 5288 3179 5341 Auctuaria
3216 5288 3420 5344 Biblio-

1838 5368 2009 5421 theca:
2063 5369 2308 5435 Patrum,
2358 5372 2587 5429 Parisiis
2623 5376 2785 5439 1621.,
2818 5379 2945 5430 item
2978 5388 3099 5447 post
3125 5396 3291 5450 Opera
3324 5382 3418 5434 Ju—

1836 5460 1963 5513 s‘ini
1996 5460 2156 5526 1615,
2189 5464 2346 5527 1656,
2375 5464 2551 5531 1686;
2591 5466 2785 5521 Oxonii
2818 5472 2869 5521 in
2894 5471 2975 5533 12,
3011 5487 3131 5524 cum
3160 5475 3416 5529 brevibus

1835 5554 1979 5607 notis
2019 5554 2150 5608 Felli
2185 5558 2418 5627 episcopi
2463 5558 2794 5616 Oxonieusis
2828 5564 2995 5625 1682;
3042 5564 3241 5634 Lipsiae
3276 5568 3326 5620 in
3357 5570 3415 5621 θ’

1836 5644 1995 5711 1684,
2028 5648 2188 5713 1685,
2222 5666 2343 5703 cum
2372 5642 2515 5706 notis
2558 5651 2979 5724 Rcchenbcrgii,
3006 5657 3095 5725 qui
3141 5659 3412 5727 interpre-

1837 5738 2093 5793 tationem
2120 5738 2341 5795 δυστωί
2377 5744 2623 5797 retinuit.

1908 5831 2027 5885 Alia
2050 5830 2273 5889 Oxaniae
2307 5835 2509 5900 prodiit
2557 5836 2723 5892 editio
2751 5852 2893 5894 anno
2940 5838 3069 5893 1706
3104 5838 3156 5893 in
3196 5843 3270 5904 3°,
3312 5852 3404 5893 ’λ-
