4120 6412
717 320 785 373 19
1639 322 1694 379 S.
1738 323 2072 381 JUSTINUS
2105 324 2586 381 PHILOSOPHUS
2618 326 2704 381 ET
2740 326 3049 383 HAll'IYll.
3912 334 3981 390 ω

722 442 858 497 teris
887 443 1263 515 praestantior,
1300 458 1465 514 cpt-ra
1519 443 1756 501 Eduardi
1796 447 2053 512 Dechair,
2082 449 2175 518 qui
2203 464 2295 501 va-
2325 461 2369 512 Α
2404 448 2473 503 lei
2498 451 2681 502 codice
2720 448 2969 511 collatus,
3014 447 3215 501 additis
3249 449 3484 516 ejusdem
3505 446 3678 515 Galei,
3700 453 3791 521 qui
3824 449 3984 506 Theo-

721 536 833 591 rias
862 534 1128 590 lectiones
1156 552 1221 592 ex
1248 553 1358 592 uno
1386 538 1578 593 codice
1620 538 1801 609 Regia:
1827 539 2174 595 bibliothecae
2202 540 2305 594 Pa-

722 626 973 684 risiensis
1005 639 1063 685 et
1098 630 1382 685 nonnullis
1422 631 1743 702 Anglicanis
1780 644 1995 699 nactus,
2031 636 2133 689 hoc
2165 650 2304 705 praue

719 717 862 771 sidio
894 718 961 773 ad
1005 730 1320 775 contextum
1354 726 1751 778 emendandum
1802 741 1937 781 usus
1981 738 2083 789 est,
2132 728 2301 781 inter-

720 810 1061 873 pretationes
1091 811 1319 866 Gesneri
1346 822 1399 868 et
1432 812 1631 869 Nannii
1665 816 1913 887 pluribus
1945 818 2085 873 locis
2113 832 2303 873 emen-

721 899 897 964 davit,
956 912 1223 972 notasque
1276 905 1519 959 eruditas
1572 906 1841 975 adiunxit,
1870 918 1927 964 et
1975 909 2043 963 ad
2088 910 2298 964 calcem

724 991 1136 1048 observationes
1197 992 1448 1060 Suﬂridi,
1498 996 1707 1069 Langi,
1759 998 2032 1055 Kortholti
2084 1010 2141 1055 et
2195 1000 2299 1056 Re-

723 1083 1120 1152 rltenbergii,et
1164 1086 1422 1142 nonnulla
1453 1102 1518 1143 ex
1566 1088 1823 1155 Baronio,
1858 1089 2147 1159 Halloixio,
2173 1091 2308 1150 Dod-

721 1168 870 1223 wcllo
921 1175 975 1223 et
1039 1175 1195 1231 Bnllo
1219 1190 1478 1251 excerpta
1509 1184 1781 1252 apposuit.

788 1264 906 1319 Non
939 1265 1164 1320 defuere
1194 1269 1287 1337 qui
1324 1271 1727 1339 Athenagoram
1761 1271 1959 1329 litteris
1982 1276 2297 1331 vernaculis

717 1358 1078 1416 Illustrarent.
1114 1358 1330 1414 Librum
1373 1361 1438 1415 de
1480 1365 1868 1419 resurrectione
1918 1364 2107 1421 Italice
2133 1369 2298 1423 vertit

715 1450 1083 1522 Hieronymus
1104 1452 1272 1507 Faleti
1310 1453 1551 1510 Venetiis
1575 1458 1717 1527 apud
1735 1457 1932 1513 Aldum
1960 1460 2013 1513 in
2039 1460 2122 1531 4°,
2148 1477 2294 1518 anno

717 1542 879 1610 1557,
914 1543 961 1599 si
1003 1542 1258 1600 Fabricio
1294 1546 1598 1611 credimus;
1634 1548 1796 1615 1556,
1828 1552 1873 1606 si
1908 1556 2116 1610 auctori
2148 1555 2293 1613 Hist.

715 1633 949 1703 general.
980 1637 1220 1704 scriptor.
1270 1654 1408 1691 sacr.
1431 1648 1481 1691 et
1506 1641 1689 1696 eccles.
1722 1641 1941 1698 Annum
1976 1646 2115 1701 15-16
2156 1652 2296 1705 assi-

713 1736 848 1793 gnat
895 1727 1150 1781 eruditus
1202 1728 1383 1783 editor
1427 1727 1711 1787 Eduardus
1767 1733 2025 1791 Dechair.
2065 1739 2293 1811 Anglice

716 1817 857 1872 idem
908 1832 1047 1889 opus
1098 1820 1303 1889 prodiit
1346 1821 1647 1894 interprete
1700 1824 1977 1883 Richardo
2028 1806 2292 1899 Perdere,
2326 1806 2369 1861 Β

714 1906 945 1961 Londini
976 1924 1125 1964 anno
1150 1910 1307 1966 1575.
1342 1910 1657 1983 Apologiam
1687 1916 1894 1972 Gallice
1919 1919 2088 1974 edidit
2116 1920 2298 1979 Guido

714 1999 1045 2054 tiaussartus
1073 2002 1127 2054 in
1155 2001 1236 2066 8',
1278 2002 1457 2061 Paris.
1508 2005 1669 2062 1574.
1725 2009 1952 2081 Anglice
2005 2023 2297 2085 utrumque

713 2106 849 2159 opus
894 2093 1065 2149 David
1089 2093 1471 2165 Humphrcyus
1495 2097 1546 2151 in
1586 2099 1667 2163 3°,
1719 2101 1952 2159 Londini
1987 2105 2148 2162 17M.
2186 2108 2291 2163 Te-

712 2192 893 2237 statur
914 2184 1267 2241 doctissimus
1293 2186 1583 2245 Fabricius
1610 2201 1832 2249 exstare
1862 2198 2147 2267 utriusque
2174 2216 2297 2271 cpe-

714 2276 791 2331 ris
826 2275 1091 2333 Gallicam
1146 2278 1686 2350 interpretationem,
1739 2300 1859 2356 quae
1891 2289 2135 2345 Arnoldo
2165 2290 2295 2346 Fer-

711 2384 848 2424 sono
870 2370 1117 2426 debetur.

782 2462 903 2519 1am
936 2465 1175 2522 diximus
1211 2466 1270 2522 S.
1304 2468 1664 2539 Theophilum
1700 2473 1889 2530 Greece
1922 2476 2159 2545 primum
2180 2492 2298 2547 pro-

710 2556 897 2620 diisse,
930 2571 1039 2611 una
1068 2573 1191 2613 cum
1223 2558 1488 2629 Tatiano,
1516 2561 1700 2633 Tiguri
1731 2565 1785 2619 in
1818 2566 1914 2621 fol.
1950 2582 2094 2623 anno
2134 2570 2298 2638 1546,

709 2663 876 2717 opera
932 2648 1159 2707 Joannis
1200 2650 1387 2707 Frisii.
1440 2652 1497 2708 lu
1553 2657 1742 2711 eadem
1786 2658 1921 2714 urbe
1981 2674 2045 2715 ac
2105 2663 2294 2717 eodem

712 2755 859 2793 anno
906 2742 1111 2812 prodiit
1167 2741 1361 2799 Latine
1407 2760 1473 2799 ex
1538 2747 1997 2818 interpretatione
2050 2753 2292 2809 Conradi

709 2831 980 2900 Clauseri,
1014 2848 1135 2901 qnze
1178 2835 1399 2905 quidem
1433 2835 1821 2908 interpretatio
1867 2843 2104 2899 habetur
2128 2846 2181 2900 in
2212 2846 2297 2900 Bi-

713 2924 1004 2981 ltliothecis
1033 2926 1280 2992 Patrum,
1309 2927 1487 2985 Paris.
1520 2930 1681 2997 1575,
1706 2934 1869 3001 1589,
1903 2935 2061 3005 1609,
2110 2939 2251 2993 1644
2276 2956 2291 3006 ;

710 3016 905 3074 Colon.
941 3018 1118 3085 1618;
1147 3019 1323 3091 Lugd.
1362 3020 1519 3076 l677.
1552 3021 1739 3079 Graece
1789 3038 1969 3083 autem
2000 3040 2053 3084 et
2100 3029 2293 3085 Latine

710 3118 893 3163 exstat
919 3110 1025 3166 hoc
1054 3127 1191 3180 opus
1237 3113 1376 3167 inter
1404 3113 1945 3188 Orthodoxographos
1982 3137 2077 3178 an.
2119 3122 2289 3184 1555;
2324 3156 2364 3213 ο

711 3202 878 3257 Basil.
928 3203 983 3258 in
1035 3204 1131 3260 l'ol.
1184 3205 1237 3259 in
1270 3208 1568 3261 Auctuario
1627 3208 1978 3267 Bibliotheca
2030 3212 2289 3280 Patrum;

710 3294 887 3351 Paris.
927 3297 1093 3358 1624,
1124 3315 1247 3355 cum
1279 3305 1423 3359 notis
1452 3304 1744 3359 Frontonis
1774 3305 1988 3360 Ducati:
2022 3318 2146 3375 post
2173 3322 2298 3378 ope-

712 3404 771 3440 ra
814 3388 877 3443 S.
905 3388 1103 3445 Justini
1132 3390 1306 3447 Paris.
1338 3393 1500 3459 1615,
1535 3394 1672 3449 1656
1704 3407 1759 3451 et
1780 3395 1971 3452 Colon.
1997 3414 2091 3453 seu
2116 3400 2297 3467 potius

714 3485 1044 3558 V’ittebergze
1076 3487 1237 3542 1686.

782 3583 943 3635 Anno
976 3580 1117 3635 1684
1160 3583 1364 3651 prodiit
1417 3583 1612 3639 Oxonii
1650 3584 1702 3638 in
1734 3584 1801 3638 12
1832 3600 1968 3639 nova
2016 3585 2184 3641 editio
2227 3585 2294 3640 li-

711 3673 935 3727 brorum
961 3674 1027 3728 ad
1056 3676 1404 3747 Autolycnm,
1457 3693 1623 3748 opera
1653 3676 1883 3733 Joannis
1914 3678 2049 3732 Felli
2083 3679 2296 3749 episco-

712 3767 765 3834 pi
796 3765 1151 3834 Ottonicnsis,
1184 3772 1275 3839 qui
1301 3771 1545 3827 codicem
1591 3786 1694 3826 ms.
1727 3786 1758 3825 e
1786 3770 2114 3825 bibliotheca
2156 3771 2297 3827 Bod-

714 3859 892 3913 leiana
944 3860 1157 3926 habuit,
1194 3878 1257 3917 ac
1294 3864 1806 3933 interpretationem
1858 3862 2108 3918 Clauseri
2146 3880 2286 3919 non-

713 3952 876 4008 nullis
932 3953 987 4009 in
1045 3954 1184 4010 locis
1243 3956 1577 4025 emendavit,
1630 3958 1933 4027 brevesque
1988 3968 2147 4013 notas
2199 3961 2295 4014 ad-

706 4043 910 4115 jnnxit.

784 4135 1108 4193 Concedunt
1160 4138 1237 4192 ha:
1286 4153 1482 4193 omnes
1534 4140 1805 4195 editiones
1854 4138 2293 4208 llatnburgcnsi,

714 4244 841 4296 qua:
876 4228 1081 4299 prodiit
1121 4243 1265 4281 anno
1316 4228 1456 4284 1724
1490 4230 1543 4283 in
1578 4230 1634 4284 8°
1682 4245 1849 4299 opera
1897 4226 1986 4283 Jo.
2039 4228 2293 4283 Christo-

714 4320 870 4388 phori
932 4318 1119 4374 Wollii
1170 4321 1410 4387 pastoris
1440 4320 1507 4375 ad
1549 4319 1613 4374 D.
1643 4321 1868 4375 Gathar.
1907 4318 2209 4390 Hamburg.
2240 4330 2295 4373 et

712 4411 1072 4468 scholarchae.
1128 4410 1178 4467 ls
1204 4422 1517 4466 contextum
1548 4414 1788 4469 contulit
1820 4428 1943 4469 cum
2002 4412 2293 4468 Bodleiano

2409 542 2588 594 dorito
2617 541 2897 611 juniorem
2923 556 3037 594 esse
3072 539 3347 594 Hermiam
3394 543 3690 608 existimat,
3737 554 3787 597 et
3814 540 3982 599 Wiln.

2410 631 2621 685 Worthi
2650 632 2785 686 notis
2808 632 2878 685 ad
2913 632 3109 685 calcem
3141 631 3375 695 Tatiani,
3405 630 3577 687 Oxon.
3613 634 3768 703 l'lOO,
3797 635 3875 691 ὃν.

3016 744 3243 800 CAPUT
3283 748 3368 802 IV.

2410 832 2608 889 Paucis
2658 836 2945 904 exponitur
2990 836 3117 906 quid
3149 838 3202 889 in
3233 837 3332 920 liae
3364 856 3494 892 nova
3546 840 3981 898 editiottetetua»

3072 917 3183 960 tum
3222 917 3310 961 Ill.

2476 995 2591 1051 Non
2620 996 2777 1068 longa
2810 997 3061 1053 oratione
3101 998 3337 1055 lectores
3387 1000 3608 1066 tenebo,
3638 1016 3697 1056 ut
3725 1005 3806 1058 eis
3825 1002 3981 1060 labe-

2402 1089 2478 1141 ris
2506 1089 2609 1142 mei
2638 1090 2907 1143 rationem
2932 1102 3233 1159 exponam,
3260 1089 3351 1159 qui
3387 1091 3602 1158 quidem
3646 1093 3981 1149 eruditorum

2394 1181 2606 1249 judicio
2642 1183 2993 1248 commissus,
3054 1199 3163 1241 non
3212 1193 3319 1239 tam
3378 1200 3406 1236 a
3450 1201 3533 1238 me
3579 1184 3878 1242 laudandus
3916 1204 3985 1243 ac

2400 1273 2786 1343 prmdicandus
2833 1282 2939 1339 est,
2992 1290 3158 1344 quam
3190 1278 3571 1335 excusationis
3597 1280 3752 1335 venia
3781 1282 3987 1336 erratis

2398 1376 2454 1419 et
2485 1367 2733 1432 maculis,
2781 1382 2902 1437 qua:
2946 1368 3001 1422 in
3038 1370 3211 1424 arduo
3239 1380 3295 1425 et
3340 1370 3544 1426 dilIicili
3589 1387 3753 1441 opere
3786 1388 3991 1444 parum

2398 1459 2515 1514 cavi
2528 1500 2541 1521 ,
2555 1460 2919 1528 exposcenda.

2471 1550 2654 1607 Multae
2690 1552 2938 1623 profecto
2961 1569 3284 1625 magnaeque
3316 1554 3661 1610 dilllcultates
3692 1556 3744 1610 in
3775 1557 3859 1611 his
3885 1571 3989 1612 ven

2399 1644 2605 1699 teribus
2635 1646 3003 1702 monumentis
3023 1657 3403 1702 occurrerunt.
3427 1646 3616 1717 Magna
3632 1647 3844 1703 librarii
3861 1651 3990 1705 vul-

2399 1750 2527 1788 nera
2565 1735 2763 1799 lecere,
2811 1737 2926 1791 sive
2951 1737 3227 1792 nonnullis
3255 1738 3595 1803 omittendis,
3639 1754 3753 1795 sive
3778 1738 3985 1793 immu-

2403 1826 2603 1892 tandis,
2634 1826 2749 1880 sive
2771 1827 2963 1892 etiam,
2998 1829 3051 1881 id
3083 1828 3227 1896 quod
3263 1828 3318 1883 in
3355 1837 3470 1882 toto
3493 1826 3669 1898 capite
3716 1829 3990 1900 Apologite

2402 1917 2438 1971 2
2465 1917 2525 1971 8.
2558 1917 2759 1973 lnstini
2792 1920 3100 1986 observavi,
3138 1921 3190 1974 in
3231 1919 3408 1975 locum
3449 1935 3554 1974 non
3600 1936 3757 1976 suum
3796 1931 3991 1975 trans-

2402 2012 2663 2068 lerendis.
2694 2012 2810 2067 Huc
2834 2014 3044 2068 accedit
3071 2015 3245 2085 stylus
3272 2030 3370 2071 nec
3399 2016 3685 2071 verborum
3714 2016 3990 2071 electione

2400 2102 2721 2166 concinnus,
2745 2116 2843 2157 nec
2870 2105 3287 2159 constructione
3331 2114 3645 2169 accuratus,
3673 2107 3985 2173 praesertim

2401 2194 2452 2247 in
2476 2193 2701 2263 Dialogo
2738 2194 2796 2250 S.
2840 2192 3067 2259 Justini,
3102 2195 3191 2264 qui
3212 2196 3337 2250 dum
3372 2196 3555 2251 studio
3579 2197 3756 2252 fervet
3787 2194 3987 2251 defen-

2400 2286 2591 2341 dcndze
2644 2287 2923 2351 veritatis,
2962 2302 3071 2341 non
3106 2289 3266 2342 modo
3299 2286 3515 2357 prcjicit
3545 2297 3868 2343 ornamenta
3900 2290 3992 2344 di-

2400 2378 2581 2439 cendi,
2640 2378 2735 2431 sed
2797 2379 2959 2433 etiam
3032 2380 3304 2434 sermonis
3360 2380 3731 2450 perspicuitati
3785 2394 3987 2450 parum

2400 2468 2665 2523 consulit.
2704 2469 2921 2524 Tutiani
2956 2471 3167 2539 lepores
3190 2474 3576 2541 elegantesque
3598 2473 3819 2543 picturae
3837 2487 3989 2544 saepe

2400 2579 2506 2616 non
2566 2566 2747 2618 minus
2806 2565 3005 2634 negotii
3059 2563 3375 2632 facessunt,
3439 2579 3605 2634 quam
3672 2564 3991 2634 incomptus

2402 2659 2800 2729 inornatusque
2825 2675 3031 2724 sermo,
3059 2663 3197 2716 adeo
3228 2670 3285 2713 ut
3319 2659 3466 2713 visus
3487 2660 3561 2714 sit
3594 2658 3991 2727 interpretibus

2399 2762 2454 2806 et
2502 2753 2709 2806 criticis
2754 2750 3105 2807 Crescentem
3156 2752 3421 2822 Cynicum
3466 2750 3671 2807 aculeis
3718 2750 3989 2822 deligere,

2403 2850 2531 2903 dum
2596 2849 2794 2904 mimos
2829 2851 3031 2905 nativis
3086 2849 3366 2905 coloribus
3400 2848 3690 2904 describit.
3736 2847 3992 2918 Operose

2401 2956 2790 3010 nonnunquam
2828 2954 3007 2994 rerum
3061 2940 3419 3010 profanarum
3442 2940 3585 3009 apud
3615 2940 3718 2993 hos
3744 2938 3993 3008 scripto-

2402 3046 2489 3085 res
2528 3032 2875 3100 explanatio;
2901 3032 2995 3086 sed
3031 3033 3173 3086 haud
3206 3032 3319 3087 scio
3370 3046 3438 3086 an
3468 3032 3751 3102 operosius
3790 3029 3993 3097 fuerit,

2402 3137 2508 3176 non
2539 3123 2663 3177 dico
2685 3123 2812 3191 quid
2847 3123 2922 3177 illi
2947 3124 3013 3177 de
3043 3122 3553 3178 Christidivinitate
3584 3123 3825 3180 sentiant
3858 3137 3995 3192 per-

2401 3216 2613 3281 spicere
2642 3214 2837 3283 (mirus
2863 3216 3007 3268 enim
3035 3223 3121 3269 est
3142 3213 3360 3267 illorum
3393 3214 3559 3268 ardor
3588 3212 3756 3266 animi
3794 3212 3846 3266 in
3876 3212 3993 3266 hoc

2400 3288 2741 3358 delend'cndo
2770 3305 3025 3373 dogmate
3054 3316 3107 3359 et
3134 3314 3325 3375 aperta
3364 3307 3426 3359 in
3446 3304 3797 3376 praedicando
3828 3306 3992 3359 testi—

2404 3398 2633 3467 monia),
2680 3397 2774 3452 sed
2827 3408 3145 3466 argumenta
3193 3397 3477 3461 nonnulla,
3530 3398 3730 3467 quibus
3783 3397 3837 3451 in
3874 3399 3989 3454 hoc

2401 3503 2599 3556 genere
2654 3500 2902 3555 utuntur,
2958 3489 3259 3556 explanare
3312 3498 3370 3544 et
3420 3488 3677 3544 omnibus
3732 3490 3987 3559 vestigiis

2400 3582 2673 3649 persequi.

2472 3673 2729 3727 Subsidia
2763 3673 2913 3728 tuere
2944 3674 3011 3727 ad
3043 3673 3160 3729 lucc
3189 3672 3530 3742 expedienda
3564 3687 3698 3730 mss.
3732 3673 3985 3741 codices,

2399 3764 2854 3833 interpunctionis
2885 3764 3138 3830 mutatio,
3160 3763 3526 3833 parenthesis,
3558 3764 3650 3819 ubi
3688 3778 3826 3833 opus
3853 3763 3985 3830 fuit,

2400 3856 2689 3926 appositio,
2716 3865 2925 3909 attenta
2967 3856 3203 3926 denique
3248 3855 3492 3909 locorum
3526 3854 3821 3911 diﬂicilium
3846 3872 3988 3912 con—

2401 3942 2664 4003 sideratio
2691 3958 2746 4002 et
2780 3963 2905 4001 cum
2945 3948 3068 4001 aliis
3099 3947 3343 4018 ejusdem
3372 3956 3467 4001 aut
3498 3948 3701 4003 diversi
3744 3950 3989 4019 scripto-

2398 4038 2478 4093 ris
2504 4038 2741 4093 collatio.
2770 4038 2895 4092 Hice
2933 4047 3119 4093 autem
3158 4039 3277 4093 sine
3311 4038 3565 4108 pluribus
3594 4039 3764 4105 notis,
3794 4038 3989 4111 iisque

2402 4132 2679 4187 interdum
2734 4132 2987 4201 prolixis,
3033 4133 3222 4187 navari
3265 4148 3373 4188 non
3406 4142 3734 4203 potuerunt;
3768 4136 3861 4189 sed
3897 4147 3986 4191 ta-

2401 4240 2528 4278 men
2562 4224 2748 4279 ltabita
2780 4234 2865 4279 est
2902 4240 3033 4279 cura
3058 4226 3369 4281 brevitatis.
3417 4226 3658 4282 'l‘a:dium
3690 4228 3823 4284 mihi
3854 4244 3990 4299 pro-

2400 4316 2545 4371 iecto
2596 4326 2652 4371 et
2694 4316 3003 4387 legentibus
3066 4319 3418 4389 peperissem,
3469 4319 3732 4389 iustoque
3757 4324 3988 4392 gravior

2400 4407 2695 4463 voluminis
2742 4408 2964 4464 sarcina
3001 4408 3214 4477 fuisset,
3244 4410 3291 4465 si
3321 4411 3744 4467 commentarios
3783 4410 3986 4485 Langi.

712 4503 901 4558 codice
925 4511 979 4558 et
1010 4502 1163 4572 regio
1210 4501 1531 4569 Parisiensi,
1579 4506 1800 4574 suisque
1839 4514 1894 4560 et
1934 4503 2168 4562 aliorum
2200 4518 2298 4558 no-
2328 4507 2376 4567 D
2407 4500 2668 4569 Periouii,
2696 4500 2971 4559 Kortholti
2990 4510 3047 4557 et
3075 4501 3311 4557 aliorum
3343 4503 3737 4572 apposuissem,
3774 4506 3821 4561 si
3844 4504 3985 4561 locis

714 4598 783 4651 tis
830 4595 1132 4655 illustravit
1176 4607 1243 4649 ac
1293 4596 1801 4665 interpretationem
1857 4596 2108 4665 pluribus
2155 4594 2298 4651 locis

710 4686 1043 4740 emendavit.

790 4779 1063 4845 Hermias,
1111 4781 1290 4851 inquit
1320 4781 1607 4836 Fabricius
1639 4822 1655 4847 ,
1690 4782 1822 4835 vidit
1860 4781 2029 4836 lucem
2062 4784 2301 4853 primum

712 4892 778 4930 ea:
811 4874 903 4929 Jo.
938 4874 1127 4930 Jacobi
1157 4874 1386 4945 Fuggeri
1410 4876 1591 4930 codice
1631 4892 1753 4929 cum
1786 4877 2021 4931 versione
2053 4864 2294 4946 Raphae-

715 4967 784 5022 lis
816 4968 1007 5023 Seileri
1032 4968 1356 5038 Augustani,
1386 4967 1565 5023 Basil.
1586 4968 1725 5023 l535
1755 4969 1808 5022 in
1834 4970 1913 5034 8',
1939 4969 2160 5024 additus
2188 4966 2295 5023 'Dc-

715 5064 895 5116 metrii
944 5062 1169 5133 Cydonii
1194 5062 1427 5115 orationi
1450 5060 1516 5115 de
1541 5071 1709 5117 morte
1754 5063 2134 5116 contemnenda
2156 5075 2176 5113 :
2208 5072 2295 5115 at-

716 5172 816 5224 que
840 5158 977 5211 inter
1019 5165 1214 5210 veteres
1259 5156 1464 5225 aliquot
1490 5153 1760 5221 theologos
1789 5151 2028 5219 ercos,
2073 5170 2293 5207 excuses

719 5248 907 5317 Tiguri
950 5265 1090 5302 anno
1116 5248 1255 5303 1560
1278 5248 1403 5317 fol.,
1436 5245 1619 5302 erce
1640 5258 1688 5300 et
1730 5245 1921 5302 Latine
1946 5256 2166 5305 curante
2187 5246 2294 5301 Ge-

716 5356 890 5395 sucro.
924 5326 1146 5392 'Deinde
1198 5348 1257 5392 ut
1309 5337 1531 5393 Latinas
1562 5338 1819 5391 editiones
1848 5340 1901 5390 in
1946 5338 2293 5393 Bibliothecis

716 5431 946 5485 Patrum
998 5432 1248 5501 repetitas
1274 5432 1538 5495 omittam,
1577 5429 1761 5483 erce
1795 5439 1847 5483 ct
1868 5429 2057 5485 Latine
2101 5433 2294 5484 iterum

715 5542 835 5578 cum
864 5525 1305 5595 castigationibus
1349 5521 1637 5577 Frontonis
1680 5522 1867 5577 Ductai
1911 5524 1968 5579 in
2000 5524 2297 5578 Auctuario

716 5619 989 5673 Dncmano
1022 5615 1199 5671 Paris.
1234 5617 1374 5672 1624
1400 5618 1457 5670 in
1498 5616 1622 5685 fol.,
1647 5625 1775 5670 tom.
1807 5614 1862 5685 Ι,
1891 5626 1941 5671 et
1984 5617 2054 5670 ad
2098 5618 2297 5671 calcem

717 5712 923 5765 Justini
954 5712 1203 5780 martyris
1251 5707 1433 5765 Paris.
1486 5709 1646 5769 1615,
1682 5710 1821 5764 1656
1870 5719 1920 5765 et
1952 5709 2141 5785 Colon.
2179 5714 2295 5764 sive

716 5802 889 5861 potius
943 5802 1251 5872 l’ittebergm
1285 5801 1423 5856 1686
1447 5804 1500 5855 in
1532 5802 1627 5872 fol.
1658 5800 1893 5869 Denique
1924 5818 2041 5857 cum
2068 5800 2162 5857 Th.
2189 5801 2295 5860 Gu-

2400 4594 2785 4651 communibus
2812 4610 2901 4650 res
2930 4595 3337 4650 ecclesiasticas
3366 4606 3421 4651 et
3443 4597 3699 4665 profanas
3730 4598 3982 4656 illustra-

2402 4702 2462 4743 re
2510 4688 2785 4755 libuisset,
2824 4697 2879 4744 et
2910 4687 3175 4758 quidquid
3221 4688 3310 4743 alii
3363 4700 3455 4743 aut
3494 4689 3673 4745 minus
3693 4694 3985 4750 commode

2399 4780 2747 4851 interpretati
2785 4788 2935 4848 sunt,
2987 4790 3082 4835 aut
3134 4780 3319 4836 minus
3355 4781 3519 4838 docte
3557 4784 3789 4853 opinati,
3822 4785 3987 4855 quid-

2398 4876 2527 4944 quid
2558 4891 2588 4929 a
2616 4875 2808 4934 Bibliis
2864 4876 3071 4929 nostris
3110 4875 3317 4930 habent
3366 4876 3700 4941 discriminis
3748 4878 3913 4933 citata
3948 4897 3984 4936 a

2398 4967 2611 5023 Iustino
2642 4976 2697 5022 et
2732 4965 3036 5036 Theophilo
3091 4969 3424 5034 testimonia,
3483 4969 3763 5039 colligere.
3808 4970 3864 5024 lu
3891 4972 3985 5029 his

2399 5059 2656 5119 omnibus
2706 5059 2921 5115 delectu
2965 5074 3102 5130 opus
3151 5076 3275 5115 esse
3335 5061 3503 5117 duxi:
3548 5062 3981 5117 Adnotationunt

2397 5168 2618 5221 operam
2652 5151 2803 5208 intra.
2826 5161 3119 5213 contextus
3150 5164 3206 5207 et
3234 5153 3524 5224 scriptoris
3559 5156 3845 5209 sententias
3898 5156 3987 5209 in.

2402 5246 2759 5317 telligentiam
2811 5246 2963 5302 soleo
3009 5261 3306 5313 coercere;
3341 5250 3579 5303 virorum
3612 5249 3979 5317 eruditorum,

2399 5340 2490 5408 qui
2528 5349 2655 5393 ante
2682 5354 2767 5394 me
2793 5340 3003 5395 utiliter
3030 5338 3371 5406 laborarunt,
3423 5338 3853 5403 observationes,
3885 5342 3981 5398 ubi

2399 5431 2531 5487 mihi
2573 5431 2752 5486 minus
2805 5432 3129 5501 probantur,
3169 5432 3362 5502 paucis
3412 5432 3635 5487 refello:
3670 5434 3758 5487 ubi
3790 5433 3984 5487 viden-

2402 5531 2492 5577 tur
2514 5524 2859 5592 adoptandae,
2893 5524 3129 5580 libenter
3153 5525 3390 5589 ascisco,
3438 5526 3522 5581 sic
3573 5534 3751 5581 tamen
3781 5536 3840 5580 ut
3870 5528 3985 5596 ple-

2402 5632 2632 5687 rumque
2678 5618 2730 5673 in
2762 5618 2985 5674 brevius
3019 5631 3311 5688 cogantur,
3345 5634 3448 5677 nec
3476 5619 3657 5675 debita
3689 5621 3980 5691 quisquam

2398 5710 2558 5766 laude
2586 5709 2899 5766 fraudetur.

2468 5801 2676 5859 Novam
2735 5802 3245 5874 interpretationem
3279 5806 3552 5877 praecipue
3593 5806 3979 5863 desiderabant
