4120 6446
187 401 247 458 31
1205 402 1268 460 D.
1306 398 1574 457 MAMNI
1609 395 2000 454 PBEFATIO.
2041 426 2109 437 —
2143 397 2323 454 PARS
2352 399 2392 453 l.
3380 394 3452 451 Β

191 530 417 589 utraque
467 521 662 576 Justini
707 522 989 592 Apologia.
1038 521 1194 576 Liber
1237 523 1302 578 de
1354 524 1667 578 monarcltia
1708 528 1840 589 etA
1868 520 2013 575 Actis
2073 522 2336 591 martyrii
2376 519 2436 576 S.
2486 519 2723 585 Justini,
2769 534 2890 590 qua
2937 521 3127 579 Graece
3162 532 3216 577 et
3261 520 3450 577 Latine

191 610 471 682 Dialogus,
497 616 861 685 Athenagora:
889 616 1045 670 Liber
1069 617 1132 671 de
1155 619 1535 672 resurrectione
1565 625 1621 671 et
1650 627 1760 671 tres

192 705 306 758 libri
337 705 652 772 Theophili.
709 705 855 761 Satis
907 706 1006 761 fuit
1061 707 1116 762 in
1171 705 1429 763 Oratione
1454 706 1654 762 Justini
1691 709 1759 762 ad

189 794 415 854 Crines.
467 797 713 866 Epistola
761 801 831 852 ad
874 799 1189 869 Diognetunt
1233 810 1289 855 et
1345 800 1578 856 Hermia:
1625 817 1762 871 optt-

187 882 342 940 sculo
372 890 887 958 interpretationem
912 892 1159 962 pluribus
1180 892 1320 949 locis
1352 893 1666 949 emendare.
1699 891 1756 948 In

186 979 284 1031 hoc
307 990 492 1033 autem
525 981 711 1034 labore
735 981 787 1034 id
815 997 962 1037 cura:
991 983 1116 1049 fuit,
1169 991 1230 1037 nt
1257 984 1481 1040 verbum
1505 987 1671 1040 verbo
1695 983 1760 1040 ﬁ-

183 1069 279 1123 dus
311 1070 594 1138 interpres
626 1072 938 1134 redderem.
981 1089 1084 1129 nec
1133 1075 1264 1129 mihi
1301 1077 1418 1131 sine
1446 1078 1756 1133 necessaria

181 1175 340 1216 causa
365 1162 650 1216 licentiam
682 1176 975 1219 sumerem.
1026 1165 1208 1236 Eque
1231 1169 1378 1224 enim
1404 1167 1595 1239 religio
1614 1181 1759 1224 esset

179 1265 269 1306 ast
289 1256 355 1307 de
379 1255 622 1310 veritate
644 1255 939 1326 quidquam
981 1258 1309 1331 negligentia
1358 1259 1629 1326 deterere,
1662 1269 1756 1316 aut

178 1361 316 1413 eam,
346 1345 506 1414 quasi
537 1346 736 1402 debilis
757 1357 811 1402 et
841 1347 1054 1417 inﬁrma
1099 1351 1192 1414 sit,
1228 1361 1348 1406 astu
1395 1367 1750 1424 exaggerare.

177 1437 356 1507 Itaque
387 1437 682 1493 molestum
734 1437 967 1495 fortasse
997 1441 1277 1499 nonnullis
1297 1444 1407 1498 erit
1436 1446 1751 1502 testimonia

177 1529 240 1583 ad
263 1531 575 1598 dogmatum
610 1529 984 1585 defensionem
1013 1534 1456 1601 praeclarissima,
1493 1538 1588 1592 sed
1630 1553 1754 1606 qua

176 1622 283 1676 sola
313 1624 678 1692 interpretum
708 1626 1035 1681 auctoritate
1062 1628 1398 1688 nitebantur.
1425 1630 1477 1684 in
1499 1631 1599 1686 hac
1633 1647 1752 1687 mea

171 1723 625 1791 interpretatione
661 1737 766 1777 non
799 1721 1075 1792 reperire;
1106 1722 1271 1791 quale
1300 1731 1384 1777 est
1405 1722 1539 1777 illud
1570 1739 1635 1778 ex
1655 1722 1751 1778 Ju-

169 1815 289 1868 ςιᾶηί
315 1814 571 1884 Dialogo,
605 1831 660 1868 η.
690 1813 798 1869 88:
838 1811 1144 1889 Humanum
1185 1830 1350 1884 genus
1377 1831 1470 1884 per
1490 1813 1663 1869 Adam
1694 1818 1750 1870 in

1865 621 1987 682 post
2045 611 2476 683 Papebrochium
2528 613 2713 677 edidi,
2759 622 2813 668 et
2862 614 3181 685 fragmentis
3223 631 3447 686 operum

1863 703 2272 772 deperditorum
2307 702 2537 769 Justini,
2575 703 2788 760 Tatiani
2815 716 2870 761 et
2899 708 3210 778 Theophili.

1934 793 2064 850 Usui
2103 793 2255 852 fuere
2299 795 2405 852 duo
2452 807 2704 852 recentes
2766 814 2896 854 mss.
2949 799 3202 866 codices,
3251 801 3448 870 quibus

1861 886 2042 943 omnia
2071 885 2273 942 Justini
2308 895 2419 942 tam
2459 889 2688 959 genuina
2733 904 2898 960 quam
2951 895 3232 962 supposita
3279 908 3446 962 opera

1859 977 2232 1043 continentur,
2282 977 2423 1033 alter
2467 994 2497 1033 e
2531 976 2698 1050 Regia
2745 981 3069 1037 bibliotheca
3110 984 3237 1038 olim
3278 984 3444 1049 2270,

1860 1083 2005 1124 nunc
2059 1067 2206 1136 450,
2255 1069 2394 1125 alter
2440 1085 2506 1126 ex
2561 1069 3006 1130 Claromontana.
3052 1075 3322 1132 Praeterea
3372 1080 3442 1131 ad

1863 1159 2293 1218 Cohortationem
2317 1162 2542 1220 adhibiti
2571 1165 2701 1234 regii
2721 1165 2938 1222 codices
2957 1170 3445 1238 perantiqui,nunc

1857 1253 1957 1308 451
2005 1261 2060 1309 et
2091 1254 2229 1320 174,
2264 1255 2392 1310 olim
2428 1256 2566 1313 227i
2591 1298 2608 1322 ,
2639 1267 2694 1313 et
2729 1259 2904 1326 29l9;
2954 1271 3008 1315 et
3053 1261 3436 1328 Colbertinus,

1856 1343 1950 1414 qui
1981 1359 2126 1402 nunc
2157 1348 2339 1417 regius
2366 1359 2450 1404 est
2485 1350 2571 1406 l9.
2601 1352 2683 1405 Ad
2717 1351 3015 1420 Epistolam
3058 1355 3131 1407 ad
3168 1353 3368 1411 Zenoni
3393 1368 3442 1411 et

1857 1434 2114 1490 Serenum
2147 1437 2280 1504 regii
2307 1440 2524 1494 codices
2556 1440 2653 1494 451
2683 1451 2740 1496 et
2773 1441 2906 1509 174,
2937 1458 3003 1498 ac
3033 1455 3300 1513 praeterea
3332 1448 3440 1502 duo

1853 1527 2298 1597 Claromontani,
2331 1533 2422 1602 qui
2464 1543 2642 1588 tamen
2692 1536 2767 1590 ita
2811 1539 3027 1606 gemelli
3069 1549 3230 1606 sunt,
3266 1551 3328 1596 ut
3374 1559 3442 1598 ex

1853 1620 2041 1675 eodem
2073 1621 2262 1678 codice
2298 1631 2528 1693 uterque
2560 1625 2869 1696 descriptus
2919 1629 2992 1685 sit
3043 1632 3128 1688 vel
3179 1635 3321 1688 alter
3371 1649 3440 1690 ex

1852 1711 2044 1767 altero.
2089 1714 2256 1769 Iidem
2285 1713 2696 1773 Claromontani
2727 1721 2944 1778 codices
2974 1738 3098 1780 cum
3133 1727 3301 1795 regiis
3333 1729 3438 1785 938

1851 1814 1908 1860 ct
1950 1804 2115 1872 1268,
2160 1813 2217 1861 et
2264 1807 2478 1864 duobus
2524 1809 2894 1882 Coislinianis,
2945 1831 3177 1885 quorum
3229 1821 3438 1889 primus

167 1920 378 1963 mortem
406 1919 456 1964 et
496 1908 742 1978 [tandem
785 1907 1247 1976 seductionensque
1273 1911 1529 1976 serpentis
1560 1913 1740 1964 conci-

1845 1898 2036 1954 decimi
2084 1901 2272 1957 saeculi
2309 1917 2434 1958 esse
2474 1905 2740 1971 creditur,
2770 1908 2840 1962 ad
2882 1907 3279 1976 Expositionem
3310 1913 3436 1982 ﬁdei

165 2003 343 2060 derat;
383 2011 438 2053 nt
465 2001 679 2053 interim
705 2000 978 2068 propriam
1009 2015 1104 2067 pro
1138 2015 1192 2052 se
1215 2000 1444 2070 maligne
1473 2002 1740 2071 agentium

164 2092 413 2160 cujusque
453 2093 666 2160 culpant
705 2102 928 2144 taceam.
977 2089 1215 2146 Citatum
1278 2094 1442 2148 etiam
1476 2093 1576 2147 fuit
1609 2093 1740 2148 illud

165 2184 444 2253 Theophili
480 2200 545 2240 ex
575 2185 716 2240 libro
747 2201 817 2241 tt:
852 2185 1003 2252 Quod
1031 2195 1210 2240 autem
1240 2187 1341 2241 sibi
1362 2204 1456 2256 per
1484 2188 1741 2255 injuriam

164 2289 208 2328 et
254 2278 675 2331 inobedisntiam
711 2281 869 2333 horno
919 2281 1290 2345 accersiverat,
1321 2281 1376 2333 id
1399 2281 1447 2334 ei
1475 2296 1616 2334 nunc
1640 2280 1740 2334 do-

163 2380 245 2421 ut
283 2369 449 2434 Deus,
488 2387 583 2438 per
623 2387 778 2424 suam
813 2371 1197 2426 humanitatem
1229 2381 1278 2426 et
1317 2371 1741 2426 misericordiam

161 2463 355 2528 faciens
385 2464 630 2516 homines
661 2464 763 2517 sibi
785 2465 1144 2528 obsequentes.
1168 2464 1374 2520 Contes
1387 2475 1473 2520 tus
1498 2465 1550 2520 in
1577 2479 1740 2521 causa

160 2555 385 2617 exstitit,
418 2569 522 2608 cur
561 2555 648 2609 his
682 2557 1010 2612 testimoniis
1038 2569 1158 2611 mea
1189 2558 1569 2625 interpretatio
1591 2571 1744 2613 care-

161 2655 254 2697 ret.
282 2643 394 2699 Sed
421 2647 532 2700 hoc
566 2646 846 2710 damnum,
877 2649 924 2703 si
957 2658 1138 2704 tamen
1165 2649 1424 2704 damnum
1455 2650 1623 2704 videri
1654 2650 1742 2705 de

160 2737 265 2800 bet,
318 2736 492 2789 multa
546 2738 653 2791 alia
703 2741 1159 2805 compensabuut,
1209 2755 1330 2810 qua:
1367 2740 1535 2796 certis
1571 2741 1743 2794 ratio-

158 2827 310 2881 sibus
343 2829 624 2882 adductus
649 2829 725 2882 ita
758 2831 994 2898 reddidi,
1029 2841 1089 2886 ut
1131 2832 1417 2900 scriptoris
1459 2833 1734 2888 sententia

159 2918 204 2970 in
233 2917 548 2972 clarissima
599 2917 720 2974 luce
749 2920 926 2990 posita
957 2923 1052 2988 sit,
1077 2937 1141 2977 ac
1164 2931 1281 2977 tota
1323 2923 1390 2978 lis
1427 2925 1736 2979 dirimatur.

213 3008 459 3080 Operam
489 3013 740 3066 ordinem
763 3053 778 3076 ,
811 3015 902 3082 qui
934 3015 998 3068 ad
1029 3016 1313 3070 arbitrium
1349 3015 1402 3069 in
1439 3018 1736 3086 superiori-

159 3105 250 3157 bus
281 3105 629 3158 editionibus
662 3106 938 3159 institutus
972 3105 1172 3172 fuerat,
1200 3122 1268 3163 ex
1299 3110 1561 3178 temporis
1591 3110 1734 3164 notis

157 3195 495 3265 dirigentium
524 3210 651 3251 esse
678 3197 828 3251 duxi.
869 3195 984 3251 Non
1017 3207 1195 3253 tamen
1238 3199 1523 3270 disjunctte
1635 3199 1735 3256 Ju-

1845 1992 2243 2054 emendandam
2275 1993 2616 2063 profuerunt.
2669 1996 2973 2068 Coniuncto
3005 2001 3305 2060 Aristotelis
3346 2007 3440 2059 do-

1842 2089 2076 2148 gmatum
2105 2082 2302 2138 collata
2333 2100 2456 2138 cum
2474 2086 2623 2158 regio
2643 2087 2807 2143 2155.
2833 2092 3192 2164 Athenagora:
3220 2095 3436 2166 Legatio

1843 2171 2036 2228 collata
2059 2190 2180 2230 cum
2206 2177 2414 2232 duobus
2440 2178 2603 2248 regiis
2623 2181 2756 2247 451,
2788 2182 2914 2248 171,
2939 2184 3115 2240 tribus
3147 2185 3437 2256 Romanis,

1841 2275 2071 2329 quorum
2101 2266 2207 2319 duo
2236 2280 2303 2320 ex
2345 2267 2734 2334 Ottoboniana,
2771 2271 2913 2328 aiius
2948 2289 3014 2330 ex
3051 2275 3319 2332 Vaticana
3348 2279 3436 2333 bi-

1842 2353 2136 2420 bliotheca,
2167 2354 2594 2414 Claromontano
2640 2370 2695 2416 et
2724 2361 2834 2416 alio
2882 2379 2953 2418 ex
2989 2366 3310 2424 bibliotheca
3350 2373 3438 2428 in-

1843 2446 2147 2501 stitutionis
2183 2448 2420 2504 Oratorii
2471 2451 2829 2510 Parisiensis.
2883 2456 3137 2526 Ejusdem
3179 2461 3338 2516 Liber
3373 2466 3439 2520 de

1842 2538 2228 2592 resurrectione
2253 2539 2487 2597 collatus
2517 2558 2640 2598 cum
2696 2545 2896 2602 iisdem
2954 2548 3236 2607 codicibus
3274 2555 3439 2626 regiis

1841 2625 1966 2692 451,
2003 2627 2129 2694 174,
2179 2629 2307 2695 450,
2339 2641 2396 2685 et
2447 2633 2658 2689 duobus
2710 2634 3156 2694 Claromontanis
3182 2680 3199 2705 ,
3230 2625 3432 2714 quibus

1842 2730 2120 2774 accessere
2163 2721 2328 2776 variae
2370 2721 2634 2780 lectiones
2670 2725 2800 2781 olim
2829 2730 2896 2784 ab
2928 2730 3304 2790 eruditissimo
3336 2735 3428 2791 Bi-

1840 2819 1934 2880 got
1955 2825 1986 2866 e
2016 2826 2120 2870 ms.
2149 2813 2341 2868 codice
2368 2815 2656 2882 collectae“,
2687 2834 2808 2887 qua:
2842 2822 2896 2876 in
2925 2822 3253 2880 bibliotheca
3288 2828 3426 2882 San-

1838 2906 2180 2972 germauensi
2224 2918 2598 2965 asservantur.
2637 2909 2800 2967 Liber
2843 2930 2906 2970 ιιι
2952 2913 3238 2987 Theophili
3268 2921 3436 2976 colla-

1841 3005 1929 3049 tus
1955 3011 2076 3050 cum
2110 2999 2260 3068 regio
2287 2999 2411 3054 887.
2441 3000 2693 3059 Hermias
2725 3019 2849 3061 cum
2902 3009 3118 3066 duobus
3151 3011 3436 3082 Romanis,

1843 3085 2018 3142 altero
2051 3088 2310 3146 Vaticano
2349 3102 2404 3148 et
2447 3092 2622 3149 altero
2648 3095 3034 3156 Ottoboniano.
3066 3103 3434 3162 Romanorum

1838 3178 2086 3240 codicum
2138 3184 2318 3239 varias
2369 3185 2633 3244 lectiones
2709 3191 2879 3247 debeo
2937 3194 3149 3252 duobus
3205 3202 3436 3257 eruditis

155 3289 275 3342 “ini
300 3290 602 3358 Apo‘ogie.
631 3288 839 3357 Reice“
863 3290 916 3343 in
941 3291 1304 3358 Appendicem
1335 3294 1603 3365 suppositi
1633 3293 1732 3350 ια,
1761 3288 1808 3354 c
1839 3281 2040 3328 nostrae
2067 3280 2508 3348 congregationis
2556 3282 2608 3335 in
2655 3284 2805 3339 curia
2838 3284 3080 3342 Romana
3111 3303 3433 3359 procurato-

155 3382 289 3433 Stitto
326 3380 491 3444 libri,
537 3381 678 3435 inter
705 3397 838 3450 quos
879 3395 1270 3452 praeceptorum
1303 3386 1504 3456 pietate
1533 3387 1736 3441 eminet

159 3470 390 3534 Epistola
431 3473 504 3526 ad
541 3471 738 3526 lenam
760 3486 807 3528 et
840 3473 1143 3531 Serenum:
1174 3478 1271 3533 sed
1318 3493 1479 3547 quam
1524 3488 1731 3536 certum

155 3573 202 3616 es
231 3564 584 3618 manifestum
632 3576 716 3619 est
746 3581 866 3620 eam
898 3566 1093 3622 Justini
1131 3584 1239 3624 non
1279 3584 1438 3635 esse,
1487 3580 1596 3625 tam
1640 3571 1737 3626 ob-

159 3670 370 3708 scurum
405 3663 462 3708 et
495 3654 763 3708 incertum
797 3664 881 3709 est
913 3670 1020 3723 quo
1055 3657 1394 3726 potissimum
1428 3657 1628 3727 scripta
1665 3659 1736 3712 sit

159 3759 414 3814 tempore.
441 3743 757 3812 Sequuntur
783 3747 888 3800 duo
908 3761 1092 3814 opera,
1128 3747 1185 3802 S.
1219 3749 1480 3819 martyris
1513 3749 1734 3818 quidem

159 3842 366 3893 nomine
395 3838 469 3892 ob
509 3852 758 3892 errorum
796 3853 1062 3892 venenum
1108 3837 1364 3910 indigna,
1408 3843 1503 3896 sed
1553 3853 1732 3896 tamen

158 3932 283 3983 satis
327 3931 567 3995 idonea,
613 3944 735 4000 quae
782 3930 988 4000 legendi
1038 3941 1094 3988 et
1143 3933 1505 4001 cognoscendi
1549 3933 1733 3988 studia

157 4031 576 4076 contmoreant:
611 4019 881 4089 Eapositio
919 4035 1072 4075 rectm
1102 4023 1448 4090 confessionis
1477 4061 1494 4088 ,
1535 4023 1588 4077 in
1624 4037 1733 4092 qua

157 4114 319 4179 spirat
343 4114 576 4167 haeresis
603 4111 960 4179 Nestoriana;
986 4120 1039 4168 et
1071 4111 1400 4178 Questiones
1425 4130 1488 4171 ac
1515 4131 1731 4184 respon-

161 4207 321 4258 siones
367 4206 437 4257 ad
485 4207 832 4271 orthodoxos,
862 4218 984 4274 quae
1024 4203 1333 4277 Pelagianis
1379 4207 1609 4263 maculis
1653 4209 1735 4262 in-

163 4298 331 4364 signes
381 4307 532 4352 sunt.
575 4299 710 4353 Alia:
745 4300 1074 4365 Quwstiones
1100 4310 1155 4354 et
1181 4298 1490 4369 Confutatio
1524 4302 1735 4356 Aristo-

159 4390 266 4442 telis
291 4391 605 4460 dogmamn
636 4394 871 4448 mirabili
905 4395 1031 4464 styli
1078 4395 1439 4453 similitudine
1475 4397 1732 4452 eumdem

161 4493 425 4544 parentem
457 4483 706 4539 referunt
731 4501 792 4540 ac
824 4485 1153 4552 Questiones
1175 4497 1222 4542 et
1259 4488 1628 4557 responsiones
1659 4491 1730 4544 ad

158 4579 491 4632 «insanos.
532 4579 777 4634 Secunda
807 4594 937 4649 pars
969 4580 1296 4652 Appendicis
1328 4581 1602 4650 assignata
1631 4579 1734 4637 fuit

1844 3365 2112 3456 ribus,D.
2139 3368 2395 3428 Etiennot
2419 3384 2477 3430 et
2505 3374 2568 3428 D.
2603 3375 2769 3432 Petro
2805 3378 3020 3442 Maloet,
3057 3398 3288 3451 quorum
3322 3388 3434 3456 pri-

1843 3471 1965 3512 mus
2003 3455 2346 3528 LegaIioncm
2391 3468 2754 3539 Athenagorae
2799 3485 2924 3526 cunt
2961 3473 3172 3529 duobus
3203 3455 3430 3532 Ottobo-

1841 3550 2020 3606 nianis
2050 3555 2305 3613 contulit.
2351 3557 2598 3615 Postulat
2630 3565 2772 3632 grati
2801 3566 2970 3619 animi
3000 3566 3257 3635 cilicium,
3295 3581 3352 3625 ut
3376 3583 3430 3627 et

1838 3644 2280 3702 doctissimorum
2310 3649 2493 3721 Regios
2526 3651 2868 3708 bibliothecae
2899 3661 3183 3713 custodum
3214 3660 3276 3715 D.
3305 3662 3433 3717 Boi-

1839 3737 1929 3790 vin
1961 3746 2016 3792 et
2040 3739 2103 3794 D.
2136 3740 2202 3795 dc
2226 3740 2490 3809 Targnies
2513 3754 2567 3799 et
2594 3760 2804 3812 eorum,
2828 3751 2920 3819 qui
2953 3751 3062 3807 illis
3085 3768 3424 3819 successere,

1837 3831 2094 3885 eximiam
2123 3832 2176 3886 in
2209 3849 2293 3888 me
2321 3834 2627 3903 adjuvando
2661 3839 3058 3896 humanitatem
3095 3859 3428 3900 commemo-

1836 3939 1970 3980 rem.
2012 3923 2228 3980 Prolixa
2253 3929 2418 3983 etiam
2449 3939 2505 3983 et
2551 3932 2794 3989 benefica
2839 3933 2892 3987 in
2927 3949 3015 3990 me
3042 3937 3294 3992 voluntas
3331 3954 3425 3994 es-

1835 4017 1975 4073 stitit
2004 4020 2286 4074 reverendi
2317 4019 2495 4075 Patris
2525 4021 2789 4077 Harduini
2821 4065 2834 4089 ,
2865 4041 3027 4093 quem
3060 4042 3220 4083 nemo
3245 4033 3427 4085 nescit

1839 4109 2194 4168 bibliothecae
2226 4113 2442 4182 collegii
2487 4113 2816 4172 Parisiensis
2857 4120 3136 4177 societatis
3174 4118 3304 4176 Jesu
3336 4123 3427 4177 diu

1835 4205 2149 4274 praelectum
2188 4205 2381 4262 fuisse.
2433 4208 2515 4261 Ad
2566 4208 2872 4264 testimonia
2919 4209 3149 4279 lustini,
3193 4229 3315 4284 qua:
3357 4217 3427 4271 ab

1836 4298 2076 4355 Eusebio
2129 4291 2483 4368 referuntur,
2536 4303 2763 4359 adhibui
2820 4308 3001 4363 varias
3049 4308 3312 4367 lectiones
3355 4327 3424 4366 ex

1833 4394 2114 4450 codicibus
2161 4409 2293 4449 mss.
2339 4406 2648 4466 excerptas,
2683 4412 2807 4460 qua:
2853 4415 3065 4456 mecum
3110 4402 3179 4456 ab
3211 4417 3320 4457 uno
3354 4417 3422 4456 cx

1837 4487 2036 4542 nostris
2085 4502 2281 4543 novam
2329 4490 2624 4545 editionem
2672 4491 2894 4548 Eusebii
2927 4495 3183 4554 Historia
3214 4511 3422 4566 praepa-

1839 4590 1998 4636 rante
2049 4584 2474 4642 communicata
2519 4584 2765 4642 fuerunt.
