4120 6404
2432 170 2475 179 -κη,

714 317 785 375 ‘23
1645 313 1701 366 S.
1742 310 2082 368 JUSTINUS
2118 309 2597 367 PHILOSOPHUS
2631 309 2720 366 ET
2758 307 3072 364 HARTYR.
3907 312 3977 363 25

741 468 3885 494 Ww—

1621 600 2475 695 PRIEFATIONIS
2563 597 2856 690 PARS
2931 597 3020 687 II

823 793 894 855 In
944 806 1073 872 qua
1120 787 1321 854 multa
1350 794 1809 867 expenduntur
1850 788 1929 851 ad
1982 788 2222 852 Justini
2266 785 2639 927 ettalitorum
2689 780 3029 863 religionis
3074 776 3488 841 defensorum
3518 772 3870 837 doctrinam

2181 884 2332 927 suec
2364 882 2441 927 an
2475 881 2557 927 ιθ.

2181 881 2557 946 Spectaoua.

1221 1109 1451 1165 CAPUT
1494 1109 1784 1165 PRIMUM.

715 1226 789 1279 An
813 1227 1077 1295 cognitum
1107 1223 1325 1295 Platoni
1362 1221 1583 1277 Verbum
1618 1224 2153 1295 meritqcxistimauit
2186 1224 2286 1279 Ju-

781 1293 992 1350 stinus?
1018 1298 1097 1349 ,4η
1123 1296 1232 1363 ipse
1256 1294 1505 1349 Justinus
1534 1295 1673 1348 hanc
1698 1294 1763 1348 de
1796 1293 1964 1348 Verbo
1987 1294 2283 1347 doctrinam

779 1372 837 1420 in
894 1366 1137 1420 Platonis
1179 1364 1363 1419 schola
1412 1365 1677 1433 percepit?

708 1477 745 1530 i.
776 1478 997 1529 Platonis
1019 1480 1305 1528 testimonia
1331 1479 1395 1526 de
1431 1478 1559 1527 ideis
1584 1483 1637 1528 et
1672 1490 1769 1530 tam
1810 1491 1873 1526 ex
1898 1477 2081 1525 Timaeo
2106 1476 2278 1526 Locro.

779 1506 997 1529 nanum
1020 1506 1305 1528 ιωιιιυυιιια
1331 1506 1395 1526 υς
1433 1506 1559 1527 me"
1584 1506 1637 1528 τι
1676 1506 1716 1527 Αο
1810 1506 1873 1526 ελ
1909 1506 2081 1525 nulla":
2106 1506 2278 1526 .wuu.

772 1544 830 1592 Il.
852 1544 1040 1597 Aiiaex
1064 1542 1247 1589 Timo
1267 1541 1636 1601 expenduntur.
1664 1506 1905 1599 ιιῖῗουῆά
1930 1541 1992 1587 sit
2018 1539 2146 1601 apud
2172 1540 2286 1601 Pla-

769 1606 1273 1673 t_onezn_unigenitus,
1304 1600 1441 1673 Deus
1463 1603 1677 1673 genitus,
1708 1604 1801 1652 Dei
1824 1604 2008 1673 imago.
2037 1600 2287 1673 [vation-

764 1666 879 1715 dum
905 1663 1371 1715 Plato’existimavit
1398 1663 1663 1723 perfectam
1708 1676 1821 1711 esse
1856 1663 1948 1712 Dei
1995 1664 2279 1723 imaginem.

766 1727 825 1775 ν.
851 1726 1008 1775 Lucus
1029 1725 1259 1785 celebris,
1285 1726 1371 1775 ubi
1394 1724 1535 1774 Plato
1558 1726 1619 1773 de
1646 1725 1823 1773 Triade
1848 1724 1980 1785 loqui
2026 1726 2158 1772 visus
2184 1732 2280 1782 est,

765 1788 1027 1837 'l'etradem
1066 1784 1436 1850 Pythagoricam
1486 1789 1733 1850 continet.
1768 1786 1851 1835 VI.
1876 1784 2083 1850 Genitus
2105 1801 2130 1834 a
2175 1788 2282 1835 Deo

763 1851 894 1897 fetus
917 1852 1124 1899 scientia
1152 1847 1303 1898 snt'et
1342 1850 1539 1897 veritas.
1568 1847 1671 1897 VII.
1698 1848 1828 1897 Nihil
1865 1850 1928 1897 de
1965 1848 2128 1897 Verbo
2154 1850 2283 1909 apud

766 1914 1024 1961 Platonem
1066 1914 1294 1960 videzsut
1334 1912 1599 1970 scriptores
1638 1911 1831 1959 Justino
1871 1912 2175 1969 antiquiores
2198 1917 2283 1959 aut

764 1975 997 2036 aequales.
1024 1973 1151 2021 VIII.
1178 1975 1402 2023 Justinus
1426 1973 1573 2033 hujus
1606 1974 1841 2023 doctrinae
1854 1974 2056 2035 jejunus
2089 1973 2146 2021 ad
2187 1971 2280 2020 Εσ-

764 2038 964 2085 clesiam
990 2038 1214 2085 accessit.

775 2124 886 2176 Non
918 2132 1249 2193 propositum
1285 2122 1417 2175 mihi
1444 2129 1529 2175 est
1550 2119 1820 2188 quidquid
1851 2118 1936 2173 his
1963 2120 2018 2173 in
2048 2118 2281 2187 scriptis

702 2216 767 2270 ad
815 2216 1122 2271 doctrinam
1172 2214 1433 2285 pertinet,
1484 2213 1588 2267 hoc
1638 2212 1758 2266 loco
1812 2210 2073 2281 colligere
2112 2211 2281 2280 (hunc

700 2310 843 2364 enim
893 2308 946 2363 in
990 2324 1143 2363 usum
1185 2307 1439 2377 cepiosus
1473 2306 1631 2360 inde!
1666 2305 1963 2359 instructus
2003 2312 2090 2358 est
2109 2302 2151 2372 ),
2178 2301 2275 2356 sed

700 2420 762 2457 ea
809 2410 1014 2456 tantum
1062 2402 1388 2471 expendere,
1421 2414 1544 2471 qua:
1592 2400 1676 2453 vel
1722 2399 1936 2453 alienos
1980 2397 2031 2451 in
2082 2410 2276 2452 sensus

2312 1119 2361 1172 Α
2384 1131 2599 1203 dialogo
2617 1171 2633 1195 ,
2650 1128 2741 1199 qui
2766 1123 3082 1182 inscribitur
3104 1122 3364 1187 Tim,
3388 1130 3503 1175 tum
3534 1119 3589 1173 in
3621 1116 3730 1172 aiio
3756 1113 3972 1179 libello,

2388 1223 2441 1276 in
2474 1237 2581 1293 quo
2604 1220 2940 1290 dialogorum
2974 1224 3183 1272 morem
3216 1229 3331 1271 non
3361 1213 3613 1283 sequitur
3643 1209 3833 1274 Plato,
3872 1210 3973 1264 sed

2386 1315 2499 1385 ipse
2530 1313 2730 1379 refert,
2760 1326 2881 1382 quae
2923 1325 2990 1366 ex
3024 1309 3232 1364 Timaeo
3260 1306 3473 1369 Locro,
3513 1303 3729 1375 insigni
3771 1302 3977 1375 Pytha-

2385 1406 2571 1475 gorico
2610 1445 2625 1471 ,
2659 1404 2935 1459 audierat.
2969 1400 3061 1457 Sic
3104 1400 3296 1469 incipit
3329 1401 3421 1454 hic
3451 1397 3665 1454 libellus
3695 1416 3710 1453 :
3738 1396 3977 1467 Τίμαιος

2380 1501 2409 1552 ὁ
2443 1500 2653 1572 Λόκρος
2698 1496 2828 1551 τάδε
2862 1496 2968 1565 ἔφα
2996 1512 3009 1526 ’
3037 1494 3141 1549 Δύο
3180 1492 3359 1557 αἰτίας
3392 1489 3545 1563 εἶμεν
3574 1491 3682 1546 τῶν
3721 1492 3973 1563 ξυμπάν-

2382 1608 2490 1643 των
2510 1606 2523 1619 ·
2561 1590 2679 1643 νόον
2716 1588 2814 1661 μὲν
2844 1585 2949 1641 τῶν
2979 1586 3119 1640 κατὰ
3148 1586 3305 1654 λόγον
3336 1584 3668 1655 γιγνομένων
3689 1601 3704 1614 θ
3727 1585 3972 1653 ἀνάγκαν

2379 1683 2436 1736 δὲ
2483 1681 2591 1735 τῶν
2646 1680 2739 1753 βίᾳ
2788 1679 3003 1743 καττὰς
3032 1678 3297 1749 δυνάμεις
3345 1677 3453 1733 τῶν
3489 1676 3776 1748 σωμάτων.
3828 1679 3969 1732 Του-

2381 1774 2515 1827 τέων
2546 1772 2603 1826 δὲ
2636 1774 2735 1835 τᾶς
2767 1769 2989 1841 τάγαθῶ
3021 1768 3212 1838 φύσιος
3245 1764 3437 1839 sinat,
3461 1768 3595 1823 Θεόν
3637 1785 3697 1823 τε
3749 1768 3972 1841 ὀνομαί-

2380 1866 2567 1920 νεα-θαι
2588 1907 2602 1930 ,
2637 1866 2811 1937 ἀρχάν
2842 1882 2901 1918 τε
2934 1863 3047 1918 τῶν
3075 1864 3260 1936 ἀρχῶν
3282 1880 3296 1892 -
3322 1862 3389 1915 τὰ
3422 1863 3480 1916 δὲ
3504 1861 3750 1933 ἑπόμενά
3781 1879 3840 1915 τε
3875 1862 3970 1915 καὶ

2381 1957 2625 2011 συναίτια
2677 1959 2756 2020 εἰς
2808 1956 3055 2025 ἀνάγκαν
3104 1953 3421 2023 ἀναγεσθαε.
3459 1953 3541 2007 Τὰ
3573 1953 3630 2007 δὲ
3678 1952 3981 2023 ξύμπαντα

2383 2050 2527 2103 ἰδέαν
2550 2090 2565 2114 ,
2600 2048 2754 2113 ὕλαν,
2789 2046 3046 2117 αἰσθητρν
3078 2063 3159 2111 τε,
3183 2042 3293 2100 οἷον
3325 2044 3551 2114 ἔκγονον
3578 2044 3831 2099 τουτέων.
3856 2044 3971 2097 Καὶ

2378 2140 2438 2193 τὸ
2473 2140 2574 2211 μὲν
2604 2135 2757 2210 εἶμεν
2788 2138 3049 2207 ἀγένατόν
3082 2153 3140 2190 τε
3198 2136 3294 2190 καὶ
3345 2136 3623 2202 ἀκινατον,
3674 2135 3768 2190 καὶ
3806 2135 3970 2206 μένον

2379 2246 2438 2282 τε
2452 2229 2543 2283 καὶ
2555 2231 2653 2292 τίς
2664 2226 2844 2282 ταὺτῶ
2858 2227 3273 2297 φύσιος,νοατόν
3296 2243 3356 2279 τε
3376 2227 3470 2281 καὶ
3484 2225 3833 2297 παράδειγμα
3857 2223 3971 2278 τῶν

2380 2324 2759 2393 γεννωμένων,
2816 2322 2980 2375 ὁκόσα
3047 2322 3107 2375 ὲν
3169 2318 3439 2393 μεταϐολᾷ
3496 2318 3645 2373 ἐντί.
3713 2316 3969 2371 Τοιοῦτον

2378 2415 2485 2487 γάρ
2509 2432 2561 2468 τι
2579 2414 2677 2469 τὰν
2703 2414 2845 2489 ἰδέαν
2860 2412 3113 2482 λέγεσθαί
3128 2430 3189 2467 τε
3211 2413 3304 2466 καὶ
3316 2411 3571 2467 νοεῖσθαι.
3598 2411 3709 2465 Τὰν
3741 2410 3799 2464 ὁὶ
3831 2409 3967 2464 ὕλαν

699 2498 933 2558 detorta,
964 2492 1043 2547 vel
1065 2507 1162 2547 sua
1192 2502 1384 2562 Sponte
1410 2494 1645 2547 obscura
1674 2501 1728 2546 et
1752 2489 1988 2545 difﬁcilia
2015 2489 2069 2542 in
2102 2488 2271 2542 aduo-

2378 2510 2668 2581 ἐκμαγεῖον
2714 2507 2808 2562 καὶ
2845 2506 3051 2579 ματέρα
3074 2546 3090 2572 ,
3131 2505 3355 2560 πθάναν
3404 2518 3464 2559 τε
3488 2560 3491 2569 ν
3511 2504 3605 2559 καὶ
3636 2502 3969 2581 γεννατικὰν

699 2588 997 2643 tatiouibus
1024 2586 1286 2642 illustrari
1322 2597 1379 2641 et
1406 2584 1672 2657 explicari
1701 2598 1811 2639 non
1844 2592 2157 2652 potuerunt.
2196 2580 2274 2636 De

697 2680 899 2735 Christi
928 2678 1147 2748 quidem
1176 2678 1465 2733 divinitate
1494 2677 1777 2731 uberrima
1801 2684 1947 2731 esset
1970 2673 2279 2728 disserendi

698 2786 885 2842 seges,
917 2770 961 2825 si
996 2785 1100 2823 non
1132 2768 1236 2825 hoc
1260 2769 1447 2825 labore
1474 2784 1638 2839 quam
1670 2767 1820 2837 potui
1855 2764 2274 2822 accuratissime

700 2870 752 2915 tu
786 2862 927 2917 uotis
953 2859 1240 2916 defunctus
1267 2875 1465 2916 essem.
1496 2859 1604 2915 Sed
1652 2868 1899 2929 superest
1945 2859 1999 2913 in
2045 2859 2147 2913 hoc
2176 2872 2277 2927 ge-

699 2967 831 3008 nere
861 2968 964 3008 non
996 2955 1387 3009 contemnenda
1417 2952 1679 3022 quzestio,
1711 2966 1832 3020 quae
1873 2950 2005 3005 mihi
2039 2951 2275 3004 maxime

700 3043 911 3096 videtur
936 3044 1039 3097 mei
1057 3057 1178 3098 esse
1203 3043 1457 3097 instituti.
1484 3043 1587 3109 Qui
1614 3043 1669 3097 in
1695 3041 1897 3097 Christi
1929 3041 2272 3097 divinitatem

698 3138 987 3204 postremis
1066 3135 1282 3191 saeculis
1340 3136 1535 3204 impias
1594 3135 1811 3201 linguas
1864 3145 2165 3199 acuerunt,
2219 3134 2273 3189 hi

698 3231 981 3285 clamitare
1029 3244 1133 3284 non
1182 3230 1399 3284 desiere
1444 3230 1600 3299 λόγον
1634 3230 1774 3294 apud
1825 3227 2104 3283 Platonem
2153 3242 2275 3283 esse

697 3333 985 3392 personam
1010 3337 1038 3376 a
1062 3338 1276 3377 summo
1307 3323 1418 3377 Deo
1439 3322 1775 3388 distinctam,
1808 3331 1864 3375 et
1904 3322 2044 3374 hanc
2072 3319 2274 3375 doctri-

699 3431 823 3469 nam
855 3430 884 3470 e
916 3413 1156 3469 Platonis
1189 3416 1370 3471 schola
1404 3417 1458 3470 in
1491 3414 1787 3469 Ecciesiam
1810 3456 1825 3481 ,
1848 3414 1990 3469 duce
2018 3412 2278 3467 facinoris

699 3505 981 3561 Piatonico
1023 3503 1283 3571 .iustino,
1332 3521 1604 3560 manasse.
1655 3506 1895 3560 Joannes
1920 3504 2174 3559 Clericus
2219 3504 2272 3557 in

700 3598 954 3665 Epistolis
980 3600 1179 3651 criticis
1204 3598 1259 3661 7,
1294 3597 1348 3665 8,
1378 3598 1433 3663 9,
1466 3596 1682 3653 Judaaos
1721 3598 1869 3667 ipsos
1906 3610 1971 3650 ac
2002 3596 2055 3649 in
2083 3594 2272 3665 primis

699 3689 981 3746 Philonem
1026 3704 1057 3745 e
1086 3688 1330 3743 Platonis
1368 3687 1611 3743 fontibus
1655 3689 1905 3743 hausisse
1948 3685 2271 3756 pronuntiat

700 3780 962 3849 quidquid
1012 3782 1079 3835 de
1129 3779 1303 3834 Verbo
1353 3780 1446 3834 Dei
1499 3779 1637 3835 Filio
1679 3790 1733 3834 et
1780 3780 2023 3833 omnium
2077 3779 2275 3848 opiﬁce

701 3878 1024 3928 docuerunt.
1058 3873 1112 3927 In
1141 3871 1243 3927 hoc
1270 3872 1588 3927 Platonismi
1634 3873 1687 3926 in
1734 3873 2031 3927 Ecclesiam
2066 3870 2275 3925 inducti

701 3972 1009 4018 commento
1035 4003 1050 4029 ,
1082 3973 1339 4033 tauquam
1372 3964 1424 4018 iu
1466 3979 1525 4019 re
1554 3972 1704 4018 certa
1740 3973 1794 4017 et
1825 3964 2101 4031 explorata
2124 4003 2139 4028 ,
2177 3977 2281 4015 nu-

703 4055 938 4126 perrime
984 4054 1311 4111 Laurentius
1362 4056 1699 4112 Moshemius
1751 4058 2100 4112 fundamenta
2144 4056 2279 4127 jecit

703 4148 943 4203 omnium
978 4164 1266 4219 nugarum,
1299 4164 1435 4218 quas
1466 4150 1517 4203 in
1548 4148 1931 4203 dissertatione
1963 4148 2036 4201 De
2063 4149 2279 4200 turbata

704 4256 795 4309 per
823 4238 1129 4295 Platonicos
1162 4240 1397 4295 Ecclesia
1426 4241 1679 4296 devolvit.
1710 4241 1844 4295 Cum
1886 4242 1999 4310 ipsa
2039 4240 2279 4297 Platonis

709 4333 1144 4388 testimoniorum
1176 4335 1544 4391 consideratio
1572 4335 1789 4391 videtur
1828 4335 2125 4405 legentium
2156 4336 2272 4390 ani-

707 4440 824 4483 mos
866 4426 1067 4481 morari
1107 4437 1161 4482 et
1192 4426 1468 4483 oblectare
1494 4442 1683 4498 posse;
1719 4439 1828 4481 tum
1864 4442 1994 4482 vero
2024 4429 2090 4482 de
2116 4427 2275 4482 Chri-

707 4521 886 4574 stiana
930 4520 1208 4585 doctrina,
1256 4535 1419 4589 quam
1459 4530 1637 4575 tamen
1686 4520 1739 4574 in
1791 4528 1940 4575 tanta
1989 4520 2280 4575 evidentia

708 4615 833 4668 luce
875 4613 1049 4667 fateor
1078 4627 1243 4683 opera
1277 4628 1399 4667 mea
1430 4628 1535 4667 non
1569 4612 1813 4681 indigere
1837 4653 1851 4673 ,
1885 4614 2021 4667 bene
2051 4613 2278 4667 meritu-

708 4722 826 4759 rum
858 4720 943 4759 me
972 4720 1153 4774 spero,
1176 4706 1220 4759 si
1249 4705 1618 4759 demonstrem
1637 4744 1653 4769 ,
1684 4720 1782 4759 nec
1814 4704 2092 4761 Platonem
2117 4708 2278 4762 Chri-

708 4799 873 4854 stiani
901 4807 970 4853 ue
1000 4797 1138 4852 Filio
1168 4798 1259 4851 Dei
1292 4798 1565 4866 dogmatis
1597 4798 1701 4852 ulla
1736 4815 1958 4867 prorsus
1988 4816 2119 4854 aura
2152 4817 2276 4870 per-

708 4893 890 4949 ﬂatum
924 4895 1122 4960 fuisse,
1157 4910 1259 4949 nec
1287 4892 1564 4948 Justinum
1595 4892 1702 4947 ullo
1734 4893 1977 4949 Platonis
2022 4905 2115 4949 aut
2154 4896 2279 4949 Pla-

710 4988 1011 5043 tonicorum
1059 4988 1326 5042 beneﬁcio
1375 4987 1477 5043 hac
1525 4990 1576 5040 in
1611 5002 1671 5041 re
1697 5002 1852 5040 usum
1896 4986 2085 5041 fuisse.
2116 4984 2279 5041 Nobis

710 5083 872 5150 igitur
921 5082 1309 5149 inquirendum
1343 5090 1466 5145 est,
1503 5082 1631 5147 quid
1674 5080 1743 5134 sit
1791 5080 1930 5147 apud
1991 5078 2275 5134 Platonem

2376 2580 2527 2673 εἶμεν
2559 2601 2659 2665 τᾶς
2690 2600 2877 2672 τρίτας
2909 2598 3212 2661 οὐσίας-...η
3245 2596 3350 2651 Δύο
3380 2590 3459 2650 ὧν
3509 2594 3625 2649 αἵδε
3675 2594 3842 2667 ἀρχαὶ
3884 2580 3970 2648 ἔν-

2376 2693 2554 2747 αντίαι
2577 2709 2589 2722 ·
2626 2684 2703 2745 ὧν
2734 2691 2795 2745 τὸ
2832 2691 2931 2761 μὲν
2978 2686 3117 2755 εἶδος
3166 2690 3322 2759 λόγον
3357 2688 3471 2761 ἔχει
3505 2686 3741 2760 ἄρρενός
3772 2703 3833 2740 τε
3866 2685 3966 2741 καὶ

2376 2786 2581 2858 πατρός
2604 2802 2617 2814 ο
2651 2784 2686 2837 ἁ
2720 2784 2777 2837 δὲ
2809 2780 2913 2835 ὓλα
2943 2782 3131 2854 Θήλεός
3164 2798 3225 2835 τε
3258 2781 3353 2835 καὶ
3401 2780 3655 2852 ματέρος.
3679 2797 3698 2831 ι
3726 2778 3968 2834 Tillium

2377 2875 2583 2931 Locros
2614 2876 2728 2929 haec
2749 2873 2919 2928 dixit:
2953 2872 3100 2927 Duas
3120 2886 3244 2927 esse
3275 2871 3518 2927 omnium
3548 2884 3775 2926 causas:
3807 2884 3958 2925 men-

2380 2978 2484 3023 tem
2509 2966 2732 3039 quidem
2763 2981 2956 3023 eorum
2983 2980 3108 3035 qua:
3133 2965 3435 3021 secundum
3472 2963 3745 3017 rationem
3780 2962 3920 3017 iiunt
3945 3002 3960 3027 ,

2376 3060 2755 3116 necessitatem
2802 3071 2932 3112 vero
2979 3070 3169 3111 eorum
3219 3070 3341 3125 qua:
3386 3053 3439 3109 vi
3483 3052 3721 3122 quadam
3766 3064 3961 3106 secun-

2376 3155 2501 3208 dum
2528 3163 2821 3219 corporum
2845 3148 3135 3217 potentias.
3168 3144 3373 3200 Harum
3403 3157 3697 3199 causarum
3734 3142 3964 3197 alteram

2375 3260 2499 3300 esse
2521 3254 2733 3298 natura:
2755 3240 2917 3306 illius,
2936 3254 3059 3309 quae
3086 3238 3211 3293 boui
3231 3236 3537 3303 dicitur;et
3562 3236 3727 3290 Deum
3751 3234 3964 3299 vocari,

2377 3354 2439 3393 ac
2486 3353 2705 3392 causam
2751 3348 3042 3390 causarum
3076 3345 3241 3402 :qua
3290 3345 3421 3385 vero
3455 3336 3869 3397 consequuntur
3906 3336 3964 3382 ει

2379 3439 2636 3498 tanquam
2671 3426 2994 3495 adiuvantes
3042 3438 3224 3479 causa:
3281 3422 3570 3488 accedunt,
3614 3421 3680 3474 ad
3718 3420 3964 3475 necessi-

2377 3532 2541 3576 tatem
2598 3519 2827 3586 rel‘erri;
2879 3520 3095 3573 tandem
3148 3519 3330 3572 omnia
3362 3531 3483 3572 esse
3506 3556 3521 3582 ,
3557 3516 3756 3578 ideam,
3789 3524 3961 3568 mate-

2377 3613 2533 3678 riam,
2582 3612 2784 3666 seusiie
2832 3610 2981 3665 velut
3018 3608 3301 3677 utriusque
3354 3607 3548 3661 fetum.
3598 3606 3779 3676 Atque
3825 3603 3963 3658 illud

2378 3705 2599 3774 quidem
2630 3719 2751 3759 esse
2780 3703 3079 3774 ingenitum
3115 3710 3171 3755 et
3203 3698 3485 3753 immobile
3511 3707 3567 3752 et
3600 3710 3960 3765 permanens,

2380 3806 2432 3851 et
2452 3795 2569 3863 ejus
2607 3806 2844 3865 naturae,
2876 3808 2998 3863 quae
3027 3792 3230 3847 dicitur
3260 3792 3544 3862 ejusdem,
3574 3787 3918 3860 intelligibile
3940 3829 3957 3855 ,

2377 3893 2654 3963 exemplar
2682 3890 2992 3961 genitarum
3038 3904 3255 3951 rerum,
3296 3899 3635 3953 quaecunque
3679 3884 3733 3938 in
3780 3892 3959 3937 muta-

2381 3985 2525 4038 tione
2558 3992 2862 4038 versantur.
2894 3981 3026 4035 Tale
3067 3980 3213 4035 enim
3248 3979 3379 4048 quid
3414 3978 3591 4031 ideam
3618 3975 3727 4033 dici
3760 3983 3815 4029 et
3860 3990 3959 4029 co-

2378 4076 2562 4145 gitari.
2591 4074 2873 4129 Materiam
2920 4083 3101 4128 autem
3135 4087 3257 4127 esse
3280 4086 3604 4141 expressum
3647 4085 3829 4125 rerum
3874 4070 3958 4135 ,εἰς

2378 4166 2715 4229 mulacrum,
2747 4173 2802 4220 et
2850 4174 3080 4218 matrem
3111 4173 3169 4218 et
3208 4164 3530 4233 genitricem
3570 4164 3743 4217 tertia:
3768 4177 3965 4217 essen-

2380 4257 2608 4310 ti:e......
2650 4255 2788 4309 Sunt
2836 4254 2999 4321 igitur
3033 4254 3147 4307 hzec
3180 4253 3288 4308 duo
3324 4254 3602 4309 contraria
3641 4253 3957 4325 principia:

2380 4362 2608 4417 quorum
2637 4346 2754 4401 idea
2800 4346 3072 4399 rationem
3104 4345 3269 4399 habet
3305 4345 3475 4399 maris
3501 4355 3556 4399 et
3584 4345 3755 4414 patris
3775 4383 3791 4409 ,
3840 4360 3958 4399 ma-

2381 4442 2515 4495 teria
2568 4454 2698 4495 vero
2740 4440 2950 4495 femina:
2973 4448 3027 4493 et
3051 4438 3262 4493 matris.
3306 4455 3325 4489 ι
3363 4434 3421 4491 ιιι
3452 4436 3555 4491 hac
3578 4436 3763 4491 Timaei
3795 4436 3959 4493 Locri

2378 4534 2660 4602 oratione,
2728 4548 2905 4598 mens,
2980 4533 3147 4598 Deus,
3208 4532 3360 4595 idea,
3417 4528 3704 4599 exemplar
3760 4531 3956 4586 eodem

2381 4639 2607 4693 prorsus
2639 4640 2798 4678 sensu
2834 4633 3190 4692 usurpentur.
3217 4621 3340 4675 Idea
3369 4622 3697 4691 principium
3729 4620 3957 4675 minime

2380 4716 2647 4777 otiosum,
2681 4713 2775 4767 sed
2816 4712 2961 4783 quod
3002 4712 3179 4767 locum
3232 4712 3398 4767 habet
3432 4712 3600 4765 maris
3648 4722 3703 4767 et
3748 4712 3955 4779 patris,

2378 4818 2435 4863 et
2477 4808 2775 4877 ingenitum
2802 4804 3080 4875 quidpiam
3110 4813 3194 4859 est
3226 4811 3280 4858 ct
3311 4804 3589 4857 immobile
3631 4811 3687 4857 et
3733 4818 3956 4871 perma-

2379 4918 2535 4956 nens.
2584 4900 2803 4955 Nullum
2850 4899 2939 4953 hic
2988 4896 3152 4953 Verbi
3203 4913 3232 4951 a
3282 4912 3495 4953 summo
3548 4898 3656 4951 Deo
3704 4895 3953 4951 distincti

2378 4992 2690 5055 vestitzium.

2449 5086 2504 5139 id
2540 5087 2895 5139 conﬁrmatur
2940 5100 3007 5139 ex
3042 5085 3127 5139 his
3159 5097 3281 5152 quae
3326 5090 3670 5152 sequuntur:
3708 5080 3845 5151 Πρὶν
3873 5072 3953 5133 ὧν

708 5176 825 5228 idea
874 5183 926 5228 et
958 5174 1114 5243 λόγος
1166 5190 1192 5227 a
1239 5176 1438 5243 quibus
1493 5172 1745 5228 conditus
1783 5184 1868 5228 est.
1920 5172 2184 5236 mundus,
2215 5181 2271 5225 et

2378 5177 2583 5250 ὠρανὸν
2610 5177 2863 5245 γενέσθαι
2913 5177 3075 5245 λόγῳ,
3106 5177 3277 5247 ηστην
3312 5175 3424 5227 ἰδέα
3471 5191 3530 5226 τε
3560 5173 3655 5226 καὶ
3690 5172 3823 5225 ὖλα·
3858 5174 3952 5225 καὶ

708 5266 840 5330 quid
870 5267 1007 5336 apud
1034 5267 1282 5321 eumdem
1335 5263 1479 5317 iilius
1519 5265 1609 5318 Dei
1643 5272 1696 5320 et
1734 5265 1909 5331 imago
1955 5265 2047 5319 Dei
2097 5264 2270 5333 signi-

710 5358 893 5414 licent.

781 5454 855 5507 De
885 5452 1022 5505 ideis
1052 5467 1115 5505 ac
1141 5452 1208 5506 de
1242 5454 1451 5507 ratione
1488 5454 1581 5507 Dei
1624 5467 1729 5507 non
1766 5468 1936 5521 pauca
1971 5465 2273 5510 occurrunt

709 5542 847 5611 apud
897 5542 1174 5596 Platonem
1208 5561 1222 5596 :
1259 5545 1358 5600 has
1408 5554 1587 5598 autem
1640 5545 1824 5609 ideas,
1878 5546 2019 5603 hunc
2057 5547 2211 5619 iogou
2242 5564 2273 5601 a

710 5647 924 5687 summo
966 5633 1075 5686 Deo
1109 5633 1426 5685 distinctum
1460 5634 1659 5695 fuisse,
1695 5640 1753 5685 ut
1779 5649 2064 5700 personam
2098 5636 2164 5688 ab
2208 5649 2273 5689 eo

709 5727 981 5787 genitam,
1053 5740 1119 5778 ne
1179 5728 1483 5792 suspicatus
1536 5725 1753 5793 quidem
1808 5724 2037 5779 videtur.
2100 5727 2267 5793 ipsius

713 5818 1035 5871 sententiam
1086 5816 1348 5885 praeiere
1377 5831 1693 5885 expressam
1726 5819 1991 5873 habemus
2014 5860 2029 5885 ,
2061 5836 2180 5874 cum
2219 5822 2271 5874 in

2379 5272 2406 5321 ὁ
2431 5269 2561 5332 Θεὸς
2584 5268 2908 5339 δημιουργὸς
2936 5268 3013 5321 τῶ
3042 5265 3325 5337 βελτίονος.
3365 5266 3513 5320 Ἐπεὶ
3536 5266 3591 5317 δὲ
3620 5264 3680 5318 τὸ
3713 5264 3918 5336 πρεαὸύ
3938 5294 3951 5305 -

2381 5377 2536 5431 τερον
2575 5360 2775 5430 χάῤῥον
2818 5360 2932 5413 ἐστὶ
2963 5358 3040 5411 τῶ
3078 5358 3347 5431 νεωτέρω,
3386 5358 3477 5410 καὶ
3526 5358 3587 5409 τὸ
3625 5357 3953 5427 τεταγμένον

2385 5452 2489 5520 πρὸ
2516 5451 2591 5503 τῶ
2619 5451 2853 5503 ἁτάκτω·
2887 5448 3086 5519 ἀγαθὸς
3116 5450 3189 5503 ὣν
3215 5454 3243 5504 ὁ
3274 5450 3426 5512 Θεὸς,
3441 5448 3583 5521 ὀρῶν
3616 5466 3674 5501 τε
3700 5448 3797 5501 τὰν
3822 5448 3952 5501 ὖλαν

2382 5544 2673 5613 δεχομέναν
2696 5544 2791 5595 τὰν
2824 5543 2964 5595 ἰδέαν
2997 5544 3089 5595 καὶ
3122 5543 3502 5613 ἀλλοιουμέναν
3534 5539 3799 5603 παντοίως
3830 5540 3948 5610 μὲν.

2385 5637 2631 5698 ἀτάκτως
2658 5636 2732 5698 δὲ,
2754 5635 2857 5687 ἔδει
2891 5638 2938 5687 τ’
2972 5636 3049 5697 εἰς
3082 5636 3232 5701 τάξιν
3260 5634 3430 5688 αὐτὰν
3464 5635 3615 5701 ἆγεν,
3651 5633 3744 5685 καί
3776 5631 3835 5698 ἐξ
3861 5633 3952 5685 ἀο-

2389 5727 2583 5797 ρίστων
2617 5725 2919 5796 μεταδολῶν
2966 5728 3045 5789 εἰς
3090 5727 3400 5797 ὡρισμέναν
3444 5726 3811 5786 καταστᾶσαι,
3862 5725 3947 5777 ἵνα

2382 5819 2629 5892 ὁμόλογοι
2660 5820 2747 5871 ταί
2776 5818 3072 5890 διακρίσεις
3100 5818 3205 5872 τῶν
3236 5820 3499 5890 σωμάτων
3538 5823 3824 5887 γίγνοιντο,
3857 5817 3946 5871 καὶ
