  <div class='ocr_page' id='page_1' title='image "/cluster/home/n/w/nwhite01/storage/ocr_20150623/6/pst.000005711826/020.png"; bbox 0 0 4120 6410; ppageno 0'>
   <div class='ocr_carea' id='block_1_1' title="bbox 162 370 246 427">
    <p class='ocr_par' dir='ltr' id='par_1_1' title="bbox 162 370 246 427">
     <span class='ocr_line' id='line_1_1' title="bbox 162 370 246 427; baseline 0 0"><span class='ocrx_word' id='word_1_1' title='bbox 162 370 246 427; x_wconf 74' lang='grc'><strong>25</strong></span> 
     </span>
    </p>
   </div>
   <div class='ocr_carea' id='block_1_2' title="bbox 1188 368 1749 434">
    <p class='ocr_par' dir='ltr' id='par_1_2' title="bbox 1188 369 1749 427">
     <span class='ocr_line' id='line_1_2' title="bbox 1188 369 1749 427; baseline -0.002 -2"><span class='ocrx_word' id='word_1_2' title='bbox 1188 370 1252 426; x_wconf 87' lang='lat' dir='ltr'><strong>D.</strong></span> <span class='ocrx_word' id='word_1_3' title='bbox 1300 369 1572 427; x_wconf 72' lang='grc' dir='ltr'><strong>ΜΑΒΑΝΙ</strong></span> <span class='ocrx_word' id='word_1_4' title='bbox 1607 369 1749 425; x_wconf 73' lang='grc' dir='ltr'><strong>ΡΒΔ</strong></span> 
     </span>
    </p>
   </div>
   <div class='ocr_carea' id='block_1_3' title="bbox 1850 368 3432 434">
    <p class='ocr_par' dir='ltr' id='par_1_3' title="bbox 1850 369 3432 434">
     <span class='ocr_line' id='line_1_3' title="bbox 1850 369 3432 434; baseline -0.001 -10"><span class='ocrx_word' id='word_1_5' title='bbox 1850 369 1996 425; x_wconf 73' lang='grc' dir='ltr'><strong>ιΤΙθ.</strong></span> <span class='ocrx_word' id='word_1_6' title='bbox 2028 402 2095 413; x_wconf 94' lang='grc'><strong>-</strong></span> <span class='ocrx_word' id='word_1_7' title='bbox 2127 369 2308 426; x_wconf 81' lang='lat' dir='ltr'><strong>PARS</strong></span> <span class='ocrx_word' id='word_1_8' title='bbox 2345 370 2409 424; x_wconf 91' lang='grc'><strong>11.</strong></span> <span class='ocrx_word' id='word_1_9' title='bbox 3358 376 3432 434; x_wconf 66' lang='grc' dir='ltr'><strong><em>κ</em></strong></span> 
     </span>
    </p>
   </div>
   <div class='ocr_carea' id='block_1_4' title="bbox 167 489 1749 564">
    <p class='ocr_par' dir='ltr' id='par_1_4' title="bbox 167 489 1749 564">
     <span class='ocr_line' id='line_1_4' title="bbox 167 489 1749 564; baseline 0.002 -21"><span class='ocrx_word' id='word_1_10' title='bbox 167 491 247 561; x_wconf 80' lang='grc' dir='ltr'><strong>μὴ</strong></span> <span class='ocrx_word' id='word_1_11' title='bbox 271 491 394 544; x_wconf 77' lang='grc' dir='ltr'><strong>κατ’</strong></span> <span class='ocrx_word' id='word_1_12' title='bbox 417 490 718 562; x_wconf 73' lang='grc' dir='ltr'><strong>αὐτόματον</strong></span> <span class='ocrx_word' id='word_1_13' title='bbox 736 489 940 563; x_wconf 71' lang='grc' dir='ltr'><strong>τροπὰς</strong></span> <span class='ocrx_word' id='word_1_14' title='bbox 958 490 1194 561; x_wconf 80' lang='grc' dir='ltr'><strong>δέχοιντο</strong></span> <span class='ocrx_word' id='word_1_15' title='bbox 1211 510 1225 524; x_wconf 76' lang='grc'><em>’</em></span> <span class='ocrx_word' id='word_1_16' title='bbox 1243 492 1498 564; x_wconf 74' lang='grc' dir='ltr'><strong>ἐποίησεν</strong></span> <span class='ocrx_word' id='word_1_17' title='bbox 1517 493 1596 546; x_wconf 80' lang='grc' dir='ltr'><strong>ὧν</strong></span> <span class='ocrx_word' id='word_1_18' title='bbox 1608 491 1749 556; x_wconf 83' lang='grc' dir='ltr'><strong>τόνδε</strong></span> 
     </span>
    </p>
   </div>
   <div class='ocr_carea' id='block_1_5' title="bbox 1850 489 3435 564">
    <p class='ocr_par' dir='ltr' id='par_1_5' title="bbox 1865 490 3435 562">
     <span class='ocr_line' id='line_1_5' title="bbox 1865 490 3435 562; baseline 0.004 -18"><span class='ocrx_word' id='word_1_19' title='bbox 1865 493 2207 549; x_wconf 75' lang='lat' dir='ltr'><strong>ratiocinatio</strong></span> <span class='ocrx_word' id='word_1_20' title='bbox 2237 492 2408 547; x_wconf 83' lang='lat' dir='ltr'><strong>levem</strong></span> <span class='ocrx_word' id='word_1_21' title='bbox 2445 490 2592 552; x_wconf 84' lang='lat' dir='ltr'><strong>iitum</strong></span> <span class='ocrx_word' id='word_1_22' title='bbox 2619 500 2673 543; x_wconf 90' lang='lat' dir='ltr'><strong>et</strong></span> <span class='ocrx_word' id='word_1_23' title='bbox 2703 492 3052 562; x_wconf 58' lang='lat' dir='ltr'><strong>mquabilem,</strong></span> <span class='ocrx_word' id='word_1_24' title='bbox 3071 503 3131 547; x_wconf 87' lang='lat' dir='ltr'><strong>et</strong></span> <span class='ocrx_word' id='word_1_25' title='bbox 3153 507 3221 548; x_wconf 83' lang='lat' dir='ltr'><strong>ex</strong></span> <span class='ocrx_word' id='word_1_26' title='bbox 3251 496 3435 550; x_wconf 88' lang='lat' dir='ltr'><strong>medio</strong></span> 
     </span>
    </p>
   </div>
   <div class='ocr_carea' id='block_1_6' title="bbox 164 582 1749 657">
    <p class='ocr_par' dir='ltr' id='par_1_6' title="bbox 164 582 1749 655">
     <span class='ocr_line' id='line_1_6' title="bbox 164 582 1749 655; baseline 0.003 -21"><span class='ocrx_word' id='word_1_27' title='bbox 164 583 263 634; x_wconf 68' lang='grc' dir='ltr'><strong>τὸν</strong></span> <span class='ocrx_word' id='word_1_28' title='bbox 315 582 518 652; x_wconf 76' lang='grc' dir='ltr'><strong>κόσμον</strong></span> <span class='ocrx_word' id='word_1_29' title='bbox 569 582 628 648; x_wconf 80' lang='grc' dir='ltr'><strong>ἐξ</strong></span> <span class='ocrx_word' id='word_1_30' title='bbox 671 583 886 646; x_wconf 79' lang='grc' dir='ltr'><strong>ἁπάσας</strong></span> <span class='ocrx_word' id='word_1_31' title='bbox 919 584 1017 645; x_wconf 75' lang='grc' dir='ltr'><strong>τᾶς</strong></span> <span class='ocrx_word' id='word_1_32' title='bbox 1066 582 1215 650; x_wconf 73' lang='grc' dir='ltr'><strong>ῦλας.</strong></span> <span class='ocrx_word' id='word_1_33' title='bbox 1265 585 1610 655; x_wconf 67' lang='lat' dir='ltr'><strong>«Antequam</strong></span> <span class='ocrx_word' id='word_1_34' title='bbox 1653 585 1749 654; x_wconf 88' lang='lat' dir='ltr'><strong>igi-</strong></span> 
     </span>
    </p>
   </div>
   <div class='ocr_carea' id='block_1_7' title="bbox 1850 582 3430 657">
    <p class='ocr_par' dir='ltr' id='par_1_7' title="bbox 1857 583 3430 657">
     <span class='ocr_line' id='line_1_7' title="bbox 1857 583 3430 657; baseline 0.003 -20"><span class='ocrx_word' id='word_1_35' title='bbox 1857 585 2217 655; x_wconf 89' lang='lat' dir='ltr'><strong>undequaque</strong></span> <span class='ocrx_word' id='word_1_36' title='bbox 2263 583 2562 654; x_wconf 77' lang='lat' dir='ltr'><strong>aequalem,</strong></span> <span class='ocrx_word' id='word_1_37' title='bbox 2609 593 2680 657; x_wconf 30' lang='lat' dir='ltr'><strong>et,</strong></span> <span class='ocrx_word' id='word_1_38' title='bbox 2701 593 2870 638; x_wconf 88' lang='lat' dir='ltr'><strong>totum</strong></span> <span class='ocrx_word' id='word_1_39' title='bbox 2921 595 2977 641; x_wconf 93' lang='lat' dir='ltr'><strong>et</strong></span> <span class='ocrx_word' id='word_1_40' title='bbox 3017 586 3319 655; x_wconf 87' lang='lat' dir='ltr'><strong>perfectum</strong></span> <span class='ocrx_word' id='word_1_41' title='bbox 3364 603 3430 642; x_wconf 88' lang='lat' dir='ltr'><strong>ex</strong></span> 
     </span>
    </p>
   </div>
   <div class='ocr_carea' id='block_1_8' title="bbox 169 673 1749 742">
    <p class='ocr_par' dir='ltr' id='par_1_8' title="bbox 169 673 1749 742">
     <span class='ocr_line' id='line_1_8' title="bbox 169 673 1749 742; baseline 0.005 -17"><span class='ocrx_word' id='word_1_42' title='bbox 169 687 262 727; x_wconf 84' lang='lat' dir='ltr'><strong>tur</strong></span> <span class='ocrx_word' id='word_1_43' title='bbox 307 675 506 730; x_wconf 61' lang='lat' dir='ltr'><strong>calum</strong></span> <span class='ocrx_word' id='word_1_44' title='bbox 560 673 767 729; x_wconf 87' lang='lat' dir='ltr'><strong>ratione</strong></span> <span class='ocrx_word' id='word_1_45' title='bbox 817 675 1327 742; x_wconf 82' lang='lat' dir='ltr'><strong>fleret,erant.idea</strong></span> <span class='ocrx_word' id='word_1_46' title='bbox 1366 686 1423 734; x_wconf 89' lang='lat' dir='ltr'><strong>et</strong></span> <span class='ocrx_word' id='word_1_47' title='bbox 1475 677 1749 733; x_wconf 88' lang='lat' dir='ltr'><strong>materia:</strong></span> 
     </span>
    </p>
   </div>
   <div class='ocr_carea' id='block_1_9' title="bbox 169 763 1749 839">
    <p class='ocr_par' dir='ltr' id='par_1_9' title="bbox 169 763 1749 839">
     <span class='ocr_line' id='line_1_9' title="bbox 169 763 1749 839; baseline 0.005 -23"><span class='ocrx_word' id='word_1_48' title='bbox 169 763 316 818; x_wconf 88' lang='lat' dir='ltr'><strong>Deus</strong></span> <span class='ocrx_word' id='word_1_49' title='bbox 348 775 530 818; x_wconf 86' lang='lat' dir='ltr'><strong>autem</strong></span> <span class='ocrx_word' id='word_1_50' title='bbox 571 764 810 821; x_wconf 82' lang='lat' dir='ltr'><strong>melioris</strong></span> <span class='ocrx_word' id='word_1_51' title='bbox 858 765 1069 834; x_wconf 78' lang='lat' dir='ltr'><strong>opifex,</strong></span> <span class='ocrx_word' id='word_1_52' title='bbox 1116 768 1160 822; x_wconf 84' lang='lat' dir='ltr'><strong>si</strong></span> <span class='ocrx_word' id='word_1_53' title='bbox 1211 767 1432 838; x_wconf 81' lang='lat' dir='ltr'><strong>quidem</strong></span> <span class='ocrx_word' id='word_1_54' title='bbox 1466 769 1749 839; x_wconf 80' lang='lat' dir='ltr'><strong>antiquius</strong></span> 
     </span>
    </p>
   </div>
   <div class='ocr_carea' id='block_1_10' title="bbox 165 853 1750 925">
    <p class='ocr_par' dir='ltr' id='par_1_10' title="bbox 165 853 1750 925">
     <span class='ocr_line' id='line_1_10' title="bbox 165 853 1750 925; baseline 0.007 -18"><span class='ocrx_word' id='word_1_55' title='bbox 165 853 390 922; x_wconf 84' lang='lat' dir='ltr'><strong>juniore</strong></span> <span class='ocrx_word' id='word_1_56' title='bbox 421 867 667 925; x_wconf 67' lang='lat' dir='ltr'><strong>praestat,</strong></span> <span class='ocrx_word' id='word_1_57' title='bbox 699 866 755 912; x_wconf 89' lang='lat' dir='ltr'><strong>et</strong></span> <span class='ocrx_word' id='word_1_58' title='bbox 783 859 924 925; x_wconf 87' lang='lat' dir='ltr'><strong>quod</strong></span> <span class='ocrx_word' id='word_1_59' title='bbox 953 858 1263 914; x_wconf 85' lang='lat' dir='ltr'><strong>ordinatum</strong></span> <span class='ocrx_word' id='word_1_60' title='bbox 1299 869 1387 914; x_wconf 86' lang='lat' dir='ltr'><strong>est</strong></span> <span class='ocrx_word' id='word_1_61' title='bbox 1415 860 1750 918; x_wconf 81' lang='lat' dir='ltr'><strong>iuordinato.</strong></span> 
     </span>
    </p>
   </div>
   <div class='ocr_carea' id='block_1_11' title="bbox 173 946 1744 1017">
    <p class='ocr_par' dir='ltr' id='par_1_11' title="bbox 173 946 1744 1017">
     <span class='ocr_line' id='line_1_11' title="bbox 173 946 1744 1017; baseline 0.004 -19"><span class='ocrx_word' id='word_1_62' title='bbox 173 947 318 1000; x_wconf 83' lang='lat' dir='ltr'><strong>Deus</strong></span> <span class='ocrx_word' id='word_1_63' title='bbox 363 946 532 1017; x_wconf 90' lang='lat' dir='ltr'><strong>igitur</strong></span> <span class='ocrx_word' id='word_1_64' title='bbox 581 962 702 1002; x_wconf 88' lang='lat' dir='ltr'><strong>cum</strong></span> <span class='ocrx_word' id='word_1_65' title='bbox 745 947 817 1002; x_wconf 90' lang='lat' dir='ltr'><strong>sit</strong></span> <span class='ocrx_word' id='word_1_66' title='bbox 852 948 1060 1015; x_wconf 89' lang='lat' dir='ltr'><strong>bonus,</strong></span> <span class='ocrx_word' id='word_1_67' title='bbox 1101 960 1158 1004; x_wconf 85' lang='lat' dir='ltr'><strong>et</strong></span> <span class='ocrx_word' id='word_1_68' title='bbox 1201 948 1416 1006; x_wconf 85' lang='lat' dir='ltr'><strong>videret</strong></span> <span class='ocrx_word' id='word_1_69' title='bbox 1450 951 1744 1007; x_wconf 88' lang='lat' dir='ltr'><strong>materiam</strong></span> 
     </span>
    </p>
   </div>
   <div class='ocr_carea' id='block_1_12' title="bbox 172 1036 1750 1110">
    <p class='ocr_par' dir='ltr' id='par_1_12' title="bbox 172 1036 1750 1110">
     <span class='ocr_line' id='line_1_12' title="bbox 172 1036 1750 1110; baseline 0.006 -23"><span class='ocrx_word' id='word_1_70' title='bbox 172 1048 426 1103; x_wconf 75' lang='lat' dir='ltr'><strong>capacem</strong></span> <span class='ocrx_word' id='word_1_71' title='bbox 461 1036 594 1091; x_wconf 64' lang='lat' dir='ltr'><strong>idea:</strong></span> <span class='ocrx_word' id='word_1_72' title='bbox 624 1051 765 1104; x_wconf 86' lang='lat' dir='ltr'><strong>esse,</strong></span> <span class='ocrx_word' id='word_1_73' title='bbox 792 1053 857 1092; x_wconf 84' lang='lat' dir='ltr'><strong>ac</strong></span> <span class='ocrx_word' id='word_1_74' title='bbox 886 1037 1138 1094; x_wconf 88' lang='lat' dir='ltr'><strong>omnibus</strong></span> <span class='ocrx_word' id='word_1_75' title='bbox 1172 1041 1404 1110; x_wconf 46' lang='lat' dir='ltr'><strong>quidem.</strong></span> <span class='ocrx_word' id='word_1_76' title='bbox 1423 1040 1626 1108; x_wconf 77' lang='lat' dir='ltr'><strong>modis,</strong></span> <span class='ocrx_word' id='word_1_77' title='bbox 1652 1040 1750 1096; x_wconf 83' lang='lat' dir='ltr'><strong>sed</strong></span> 
     </span>
    </p>
   </div>
   <div class='ocr_carea' id='block_1_13' title="bbox 173 1127 1752 1202">
    <p class='ocr_par' dir='ltr' id='par_1_13' title="bbox 173 1127 1752 1202">
     <span class='ocr_line' id='line_1_13' title="bbox 173 1127 1752 1202; baseline 0.006 -22"><span class='ocrx_word' id='word_1_78' title='bbox 173 1137 354 1180; x_wconf 78' lang='lat' dir='ltr'><strong>tamen</strong></span> <span class='ocrx_word' id='word_1_79' title='bbox 385 1127 528 1182; x_wconf 89' lang='lat' dir='ltr'><strong>citra</strong></span> <span class='ocrx_word' id='word_1_80' title='bbox 578 1129 821 1185; x_wconf 88' lang='lat' dir='ltr'><strong>ordinem</strong></span> <span class='ocrx_word' id='word_1_81' title='bbox 853 1132 1091 1199; x_wconf 79' lang='lat' dir='ltr'><strong>moveri;</strong></span> <span class='ocrx_word' id='word_1_82' title='bbox 1143 1146 1379 1202; x_wconf 88' lang='lat' dir='ltr'><strong>cumque</strong></span> <span class='ocrx_word' id='word_1_83' title='bbox 1424 1146 1564 1202; x_wconf 82' lang='lat' dir='ltr'><strong>opus</strong></span> <span class='ocrx_word' id='word_1_84' title='bbox 1604 1144 1752 1189; x_wconf 86' lang='lat' dir='ltr'><strong>esset</strong></span> 
     </span>
    </p>
   </div>
   <div class='ocr_carea' id='block_1_14' title="bbox 173 1219 1752 1295">
    <p class='ocr_par' dir='ltr' id='par_1_14' title="bbox 173 1219 1752 1295">
     <span class='ocr_line' id='line_1_14' title="bbox 173 1219 1752 1295; baseline 0.008 -25"><span class='ocrx_word' id='word_1_85' title='bbox 173 1231 293 1273; x_wconf 79' lang='lat' dir='ltr'><strong>eam</strong></span> <span class='ocrx_word' id='word_1_86' title='bbox 327 1220 381 1272; x_wconf 92' lang='lat' dir='ltr'><strong>in</strong></span> <span class='ocrx_word' id='word_1_87' title='bbox 411 1219 660 1278; x_wconf 78' lang='lat' dir='ltr'><strong>ordinem</strong></span> <span class='ocrx_word' id='word_1_88' title='bbox 686 1221 893 1295; x_wconf 73' lang='lat' dir='ltr'><strong>redigi,</strong></span> <span class='ocrx_word' id='word_1_89' title='bbox 917 1231 973 1279; x_wconf 88' lang='lat' dir='ltr'><strong>et</strong></span> <span class='ocrx_word' id='word_1_90' title='bbox 1006 1238 1072 1279; x_wconf 86' lang='lat' dir='ltr'><strong>ex</strong></span> <span class='ocrx_word' id='word_1_91' title='bbox 1102 1225 1331 1283; x_wconf 77' lang='lat' dir='ltr'><strong>inﬁnitis</strong></span> <span class='ocrx_word' id='word_1_92' title='bbox 1358 1226 1752 1284; x_wconf 79' lang='lat' dir='ltr'><strong>mutationibus</strong></span> 
     </span>
    </p>
   </div>
   <div class='ocr_carea' id='block_1_15' title="bbox 174 1312 1750 1389">
    <p class='ocr_par' dir='ltr' id='par_1_15' title="bbox 174 1312 1750 1389">
     <span class='ocr_line' id='line_1_15' title="bbox 174 1312 1750 1389; baseline 0.008 -26"><span class='ocrx_word' id='word_1_93' title='bbox 174 1312 242 1363; x_wconf 87' lang='lat' dir='ltr'><strong>ad</strong></span> <span class='ocrx_word' id='word_1_94' title='bbox 271 1322 482 1366; x_wconf 86' lang='lat' dir='ltr'><strong>certam</strong></span> <span class='ocrx_word' id='word_1_95' title='bbox 516 1329 580 1367; x_wconf 89' lang='lat' dir='ltr'><strong>ac</strong></span> <span class='ocrx_word' id='word_1_96' title='bbox 619 1313 900 1370; x_wconf 79' lang='lat' dir='ltr'><strong>deﬁnitam</strong></span> <span class='ocrx_word' id='word_1_97' title='bbox 937 1317 1216 1384; x_wconf 82' lang='lat' dir='ltr'><strong>constitui,</strong></span> <span class='ocrx_word' id='word_1_98' title='bbox 1259 1326 1319 1372; x_wconf 91' lang='lat' dir='ltr'><strong>ut</strong></span> <span class='ocrx_word' id='word_1_99' title='bbox 1346 1332 1635 1389; x_wconf 76' lang='lat' dir='ltr'><strong>corporum</strong></span> <span class='ocrx_word' id='word_1_100' title='bbox 1661 1319 1750 1375; x_wconf 75' lang='lat' dir='ltr'><strong>di-</strong></span> 
     </span>
    </p>
   </div>
   <div class='ocr_carea' id='block_1_16' title="bbox 170 1393 1753 1476">
    <p class='ocr_par' dir='ltr' id='par_1_16' title="bbox 170 1393 1753 1476">
     <span class='ocr_line' id='line_1_16' title="bbox 170 1393 1753 1476; baseline 0.01 -27"><span class='ocrx_word' id='word_1_101' title='bbox 170 1400 408 1456; x_wconf 75' lang='lat' dir='ltr'><strong>visiones</strong></span> <span class='ocrx_word' id='word_1_102' title='bbox 450 1403 595 1458; x_wconf 91' lang='lat' dir='ltr'><strong>inter</strong></span> <span class='ocrx_word' id='word_1_103' title='bbox 635 1418 697 1462; x_wconf 82' lang='lat' dir='ltr'><strong>se</strong></span> <span class='ocrx_word' id='word_1_104' title='bbox 737 1420 844 1459; x_wconf 90' lang='lat' dir='ltr'><strong>non</strong></span> <span class='ocrx_word' id='word_1_105' title='bbox 876 1405 1272 1476; x_wconf 83' lang='lat' dir='ltr'><strong>discreparent,</strong></span> <span class='ocrx_word' id='word_1_106' title='bbox 1318 1393 1418 1464; x_wconf 88' lang='lat' dir='ltr'><strong>nec</strong></span> <span class='ocrx_word' id='word_1_107' title='bbox 1450 1417 1652 1465; x_wconf 80' lang='lat' dir='ltr'><strong>temere</strong></span> <span class='ocrx_word' id='word_1_108' title='bbox 1685 1405 1753 1465; x_wconf 83' lang='lat' dir='ltr'><strong>ac</strong></span> 
     </span>
    </p>
   </div>
   <div class='ocr_carea' id='block_1_17' title="bbox 175 1491 1752 1570">
    <p class='ocr_par' dir='ltr' id='par_1_17' title="bbox 175 1491 1752 1570">
     <span class='ocr_line' id='line_1_17' title="bbox 175 1491 1752 1570; baseline 0.011 -29"><span class='ocrx_word' id='word_1_109' title='bbox 175 1491 398 1547; x_wconf 82' lang='lat' dir='ltr'><strong>fortuito</strong></span> <span class='ocrx_word' id='word_1_110' title='bbox 430 1494 837 1552; x_wconf 81' lang='lat' dir='ltr'><strong>vicissitudines</strong></span> <span class='ocrx_word' id='word_1_111' title='bbox 874 1498 1213 1566; x_wconf 84' lang='lat' dir='ltr'><strong>acciperent;</strong></span> <span class='ocrx_word' id='word_1_112' title='bbox 1248 1499 1379 1554; x_wconf 87' lang='lat' dir='ltr'><strong>fecit</strong></span> <span class='ocrx_word' id='word_1_113' title='bbox 1408 1499 1575 1570; x_wconf 84' lang='lat' dir='ltr'><strong>igitur</strong></span> <span class='ocrx_word' id='word_1_114' title='bbox 1604 1502 1752 1560; x_wconf 85' lang='lat' dir='ltr'><strong>hunc</strong></span> 
     </span>
    </p>
   </div>
   <div class='ocr_carea' id='block_1_18' title="bbox 174 1589 1750 1664">
    <p class='ocr_par' dir='ltr' id='par_1_18' title="bbox 174 1589 1750 1664">
     <span class='ocr_line' id='line_1_18' title="bbox 174 1589 1750 1664; baseline 0.01 -28"><span class='ocrx_word' id='word_1_115' title='bbox 174 1589 429 1639; x_wconf 82' lang='lat' dir='ltr'><strong>mndum</strong></span> <span class='ocrx_word' id='word_1_116' title='bbox 471 1601 535 1640; x_wconf 82' lang='lat' dir='ltr'><strong>ex</strong></span> <span class='ocrx_word' id='word_1_117' title='bbox 575 1597 683 1642; x_wconf 90' lang='lat' dir='ltr'><strong>tota</strong></span> <span class='ocrx_word' id='word_1_118' title='bbox 729 1591 975 1645; x_wconf 82' lang='lat' dir='ltr'><strong>materia.</strong></span> <span class='ocrx_word' id='word_1_119' title='bbox 999 1609 1020 1642; x_wconf 74' lang='grc' dir='ltr'><strong>ι</strong></span> <span class='ocrx_word' id='word_1_120' title='bbox 1050 1591 1258 1648; x_wconf 63' lang='lat' dir='ltr'><strong>Caelum</strong></span> <span class='ocrx_word' id='word_1_121' title='bbox 1283 1606 1418 1664; x_wconf 86' lang='lat' dir='ltr'><strong>ergo</strong></span> <span class='ocrx_word' id='word_1_122' title='bbox 1442 1592 1584 1664; x_wconf 86' lang='grc' dir='ltr'><strong>λόγῳ</strong></span> <span class='ocrx_word' id='word_1_123' title='bbox 1616 1610 1750 1650; x_wconf 89' lang='lat' dir='ltr'><strong>con-</strong></span> 
     </span>
    </p>
   </div>
   <div class='ocr_carea' id='block_1_19' title="bbox 171 1675 1753 1821">
    <p class='ocr_par' dir='ltr' id='par_1_19' title="bbox 171 1675 1753 1821">
     <span class='ocr_line' id='line_1_19' title="bbox 171 1675 1753 1821; baseline 0.01 -94"><span class='ocrx_word' id='word_1_124' title='bbox 171 1675 338 1821; x_wconf 69' lang='lat' dir='ltr'><strong>dditur,</strong></span> <span class='ocrx_word' id='word_1_125' title='bbox 377 1687 475 1732; x_wconf 88' lang='lat' dir='ltr'><strong>sed</strong></span> <span class='ocrx_word' id='word_1_126' title='bbox 508 1679 596 1735; x_wconf 85' lang='lat' dir='ltr'><strong>hic</strong></span> <span class='ocrx_word' id='word_1_127' title='bbox 629 1679 789 1748; x_wconf 86' lang='grc' dir='ltr'><strong>λόγος</strong></span> <span class='ocrx_word' id='word_1_128' title='bbox 812 1696 944 1744; x_wconf 75' lang='grc' dir='ltr'><strong>⁵ιιοιι</strong></span> <span class='ocrx_word' id='word_1_129' title='bbox 974 1681 1328 1753; x_wconf 70' lang='lat' dir='ltr'><strong>distinguitur</strong></span> <span class='ocrx_word' id='word_1_130' title='bbox 1369 1685 1438 1740; x_wconf 88' lang='lat' dir='ltr'><strong>ab</strong></span> <span class='ocrx_word' id='word_1_131' title='bbox 1469 1687 1608 1754; x_wconf 86' lang='lat' dir='ltr'><strong>idea,</strong></span> <span class='ocrx_word' id='word_1_132' title='bbox 1651 1701 1753 1744; x_wconf 86' lang='lat' dir='ltr'><strong>nec</strong></span> 
     </span>
     <span class='ocr_line' id='line_1_20' title="bbox 171 1767 518 1821; baseline 0.003 -1"><span class='ocrx_word' id='word_1_133' title='bbox 171 1767 185 1820; x_wconf 76' lang='grc' dir='ltr'><strong>ἱ</strong></span> <span class='ocrx_word' id='word_1_134' title='bbox 224 1783 286 1821; x_wconf 87' lang='lat' dir='ltr'><strong>ea</strong></span> <span class='ocrx_word' id='word_1_135' title='bbox 314 1785 345 1821; x_wconf 86' lang='lat' dir='ltr'><strong>a</strong></span> <span class='ocrx_word' id='word_1_136' title='bbox 385 1771 518 1821; x_wconf 69' lang='lat' dir='ltr'><strong>De&quot;.</strong></span> 
     </span>
    </p>
   </div>
   <div class='ocr_carea' id='block_1_20' title="bbox 171 1767 518 1825">
    <p class='ocr_par' dir='ltr' id='par_1_20' title="bbox 171 1767 518 1825">
     <span class='ocr_line' id='line_1_21' title="bbox 171 1767 518 1825; baseline 0.014 -5"><span class='ocrx_word' id='word_1_137' title='bbox 171 1767 286 1821; x_wconf 84' lang='lat' dir='ltr'><strong>idea</strong></span> <span class='ocrx_word' id='word_1_138' title='bbox 314 1785 345 1821; x_wconf 83' lang='lat' dir='ltr'><strong>a</strong></span> <span class='ocrx_word' id='word_1_139' title='bbox 385 1771 518 1825; x_wconf 80' lang='lat' dir='ltr'><strong>Deo.</strong></span> 
     </span>
    </p>
   </div>
   <div class='ocr_carea' id='block_1_21' title="bbox 1854 672 2958 744">
    <p class='ocr_par' dir='ltr' id='par_1_21' title="bbox 1854 672 2958 744">
     <span class='ocr_line' id='line_1_22' title="bbox 1854 672 2958 744; baseline 0 -16"><span class='ocrx_word' id='word_1_140' title='bbox 1854 672 2111 744; x_wconf 76' lang='lat' dir='ltr'><strong>perfectis</strong></span> <span class='ocrx_word' id='word_1_141' title='bbox 2137 673 2471 744; x_wconf 82' lang='lat' dir='ltr'><strong>corporibus</strong></span> <span class='ocrx_word' id='word_1_142' title='bbox 2487 687 2683 744; x_wconf 80' lang='lat' dir='ltr'><strong>corpus</strong></span> <span class='ocrx_word' id='word_1_143' title='bbox 2713 672 2911 729; x_wconf 75' lang='lat' dir='ltr'><strong>effecit.</strong></span> <span class='ocrx_word' id='word_1_144' title='bbox 2937 693 2958 728; x_wconf 73' lang='grc' dir='ltr'><strong>ι</strong></span> 
     </span>
    </p>
   </div>
   <div class='ocr_carea' id='block_1_22' title="bbox 1925 764 3433 842">
    <p class='ocr_par' dir='ltr' id='par_1_22' title="bbox 1925 764 3433 842">
     <span class='ocr_line' id='line_1_23' title="bbox 1925 764 3433 842; baseline 0.001 -20"><span class='ocrx_word' id='word_1_145' title='bbox 1925 766 2200 822; x_wconf 88' lang='lat' dir='ltr'><strong>immerito</strong></span> <span class='ocrx_word' id='word_1_146' title='bbox 2231 767 2376 821; x_wconf 90' lang='lat' dir='ltr'><strong>hunc</strong></span> <span class='ocrx_word' id='word_1_147' title='bbox 2405 779 2737 842; x_wconf 81' lang='lat' dir='ltr'><strong>postremum</strong></span> <span class='ocrx_word' id='word_1_148' title='bbox 2769 764 2946 821; x_wconf 93' lang='lat' dir='ltr'><strong>locum</strong></span> <span class='ocrx_word' id='word_1_149' title='bbox 2978 767 3231 823; x_wconf 86' lang='lat' dir='ltr'><strong>idoneum</strong></span> <span class='ocrx_word' id='word_1_150' title='bbox 3263 766 3433 823; x_wconf 77' lang='lat' dir='ltr'><strong>fuisse</strong></span> 
     </span>
    </p>
   </div>
   <div class='ocr_carea' id='block_1_23' title="bbox 1853 853 3432 938">
    <p class='ocr_par' dir='ltr' id='par_1_23' title="bbox 1853 853 3432 938">
     <span class='ocr_line' id='line_1_24' title="bbox 1853 853 3432 938; baseline -0.001 -26"><span class='ocrx_word' id='word_1_151' title='bbox 1853 856 2099 918; x_wconf 80' lang='lat' dir='ltr'><strong>Clericus</strong></span> <span class='ocrx_word' id='word_1_152' title='bbox 2116 853 2530 938; x_wconf 29' lang='lat' dir='ltr'><strong>existimatpqui</strong></span> <span class='ocrx_word' id='word_1_153' title='bbox 2556 854 2882 925; x_wconf 81' lang='lat' dir='ltr'><strong>Christianis</strong></span> <span class='ocrx_word' id='word_1_154' title='bbox 2908 858 3263 926; x_wconf 75' lang='lat' dir='ltr'><strong>persuaderet</strong></span> <span class='ocrx_word' id='word_1_155' title='bbox 3288 857 3432 913; x_wconf 86' lang='lat' dir='ltr'><strong>idem</strong></span> 
     </span>
    </p>
   </div>
   <div class='ocr_carea' id='block_1_24' title="bbox 1854 946 3431 1020">
    <p class='ocr_par' dir='ltr' id='par_1_24' title="bbox 1854 946 3431 1020">
     <span class='ocr_line' id='line_1_25' title="bbox 1854 946 3431 1020; baseline -0.002 -15"><span class='ocrx_word' id='word_1_156' title='bbox 1854 952 1922 1005; x_wconf 86' lang='lat' dir='ltr'><strong>de</strong></span> <span class='ocrx_word' id='word_1_157' title='bbox 1951 949 2130 1005; x_wconf 80' lang='lat' dir='ltr'><strong>Verbo</strong></span> <span class='ocrx_word' id='word_1_158' title='bbox 2172 946 2484 1020; x_wconf 81' lang='lat' dir='ltr'><strong>Scripturas</strong></span> <span class='ocrx_word' id='word_1_159' title='bbox 2534 957 2756 1006; x_wconf 88' lang='lat' dir='ltr'><strong>sanctas</strong></span> <span class='ocrx_word' id='word_1_160' title='bbox 2793 963 2858 1003; x_wconf 90' lang='lat' dir='ltr'><strong>ac</strong></span> <span class='ocrx_word' id='word_1_161' title='bbox 2893 948 3176 1006; x_wconf 83' lang='lat' dir='ltr'><strong>Platonem</strong></span> <span class='ocrx_word' id='word_1_162' title='bbox 3211 950 3431 1005; x_wconf 88' lang='lat' dir='ltr'><strong>docere.</strong></span> 
     </span>
    </p>
   </div>
   <div class='ocr_carea' id='block_1_25' title="bbox 1854 1026 3435 1112">
    <p class='ocr_par' dir='ltr' id='par_1_25' title="bbox 1854 1026 3435 1112">
     <span class='ocr_line' id='line_1_26' title="bbox 1854 1026 3435 1112; baseline -0.001 -15"><span class='ocrx_word' id='word_1_163' title='bbox 1854 1041 1982 1098; x_wconf 74' lang='lat' dir='ltr'><strong>Haec</strong></span> <span class='ocrx_word' id='word_1_164' title='bbox 2024 1042 2170 1098; x_wconf 90' lang='lat' dir='ltr'><strong>enim</strong></span> <span class='ocrx_word' id='word_1_165' title='bbox 2208 1040 2301 1100; x_wconf 87' lang='lat' dir='ltr'><strong>Dei</strong></span> <span class='ocrx_word' id='word_1_166' title='bbox 2353 1042 2718 1108; x_wconf 89' lang='lat' dir='ltr'><strong>ratiocinatio,</strong></span> <span class='ocrx_word' id='word_1_167' title='bbox 2762 1042 2925 1097; x_wconf 91' lang='lat' dir='ltr'><strong>etiam</strong></span> <span class='ocrx_word' id='word_1_168' title='bbox 2969 1043 3016 1096; x_wconf 79' lang='lat' dir='ltr'><strong>si</strong></span> <span class='ocrx_word' id='word_1_169' title='bbox 3067 1044 3192 1112; x_wconf 89' lang='lat' dir='ltr'><strong>quis</strong></span> <span class='ocrx_word' id='word_1_170' title='bbox 3230 1026 3435 1111; x_wconf 83' lang='lat' dir='ltr'><strong>sponte</strong></span> 
     </span>
    </p>
   </div>
   <div class='ocr_carea' id='block_1_26' title="bbox 1852 1133 3434 1211">
    <p class='ocr_par' dir='ltr' id='par_1_26' title="bbox 1852 1133 3434 1211">
     <span class='ocr_line' id='line_1_27' title="bbox 1852 1133 3434 1211; baseline -0.002 -21"><span class='ocrx_word' id='word_1_171' title='bbox 1852 1134 2128 1199; x_wconf 67' lang='lat' dir='ltr'><strong>cxecutiat,</strong></span> <span class='ocrx_word' id='word_1_172' title='bbox 2148 1148 2423 1203; x_wconf 89' lang='lat' dir='ltr'><strong>nunquam</strong></span> <span class='ocrx_word' id='word_1_173' title='bbox 2441 1133 2609 1204; x_wconf 80' lang='lat' dir='ltr'><strong>videri</strong></span> <span class='ocrx_word' id='word_1_174' title='bbox 2639 1133 3093 1211; x_wconf 72' lang='lat' dir='ltr'><strong>possitpersona</strong></span> <span class='ocrx_word' id='word_1_175' title='bbox 3120 1147 3150 1186; x_wconf 88' lang='lat' dir='ltr'><strong>a</strong></span> <span class='ocrx_word' id='word_1_176' title='bbox 3183 1133 3292 1187; x_wconf 87' lang='lat' dir='ltr'><strong>Deo</strong></span> <span class='ocrx_word' id='word_1_177' title='bbox 3319 1133 3434 1187; x_wconf 86' lang='lat' dir='ltr'><strong>dis—</strong></span> 
     </span>
    </p>
   </div>
   <div class='ocr_carea' id='block_1_27' title="bbox 1855 1224 3434 1297">
    <p class='ocr_par' dir='ltr' id='par_1_27' title="bbox 1855 1224 3434 1297">
     <span class='ocr_line' id='line_1_28' title="bbox 1855 1224 3434 1297; baseline -0.001 -18"><span class='ocrx_word' id='word_1_178' title='bbox 1855 1227 2042 1291; x_wconf 87' lang='lat' dir='ltr'><strong>tincta,</strong></span> <span class='ocrx_word' id='word_1_179' title='bbox 2084 1240 2184 1282; x_wconf 86' lang='lat' dir='ltr'><strong>nec</strong></span> <span class='ocrx_word' id='word_1_180' title='bbox 2219 1225 2365 1282; x_wconf 89' lang='lat' dir='ltr'><strong>aliud</strong></span> <span class='ocrx_word' id='word_1_181' title='bbox 2413 1237 2521 1293; x_wconf 88' lang='lat' dir='ltr'><strong>est,</strong></span> <span class='ocrx_word' id='word_1_182' title='bbox 2564 1240 2727 1296; x_wconf 89' lang='lat' dir='ltr'><strong>quam</strong></span> <span class='ocrx_word' id='word_1_183' title='bbox 2758 1225 2879 1296; x_wconf 86' lang='lat' dir='ltr'><strong>ipsa</strong></span> <span class='ocrx_word' id='word_1_184' title='bbox 2929 1224 3021 1280; x_wconf 86' lang='lat' dir='ltr'><strong>Dei</strong></span> <span class='ocrx_word' id='word_1_185' title='bbox 3052 1227 3330 1297; x_wconf 72' lang='lat' dir='ltr'><strong>cogitatio.</strong></span> <span class='ocrx_word' id='word_1_186' title='bbox 3373 1235 3434 1280; x_wconf 90' lang='lat' dir='ltr'><strong>ut</strong></span> 
     </span>
    </p>
   </div>
   <div class='ocr_carea' id='block_1_28' title="bbox 1853 1316 3433 1394">
    <p class='ocr_par' dir='ltr' id='par_1_28' title="bbox 1853 1316 3433 1394">
     <span class='ocr_line' id='line_1_29' title="bbox 1853 1316 3433 1394; baseline -0.001 -21"><span class='ocrx_word' id='word_1_187' title='bbox 1853 1319 1906 1373; x_wconf 90' lang='lat' dir='ltr'><strong>in</strong></span> <span class='ocrx_word' id='word_1_188' title='bbox 1934 1321 2115 1389; x_wconf 88' lang='lat' dir='ltr'><strong>priore</strong></span> <span class='ocrx_word' id='word_1_189' title='bbox 2141 1317 2453 1391; x_wconf 80' lang='lat' dir='ltr'><strong>testimonio</strong></span> <span class='ocrx_word' id='word_1_190' title='bbox 2475 1318 2705 1394; x_wconf 79' lang='lat' dir='ltr'><strong>appellat</strong></span> <span class='ocrx_word' id='word_1_191' title='bbox 2735 1316 2913 1372; x_wconf 87' lang='lat' dir='ltr'><strong>Plato.</strong></span> <span class='ocrx_word' id='word_1_192' title='bbox 2943 1316 3018 1378; x_wconf 80' lang='lat' dir='ltr'><strong>Eo</strong></span> <span class='ocrx_word' id='word_1_193' title='bbox 3043 1328 3225 1370; x_wconf 86' lang='lat' dir='ltr'><strong>autem</strong></span> <span class='ocrx_word' id='word_1_194' title='bbox 3253 1319 3433 1393; x_wconf 82' lang='lat' dir='ltr'><strong>minus</strong></span> 
     </span>
    </p>
   </div>
   <div class='ocr_carea' id='block_1_29' title="bbox 1851 1408 3436 1484">
    <p class='ocr_par' dir='ltr' id='par_1_29' title="bbox 1851 1408 3436 1484">
     <span class='ocr_line' id='line_1_30' title="bbox 1851 1408 3436 1484; baseline -0.001 -18"><span class='ocrx_word' id='word_1_195' title='bbox 1851 1409 2074 1467; x_wconf 86' lang='lat' dir='ltr'><strong>dubium</strong></span> <span class='ocrx_word' id='word_1_196' title='bbox 2108 1417 2214 1474; x_wconf 85' lang='lat' dir='ltr'><strong>est,</strong></span> <span class='ocrx_word' id='word_1_197' title='bbox 2247 1410 2376 1478; x_wconf 90' lang='lat' dir='ltr'><strong>quin</strong></span> <span class='ocrx_word' id='word_1_198' title='bbox 2408 1408 2564 1464; x_wconf 83' lang='lat' dir='ltr'><strong>Plato</strong></span> <span class='ocrx_word' id='word_1_199' title='bbox 2594 1410 2660 1464; x_wconf 91' lang='lat' dir='ltr'><strong>dc</strong></span> <span class='ocrx_word' id='word_1_200' title='bbox 2687 1409 2802 1464; x_wconf 88' lang='lat' dir='ltr'><strong>sola</strong></span> <span class='ocrx_word' id='word_1_201' title='bbox 2841 1408 2942 1478; x_wconf 91' lang='lat' dir='ltr'><strong>Dei</strong></span> <span class='ocrx_word' id='word_1_202' title='bbox 2975 1409 3308 1484; x_wconf 72' lang='lat' dir='ltr'><strong>cogitatione</strong></span> <span class='ocrx_word' id='word_1_203' title='bbox 3354 1408 3436 1464; x_wconf 92' lang='lat' dir='ltr'><strong>lo-</strong></span> 
     </span>
    </p>
   </div>
   <div class='ocr_carea' id='block_1_30' title="bbox 1852 1500 3436 1578">
    <p class='ocr_par' dir='ltr' id='par_1_30' title="bbox 1852 1500 3436 1578">
     <span class='ocr_line' id='line_1_31' title="bbox 1852 1500 3436 1578; baseline -0.003 -19"><span class='ocrx_word' id='word_1_204' title='bbox 1852 1503 2250 1574; x_wconf 22' lang='lat' dir='ltr'><strong>quatur,lquod</strong></span> <span class='ocrx_word' id='word_1_205' title='bbox 2283 1502 2337 1564; x_wconf 89' lang='lat' dir='ltr'><strong>in</strong></span> <span class='ocrx_word' id='word_1_206' title='bbox 2371 1514 2608 1571; x_wconf 90' lang='lat' dir='ltr'><strong>utroque</strong></span> <span class='ocrx_word' id='word_1_207' title='bbox 2657 1500 2777 1557; x_wconf 73' lang='lat' dir='ltr'><strong>loco</strong></span> <span class='ocrx_word' id='word_1_208' title='bbox 2825 1501 3158 1578; x_wconf 76' lang='lat' dir='ltr'><strong>singularem</strong></span> <span class='ocrx_word' id='word_1_209' title='bbox 3199 1500 3310 1557; x_wconf 89' lang='lat' dir='ltr'><strong>Deo</strong></span> <span class='ocrx_word' id='word_1_210' title='bbox 3338 1515 3436 1554; x_wconf 88' lang='lat' dir='ltr'><strong>co-</strong></span> 
     </span>
    </p>
   </div>
   <div class='ocr_carea' id='block_1_31' title="bbox 1851 1590 3437 1664">
    <p class='ocr_par' dir='ltr' id='par_1_31' title="bbox 1851 1590 3437 1664">
     <span class='ocr_line' id='line_1_32' title="bbox 1851 1590 3437 1664; baseline -0.001 -16"><span class='ocrx_word' id='word_1_211' title='bbox 1851 1594 2168 1664; x_wconf 81' lang='lat' dir='ltr'><strong>gitationem</strong></span> <span class='ocrx_word' id='word_1_212' title='bbox 2210 1601 2267 1648; x_wconf 90' lang='lat' dir='ltr'><strong>et</strong></span> <span class='ocrx_word' id='word_1_213' title='bbox 2311 1592 2784 1649; x_wconf 81' lang='lat' dir='ltr'><strong>ratiocinationem</strong></span> <span class='ocrx_word' id='word_1_214' title='bbox 2836 1593 3117 1648; x_wconf 84' lang='lat' dir='ltr'><strong>attribuat.</strong></span> <span class='ocrx_word' id='word_1_215' title='bbox 3160 1590 3217 1648; x_wconf 84' lang='lat' dir='ltr'><strong>In</strong></span> <span class='ocrx_word' id='word_1_216' title='bbox 3259 1591 3437 1662; x_wconf 88' lang='lat' dir='ltr'><strong>primo</strong></span> 
     </span>
    </p>
   </div>
   <div class='ocr_carea' id='block_1_32' title="bbox 1852 1682 3436 1753">
    <p class='ocr_par' dir='ltr' id='par_1_32' title="bbox 1852 1682 3436 1753">
     <span class='ocr_line' id='line_1_33' title="bbox 1852 1682 3436 1753; baseline -0.002 -14"><span class='ocrx_word' id='word_1_217' title='bbox 1852 1684 1996 1740; x_wconf 88' lang='lat' dir='ltr'><strong>enim</strong></span> <span class='ocrx_word' id='word_1_218' title='bbox 2057 1682 2136 1738; x_wconf 90' lang='lat' dir='ltr'><strong>ait</strong></span> <span class='ocrx_word' id='word_1_219' title='bbox 2203 1693 2418 1753; x_wconf 83' lang='lat' dir='ltr'><strong>tempus</strong></span> <span class='ocrx_word' id='word_1_220' title='bbox 2473 1682 2650 1738; x_wconf 87' lang='lat' dir='ltr'><strong>creari</strong></span> <span class='ocrx_word' id='word_1_221' title='bbox 2722 1683 3005 1747; x_wconf 81' lang='lat' dir='ltr'><strong>debuisse,</strong></span> <span class='ocrx_word' id='word_1_222' title='bbox 3059 1691 3118 1736; x_wconf 89' lang='lat' dir='ltr'><strong>ut</strong></span> <span class='ocrx_word' id='word_1_223' title='bbox 3174 1682 3436 1751; x_wconf 78' lang='lat' dir='ltr'><strong>quemad-</strong></span> 
     </span>
    </p>
   </div>
   <div class='ocr_carea' id='block_1_33' title="bbox 1851 1773 3438 1844">
    <p class='ocr_par' dir='ltr' id='par_1_33' title="bbox 1851 1773 3438 1844">
     <span class='ocr_line' id='line_1_34' title="bbox 1851 1773 3438 1844; baseline -0.003 -14"><span class='ocrx_word' id='word_1_224' title='bbox 1851 1773 2293 1844; x_wconf 80' lang='lat' dir='ltr'><strong>modummundi</strong></span> <span class='ocrx_word' id='word_1_225' title='bbox 2328 1773 2608 1844; x_wconf 72' lang='lat' dir='ltr'><strong>exemplar</strong></span> <span class='ocrx_word' id='word_1_226' title='bbox 2631 1781 2718 1842; x_wconf 68' lang='lat' dir='ltr'><strong>est</strong></span> <span class='ocrx_word' id='word_1_227' title='bbox 2759 1786 2860 1844; x_wconf 84' lang='lat' dir='ltr'><strong>per</strong></span> <span class='ocrx_word' id='word_1_228' title='bbox 2902 1786 3068 1827; x_wconf 88' lang='lat' dir='ltr'><strong>omne</strong></span> <span class='ocrx_word' id='word_1_229' title='bbox 3095 1777 3292 1838; x_wconf 76' lang='lat' dir='ltr'><strong>:ev&#39;utn,</strong></span> <span class='ocrx_word' id='word_1_230' title='bbox 3322 1773 3438 1827; x_wconf 83' lang='lat' dir='ltr'><strong>sive</strong></span> 
     </span>
    </p>
   </div>
   <div class='ocr_carea' id='block_1_34' title="bbox 234 1855 3439 1940">
    <p class='ocr_par' dir='ltr' id='par_1_34' title="bbox 234 1855 3439 1940">
     <span class='ocr_line' id='line_1_35' title="bbox 234 1855 3439 1940; baseline 0.001 -25"><span class='ocrx_word' id='word_1_231' title='bbox 234 1859 355 1916; x_wconf 79' lang='lat' dir='ltr'><strong>Non</strong></span> <span class='ocrx_word' id='word_1_232' title='bbox 390 1863 561 1918; x_wconf 76' lang='lat' dir='ltr'><strong>multo</strong></span> <span class='ocrx_word' id='word_1_233' title='bbox 593 1875 715 1935; x_wconf 85' lang='lat' dir='ltr'><strong>post</strong></span> <span class='ocrx_word' id='word_1_234' title='bbox 748 1873 870 1920; x_wconf 84' lang='lat' dir='ltr'><strong>idea</strong></span> <span class='ocrx_word' id='word_1_235' title='bbox 907 1875 1133 1922; x_wconf 78' lang='lat' dir='ltr'><strong>vocatur</strong></span> <span class='ocrx_word' id='word_1_236' title='bbox 1167 1868 1531 1940; x_wconf 88' lang='lat' dir='ltr'><strong>intelligibilis</strong></span> <span class='ocrx_word' id='word_1_237' title='bbox 1560 1885 1748 1926; x_wconf 85' lang='lat' dir='ltr'><strong>essen-</strong></span> <span class='ocrx_word' id='word_1_238' title='bbox 1778 1856 1821 1914; x_wconf 79' lang='grc' dir='ltr'>Β</span> <span class='ocrx_word' id='word_1_239' title='bbox 1852 1882 1962 1937; x_wconf 86' lang='lat' dir='ltr'><strong>per</strong></span> <span class='ocrx_word' id='word_1_240' title='bbox 1992 1881 2212 1923; x_wconf 88' lang='lat' dir='ltr'><strong>omnem</strong></span> <span class='ocrx_word' id='word_1_241' title='bbox 2271 1865 2644 1920; x_wconf 71' lang='lat' dir='ltr'><strong>aeternitatem</strong></span> <span class='ocrx_word' id='word_1_242' title='bbox 2672 1879 2689 1930; x_wconf 92' lang='lat'><strong>;</strong></span> <span class='ocrx_word' id='word_1_243' title='bbox 2747 1865 2819 1918; x_wconf 88' lang='lat' dir='ltr'><strong>ita</strong></span> <span class='ocrx_word' id='word_1_244' title='bbox 2877 1855 3296 1932; x_wconf 30' lang='lat' dir='ltr'><strong>mundus‘esset</strong></span> <span class='ocrx_word' id='word_1_245' title='bbox 3341 1879 3439 1933; x_wconf 91' lang='lat' dir='ltr'><strong>per</strong></span> 
     </span>
    </p>
   </div>
   <div class='ocr_carea' id='block_1_35' title="bbox 170 1955 1748 2036">
    <p class='ocr_par' dir='ltr' id='par_1_35' title="bbox 170 1955 1748 2036">
     <span class='ocr_line' id='line_1_36' title="bbox 170 1955 1748 2036; baseline 0.008 -30"><span class='ocrx_word' id='word_1_246' title='bbox 170 1955 258 2017; x_wconf 85' lang='lat' dir='ltr'><strong>tia,</strong></span> <span class='ocrx_word' id='word_1_247' title='bbox 301 1969 423 2024; x_wconf 69' lang='lat' dir='ltr'><strong>qua:</strong></span> <span class='ocrx_word' id='word_1_248' title='bbox 452 1961 636 2014; x_wconf 92' lang='lat' dir='ltr'><strong>omnia</strong></span> <span class='ocrx_word' id='word_1_249' title='bbox 665 1959 923 2015; x_wconf 77' lang='lat' dir='ltr'><strong>animalia</strong></span> <span class='ocrx_word' id='word_1_250' title='bbox 964 1960 1017 2014; x_wconf 94' lang='lat' dir='ltr'><strong>in</strong></span> <span class='ocrx_word' id='word_1_251' title='bbox 1048 1977 1108 2016; x_wconf 87' lang='lat' dir='ltr'><strong>se</strong></span> <span class='ocrx_word' id='word_1_252' title='bbox 1135 1962 1540 2031; x_wconf 77' lang='lat' dir='ltr'><strong>complectitur.</strong></span> <span class='ocrx_word' id='word_1_253' title='bbox 1587 1965 1748 2036; x_wconf 80' lang='grc' dir='ltr'><strong>Κρά-</strong></span> 
     </span>
    </p>
   </div>
   <div class='ocr_carea' id='block_1_36' title="bbox 167 2047 1752 2126">
    <p class='ocr_par' dir='ltr' id='par_1_36' title="bbox 167 2047 1752 2126">
     <span class='ocr_line' id='line_1_37' title="bbox 167 2047 1752 2126; baseline 0.007 -28"><span class='ocrx_word' id='word_1_254' title='bbox 167 2063 344 2110; x_wconf 77' lang='grc' dir='ltr'><strong>τιστος</strong></span> <span class='ocrx_word' id='word_1_255' title='bbox 371 2047 419 2100; x_wconf 78' lang='grc' dir='ltr'><strong>δ’</strong></span> <span class='ocrx_word' id='word_1_256' title='bbox 452 2049 567 2101; x_wconf 81' lang='grc' dir='ltr'><strong>ἐστὶ</strong></span> <span class='ocrx_word' id='word_1_257' title='bbox 595 2050 886 2116; x_wconf 87' lang='grc' dir='ltr'><strong>γεννατῶν,</strong></span> <span class='ocrx_word' id='word_1_258' title='bbox 917 2052 1039 2105; x_wconf 82' lang='grc' dir='ltr'><strong>ἐπεὶ</strong></span> <span class='ocrx_word' id='word_1_259' title='bbox 1059 2053 1166 2107; x_wconf 74' lang='grc' dir='ltr'><strong>ὑπὸ</strong></span> <span class='ocrx_word' id='word_1_260' title='bbox 1187 2052 1265 2106; x_wconf 84' lang='grc' dir='ltr'><strong>τῶ</strong></span> <span class='ocrx_word' id='word_1_261' title='bbox 1288 2055 1568 2126; x_wconf 73' lang='grc' dir='ltr'><strong>κρατίστω</strong></span> <span class='ocrx_word' id='word_1_262' title='bbox 1593 2055 1752 2109; x_wconf 76' lang='grc' dir='ltr'><strong>αἱτίω</strong></span> 
     </span>
    </p>
   </div>
   <div class='ocr_carea' id='block_1_37' title="bbox 165 2139 1748 2220">
    <p class='ocr_par' dir='ltr' id='par_1_37' title="bbox 165 2139 1748 2220">
     <span class='ocr_line' id='line_1_38' title="bbox 165 2139 1748 2220; baseline 0.008 -30"><span class='ocrx_word' id='word_1_263' title='bbox 165 2139 400 2206; x_wconf 77' lang='grc' dir='ltr'><strong>ἐγένετο,</strong></span> <span class='ocrx_word' id='word_1_264' title='bbox 415 2139 726 2211; x_wconf 71' lang='grc' dir='ltr'><strong>ἀφορῶντος</strong></span> <span class='ocrx_word' id='word_1_265' title='bbox 737 2143 838 2195; x_wconf 82' lang='grc' dir='ltr'><strong>οὐκ</strong></span> <span class='ocrx_word' id='word_1_266' title='bbox 857 2143 935 2206; x_wconf 78' lang='grc' dir='ltr'><strong>εἰς</strong></span> <span class='ocrx_word' id='word_1_267' title='bbox 954 2144 1291 2216; x_wconf 81' lang='grc' dir='ltr'><strong>χειρόκματα</strong></span> <span class='ocrx_word' id='word_1_268' title='bbox 1311 2147 1748 2220; x_wconf 81' lang='grc' dir='ltr'><strong>παραδείγματα,</strong></span> 
     </span>
    </p>
   </div>
   <div class='ocr_carea' id='block_1_38' title="bbox 164 2232 1753 2299">
    <p class='ocr_par' dir='ltr' id='par_1_38' title="bbox 164 2232 1753 2299">
     <span class='ocr_line' id='line_1_39' title="bbox 164 2232 1753 2299; baseline 0.009 -17"><span class='ocrx_word' id='word_1_269' title='bbox 164 2233 275 2286; x_wconf 74' lang='grc' dir='ltr'><strong>ἀλλ’</strong></span> <span class='ocrx_word' id='word_1_270' title='bbox 301 2233 384 2293; x_wconf 73' lang='grc' dir='ltr'><strong>εἰς</strong></span> <span class='ocrx_word' id='word_1_271' title='bbox 418 2232 518 2285; x_wconf 78' lang='grc' dir='ltr'><strong>τὰν</strong></span> <span class='ocrx_word' id='word_1_272' title='bbox 553 2233 696 2286; x_wconf 82' lang='grc' dir='ltr'><strong>ιδέαν</strong></span> <span class='ocrx_word' id='word_1_273' title='bbox 726 2235 819 2287; x_wconf 80' lang='grc' dir='ltr'><strong>καὶ</strong></span> <span class='ocrx_word' id='word_1_274' title='bbox 845 2237 903 2299; x_wconf 84' lang='grc' dir='ltr'><strong>ἐς</strong></span> <span class='ocrx_word' id='word_1_275' title='bbox 932 2235 1030 2290; x_wconf 85' lang='grc' dir='ltr'><strong>τὰν</strong></span> <span class='ocrx_word' id='word_1_276' title='bbox 1056 2238 1256 2294; x_wconf 79' lang='grc' dir='ltr'><strong>νοατὰν</strong></span> <span class='ocrx_word' id='word_1_277' title='bbox 1289 2238 1476 2299; x_wconf 81' lang='grc' dir='ltr'><strong>οὐσίαν</strong></span> <span class='ocrx_word' id='word_1_278' title='bbox 1495 2258 1509 2270; x_wconf 81' lang='lat'><strong>&#39;</strong></span> <span class='ocrx_word' id='word_1_279' title='bbox 1542 2241 1660 2295; x_wconf 84' lang='grc' dir='ltr'><strong>ποθ’</strong></span> <span class='ocrx_word' id='word_1_280' title='bbox 1684 2243 1753 2297; x_wconf 77' lang='grc' dir='ltr'><strong>ἄν</strong></span> 
     </span>
    </p>
   </div>
   <div class='ocr_carea' id='block_1_39' title="bbox 164 2322 1753 2398">
    <p class='ocr_par' dir='ltr' id='par_1_39' title="bbox 164 2322 1753 2398">
     <span class='ocr_line' id='line_1_40' title="bbox 164 2322 1753 2398; baseline 0.004 -21"><span class='ocrx_word' id='word_1_281' title='bbox 164 2342 268 2395; x_wconf 80' lang='grc' dir='ltr'><strong>περ</strong></span> <span class='ocrx_word' id='word_1_282' title='bbox 313 2325 374 2376; x_wconf 76' lang='grc' dir='ltr'><strong>τὸ</strong></span> <span class='ocrx_word' id='word_1_283' title='bbox 423 2322 763 2395; x_wconf 68' lang='grc' dir='ltr'><strong>γεννώμενον</strong></span> <span class='ocrx_word' id='word_1_284' title='bbox 799 2325 1183 2398; x_wconf 79' lang='grc' dir='ltr'><strong>ὰπακριϐωθὲν</strong></span> <span class='ocrx_word' id='word_1_285' title='bbox 1234 2328 1516 2385; x_wconf 80' lang='grc' dir='ltr'><strong>κάλλιστόν</strong></span> <span class='ocrx_word' id='word_1_286' title='bbox 1549 2349 1610 2385; x_wconf 88' lang='grc' dir='ltr'><strong>τε</strong></span> <span class='ocrx_word' id='word_1_287' title='bbox 1656 2332 1753 2386; x_wconf 82' lang='grc' dir='ltr'><strong>καὶ</strong></span> 
     </span>
    </p>
   </div>
   <div class='ocr_carea' id='block_1_40' title="bbox 161 2418 1751 2489">
    <p class='ocr_par' dir='ltr' id='par_1_40' title="bbox 161 2418 1751 2489">
     <span class='ocr_line' id='line_1_41' title="bbox 161 2418 1751 2489; baseline 0.006 -19"><span class='ocrx_word' id='word_1_288' title='bbox 161 2418 636 2489; x_wconf 67' lang='grc' dir='ltr'><strong>ἀπαρεγχείρητον</strong></span> <span class='ocrx_word' id='word_1_289' title='bbox 680 2418 944 2486; x_wconf 83' lang='grc' dir='ltr'><strong>γίγνεται.</strong></span> <span class='ocrx_word' id='word_1_290' title='bbox 993 2419 1208 2484; x_wconf 82' lang='grc' dir='ltr'><strong>Τέλειος</strong></span> <span class='ocrx_word' id='word_1_291' title='bbox 1255 2422 1301 2474; x_wconf 80' lang='grc' dir='ltr'><strong>δ’</strong></span> <span class='ocrx_word' id='word_1_292' title='bbox 1338 2422 1426 2476; x_wconf 85' lang='grc' dir='ltr'><strong>ἀεὶ</strong></span> <span class='ocrx_word' id='word_1_293' title='bbox 1479 2423 1622 2480; x_wconf 79' lang='grc' dir='ltr'><strong>κατὰ</strong></span> <span class='ocrx_word' id='word_1_294' title='bbox 1682 2423 1751 2479; x_wconf 80' lang='grc' dir='ltr'><strong>τὰ</strong></span> 
     </span>
    </p>
   </div>
   <div class='ocr_carea' id='block_1_41' title="bbox 162 2510 1753 2587">
    <p class='ocr_par' dir='ltr' id='par_1_41' title="bbox 162 2510 1753 2587">
     <span class='ocr_line' id='line_1_42' title="bbox 162 2510 1753 2587; baseline 0.004 -22"><span class='ocrx_word' id='word_1_295' title='bbox 162 2514 399 2583; x_wconf 66' lang='lat' dir='ltr'><strong>ala-Gch</strong></span> <span class='ocrx_word' id='word_1_296' title='bbox 447 2517 614 2575; x_wconf 86' lang='grc' dir='ltr'><strong>ἐστιν,</strong></span> <span class='ocrx_word' id='word_1_297' title='bbox 656 2513 739 2565; x_wconf 82' lang='grc' dir='ltr'><strong>ὅτι</strong></span> <span class='ocrx_word' id='word_1_298' title='bbox 774 2513 957 2566; x_wconf 78' lang='grc' dir='ltr'><strong>καὶτὸ</strong></span> <span class='ocrx_word' id='word_1_299' title='bbox 1007 2515 1359 2586; x_wconf 76' lang='grc' dir='ltr'><strong>παράδειγμα</strong></span> <span class='ocrx_word' id='word_1_300' title='bbox 1409 2517 1542 2587; x_wconf 81' lang='grc' dir='ltr'><strong>τῆνο</strong></span> <span class='ocrx_word' id='word_1_301' title='bbox 1585 2510 1753 2571; x_wconf 71' lang='grc' dir='ltr'><strong>αὑτοῦ</strong></span> 
     </span>
    </p>
   </div>
   <div class='ocr_carea' id='block_1_42' title="bbox 161 2603 1752 2677">
    <p class='ocr_par' dir='ltr' id='par_1_42' title="bbox 161 2603 1752 2677">
     <span class='ocr_line' id='line_1_43' title="bbox 161 2603 1752 2677; baseline 0.005 -21"><span class='ocrx_word' id='word_1_302' title='bbox 161 2605 416 2675; x_wconf 70' lang='grc' dir='ltr'><strong>περιέχον</strong></span> <span class='ocrx_word' id='word_1_303' title='bbox 448 2604 627 2657; x_wconf 80' lang='grc' dir='ltr'><strong>πάντα</strong></span> <span class='ocrx_word' id='word_1_304' title='bbox 663 2603 731 2657; x_wconf 71' lang='grc' dir='ltr'><strong>τὰ</strong></span> <span class='ocrx_word' id='word_1_305' title='bbox 760 2605 924 2658; x_wconf 57' lang='lat' dir='ltr'><strong>vostra</strong></span> <span class='ocrx_word' id='word_1_306' title='bbox 952 2605 1078 2671; x_wconf 70' lang='grc' dir='ltr'><strong>ζῶαε</strong></span> <span class='ocrx_word' id='word_1_307' title='bbox 1110 2609 1169 2660; x_wconf 82' lang='grc' dir='ltr'><strong>ὲν</strong></span> <span class='ocrx_word' id='word_1_308' title='bbox 1197 2606 1363 2677; x_wconf 81' lang='grc' dir='ltr'><strong>αὐτῷ,</strong></span> <span class='ocrx_word' id='word_1_309' title='bbox 1399 2607 1551 2662; x_wconf 83' lang='grc' dir='ltr'><strong>οὐδὲν</strong></span> <span class='ocrx_word' id='word_1_310' title='bbox 1593 2609 1752 2670; x_wconf 78' lang='grc' dir='ltr'><strong>ἐκτὸς</strong></span> 
     </span>
    </p>
   </div>
   <div class='ocr_carea' id='block_1_43' title="bbox 159 2687 1752 2773">
    <p class='ocr_par' dir='ltr' id='par_1_43' title="bbox 159 2687 1752 2773">
     <span class='ocr_line' id='line_1_44' title="bbox 159 2687 1752 2773; baseline 0.005 -26"><span class='ocrx_word' id='word_1_311' title='bbox 159 2697 430 2749; x_wconf 74' lang='grc' dir='ltr'><strong>ἀπέλιπεν</strong></span> <span class='ocrx_word' id='word_1_312' title='bbox 467 2697 614 2761; x_wconf 74' lang='grc' dir='ltr'><strong>ἄλλο,</strong></span> <span class='ocrx_word' id='word_1_313' title='bbox 656 2687 781 2770; x_wconf 79' lang='grc' dir='ltr'><strong>ὅρος</strong></span> <span class='ocrx_word' id='word_1_314' title='bbox 807 2699 882 2753; x_wconf 82' lang='grc' dir='ltr'><strong>ὢν</strong></span> <span class='ocrx_word' id='word_1_315' title='bbox 913 2699 1116 2754; x_wconf 87' lang='grc' dir='ltr'><strong>νοατῶν</strong></span> <span class='ocrx_word' id='word_1_316' title='bbox 1148 2700 1434 2773; x_wconf 81' lang='grc' dir='ltr'><strong>παντελὴς,</strong></span> <span class='ocrx_word' id='word_1_317' title='bbox 1467 2700 1546 2765; x_wconf 76' lang='grc' dir='ltr'><strong>ὡς</strong></span> <span class='ocrx_word' id='word_1_318' title='bbox 1599 2701 1685 2754; x_wconf 81' lang='grc' dir='ltr'><strong>ὅδε</strong></span> <span class='ocrx_word' id='word_1_319' title='bbox 1721 2701 1752 2754; x_wconf 80' lang='grc' dir='ltr'><strong>ὁ</strong></span> 
     </span>
    </p>
   </div>
   <div class='ocr_carea' id='block_1_44' title="bbox 161 2789 1752 2862">
    <p class='ocr_par' dir='ltr' id='par_1_44' title="bbox 161 2789 1752 2862">
     <span class='ocr_line' id='line_1_45' title="bbox 161 2789 1752 2862; baseline 0.004 -21"><span class='ocrx_word' id='word_1_320' title='bbox 161 2789 369 2859; x_wconf 63' lang='grc' dir='ltr'><strong>κόσμος</strong></span> <span class='ocrx_word' id='word_1_321' title='bbox 429 2790 727 2862; x_wconf 72' lang='grc' dir='ltr'><strong>αἰσθητῶν.</strong></span> <span class='ocrx_word' id='word_1_322' title='bbox 787 2791 1089 2861; x_wconf 66' lang='lat' dir='ltr'><strong>«Optimus</strong></span> <span class='ocrx_word' id='word_1_323' title='bbox 1144 2801 1322 2846; x_wconf 86' lang='lat' dir='ltr'><strong>autem</strong></span> <span class='ocrx_word' id='word_1_324' title='bbox 1380 2801 1464 2847; x_wconf 87' lang='lat' dir='ltr'><strong>est</strong></span> <span class='ocrx_word' id='word_1_325' title='bbox 1517 2791 1752 2852; x_wconf 83' lang='lat' dir='ltr'><strong>mundus</strong></span> 
     </span>
    </p>
   </div>
   <div class='ocr_carea' id='block_1_45' title="bbox 159 2883 1750 2954">
    <p class='ocr_par' dir='ltr' id='par_1_45' title="bbox 159 2883 1750 2954">
     <span class='ocr_line' id='line_1_46' title="bbox 159 2883 1750 2954; baseline 0.003 -23"><span class='ocrx_word' id='word_1_326' title='bbox 159 2883 410 2934; x_wconf 87' lang='lat' dir='ltr'><strong>omnium</strong></span> <span class='ocrx_word' id='word_1_327' title='bbox 470 2898 652 2936; x_wconf 89' lang='lat' dir='ltr'><strong>rerum</strong></span> <span class='ocrx_word' id='word_1_328' title='bbox 707 2883 1050 2954; x_wconf 84' lang='lat' dir='ltr'><strong>genitarum,</strong></span> <span class='ocrx_word' id='word_1_329' title='bbox 1101 2883 1369 2953; x_wconf 87' lang='lat' dir='ltr'><strong>siquidem</strong></span> <span class='ocrx_word' id='word_1_330' title='bbox 1415 2885 1483 2939; x_wconf 85' lang='lat' dir='ltr'><strong>ab</strong></span> <span class='ocrx_word' id='word_1_331' title='bbox 1543 2883 1750 2950; x_wconf 86' lang='lat' dir='ltr'><strong>optima</strong></span> 
     </span>
    </p>
   </div>
   <div class='ocr_carea' id='block_1_46' title="bbox 159 2975 1753 3046">
    <p class='ocr_par' dir='ltr' id='par_1_46' title="bbox 159 2975 1753 3046">
     <span class='ocr_line' id='line_1_47' title="bbox 159 2975 1753 3046; baseline -0.001 -16"><span class='ocrx_word' id='word_1_332' title='bbox 159 2991 328 3030; x_wconf 81' lang='lat' dir='ltr'><strong>causa</strong></span> <span class='ocrx_word' id='word_1_333' title='bbox 374 2975 555 3030; x_wconf 86' lang='lat' dir='ltr'><strong>factus</strong></span> <span class='ocrx_word' id='word_1_334' title='bbox 586 2986 709 3043; x_wconf 87' lang='lat' dir='ltr'><strong>est,</strong></span> <span class='ocrx_word' id='word_1_335' title='bbox 757 2991 864 3031; x_wconf 88' lang='lat' dir='ltr'><strong>non</strong></span> <span class='ocrx_word' id='word_1_336' title='bbox 899 2992 1064 3032; x_wconf 86' lang='lat' dir='ltr'><strong>manu</strong></span> <span class='ocrx_word' id='word_1_337' title='bbox 1113 2977 1256 3031; x_wconf 83' lang='lat' dir='ltr'><strong>facta</strong></span> <span class='ocrx_word' id='word_1_338' title='bbox 1305 2977 1633 3046; x_wconf 80' lang='lat' dir='ltr'><strong>exemplaria</strong></span> <span class='ocrx_word' id='word_1_339' title='bbox 1669 2978 1753 3031; x_wconf 84' lang='lat' dir='ltr'><strong>in-</strong></span> 
     </span>
    </p>
   </div>
   <div class='ocr_carea' id='block_1_47' title="bbox 163 3067 1750 3140">
    <p class='ocr_par' dir='ltr' id='par_1_47' title="bbox 163 3067 1750 3140">
     <span class='ocr_line' id='line_1_48' title="bbox 163 3067 1750 3140; baseline 0 -20"><span class='ocrx_word' id='word_1_340' title='bbox 163 3077 372 3134; x_wconf 82' lang='lat' dir='ltr'><strong>tuente,</strong></span> <span class='ocrx_word' id='word_1_341' title='bbox 418 3070 511 3124; x_wconf 87' lang='lat' dir='ltr'><strong>sed</strong></span> <span class='ocrx_word' id='word_1_342' title='bbox 559 3069 735 3124; x_wconf 90' lang='lat' dir='ltr'><strong>ideam</strong></span> <span class='ocrx_word' id='word_1_343' title='bbox 776 3080 833 3125; x_wconf 91' lang='lat' dir='ltr'><strong>et</strong></span> <span class='ocrx_word' id='word_1_344' title='bbox 875 3068 1274 3140; x_wconf 86' lang='lat' dir='ltr'><strong>intelligibilem</strong></span> <span class='ocrx_word' id='word_1_345' title='bbox 1311 3069 1641 3132; x_wconf 86' lang='lat' dir='ltr'><strong>essentiam,</strong></span> <span class='ocrx_word' id='word_1_346' title='bbox 1681 3067 1750 3121; x_wconf 89' lang='lat' dir='ltr'><strong>ad</strong></span> 
     </span>
    </p>
   </div>
   <div class='ocr_carea' id='block_1_48' title="bbox 161 3160 1750 3233">
    <p class='ocr_par' dir='ltr' id='par_1_48' title="bbox 161 3160 1750 3233">
     <span class='ocr_line' id='line_1_49' title="bbox 161 3160 1750 3233; baseline -0.001 -20"><span class='ocrx_word' id='word_1_347' title='bbox 161 3176 326 3228; x_wconf 80' lang='lat' dir='ltr'><strong>quam</strong></span> <span class='ocrx_word' id='word_1_348' title='bbox 363 3173 624 3216; x_wconf 78' lang='lat' dir='ltr'><strong>accurate</strong></span> <span class='ocrx_word' id='word_1_349' title='bbox 658 3177 976 3233; x_wconf 84' lang='lat' dir='ltr'><strong>expressum</strong></span> <span class='ocrx_word' id='word_1_350' title='bbox 1009 3162 1060 3216; x_wconf 93' lang='lat' dir='ltr'><strong>id</strong></span> <span class='ocrx_word' id='word_1_351' title='bbox 1093 3162 1238 3231; x_wconf 88' lang='lat' dir='ltr'><strong>quod</strong></span> <span class='ocrx_word' id='word_1_352' title='bbox 1271 3161 1455 3225; x_wconf 83' lang='lat' dir='ltr'><strong>fiebat,</strong></span> <span class='ocrx_word' id='word_1_353' title='bbox 1498 3160 1750 3228; x_wconf 75' lang='lat' dir='ltr'><strong>pulcher-</strong></span> 
     </span>
    </p>
   </div>
   <div class='ocr_carea' id='block_1_49' title="bbox 163 3250 1748 3322">
    <p class='ocr_par' dir='ltr' id='par_1_49' title="bbox 163 3250 1748 3322">
     <span class='ocr_line' id='line_1_50' title="bbox 163 3250 1748 3322; baseline -0.001 -18"><span class='ocrx_word' id='word_1_354' title='bbox 163 3252 358 3305; x_wconf 84' lang='lat' dir='ltr'><strong>rimum</strong></span> <span class='ocrx_word' id='word_1_355' title='bbox 391 3262 476 3305; x_wconf 79' lang='lat' dir='ltr'><strong>est</strong></span> <span class='ocrx_word' id='word_1_356' title='bbox 515 3260 571 3305; x_wconf 91' lang='lat' dir='ltr'><strong>et</strong></span> <span class='ocrx_word' id='word_1_357' title='bbox 604 3251 1036 3322; x_wconf 77' lang='lat' dir='ltr'><strong>inexpugnabile.</strong></span> <span class='ocrx_word' id='word_1_358' title='bbox 1076 3250 1356 3308; x_wconf 82' lang='lat' dir='ltr'><strong>Perfectus</strong></span> <span class='ocrx_word' id='word_1_359' title='bbox 1391 3261 1574 3306; x_wconf 89' lang='lat' dir='ltr'><strong>autem</strong></span> <span class='ocrx_word' id='word_1_360' title='bbox 1604 3265 1748 3305; x_wconf 86' lang='lat' dir='ltr'><strong>sem-</strong></span> 
     </span>
    </p>
   </div>
   <div class='ocr_carea' id='block_1_50' title="bbox 165 3342 1747 3414">
    <p class='ocr_par' dir='ltr' id='par_1_50' title="bbox 165 3342 1747 3414">
     <span class='ocr_line' id='line_1_51' title="bbox 165 3342 1747 3414; baseline 0 -16"><span class='ocrx_word' id='word_1_361' title='bbox 165 3359 260 3408; x_wconf 83' lang='lat' dir='ltr'><strong>per</strong></span> <span class='ocrx_word' id='word_1_362' title='bbox 286 3353 373 3398; x_wconf 89' lang='lat' dir='ltr'><strong>est</strong></span> <span class='ocrx_word' id='word_1_363' title='bbox 404 3344 458 3397; x_wconf 92' lang='lat' dir='ltr'><strong>in</strong></span> <span class='ocrx_word' id='word_1_364' title='bbox 505 3346 668 3398; x_wconf 83' lang='lat' dir='ltr'><strong>rebus</strong></span> <span class='ocrx_word' id='word_1_365' title='bbox 716 3343 1048 3399; x_wconf 81' lang='lat' dir='ltr'><strong>sensilibus:</strong></span> <span class='ocrx_word' id='word_1_366' title='bbox 1083 3353 1367 3414; x_wconf 79' lang='lat' dir='ltr'><strong>prapterea</strong></span> <span class='ocrx_word' id='word_1_367' title='bbox 1417 3343 1562 3412; x_wconf 89' lang='lat' dir='ltr'><strong>quod</strong></span> <span class='ocrx_word' id='word_1_368' title='bbox 1599 3342 1747 3398; x_wconf 87' lang='lat' dir='ltr'><strong>illius</strong></span> 
     </span>
    </p>
   </div>
   <div class='ocr_carea' id='block_1_51' title="bbox 164 3433 1746 3506">
    <p class='ocr_par' dir='ltr' id='par_1_51' title="bbox 164 3433 1746 3506">
     <span class='ocr_line' id='line_1_52' title="bbox 164 3433 1746 3506; baseline 0.004 -21"><span class='ocrx_word' id='word_1_369' title='bbox 164 3435 480 3503; x_wconf 77' lang='lat' dir='ltr'><strong>exemplar,</strong></span> <span class='ocrx_word' id='word_1_370' title='bbox 521 3435 662 3504; x_wconf 87' lang='lat' dir='ltr'><strong>quod</strong></span> <span class='ocrx_word' id='word_1_371' title='bbox 713 3436 896 3490; x_wconf 87' lang='lat' dir='ltr'><strong>omnia</strong></span> <span class='ocrx_word' id='word_1_372' title='bbox 959 3435 1320 3506; x_wconf 86' lang='lat' dir='ltr'><strong>intelligibilia</strong></span> <span class='ocrx_word' id='word_1_373' title='bbox 1376 3433 1634 3489; x_wconf 83' lang='lat' dir='ltr'><strong>animalia</strong></span> <span class='ocrx_word' id='word_1_374' title='bbox 1691 3435 1746 3491; x_wconf 88' lang='lat' dir='ltr'><strong>in</strong></span> 
     </span>
    </p>
   </div>
   <div class='ocr_carea' id='block_1_52' title="bbox 167 3527 1742 3598">
    <p class='ocr_par' dir='ltr' id='par_1_52' title="bbox 167 3527 1742 3598">
     <span class='ocr_line' id='line_1_53' title="bbox 167 3527 1742 3598; baseline 0 -16"><span class='ocrx_word' id='word_1_375' title='bbox 167 3528 349 3597; x_wconf 86' lang='lat' dir='ltr'><strong>seipso</strong></span> <span class='ocrx_word' id='word_1_376' title='bbox 399 3529 821 3597; x_wconf 87' lang='lat' dir='ltr'><strong>complectitur,</strong></span> <span class='ocrx_word' id='word_1_377' title='bbox 875 3529 1009 3583; x_wconf 82' lang='lat' dir='ltr'><strong>nihil</strong></span> <span class='ocrx_word' id='word_1_378' title='bbox 1072 3537 1224 3583; x_wconf 81' lang='lat' dir='ltr'><strong>extra</strong></span> <span class='ocrx_word' id='word_1_379' title='bbox 1279 3527 1504 3598; x_wconf 85' lang='lat' dir='ltr'><strong>reliquit</strong></span> <span class='ocrx_word' id='word_1_380' title='bbox 1551 3528 1742 3593; x_wconf 83' lang='lat' dir='ltr'><strong>aliud;</strong></span> 
     </span>
    </p>
   </div>
   <div class='ocr_carea' id='block_1_53' title="bbox 166 3620 1744 3693">
    <p class='ocr_par' dir='ltr' id='par_1_53' title="bbox 166 3620 1744 3693">
     <span class='ocr_line' id='line_1_54' title="bbox 166 3620 1744 3693; baseline -0.001 -17"><span class='ocrx_word' id='word_1_381' title='bbox 166 3624 365 3693; x_wconf 84' lang='lat' dir='ltr'><strong>quippe</strong></span> <span class='ocrx_word' id='word_1_382' title='bbox 400 3638 524 3677; x_wconf 91' lang='lat' dir='ltr'><strong>cum</strong></span> <span class='ocrx_word' id='word_1_383' title='bbox 566 3622 988 3692; x_wconf 83' lang='lat' dir='ltr'><strong>intelligibilium</strong></span> <span class='ocrx_word' id='word_1_384' title='bbox 1033 3621 1310 3691; x_wconf 87' lang='lat' dir='ltr'><strong>perfectus</strong></span> <span class='ocrx_word' id='word_1_385' title='bbox 1347 3620 1418 3675; x_wconf 85' lang='lat' dir='ltr'><strong>sit</strong></span> <span class='ocrx_word' id='word_1_386' title='bbox 1458 3621 1744 3687; x_wconf 84' lang='lat' dir='ltr'><strong>terminus,</strong></span> 
     </span>
    </p>
   </div>
   <div class='ocr_carea' id='block_1_54' title="bbox 167 3709 1763 3781">
    <p class='ocr_par' dir='ltr' id='par_1_54' title="bbox 167 3709 1763 3781">
     <span class='ocr_line' id='line_1_55' title="bbox 167 3709 1763 3781; baseline -0.003 -13"><span class='ocrx_word' id='word_1_387' title='bbox 167 3716 626 3781; x_wconf 76' lang='lat' dir='ltr'><strong>quemadmodum</strong></span> <span class='ocrx_word' id='word_1_388' title='bbox 655 3711 743 3766; x_wconf 86' lang='lat' dir='ltr'><strong>hic</strong></span> <span class='ocrx_word' id='word_1_389' title='bbox 772 3712 1002 3766; x_wconf 89' lang='lat' dir='ltr'><strong>mundus</strong></span> <span class='ocrx_word' id='word_1_390' title='bbox 1033 3712 1337 3766; x_wconf 89' lang='lat' dir='ltr'><strong>sensilium.</strong></span> <span class='ocrx_word' id='word_1_391' title='bbox 1358 3730 1378 3763; x_wconf 72' lang='grc' dir='ltr'><strong>ι</strong></span> <span class='ocrx_word' id='word_1_392' title='bbox 1424 3709 1569 3765; x_wconf 80' lang='lat' dir='ltr'><strong>Nihil</strong></span> <span class='ocrx_word' id='word_1_393' title='bbox 1598 3711 1763 3772; x_wconf 61' lang='lat' dir='ltr'><strong>aliud;</strong></span> 
     </span>
    </p>
   </div>
   <div class='ocr_carea' id='block_1_55' title="bbox 169 3803 1749 3874">
    <p class='ocr_par' dir='ltr' id='par_1_55' title="bbox 169 3803 1749 3874">
     <span class='ocr_line' id='line_1_56' title="bbox 169 3803 1749 3874; baseline -0.002 -15"><span class='ocrx_word' id='word_1_394' title='bbox 169 3806 327 3874; x_wconf 78' lang='lat' dir='ltr'><strong>igitur</strong></span> <span class='ocrx_word' id='word_1_395' title='bbox 354 3815 438 3858; x_wconf 85' lang='lat' dir='ltr'><strong>est</strong></span> <span class='ocrx_word' id='word_1_396' title='bbox 475 3805 616 3869; x_wconf 87' lang='lat' dir='ltr'><strong>idea,</strong></span> <span class='ocrx_word' id='word_1_397' title='bbox 659 3804 862 3858; x_wconf 71' lang='lat' dir='ltr'><strong>Timaeo</strong></span> <span class='ocrx_word' id='word_1_398' title='bbox 886 3803 1089 3873; x_wconf 76' lang='lat' dir='ltr'><strong>judice,</strong></span> <span class='ocrx_word' id='word_1_399' title='bbox 1121 3819 1282 3874; x_wconf 89' lang='lat' dir='ltr'><strong>quam</strong></span> <span class='ocrx_word' id='word_1_400' title='bbox 1314 3803 1549 3858; x_wconf 80' lang='lat' dir='ltr'><strong>essentia</strong></span> <span class='ocrx_word' id='word_1_401' title='bbox 1586 3803 1749 3859; x_wconf 88' lang='lat' dir='ltr'><strong>intel-</strong></span> 
     </span>
    </p>
   </div>
   <div class='ocr_carea' id='block_1_56' title="bbox 170 3897 1748 3967">
    <p class='ocr_par' dir='ltr' id='par_1_56' title="bbox 170 3897 1748 3967">
     <span class='ocr_line' id='line_1_57' title="bbox 170 3897 1748 3967; baseline 0.001 -18"><span class='ocrx_word' id='word_1_402' title='bbox 170 3897 413 3967; x_wconf 78' lang='lat' dir='ltr'><strong>ligibilis,</strong></span> <span class='ocrx_word' id='word_1_403' title='bbox 440 3912 561 3964; x_wconf 74' lang='lat' dir='ltr'><strong>qua:</strong></span> <span class='ocrx_word' id='word_1_404' title='bbox 595 3898 773 3950; x_wconf 87' lang='lat' dir='ltr'><strong>omnia</strong></span> <span class='ocrx_word' id='word_1_405' title='bbox 805 3897 1208 3965; x_wconf 86' lang='lat' dir='ltr'><strong>complectitur,</strong></span> <span class='ocrx_word' id='word_1_406' title='bbox 1243 3912 1343 3952; x_wconf 92' lang='lat' dir='ltr'><strong>nec</strong></span> <span class='ocrx_word' id='word_1_407' title='bbox 1373 3897 1533 3954; x_wconf 86' lang='lat' dir='ltr'><strong>otiosi</strong></span> <span class='ocrx_word' id='word_1_408' title='bbox 1561 3912 1748 3950; x_wconf 87' lang='lat' dir='ltr'><strong>exem-</strong></span> 
     </span>
    </p>
   </div>
   <div class='ocr_carea' id='block_1_57' title="bbox 173 3986 1748 4060">
    <p class='ocr_par' dir='ltr' id='par_1_57' title="bbox 173 3986 1748 4060">
     <span class='ocr_line' id='line_1_58' title="bbox 173 3986 1748 4060; baseline -0.001 -19"><span class='ocrx_word' id='word_1_409' title='bbox 173 3991 339 4057; x_wconf 80' lang='lat' dir='ltr'><strong>plaris</strong></span> <span class='ocrx_word' id='word_1_410' title='bbox 370 3999 554 4060; x_wconf 83' lang='lat' dir='ltr'><strong>partes</strong></span> <span class='ocrx_word' id='word_1_411' title='bbox 582 3990 816 4043; x_wconf 87' lang='lat' dir='ltr'><strong>sustinet</strong></span> <span class='ocrx_word' id='word_1_412' title='bbox 840 3990 891 4041; x_wconf 85' lang='lat' dir='ltr'><strong>in</strong></span> <span class='ocrx_word' id='word_1_413' title='bbox 930 3988 1134 4044; x_wconf 90' lang='lat' dir='ltr'><strong>mundo</strong></span> <span class='ocrx_word' id='word_1_414' title='bbox 1161 3988 1422 4054; x_wconf 85' lang='lat' dir='ltr'><strong>creando,</strong></span> <span class='ocrx_word' id='word_1_415' title='bbox 1451 3986 1748 4042; x_wconf 86' lang='lat' dir='ltr'><strong>sedmntris</strong></span> 
     </span>
    </p>
   </div>
   <div class='ocr_carea' id='block_1_58' title="bbox 172 4082 1005 4151">
    <p class='ocr_par' dir='ltr' id='par_1_58' title="bbox 172 4082 1005 4151">
     <span class='ocr_line' id='line_1_59' title="bbox 172 4082 1005 4151; baseline 0 -14"><span class='ocrx_word' id='word_1_416' title='bbox 172 4095 225 4137; x_wconf 91' lang='lat' dir='ltr'><strong>et</strong></span> <span class='ocrx_word' id='word_1_417' title='bbox 256 4084 449 4151; x_wconf 82' lang='lat' dir='ltr'><strong>patris,</strong></span> <span class='ocrx_word' id='word_1_418' title='bbox 478 4091 663 4149; x_wconf 88' lang='lat' dir='ltr'><strong>utpote</strong></span> <span class='ocrx_word' id='word_1_419' title='bbox 695 4083 813 4150; x_wconf 88' lang='lat' dir='ltr'><strong>ipse</strong></span> <span class='ocrx_word' id='word_1_420' title='bbox 845 4082 1005 4137; x_wconf 81' lang='lat' dir='ltr'><strong>Deus.</strong></span> 
     </span>
    </p>
   </div>
   <div class='ocr_carea' id='block_1_59' title="bbox 242 4171 1746 4239">
    <p class='ocr_par' dir='ltr' id='par_1_59' title="bbox 242 4171 1746 4239">
     <span class='ocr_line' id='line_1_60' title="bbox 242 4171 1746 4239; baseline -0.001 -12"><span class='ocrx_word' id='word_1_421' title='bbox 242 4173 309 4231; x_wconf 92' lang='lat' dir='ltr'><strong>ll.</strong></span> <span class='ocrx_word' id='word_1_422' title='bbox 349 4174 520 4229; x_wconf 82' lang='lat' dir='ltr'><strong>Totus</strong></span> <span class='ocrx_word' id='word_1_423' title='bbox 553 4172 792 4228; x_wconf 83' lang='lat' dir='ltr'><strong>Platonis</strong></span> <span class='ocrx_word' id='word_1_424' title='bbox 837 4171 1069 4227; x_wconf 73' lang='lat' dir='ltr'><strong>Timwna</strong></span> <span class='ocrx_word' id='word_1_425' title='bbox 1125 4172 1260 4226; x_wconf 82' lang='lat' dir='ltr'><strong>nihil</strong></span> <span class='ocrx_word' id='word_1_426' title='bbox 1299 4171 1441 4226; x_wconf 92' lang='lat' dir='ltr'><strong>aliud</strong></span> <span class='ocrx_word' id='word_1_427' title='bbox 1483 4171 1597 4227; x_wconf 88' lang='lat' dir='ltr'><strong>fere</strong></span> <span class='ocrx_word' id='word_1_428' title='bbox 1635 4182 1746 4239; x_wconf 89' lang='lat' dir='ltr'><strong>est,</strong></span> 
     </span>
    </p>
   </div>
   <div class='ocr_carea' id='block_1_60' title="bbox 175 4264 1745 4335">
    <p class='ocr_par' dir='ltr' id='par_1_60' title="bbox 175 4264 1745 4335">
     <span class='ocr_line' id='line_1_61' title="bbox 175 4264 1745 4335; baseline 0 -17"><span class='ocrx_word' id='word_1_429' title='bbox 175 4283 335 4335; x_wconf 82' lang='lat' dir='ltr'><strong>quam</strong></span> <span class='ocrx_word' id='word_1_430' title='bbox 372 4265 634 4334; x_wconf 76' lang='lat' dir='ltr'><strong>prolixior</strong></span> <span class='ocrx_word' id='word_1_431' title='bbox 683 4266 946 4334; x_wconf 82' lang='lat' dir='ltr'><strong>expositio</strong></span> <span class='ocrx_word' id='word_1_432' title='bbox 998 4264 1157 4333; x_wconf 84' lang='lat' dir='ltr'><strong>hujus</strong></span> <span class='ocrx_word' id='word_1_433' title='bbox 1206 4265 1392 4318; x_wconf 71' lang='lat' dir='ltr'><strong>Timaei</strong></span> <span class='ocrx_word' id='word_1_434' title='bbox 1442 4264 1603 4319; x_wconf 88' lang='lat' dir='ltr'><strong>Locri</strong></span> <span class='ocrx_word' id='word_1_435' title='bbox 1648 4265 1745 4318; x_wconf 84' lang='lat' dir='ltr'><strong>do-</strong></span> 
     </span>
    </p>
   </div>
   <div class='ocr_carea' id='block_1_61' title="bbox 177 4357 1746 4428">
    <p class='ocr_par' dir='ltr' id='par_1_61' title="bbox 177 4357 1746 4428">
     <span class='ocr_line' id='line_1_62' title="bbox 177 4357 1746 4428; baseline -0.001 -15"><span class='ocrx_word' id='word_1_436' title='bbox 177 4362 382 4413; x_wconf 74' lang='lat' dir='ltr'><strong>etrinze.</strong></span> <span class='ocrx_word' id='word_1_437' title='bbox 417 4357 473 4411; x_wconf 88' lang='lat' dir='ltr'><strong>In</strong></span> <span class='ocrx_word' id='word_1_438' title='bbox 508 4359 610 4412; x_wconf 87' lang='lat' dir='ltr'><strong>hoc</strong></span> <span class='ocrx_word' id='word_1_439' title='bbox 638 4369 817 4412; x_wconf 89' lang='lat' dir='ltr'><strong>autem</strong></span> <span class='ocrx_word' id='word_1_440' title='bbox 854 4359 1065 4428; x_wconf 77' lang='lat' dir='ltr'><strong>dialogo</strong></span> <span class='ocrx_word' id='word_1_441' title='bbox 1101 4359 1243 4413; x_wconf 85' lang='lat' dir='ltr'><strong>ratio</strong></span> <span class='ocrx_word' id='word_1_442' title='bbox 1271 4369 1328 4413; x_wconf 88' lang='lat' dir='ltr'><strong>et</strong></span> <span class='ocrx_word' id='word_1_443' title='bbox 1378 4361 1513 4413; x_wconf 66' lang='lat' dir='ltr'><strong>idem</strong></span> <span class='ocrx_word' id='word_1_444' title='bbox 1551 4359 1746 4412; x_wconf 66' lang='lat' dir='ltr'><strong>divina:</strong></span> 
     </span>
    </p>
   </div>
   <div class='ocr_carea' id='block_1_62' title="bbox 177 4445 1746 4522">
    <p class='ocr_par' dir='ltr' id='par_1_62' title="bbox 177 4445 1746 4522">
     <span class='ocr_line' id='line_1_63' title="bbox 177 4445 1746 4522; baseline -0.001 -18"><span class='ocrx_word' id='word_1_445' title='bbox 177 4469 439 4522; x_wconf 71' lang='lat' dir='ltr'><strong>niisqiiam</strong></span> <span class='ocrx_word' id='word_1_446' title='bbox 467 4452 536 4504; x_wconf 89' lang='lat' dir='ltr'><strong>ab</strong></span> <span class='ocrx_word' id='word_1_447' title='bbox 570 4453 685 4520; x_wconf 87' lang='lat' dir='ltr'><strong>ipso</strong></span> <span class='ocrx_word' id='word_1_448' title='bbox 719 4451 824 4506; x_wconf 88' lang='lat' dir='ltr'><strong>Deo</strong></span> <span class='ocrx_word' id='word_1_449' title='bbox 849 4445 1282 4520; x_wconf 78' lang='lat' dir='ltr'><strong>distinguuntur.</strong></span> <span class='ocrx_word' id='word_1_450' title='bbox 1313 4450 1598 4504; x_wconf 82' lang='lat' dir='ltr'><strong>Rationem</strong></span> <span class='ocrx_word' id='word_1_451' title='bbox 1632 4450 1746 4503; x_wconf 86' lang='lat' dir='ltr'><strong>sive</strong></span> 
     </span>
    </p>
   </div>
   <div class='ocr_carea' id='block_1_63' title="bbox 1850 1957 3436 2035">
    <p class='ocr_par' dir='ltr' id='par_1_63' title="bbox 1850 1957 3436 2035">
     <span class='ocr_line' id='line_1_64' title="bbox 1850 1957 3436 2035; baseline -0.004 -20"><span class='ocrx_word' id='word_1_452' title='bbox 1850 1974 2012 2015; x_wconf 88' lang='lat' dir='ltr'><strong>omne</strong></span> <span class='ocrx_word' id='word_1_453' title='bbox 2043 1970 2277 2030; x_wconf 89' lang='lat' dir='ltr'><strong>tempus,</strong></span> <span class='ocrx_word' id='word_1_454' title='bbox 2303 1966 2362 2035; x_wconf 92' lang='lat' dir='ltr'><strong>et</strong></span> <span class='ocrx_word' id='word_1_455' title='bbox 2410 1964 2633 2028; x_wconf 83' lang='lat' dir='ltr'><strong>propter</strong></span> <span class='ocrx_word' id='word_1_456' title='bbox 2672 1957 2818 2016; x_wconf 79' lang='lat' dir='ltr'><strong>hanc</strong></span> <span class='ocrx_word' id='word_1_457' title='bbox 2869 1958 2961 2014; x_wconf 89' lang='lat' dir='ltr'><strong>Dei</strong></span> <span class='ocrx_word' id='word_1_458' title='bbox 3010 1957 3436 2027; x_wconf 76' lang='lat' dir='ltr'><strong>cogitationem,</strong></span> 
     </span>
    </p>
   </div>
   <div class='ocr_carea' id='block_1_64' title="bbox 1853 2036 3433 2112">
    <p class='ocr_par' dir='ltr' id='par_1_64' title="bbox 1853 2036 3433 2112">
     <span class='ocr_line' id='line_1_65' title="bbox 1853 2036 3433 2112; baseline 0 -6"><span class='ocrx_word' id='word_1_459' title='bbox 1853 2052 2057 2107; x_wconf 90' lang='lat' dir='ltr'><strong>factum</strong></span> <span class='ocrx_word' id='word_1_460' title='bbox 2093 2067 2216 2109; x_wconf 78' lang='lat' dir='ltr'><strong>esse</strong></span> <span class='ocrx_word' id='word_1_461' title='bbox 2243 2051 2436 2107; x_wconf 90' lang='lat' dir='ltr'><strong>solem.</strong></span> <span class='ocrx_word' id='word_1_462' title='bbox 2470 2048 2528 2108; x_wconf 90' lang='lat' dir='ltr'><strong>ln</strong></span> <span class='ocrx_word' id='word_1_463' title='bbox 2557 2049 2729 2104; x_wconf 91' lang='lat' dir='ltr'><strong>altero</strong></span> <span class='ocrx_word' id='word_1_464' title='bbox 2757 2057 2937 2106; x_wconf 86' lang='lat' dir='ltr'><strong>autem</strong></span> <span class='ocrx_word' id='word_1_465' title='bbox 2977 2036 3128 2106; x_wconf 88' lang='lat' dir='ltr'><strong>hanc</strong></span> <span class='ocrx_word' id='word_1_466' title='bbox 3163 2052 3433 2112; x_wconf 76' lang='lat' dir='ltr'><strong>rationem</strong></span> 
     </span>
    </p>
   </div>
   <div class='ocr_carea' id='block_1_65' title="bbox 1853 2132 3431 2217">
    <p class='ocr_par' dir='ltr' id='par_1_65' title="bbox 1853 2132 3431 2217">
     <span class='ocr_line' id='line_1_66' title="bbox 1853 2132 3431 2217; baseline -0.001 -19"><span class='ocrx_word' id='word_1_467' title='bbox 1853 2141 2047 2210; x_wconf 71' lang='lat' dir='ltr'><strong>aﬂert,</strong></span> <span class='ocrx_word' id='word_1_468' title='bbox 2095 2157 2195 2198; x_wconf 90' lang='lat' dir='ltr'><strong>cur</strong></span> <span class='ocrx_word' id='word_1_469' title='bbox 2227 2143 2463 2206; x_wconf 81' lang='lat' dir='ltr'><strong>mundus</strong></span> <span class='ocrx_word' id='word_1_470' title='bbox 2501 2142 2615 2212; x_wconf 78' lang='lat' dir='ltr'><strong>hac</strong></span> <span class='ocrx_word' id='word_1_471' title='bbox 2651 2137 2822 2196; x_wconf 84' lang='lat' dir='ltr'><strong>forma</strong></span> <span class='ocrx_word' id='word_1_472' title='bbox 2866 2132 3112 2217; x_wconf 75' lang='lat' dir='ltr'><strong>donatus</strong></span> <span class='ocrx_word' id='word_1_473' title='bbox 3146 2141 3254 2205; x_wconf 87' lang='lat' dir='ltr'><strong>sit,</strong></span> <span class='ocrx_word' id='word_1_474' title='bbox 3285 2145 3431 2212; x_wconf 89' lang='lat' dir='ltr'><strong>quod</strong></span> 
     </span>
    </p>
   </div>
   <div class='ocr_carea' id='block_1_66' title="bbox 1853 2219 3437 2312">
    <p class='ocr_par' dir='ltr' id='par_1_66' title="bbox 1853 2219 3437 2312">
     <span class='ocr_line' id='line_1_67' title="bbox 1853 2219 3437 2312; baseline -0.003 -16"><span class='ocrx_word' id='word_1_475' title='bbox 1853 2241 1995 2296; x_wconf 85' lang='lat' dir='ltr'><strong>Deus</strong></span> <span class='ocrx_word' id='word_1_476' title='bbox 2021 2251 2148 2290; x_wconf 90' lang='lat' dir='ltr'><strong>eum</strong></span> <span class='ocrx_word' id='word_1_477' title='bbox 2179 2236 2614 2310; x_wconf 65' lang='lat' dir='ltr'><strong>prmatantiorem</strong></span> <span class='ocrx_word' id='word_1_478' title='bbox 2647 2219 3045 2312; x_wconf 39' lang='lat' dir='ltr'><strong>forerduxerit,</strong></span> <span class='ocrx_word' id='word_1_479' title='bbox 3075 2223 3144 2312; x_wconf 67' lang='lat' dir='ltr'><strong>si</strong></span> <span class='ocrx_word' id='word_1_480' title='bbox 3171 2235 3273 2289; x_wconf 86' lang='lat' dir='ltr'><strong>sibi</strong></span> <span class='ocrx_word' id='word_1_481' title='bbox 3321 2235 3437 2304; x_wconf 80' lang='lat' dir='ltr'><strong>ipse</strong></span> 
     </span>
    </p>
   </div>
   <div class='ocr_carea' id='block_1_67' title="bbox 1852 2326 3433 2402">
    <p class='ocr_par' dir='ltr' id='par_1_67' title="bbox 1852 2326 3433 2402">
     <span class='ocr_line' id='line_1_68' title="bbox 1852 2326 3433 2402; baseline -0.003 -14"><span class='ocrx_word' id='word_1_482' title='bbox 1852 2332 2178 2398; x_wconf 80' lang='lat' dir='ltr'><strong>suﬂiceret,’</strong></span> <span class='ocrx_word' id='word_1_483' title='bbox 2205 2347 2305 2385; x_wconf 91' lang='lat' dir='ltr'><strong>nec</strong></span> <span class='ocrx_word' id='word_1_484' title='bbox 2349 2330 2542 2386; x_wconf 84' lang='lat' dir='ltr'><strong>alienis</strong></span> <span class='ocrx_word' id='word_1_485' title='bbox 2585 2328 2933 2402; x_wconf 83' lang='lat' dir='ltr'><strong>adminiculis</strong></span> <span class='ocrx_word' id='word_1_486' title='bbox 2977 2337 3188 2397; x_wconf 78' lang='lat' dir='ltr'><strong>egeret.</strong></span> <span class='ocrx_word' id='word_1_487' title='bbox 3231 2326 3433 2384; x_wconf 84' lang='lat' dir='ltr'><strong>Eadem</strong></span> 
     </span>
    </p>
   </div>
   <div class='ocr_carea' id='block_1_68' title="bbox 1852 2415 3438 2496">
    <p class='ocr_par' dir='ltr' id='par_1_68' title="bbox 1852 2415 3438 2496">
     <span class='ocr_line' id='line_1_69' title="bbox 1852 2415 3438 2496; baseline -0.005 -17"><span class='ocrx_word' id='word_1_488' title='bbox 1852 2423 2280 2495; x_wconf 86' lang='lat' dir='ltr'><strong>loquendi-ratio</strong></span> <span class='ocrx_word' id='word_1_489' title='bbox 2307 2424 2510 2496; x_wconf 85' lang='lat' dir='ltr'><strong>passim</strong></span> <span class='ocrx_word' id='word_1_490' title='bbox 2534 2423 2800 2477; x_wconf 91' lang='lat' dir='ltr'><strong>occurrit.</strong></span> <span class='ocrx_word' id='word_1_491' title='bbox 2823 2415 2915 2475; x_wconf 84' lang='lat' dir='ltr'><strong>Sic</strong></span> <span class='ocrx_word' id='word_1_492' title='bbox 2941 2436 3066 2491; x_wconf 88' lang='lat' dir='ltr'><strong>pag.</strong></span> <span class='ocrx_word' id='word_1_493' title='bbox 3096 2420 3268 2495; x_wconf 49' lang='lat'><strong>10,48:</strong></span> <span class='ocrx_word' id='word_1_494' title='bbox 3295 2419 3438 2474; x_wconf 85' lang='lat' dir='ltr'><strong>Deus</strong></span> 
     </span>
    </p>
   </div>
   <div class='ocr_carea' id='block_1_69' title="bbox 1850 2511 3437 2586">
    <p class='ocr_par' dir='ltr' id='par_1_69' title="bbox 1850 2511 3437 2586">
     <span class='ocr_line' id='line_1_70' title="bbox 1850 2511 3437 2586; baseline -0.003 -16"><span class='ocrx_word' id='word_1_495' title='bbox 1850 2511 2237 2586; x_wconf 77' lang='grc' dir='ltr'><strong>λογισάμενος,</strong></span> <span class='ocrx_word' id='word_1_496' title='bbox 2297 2528 2470 2568; x_wconf 69' lang='lat' dir='ltr'><strong>«eum</strong></span> <span class='ocrx_word' id='word_1_497' title='bbox 2524 2511 2899 2581; x_wconf 45' lang='lat' dir='ltr'><strong>cogitasset.”</strong></span> <span class='ocrx_word' id='word_1_498' title='bbox 2955 2511 3160 2565; x_wconf 77' lang='lat' dir='ltr'><strong>invenit</strong></span> <span class='ocrx_word' id='word_1_499' title='bbox 3205 2525 3268 2564; x_wconf 84' lang='lat' dir='ltr'><strong>ea</strong></span> <span class='ocrx_word' id='word_1_500' title='bbox 3316 2526 3437 2581; x_wconf 68' lang='lat' dir='ltr'><strong>qum</strong></span> 
     </span>
    </p>
   </div>
   <div class='ocr_carea' id='block_1_70' title="bbox 1851 2587 3432 2683">
    <p class='ocr_par' dir='ltr' id='par_1_70' title="bbox 1851 2587 3432 2683">
     <span class='ocr_line' id='line_1_71' title="bbox 1851 2587 3432 2683; baseline -0.007 -19"><span class='ocrx_word' id='word_1_501' title='bbox 1851 2615 2090 2672; x_wconf 84' lang='lat' dir='ltr'><strong>mentem</strong></span> <span class='ocrx_word' id='word_1_502' title='bbox 2149 2604 2351 2661; x_wconf 84' lang='lat' dir='ltr'><strong>habent</strong></span> <span class='ocrx_word' id='word_1_503' title='bbox 2397 2602 2710 2683; x_wconf 76' lang='lat' dir='ltr'><strong>pulchriora</strong></span> <span class='ocrx_word' id='word_1_504' title='bbox 2757 2601 2825 2658; x_wconf 89' lang='lat' dir='ltr'><strong>iis</strong></span> <span class='ocrx_word' id='word_1_505' title='bbox 2870 2615 3166 2671; x_wconf 77' lang='lat' dir='ltr'><strong>esse,qn:e</strong></span> <span class='ocrx_word' id='word_1_506' title='bbox 3211 2587 3432 2665; x_wconf 82' lang='lat' dir='ltr'><strong>carent,</strong></span> 
     </span>
    </p>
   </div>
   <div class='ocr_carea' id='block_1_71' title="bbox 1853 2695 3436 2769">
    <p class='ocr_par' dir='ltr' id='par_1_71' title="bbox 1853 2695 3436 2769">
     <span class='ocr_line' id='line_1_72' title="bbox 1853 2695 3436 2769; baseline -0.005 -17"><span class='ocrx_word' id='word_1_507' title='bbox 1853 2707 2088 2759; x_wconf 84' lang='lat' dir='ltr'><strong>mentem</strong></span> <span class='ocrx_word' id='word_1_508' title='bbox 2115 2706 2296 2752; x_wconf 89' lang='lat' dir='ltr'><strong>autem</strong></span> <span class='ocrx_word' id='word_1_509' title='bbox 2328 2696 2447 2752; x_wconf 83' lang='lat' dir='ltr'><strong>sine</strong></span> <span class='ocrx_word' id='word_1_510' title='bbox 2472 2695 2653 2766; x_wconf 82' lang='lat' dir='ltr'><strong>anima</strong></span> <span class='ocrx_word' id='word_1_511' title='bbox 2678 2707 2801 2748; x_wconf 89' lang='lat' dir='ltr'><strong>esse</strong></span> <span class='ocrx_word' id='word_1_512' title='bbox 2830 2709 2936 2746; x_wconf 89' lang='lat' dir='ltr'><strong>non</strong></span> <span class='ocrx_word' id='word_1_513' title='bbox 2971 2709 3151 2762; x_wconf 82' lang='lat' dir='ltr'><strong>posse,</strong></span> <span class='ocrx_word' id='word_1_514' title='bbox 3179 2704 3236 2747; x_wconf 91' lang='lat' dir='ltr'><strong>et</strong></span> <span class='ocrx_word' id='word_1_515' title='bbox 3266 2712 3284 2744; x_wconf 83' lang='grc' dir='ltr'><strong>ι</strong></span> <span class='ocrx_word' id='word_1_516' title='bbox 3312 2707 3436 2769; x_wconf 82' lang='lat' dir='ltr'><strong>pro-</strong></span> 
     </span>
    </p>
   </div>
   <div class='ocr_carea' id='block_1_72' title="bbox 1851 2786 3436 2864">
    <p class='ocr_par' dir='ltr' id='par_1_72' title="bbox 1851 2786 3436 2864">
     <span class='ocr_line' id='line_1_73' title="bbox 1851 2786 3436 2864; baseline -0.006 -16"><span class='ocrx_word' id='word_1_517' title='bbox 1851 2802 1969 2863; x_wconf 91' lang='lat' dir='ltr'><strong>pter</strong></span> <span class='ocrx_word' id='word_1_518' title='bbox 1999 2793 2142 2848; x_wconf 90' lang='lat' dir='ltr'><strong>hanc</strong></span> <span class='ocrx_word' id='word_1_519' title='bbox 2187 2792 2594 2864; x_wconf 69' lang='lat' dir='ltr'><strong>cogitationem,</strong></span> <span class='ocrx_word' id='word_1_520' title='bbox 2621 2809 2642 2843; x_wconf 76' lang='grc' dir='ltr'><strong>ι</strong></span> <span class='ocrx_word' id='word_1_521' title='bbox 2681 2788 2770 2859; x_wconf 75' lang='grc' dir='ltr'><strong>διὰ</strong></span> <span class='ocrx_word' id='word_1_522' title='bbox 2800 2787 2921 2858; x_wconf 71' lang='grc' dir='ltr'><strong>τὸν,</strong></span> <span class='ocrx_word' id='word_1_523' title='bbox 2949 2786 3207 2859; x_wconf 79' lang='grc' dir='ltr'><strong>λογισμὸν</strong></span> <span class='ocrx_word' id='word_1_524' title='bbox 3263 2787 3436 2852; x_wconf 67' lang='grc' dir='ltr'><strong>τόνδε,</strong></span> 
     </span>
    </p>
   </div>
   <div class='ocr_carea' id='block_1_73' title="bbox 1853 2879 3435 2950">
    <p class='ocr_par' dir='ltr' id='par_1_73' title="bbox 1853 2879 3435 2950">
     <span class='ocr_line' id='line_1_74' title="bbox 1853 2879 3435 2950; baseline -0.004 -8"><span class='ocrx_word' id='word_1_525' title='bbox 1853 2895 2090 2945; x_wconf 83' lang='lat' dir='ltr'><strong>mentem</strong></span> <span class='ocrx_word' id='word_1_526' title='bbox 2124 2885 2177 2939; x_wconf 88' lang='lat' dir='ltr'><strong>in</strong></span> <span class='ocrx_word' id='word_1_527' title='bbox 2207 2885 2416 2950; x_wconf 88' lang='lat' dir='ltr'><strong>anima,</strong></span> <span class='ocrx_word' id='word_1_528' title='bbox 2463 2883 2702 2950; x_wconf 87' lang='lat' dir='ltr'><strong>animam</strong></span> <span class='ocrx_word' id='word_1_529' title='bbox 2747 2883 2802 2937; x_wconf 94' lang='lat' dir='ltr'><strong>in</strong></span> <span class='ocrx_word' id='word_1_530' title='bbox 2856 2894 3088 2950; x_wconf 89' lang='lat' dir='ltr'><strong>corpore</strong></span> <span class='ocrx_word' id='word_1_531' title='bbox 3131 2879 3435 2935; x_wconf 87' lang='lat' dir='ltr'><strong>constituit.</strong></span> 
     </span>
    </p>
   </div>
   <div class='ocr_carea' id='block_1_74' title="bbox 1852 2971 3436 3043">
    <p class='ocr_par' dir='ltr' id='par_1_74' title="bbox 1852 2971 3436 3043">
     <span class='ocr_line' id='line_1_75' title="bbox 1852 2971 3436 3043; baseline -0.007 -9"><span class='ocrx_word' id='word_1_532' title='bbox 1852 2979 1944 3034; x_wconf 86' lang='lat' dir='ltr'><strong>Sic</strong></span> <span class='ocrx_word' id='word_1_533' title='bbox 1973 2978 2142 3032; x_wconf 89' lang='lat' dir='ltr'><strong>etiam</strong></span> <span class='ocrx_word' id='word_1_534' title='bbox 2195 2975 2372 3032; x_wconf 67' lang='lat'><strong>1049:</strong></span> <span class='ocrx_word' id='word_1_535' title='bbox 2405 2976 2540 3032; x_wconf 89' lang='lat' dir='ltr'><strong>Cum</strong></span> <span class='ocrx_word' id='word_1_536' title='bbox 2573 2975 2786 3030; x_wconf 88' lang='lat' dir='ltr'><strong>videret</strong></span> <span class='ocrx_word' id='word_1_537' title='bbox 2818 2975 2961 3028; x_wconf 87' lang='lat' dir='ltr'><strong>Deus</strong></span> <span class='ocrx_word' id='word_1_538' title='bbox 2988 2973 3166 3043; x_wconf 89' lang='lat' dir='ltr'><strong>frigus</strong></span> <span class='ocrx_word' id='word_1_539' title='bbox 3202 2982 3258 3025; x_wconf 89' lang='lat' dir='ltr'><strong>et</strong></span> <span class='ocrx_word' id='word_1_540' title='bbox 3291 2971 3436 3024; x_wconf 79' lang='lat' dir='ltr'><strong>calo-</strong></span> 
     </span>
    </p>
   </div>
   <div class='ocr_carea' id='block_1_75' title="bbox 1852 3051 3436 3137">
    <p class='ocr_par' dir='ltr' id='par_1_75' title="bbox 1852 3051 3436 3137">
     <span class='ocr_line' id='line_1_76' title="bbox 1852 3051 3436 3137; baseline -0.006 -14"><span class='ocrx_word' id='word_1_541' title='bbox 1852 3085 1972 3124; x_wconf 89' lang='lat' dir='ltr'><strong>rem</strong></span> <span class='ocrx_word' id='word_1_542' title='bbox 2002 3069 2218 3137; x_wconf 88' lang='lat' dir='ltr'><strong>corpori</strong></span> <span class='ocrx_word' id='word_1_543' title='bbox 2266 3051 2493 3132; x_wconf 85' lang='lat' dir='ltr'><strong>nocere;</strong></span> <span class='ocrx_word' id='word_1_544' title='bbox 2515 3130 2517 3132; x_wconf 24' lang='grc' dir='ltr'><strong>η</strong></span> <span class='ocrx_word' id='word_1_545' title='bbox 2540 3064 2632 3119; x_wconf 83' lang='grc' dir='ltr'><strong>διὰ</strong></span> <span class='ocrx_word' id='word_1_546' title='bbox 2658 3065 2756 3137; x_wconf 78' lang='grc' dir='ltr'><strong>τὴν</strong></span> <span class='ocrx_word' id='word_1_547' title='bbox 2789 3064 2969 3118; x_wconf 74' lang='grc' dir='ltr'><strong>αἰτίαν</strong></span> <span class='ocrx_word' id='word_1_548' title='bbox 3014 3062 3111 3116; x_wconf 73' lang='grc' dir='ltr'><strong>καὶ</strong></span> <span class='ocrx_word' id='word_1_549' title='bbox 3133 3125 3135 3127; x_wconf 20' lang='grc' dir='ltr'><strong><em>ι</em></strong></span> <span class='ocrx_word' id='word_1_550' title='bbox 3160 3062 3252 3126; x_wconf 77' lang='grc' dir='ltr'><strong>τὸν</strong></span> <span class='ocrx_word' id='word_1_551' title='bbox 3286 3061 3436 3131; x_wconf 81' lang='grc' dir='ltr'><strong>λογι-</strong></span> 
     </span>
    </p>
   </div>
   <div class='ocr_carea' id='block_1_76' title="bbox 1851 3153 3431 3232">
    <p class='ocr_par' dir='ltr' id='par_1_76' title="bbox 1851 3153 3431 3232">
     <span class='ocr_line' id='line_1_77' title="bbox 1851 3153 3431 3232; baseline -0.006 -19"><span class='ocrx_word' id='word_1_552' title='bbox 1851 3159 1986 3229; x_wconf 83' lang='grc' dir='ltr'><strong>σμὸν</strong></span> <span class='ocrx_word' id='word_1_553' title='bbox 2012 3159 2186 3224; x_wconf 84' lang='grc' dir='ltr'><strong>τόνδε,</strong></span> <span class='ocrx_word' id='word_1_554' title='bbox 2222 3177 2241 3210; x_wconf 76' lang='grc' dir='ltr'><strong>ι</strong></span> <span class='ocrx_word' id='word_1_555' title='bbox 2269 3166 2490 3229; x_wconf 89' lang='lat' dir='ltr'><strong>propter</strong></span> <span class='ocrx_word' id='word_1_556' title='bbox 2533 3156 2674 3217; x_wconf 82' lang='lat' dir='ltr'><strong>hanc</strong></span> <span class='ocrx_word' id='word_1_557' title='bbox 2721 3170 2942 3228; x_wconf 77' lang='lat' dir='ltr'><strong>causam</strong></span> <span class='ocrx_word' id='word_1_558' title='bbox 2984 3163 3063 3232; x_wconf 25' lang='lat' dir='ltr'><strong>et.</strong></span> <span class='ocrx_word' id='word_1_559' title='bbox 3085 3153 3385 3216; x_wconf 84' lang='lat' dir='ltr'><strong>rationem,</strong></span> <span class='ocrx_word' id='word_1_560' title='bbox 3409 3169 3431 3205; x_wconf 76' lang='grc' dir='ltr'>ι</span> 
     </span>
    </p>
   </div>
   <div class='ocr_carea' id='block_1_77' title="bbox 1849 3244 3438 3317">
    <p class='ocr_par' dir='ltr' id='par_1_77' title="bbox 1849 3244 3438 3317">
     <span class='ocr_line' id='line_1_78' title="bbox 1849 3244 3438 3317; baseline -0.004 -11"><span class='ocrx_word' id='word_1_561' title='bbox 1849 3267 2018 3306; x_wconf 90' lang='lat' dir='ltr'><strong>unum</strong></span> <span class='ocrx_word' id='word_1_562' title='bbox 2068 3261 2242 3305; x_wconf 85' lang='lat' dir='ltr'><strong>totum</strong></span> <span class='ocrx_word' id='word_1_563' title='bbox 2287 3265 2357 3306; x_wconf 89' lang='lat' dir='ltr'><strong>ex</strong></span> <span class='ocrx_word' id='word_1_564' title='bbox 2407 3249 2662 3304; x_wconf 85' lang='lat' dir='ltr'><strong>omnibus</strong></span> <span class='ocrx_word' id='word_1_565' title='bbox 2712 3245 3045 3317; x_wconf 86' lang='lat' dir='ltr'><strong>perfectum,</strong></span> <span class='ocrx_word' id='word_1_566' title='bbox 3091 3244 3346 3314; x_wconf 48' lang='lat' dir='ltr'><strong>amseuii</strong></span> <span class='ocrx_word' id='word_1_567' title='bbox 3381 3254 3438 3300; x_wconf 89' lang='lat' dir='ltr'><strong>et</strong></span> 
     </span>
    </p>
   </div>
   <div class='ocr_carea' id='block_1_78' title="bbox 1847 3338 2976 3418">
    <p class='ocr_par' dir='ltr' id='par_1_78' title="bbox 1847 3338 2976 3418">
     <span class='ocr_line' id='line_1_79' title="bbox 1847 3338 2976 3418; baseline -0.008 -19"><span class='ocrx_word' id='word_1_568' title='bbox 1847 3344 2025 3399; x_wconf 89' lang='lat' dir='ltr'><strong>morbi</strong></span> <span class='ocrx_word' id='word_1_569' title='bbox 2050 3351 2332 3413; x_wconf 85' lang='lat' dir='ltr'><strong>expertem</strong></span> <span class='ocrx_word' id='word_1_570' title='bbox 2369 3341 2633 3418; x_wconf 76' lang='lat' dir='ltr'><strong>mundum</strong></span> <span class='ocrx_word' id='word_1_571' title='bbox 2668 3338 2976 3398; x_wconf 89' lang='lat' dir='ltr'><strong>constituit.</strong></span> 
     </span>
    </p>
   </div>
   <div class='ocr_carea' id='block_1_79' title="bbox 1915 3425 3437 3502">
    <p class='ocr_par' dir='ltr' id='par_1_79' title="bbox 1915 3425 3437 3502">
     <span class='ocr_line' id='line_1_80' title="bbox 1915 3425 3437 3502; baseline -0.005 -14"><span class='ocrx_word' id='word_1_572' title='bbox 1915 3432 2061 3489; x_wconf 79' lang='lat' dir='ltr'><strong>Nihil</strong></span> <span class='ocrx_word' id='word_1_573' title='bbox 2091 3448 2296 3498; x_wconf 81' lang='lat' dir='ltr'><strong>moror,</strong></span> <span class='ocrx_word' id='word_1_574' title='bbox 2345 3432 2490 3502; x_wconf 86' lang='lat' dir='ltr'><strong>quod</strong></span> <span class='ocrx_word' id='word_1_575' title='bbox 2526 3429 2795 3501; x_wconf 77' lang='lat' dir='ltr'><strong>,ohjicitur</strong></span> <span class='ocrx_word' id='word_1_576' title='bbox 2832 3443 2902 3484; x_wconf 90' lang='lat' dir='ltr'><strong>ex</strong></span> <span class='ocrx_word' id='word_1_577' title='bbox 2952 3425 3309 3500; x_wconf 76' lang='lat' dir='ltr'><strong>Epinomt&#39;de,</strong></span> <span class='ocrx_word' id='word_1_578' title='bbox 3345 3425 3437 3481; x_wconf 89' lang='lat' dir='ltr'><strong>ubi</strong></span> 
     </span>
    </p>
   </div>
   <div class='ocr_carea' id='block_1_80' title="bbox 1849 3508 3436 3592">
    <p class='ocr_par' dir='ltr' id='par_1_80' title="bbox 1849 3508 3436 3592">
     <span class='ocr_line' id='line_1_81' title="bbox 1849 3508 3436 3592; baseline -0.006 -10"><span class='ocrx_word' id='word_1_579' title='bbox 1849 3529 2114 3582; x_wconf 90' lang='lat' dir='ltr'><strong>mundum</strong></span> <span class='ocrx_word' id='word_1_580' title='bbox 2149 3525 2302 3580; x_wconf 87' lang='lat' dir='ltr'><strong>Plato</strong></span> <span class='ocrx_word' id='word_1_581' title='bbox 2338 3540 2368 3578; x_wconf 94' lang='lat' dir='ltr'><strong>a</strong></span> <span class='ocrx_word' id='word_1_582' title='bbox 2416 3508 2561 3592; x_wconf 82' lang='grc' dir='ltr'><strong>λόγῳ</strong></span> <span class='ocrx_word' id='word_1_583' title='bbox 2605 3530 2849 3584; x_wconf 85' lang='lat' dir='ltr'><strong>creatum</strong></span> <span class='ocrx_word' id='word_1_584' title='bbox 2888 3519 3020 3574; x_wconf 90' lang='lat' dir='ltr'><strong>dicit</strong></span> <span class='ocrx_word' id='word_1_585' title='bbox 3069 3517 3156 3571; x_wconf 89' lang='lat' dir='ltr'><strong>his</strong></span> <span class='ocrx_word' id='word_1_586' title='bbox 3209 3517 3388 3571; x_wconf 85' lang='lat' dir='ltr'><strong>verbis</strong></span> <span class='ocrx_word' id='word_1_587' title='bbox 3418 3536 3436 3572; x_wconf 91' lang='lat'><strong>:</strong></span> 
     </span>
    </p>
   </div>
   <div class='ocr_carea' id='block_1_81' title="bbox 1847 3609 3437 3691">
    <p class='ocr_par' dir='ltr' id='par_1_81' title="bbox 1847 3609 3437 3691">
     <span class='ocr_line' id='line_1_82' title="bbox 1847 3609 3437 3691; baseline -0.008 -18"><span class='ocrx_word' id='word_1_588' title='bbox 1847 3618 2034 3691; x_wconf 77' lang='grc' dir='ltr'><strong>Ταύτῃ</strong></span> <span class='ocrx_word' id='word_1_589' title='bbox 2079 3619 2268 3690; x_wconf 72' lang='grc' dir='ltr'><strong>μηδεὶς</strong></span> <span class='ocrx_word' id='word_1_590' title='bbox 2312 3617 2470 3680; x_wconf 72' lang='grc' dir='ltr'><strong>ἄλλος</strong></span> <span class='ocrx_word' id='word_1_591' title='bbox 2503 3613 2635 3668; x_wconf 81' lang='grc' dir='ltr'><strong>ποτὲ</strong></span> <span class='ocrx_word' id='word_1_592' title='bbox 2667 3613 2868 3685; x_wconf 77' lang='grc' dir='ltr'><strong>νομίσῃ</strong></span> <span class='ocrx_word' id='word_1_593' title='bbox 2899 3611 3120 3665; x_wconf 79' lang='grc' dir='ltr'><strong>πάντων</strong></span> <span class='ocrx_word' id='word_1_594' title='bbox 3161 3609 3320 3681; x_wconf 77' lang='grc' dir='ltr'><strong>ἡμῶν</strong></span> <span class='ocrx_word' id='word_1_595' title='bbox 3363 3610 3437 3673; x_wconf 84' lang='grc' dir='ltr'><strong>ὼς</strong></span> 
     </span>
    </p>
   </div>
   <div class='ocr_carea' id='block_1_82' title="bbox 1844 3702 3435 3782">
    <p class='ocr_par' dir='ltr' id='par_1_82' title="bbox 1844 3702 3435 3782">
     <span class='ocr_line' id='line_1_83' title="bbox 1844 3702 3435 3782; baseline -0.006 -18"><span class='ocrx_word' id='word_1_596' title='bbox 1844 3711 1894 3764; x_wconf 79' lang='grc' dir='ltr'><strong>οἱ</strong></span> <span class='ocrx_word' id='word_1_597' title='bbox 1931 3711 2030 3782; x_wconf 74' lang='grc' dir='ltr'><strong>μὲν</strong></span> <span class='ocrx_word' id='word_1_598' title='bbox 2075 3709 2186 3762; x_wconf 83' lang='grc' dir='ltr'><strong>θεοί</strong></span> <span class='ocrx_word' id='word_1_599' title='bbox 2237 3710 2373 3762; x_wconf 71' lang='grc' dir='ltr'><strong>εἰσιν</strong></span> <span class='ocrx_word' id='word_1_600' title='bbox 2423 3707 2623 3772; x_wconf 78' lang='grc' dir='ltr'><strong>αὐτῶν,</strong></span> <span class='ocrx_word' id='word_1_601' title='bbox 2665 3708 2716 3758; x_wconf 86' lang='grc' dir='ltr'><strong>οἱ</strong></span> <span class='ocrx_word' id='word_1_602' title='bbox 2763 3705 2807 3758; x_wconf 80' lang='grc' dir='ltr'><strong>δ’</strong></span> <span class='ocrx_word' id='word_1_603' title='bbox 2838 3703 2939 3757; x_wconf 65' lang='lat'><strong>0‘5&quot;</strong></span> <span class='ocrx_word' id='word_1_604' title='bbox 2966 3702 3089 3774; x_wconf 81' lang='grc' dir='ltr'><strong>μηδ’</strong></span> <span class='ocrx_word' id='word_1_605' title='bbox 3129 3702 3204 3765; x_wconf 84' lang='grc' dir='ltr'><strong>ὼς</strong></span> <span class='ocrx_word' id='word_1_606' title='bbox 3243 3703 3293 3754; x_wconf 79' lang='grc' dir='ltr'><strong>οἱ</strong></span> <span class='ocrx_word' id='word_1_607' title='bbox 3335 3702 3435 3771; x_wconf 78' lang='grc' dir='ltr'><strong>μὲν</strong></span> 
     </span>
    </p>
   </div>
   <div class='ocr_carea' id='block_1_83' title="bbox 1844 3793 3436 3873">
    <p class='ocr_par' dir='ltr' id='par_1_83' title="bbox 1844 3793 3436 3873">
     <span class='ocr_line' id='line_1_84' title="bbox 1844 3793 3436 3873; baseline -0.009 -16"><span class='ocrx_word' id='word_1_608' title='bbox 1844 3793 2079 3873; x_wconf 75' lang='grc' dir='ltr'><strong>γνήσιοι,</strong></span> <span class='ocrx_word' id='word_1_609' title='bbox 2102 3804 2152 3854; x_wconf 83' lang='grc' dir='ltr'><strong>οἱ</strong></span> <span class='ocrx_word' id='word_1_610' title='bbox 2187 3801 2244 3856; x_wconf 81' lang='grc' dir='ltr'><strong>δὲ</strong></span> <span class='ocrx_word' id='word_1_611' title='bbox 2281 3800 2514 3854; x_wconf 73' lang='grc' dir='ltr'><strong>τοιοῦτοί</strong></span> <span class='ocrx_word' id='word_1_612' title='bbox 2548 3815 2690 3861; x_wconf 84' lang='grc' dir='ltr'><strong>τινες</strong></span> <span class='ocrx_word' id='word_1_613' title='bbox 2729 3797 2874 3859; x_wconf 79' lang='grc' dir='ltr'><strong>οἴους</strong></span> <span class='ocrx_word' id='word_1_614' title='bbox 2905 3795 3024 3849; x_wconf 79' lang='grc' dir='ltr'><strong>οὐδὲ</strong></span> <span class='ocrx_word' id='word_1_615' title='bbox 3065 3794 3221 3864; x_wconf 84' lang='grc' dir='ltr'>θέμις</span> <span class='ocrx_word' id='word_1_616' title='bbox 3261 3795 3436 3846; x_wconf 75' lang='grc' dir='ltr'><strong>εἰπεῖν</strong></span> 
     </span>
    </p>
   </div>
   <div class='ocr_carea' id='block_1_84' title="bbox 1849 3886 3435 3967">
    <p class='ocr_par' dir='ltr' id='par_1_84' title="bbox 1849 3886 3435 3967">
     <span class='ocr_line' id='line_1_85' title="bbox 1849 3886 3435 3967; baseline -0.007 -19"><span class='ocrx_word' id='word_1_617' title='bbox 1849 3895 2006 3967; x_wconf 77' lang='grc' dir='ltr'><strong>ἡμῶν</strong></span> <span class='ocrx_word' id='word_1_618' title='bbox 2050 3893 2254 3960; x_wconf 56' lang='grc' dir='ltr'><strong>οὐδενί,</strong></span> <span class='ocrx_word' id='word_1_619' title='bbox 2289 3894 2498 3956; x_wconf 79' lang='grc' dir='ltr'><strong>Πάντες</strong></span> <span class='ocrx_word' id='word_1_620' title='bbox 2529 3891 2584 3944; x_wconf 83' lang='grc' dir='ltr'><strong>δὲ</strong></span> <span class='ocrx_word' id='word_1_621' title='bbox 2630 3892 2694 3959; x_wconf 85' lang='grc' dir='ltr'><strong>δὴ</strong></span> <span class='ocrx_word' id='word_1_622' title='bbox 2726 3889 2932 3952; x_wconf 81' lang='grc' dir='ltr'><strong>πάντας</strong></span> <span class='ocrx_word' id='word_1_623' title='bbox 2965 3886 3212 3957; x_wconf 79' lang='grc' dir='ltr'><strong>λέγωμέν</strong></span> <span class='ocrx_word' id='word_1_624' title='bbox 3245 3903 3304 3938; x_wconf 83' lang='grc' dir='ltr'><strong>τε</strong></span> <span class='ocrx_word' id='word_1_625' title='bbox 3342 3886 3435 3938; x_wconf 79' lang='grc' dir='ltr'><strong>καὶ</strong></span> 
     </span>
    </p>
   </div>
   <div class='ocr_carea' id='block_1_85' title="bbox 1848 3971 3432 4059">
    <p class='ocr_par' dir='ltr' id='par_1_85' title="bbox 1848 3971 3432 4059">
     <span class='ocr_line' id='line_1_86' title="bbox 1848 3971 3432 4059; baseline -0.008 -18"><span class='ocrx_word' id='word_1_626' title='bbox 1848 3988 2038 4059; x_wconf 81' lang='grc' dir='ltr'><strong>φῶμεν</strong></span> <span class='ocrx_word' id='word_1_627' title='bbox 2084 3971 2354 4056; x_wconf 75' lang='grc' dir='ltr'><strong>ἀδελφούς</strong></span> <span class='ocrx_word' id='word_1_628' title='bbox 2393 3987 2439 4038; x_wconf 80' lang='grc' dir='ltr'><strong>τ’</strong></span> <span class='ocrx_word' id='word_1_629' title='bbox 2481 3981 2618 4037; x_wconf 85' lang='grc' dir='ltr'><strong>εἶναι</strong></span> <span class='ocrx_word' id='word_1_630' title='bbox 2660 3984 2754 4036; x_wconf 76' lang='grc' dir='ltr'><strong>καὶ</strong></span> <span class='ocrx_word' id='word_1_631' title='bbox 2789 3985 2845 4035; x_wconf 83' lang='grc' dir='ltr'><strong>ἐν</strong></span> <span class='ocrx_word' id='word_1_632' title='bbox 2880 3979 3134 4049; x_wconf 84' lang='grc' dir='ltr'><strong>ἀδελφαῖς</strong></span> <span class='ocrx_word' id='word_1_633' title='bbox 3185 3979 3432 4050; x_wconf 67' lang='grc' dir='ltr'><strong>μοίραιςι</strong></span> 
     </span>
    </p>
   </div>
   <div class='ocr_carea' id='block_1_86' title="bbox 1847 4069 3512 4150">
    <p class='ocr_par' dir='ltr' id='par_1_86' title="bbox 1847 4069 3512 4150">
     <span class='ocr_line' id='line_1_87' title="bbox 1847 4069 3512 4150; baseline -0.008 -16"><span class='ocrx_word' id='word_1_634' title='bbox 1847 4081 1940 4135; x_wconf 81' lang='grc' dir='ltr'><strong>καὶ</strong></span> <span class='ocrx_word' id='word_1_635' title='bbox 1972 4078 2137 4150; x_wconf 82' lang='grc' dir='ltr'><strong>τιμὰς</strong></span> <span class='ocrx_word' id='word_1_636' title='bbox 2169 4077 2529 4147; x_wconf 81' lang='grc' dir='ltr'><strong>ἀποδιδῶμεν,</strong></span> <span class='ocrx_word' id='word_1_637' title='bbox 2577 4076 2649 4147; x_wconf 81' lang='grc' dir='ltr'><strong>μὴ</strong></span> <span class='ocrx_word' id='word_1_638' title='bbox 2684 4074 2761 4145; x_wconf 79' lang='grc' dir='ltr'><strong>τῷ</strong></span> <span class='ocrx_word' id='word_1_639' title='bbox 2816 4075 2912 4144; x_wconf 83' lang='grc' dir='ltr'><strong>μὲν</strong></span> <span class='ocrx_word' id='word_1_640' title='bbox 2966 4072 3228 4135; x_wconf 78' lang='grc' dir='ltr'><strong>ἐνιαυτὸν,</strong></span> <span class='ocrx_word' id='word_1_641' title='bbox 3264 4069 3340 4140; x_wconf 83' lang='grc' dir='ltr'><strong>τῷ</strong></span> <span class='ocrx_word' id='word_1_642' title='bbox 3374 4069 3438 4123; x_wconf 63' lang='grc' dir='ltr'><strong>δὲ</strong></span> <span class='ocrx_word' id='word_1_643' title='bbox 3509 4094 3512 4096; x_wconf 90' lang='grc'><strong>·</strong></span> 
     </span>
    </p>
   </div>
   <div class='ocr_carea' id='block_1_87' title="bbox 1849 4157 3443 4243">
    <p class='ocr_par' dir='ltr' id='par_1_87' title="bbox 1849 4157 3443 4243">
     <span class='ocr_line' id='line_1_88' title="bbox 1849 4157 3443 4243; baseline -0.007 -20"><span class='ocrx_word' id='word_1_644' title='bbox 1849 4173 2014 4243; x_wconf 82' lang='grc' dir='ltr'><strong>μῆνα,</strong></span> <span class='ocrx_word' id='word_1_645' title='bbox 2042 4173 2154 4232; x_wconf 85' lang='grc' dir='ltr'><strong>τοῖς</strong></span> <span class='ocrx_word' id='word_1_646' title='bbox 2182 4169 2240 4222; x_wconf 80' lang='grc' dir='ltr'><strong>δὲ</strong></span> <span class='ocrx_word' id='word_1_647' title='bbox 2267 4170 2404 4239; x_wconf 86' lang='grc' dir='ltr'><strong>μήτε</strong></span> <span class='ocrx_word' id='word_1_648' title='bbox 2434 4167 2556 4220; x_wconf 82' lang='grc' dir='ltr'><strong>τινὰ</strong></span> <span class='ocrx_word' id='word_1_649' title='bbox 2593 4168 2786 4237; x_wconf 83' lang='grc' dir='ltr'><strong>μοῖραν</strong></span> <span class='ocrx_word' id='word_1_650' title='bbox 2810 4165 3114 4233; x_wconf 81' lang='grc' dir='ltr'><strong>τάττωμεν,</strong></span> <span class='ocrx_word' id='word_1_651' title='bbox 3145 4162 3284 4232; x_wconf 83' lang='grc' dir='ltr'><strong>μήτε</strong></span> <span class='ocrx_word' id='word_1_652' title='bbox 3313 4157 3443 4213; x_wconf 70' lang='grc' dir='ltr'><strong>τινὰ</strong></span> 
     </span>
    </p>
   </div>
   <div class='ocr_carea' id='block_1_88' title="bbox 1846 4252 3434 4336">
    <p class='ocr_par' dir='ltr' id='par_1_88' title="bbox 1846 4252 3434 4336">
     <span class='ocr_line' id='line_1_89' title="bbox 1846 4252 3434 4336; baseline -0.009 -18"><span class='ocrx_word' id='word_1_653' title='bbox 1846 4265 2057 4336; x_wconf 88' lang='grc' dir='ltr'><strong>χρόνον,</strong></span> <span class='ocrx_word' id='word_1_654' title='bbox 2099 4265 2156 4315; x_wconf 90' lang='grc' dir='ltr'><strong>ἐν</strong></span> <span class='ocrx_word' id='word_1_655' title='bbox 2189 4255 2233 4328; x_wconf 79' lang='grc' dir='ltr'>ᾧ</span> <span class='ocrx_word' id='word_1_656' title='bbox 2261 4259 2594 4331; x_wconf 79' lang='grc' dir='ltr'><strong>διεξέρχεται</strong></span> <span class='ocrx_word' id='word_1_657' title='bbox 2628 4259 2718 4311; x_wconf 76' lang='grc' dir='ltr'><strong>τὸν</strong></span> <span class='ocrx_word' id='word_1_658' title='bbox 2765 4256 2930 4310; x_wconf 80' lang='grc' dir='ltr'><strong>αὐτοῦ</strong></span> <span class='ocrx_word' id='word_1_659' title='bbox 2984 4254 3165 4317; x_wconf 83' lang='grc' dir='ltr'><strong>πόλον,</strong></span> <span class='ocrx_word' id='word_1_660' title='bbox 3204 4252 3434 4318; x_wconf 76' lang='grc' dir='ltr'><strong>ξυναπο-</strong></span> 
     </span>
    </p>
   </div>
   <div class='ocr_carea' id='block_1_89' title="bbox 1844 4345 3440 4424">
    <p class='ocr_par' dir='ltr' id='par_1_89' title="bbox 1844 4345 3440 4424">
     <span class='ocr_line' id='line_1_90' title="bbox 1844 4345 3440 4424; baseline -0.008 -16"><span class='ocrx_word' id='word_1_661' title='bbox 1844 4354 2016 4408; x_wconf 87' lang='grc' dir='ltr'><strong>τελῶν</strong></span> <span class='ocrx_word' id='word_1_662' title='bbox 2049 4355 2253 4424; x_wconf 84' lang='grc' dir='ltr'><strong>κόσμον</strong></span> <span class='ocrx_word' id='word_1_663' title='bbox 2295 4352 2355 4404; x_wconf 81' lang='grc' dir='ltr'><strong>ὃν</strong></span> <span class='ocrx_word' id='word_1_664' title='bbox 2404 4348 2560 4415; x_wconf 75' lang='grc' dir='ltr'><strong>ἔταξε</strong></span> <span class='ocrx_word' id='word_1_665' title='bbox 2606 4350 2760 4418; x_wconf 80' lang='grc' dir='ltr'><strong>λόγος</strong></span> <span class='ocrx_word' id='word_1_666' title='bbox 2809 4351 2838 4401; x_wconf 85' lang='grc' dir='ltr'>ὁ</span> <span class='ocrx_word' id='word_1_667' title='bbox 2886 4349 3102 4401; x_wconf 75' lang='grc' dir='ltr'><strong>πάντων</strong></span> <span class='ocrx_word' id='word_1_668' title='bbox 3160 4345 3440 4408; x_wconf 77' lang='grc' dir='ltr'><strong>θειότατος,</strong></span> 
     </span>
    </p>
   </div>
   <div class='ocr_carea' id='block_1_90' title="bbox 1843 4435 3434 4518">
    <p class='ocr_par' dir='ltr' id='par_1_90' title="bbox 1843 4435 3434 4518">
     <span class='ocr_line' id='line_1_91' title="bbox 1843 4435 3434 4518; baseline -0.008 -19"><span class='ocrx_word' id='word_1_669' title='bbox 1843 4447 2068 4518; x_wconf 70' lang='grc' dir='ltr'><strong>ὁρατόψ</strong></span> <span class='ocrx_word' id='word_1_670' title='bbox 2103 4444 2158 4497; x_wconf 87' lang='grc' dir='ltr'><strong>ὃν</strong></span> <span class='ocrx_word' id='word_1_671' title='bbox 2187 4447 2214 4497; x_wconf 86' lang='grc' dir='ltr'>ὁ</span> <span class='ocrx_word' id='word_1_672' title='bbox 2250 4443 2347 4514; x_wconf 83' lang='grc' dir='ltr'><strong>μὲν</strong></span> <span class='ocrx_word' id='word_1_673' title='bbox 2382 4442 2655 4512; x_wconf 74' lang='grc' dir='ltr'><strong>εὐδαίμων</strong></span> <span class='ocrx_word' id='word_1_674' title='bbox 2691 4440 2906 4512; x_wconf 85' lang='grc' dir='ltr'><strong>πρῶτον</strong></span> <span class='ocrx_word' id='word_1_675' title='bbox 2959 4438 3057 4509; x_wconf 81' lang='grc' dir='ltr'><strong>μὲν</strong></span> <span class='ocrx_word' id='word_1_676' title='bbox 3101 4435 3434 4505; x_wconf 80' lang='grc' dir='ltr'><strong>ἐθαύμασεν,</strong></span> 
     </span>
    </p>
   </div>
   <div class='ocr_carea' id='block_1_91' title="bbox 178 4527 1749 4614">
    <p class='ocr_par' dir='ltr' id='par_1_91' title="bbox 178 4541 1744 4612">
     <span class='ocr_line' id='line_1_92' title="bbox 178 4541 1744 4612; baseline -0.002 -16"><span class='ocrx_word' id='word_1_677' title='bbox 178 4546 330 4612; x_wconf 78' lang='grc' dir='ltr'><strong>λόγον</strong></span> <span class='ocrx_word' id='word_1_678' title='bbox 384 4544 518 4597; x_wconf 91' lang='lat' dir='ltr'><strong>nihil</strong></span> <span class='ocrx_word' id='word_1_679' title='bbox 574 4543 717 4596; x_wconf 87' lang='lat' dir='ltr'><strong>aliud</strong></span> <span class='ocrx_word' id='word_1_680' title='bbox 771 4557 920 4603; x_wconf 83' lang='lat' dir='ltr'><strong>esse.</strong></span> <span class='ocrx_word' id='word_1_681' title='bbox 968 4557 1126 4611; x_wconf 91' lang='lat' dir='ltr'><strong>quam</strong></span> <span class='ocrx_word' id='word_1_682' title='bbox 1181 4541 1274 4595; x_wconf 89' lang='lat' dir='ltr'><strong>Dei</strong></span> <span class='ocrx_word' id='word_1_683' title='bbox 1326 4542 1744 4609; x_wconf 82' lang='lat' dir='ltr'><strong>cogitationem,</strong></span> 
     </span>
    </p>
   </div>
   <div class='ocr_carea' id='block_1_92' title="bbox 1850 4527 3432 4614">
    <p class='ocr_par' dir='ltr' id='par_1_92' title="bbox 1851 4527 3432 4608">
     <span class='ocr_line' id='line_1_93' title="bbox 1851 4527 3432 4608; baseline -0.006 -17"><span class='ocrx_word' id='word_1_684' title='bbox 1851 4539 2040 4592; x_wconf 77' lang='grc' dir='ltr'><strong>ἔπειτα</strong></span> <span class='ocrx_word' id='word_1_685' title='bbox 2073 4537 2129 4588; x_wconf 84' lang='grc' dir='ltr'><strong>δὲ</strong></span> <span class='ocrx_word' id='word_1_686' title='bbox 2158 4536 2338 4608; x_wconf 78' lang='grc' dir='ltr'><strong>ἔρωτα</strong></span> <span class='ocrx_word' id='word_1_687' title='bbox 2367 4534 2522 4604; x_wconf 76' lang='grc' dir='ltr'><strong>ἔσχεν</strong></span> <span class='ocrx_word' id='word_1_688' title='bbox 2552 4532 2645 4586; x_wconf 81' lang='grc' dir='ltr'><strong>τοῦ</strong></span> <span class='ocrx_word' id='word_1_689' title='bbox 2687 4529 3021 4601; x_wconf 78' lang='grc' dir='ltr'><strong>καταμαθεῖν</strong></span> <span class='ocrx_word' id='word_1_690' title='bbox 3057 4530 3232 4583; x_wconf 78' lang='grc' dir='ltr'><strong>ὁπόσα</strong></span> <span class='ocrx_word' id='word_1_691' title='bbox 3262 4527 3432 4598; x_wconf 82' lang='grc' dir='ltr'><strong>θνητῇ</strong></span> 
     </span>
    </p>
   </div>
   <div class='ocr_carea' id='block_1_93' title="bbox 181 4629 1751 4702">
    <p class='ocr_par' dir='ltr' id='par_1_93' title="bbox 181 4629 1751 4702">
     <span class='ocr_line' id='line_1_94' title="bbox 181 4629 1751 4702; baseline -0.003 -14"><span class='ocrx_word' id='word_1_692' title='bbox 181 4646 323 4702; x_wconf 81' lang='lat' dir='ltr'><strong>patet</strong></span> <span class='ocrx_word' id='word_1_693' title='bbox 353 4651 417 4687; x_wconf 84' lang='lat' dir='ltr'><strong>ex</strong></span> <span class='ocrx_word' id='word_1_694' title='bbox 453 4635 538 4688; x_wconf 86' lang='lat' dir='ltr'><strong>his</strong></span> <span class='ocrx_word' id='word_1_695' title='bbox 570 4634 746 4688; x_wconf 78' lang='lat' dir='ltr'><strong>verbis</strong></span> <span class='ocrx_word' id='word_1_696' title='bbox 781 4651 830 4702; x_wconf 92' lang='lat' dir='ltr'><strong>p.</strong></span> <span class='ocrx_word' id='word_1_697' title='bbox 858 4632 994 4686; x_wconf 71' lang='lat'><strong>1052</strong></span> <span class='ocrx_word' id='word_1_698' title='bbox 1021 4652 1035 4686; x_wconf 89' lang='lat'><strong>:</strong></span> <span class='ocrx_word' id='word_1_699' title='bbox 1078 4633 1167 4698; x_wconf 80' lang='grc' dir='ltr'><strong>Ἐξ</strong></span> <span class='ocrx_word' id='word_1_700' title='bbox 1197 4629 1290 4686; x_wconf 81' lang='grc' dir='ltr'><strong>οὖν</strong></span> <span class='ocrx_word' id='word_1_701' title='bbox 1321 4632 1480 4701; x_wconf 85' lang='grc' dir='ltr'><strong>λόγου</strong></span> <span class='ocrx_word' id='word_1_702' title='bbox 1514 4633 1608 4685; x_wconf 78' lang='grc' dir='ltr'><strong>καὶ</strong></span> <span class='ocrx_word' id='word_1_703' title='bbox 1633 4632 1751 4684; x_wconf 85' lang='grc' dir='ltr'><strong>δια-</strong></span> 
     </span>
    </p>
   </div>
   <div class='ocr_carea' id='block_1_94' title="bbox 179 4722 1748 4794">
    <p class='ocr_par' dir='ltr' id='par_1_94' title="bbox 179 4722 1748 4794">
     <span class='ocr_line' id='line_1_95' title="bbox 179 4722 1748 4794; baseline -0.004 -15"><span class='ocrx_word' id='word_1_704' title='bbox 179 4728 320 4789; x_wconf 77' lang='grc' dir='ltr'><strong>νοίας</strong></span> <span class='ocrx_word' id='word_1_705' title='bbox 355 4725 490 4778; x_wconf 82' lang='grc' dir='ltr'><strong>Θεοῦ</strong></span> <span class='ocrx_word' id='word_1_706' title='bbox 523 4724 772 4792; x_wconf 77' lang='grc' dir='ltr'><strong>τοιαύτης</strong></span> <span class='ocrx_word' id='word_1_707' title='bbox 814 4722 948 4794; x_wconf 79' lang='grc' dir='ltr'><strong>πρὸς</strong></span> <span class='ocrx_word' id='word_1_708' title='bbox 996 4724 1188 4794; x_wconf 79' lang='grc' dir='ltr'><strong>χρόνον</strong></span> <span class='ocrx_word' id='word_1_709' title='bbox 1229 4723 1460 4790; x_wconf 85' lang='grc' dir='ltr'><strong>γένεσιν,</strong></span> <span class='ocrx_word' id='word_1_710' title='bbox 1509 4722 1595 4774; x_wconf 78' lang='grc' dir='ltr'><strong>ἴνα</strong></span> <span class='ocrx_word' id='word_1_711' title='bbox 1624 4737 1748 4788; x_wconf 86' lang='grc' dir='ltr'><strong>γεν-</strong></span> 
     </span>
    </p>
   </div>
   <div class='ocr_carea' id='block_1_95' title="bbox 179 4814 1746 4889">
    <p class='ocr_par' dir='ltr' id='par_1_95' title="bbox 179 4814 1746 4889">
     <span class='ocr_line' id='line_1_96' title="bbox 179 4814 1746 4889; baseline -0.003 -19"><span class='ocrx_word' id='word_1_712' title='bbox 179 4820 308 4889; x_wconf 64' lang='grc' dir='ltr'><strong>νηθῇ</strong></span> <span class='ocrx_word' id='word_1_713' title='bbox 338 4821 546 4888; x_wconf 78' lang='grc' dir='ltr'><strong>χρόνος,</strong></span> <span class='ocrx_word' id='word_1_714' title='bbox 573 4816 719 4885; x_wconf 70' lang='grc' dir='ltr'><strong>ἥλιος</strong></span> <span class='ocrx_word' id='word_1_715' title='bbox 747 4817 838 4868; x_wconf 73' lang='grc' dir='ltr'><strong>καὶ</strong></span> <span class='ocrx_word' id='word_1_716' title='bbox 871 4815 1062 4885; x_wconf 80' lang='grc' dir='ltr'><strong>σελήνη</strong></span> <span class='ocrx_word' id='word_1_717' title='bbox 1093 4817 1181 4867; x_wconf 74' lang='grc' dir='ltr'><strong>καὶ</strong></span> <span class='ocrx_word' id='word_1_718' title='bbox 1213 4816 1368 4868; x_wconf 83' lang='grc' dir='ltr'><strong>πέντε</strong></span> <span class='ocrx_word' id='word_1_719' title='bbox 1393 4814 1528 4867; x_wconf 82' lang='grc' dir='ltr'><strong>ἄλλα</strong></span> <span class='ocrx_word' id='word_1_720' title='bbox 1552 4814 1746 4884; x_wconf 82' lang='grc' dir='ltr'><strong>ἄστρα,</strong></span> 
     </span>
    </p>
   </div>
   <div class='ocr_carea' id='block_1_96' title="bbox 180 4909 1750 4980">
    <p class='ocr_par' dir='ltr' id='par_1_96' title="bbox 180 4909 1750 4980">
     <span class='ocr_line' id='line_1_97' title="bbox 180 4909 1750 4980; baseline -0.003 -17"><span class='ocrx_word' id='word_1_721' title='bbox 180 4914 400 4980; x_wconf 74' lang='grc' dir='ltr'><strong>ἐπίκλην</strong></span> <span class='ocrx_word' id='word_1_722' title='bbox 432 4911 620 4978; x_wconf 79' lang='grc' dir='ltr'><strong>ἔχοντα</strong></span> <span class='ocrx_word' id='word_1_723' title='bbox 651 4910 935 4977; x_wconf 68' lang='grc' dir='ltr'><strong>πλάνητες,</strong></span> <span class='ocrx_word' id='word_1_724' title='bbox 969 4911 1046 4971; x_wconf 84' lang='grc' dir='ltr'><strong>εἰς</strong></span> <span class='ocrx_word' id='word_1_725' title='bbox 1075 4909 1349 4979; x_wconf 78' lang='grc' dir='ltr'><strong>διορισμὸν</strong></span> <span class='ocrx_word' id='word_1_726' title='bbox 1382 4910 1474 4960; x_wconf 71' lang='grc' dir='ltr'><strong>καὶ</strong></span> <span class='ocrx_word' id='word_1_727' title='bbox 1504 4909 1750 4980; x_wconf 79' lang='grc' dir='ltr'><strong>φυλακὴν</strong></span> 
     </span>
    </p>
   </div>
   <div class='ocr_carea' id='block_1_97' title="bbox 180 5002 1748 5073">
    <p class='ocr_par' dir='ltr' id='par_1_97' title="bbox 180 5002 1748 5073">
     <span class='ocr_line' id='line_1_98' title="bbox 180 5002 1748 5073; baseline 0.001 -19"><span class='ocrx_word' id='word_1_728' title='bbox 180 5003 421 5073; x_wconf 72' lang='grc' dir='ltr'><strong>ἀριθμῶν</strong></span> <span class='ocrx_word' id='word_1_729' title='bbox 452 5003 640 5072; x_wconf 69' lang='grc' dir='ltr'><strong>χρόνον</strong></span> <span class='ocrx_word' id='word_1_730' title='bbox 687 5004 894 5071; x_wconf 75' lang='grc' dir='ltr'><strong>γέγονε.</strong></span> <span class='ocrx_word' id='word_1_731' title='bbox 947 5021 966 5053; x_wconf 81' lang='grc' dir='ltr'><strong>ι</strong></span> <span class='ocrx_word' id='word_1_732' title='bbox 1003 5005 1077 5057; x_wconf 81' lang='lat' dir='ltr'><strong>Ex</strong></span> <span class='ocrx_word' id='word_1_733' title='bbox 1129 5004 1230 5056; x_wconf 87' lang='lat' dir='ltr'><strong>hac</strong></span> <span class='ocrx_word' id='word_1_734' title='bbox 1277 5003 1437 5072; x_wconf 78' lang='lat' dir='ltr'><strong>igitur</strong></span> <span class='ocrx_word' id='word_1_735' title='bbox 1478 5002 1569 5056; x_wconf 87' lang='lat' dir='ltr'><strong>Dei</strong></span> <span class='ocrx_word' id='word_1_736' title='bbox 1603 5002 1748 5055; x_wconf 83' lang='lat' dir='ltr'><strong>circa</strong></span> 
     </span>
    </p>
   </div>
   <div class='ocr_carea' id='block_1_98' title="bbox 181 5094 1750 5163">
    <p class='ocr_par' dir='ltr' id='par_1_98' title="bbox 181 5094 1750 5163">
     <span class='ocr_line' id='line_1_99' title="bbox 181 5094 1750 5163; baseline 0.001 -18"><span class='ocrx_word' id='word_1_737' title='bbox 181 5097 433 5163; x_wconf 83' lang='lat' dir='ltr'><strong>temporis</strong></span> <span class='ocrx_word' id='word_1_738' title='bbox 460 5095 790 5149; x_wconf 74' lang='lat' dir='ltr'><strong>creuionem</strong></span> <span class='ocrx_word' id='word_1_739' title='bbox 822 5096 1026 5148; x_wconf 85' lang='lat' dir='ltr'><strong>ratione</strong></span> <span class='ocrx_word' id='word_1_740' title='bbox 1047 5106 1102 5148; x_wconf 91' lang='lat' dir='ltr'><strong>et</strong></span> <span class='ocrx_word' id='word_1_741' title='bbox 1128 5094 1479 5162; x_wconf 70' lang='lat' dir='ltr'><strong>cogitatione,</strong></span> <span class='ocrx_word' id='word_1_742' title='bbox 1515 5104 1573 5145; x_wconf 93' lang='lat' dir='ltr'><strong>ut</strong></span> <span class='ocrx_word' id='word_1_743' title='bbox 1608 5105 1750 5146; x_wconf 89' lang='lat' dir='ltr'><strong>tem-</strong></span> 
     </span>
    </p>
   </div>
   <div class='ocr_carea' id='block_1_99' title="bbox 182 5187 1744 5256">
    <p class='ocr_par' dir='ltr' id='par_1_99' title="bbox 182 5187 1744 5256">
     <span class='ocr_line' id='line_1_100' title="bbox 182 5187 1744 5256; baseline -0.001 -17"><span class='ocrx_word' id='word_1_744' title='bbox 182 5203 276 5252; x_wconf 79' lang='lat' dir='ltr'><strong>pus</strong></span> <span class='ocrx_word' id='word_1_745' title='bbox 324 5196 634 5248; x_wconf 68' lang='lat' dir='ltr'><strong>crearetur,</strong></span> <span class='ocrx_word' id='word_1_746' title='bbox 662 5187 742 5239; x_wconf 87' lang='lat' dir='ltr'><strong>sol</strong></span> <span class='ocrx_word' id='word_1_747' title='bbox 790 5196 845 5241; x_wconf 90' lang='lat' dir='ltr'><strong>et</strong></span> <span class='ocrx_word' id='word_1_748' title='bbox 889 5188 1011 5239; x_wconf 90' lang='lat' dir='ltr'><strong>luna</strong></span> <span class='ocrx_word' id='word_1_749' title='bbox 1057 5196 1112 5242; x_wconf 94' lang='lat' dir='ltr'><strong>et</strong></span> <span class='ocrx_word' id='word_1_750' title='bbox 1158 5188 1260 5239; x_wconf 82' lang='lat' dir='ltr'><strong>alia</strong></span> <span class='ocrx_word' id='word_1_751' title='bbox 1304 5188 1540 5256; x_wconf 82' lang='lat' dir='ltr'><strong>quinque</strong></span> <span class='ocrx_word' id='word_1_752' title='bbox 1572 5197 1744 5247; x_wconf 86' lang='lat' dir='ltr'><strong>astra,</strong></span> 
     </span>
    </p>
   </div>
   <div class='ocr_carea' id='block_1_100' title="bbox 180 5278 1748 5346">
    <p class='ocr_par' dir='ltr' id='par_1_100' title="bbox 180 5278 1748 5346">
     <span class='ocr_line' id='line_1_101' title="bbox 180 5278 1748 5346; baseline 0.002 -18"><span class='ocrx_word' id='word_1_753' title='bbox 180 5293 294 5341; x_wconf 65' lang='lat' dir='ltr'><strong>qua</strong></span> <span class='ocrx_word' id='word_1_754' title='bbox 337 5278 798 5344; x_wconf 75' lang='lat' dir='ltr'><strong>Cognominantur</strong></span> <span class='ocrx_word' id='word_1_755' title='bbox 845 5279 1093 5346; x_wconf 72' lang='lat' dir='ltr'><strong>planetae,</strong></span> <span class='ocrx_word' id='word_1_756' title='bbox 1139 5281 1208 5332; x_wconf 87' lang='lat' dir='ltr'><strong>ad</strong></span> <span class='ocrx_word' id='word_1_757' title='bbox 1252 5280 1657 5332; x_wconf 86' lang='lat' dir='ltr'><strong>distinctionem</strong></span> <span class='ocrx_word' id='word_1_758' title='bbox 1692 5287 1748 5332; x_wconf 91' lang='lat' dir='ltr'><strong>et</strong></span> 
     </span>
    </p>
   </div>
   <div class='ocr_carea' id='block_1_101' title="bbox 180 5370 1742 5440">
    <p class='ocr_par' dir='ltr' id='par_1_101' title="bbox 180 5370 1742 5440">
     <span class='ocr_line' id='line_1_102' title="bbox 180 5370 1742 5440; baseline 0.004 -24"><span class='ocrx_word' id='word_1_759' title='bbox 180 5370 616 5421; x_wconf 79' lang='lat' dir='ltr'><strong>observationem</strong></span> <span class='ocrx_word' id='word_1_760' title='bbox 665 5385 1012 5424; x_wconf 84' lang='lat' dir='ltr'><strong>numerorum</strong></span> <span class='ocrx_word' id='word_1_761' title='bbox 1057 5372 1315 5440; x_wconf 88' lang='lat' dir='ltr'><strong>temporis</strong></span> <span class='ocrx_word' id='word_1_762' title='bbox 1362 5372 1501 5424; x_wconf 82' lang='lat' dir='ltr'><strong>facta</strong></span> <span class='ocrx_word' id='word_1_763' title='bbox 1547 5380 1694 5425; x_wconf 88' lang='lat' dir='ltr'><strong>sunt.</strong></span> <span class='ocrx_word' id='word_1_764' title='bbox 1723 5391 1742 5423; x_wconf 75' lang='grc' dir='ltr'><strong>ι</strong></span> 
     </span>
    </p>
   </div>
   <div class='ocr_carea' id='block_1_102' title="bbox 179 5458 1748 5534">
    <p class='ocr_par' dir='ltr' id='par_1_102' title="bbox 179 5458 1748 5534">
     <span class='ocr_line' id='line_1_103' title="bbox 179 5458 1748 5534; baseline 0.004 -24"><span class='ocrx_word' id='word_1_765' title='bbox 179 5458 236 5510; x_wconf 65' lang='lat' dir='ltr'><strong>lit</strong></span> <span class='ocrx_word' id='word_1_766' title='bbox 270 5475 322 5524; x_wconf 89' lang='lat' dir='ltr'><strong>p.</strong></span> <span class='ocrx_word' id='word_1_767' title='bbox 353 5461 486 5514; x_wconf 70' lang='lat' dir='ltr'><strong>10w</strong></span> <span class='ocrx_word' id='word_1_768' title='bbox 513 5485 522 5514; x_wconf 93' lang='lat'><em>:</em></span> <span class='ocrx_word' id='word_1_769' title='bbox 559 5461 744 5522; x_wconf 73' lang='grc' dir='ltr'><strong>Οὕτως</strong></span> <span class='ocrx_word' id='word_1_770' title='bbox 773 5461 828 5512; x_wconf 74' lang='grc' dir='ltr'><strong>δὲ</strong></span> <span class='ocrx_word' id='word_1_771' title='bbox 864 5464 966 5525; x_wconf 80' lang='grc' dir='ltr'><strong>πᾶς</strong></span> <span class='ocrx_word' id='word_1_772' title='bbox 1011 5465 1177 5526; x_wconf 74' lang='grc' dir='ltr'><strong>ὄντως</strong></span> <span class='ocrx_word' id='word_1_773' title='bbox 1207 5465 1292 5517; x_wconf 71' lang='grc' dir='ltr'><strong>ἀεὶ</strong></span> <span class='ocrx_word' id='word_1_774' title='bbox 1324 5464 1580 5534; x_wconf 80' lang='grc' dir='ltr'><strong>λογισμὸς</strong></span> <span class='ocrx_word' id='word_1_775' title='bbox 1614 5463 1748 5517; x_wconf 76' lang='grc' dir='ltr'><strong>Θεοῦ</strong></span> 
     </span>
    </p>
   </div>
   <div class='ocr_carea' id='block_1_103' title="bbox 181 5557 1750 5628">
    <p class='ocr_par' dir='ltr' id='par_1_103' title="bbox 181 5557 1750 5628">
     <span class='ocr_line' id='line_1_104' title="bbox 181 5557 1750 5628; baseline 0.006 -21"><span class='ocrx_word' id='word_1_776' title='bbox 181 5557 301 5625; x_wconf 74' lang='grc' dir='ltr'><strong>περὶ</strong></span> <span class='ocrx_word' id='word_1_777' title='bbox 349 5557 441 5608; x_wconf 74' lang='grc' dir='ltr'><strong>τὸν</strong></span> <span class='ocrx_word' id='word_1_778' title='bbox 489 5557 616 5609; x_wconf 81' lang='grc' dir='ltr'><strong>ποτὲ</strong></span> <span class='ocrx_word' id='word_1_779' title='bbox 670 5558 922 5627; x_wconf 73' lang='grc' dir='ltr'><strong>ἐσόμενον</strong></span> <span class='ocrx_word' id='word_1_780' title='bbox 961 5560 1093 5611; x_wconf 75' lang='grc' dir='ltr'><strong>Θεὸν</strong></span> <span class='ocrx_word' id='word_1_781' title='bbox 1141 5560 1438 5628; x_wconf 68' lang='grc' dir='ltr'><strong>λογισθεὶς,</strong></span> <span class='ocrx_word' id='word_1_782' title='bbox 1483 5563 1623 5615; x_wconf 86' lang='grc' dir='ltr'><strong>λεῖον</strong></span> <span class='ocrx_word' id='word_1_783' title='bbox 1657 5565 1750 5616; x_wconf 68' lang='grc' dir='ltr'><strong>καὶ</strong></span> 
     </span>
    </p>
   </div>
   <div class='ocr_carea' id='block_1_104' title="bbox 177 5648 1750 5721">
    <p class='ocr_par' dir='ltr' id='par_1_104' title="bbox 177 5648 1750 5721">
     <span class='ocr_line' id='line_1_105' title="bbox 177 5648 1750 5721; baseline 0.004 -21"><span class='ocrx_word' id='word_1_784' title='bbox 177 5648 369 5716; x_wconf 62' lang='lat' dir='ltr'><strong>epam</strong></span> <span class='ocrx_word' id='word_1_785' title='bbox 391 5687 404 5709; x_wconf 85' lang='lat'><strong>,</strong></span> <span class='ocrx_word' id='word_1_786' title='bbox 450 5649 700 5717; x_wconf 78' lang='grc' dir='ltr'><strong>πανταχῆ</strong></span> <span class='ocrx_word' id='word_1_787' title='bbox 747 5667 804 5702; x_wconf 84' lang='grc' dir='ltr'><strong>τε</strong></span> <span class='ocrx_word' id='word_1_788' title='bbox 839 5653 901 5703; x_wconf 88' lang='grc' dir='ltr'><strong>ἐκ</strong></span> <span class='ocrx_word' id='word_1_789' title='bbox 937 5651 1100 5721; x_wconf 76' lang='grc' dir='ltr'><strong>μέσον</strong></span> <span class='ocrx_word' id='word_1_790' title='bbox 1152 5651 1262 5706; x_wconf 78' lang='grc' dir='ltr'><strong>ἴσον</strong></span> <span class='ocrx_word' id='word_1_791' title='bbox 1282 5693 1297 5717; x_wconf 89' lang='grc'><strong>,</strong></span> <span class='ocrx_word' id='word_1_792' title='bbox 1353 5655 1445 5706; x_wconf 73' lang='grc' dir='ltr'><strong>καὶ</strong></span> <span class='ocrx_word' id='word_1_793' title='bbox 1493 5655 1611 5707; x_wconf 85' lang='grc' dir='ltr'><strong>ὅλον</strong></span> <span class='ocrx_word' id='word_1_794' title='bbox 1655 5656 1750 5708; x_wconf 77' lang='grc' dir='ltr'><strong>καὶ</strong></span> 
     </span>
    </p>
   </div>
   <div class='ocr_carea' id='block_1_105' title="bbox 180 5742 1750 5816">
    <p class='ocr_par' dir='ltr' id='par_1_105' title="bbox 180 5742 1750 5816">
     <span class='ocr_line' id='line_1_106' title="bbox 180 5742 1750 5816; baseline 0.004 -22"><span class='ocrx_word' id='word_1_795' title='bbox 180 5743 350 5794; x_wconf 81' lang='grc' dir='ltr'><strong>τέλεον</strong></span> <span class='ocrx_word' id='word_1_796' title='bbox 406 5745 470 5794; x_wconf 78' lang='grc' dir='ltr'><strong>ἐκ</strong></span> <span class='ocrx_word' id='word_1_797' title='bbox 522 5742 721 5794; x_wconf 79' lang='grc' dir='ltr'><strong>τελέων</strong></span> <span class='ocrx_word' id='word_1_798' title='bbox 778 5747 1044 5814; x_wconf 72' lang='grc' dir='ltr'><strong>σωμάτων</strong></span> <span class='ocrx_word' id='word_1_799' title='bbox 1097 5745 1256 5815; x_wconf 76' lang='grc' dir='ltr'><strong>σῶμα</strong></span> <span class='ocrx_word' id='word_1_800' title='bbox 1314 5746 1555 5816; x_wconf 75' lang='grc' dir='ltr'><strong>ἐποίησε.</strong></span> <span class='ocrx_word' id='word_1_801' title='bbox 1605 5766 1622 5797; x_wconf 78' lang='grc' dir='ltr'><strong>ι</strong></span> <span class='ocrx_word' id='word_1_802' title='bbox 1659 5747 1750 5802; x_wconf 86' lang='lat' dir='ltr'><strong>Sic</strong></span> 
     </span>
    </p>
   </div>
   <div class='ocr_carea' id='block_1_106' title="bbox 181 5836 1748 5910">
    <p class='ocr_par' dir='ltr' id='par_1_106' title="bbox 181 5836 1748 5910">
     <span class='ocr_line' id='line_1_107' title="bbox 181 5836 1748 5910; baseline 0.005 -22"><span class='ocrx_word' id='word_1_803' title='bbox 181 5836 336 5904; x_wconf 74' lang='lat' dir='ltr'><strong>igitur</strong></span> <span class='ocrx_word' id='word_1_804' title='bbox 371 5837 462 5890; x_wconf 83' lang='lat' dir='ltr'><strong>Dei</strong></span> <span class='ocrx_word' id='word_1_805' title='bbox 510 5838 657 5890; x_wconf 71' lang='lat' dir='ltr'><strong>circa</strong></span> <span class='ocrx_word' id='word_1_806' title='bbox 693 5839 928 5894; x_wconf 76' lang='lat' dir='ltr'><strong>futurum</strong></span> <span class='ocrx_word' id='word_1_807' title='bbox 968 5840 1257 5910; x_wconf 86' lang='lat' dir='ltr'><strong>aliquando</strong></span> <span class='ocrx_word' id='word_1_808' title='bbox 1292 5838 1458 5896; x_wconf 87' lang='lat' dir='ltr'><strong>Deum</strong></span> <span class='ocrx_word' id='word_1_809' title='bbox 1502 5841 1748 5896; x_wconf 83' lang='lat' dir='ltr'><strong>instituta</strong></span> 
     </span>
    </p>
   </div>
   <div class='ocr_carea' id='block_1_107' title="bbox 1852 4622 3432 4700">
    <p class='ocr_par' dir='ltr' id='par_1_107' title="bbox 1852 4622 3432 4700">
     <span class='ocr_line' id='line_1_108' title="bbox 1852 4622 3432 4700; baseline -0.007 -16"><span class='ocrx_word' id='word_1_810' title='bbox 1852 4633 2014 4700; x_wconf 65' lang='grc' dir='ltr'><strong>φύσει</strong></span> <span class='ocrx_word' id='word_1_811' title='bbox 2046 4629 2266 4685; x_wconf 84' lang='grc' dir='ltr'><strong>δυνατά.</strong></span> <span class='ocrx_word' id='word_1_812' title='bbox 2309 4648 2327 4679; x_wconf 78' lang='grc' dir='ltr'><strong>ι</strong></span> <span class='ocrx_word' id='word_1_813' title='bbox 2361 4627 2530 4680; x_wconf 83' lang='lat' dir='ltr'><strong>Nemo</strong></span> <span class='ocrx_word' id='word_1_814' title='bbox 2575 4627 2801 4679; x_wconf 91' lang='lat' dir='ltr'><strong>omnino</strong></span> <span class='ocrx_word' id='word_1_815' title='bbox 2837 4639 2904 4676; x_wconf 87' lang='lat' dir='ltr'><strong>ex</strong></span> <span class='ocrx_word' id='word_1_816' title='bbox 2952 4622 3109 4677; x_wconf 83' lang='lat' dir='ltr'><strong>nobis</strong></span> <span class='ocrx_word' id='word_1_817' title='bbox 3153 4622 3432 4676; x_wconf 87' lang='lat' dir='ltr'><strong>existimet</strong></span> 
     </span>
    </p>
   </div>
   <div class='ocr_carea' id='block_1_108' title="bbox 1850 4712 3433 4791">
    <p class='ocr_par' dir='ltr' id='par_1_108' title="bbox 1850 4712 3433 4791">
     <span class='ocr_line' id='line_1_109' title="bbox 1850 4712 3433 4791; baseline -0.006 -14"><span class='ocrx_word' id='word_1_818' title='bbox 1850 4725 1987 4778; x_wconf 81' lang='lat' dir='ltr'><strong>alios</strong></span> <span class='ocrx_word' id='word_1_819' title='bbox 2030 4723 2244 4791; x_wconf 84' lang='lat' dir='ltr'><strong>quidem</strong></span> <span class='ocrx_word' id='word_1_820' title='bbox 2278 4723 2407 4774; x_wconf 88' lang='lat' dir='ltr'><strong>deos</strong></span> <span class='ocrx_word' id='word_1_821' title='bbox 2437 4732 2583 4782; x_wconf 85' lang='lat' dir='ltr'><strong>esse,</strong></span> <span class='ocrx_word' id='word_1_822' title='bbox 2625 4717 2762 4770; x_wconf 91' lang='lat' dir='ltr'><strong>alios</strong></span> <span class='ocrx_word' id='word_1_823' title='bbox 2802 4731 2930 4768; x_wconf 85' lang='lat' dir='ltr'><strong>vero</strong></span> <span class='ocrx_word' id='word_1_824' title='bbox 2973 4730 3113 4778; x_wconf 90' lang='lat' dir='ltr'><strong>non;</strong></span> <span class='ocrx_word' id='word_1_825' title='bbox 3155 4722 3245 4766; x_wconf 91' lang='lat' dir='ltr'><strong>aut</strong></span> <span class='ocrx_word' id='word_1_826' title='bbox 3289 4712 3433 4767; x_wconf 87' lang='lat' dir='ltr'><strong>alios</strong></span> 
     </span>
    </p>
   </div>
   <div class='ocr_carea' id='block_1_109' title="bbox 1857 4805 3426 4881">
    <p class='ocr_par' dir='ltr' id='par_1_109' title="bbox 1857 4805 3426 4881">
     <span class='ocr_line' id='line_1_110' title="bbox 1857 4805 3426 4881; baseline -0.007 -12"><span class='ocrx_word' id='word_1_827' title='bbox 1857 4815 2163 4881; x_wconf 82' lang='lat' dir='ltr'><strong>legitimos,</strong></span> <span class='ocrx_word' id='word_1_828' title='bbox 2193 4812 2327 4866; x_wconf 88' lang='lat' dir='ltr'><strong>tales</strong></span> <span class='ocrx_word' id='word_1_829' title='bbox 2356 4827 2489 4866; x_wconf 89' lang='lat' dir='ltr'><strong>vero</strong></span> <span class='ocrx_word' id='word_1_830' title='bbox 2519 4811 2676 4874; x_wconf 88' lang='lat' dir='ltr'><strong>alios,</strong></span> <span class='ocrx_word' id='word_1_831' title='bbox 2717 4808 2906 4878; x_wconf 88' lang='lat' dir='ltr'><strong>quales</strong></span> <span class='ocrx_word' id='word_1_832' title='bbox 2937 4809 3087 4862; x_wconf 81' lang='lat' dir='ltr'><strong>nefas</strong></span> <span class='ocrx_word' id='word_1_833' title='bbox 3127 4807 3198 4859; x_wconf 88' lang='lat' dir='ltr'><strong>sit</strong></span> <span class='ocrx_word' id='word_1_834' title='bbox 3226 4805 3426 4858; x_wconf 81' lang='lat' dir='ltr'><strong>dicere.</strong></span> 
     </span>
    </p>
   </div>
   <div class='ocr_carea' id='block_1_110' title="bbox 1851 4899 3430 4964">
    <p class='ocr_par' dir='ltr' id='par_1_110' title="bbox 1851 4899 3430 4964">
     <span class='ocr_line' id='line_1_111' title="bbox 1851 4899 3430 4964; baseline -0.009 0"><span class='ocrx_word' id='word_1_835' title='bbox 1851 4911 1958 4964; x_wconf 85' lang='lat' dir='ltr'><strong>Sed</strong></span> <span class='ocrx_word' id='word_1_836' title='bbox 1992 4909 2196 4963; x_wconf 80' lang='lat' dir='ltr'><strong>fratres</strong></span> <span class='ocrx_word' id='word_1_837' title='bbox 2238 4922 2430 4961; x_wconf 90' lang='lat' dir='ltr'><strong>omnes</strong></span> <span class='ocrx_word' id='word_1_838' title='bbox 2462 4921 2527 4959; x_wconf 86' lang='lat' dir='ltr'><strong>ac</strong></span> <span class='ocrx_word' id='word_1_839' title='bbox 2554 4905 2607 4958; x_wconf 94' lang='lat' dir='ltr'><strong>in</strong></span> <span class='ocrx_word' id='word_1_840' title='bbox 2641 4903 2892 4958; x_wconf 86' lang='lat' dir='ltr'><strong>fraternis</strong></span> <span class='ocrx_word' id='word_1_841' title='bbox 2931 4901 3169 4955; x_wconf 87' lang='lat' dir='ltr'><strong>sortibus</strong></span> <span class='ocrx_word' id='word_1_842' title='bbox 3199 4914 3317 4953; x_wconf 89' lang='lat' dir='ltr'><strong>esse</strong></span> <span class='ocrx_word' id='word_1_843' title='bbox 3349 4899 3430 4951; x_wconf 87' lang='lat' dir='ltr'><strong>di-</strong></span> 
     </span>
    </p>
   </div>
   <div class='ocr_carea' id='block_1_111' title="bbox 1848 4992 3429 5070">
    <p class='ocr_par' dir='ltr' id='par_1_111' title="bbox 1848 4992 3429 5070">
     <span class='ocr_line' id='line_1_112' title="bbox 1848 4992 3429 5070; baseline -0.008 -12"><span class='ocrx_word' id='word_1_844' title='bbox 1848 5019 2064 5064; x_wconf 87' lang='lat' dir='ltr'><strong>camus,</strong></span> <span class='ocrx_word' id='word_1_845' title='bbox 2116 5002 2292 5070; x_wconf 85' lang='lat' dir='ltr'><strong>iisque</strong></span> <span class='ocrx_word' id='word_1_846' title='bbox 2338 5003 2574 5055; x_wconf 86' lang='lat' dir='ltr'><strong>honores</strong></span> <span class='ocrx_word' id='word_1_847' title='bbox 2612 4996 2999 5055; x_wconf 86' lang='lat' dir='ltr'><strong>adhibeamus,</strong></span> <span class='ocrx_word' id='word_1_848' title='bbox 3046 5008 3152 5046; x_wconf 93' lang='lat' dir='ltr'><strong>non</strong></span> <span class='ocrx_word' id='word_1_849' title='bbox 3189 4992 3280 5045; x_wconf 93' lang='lat' dir='ltr'><strong>alii</strong></span> <span class='ocrx_word' id='word_1_850' title='bbox 3329 5006 3429 5045; x_wconf 87' lang='lat' dir='ltr'><strong>au-</strong></span> 
     </span>
    </p>
   </div>
   <div class='ocr_carea' id='block_1_112' title="bbox 1851 5085 3426 5159">
    <p class='ocr_par' dir='ltr' id='par_1_112' title="bbox 1851 5085 3426 5159">
     <span class='ocr_line' id='line_1_113' title="bbox 1851 5085 3426 5159; baseline -0.007 -11"><span class='ocrx_word' id='word_1_851' title='bbox 1851 5111 2002 5159; x_wconf 89' lang='lat' dir='ltr'><strong>nnm,</strong></span> <span class='ocrx_word' id='word_1_852' title='bbox 2030 5093 2119 5145; x_wconf 89' lang='lat' dir='ltr'><strong>alii</strong></span> <span class='ocrx_word' id='word_1_853' title='bbox 2153 5106 2418 5153; x_wconf 89' lang='lat' dir='ltr'><strong>mensem,</strong></span> <span class='ocrx_word' id='word_1_854' title='bbox 2448 5089 2537 5142; x_wconf 89' lang='lat' dir='ltr'><strong>alii</strong></span> <span class='ocrx_word' id='word_1_855' title='bbox 2571 5103 2699 5143; x_wconf 79' lang='lat' dir='ltr'><strong>vero</strong></span> <span class='ocrx_word' id='word_1_856' title='bbox 2725 5087 2926 5140; x_wconf 83' lang='lat' dir='ltr'><strong>nullam</strong></span> <span class='ocrx_word' id='word_1_857' title='bbox 2945 5094 3149 5153; x_wconf 85' lang='lat' dir='ltr'><strong>partem</strong></span> <span class='ocrx_word' id='word_1_858' title='bbox 3175 5085 3426 5150; x_wconf 82' lang='lat' dir='ltr'><strong>assigne-</strong></span> 
     </span>
    </p>
   </div>
   <div class='ocr_carea' id='block_1_113' title="bbox 1851 5174 3426 5250">
    <p class='ocr_par' dir='ltr' id='par_1_113' title="bbox 1851 5174 3426 5250">
     <span class='ocr_line' id='line_1_114' title="bbox 1851 5174 3426 5250; baseline -0.009 -11"><span class='ocrx_word' id='word_1_859' title='bbox 1851 5203 2000 5249; x_wconf 83' lang='lat' dir='ltr'><strong>mus,</strong></span> <span class='ocrx_word' id='word_1_860' title='bbox 2053 5197 2154 5236; x_wconf 88' lang='lat' dir='ltr'><strong>nec</strong></span> <span class='ocrx_word' id='word_1_861' title='bbox 2198 5193 2409 5250; x_wconf 85' lang='lat' dir='ltr'><strong>tempus</strong></span> <span class='ocrx_word' id='word_1_862' title='bbox 2453 5179 2658 5241; x_wconf 90' lang='lat' dir='ltr'><strong>ullum,</strong></span> <span class='ocrx_word' id='word_1_863' title='bbox 2707 5177 2760 5230; x_wconf 89' lang='lat' dir='ltr'><strong>in</strong></span> <span class='ocrx_word' id='word_1_864' title='bbox 2809 5192 2916 5246; x_wconf 84' lang='lat' dir='ltr'><strong>quo</strong></span> <span class='ocrx_word' id='word_1_865' title='bbox 2962 5174 3224 5232; x_wconf 88' lang='lat' dir='ltr'><strong>circulum</strong></span> <span class='ocrx_word' id='word_1_866' title='bbox 3268 5187 3426 5226; x_wconf 87' lang='lat' dir='ltr'><strong>suum</strong></span> 
     </span>
    </p>
   </div>
   <div class='ocr_carea' id='block_1_114' title="bbox 1852 5270 3423 5353">
    <p class='ocr_par' dir='ltr' id='par_1_114' title="bbox 1852 5270 3423 5353">
     <span class='ocr_line' id='line_1_115' title="bbox 1852 5270 3423 5353; baseline -0.011 -16"><span class='ocrx_word' id='word_1_867' title='bbox 1852 5283 2144 5353; x_wconf 85' lang='lat' dir='ltr'><strong>percurrit,</strong></span> <span class='ocrx_word' id='word_1_868' title='bbox 2184 5282 2443 5335; x_wconf 90' lang='lat' dir='ltr'><strong>mundum</strong></span> <span class='ocrx_word' id='word_1_869' title='bbox 2471 5278 2782 5346; x_wconf 82' lang='lat' dir='ltr'><strong>perliciens,</strong></span> <span class='ocrx_word' id='word_1_870' title='bbox 2819 5289 2977 5342; x_wconf 84' lang='lat' dir='ltr'><strong>quem</strong></span> <span class='ocrx_word' id='word_1_871' title='bbox 3016 5273 3154 5326; x_wconf 90' lang='lat' dir='ltr'><strong>ratio</strong></span> <span class='ocrx_word' id='word_1_872' title='bbox 3183 5270 3423 5323; x_wconf 85' lang='lat' dir='ltr'><strong>omnium</strong></span> 
     </span>
    </p>
   </div>
   <div class='ocr_carea' id='block_1_115' title="bbox 1853 5361 3424 5435">
    <p class='ocr_par' dir='ltr' id='par_1_115' title="bbox 1853 5361 3424 5435">
     <span class='ocr_line' id='line_1_116' title="bbox 1853 5361 3424 5435; baseline -0.011 -6"><span class='ocrx_word' id='word_1_873' title='bbox 1853 5376 2188 5429; x_wconf 85' lang='lat' dir='ltr'><strong>divinissima</strong></span> <span class='ocrx_word' id='word_1_874' title='bbox 2249 5373 2512 5426; x_wconf 88' lang='lat' dir='ltr'><strong>visibilem</strong></span> <span class='ocrx_word' id='word_1_875' title='bbox 2567 5370 2758 5423; x_wconf 87' lang='lat' dir='ltr'><strong>statuit</strong></span> <span class='ocrx_word' id='word_1_876' title='bbox 2803 5385 2816 5420; x_wconf 91' lang='lat'>:</span> <span class='ocrx_word' id='word_1_877' title='bbox 2861 5381 3022 5435; x_wconf 87' lang='lat' dir='ltr'><strong>quem</strong></span> <span class='ocrx_word' id='word_1_878' title='bbox 3074 5364 3292 5433; x_wconf 88' lang='lat' dir='ltr'><strong>quidem</strong></span> <span class='ocrx_word' id='word_1_879' title='bbox 3343 5361 3424 5413; x_wconf 91' lang='lat' dir='ltr'><strong>vir</strong></span> 
     </span>
    </p>
   </div>
   <div class='ocr_carea' id='block_1_116' title="bbox 1853 5451 3421 5534">
    <p class='ocr_par' dir='ltr' id='par_1_116' title="bbox 1853 5451 3421 5534">
     <span class='ocr_line' id='line_1_117' title="bbox 1853 5451 3421 5534; baseline -0.012 -13"><span class='ocrx_word' id='word_1_880' title='bbox 1853 5468 2043 5521; x_wconf 86' lang='lat' dir='ltr'><strong>beatus</strong></span> <span class='ocrx_word' id='word_1_881' title='bbox 2084 5467 2258 5534; x_wconf 88' lang='lat' dir='ltr'><strong>primo</strong></span> <span class='ocrx_word' id='word_1_882' title='bbox 2309 5463 2633 5522; x_wconf 88' lang='lat' dir='ltr'><strong>admiratur,</strong></span> <span class='ocrx_word' id='word_1_883' title='bbox 2682 5457 2873 5511; x_wconf 87' lang='lat' dir='ltr'><strong>deinde</strong></span> <span class='ocrx_word' id='word_1_884' title='bbox 2922 5455 3077 5508; x_wconf 87' lang='lat' dir='ltr'><strong>ardet</strong></span> <span class='ocrx_word' id='word_1_885' title='bbox 3127 5451 3421 5522; x_wconf 86' lang='lat' dir='ltr'><strong>cupiditate</strong></span> 
     </span>
    </p>
   </div>
   <div class='ocr_carea' id='block_1_117' title="bbox 1851 5546 3422 5627">
    <p class='ocr_par' dir='ltr' id='par_1_117' title="bbox 1851 5546 3422 5627">
     <span class='ocr_line' id='line_1_118' title="bbox 1851 5546 3422 5627; baseline -0.013 -11"><span class='ocrx_word' id='word_1_886' title='bbox 1851 5577 1915 5616; x_wconf 88' lang='lat' dir='ltr'><strong>ea</strong></span> <span class='ocrx_word' id='word_1_887' title='bbox 1947 5559 2224 5623; x_wconf 89' lang='lat' dir='ltr'><strong>discendi,</strong></span> <span class='ocrx_word' id='word_1_888' title='bbox 2253 5569 2589 5627; x_wconf 67' lang='lat' dir='ltr'><strong>quaecunque</strong></span> <span class='ocrx_word' id='word_1_889' title='bbox 2630 5562 2823 5606; x_wconf 84' lang='lat' dir='ltr'><strong>natura</strong></span> <span class='ocrx_word' id='word_1_890' title='bbox 2861 5546 3105 5603; x_wconf 89' lang='lat' dir='ltr'><strong>mortalis</strong></span> <span class='ocrx_word' id='word_1_891' title='bbox 3142 5546 3422 5614; x_wconf 82' lang='lat' dir='ltr'><strong>percipere</strong></span> 
     </span>
    </p>
   </div>
   <div class='ocr_carea' id='block_1_118' title="bbox 1853 5663 2098 5724">
    <p class='ocr_par' dir='ltr' id='par_1_118' title="bbox 1853 5663 2098 5724">
     <span class='ocr_line' id='line_1_119' title="bbox 1853 5663 2098 5724; baseline -0.024 -17"><span class='ocrx_word' id='word_1_892' title='bbox 1853 5663 2049 5724; x_wconf 79' lang='lat' dir='ltr'><strong>potest.</strong></span> <span class='ocrx_word' id='word_1_893' title='bbox 2082 5671 2098 5701; x_wconf 78' lang='grc' dir='ltr'>ι</span> 
     </span>
    </p>
   </div>
   <div class='ocr_carea' id='block_1_119' title="bbox 1929 5732 3418 5807">
    <p class='ocr_par' dir='ltr' id='par_1_119' title="bbox 1929 5732 3418 5807">
     <span class='ocr_line' id='line_1_120' title="bbox 1929 5732 3418 5807; baseline -0.015 -8"><span class='ocrx_word' id='word_1_894' title='bbox 1929 5745 2061 5799; x_wconf 63' lang='lat' dir='ltr'><strong>Haec</strong></span> <span class='ocrx_word' id='word_1_895' title='bbox 2104 5745 2302 5804; x_wconf 70' lang='lat' dir='ltr'><strong>verba,</strong></span> <span class='ocrx_word' id='word_1_896' title='bbox 2349 5757 2506 5807; x_wconf 86' lang='lat' dir='ltr'><strong>quem</strong></span> <span class='ocrx_word' id='word_1_897' title='bbox 2546 5743 2725 5794; x_wconf 66' lang='lat' dir='ltr'><strong>beatus</strong></span> <span class='ocrx_word' id='word_1_898' title='bbox 2775 5741 2854 5792; x_wconf 80' lang='lat' dir='ltr'><strong>vir</strong></span> <span class='ocrx_word' id='word_1_899' title='bbox 2895 5737 3061 5806; x_wconf 84' lang='lat' dir='ltr'><strong>primo</strong></span> <span class='ocrx_word' id='word_1_900' title='bbox 3105 5732 3418 5790; x_wconf 76' lang='lat' dir='ltr'><strong>admiratur,</strong></span> 
     </span>
    </p>
   </div>
   <div class='ocr_carea' id='block_1_120' title="bbox 1854 5827 3422 5906">
    <p class='ocr_par' dir='ltr' id='par_1_120' title="bbox 1854 5827 3422 5906">
     <span class='ocr_line' id='line_1_121' title="bbox 1854 5827 3422 5906; baseline -0.014 -10"><span class='ocrx_word' id='word_1_901' title='bbox 1854 5855 1959 5895; x_wconf 89' lang='lat' dir='ltr'><strong>non</strong></span> <span class='ocrx_word' id='word_1_902' title='bbox 1993 5840 2058 5892; x_wconf 91' lang='lat' dir='ltr'><strong>ad</strong></span> <span class='ocrx_word' id='word_1_903' title='bbox 2088 5838 2263 5906; x_wconf 77' lang='grc' dir='ltr'><strong>λόγον,</strong></span> <span class='ocrx_word' id='word_1_904' title='bbox 2291 5837 2381 5892; x_wconf 88' lang='lat' dir='ltr'><strong>sed</strong></span> <span class='ocrx_word' id='word_1_905' title='bbox 2413 5838 2476 5890; x_wconf 84' lang='lat' dir='ltr'><strong>ad</strong></span> <span class='ocrx_word' id='word_1_906' title='bbox 2512 5837 2769 5890; x_wconf 86' lang='lat' dir='ltr'><strong>mundum</strong></span> <span class='ocrx_word' id='word_1_907' title='bbox 2805 5833 2990 5888; x_wconf 80' lang='lat' dir='ltr'><strong>referri</strong></span> <span class='ocrx_word' id='word_1_908' title='bbox 3025 5831 3240 5890; x_wconf 68' lang='lat' dir='ltr'><strong>debent,</strong></span> <span class='ocrx_word' id='word_1_909' title='bbox 3268 5827 3422 5895; x_wconf 73' lang='lat' dir='ltr'><strong>cujus</strong></span> 
     </span>
    </p>
   </div>
  </div>
