4120 6408
717 356 790 410 τι
1590 355 1651 409 S.
1692 352 2026 409 JUSTINUS
2055 353 2535 411 PHILOSOPHUS
2564 356 2652 414 ET
2686 359 2994 416 MARTYR.
3885 364 3957 419 28

724 493 1013 547 admiratio
1066 492 1218 547 initia
1278 491 1435 547 nobis
1488 492 1729 549 discendi
1779 504 1834 549 et
1882 496 2055 563 prima
2115 495 2281 550 veluti
2314 485 2351 541 Α

2322 485 2359 541 Α
2463 477 2595 533 ϐωιὶ
2628 482 2845 535 nomine
2871 481 3130 536 mundum
3162 497 3190 534 a
3243 480 3468 537 Platone
3508 483 3779 553 designari
3809 492 3949 551 patet

722 586 989 637 elementa
1021 584 1359 651 suppeditat,
1409 583 1550 652 quod
1586 585 1651 637 de
1688 584 1889 639 divina!
1930 585 2155 638 rationis
2189 585 2286 637 ad-

2388 584 2455 625 ex
2478 571 2564 625 bis
2587 572 2769 625 verbis
2793 570 2999 637 πικρή,
3042 588 3097 642 p.
3125 573 3265 628 1047
3291 592 3307 627 :
3353 575 3411 627 ὐ
3438 574 3501 644 δὴ
3530 572 3885 646 πᾶςοΰρανὸς
3915 575 3947 643 ἢ

725 676 1021 730 miratione
1066 676 1172 729 diei
1228 686 1332 727 non
1388 684 1584 744 potest.
1624 674 1719 728 Ille
1762 685 1941 730 autem
1995 676 2152 742 λόγος
2194 674 2287 746 qui

2390 664 2613 732 κόσμος,
2645 664 2679 733 ἢ
2708 664 2799 717 καί
2826 663 2972 728 ἄλλο,
3003 665 3032 717 δ
3056 663 3111 717 τί
3136 681 3265 718 ποτε
3304 665 3700 737 ὀνομαζόμενος
3741 666 3949 736 μάλιστ’

723 770 979 820 mundum
1013 765 1238 828 creavit,
1268 783 1369 819 non
1402 766 1576 835 magis
1609 780 1900 836 personam
1929 782 1956 819 a
1990 768 2098 821 Deo
2128 767 2289 821 Patre

2388 752 2453 806 ἂν
2470 752 2696 823 δέχοιτο,
2711 752 2854 806 τοῦθ’
2884 755 3016 825 ἡμῖν
3034 754 3353 826 ὠνομάσθω.
3378 773 3396 809 t
3420 756 3529 812 Hoc
3547 765 3723 811 autem
3739 758 3948 810 univer-

722 857 1031 909 tlistinctam
1066 856 1167 909 hoc
1213 854 1331 909 loco
1363 854 1633 925 designat,
1673 870 1835 923 quam
1877 856 1930 909 in
1962 854 2082 910 aliis
2121 871 2284 920 supra

2388 858 2505 897 sum
2527 844 2722 899 ctelum
2744 844 2824 899 vel
2848 847 3098 912 mundus,
3130 861 3223 901 seu
3250 862 3358 916 quo
3390 848 3497 901 alio
3525 847 3744 902 nomine
3758 848 3948 919 appel.

721 946 922 1009 allatis,
950 954 1041 998 aut
1067 946 1228 1001 etiam
1271 946 1322 998 in
1360 946 1461 1000 isto
1491 961 1554 1000 ex
1589 946 1855 1000 Phaedone
1879 962 1929 1014 p.
1957 947 2025 1002 85
2054 964 2067 1001 :
2108 964 2127 999 ι
2157 946 2285 1001 Ela-

2385 933 2486 987 lari
2504 948 2562 987 se
2589 934 2820 989 maxime
2840 936 3053 1005 probet,
3080 952 3107 990 a
3126 936 3278 991 nobis
3301 936 3646 1006 appelletur.»
3663 937 3797 993 Cum
3820 953 3947 1009 ergo

721 1042 1023 1096 liorandnm
1053 1050 1167 1104 est,
1201 1048 1259 1091 ut
1307 1040 1663 1093 humanarum
1706 1041 1977 1093 rationum
2024 1040 2284 1110 Optimam

2388 1028 2619 1083 mundus
2677 1029 2781 1086 hoc
2834 1031 2956 1087 loco
3015 1036 3069 1085 a'
3106 1032 3332 1087 Platone
3392 1036 3630 1088 omnium
3682 1036 3946 1087 bonorum

720 1140 775 1184 et
807 1146 925 1199 qua:
964 1131 1187 1186 minime
1220 1130 1441 1183 refutari
1489 1132 1699 1199 possit,
1749 1130 2029 1202 eligentes,
2074 1133 2121 1185 ei
2157 1132 2287 1185 insi-
2385 1134 2548 1175 causa
2586 1130 2643 1175 ει
2683 1120 2823 1176 θουε
2853 1132 2906 1177 ει
2933 1138 2962 1176 ει
2994 1125 3207 1178 Galeris
3235 1125 3338 1179 diis
3382 1135 3437 1179 ει
3478 1126 3811 1178 άεεηιοηίιιυε
3842 1125 3947 1179 C0"

722 1223 969 1283 tleamus,
1003 1232 1062 1275 ut
1100 1220 1188 1274 illa
1225 1230 1478 1290 tanquam
1514 1231 1627 1277 rate
1659 1222 1817 1286 vecti,
1851 1223 1972 1277 vitae
2013 1222 2165 1277 istius
2198 1238 2285 1289 pe-

2386 1210 2579 1266 solittts
2601 1212 2844 1280 dicatur;
2894 1214 2941 1267 is
2971 1215 3037 1269 de
3063 1230 3170 1284 quo
3224 1215 3278 1269 in
3320 1217 3599 1285 superiore
3635 1217 3949 1270 testimonio

722 1311 889 1367 ricula
920 1314 1305 1383 enavigenuts;
1342 1318 1444 1371 nisi
1476 1317 1598 1385 quis
1638 1316 1806 1385 possit
1850 1319 2093 1370 certiore
2125 1315 2287 1369 tutio-

2384 1306 2576 1357 eadem
2637 1304 2932 1370 dicuntur,
2987 1308 3223 1361 mundus
3261 1306 3501 1376 profecto
3551 1306 3948 1361 existimandus

721 1419 889 1471 reque
926 1405 1104 1469 modo,
1136 1406 1342 1461 ‘tutinre
1371 1408 1621 1461 videlicet
1668 1406 1933 1467 vehiculo,
1978 1415 2072 1459 aut
2103 1407 2282 1459 divina
2384 1404 2491 1449 85l-
2524 1394 2663 1462 Quin
2696 1397 2860 1451 etiam
2893 1414 2960 1452 ex
3013 1399 3320 1469 posteriore
3350 1399 3659 1453 testimonio
3692 1399 3949 1466 superius

719 1495 897 1564 aliqua
930 1496 1144 1549 ratione
1176 1497 1380 1551 traduci
1427 1508 1591 1563 atque
1624 1497 1939 1560 transmitti,
1973 1516 1992 1549 ι
2045 1499 2136 1553 ἐπὶ
2196 1494 2281 1564 βε-

2385 1485 2464 1538 sie
2486 1484 2703 1539 videtur
2729 1488 3146 1551 emendandum,
3175 1487 3264 1539 τὸν
3286 1488 3394 1540 τῶν
3421 1488 3635 1542 πάντων
3658 1488 3796 1540 θεῶν
3818 1492 3948 1557 ἡγε-

717 1587 996 1659 ῦαιοτέρου
1044 1589 1315 1659 Αχήματος
1348 1591 1380 1661 ἢ
1413 1590 1568 1659 λόγου
1618 1589 1760 1643 θείου
1810 1606 1952 1653 τινος
1999 1590 2283 1658 διαπορευ-

2389 1578 2546 1646 μόνα,
2578 1580 2810 1631 omnium
2836 1580 3054 1633 deorum
3076 1581 3259 1633 ducem
3288 1581 3604 1649 invocantes,
3636 1584 3779 1639 hunc
3800 1586 3946 1638 enim

717 1677 894 1749 θῆναι.
2385 1684 2562 1721 omnes
2601 1669 2695 1721 alii
2718 1671 2980 1723 daemones
3002 1671 3160 1723 simul
3181 1680 3228 1724 et
3267 1674 3345 1725 dii
3384 1674 3581 1729 colunt.
3612 1674 3731 1729 Mox
3759 1678 3951 1731 deesse

787 1769 871 1825 ΙΙΙ.
903 1771 1127 1842 Propius
1162 1774 1423 1830 accedere
1455 1774 1669 1829 videtur
1697 1774 1765 1829 ad
1798 1772 2091 1828 Christiani
2127 1772 2283 1825 insti—
2316 1836 2349 1842 _
2386 1771 2414 1809 ν

2386 1757 2600 1811 videtur
2636 1759 2825 1823 αἴτιον,
2886 1761 2961 1814 ita
2998 1772 3055 1815 ιιι
3104 1764 3423 1817 vertendum
3457 1765 3546 1828 sit,
3595 1782 3775 1818 eorum
3829 1784 3948 1836 qua:

718 1862 819 1916 tuti
866 1836 1296 1929 similitudinem,
1328 1866 1378 1918 in
1412 1863 1654 1933 Epistula
1688 1866 1754 1917 ad
1808 1862 2103 1927 Ilermiam,
2141 1862 2283 1916 Fra-
2313 1836 2345 1891 Ε

2319 1836 2355 1891 Β
2383 1859 2502 1903 sunt
2528 1860 2575 1903 et
2604 1865 2785 1903 eorum
2812 1868 2930 1920 qua!
2951 1853 3134 1921 futura
3183 1865 3331 1917 sunt,
3364 1873 3600 1916 causam.
3652 1856 3848 1911 Vocem
3879 1859 3946 1913 il-

714 1972 851 2009 stum
879 1965 925 2010 et
958 1955 1249 2021 Cariscum,
1278 1972 1411 2026 quos
1439 1957 1709 2020 hortatur,
1737 1965 1793 2009 ut
1824 1955 2117 2009 amicitiam
2148 1953 2287 2007 inter

2385 1940 2512 2003 lam,
2569 1942 2759 2006 αἴτιον,
2809 1945 3077 1999 excidisse
3127 1945 3359 2014 probant
3404 1951 3714 2017 sequentia,
3758 1949 3853 2003 τοῦ
3886 1968 3950 2004 τε

715 2061 775 2100 se
824 2047 1041 2113 ineant,
1090 2061 1319 2117 eamque
1378 2049 1479 2102 hoc
1515 2046 1868 2115 jurejurando
1917 2046 2281 2102 conﬁrment:

1604 2046 1868 2114 ‘cjurando
1917 2046 2233 2102 conﬁrment
2265 2060 2281 2098 :
2381 2032 2649 2105 ἡγεμόνος
2682 2038 2775 2088 καὶ
2796 2036 2969 2089 αἶτίου
3002 2037 3231 2108 πατέρα-

725 2136 1090 2207 Ἐπομνύντας
1122 2138 1320 2208 σπουδῇ
1350 2155 1405 2189 τε
1437 2137 1551 2207 ἅμα
1585 2138 1657 2208 μὴ
1694 2137 1917 2209 ἀμούσῳ
1944 2138 2037 2191 καὶ
2080 2139 2143 2206 τῇ
2184 2133 2284 2204 τῆς

2452 2125 2617 2179 Multa
2652 2127 2757 2180 alia
2791 2128 2859 2182 de
2892 2131 3091 2184 mundo
3133 2132 3187 2184 in
3217 2130 3459 2186 eamdem
3507 2136 3837 2189 sententiam
3864 2136 3955 2190 di-

715 2228 949 2299 σπουδῆς
980 2230 1178 2299 ἀδελφῇ
1215 2228 1459 2298 παιδείᾳ,
1496 2229 1587 2281 καὶ
1626 2230 1716 2280 τὸν
1756 2227 1865 2280 τῶν
1908 2228 2121 2281 πάντων
2152 2225 2282 2278 Θεὸν

2381 2226 2468 2270 cta
2507 2219 2773 2286 reperias.
2806 2219 2862 2274 in
2918 2220 3141 2287 Timaao,
3204 2240 3259 2293 p.
3320 2225 3498 2279 1N9:
3561 2228 3659 2280 Διὰ
3686 2230 3949 2299 πάνταδὴ

710 2322 952 2391 ἡγεμόνα
994 2322 1101 2374 τῶν
1131 2338 1187 2373 τε
1233 2321 1402 2373 ὅντων
1442 2322 1533 2372 καὶ
1584 2320 1691 2373 τῶν
1740 2320 2057 2390 μελλόντων⁹
2088 2318 2180 2372 τοῦ
2222 2334 2281 2370 τε
2378 2309 2549 2363 ταῦτα
2578 2310 2868 2382 εὐδαίμονα
2900 2313 3032 2366 Θεὸν
3062 2316 3223 2369 αὐτὸν
3252 2318 3593 2387 ἐγεννήσατο.
3647 2338 3667 2366 ι
3702 2321 3797 2374 His
3824 2336 3948 2374 om-

710 2414 972 2483 ἡγεμόνος
1002 2416 1091 2468 καὶ
1127 2414 1299 2467 αἰτίον)
1334 2416 1541 2483 πατέρα
1576 2413 1782 2483 κύριον,
1815 2412 2168 2482 ἐπομνύντας,
2200 2412 2276 2473 ὃν,

2382 2402 2541 2454 nibus
2586 2403 2650 2456 de
2703 2407 2884 2458 causis
2940 2406 3156 2459 beatum
3209 2407 3357 2462 illum
3412 2409 3577 2463 Deum
3604 2412 3843 2481 genuit.»
3879 2413 3951 2469 Et

708 2504 774 2556 ἂν
802 2504 966 2567 ὅντως
1003 2504 1396 2575 φιλοσοφῶμεν,
1436 2505 1694 2576 εἱσάμεθα
1728 2504 1926 2567 πάντες
1974 2504 2158 2573 σαφῶς
2202 2505 2279 2566 είς
2380 2510 2435 2562 p.
2494 2495 2667 2549 £072:
2723 2497 2978 2569 Δὺτάρκη
3007 2516 3068 2551 τε
3096 2498 3185 2551 καὶ
3214 2500 3541 2555 τελεώτατον
3574 2503 3706 2556 Θεὸν
3734 2505 3945 2574 ἐγέννα.

707 2592 935 2663 δύναμιν
970 2594 1269 2667 ἀνθρώπιον
1302 2596 1650 2665 εὐδαιμόνων.
1690 2613 1707 2645 t
1730 2593 1988 2649 Jurantes
2028 2610 2134 2648 non
2166 2596 2280 2648 sine

2387 2604 2405 2637 ι
2437 2587 2603 2641 Deum
2654 2586 2757 2642 sibi
2818 2590 2919 2657 ipsi
2976 2590 3329 2646 sullicientem
3378 2601 3433 2646 et
3489 2596 3948 2663 perfectissimum

708 2683 940 2753 eleganti
976 2686 1178 2749 studio,
1220 2695 1275 2739 et
1308 2700 1495 2740 sorore
1527 2686 1692 2740 studii
1730 2686 2038 2753 disciplina,
2076 2695 2129 2740 et
2157 2701 2271 2740 om-

2380 2677 2727 2743 generabat.»
2781 2679 2872 2733 Sic
2927 2682 3199 2750 dialogum
3252 2684 3567 2741 concludit:
3620 2688 3801 2759 Θνητὰ
3839 2689 3949 2761 γὰρ

708 2776 854 2829 nium
890 2778 1052 2830 Deum
1099 2776 1285 2832 ducem
1328 2787 1385 2833 et
1426 2792 1612 2833 eorum
1659 2793 1779 2848 qua:
1810 2786 1957 2838 sunt.
1994 2785 2050 2833 et
2088 2792 2276 2831 eorum

2380 2770 2473 2822 καὶ
2510 2770 2753 2825 ἀθάνατα
2791 2771 2904 2836 ζῶα
2943 2774 3144 2839 λαῦὼν,
3194 2776 3288 2829 καὶ
3346 2777 3763 2851 ξυμπληρωθεὶς
3804 2781 3892 2835 ὅδε
3919 2786 3951 2835 ὸ

708 2883 830 2935 qua:
859 2868 1037 2923 futura
1077 2877 1233 2933 sunt,
1266 2884 1330 2923 ac
1357 2870 1511 2924 ducis
1546 2877 1600 2923 et
1642 2882 1823 2925 causa:
1855 2878 2068 2937 patrem
2099 2878 2152 2922 et
2185 2869 2279 2923 do-

2379 2860 2601 2931 κόσμος,
2665 2863 2807 2918 οὕτω
2854 2866 2993 2929 ζῶον
3022 2867 3237 2937 ὁρατὸν,
3287 2869 3380 2921 καὶ
3428 2870 3599 2940 ὁρατὰ
3654 2873 3949 2943 περιέχων,

709 2960 912 3010 ntinum
963 2965 1153 3012 testem
1206 2960 1558 3014 invocantes:
1592 2974 1751 3029 quem
1800 2960 2038 3027 quidem,
2068 2959 2114 3013 si
2153 2972 2279 3013 vere

2380 2955 2542 3008 εἰκὼν
2594 2955 2687 3009 τοῦ
2731 2958 2920 3028 νοητοῦ
2962 2958 3118 3023 Θεοῦ,
3156 2962 3410 3030 μέγιστος
3453 2965 3545 3016 καὶ
3589 2963 3808 3034 ἄριστος
3829 2964 3954 3019 κάλ-

709 3044 1184 3115 pbilosopbetnur,
1241 3063 1430 3100 omnes
1496 3049 1781 3116 perspicue
1851 3062 2274 3117 cognoscemus,

2375 3045 2560 3110 λιστός
2588 3064 2646 3100 τε
2687 3050 2780 3101 καὶ
2822 3049 3147 3115 τελεώτατος
3182 3053 3425 3121 γέγονεν,
3459 3050 3539 3118 εἷς
3572 3055 3801 3128 οὐρανὸς
3835 3057 3947 3125 ὅδε,

708 3147 967 3203 quantum
1001 3136 1081 3191 fas
1108 3147 1190 3191 est
1223 3140 1531 3193 hominibus
1562 3140 1756 3194 beatis.
1779 3160 1797 3191 ι
2302 3180 2345 3239 C
2384 3137 2675 3209 μονογενὴς
2702 3139 2796 3193 ὧν.
2819 3159 2836 3191 t
2861 3140 3105 3196 Mortalia
3130 3144 3274 3197 enim
3304 3154 3359 3199 et
3387 3148 3709 3201 immortalia
3739 3146 3953 3201 anima-

778 3231 903 3287 llaec
945 3234 1013 3287 de
1057 3232 1233 3288 Verbo
1260 3246 1315 3287 et
1344 3234 1483 3288 Filio
1519 3235 1609 3288 Dei
1644 3235 1785 3289 dicta
1827 3234 2000 3290 videri
2030 3241 2273 3304 possent,
2308 3228 2343 3239 ν
2384 3228 2451 3282 lia
2491 3232 2737 3300 capiens,
2767 3248 2830 3287 ac
2858 3235 3161 3304 completus
3190 3239 3278 3295 hic
3330 3240 3583 3306 mundus,
3630 3241 3708 3295 sic
3748 3239 3950 3295 animal

706 3324 749 3377 si
800 3324 849 3377 id
890 3338 987 3393 per
1033 3323 1312 3379 Platonem
1358 3326 1589 3391 liceret,
1637 3330 1729 3396 qui
1778 3327 2022 3380 omnium
2083 3330 2276 3382 ducem
2382 3321 2878 3387 visibile,visibilia
2930 3329 3417 3396 compreltendens,
3464 3330 3821 3399 intelligibilis
3852 3331 3949 3383 1)ρί

704 3416 874 3470 Deum
917 3425 971 3469 et
1006 3430 1223 3470 causam
1273 3418 1389 3486 ipse
1429 3420 1509 3472 sui
1554 3420 1821 3489 interpres
1868 3418 2128 3472 mundum
2159 3433 2279 3473 esse
2383 3411 2585 3481 imagO,
2620 3415 2919 3483 sensibilis,
2945 3420 3240 3485 maximus,
3271 3420 3669 3490 pulcherrimus
3693 3429 3746 3474 et
3773 3419 3953 3489 perfe-

707 3506 967 3562 tleclarat.
999 3508 1091 3562 Sic
1113 3509 1256 3562 enim
1289 3509 1528 3579 loquitur
1561 3510 1611 3563 in
1646 3512 1975 3577 Epiuomide,
2009 3527 2061 3579 p.
2100 3511 2274 3564 1005:
2381 3502 2657 3557 ctissimus
2698 3505 2925 3569 exstitit,
2979 3522 3143 3561 unum
3176 3508 3277 3563 boc
3320 3509 3541 3573 etelum,
3581 3510 3946 3579 unigenitnsu

704 3597 836 3649 Θεὸν
882 3598 925 3650 δ’
965 3598 1127 3651 αὐτὸν
1164 3598 1360 3670 μᾶλλον
1392 3601 1426 3670 ἢ
1470 3602 1589 3653 τινὰ
1622 3600 1792 3671 τύχην
1842 3600 2083 3672 ἠγοῦμαι
2124 3601 2279 3653 δόντα

2382 3592 2473 3647 Sic
2501 3594 2664 3649 etiam
2690 3594 2844 3650 inltio
2869 3596 3052 3652 Τεριιωί
3077 3598 3259 3663 Locri,
3285 3601 3515 3654 mundus
3546 3611 3770 3655 vocatur
3792 3617 3951 3667 unus,

704 3693 838 3761 ἡμῖν
876 3687 1068 3753 σώζειν
1113 3694 1277 3762 ἡμᾶς.
1322 3693 1418 3744 ’ον
1456 3691 1511 3745 δὲ
1561 3692 1691 3744 Θεὸν
1739 3693 2010 3763 ἠγοῦμαι,
2056 3693 2279 3765 φράζειν

2380 3684 2696 3754 unigenitus,
2738 3686 2878 3742 Deus
2901 3691 3128 3757 genitus.
3160 3689 3298 3745 Hine
3329 3691 3564 3746 Velleius
3610 3693 3751 3761 apud
3794 3692 3954 3745 Ciceo

707 3781 832 3852 χρὴ,
862 3782 1062 3853 καίπερ
1098 3782 1296 3836 ἄτοπον
1326 3785 1474 3845 ὄντα,
1517 3784 1609 3837 καί
1663 3804 1779 3849 πως
1820 3787 1919 3839 οὐκ
1950 3788 2147 3840 ἄτοπον
2188 3782 2275 3839 αὗ.

2382 3791 2568 3830 ronem
2603 3777 2738 3834 lib.l
2781 3779 2857 3834 De
2893 3791 3006 3834 nat.
3030 3781 3269 3849 deorum,
3302 3784 3466 3837 multa
3510 3784 3728 3853 iocatur
3756 3784 3806 3837 in
3858 3801 3954 3837 ro-

706 3873 830 3935 Πῶς
853 3875 960 3945 γὰρ
987 3874 1095 3928 τῶν
1116 3874 1336 3945 ἀγαθῶν
1371 3878 1541 3929 αἴτιον
1563 3881 1693 3948 ἡμῖν
1718 3878 2063 3950 ξομπάντων,
2096 3881 2155 3932 οὺ
2188 3881 2279 3933 καὶ

2380 3869 2601 3922 tundunt
2628 3869 2799 3925 Deum
2828 3871 3103 3940 Platonis;
3161 3891 3246 3941 ac,
3302 3876 3348 3929 si
3405 3878 3632 3930 mundus
3681 3888 3757 3930 est
3785 3875 3950 3943 Deus,

705 3962 799 4015 τοῦ
831 3962 963 4016 πολὺ
1000 3964 1276 4034 μεγίστου,
1311 3965 1410 4036 τῆς
1456 3970 1792 4043 φρονήσεως,
1824 3969 1995 4023 αἴτιον
2029 3969 2279 4041 ἡγεῖσθαι

2381 3960 2481 4015 Dei
2531 3964 2764 4017 membra
2822 3968 3016 4034 partim
3065 3970 3343 4035 ardentia,
3390 3972 3583 4039 partim
3634 3970 3952 4040 refrigerata

705 4053 788 4107 δεῖ
812 4056 1122 4124 γεγονέναι;
1148 4058 1282 4111 Τίνα
1302 4058 1359 4112 δὲ
1382 4061 1474 4113 καὶ
1502 4059 1781 4131 σεμνύνων
1805 4063 1934 4114 ποτὲ
1962 4062 2105 4130 λέγω
2126 4061 2276 4127 Θεὸν,

2381 4067 2503 4108 esse
2532 4054 2828 4121 concludit,
2859 4069 3146 4128 propterea
3169 4062 3315 4130 quod
3348 4061 3528 4116 multa:
3553 4063 3737 4116 mundi
3764 4072 3951 4131 partes

705 4140 752 4199 ὦ
781 4148 1015 4217 Μέγιλλέ
1046 4167 1105 4203 τε
1136 4150 1229 4203 καὶ
1261 4150 1515 4217 Κλεινία;
1552 4152 1736 4223 σχεδὸν
1784 4154 2029 4224 οὐρανόν.
2066 4154 2160 4207 ’ον
2190 4155 2281 4207 καὶ

2382 4153 2474 4200 aut
2503 4146 2728 4217 appuisu
2780 4149 2913 4204 solis
2944 4152 3274 4217 exarserint,
3306 4164 3400 4208 aut
3454 4153 3797 4224 obriguerint
3826 4153 3955 4209 nire

706 4238 1061 4305 δικαίοτατον,
1093 4240 1167 4303 ὼς
1211 4237 1516 4311 ξύμπαντες
1559 4242 1706 4295 ἄλλοι
1746 4243 1996 4314 δαίμονες
2029 4243 2145 4314 ᾇμα
2188 4245 2281 4297 καὶ

1860 4262 1996 4307 ιονες
2029 4243 2145 4314 ᾇμα
2188 4245 2281 4297 καὶ
2382 4240 2688 4311 pruinaque
2716 4242 3013 4313 longinquo
3048 4245 3180 4299 solis
3208 4246 3487 4302 abscessu.

707 4329 842 4395 θεοὶ,
885 4332 1047 4403 τιμᾷν
1076 4349 1135 4385 τε
1183 4334 1275 4386 καὶ
1324 4332 1575 4403 εὕχεσθαι
1607 4334 1971 4405 διαφερόντως
2004 4335 2170 4405 αὐτῷ.
2210 4336 2283 4390 Τὸ

2451 4329 2543 4385 ιν.
2593 4331 2873 4387 Platonem
2929 4336 3044 4390 haec
3095 4336 3148 4390 in
3189 4337 3507 4406 opinionum
3562 4345 3955 4391 commentaet

706 4423 763 4477 δὲ
798 4424 890 4477 καὶ
921 4423 1027 4477 τῶν
1057 4424 1231 4478 ἄλλων
1263 4424 1434 4478 αἴτιον
1466 4425 1683 4495 ἀγαθῶν
1716 4426 1933 4480 πάντων
1965 4428 2097 4498 ἡμῖν
2120 4428 2280 4482 αὑτὸν

2381 4424 2674 4479 verborum
2706 4426 2973 4496 ampullas
3001 4427 3232 4493 coniecit
3254 4443 3342 4495 ea,
3372 4443 3534 4497 quam
3560 4426 3662 4482 sibi
3694 4427 3952 4493 tinxerat,

705 4514 1006 4585 γεγονέναι,
1050 4516 1257 4580 πάντες
1298 4516 1365 4571 ἂν
1414 4516 1787 4589 ὁμολογοῖμεν.
1841 4535 1861 4570 t
1891 4517 2060 4573 Dettm
2098 4529 2276 4573 autem
2308 4530 2332 4590 ι

2330 4532 2355 4589 )
2385 4516 2570 4571 mundi
2613 4516 2911 4572 similitudo
2944 4534 3069 4572 cum
3103 4518 3229 4574 Deo.
3268 4519 3497 4589 Egregie
3528 4519 3615 4574 ille
3649 4518 3865 4588 quidem
3897 4530 3957 4573 et

708 4607 883 4676 magis
908 4608 1173 4675 arbitror,
1201 4624 1363 4678 quam
1392 4609 1666 4665 fortunam
1698 4610 1957 4677 aliquam,
1988 4612 2093 4665 hoc
2122 4610 2275 4665 nobis
2380 4604 2681 4661 luculenter
2710 4607 2915 4673 docuit,
2947 4610 3117 4663 Deum
3142 4610 3327 4665 omnia
3358 4611 3424 4664 ad
3456 4609 3703 4665 idearum
3728 4625 3959 4665 suarum

707 4700 1010 4769 prudentiae
1040 4715 1238 4756 munus
1281 4701 1348 4755 ad
1400 4701 1629 4757 salutem
1667 4711 1908 4756 nostram
1957 4702 2274 4757 contulisse.
2378 4696 2661 4767 exemplar
2685 4713 2922 4766 creasse,
2982 4713 3085 4753 nec
3140 4699 3437 4768 quidquam
3479 4714 3600 4755 esse
3644 4700 3697 4754 in
3727 4701 3955 4765 mundo,

708 4792 877 4857 Quem
905 4800 1082 4847 autem
1109 4793 1277 4847 Deum
1299 4792 1602 4848 existimem
1628 4794 1805 4849 dicam
1829 4796 2005 4858 vobis,
2027 4796 2277 4865 quamvis
2378 4790 2523 4856 quod
2554 4804 2659 4843 non
2702 4790 2836 4844 idea!
2885 4792 3083 4845 divina:
3133 4792 3480 4861 respondeat.
3537 4790 3608 4849 Αι
3655 4791 3956 4846 inscienter

707 4881 762 4933 id
792 4881 1085 4935 absurdum
1115 4882 1219 4947 sit,
1254 4896 1320 4936 ac
1345 4898 1535 4939 rursus
1568 4883 1748 4954 aliqua
1796 4888 2007 4938 ratione
2038 4900 2145 4939 non
2181 4886 2278 4939 ab—
2378 4895 2608 4948 prorsus
2636 4893 2694 4934 et
2727 4881 2960 4937 absurde
3012 4883 3269 4937 mundum
3323 4881 3586 4937 essentia:
3636 4882 3834 4936 divinae
3863 4896 3958 4937 ac-

708 4972 956 5026 surdum.
1004 4971 1138 5027 Nam
1166 4974 1257 5042 qul
1301 4974 1541 5029 omnium
1591 4975 1749 5030 nobis
1798 4976 2065 5031 bonorum
2112 4990 2277 5030 causa
2379 4980 2622 5025 curatam
2646 4986 2768 5025 esse
2793 4982 2847 5026 et
2871 4975 3129 5028 omnibus
3158 4974 3400 5029 numeris
3453 4974 3778 5029 instructam
3813 4974 3955 5026 ima-

707 5072 811 5128 est,
835 5066 1106 5133 quomodo
1131 5081 1242 5121 non
1288 5081 1409 5121 eum
1459 5066 1615 5137 longe
1647 5068 1891 5132 maximi,
1929 5068 1982 5123 id
2030 5078 2115 5122 est
2145 5083 2276 5137 pru—
2379 5064 2557 5129 ginem
2589 5063 2693 5117 sibi
2730 5063 2988 5133 ﬁngebat,
3040 5078 3141 5119 nec
3194 5064 3495 5134 quidquam
3528 5078 3652 5119 esse
3711 5065 3767 5119 in
3816 5064 3953 5130 Deo,

709 5156 936 5222 ilentim,
985 5142 1205 5212 causam
1256 5157 1426 5213 fuisse
1469 5158 1888 5214 existimandum
1936 5161 2058 5215 est?
2100 5159 2276 5227 Quem
2378 5157 2533 5224 cuius
2590 5172 2697 5212 non
2743 5158 2926 5227 aliqua
2976 5172 3237 5228 expressa
3294 5158 3367 5213 sit
3420 5157 3473 5212 in
3523 5157 3722 5211 mundo
3750 5157 3953 5227 imago.

711 5260 890 5304 autem
926 5248 1129 5318 Deum,
1177 5250 1387 5322 Megille
1432 5261 1488 5305 et
1521 5252 1715 5317 Clinia,
1773 5253 2024 5309 laudibus
2073 5252 2278 5308 effero?

2380 5248 2473 5305 Sic
2523 5248 2787 5319 loquitur,
2838 5266 2892 5320 p.
2952 5250 3131 5306 1047:
3186 5250 3448 5321 Δεγωμεν
3492 5250 3549 5303 δὲ
3581 5249 3740 5320 δι’ἢν
3770 5250 3954 5303 αἰτίαν

708 5338 916 5395 (Icelum
962 5349 1152 5411 procul
1198 5343 1396 5409 dubio;
1443 5345 1588 5413 quod
1635 5345 1853 5415 quidem
1909 5346 2275 5414 tequissitnum

2379 5345 2593 5413 γένεσιν
2640 5344 2735 5398 καὶ¹
2780 5344 2845 5397 τὸ
2886 5345 2995 5397 πᾶν
3050 5342 3170 5395 τόδε
3216 5345 3245 5396 ὁ
3283 5342 3535 5410 ξυνιστὰς
3594 5342 3949 5411 ξυνέστησεν.

708 5439 811 5494 est,
861 5441 922 5487 ut
954 5435 1409 5501 quemadmodum
1450 5436 1541 5491 alii
1584 5452 1774 5492 omnes
1803 5439 2075 5493 dzemones
2113 5437 2276 5493 simul

2393 5435 2616 5504 Ἀγαθὸς
2646 5431 2740 5506 ἦν,
2766 5435 2953 5506 ἀγαθῴ
2995 5435 3052 5488 δὲ
3096 5434 3268 5497 οὐδεὶς
3297 5435 3424 5505 περὶ
3454 5434 3670 5497 οὐδενὸς
3697 5433 3954 5487 οὐδέποτε

709 5534 765 5577 et
799 5524 872 5578 dii
906 5523 1131 5593 faciunt,
1170 5528 1242 5583 ita
1279 5545 1376 5584 nos
1413 5545 1630 5601 quoque
1669 5531 1927 5603 majorem
1961 5530 2016 5584 in
2061 5531 2278 5585 modum

2380 5528 2689 5596 ἐγγίγνεται
2720 5527 2930 5596 φθόνος.
2987 5524 3189 5579 Τούτου
3227 5526 3270 5578 δ’
3309 5526 3469 5591 ἐκτὸς
3514 5524 3589 5578 ὢν
3645 5526 3822 5579 πάντα
3864 5526 3953 5579 ὅτι

709 5614 953 5671 colamus
994 5627 1049 5672 et
1085 5634 1392 5690 precemur.
1417 5625 1595 5694 Atque
1623 5623 1753 5679 illud
1796 5623 2016 5694 quidem
2047 5623 2278 5679 aliorum

2383 5620 2619 5691 μάλιστα
2646 5618 2913 5690 ὲὸουλήθη
2940 5618 3187 5687 γενέσθαι
3219 5618 3576 5689 παραπλήσια
3606 5616 3769 5687 αὐτῷ.
3805 5635 3823 5668 t
3856 5616 3949 5671 Di-

706 5710 952 5763 muttium
995 5710 1261 5770 bonorum
1292 5730 1516 5773 causam
1565 5716 1721 5773 nobis
1762 5716 2041 5775 exstitisse
2087 5731 2277 5773 omnes
2381 5727 2571 5769 camus
2599 5722 2782 5767 autem
2839 5728 3001 5781 quam
3045 5712 3115 5767 ob
3142 5726 3363 5767 causam
3421 5712 3607 5767 mundi
3640 5722 3831 5765 auctor
3860 5727 3957 5780 ge-

713 5800 1167 5860 conlitebitnur.»
2384 5804 2720 5861 iterationem
2790 5812 2951 5874 atque
3008 5804 3110 5860 hoc
3176 5804 3494 5859 universum
3578 5803 3952 5860 constituerit.
