4120 6412
153 368 228 422 29
1163 363 1225 420 D.
1269 363 1537 418 MABANI
1566 362 1733 418 PRIE

1834 363 1954 420 ΕΙΟ.
1989 397 2058 406 -
2093 363 2271 421 PARS
2291 365 2356 422 II.
3338 369 3410 423 30

158 485 342 541 Bonus
375 499 528 551 erat;
561 489 704 541 bono
733 493 915 540 autem
962 484 1108 539 nulla
1150 499 1390 554 unquam
1424 485 1530 540 ulla
1561 486 1626 540 de
1681 500 1738 538 re
1766 491 1813 548 Α
1843 488 2021 557 genita
2053 489 2284 542 mundus
2319 486 2651 552 continebat,
2699 486 2903 546 idcirco
2925 500 3042 541 erat
3089 487 3263 542 adhuc
3291 487 3405 542 dis—

160 577 309 632 inest
336 578 564 633 invidia.
601 577 766 646 Hujus
799 576 966 645 igitur
988 591 1185 644 expers
1212 592 1337 631 cum
1369 585 1540 641 esset,
1569 575 1737 630 voluit

155 672 344 726 omnia
378 673 484 726 sibi
511 687 673 741 quam
705 669 981 727 simillima
1015 668 1187 722 ﬁeri»

233 764 291 816 in
316 765 426 818 hac
451 769 516 817 de
546 762 747 816 mundo
785 761 1061 816 sententia
1113 762 1167 816 id
1215 762 1503 817 videbatur
1560 761 1742 819 inesse

159 853 519 916 incommodi,
566 853 714 923 quod
765 852 1002 907 mundus
1032 853 1104 908 sit
1130 864 1372 918 creatus,
1412 853 1554 908 Deus
1605 867 1738 912 vero

161 946 560 1013 sempiternus,
595 961 695 1000 nec
742 946 968 1015 proinde
1020 945 1072 1000 id
1121 947 1261 1014 quod
1319 960 1442 1000 esse
1516 946 1737 1014 incepit,

161 1041 356 1094 ades-ni
393 1042 571 1112 imago
597 1057 716 1096 esse
744 1042 932 1110 possit.
979 1041 1115 1096 Huic
1163 1041 1510 1096 incommodo
1536 1042 1614 1095 sic
1642 1056 1739 1095 oe-

159 1131 339 1185 currit
367 1130 547 1195 Plato,
583 1149 638 1202 p.
677 1133 812 1188 1052
859 1153 874 1187 :
929 1134 1015 1198 Ὠς
1063 1134 1116 1187 δὲ
1143 1133 1360 1202 κινηθὲν
1389 1150 1447 1186 τε
1476 1131 1608 1186 αὐτὸ
1647 1133 1740 1185 καί

160 1223 273 1287 ζῶν
299 1225 551 1295 ἐνενόησε
611 1227 721 1278 τῶν
776 1228 963 1282 ἀϊδίων
1019 1226 1154 1281 θεῶν
1194 1226 1416 1294 γεγονὸς
1469 1225 1743 1296 ἄγαλμαὸ

160 1320 436 1387 γεννήσας
497 1315 696 1389 πατὴρ,
726 1319 940 1390 ἠγάσθη
969 1336 1048 1384 τε,
1102 1320 1195 1372 καὶ
1241 1318 1602 1389 εὐφρανθεὶς,
1661 1316 1742 1369 ἔτι

160 1409 224 1478 ὀὴ
263 1409 471 1476 uilior:
526 1412 710 1482 ὅμοιον
761 1411 899 1483 πρὸς
932 1411 990 1464 τὸ
1045 1411 1392 1482 παράδειγμα
1450 1409 1741 1478 ἐπενόησεν

160 1503 601 1572 ἀπεργάσασθαι.
657 1503 924 1574 Καθάπερ
967 1499 1056 1556 οὖν
1115 1504 1249 1556 αὐτὸ
1293 1501 1549 1571 τυγχάνει
1606 1500 1742 1564 ζῶον

159 1595 351 1656 ἀΐδιον,
386 1597 478 1648 καὶ
510 1596 627 1648 τόδε
671 1597 732 1649 τὸ
773 1598 883 1650 πᾶν
931 1596 1100 1659 οὕτως
1153 1597 1232 1658 εἰς
1270 1595 1494 1665 δύναμιν
1526 1593 1740 1663 ἐπεχεί-

163 1701 295 1753 ρησε
347 1685 589 1737 τοιοῦτον
649 1686 949 1740 ἀποτελεῖν-
1001 1689 1032 1756 ἡ
1096 1686 1194 1756 μὲν
1259 1680 1351 1738 οὖν
1409 1683 1742 1752 ζώουφύσις

159 1773 454 1842 ἐτύγχανεν
497 1771 630 1828 οὖσα
692 1773 928 1840 αἰώνιος,
970 1777 1059 1830 καὶ
1103 1776 1260 1829 τοῦτο
1290 1776 1388 1847 μὲν
1428 1778 1493 1849 δὴ
1515 1775 1593 1846 τῷ
1620 1793 1743 1844 γεν-

1849 580 2065 636 similis.
2095 580 2247 645 Quod
2300 588 2480 633 autem
2537 579 2622 632 illi
2650 578 2859 644 deerat,
2912 580 2963 634 id
3016 580 3238 648 perfecit
3272 578 3410 635 Deus

1834 664 2096 726 naturam
2124 671 2452 740 exemplaris
2490 671 2800 726 imitatione
2849 671 3178 739 exprimens.
3209 670 3408 737 Quate-

1845 778 1948 817 nus
1974 763 2139 833 igitur
2166 777 2320 816 mens
2354 762 2547 816 insitas
2603 762 2676 828 ei,
2707 759 2856 830 quod
2881 769 2966 815 est
3013 761 3230 824 animal,
3261 760 3408 816 ideas

1843 855 2037 920 cernit,
2074 854 2371 924 qualesque
2421 862 2552 908 sunt
2597 864 2650 908 et
2714 861 2844 924 quot
2902 853 3170 917 intuetur,
3201 855 3332 908 tales
3354 861 3412 907 et

1845 947 2066 1000 totidem
2102 946 2155 1000 in
2189 931 2386 1000 mundo
2421 958 2541 1000 esse
2575 957 2824 1016 oportere
2846 943 3161 1015 judicavit.»
3189 942 3406 998 Dicebat

1843 1052 2005 1107 supra
2056 1036 2292 1090 Timaaus
2345 1035 2574 1099 Locrus,
2622 1035 2879 1089 mundum
2911 1049 3032 1088 esse
3081 1032 3408 1102 perfectum,

1843 1128 1968 1197 quia
2001 1126 2143 1180 illius
2170 1127 2468 1196 exemplar,
2529 1125 2675 1193 quod
2721 1126 2900 1179 omnia
2960 1125 3316 1194 intelligihilia
3353 1125 3408 1178 in

1842 1219 2020 1287 seipso
2076 1217 2477 1286 complectitur,
2533 1215 2668 1270 nihil
2729 1226 2879 1270 extra
2918 1217 3284 1284 praetermisit,
3315 1216 3408 1270 sed

1845 1311 2262 1382 intelligibilium
2294 1310 2569 1381 perfectus
2597 1319 2679 1366 est
2722 1315 3006 1376 terminus,
3041 1322 3099 1365 ut
3134 1310 3219 1365 hic
3248 1325 3408 1364 muti--

1843 1408 1941 1462 dus
1971 1407 2264 1461 sensilium.

1917 1499 1979 1553 Υ.
2016 1500 2185 1554 Venio
2215 1501 2281 1555 ad
2318 1499 2738 1556 celeberrimum
2771 1513 2837 1552 ex
2890 1496 3121 1552 secunda
3169 1495 3414 1552 Platonis

1845 1592 2071 1661 epistola
2101 1592 2474 1646 testimonium
2508 1590 2653 1660 quod
2685 1600 2739 1644 et
2778 1588 3017 1643 Justinus
3070 1589 3122 1642 in
3177 1589 3327 1656 Apol.
3358 1589 3409 1656 1,

1844 1697 1899 1740 et
1949 1685 2099 1739 multi
2149 1685 2238 1739 alii
2274 1693 2397 1755 post
2429 1699 2552 1737 eum
2583 1684 2846 1748 citarent,
2878 1693 2931 1736 et
2960 1682 3282 1736 Christianis
3329 1681 3412 1736 fu-

1846 1794 1966 1832 cum
2039 1777 2236 1832 fecisse
2294 1776 2540 1831 Clericus
2615 1774 2915 1829 existimat.
2998 1773 3411 1844 Signiﬁcaverat

160 1868 303 1936 νητῴ
333 1868 609 1931 παντελῶς
635 1869 966 1940 προσάπτειν
995 1872 1096 1923 οὐκ
1123 1866 1188 1940 ἦν
1218 1869 1461 1924 δυνατόν’
1485 1869 1670 1922 εἰκόνα
1695 1867 1733 1922 δ¹

1848 1870 2133 1943 Dionysius
2171 1868 2384 1923 Platoni
2418 1883 2516 1936 per
2548 1866 2953 1920 Archedemum
3007 1867 3107 1921 sibi
3141 1883 3246 1920 non
3295 1882 3412 1919 om-

161 1961 366 2010 ὲπιιιοεῖ
440 1962 666 2027 κινητήν
694 1978 814 2013 τινα
867 1960 1060 2021 αἰῶνος
1103 1961 1351 2029 ποιῆσαι,
1389 1960 1482 2013 καὶ
1555 1957 1736 2008 διακο-

155 2046 304 2110 σμῶν
339 2048 457 2118 ἄμα
504 2051 751 2121 οὐρανὸν,
813 2053 955 2104 ποιεῖ
1009 2051 1259 2121 μένοντος
1312 2050 1505 2114 αἰῶνος
1562 2052 1732 2106 ὲνὲνι

163 2141 277 2190 κατ’
330 2141 566 2211 ἁριθαὶη
615 2143 798 2196 ἰοῦσαν
850 2144 1064 2198 αἰώνιον
1109 2145 1310 2205 εἰκόνα,
1347 2142 1535 2198 τοῦτον
1581 2143 1638 2197 ὃν
1675 2144 1738 2215 δὴ

161 2233 352 2299 χρόνον
408 2235 795 2306 ὡνυμακαμεν.
841 2255 860 2288 ί
886 2237 1180 2304 Postquam
1248 2237 1409 2307 igitur
1443 2237 1645 2292 moveri
1685 2246 1739 2292 et

162 2327 350 2377 vivere
388 2326 784 2379 animadvertit
815 2338 1059 2380 creatum
1094 2326 1224 2380 illud
1253 2328 1480 2381 deorum
1514 2327 1738 2380 immor-

165 2414 347 2468 talium
383 2417 737 2470 simulacrum
775 2420 818 2471 is
845 2419 936 2488 qui
979 2420 1162 2489 genuit
1217 2418 1400 2483 Pater,
1439 2419 1739 2474 admiratus

161 2523 221 2562 ac
250 2509 561 2563 oblectatus
594 2519 698 2575 est,
723 2511 998 2581 magisque
1039 2512 1340 2580 exemplari
1369 2512 1546 2566 simile
1576 2511 1739 2581 perti-

161 2615 282 2654 nere
315 2602 608 2671 cogitavit.
660 2602 1124 2667 Quemadmodum
1171 2619 1302 2674 ergo
1351 2605 1522 2675 ipsum
1549 2618 1736 2659 exem—

161 2693 270 2759 plar
297 2706 380 2747 est
418 2694 620 2747 animal
652 2695 1067 2764 sempiternum,
1096 2699 1170 2751 ita
1194 2698 1359 2750 etiam
1389 2699 1491 2752 hoc
1520 2697 1738 2752 univer-

159 2802 268 2838 sum
299 2787 430 2851 tale,
460 2801 727 2855 quantum
755 2789 871 2842 ﬁeri
903 2799 1130 2858 poterat.
1165 2790 1438 2859 perficere
1479 2792 1734 2846 instituit.

161 2883 230 2932 Ac
257 2880 515 2933 animalis
547 2882 764 2950 quidem
798 2893 993 2937 natura
1022 2893 1140 2936 erat
1178 2892 1376 2937 aeterna
1403 2901 1422 2948 ;
1455 2883 1508 2938 id
1557 2893 1735 2938 autem

161 2973 230 3022 rei
262 2982 469 3025 creatze
501 2973 726 3027 omnino
752 2972 935 3043 aﬂingi
967 2991 1073 3028 non
1104 2985 1338 3043 peterat.
1372 2973 1735 3042 Quamobrem

158 3064 435 3130 excogitat
499 3065 757 3120 mobilem
810 3068 1104 3135 quamdam
1161 3066 1481 3122 aeternitatis
1538 3067 1735 3133 imagi-

1843 1964 1973 2017 nino
2007 1961 2325 2017 satisfacere
2359 1961 2655 2016 institutam
2689 1974 2718 2012 a
2754 1959 2978 2013 Platone
3035 1961 3096 2011 de
3125 1962 3280 2028 primi
3317 1975 3414 2010 na-

1844 2067 1963 2108 tura
2010 2053 2557 2109 demonstrationem.
2604 2052 2693 2106 Sic
2724 2053 3013 2120 respondet
3039 2051 3232 2104 Plato:
3279 2052 3414 2122 Φρα-

1844 2149 1997 2201 στέον
2021 2147 2082 2217 δή
2110 2164 2188 2198 σοι
2221 2145 2284 2198 δι’
2330 2145 2611 2216 αἰνιγμίὶν·
2650 2144 2715 2196 ἵν’
2743 2144 2807 2197 ἄν
2855 2161 2907 2195 τι
2943 2145 2972 2214 ἡ
3011 2142 3188 2205 δέλτος
3219 2140 3413 2211 πόν-

1841 2258 1930 2293 του
1986 2241 2018 2311 ἢ
2072 2239 2173 2308 γῆς
2203 2243 2259 2292 ὲν
2296 2243 2524 2310 πτυχαῖς
2581 2237 2765 2310 πείθῃ,
2792 2239 2819 2290 ὁ
2871 2235 3133 2302 ἀναγνοὺς
3169 2234 3241 2306 μὴ
3276 2234 3409 2305 γνῷ.

1840 2325 1966 2383 Ὧδε
1995 2329 2100 2401 γὰρ
2137 2330 2268 2400 ἔχει·
2333 2330 2461 2400 περὶ
2526 2329 2618 2381 τὸν
2685 2328 2902 2381 πάντων
2965 2326 3185 2395 βασιλέα
3231 2325 3415 2376 πάντα.

1840 2425 1957 2478 ἐστὶ
1996 2425 2089 2478 καὶ
2139 2425 2347 2476 ἐκείνου
2403 2422 2563 2475 ’ἑνεκα
2600 2423 2808 2474 πάντα·
2863 2421 2954 2473 καὶ
3010 2420 3181 2472 ἐκεῖνο
3243 2419 3412 2470 αἴτιον

1842 2516 2094 2568 ἁπάντων
2148 2513 2254 2565 τῶν
2294 2512 2491 2566 καλῶν.
2543 2510 2801 2581 Δεύτερον
2829 2509 2883 2562 δὲ
2915 2509 3040 2580 περὶ
3073 2507 3138 2559 τὰ
3166 2505 3411 2576 δεύτερα,

1839 2608 1937 2660 καὶ
1965 2607 2144 2678 τρίτον
2175 2607 2304 2675 περὶ
2355 2604 2424 2657 τὰ
2454 2604 2631 2674 τρίτα.
2677 2603 2739 2653 Ἦ
2786 2597 2878 2654 οὖν
2923 2599 3233 2672 ἀνθρωπίνη
3267 2596 3411 2666 ψυχὴ

1841 2698 1967 2770 περὶ
2015 2695 2153 2749 αὐτὰ
2209 2695 2455 2766 ὀρέγεται
2509 2693 2697 2765 μαθεῖν
2763 2696 2889 2746 ποῖα
2943 2693 3076 2745 ἄττα
3115 2690 3248 2752 ἐστὶ,
3295 2687 3395 2757 βλέ·

1841 2809 2014 2844 πουσα
2069 2793 2146 2855 εἰς
2204 2789 2271 2842 τὰ
2337 2788 2506 2858 αὐτῆς
2566 2787 2825 2858 συγγενῆ,
2880 2778 2952 2838 ὧν
3005 2784 3154 2837 οὐδὲν
3217 2781 3410 2845 ἱκανῶς

1839 2888 1968 2957 ἔχει.
2029 2883 2134 2937 Τοῦ
2188 2883 2244 2935 δὲ
2304 2880 2565 2952 βασιλέως
2608 2883 2737 2950 πέρι
2787 2877 2880 2933 καὶ
2929 2871 3002 2929 ὧν
3057 2870 3226 2936 εἷπον,
3264 2873 3412 2925 οὐδέν

1839 2978 1953 3029 ἐστι
1985 2973 2210 3027 τοιοῦτο.
2284 2991 2299 3022 ι
2343 2973 2639 3024 Dicendum
2684 2970 2778 3023 tibi
2831 2984 2926 3039 per
2970 2966 3296 3036 :enigmata:
3357 2973 3408 3015 ut

1839 3068 1882 3122 si
1918 3068 2046 3136 quid
2088 3067 2214 3121 huic
2240 3065 2449 3118 tabella:
2490 3063 2573 3117 vel
2605 3065 2740 3116 mari
2790 3061 2873 3113 vel
2925 3069 3072 3113 terra
3109 3059 3410 3126 contingat,

160 3173 276 3208 nem
309 3174 324 3220 ;
380 3166 435 3211 et
491 3159 619 3210 dum
653 3159 851 3212 malum
884 3169 1136 3222 exornat,
1193 3159 1521 3214 :eternitatis
1549 3160 1604 3214 in
1634 3176 1739 3212 uno
1768 3171 1808 3227 ί]
1844 3161 1934 3229 qui
1973 3160 2163 3228 legerit
2197 3158 2501 3224 intelligere
2550 3172 2656 3209 non
2713 3155 2883 3225 possit
2915 3172 2928 3207 :
2995 3153 3072 3206 sic
3105 3161 3284 3205 autem
3319 3150 3385 3203 ha

157 3250 537 3309 persnanentis
585 3261 848 3305 aeternam
903 3252 1189 3322 imaginem
1244 3267 1473 3307 numero
1515 3254 1740 3321 progre-

155 3340 396 3392 dientem
428 3351 616 3403 creat;
648 3358 810 3407 quam
844 3352 1055 3412 tempus
1097 3344 1424 3398 vocavimus.
1462 3362 1485 3396 ι
1534 3344 1602 3398 Ει
1632 3361 1736 3398 non

155 3432 325 3484 multo
364 3442 535 3500 post:
594 3433 798 3503 Χρόνος
854 3434 898 3486 δ’
931 3429 1019 3486 οὖν
1075 3435 1189 3504 μετ’
1212 3418 1441 3504 οὐρανοῦ
1495 3433 1736 3502 γέγονεν,

153 3525 236 3575 ἵνα
280 3524 393 3593 ἅμα
449 3526 826 3596 γεννηθέντες,
893 3526 1007 3598 ἅμα
1050 3527 1142 3580 καὶ
1189 3526 1445 3591 λυθῶσιν,
1500 3527 1564 3579 ἄν
1607 3544 1736 3579 ποτε

150 3619 298 3682 157:;
329 3637 414 3683 τις
455 3620 634 3673 αὐτῶν
665 3622 910 3692 γένηται,
953 3620 1216 3676 καὶκατὰ
1273 3621 1334 3674 τὸ
1389 3621 1735 3692 παράδειγμα

149 3713 246 3781 τῆς
273 3714 498 3767 αἰωνίου
544 3715 787 3783 φύπεωςο
824 3715 889 3766 ἵν’
944 3716 1017 3778 ὡς
1066 3716 1380 3785 ὁμοιότατος
1421 3714 1568 3785 αὺτῷ
1598 3714 1737 3768 κατὰ

570 3806 641 3857 Τὸ
708 3807 806 3876 μὲν
857 3808 964 3877 γὰρ
1018 3807 1081 3878 δὴ
1140 3807 1507 3877 παράδειγμα,
1559 3808 1734 3860 πάντα

151 3897 320 3950 αἱῶνά
349 3901 497 3951 ἐστιν
531 3897 608 3949 ὃν·
657 3899 685 3950 ὁ
737 3897 781 3949 δ’
819 3895 884 3951 αὖ
912 3898 1006 3952 διὰ
1036 3898 1222 3962 τέλους
1259 3899 1346 3950 τὸν
1384 3901 1596 3952 ἅπαντα
1620 3899 1736 3969 κρό-

152 4007 235 4040 νον
284 3990 524 4059 γεγονώς
577 4007 636 4043 τε
696 3989 790 4043 καὶ
844 3990 918 4042 ὢν
979 3990 1074 4043 καὶ
1136 3991 1395 4062 ὲσόμενός
1469 3992 1586 4044 ἐστι
1639 3990 1734 4060 μό-

153 4099 256 4144 νος.
303 4102 320 4134 ι
356 4083 600 4150 Tempus
633 4096 766 4151 ergo
821 4082 983 4136 simul
1031 4099 1156 4138 cum
1189 4085 1328 4138 coelo
1357 4101 1440 4138 ert
1497 4093 1599 4138 'um
1627 4095 1730 4147 est,

153 4184 208 4226 ut
237 4176 400 4229 simul
439 4176 620 4244 genita
669 4175 832 4229 simul
886 4175 1272 4239 dissolvantur,
1309 4177 1352 4232 si
1392 4193 1483 4246 qu.
1542 4191 1730 4232 eorum

154 4269 452 4335 aliquando
509 4268 692 4323 futura
759 4269 834 4322 sit
896 4268 1219 4336 dissolutio;
1289 4280 1401 4324 tum
1460 4272 1543 4325 eti.
1595 4287 1621 4322 n
1673 4280 1732 4324 ut

153 4374 364 4416 menta:
425 4371 638 4414 naturae
696 4360 1019 4430 exemplari,
1068 4372 1333 4427 quantum
1377 4365 1494 4418 ﬁeri
1532 4375 1727 4431 potest,

153 4471 306 4522 quam
341 4454 660 4509 simillimus
711 4453 784 4507 sit
835 4456 1086 4510 mundus.
1123 4453 1253 4508 Nam
1299 4457 1580 4524 exemplar
1631 4472 1729 4524 per

441 3801 467 3818 τ

149 3803 378 3876 δύναμιν

153 4560 362 4600 ouiuem
397 4555 482 4600 est
510 4546 912 4612 aeternitatem;
964 4548 1202 4602 mundus
1245 4562 1376 4601 vero
1422 4561 1520 4616 per
1566 4563 1727 4603 omne
1758 4527 1802 4581 Β

156 4649 358 4706 tempus
386 4639 538 4692 solus
565 4637 686 4705 fuit,
717 4647 800 4693 est
825 4647 881 4692 et
906 4639 1067 4693 erit.»

219 4729 307 4784 Sic
339 4743 534 4784 creato
597 4739 840 4797 tempore
883 4738 942 4784 ut
982 4732 1217 4786 mundus
1257 4731 1638 4801 perfectissimo
1673 4743 1720 4786 et

153 4821 467 4889 iuteiiigibili
522 4820 742 4873 animali
793 4821 1122 4884 simillimus,
1178 4832 1424 4874 naturam
1471 4831 1720 4875 retentam

154 4915 454 4966 imitaretur
478 4929 497 4976 ;
556 4913 669 4966 haac
704 4922 879 4966 tamen
910 4913 1234 4979 similitudo,
1263 4914 1488 4969 Platone
1513 4916 1716 4985 judice.

154 5008 398 5060 inrboata
433 5019 490 5060 et
515 5024 702 5062 manca
733 5011 1050 5075 exstitisset,
1091 5011 1194 5065 nisi
1227 5021 1361 5080 quot
1406 5012 1716 5068 animalium

153 5101 356 5165 species
387 5101 529 5154 ideis
567 5104 756 5157 aeterni
796 5104 1048 5158 animalis
1079 5105 1464 5170 obversantur,
1491 5107 1714 5159 tmidem

153 5193 200 5244 in
235 5196 441 5247 nittmto
470 5205 667 5247 creatae
696 5196 945 5252 fniSsent.
979 5195 1069 5250 Sic
1093 5213 1206 5252 rem
1235 5199 1456 5267 exponit
1484 5214 1496 5250 :
1526 5197 1614 5268 Τῷ
1661 5198 1718 5250 δὲ

155 5291 311 5356 μήπω
342 5289 414 5339 τὰ
464 5289 637 5342 πάντα
665 5289 778 5353 ζῶα
810 5292 959 5355 ἐντὸς
995 5291 1161 5344 αὑτοῦ
1192 5292 1534 5361 γεγενημένα
1571 5308 1719 5362 περι-

152 5383 441 5450 ειληφέναι.
473 5382 643 5453 ταύτῃ
675 5382 752 5435 ἔτι
813 5378 955 5452 εἶχεν
1008 5383 1297 5452 ἀνομοίως.
1341 5382 1511 5438 Τοῦτο
1554 5385 1619 5454 δὴ
1656 5385 1718 5437 τὸ

151 5475 466 5527 κατάλοιπον
525 5474 882 5546 ἀπειργάζετο
924 5477 1086 5529 αὐτοῦ
1119 5475 1255 5547 πρὸς
1287 5476 1382 5546 τὴν
1417 5476 1508 5527 τοῦ
1547 5493 1718 5547 παρα-

151 5568 428 5637 ἰείγμττος
460 5570 901 5640 ἀπστυπούμενος
921 5570 1100 5638 φύσιν·
1135 5565 1278 5641 ᾗπερ
1304 5565 1394 5622 οὖν
1425 5568 1548 5632 νοῦς
1575 5569 1717 5621 ὲνού-

155 5675 243 5722 σας
273 5660 415 5723 tota;
543 5663 694 5715 ὅέστι
716 5660 872 5725 ζῶον,
903 5655 1011 5713 οἷαι
1037 5679 1096 5713 τε
1126 5661 1288 5714 ἔνεισι
1323 5662 1417 5714 καὶ
1443 5662 1563 5714 ὅσαι
1592 5660 1716 5714 καθ-

154 5752 262 5820 ορᾷ.
287 5753 541 5816 τοιαύτας
589 5754 684 5806 καὶ
726 5752 989 5817 τοσαύτας
1043 5754 1292 5825 διενοήθη
1325 5754 1435 5807 δεῖν
1468 5755 1561 5807 καὶ
1595 5753 1712 5806 τάδε

162 5848 312 5913 σχεῖν.
355 5867 373 5900 ι
412 5847 518 5904 Sed
548 5849 672 5918 quia
708 5849 944 5905 nondum
981 5849 1162 5907 omnia
1192 5848 1445 5906 animalia
1482 5848 1620 5903 intra
1655 5865 1711 5904 se

1846 3255 1954 3308 bet.
2000 3253 2157 3307 Circa
2212 3252 2453 3306 omnium
2506 3250 2706 3320 Regem
2760 3259 2954 3304 cuncta
3020 3255 3182 3310 sunt;
3242 3244 3410 3315 ipsius

1840 3346 2015 3416 gratia
2050 3345 2264 3411 omnia;
2319 3346 2434 3414 ipse
2487 3341 2842 3413 pulchrorum
2904 3341 3149 3395 omnium
3207 3351 3408 3401 causa;

1838 3439 2137 3494 secundum
2199 3439 2346 3493 circa
2407 3436 2679 3502 secunda;
2736 3435 2957 3488 tertium
3027 3429 3169 3485 circa
3231 3428 3410 3482 tertia.

1838 3528 2084 3584 Humana
2121 3531 2283 3599 igitur
2312 3529 2492 3582 anima
2546 3529 2658 3581 ha2c
2690 3525 2868 3596 qualia
2903 3525 3013 3577 sint
3061 3524 3270 3576 discere
3315 3536 3411 3574 cu-

1837 3626 1935 3695 pit,
1962 3625 2031 3678 ad
2063 3638 2122 3678 ea
2163 3623 2464 3692 respiciens
2490 3661 2505 3686 ,
2541 3635 2659 3689 quae
2689 3619 2792 3673 sibi
2841 3626 3070 3684 cognata
3100 3626 3245 3677 sunt,
3279 3629 3412 3684 quo-

1837 3732 1953 3769 rum
1989 3717 2193 3770 nullum
2231 3717 2362 3769 satis
2392 3724 2574 3784 aptum
2619 3722 2720 3768 est.
2760 3710 2829 3764 At
2866 3712 2917 3764 iu
2954 3711 3096 3778 Rege
3127 3719 3180 3764 et
3221 3711 3308 3774 iis,
3342 3709 3411 3763 de

1833 3808 2033 3879 quibus
2065 3810 2199 3873 dixi,
2235 3809 2367 3862 nihil
2396 3809 2552 3862 tale.»

1905 3903 2061 3957 Parvi
2096 3902 2262 3958 refert
2323 3902 2483 3972 hujus
2531 3901 2633 3956 loci
2688 3899 3012 3955 sententiam
3057 3897 3404 3966 investigare,

1833 4013 1995 4067 quam
2048 3998 2164 4066 ipse
2224 3997 2379 4051 Plato
2411 3997 2733 4057 quibusdam
2789 3992 2955 4047 veluti
3016 3990 3407 4060 integumentis

1835 4089 2089 4143 consulto
2121 4088 2382 4142 obvolvit.
2413 4089 2646 4144 Videtur
2679 4098 2859 4141 tamen
2909 4085 3051 4139 aliud
3098 4084 3231 4136 nihil
3265 4084 3406 4136 imii-

1837 4197 1986 4245 care,
2017 4197 2179 4251 quam
2207 4182 2350 4251 quod
2387 4196 2532 4250 smpe
2581 4180 2718 4233 alias
2746 4179 2811 4233 de
2844 4178 3010 4230 variis
3043 4176 3402 4244 cognoscendi

1836 4271 2011 4325 modis
2052 4271 2332 4325 disseruit.
2369 4271 2421 4324 ln
2456 4272 2596 4324 libro
2639 4287 2688 4323 VI
2725 4269 2801 4322 De
2828 4285 2966 4338 rep.,
2991 4268 3094 4322 duo
3121 4267 3405 4336 distinguit

1831 4365 2001 4430 entia,
2035 4364 2250 4418 visibile
2290 4372 2343 4418 et
2373 4363 2671 4427 invisibile,
2710 4371 2766 4416 et
2814 4361 3088 4430 duplicem
3121 4361 3403 4428 utriusque

1833 4459 2197 4524 cognoscendi
2233 4456 2474 4512 modum.
2511 4455 2565 4508 ln
2595 4453 2796 4510 'visibili
2840 4469 3040 4522 genere
3069 4453 3219 4521 ponit
3267 4452 3402 4504 ima-

1830 4554 1974 4621 gines
1999 4552 2108 4605 sive
2134 4552 2343 4604 umbras
2365 4560 2411 4602 et
2454 4547 2763 4612 simulacra,
2791 4559 2843 4601 et
2867 4547 3012 4616 ipsas
3037 4562 3142 4608 res.
3173 4561 3294 4615 qua}
3317 4545 3400 4601 his

1827 4642 2152 4711 imaginibus
2188 4641 2604 4705 adumbrantur,
2641 4641 2714 4692 ita
2773 4649 2831 4691 ut
2875 4640 3314 4708 quemadmodum
3344 4655 3399 4693 se

1823 4733 1977 4786 habet
2006 4734 2185 4802 opinio
2217 4735 2285 4786 ad
2313 4733 2615 4795 scientiam,
2664 4732 2738 4783 ita
2789 4731 2958 4800 imago
3018 4731 3086 4783 ad
3141 4730 3196 4782 id
3245 4729 3396 4800 cujus

1824 4834 1900 4878 est
1944 4825 2138 4894 imago.
2174 4822 2231 4878 In
2271 4823 2529 4878 invisibili
2561 4837 2760 4892 genere
2791 4823 2924 4874 duos
2974 4821 3179 4891 pariter
3209 4822 3397 4874 distin-

1822 4917 1936 4987 guit
1984 4917 2352 4983 cognoscendi
2383 4916 2571 4969 modos
2600 4935 2611 4970 :
2643 4912 2814 4966 Unum
2853 4914 2905 4966 in
2938 4931 3037 4982 quo
3072 4915 3252 4966 anima
3275 4931 3394 4980 sup-

1819 5009 2167 5078 positionibus
2198 5019 2245 5062 et
2300 5008 2614 5078 imaginibus
2669 5009 2837 5059 utitur
2865 5009 2934 5060 ad
2979 5009 3169 5075 speciei
3208 5010 3394 5062 invisi-

1821 5102 1941 5156 bilis
1982 5103 2494 5170 investigationem;
2553 5101 2777 5154 alterum
2834 5117 2950 5152 cum
3015 5101 3222 5154 animus
3282 5101 3393 5153 sine

1821 5193 2135 5262 imaginibus
2162 5196 2303 5262 ipsas
2341 5195 2539 5262 species
2573 5195 2911 5247 considerat.
2944 5190 3040 5244 liis
3065 5193 3222 5261 paulo
3259 5193 3391 5246 ubc~

1821 5287 1932 5341 rius
1963 5288 2246 5357 explicatis
2286 5289 2505 5342 tandem
2543 5289 2623 5343 sic
2647 5288 2962 5344 concludit:
3033 5290 3138 5360 Καξ
3172 5307 3260 5359 μοι
3294 5290 3388 5343 ἐπὶ

1819 5384 1932 5444 τοῖς
1962 5381 2217 5453 τέτταρσι
2241 5383 2488 5452 τμήμασι
2519 5381 2751 5453 τέτταρα
2788 5384 2958 5437 ταῦτα
2998 5381 3290 5453 παθήματα
3331 5384 3388 5436 ἐν

1816 5475 1883 5543 τῇ
1917 5473 2063 5544 ψυχῇ
2100 5473 2356 5544 γινόμενα
2412 5473 2562 5525 λάϐε.
2617 5473 2817 5542 Νόησιν
2854 5474 2948 5544 μὲν
2998 5473 3090 5524 ἐπὶ
3119 5473 3196 5543 τῷ
3245 5474 3386 5526 ἀνω-

1814 5568 1994 5637 τὰτῳ·
2047 5568 2280 5621 διάνοιαν
2323 5568 2379 5620 δὲ
2431 5567 2523 5619 ἐπὶ
2555 5566 2633 5637 τῷ
2683 5565 2950 5637 δευτέρῳ·
2999 5566 3075 5636 τῷ
3119 5567 3285 5638 τρίτῳ
3331 5567 3386 5620 δὲ

1817 5661 1998 5713 πίστιν
2029 5661 2243 5724 ἀπόδος,
2271 5662 2363 5713 καὶ
2385 5660 2462 5730 τῷ
2480 5658 2772 5728 τελευταίῳ
2790 5658 3054 5714 εἰκασίαν.
3104 5679 3122 5710 ι
3153 5661 3233 5712 Ad
3289 5659 3386 5711 ltas

1819 5763 2055 5822 quatuor
2080 5754 2470 5822 proportiones
2519 5761 2754 5822 quatuor
2802 5751 2990 5806 itidem
3025 5751 3218 5804 mentis
3249 5749 3382 5803 alic-

1818 5845 2237 5915 ctionesaccipc.
2257 5845 2662 5916 [intelligentiam
2679 5859 2952 5915 supremo,
2989 5843 3379 5912 cogitationem
