4120 6408
728 400 797 457 3|
1614 391 1673 447 S.
1716 386 2052 446 JUSTlNUS
2086 378 2569 439 PHILOSOPHUS
2600 376 2685 431 ET
2727 371 3037 430 MABTYR.
3919 362 3993 417 52

733 518 997 575 secundo.
1023 516 1183 571 fidem
1200 515 1361 571 tertio
1382 516 1621 584 assigna,
1650 511 1842 565 ultimo
1861 507 2311 566 assimilationem
2342 508 2385 563 Α
2412 508 2631 573 partum
2668 507 2722 552 et
2751 496 2920 552 fetum
2965 492 3090 584 boni
3125 494 3400 584 exponat,
3432 485 3625 584 statuit
3653 497 3716 584 ea
3742 496 3881 584 quae
3906 482 3991 584 vi:

732 613 850 667 sive
889 608 1383 680 imaginationem»
1409 607 1611 661 Eadem
1640 604 1799 659 docet
1819 603 1946 657 libr.
1972 617 2070 659 vn.
2090 615 2145 669 p.
2180 597 2306 652 705.

812 701 1033 757 Videtur
1070 700 1299 771 epistola
1349 700 1414 754 ad
1448 698 1763 768 Dionysium
1801 694 1904 751 hos
1943 680 2306 765 cognoscendi

732 796 926 851 modos
958 796 1221 851 indicare.
1252 794 1367 849 Non
1402 793 1547 847 enim
1583 791 1811 846 triadem
1838 788 2026 851 habet,
2054 787 2150 843 sed
2179 800 2312 853 qua-

732 891 1064 945 ternionem.
1118 888 1365 943 Primum
1421 885 1783 957 cognoscendi
1836 897 2027 954 genus,
2074 876 2312 949 illudque

734 982 899 1051 longe
924 980 1437 1053 praestantissimum
1500 980 1553 1032 in
1606 977 1778 1046 ipsius
1801 975 1944 1031 entis
1991 973 2313 1029 considera-

734 1075 883 1129 tione
932 1081 1205 1127 versatur.
1265 1068 1378 1127 iloc
1435 1067 1566 1124 solis
1615 1067 1953 1136 sapientibus
2004 1062 2308 1133 contingit,

730 1165 847 1235 qui,
884 1165 1057 1219 ut-ait
1103 1162 1433 1237 Plato_libr.
1468 1177 1540 1214 vtt
1578 1159 1653 1213 De
1686 1176 1794 1226 rep.
1818 1197 1835 1221 ,
1895 1158 2071 1226 ipsum
2106 1154 2309 1208 bonum

732 1258 1038 1319 intuentur,
1071 1271 1247 1325 eoque
1273 1265 1503 1309 utuntur
1537 1253 1793 1320 tauquam
1844 1247 2165 1317 exemplari.
2213 1246 2310 1301 Se-

731 1349 968 1403 cundum
1004 1344 1376 1414 cognoscendi
1402 1358 1572 1413 genus
1604 1352 1854 1397 versatur
1872 1339 2020 1394 circa
2045 1338 2306 1399 secunda;

731 1453 855 1493 cum
908 1438 1165 1493 videlicet
1236 1438 1475 1499 animus,
1521 1445 1578 1489 ut
1630 1436 1695 1489 de
1748 1434 2042 1505 geometria
2098 1441 2151 1487 et
2187 1430 2310 1484 aliis

729 1530 1004 1599 ejusmodi
1056 1531 1267 1585 artibus
1326 1534 1586 1582 observat
1638 1527 1796 1583 Plato
1828 1527 1963 1581 ibid.
2007 1525 2103 1580 lib.
2141 1540 2190 1577 vr
2232 1523 2311 1577 De

733 1637 875 1686 rep.,
920 1620 1249 1689 imaginibus
1305 1629 1362 1673 et
1410 1610 1872 1688 suppositionibus
1926 1616 1991 1669 ad
2047 1616 2190 1670 entis
2228 1614 2311 1667 in-

729 1714 1147 1784 veStigationem
1182 1713 1371 1765 utitur.
1430 1709 1679 1764 Tertium
1734 1713 1881 1764 circa
1926 1707 2086 1761 tertia
2127 1720 2311 1759 versa-

732 1812 845 1868 tur,
894 1816 1015 1857 cum
1044 1802 1097 1855 in
1125 1802 1287 1856 rebus
1310 1799 1621 1854 visibilibus
1658 1813 1763 1853 non
1806 1798 2029 1852 umbras
2065 1807 2121 1852 et
2175 1796 2310 1848 ima—

729 1892 909 1962 gines,
936 1890 1029 1945 sed
1069 1891 1216 1959 ipsas
1256 1905 1345 1944 res
1374 1888 1870 1957 apprehendimus;
1904 1902 1969 1941 ex
2002 1899 2111 1955 quo
2148 1883 2306 1937 ﬁdem

728 1982 870 2037 ellici
902 1982 1147 2035 declarat
1177 1979 1351 2034 Plato.
1416 1980 1683 2046 Quartum
1714 1976 2080 2048 cognoscendi
2115 1990 2305 2043 genus,

726 2076 870 2145 quod
900 2073 1123 2129 ειπασεα
1153 2074 1268 2128 sive
1296 2072 1614 2143 imaginatio
1635 2080 1688 2127 et
1714 2070 2046 2125 assimilatio
2077 2078 2181 2131 est,
2200 2083 2305 2120 non

725 2166 963 2219 obscure
1000 2172 1467 2219 commemoratur
1491 2162 1543 2215 in
1582 2161 1812 2230 epistola
1857 2161 1923 2213 ad
1960 2159 2304 2230 Dionysium,

727 2257 817 2311 ubi
858 2271 1013 2311 mens
1051 2256 1300 2311 discendi
1347 2256 1540 2325 cupida
1574 2255 1643 2309 ad
1676 2270 1739 2309 ea
1792 2263 2002 2308 tantum
2033 2252 2307 2322 respicere

725 2347 948 2407 dicitur.
982 2364 1102 2416 quae
1131 2348 1232 2417 ipsi
1278 2349 1498 2416 cognita
1553 2356 1719 2411 sunt;
1773 2363 1895 2416 quae
1943 2344 2305 2416 cognoscendi

730 2441 873 2495 ratio
913 2438 1155 2493 Platonis
1200 2439 1407 2507 judicio
1442 2442 1655 2494 caneris
1702 2439 1994 2508 plurimum
2032 2436 2301 2491 concedit.

726 2532 844 2588 Non
876 2548 1008 2601 ergo
1072 2532 1163 2585 hic
1223 2531 1356 2585 trias
1400 2532 1712 2600 quzerenda,
1751 2532 1844 2585 sed
1905 2538 2076 2584 tetras
2105 2527 2309 2598 Pytha~

724 2624 933 2694 gorica.
985 2638 1107 2693 quae
1162 2638 1226 2677 ex
1293 2634 1527 2692 quatuor
1575 2622 1939 2693 cognoscendi
1997 2620 2173 2675 modis
2210 2633 2307 2673 ex-

723 2716 956 2784 plicatur
993 2714 1132 2783 apud
1169 2713 1518 2769 Plutarchum
1554 2713 1648 2768 lib.
1681 2730 1697 2768 t
1728 2711 1808 2765 De
1828 2712 2040 2780 placitis
2066 2711 2304 2777 philoso—

722 2806 998 2875 phorum:
1062 2805 1123 2859 Ἦ
1177 2805 1420 2877 ἡμετέρα.
1474 2804 1642 2877 ψυχὴ,
1700 2804 1896 2875 φησὶν,
1942 2806 2006 2856 ὲκ
2048 2803 2305 2873 τετράδος

723 2899 1037 2967 σύγκειται·
1058 2894 1195 2951 εἶναι
1225 2898 1332 2969 γὰρ
1363 2896 1506 2961 νοῦν,
1539 2898 1870 2967 ἐπιστήμην,
1900 2894 2079 2961 δόξαν,
2111 2894 2299 2966 αἴσθη-

724 3014 829 3059 σιν,
846 2996 904 3062 ἐξ
917 2989 992 3049 ὧν
1018 2997 1168 3049 πᾶσα
1190 2994 1353 3064 τέχνη
1377 2993 1469 3047 καὶ
1492 2993 1789 3064 ἐπιστήμη,
1806 2991 1899 3044 καὶ
1920 2992 2080 3061 ἡμεῖς
2096 2990 2303 3059 λογικοί

726 3090 908 3160 ισμεν.
939 3107 959 3137 ι
992 3088 1187 3143 Anima
1224 3093 1407 3140 nostra
1438 3087 1743 3137 continetur
1774 3084 2023 3137 tetrade:
2052 3091 2137 3136 est
2158 3082 2301 3136 enim

724 3197 897 3245 meus,
919 3180 1171 3243 scientia,
1197 3178 1399 3248 Opinio,
1429 3192 1645 3237 sensus.
1675 3176 1751 3229 Ex
1778 3176 1989 3245 quibus
2009 3190 2100 3228 ars
2117 3173 2301 3228 omnis

719 3282 776 3327 et
796 3271 1025 3327 scientia
1056 3286 1121 3325 ac
1151 3286 1251 3325 nos
1278 3270 1378 3338 ipsi
1419 3269 1646 3323 rationis
1679 3268 1967 3338 participes
1994 3279 2233 3319 sumus.)

792 3363 881 3413 Vl.
933 3362 1445 3418 Prastermittendus
1476 3377 1581 3415 non
1610 3366 1693 3415 est
1730 3360 1869 3414 alius
1900 3359 2052 3413 locus
2077 3372 2141 3411 ex
2178 3357 2299 3411 libr.

722 3468 775 3507 vt
808 3452 883 3506 De
908 3454 1150 3522 rep.,qui
1175 3453 1317 3522 apud
1346 3452 1636 3507 Eusebium
1668 3454 1872 3507 citatur
1896 3449 2082 3519 Priap.
2112 3467 2297 3518 evang.

721 3547 815 3599 lib.
848 3562 909 3608 tt,
938 3561 1059 3615 cap.
1092 3545 1182 3598 21.
1223 3545 1315 3599 Sic
1351 3545 1592 3613 loquitur
1622 3544 1915 3599 Socrates:
1948 3540 2078 3615 Ἆρ’
2121 3538 2213 3596 οὖν
2240 3542 2299 3594 οὐ

719 3638 814 3691 καί
840 3639 869 3689 ὁ
899 3636 1045 3707 ἥλιος
1086 3635 1208 3705 ὄψις
1264 3636 1363 3706 μὲν
1408 3636 1507 3688 οὐκ
1540 3636 1738 3700 ἔστιν,
1767 3637 1938 3698 αἴτιος
1970 3635 2015 3687 δ’
2038 3634 2110 3687 ὢν
2135 3634 2302 3703 αὐτῆς

716 3729 908 3800 ὁρᾶται
954 3727 1044 3780 ὑπ’
1079 3728 1246 3798 αὐτῆς
1293 3725 1529 3796 eadem;
1560 3726 1782 3806 ἱΟῦτως,
1898 3726 1941 3778 δ’
2101 3726 2302 3777 Τοῦτον

717 3822 897 3875 τοίνυν
948 3816 1035 3891 (ἦν
1074 3820 1130 3873 δὲ
1163 3818 1295 3891 ἐγὼ)
1354 3818 1523 3888 φάναι
1584 3838 1649 3890 με
1682 3819 1861 3887 λέγειν
1893 3818 1983 3871 τὸν
2038 3818 2133 3870 τοῦ
2168 3819 2301 3885 ἀγα-

721 3909 815 3963 θοῦ
848 3910 1087 3978 ἔκγονον,
1120 3910 1179 3963 ὃν
1208 3909 1445 3977 τάγαθὸν
1475 3910 1764 3980 ἐγέννησεν
1813 3909 2072 3976 ἀνάλογον
2102 3907 2299 3977 ἑαυτῷ,

718 3996 748 4049 ὃ
773 3997 827 4049 τί
856 4014 960 4067 περ
986 3997 1115 4049 αὐτὸ
1146 3998 1204 4049 ὲν
1236 3996 1313 4066 τῷ
1342 3997 1513 4067 νοητῷ
1540 3998 1689 4068 τόπῳ
1722 3999 1857 4067 πρός
1883 4015 1941 4049 τε
1968 3997 2091 4049 νοῦν
2121 3998 2213 4049 καὶ
2234 3997 2301 4050 τὰ

717 4085 1003 4158 νοούμενα,
1035 4086 1193 4140 τοῦτο
1232 4087 1419 4139 τοῦτον
1464 4090 1521 4142 ὲν
1566 4089 1645 4159 τῷ
1683 4087 1866 4160 ὁρατῷ
1923 4089 2061 4159 πρός
2097 4106 2154 4141 τε
2180 4089 2301 4158 ὄψιν

719 4181 817 4233 καὶ
842 4180 911 4232 τὰ
938 4178 1207 4251 ὁρώμενα.
1246 4198 1264 4231 ι
1298 4168 1487 4233 Nonne
1512 4182 1675 4251 igitur
1712 4182 1793 4236 sol
1848 4182 1964 4250 ipse
1994 4182 2144 4235 visus
2190 4198 2297 4236 non

718 4282 827 4337 est,
867 4283 922 4327 et
950 4290 1070 4327 cum
1102 4290 1265 4329 causa
1293 4275 1365 4328 sit
1408 4275 1579 4340 visus,
1610 4277 1680 4328 ab
1720 4276 1839 4346 ipso
1884 4276 1977 4331 illo
2016 4277 2301 4331 cernitur?

718 4362 973 4428 Omnino,
1004 4365 1187 4435 inquit
1228 4366 1345 4423 ille.
1379 4366 1472 4420 Sic
1522 4367 1712 4433 igitur,
1764 4368 1987 4436 inquam
2015 4408 2031 4431 ,
2081 4368 2148 4422 de
2204 4368 2300 4422 illo

719 4454 849 4509 boni
883 4453 1017 4522 fetu,
1059 4472 1220 4527 quem
1264 4457 1367 4511 sibi
1412 4458 1644 4512 similem
1694 4457 1746 4511 id
1778 4460 1925 4528 quod
1972 4461 2170 4513 bonum
2213 4468 2299 4514 est

2413 572 2627 651 dentur,
2664 588 2889 642 minime
2910 582 3164 653 intelligi,
3200 580 3352 633 ideas
3380 575 3604 645 intelligi
3626 574 3870 646 quidem,
3893 572 3999 627 sed

2415 685 2637 739 minime
2665 680 2875 736 videri:
2916 693 2981 733 ac
3031 674 3274 731 omnium
3311 671 3529 741 quidem
3560 683 3817 725 sensuum
3849 680 3991 733 pra-

2420 773 2820 831 stautissimum
2866 784 2984 825 esse
3013 770 3213 831 visum,
3252 778 3307 821 et
3346 762 3801 834 quemadmodum
3831 772 4000 811 nemo

2412 868 2599 922 videre
2629 874 2837 935 potest,
2875 863 2979 918 nisi
3013 860 3270 931 alfulgeat
3303 857 3389 913 illa
3414 857 3527 920 lus,
3560 867 3723 923 quam
3752 850 3899 905 solus
3919 865 3992 903 ex

2412 960 2516 1015 diis
2546 958 2863 1014 cmlestibus
2904 954 2983 1008 sol
3006 951 3201 1018 efﬁcit,
3251 951 3321 1004 ita
3357 949 3521 1003 etiam
3571 944 3705 999 nihil
3759 940 3989 1009 intelligi

2414 1066 2576 1121 posse
2606 1050 2724 1103 sine
2756 1048 2848 1101 illo
2884 1046 2973 1100 Dei
3003 1045 3149 1108 fetu;
3182 1042 3306 1112 quia
3338 1041 3479 1095 Deus
3513 1038 3652 1093 idem
3691 1042 3911 1104 prastat
3932 1033 3993 1086 in

2414 1144 2576 1198 rebus
2603 1156 2724 1211 qum
2748 1138 3143 1208 intelliguntur,
3171 1150 3233 1187 ac
3268 1132 3349 1189 sol
3379 1134 3431 1188 in
3464 1132 3530 1187 iis
3560 1144 3680 1198 quae
3710 1127 3990 1181 videntur.

2414 1237 2661 1303 llogatus
2696 1245 2753 1287 ut
2786 1247 2899 1286 rem
2933 1230 3141 1283 clarius
3167 1225 3443 1295 explanat,
3491 1225 3661 1277 lueret
3703 1220 3756 1273 in
3796 1218 3997 1273 eodem

2413 1327 2685 1395 exemplo,
2736 1342 2789 1379 et
2835 1321 3292 1394 quemadmodum
3322 1318 3467 1373 oculi
3494 1315 3816 1375 excutiunt,
3861 1326 3992 1366 cum

2412 1418 2479 1472 ad
2506 1433 2568 1472 es
2600 1424 2903 1479 vertuntur,
2938 1430 3064 1485 qum
3097 1412 3281 1466 noctis
3321 1408 3564 1463 tenebris
3601 1414 3787 1475 operta
3838 1409 3992 1464 sunt,

2412 1525 2570 1567 secus
2616 1524 2747 1564 vero
2797 1525 2921 1562 cum
2972 1508 3038 1562 ad
3077 1523 3139 1562 ea
3190 1520 3313 1575 quae
3361 1506 3443 1555 sol
3474 1501 3741 1563 illustrat;
3800 1497 3870 1550 ita
3922 1494 3997 1548 de

2412 1606 2595 1659 animo
2619 1603 2970 1674 iudicandum
3006 1599 3218 1655 statuit.
3254 1616 3272 1649 ι
3316 1595 3545 1662 Quando
3572 1594 3741 1654 enim,
3786 1587 3994 1658 inquit,

2412 1712 2479 1751 eo
2506 1695 2698 1759 fertur,
2732 1692 2821 1748 ubi
2853 1690 3056 1747 veritas
3084 1702 3140 1747 et
3165 1691 3340 1760 ipsum
3379 1703 3479 1743 ens
3523 1686 3745 1751 emicat,
3785 1680 3997 1737 intelli-

2414 1788 2491 1858 git
2516 1786 2669 1851 illud,
2700 1784 3092 1854 cognoscitque
3127 1792 3182 1835 et
3218 1789 3454 1835 mentem
3503 1775 3707 1832 habere
3748 1772 3999 1827 videtur.

2412 1877 2646 1947 Quando
2674 1887 2858 1931 autem
2892 1876 2959 1930 ad
2994 1876 3047 1929 id
3080 1872 3223 1943 quod
3256 1870 3501 1927 tenebris
3537 1866 3857 1939 permistum
3886 1873 4005 1925 est,

2411 1973 2664 2041 quodque
2690 1971 2933 2043 nascitur
2962 1976 3015 2022 et
3045 1967 3219 2037 perit;
3251 1964 3507 2033 opinatur
3527 1970 3583 2016 et
3603 1963 3837 2020 caecutit,
3869 1971 4003 2011 sur-

2410 2079 2529 2118 sum
2560 2041 2813 2116 deorsum
2845 2041 3131 2128 opiniones
3178 2057 3497 2119 immutans,
3549 2067 3615 2107 ac
3651 2049 3849 2106 mentis
3892 2062 4001 2102 ιιι-ο

2410 2154 2551 2225 perti
2585 2152 2785 2208 similis
2813 2160 2918 2205 est.
2949 2148 3102 2215 Quod
3136 2148 3302 2218 igitur
3325 2155 3377 2199 et
3403 2146 3688 2199 veritatem
3715 2140 3875 2196 rebus
3895 2153 4000 2194 co-

2410 2242 2741 2315 gnoscendis
2770 2251 2825 2297 et
2873 2242 3131 2295 virtutem
3182 2246 3407 2307 praestat
3442 2232 3813 2305 cognoscenti,
3864 2228 4001 2284 boui

2410 2336 2588 2391 idenm
2620 2349 2742 2389 esse
2770 2333 2961 2397 dicito,
2995 2330 3239 2387 scientia:
3264 2337 3319 2384 et
3352 2326 3621 2393 veritatis,
3662 2340 3782 2396 qua:
3815 2331 4003 2376 mente

2407 2428 2779 2497 cognoscitur,
2812 2440 3052 2479 causam.
3086 2443 3104 2473 ι

2478 2518 2631 2575 Nihil
2661 2520 2805 2574 aliud
2836 2534 2965 2591 ergo
2994 2529 3077 2572 est
3107 2518 3195 2571 ille
3239 2516 3332 2572 Dei
3365 2515 3529 2578 fetus,
3565 2529 3729 2583 quam
3761 2510 4002 2566 scientia

2408 2625 2463 2669 et
2489 2614 2715 2678 veritas,
2742 2628 2864 2682 quae
2896 2622 2954 2665 ut
2983 2612 3073 2664 lux
3107 2626 3136 2664 a
3166 2608 3305 2671 sole,
3350 2611 3425 2661 ita
3458 2624 3487 2660 a
3526 2608 3637 2661 Deo
3674 2606 3997 2675 gignuntur.

2408 2706 2675 2761 Eumdem
2702 2706 2845 2760 enim
2877 2705 3125 2759 ordinem
3158 2704 3310 2772 ponit
3334 2702 3476 2757 inter
3504 2700 3704 2755 bonum
3745 2706 3799 2752 et
3822 2695 4003 2764 ipsius

2408 2804 2648 2868 partum,
2684 2796 2972 2851 veritatem
3009 2805 3063 2849 et
3112 2794 3428 2857 scientiam,
3466 2806 3529 2843 ac
3565 2792 3709 2844 inter
3740 2786 3909 2842 solem
3938 2796 4003 2838 et

2421 2889 2637 2952 lucem;
2670 2896 2724 2944 et
2753 2877 3195 2955 quemadmodum
3219 2887 3315 2941 lux
3345 2897 3391 2940 et
3432 2888 3575 2939 visus
3615 2890 3741 2937 sunt
3780 2879 4003 2951 quidem

2406 2979 2662 3049 ἡλιοειδῆ,
2688 2979 2739 3032 id
2768 2987 2853 3033 est
2882 2979 3118 3047 speciem
3156 2978 3359 3032 habent
3386 2980 3452 3030 ad
3483 2976 3621 3031 solis
3645 2973 4001 3043 splendorem

2406 3070 2896 3133 accommodatum,
2922 3085 3011 3122 nec
3025 3081 3196 3122 tamen
3218 3079 3338 3121 sunt
3367 3067 3602 3137 ipsesol:
3632 3068 3706 3118 ita
3728 3065 4002 3118 veritatem

2404 3176 2451 3217 et
2476 3163 2748 3217 scientiam
2775 3177 2886 3215 esse
2914 3162 3126 3231 quidem
3155 3158 3446 3229 ἀγαθοειδῆ
3466 3198 3481 3223 ,
3518 3158 3570 3212 id
3596 3168 3681 3211 est
3710 3156 3835 3210 boni
3872 3170 4001 3224 spe-

2405 3260 2542 3311 ciem
2575 3255 2777 3309 habere
2814 3253 3079 3317 declarat,
3124 3254 3214 3306 sed
3246 3262 3419 3306 tamen
3449 3252 3623 3316 ipsum
3665 3251 3855 3301 bonum
3888 3263 4000 3301 non

2404 3363 2535 3400 esse.
2574 3345 2742 3400 Addit
2769 3344 3227 3414 quemadmodum
3256 3342 3333 3397 sol
3360 3346 3427 3396 iis
3448 3358 3565 3411 qua:
3588 3343 3851 3403 videnlur,
3885 3355 3997 3392 non

2403 3440 2459 3493 id
2494 3440 2666 3492 solum
2697 3448 2915 3510 prastat
2962 3447 3018 3490 ut
3059 3437 3358 3500 uideantur,
3402 3436 3495 3491 sed
3534 3436 3695 3489 etiam
3735 3451 3797 3489 ea
3835 3450 3999 3503 gene-

2404 3548 2543 3597 rare,
2576 3547 2786 3599 augere,
2824 3532 3047 3591 nutrire,
3088 3528 3327 3597 quamvis
3371 3528 3487 3593 ipse
3517 3542 3623 3579 non
3661 3526 3729 3579 sit
3771 3540 3997 3593 genera-

2405 3622 2517 3686 tio;
2578 3622 2650 3673 ita
2690 3624 2881 3675 bonum
2927 3622 2997 3673 iis
3036 3636 3154 3689 quae
3196 3629 3614 3688 cognoscuntur,
3664 3634 3769 3671 non
3816 3616 3997 3670 solum

2405 3716 2595 3785 largiri
2624 3725 2679 3767 ut
2716 3716 2959 3783 cognosci
3001 3717 3239 3782 possint,
3279 3715 3372 3767 sed
3405 3713 3563 3767 etiam
3602 3712 3770 3781 ipsum
3810 3726 3993 3763 esseu-

2403 3808 2529 3859 tiam
2561 3808 2779 3871 donare,
2802 3807 3043 3875 quamvis
3072 3806 3246 3871 ipsum
3272 3805 3483 3857 minime
3517 3806 3584 3857 sit
3612 3806 3863 3869 essentia,
3897 3804 3994 3855 sed

2404 3914 2561 3966 supra
2594 3900 2896 3959 essentiam,
2920 3898 3180 3966 dignitate
3205 3906 3251 3949 et
3275 3897 3507 3963 potentia
3539 3910 3887 3963 exsuperans.

2481 3990 2586 4047 V'll.
2619 3991 2699 4044 Ad
2736 3992 2876 4043 hanc
2908 3990 3149 4042 Platonis
3174 3988 3572 4054 interpretandi
3606 3988 3872 4040 rationem
3903 4001 3995 4039 ac-

2403 4085 2547 4139 cedit
2592 4082 2893 4135 a:.etoritas
2935 4091 3177 4134 veterum
3226 4078 3576 4145 scriptorum,
3623 4080 3715 4148 qui
3769 4079 3822 4131 in
3868 4079 3993 4145 ejus

2405 4178 2558 4232 libris
2610 4177 2846 4228 maxime
2884 4172 3091 4226 versati
3124 4171 3297 4225 fuere.
3352 4168 3566 4223 Nullam
3612 4172 3758 4223 enim
3788 4173 3853 4224 de
3884 4173 3991 4225 hoc

2406 4270 2496 4323 Dei
2525 4268 2660 4321 Filio
2687 4267 2925 4319 litteram
2962 4265 3203 4319 invenias
3234 4279 3409 4333 neque
3449 4263 3592 4330 apud
3624 4264 3974 4326 Ciceronem,

2404 4378 2581 4433 neque
2630 4364 2771 4431 apud
2804 4362 3184 4426 Plutarchum,
3236 4361 3327 4429 qui
3381 4360 3626 4413 Platonis
3675 4360 3986 4413 doctrinam

2404 4456 2658 4510 oumibus
2710 4453 2957 4522 vestigiis
3005 4453 3372 4520 indagaruut,
3428 4467 3607 4521 neque
3656 4452 3795 4519 apud
3848 4452 3990 4506 alios

716 4548 927 4616 genuit,
953 4564 1127 4602 meam
1148 4549 1336 4617 accipe
1360 4550 1682 4603 sententiam
1718 4568 1732 4603 τ
1760 4551 1921 4619 quale
1945 4552 2075 4605 illud
2101 4562 2183 4606 est
2200 4553 2295 4605 bo—
2329 4558 2373 4611 ῐ)
2403 4549 2725 4613 scriptores,
2756 4547 2846 4613 qui
2870 4544 2936 4597 de
2962 4544 3410 4613 philosophorum
3444 4544 3728 4599 sententiis
3767 4554 3986 4611 pertra-

719 4654 846 4691 num
884 4639 939 4691 in
970 4639 1087 4693 loco
1118 4640 1442 4709 intelligibili
1466 4656 1586 4693 cum
1625 4650 1804 4694 mente
1827 4656 1891 4693 ac
1913 4643 2070 4697 rebus
2113 4654 2293 4698 mente

718 4733 985 4802 perceptis
1010 4744 1399 4801 comparatum,
1417 4734 1575 4787 talem
1598 4750 1719 4788 esse
1740 4735 1909 4788 solem
1929 4736 1981 4789 in
2007 4736 2230 4799 visibili,
2250 4735 2296 4790 si

718 4840 838 4878 cum
856 4826 968 4879 visu
991 4836 1045 4880 et
1074 4828 1237 4879 rebus
1265 4827 1362 4879 sub
1390 4827 1563 4878 visum
1593 4826 1907 4880 cadentibus
1928 4826 2290 4883 conferatur.)

796 4913 977 4969 Prima
1012 4916 1193 4984 specie
1219 4916 1431 4969 videtur
1458 4916 1608 4969 Plato
1636 4916 1801 4969 lilium
1830 4917 1939 4972 Deo
1975 4920 2294 4985 attribuere,

719 5020 879 5074 quem
916 5005 1057 5059 Deus
1098 5006 1201 5061 sibi
1236 5007 1467 5061 similem
1502 5009 1782 5077 genuerit:
1817 5010 1911 5063 sed
1960 5013 2004 5065 si
2051 5012 2297 5065 attenda—

720 5108 838 5144 mus
884 5107 1005 5160 quae
1051 5103 1379 5160 sequuntur,
1431 5110 1657 5163 qumque
1705 5100 2034 5162 praecedunt,
2088 5114 2194 5153 non
2228 5098 2298 5152 de

717 5180 856 5238 Filio
888 5186 1002 5247 Dei,
1037 5186 1130 5238 sed
1160 5187 1224 5239 de
1256 5187 1485 5241 scientia
1532 5199 1586 5241 et
1634 5191 1889 5257 veritate,
1937 5208 2099 5259 quam
2153 5191 2298 5247 Deus

718 5273 773 5329 iu
804 5276 961 5330 nobis
997 5277 1190 5345 gignit,
1223 5276 1503 5333 Platonem
1541 5281 1687 5349 loqui
1721 5284 2014 5337 constabit.

789 5364 1053 5430 Quidnam
1084 5370 1155 5422 sit
1185 5373 1382 5423 bonum
1407 5373 1537 5441 (quo
1568 5378 1782 5428 nomine
1814 5375 1983 5428 Deum
2017 5375 2292 5442 designari

722 5469 883 5509 nemo
913 5461 1516 5530 uegaverit)explicare
1566 5480 1672 5517 non
1711 5468 1877 5520 audet
1920 5466 2176 5520 Socrates
2218 5468 2297 5519 rei

719 5546 1033 5601 dillicultate
1063 5552 1386 5620 deterritus;
1425 5556 1519 5609 sed
1564 5564 1741 5610 tamen
1775 5557 1893 5624 eius
1921 5559 2132 5620 τόκους,
2181 5558 2297 5611 sive

720 5646 909 5701 partus
932 5654 1201 5708 exponere
1225 5647 1562 5713 aggreditur,
1586 5668 1603 5699 ι
1626 5650 1816 5717 etquis
1850 5649 1923 5703 sit
1949 5649 2093 5703 illius
2126 5651 2291 5714 fetus,

721 5728 927 5795 ipsique
950 5733 1275 5799 simillimus,
1290 5754 1307 5786 ι
1327 5737 1384 5799 ὃς
1397 5736 1451 5789 δὲ
1472 5739 1690 5805 ἔκγονος
1712 5740 1803 5793 τοῦ
1826 5742 2030 5809 ἀγαθοῦ
2048 5742 2295 5809 φαίνεται

726 5817 814 5871 ἀἱ
853 5821 1165 5891 ὁμοιότατος
1199 5828 1405 5895 ἐκείνῳ.
1458 5830 1523 5887 Ut
1567 5835 1709 5890 hunc
1740 5836 1893 5889 τόκον
1934 5835 2024 5889 καὶ
2053 5834 2291 5905 ἔκγονον,

2400 4648 2573 4693 ctaut.
2606 4636 2775 4691 Nemo
2805 4638 3031 4691 οιιιιιίιιο
3060 4648 3524 4691 commemoratur
3552 4652 3619 4691 ex
3647 4637 3987 4705 philosophis

2399 4730 2651 4794 ethnicis,
2677 4731 2769 4798 qui
2800 4735 2939 4782 hanc
2962 4731 3029 4784 de
3050 4730 3223 4784 ‘Jerho
3242 4729 3337 4786 Dei
3363 4730 3498 4784 Filio
3516 4730 3839 4783 sententiam
3855 4740 3987 4783 ante

2402 4835 2626 4878 exortus
2657 4824 2993 4877 recentiores
3028 4822 3343 4877 Platonicos
3388 4831 3484 4874 aut
3528 4831 3746 4875 secutus
3791 4819 3863 4875 sit
3890 4831 3986 4875 aut

2403 4916 2825 4985 impugnaverit.
2854 4914 3046 4968 Cicero
3076 4915 3130 4967 in
3164 4912 3290 4967 libr.
3318 4928 3354 4967 ιι
3378 4912 3454 4966 De
3471 4912 3570 4982 leg.
3596 4928 3778 4966 veram
3806 4911 3983 4980 legem

2398 5008 2684 5062 'cxistimat
2731 5017 2950 5059 mentem
2992 5023 3102 5061 esse
3136 5007 3311 5059 omnia
3355 5006 3561 5057 ratione
3611 5015 3700 5057 aut
3746 5005 3981 5072 cogentis

2402 5111 2493 5153 aut
2528 5101 2750 5153 vetantis
2782 5098 2903 5155 Dei.
2937 5100 3104 5152 Paulo
3133 5106 3253 5167 post
3280 5096 3347 5151 de
3376 5097 3565 5151 eadem
3601 5097 3750 5165 lege:
3791 5113 3809 5146 ι
3859 5093 3979 5148 Νοιι

2401 5202 2513 5245 tum
2545 5191 2777 5259 denique
2812 5191 3001 5258 incipit
3038 5189 3123 5244 lex
3155 5203 3277 5244 esse
3306 5229 3321 5253 ,
3358 5190 3557 5258 inquit,
3605 5205 3728 5243 cum
3771 5191 3979 5260 scripta

2399 5292 2505 5345 est,
2539 5281 2633 5334 sed
2668 5290 2778 5334 tum
2810 5296 2931 5333 cum
2965 5290 3082 5333 orta
3116 5288 3220 5333 est.
3270 5279 3399 5333 Orta
3454 5290 3633 5332 autem
3690 5279 3851 5332 simul
3893 5290 3981 5334 est

2399 5388 2523 5425 cum
2573 5381 2754 5424 mente
2802 5372 3001 5426 divina.
3067 5371 3433 5437 Quamobrem
3489 5370 3574 5424 lex
3636 5386 3760 5423 vera
3812 5380 3977 5437 atque

2398 5465 2810 5531 princeps,apta
2842 5460 3213 5531 adjubendum
3233 5473 3284 5515 et
3300 5464 3366 5515 ad
3384 5463 3698 5526 velandum,
3727 5462 3866 5516 ratio
3893 5473 3977 5518 est

2400 5566 2548 5608 recta
2575 5554 2767 5607 summi
2792 5552 2962 5607 Jovis.
2996 5573 3013 5603 ι
3050 5553 3207 5607 Vides
3222 5553 3563 5618 Ciceronem,
3592 5564 3702 5607 tum
3729 5568 3853 5605 cum
3868 5552 3974 5608 sibi

2399 5648 2679 5702 Platonem
2739 5649 2805 5699 ad
2869 5646 3191 5699 imitandum
3251 5648 3525 5715 proponit,
3592 5661 3659 5699 ne
3706 5650 3971 5717 suspicari

2397 5744 2614 5810 quidem
2637 5742 2791 5809 λόγον
2812 5746 2925 5797 sive
2952 5745 3219 5797 rationem
3242 5758 3363 5797 esse
3388 5742 3581 5797 Filium
3609 5742 3723 5796 Dei.
3762 5740 3974 5795 Plutar-

2399 5836 2533 5891 chus
2566 5837 2617 5891 iu
2649 5837 2785 5893 libro
2811 5836 2883 5891 De
2914 5838 3120 5906 placitis
3146 5836 3573 5907 philosophorum
3598 5837 3698 5891 tria
3731 5835 3972 5891 Platonis
