4120 6412
148 415 205 467 δε

1134 409 1195 460 1).
1236 409 1500 461 MARANI
1534 408 1927 462 PllALl‘A'l'lU.
1950 436 2021 448 -—
2060 407 2237 461 PARS
2276 407 2341 462 ll.

3322 417 3395 476 54

149 529 391 598 principia
447 536 734 593 recenset,
792 527 958 582 Deum
986 566 1001 591 ,
1059 529 1341 582 materiam
1387 539 1443 584 et
1495 530 1692 583 ideam.
1723 535 1769 589 Α
1803 547 1820 579 ι
1858 529 2122 582 rationem
2157 529 2412 583 omnibus
2449 530 2804 600 imperantem
2843 551 2863 586 s
2905 549 2934 586 a
2964 533 3075 590 Deo
3100 544 3154 589 et
3184 539 3394 606 cogita-

149 622 300 676 Meam
349 633 527 677 autem
557 621 689 674 nihil
725 619 868 673 aliud
917 634 1036 672 esse
1086 628 1257 688 putat,
1310 635 1470 689 quam
1519 635 1707 675 esseu-

148 719 259 768 Iiam
307 716 683 786 incorpoream
737 716 796 767 ὲν
838 713 1070 784 νοήμασι
1103 713 1564 784 καὶλφαντασίαις
1611 711 1702 770 Dei

146 811 517 873 exsistentem;
569 806 625 860 in
670 821 778 875 quo
803 803 961 857 valde
987 821 1014 858 a
1051 805 1261 859 Clerico
1284 813 1337 859 et
1367 806 1487 859 aliis
1514 807 1704 874 hujus-

147 901 273 954 modi
305 902 597 969 discrepat,
632 901 723 971 qui
762 899 938 954 ideam
967 899 1108 966 apud
1141 898 1422 953 Platonem
1454 899 1704 953 substan-

151 993 263 1044 tiam
286 1008 407 1047 esse
434 992 622 1046 volunt
651 1007 680 1044 a
715 992 823 1045 Deo
850 999 1159 1057 separatam
1189 999 1244 1044 et
1279 989 1645 1044 dissociatam.

205 1083 384 1138 Celsus
413 1085 555 1153 apud
579 1083 868 1154 Origenem
897 1083 1063 1138 Deum
1091 1083 1260 1150 ipsum
1292 1085 1558 1136 rationem
1582 1098 1702 1138 esse

146 1176 360 1227 omnium
395 1190 578 1228 rerum
614 1173 947 1244 pronuntiat,
1001 1184 1058 1226 ut
1107 1182 1251 1242 patet
1297 1188 1364 1226 ex
1407 1173 1489 1226 his
1522 1174 1701 1226 verbis

145 1282 245 1332 qua:
283 1266 349 1320 ab
372 1264 611 1335 Origene
643 1265 954 1320 referuntur
981 1265 1074 1318 lib.
1114 1281 1165 1329 v,
1196 1280 1316 1334 pag.
1346 1263 1484 1319 240:
1505 1264 1693 1336 Σάρκα

145 1357 196 1426 δὴ
222 1360 416 1428 μεστὴν
447 1351 522 1410 ὧν
566 1357 686 1409 οὐδὲ
724 1359 895 1410 εἰπεῖν
935 1356 1119 1418 καλὸν,
1166 1355 1379 1409 αἰώνιον
1420 1356 1698 1428 ἀποφῆναι

146 1451 445 1520 παραλόγως
496 1448 618 1502 οὔτε
655 1447 1018 1519 βουλήσεταιὸ
1043 1447 1193 1512 Θεὸς,
1231 1447 1353 1500 οὔτε.
1389 1447 1694 1518 δυνήσεται.

146 1540 290 1603 Αὐτὸς
315 1543 423 1611 γάρ
469 1542 616 1593 ἐστιν
657 1541 686 1592 ὁ
731 1540 945 1592 πάντων
982 1537 1088 1591 τῶν
1121 1539 1290 1591 ὄντων
1316 1539 1500 1607 λόγος·
1548 1539 1697 1592 οὐδὲν

143 1631 220 1686 οὖν
245 1633 346 1698 οἶός
375 1651 432 1686 τε
463 1633 787 1704 παράλογον,
821 1632 938 1684 οὐδὲ
971 1630 1095 1705 παρ’
1123 1631 1310 1685 ἑαυτὸν
1334 1631 1692 1703 ἐργάσασθαι.

147 1745 162 1775 ι
190 1727 403 1781 Carnem
429 1742 561 1779 vero
592 1725 657 1777 iis
685 1723 920 1792 plenam,
945 1739 1063 1794 quae
1088 1739 1157 1777 ne
1177 1724 1447 1794 appellare
1475 1724 1692 1793 quidem

145 1817 298 1881 decet,
336 1827 596 1871 aeternam
629 1814 858 1868 reddere
892 1826 1080 1869 contra
1111 1815 1376 1869 rationem
1405 1829 1505 1869 nec
1550 1817 1693 1867 votet

143 1907 286 1971 Deus,
313 1923 410 1962 nec
442 1909 665 1977 poterit.
720 1905 840 1976 ipse
885 1907 1031 1960 enim
1069 1905 1309 1961 omnium
1343 1920 1524 1959 rerum
1555 1905 1693 1958 ratio
1725 1888 1766 1942 Β

144 2011 243 2050 est:
269 1997 394 2050 nihil
422 2012 554 2067 ergo
579 2007 767 2052 contra
799 1997 1087 2058 rationem,
1113 2004 1206 2048 aut
1227 2004 1419 2048 contra
1450 1994 1692 2063 seipsutn

146 2089 302 2144 lacere
343 2090 563 2158 poterit.
598 2108 615 2140 ι
675 2087 998 2142 Christiana:
1036 2086 1300 2141 doctrina:
1338 2084 1630 2140 discrimen
1658 2099 1691 2137 a

144 2178 264 2232 Celsi
310 2179 579 2233 sententia
625 2179 706 2234 sic
752 2178 974 2247 exponit
1019 2174 1305 2246 Origenes,
1361 2190 1486 2244 pag.
1541 2173 1690 2229 246:

153 2269 290 2322 Ἀλλὰ
325 2272 416 2324 καὶ
453 2273 483 2323 ὁ
512 2269 623 2324 τῶν
654 2269 871 2324 πάντων
895 2267 1049 2338 λόγος
1072 2267 1210 2334 ἐστὶ,
1239 2266 1380 2320 κατὰ
1411 2265 1510 2337 μὲν
1547 2263 1690 2318 Κέλο

147 2379 240 2427 nov,
266 2364 419 2427 αὐτὸς
442 2365 472 2415 ὀ
497 2364 632 2427 Θεός
647 2379 661 2392 ·
691 2362 829 2416 κατὰ
851 2362 906 2415 δὲ
926 2364 1092 2434 ἡμᾶς,
1114 2363 1143 2414 ὁ
1166 2361 1301 2424 Υἱὸς.
1319 2359 1504 2414 αὑτοῦ.
1535 2379 1554 2412 s
1586 2361 1694 2416 Sed

146 2456 358 2508 omnium
399 2454 621 2524 quidem
664 2457 807 2509 ratio
841 2464 942 2520 est,
974 2456 1272 2509 secundum
1308 2453 1547 2520 Celsum,
1578 2454 1694 2524 ipse

147 2540 303 2608 Deus;
332 2546 633 2599 secundum
664 2560 785 2610 nos,
817 2545 934 2614 ejus
966 2546 1153 2601 Filius.
1186 2565 1206 2598 s

205 2634 333 2690 idem
365 2635 578 2702 Celsus,
623 2653 750 2691 cum
801 2652 944 2707 saepe
973 2638 1311 2693 Christianos
1341 2637 1509 2692 multa
1548 2637 1694 2693 dicat

149 2740 201 2779 ex
226 2725 438 2780 Platone
468 2727 736 2792 hausisse,
775 2743 1041 2798 nusquam
1072 2743 1259 2783 eorum
1288 2730 1356 2784 de
1384 2727 1562 2783 Verbo
1599 2732 1693 2782 do-

147 2817 372 2883 ctrinam,
400 2835 569 2888 quam
606 2819 909 2874 sexcenties
933 2820 1192 2888 exagitat,
1236 2820 1377 2876 inter
1405 2819 1519 2881 haec
1546 2816 1693 2874 furta

148 2919 532 2964 commemorat.
565 2909 706 2977 Quin
745 2911 909 2965 etiam
943 2912 1158 2979 penitus
1187 2910 1473 2980 ignorabat
1505 2909 1692 2965 Plato-

149 3014 250 3053 nem
278 3002 341 3055 de
369 3001 512 3056 Filio
547 3002 642 3056 Dei
669 3001 907 3056 locutum
935 3017 1075 3057 esse.
1118 3003 1210 3060 Ait
1253 3003 1397 3056 enim
1423 3000 1693 3057 Christia-

151 3107 232 3146 nos
260 3095 374 3149 aliis
403 3111 510 3150 non
555 3094 698 3149 belle
741 3095 1106 3164 contemptis,
1151 3095 1261 3150 alta
1309 3104 1367 3149 et
1415 3094 1562 3150 inani
1599 3108 1696 3164 spe

149 3186 327 3254 plenos,
347 3189 502 3258 quasi
525 3186 813 3256 magnifica
835 3189 1080 3256 quaedam
1103 3186 1414 3253 didicerint,
1435 3188 1692 3242 nonnulla

151 3289 196 3328 ut
225 3293 339 3332 vera
367 3279 707 3348 pradicare;
749 3279 843 3334 sed
887 3278 1003 3332 hac
1030 3277 1309 3332 Platonem
1357 3279 1527 3332 multo
1564 3287 1694 3333 ante

149 3368 399 3436 docuisse;
451 3384 558 3424 nec
591 3379 770 3424 tamen
801 3383 928 3423 eum
959 3367 1332 3438 prodigialiter
1372 3368 1544 3438 loqui,
1593 3384 1694 3423 nec

151 3461 419 3518 volentibus
452 3464 814 3535 interrogare,
843 3463 976 3534 quid
1007 3463 1201 3518 sithoc
1224 3463 1366 3533 quod
1392 3463 1691 3534 promittat,

149 3553 388 3609 silentium
419 3557 683 3620 indicere,
709 3565 801 3609 aut
826 3556 1039 3625 jubere,
1070 3565 1128 3610 ut
1152 3571 1184 3610 e
1220 3557 1450 3628 vestigio
1469 3556 1695 3611 credant

153 3647 286 3700 talem
312 3663 424 3703 esse
461 3650 656 3713 Deum,
689 3649 961 3718 talemque
998 3648 1190 3703 eiesse
1213 3647 1431 3714 Filium,
1461 3663 1695 3717 eumque

150 3737 236 3792 huc
256 3739 524 3811 delapsum
548 3756 732 3796 secum
759 3756 879 3796 esse
901 3741 1246 3806 collocutum,
1273 3755 1395 3809 pag.
1429 3738 1558 3795 280.
1620 3786 1621 3792 η

208 3830 308 3886 Non
339 3834 628 3902 ignorabat
672 3832 865 3888 Celsus
917 3832 1178 3908 nonnulla
1222 3833 1365 3902 apud
1411 3830 1692 3886 Platonem

154 3923 235 3994 legi
274 3927 335 3981 de
358 3928 497 3982 Filio
541 3926 662 3991 Dei;
712 3926 806 3980 sed
858 3925 953 3980 lilii
1006 3927 1224 3983 nomine
1263 3929 1520 3981 mundum
1551 3928 1696 3982 desio

155 4021 281 4085 (nari
306 4023 599 4076 existimat.
627 4019 719 4075 Sic
742 4023 884 4076 enim
938 4022 1175 4090 loquitur
1222 4020 1361 4090 apud
1402 4019 1692 4091 Origenem

156 4112 230 4165 lib.
253 4130 297 4172 ν,
327 4131 444 4183 pag.
477 4114 620 4168 308:
665 4113 888 4167 Ὀπὸϐεν
925 4115 980 4167 δὲ
1010 4114 1100 4166 καὶ
1127 4111 1258 4165 αὐτὸ
1290 4110 1445 4165 τοῦτο
1465 4111 1695 4180 ἐπῆλθεν

156 4205 305 4268 sitsi;
347 4208 478 4260 Θεοῦ
518 4207 650 4260 Υἱὸν
679 4206 861 4261 καλεῖν
903 4207 1171 4278 σημαίνω.
1215 4209 1438 4278 ’Ἄνδρες
1477 4202 1694 4258 παλαιοὶ

158 4296 276 4348 τόνδε
299 4299 381 4350 τὸν
422 4301 653 4370 κόσμον,
700 4299 775 4362 ὼς
824 4301 887 4351 ὲκ
926 4297 1058 4350 Θεοῦ
1099 4299 1404 4368 γενόμενον,
1439 4295 1602 4350 παϊδά
1635 4309 1694 4346 τε

159 4390 290 4443 aito-3
318 4393 405 4444 καὶ
443 4391 629 4461 ἠίθεον
655 4394 964 4462 προσεῖπον.
1001 4392 1148 4446 Πάνυ
1176 4390 1305 4459 γοῦν
1341 4392 1521 4461 ὅμοιος
1544 4383 1695 4453 οὗτος

159 4482 369 4545 κάκεῖνος
413 4487 562 4548 παῖς.
616 4501 636 4534 ‹
679 4481 832 4539 Unde
856 4494 1036 4537 autem
1063 4493 1119 4538 et
1152 4483 1254 4538 hoc
1302 4484 1474 4551 ipsum
1519 4483 1599 4536 eis
1640 4481 1692 4534 in

1719 3231 1761 3288 C

1811 620 1955 673 tione
1996 621 2198 682 divina,
2242 621 2334 672 sed
2373 622 2663 676 manifeste
2709 625 2928 690 respicit
2961 629 3027 679 ad
3067 626 3242 681 locum
3273 629 3395 685 Pla-

1806 713 1952 764 tonis
1980 726 2046 765 ex
2081 711 2285 766 'I'imwo
2316 727 2478 782 supra
2507 715 2751 779 allatum,
2801 718 2890 773 ubi
2935 719 3187 776 hortatur
3213 720 3388 786 Plato,

1805 812 1864 854 ut
1906 805 2262 856 humanarum
2301 807 2568 859 rationum
2618 822 2779 861 unam
2827 811 3064 881 aliquam
3109 816 3393 883 apprehen-

1803 898 1982 951 dentes
2017 898 2165 967 eique
2207 898 2517 964 insidentes,
2559 901 2680 953 vitae
2719 904 2956 966 pericula
2997 916 3250 975 tanquam
3282 920 3393 960 rate

1803 990 2153 1059 enavigemus,
2189 989 2289 1043 nisi
2316 992 2434 1060 quis
2465 992 2628 1060 possit
2663 994 2896 1058 firmiore
2926 994 3102 1064 aliqua
3130 999 3390 1064 uehiculo,

1804 1082 1880 1135 te!
1907 1083 2091 1135 divina
2129 1083 2310 1152 aliqua
2348 1086 2552 1138 ratione
2584 1086 2909 1165 apprehenia
2952 1089 3117 1142 tutius
3154 1093 3385 1146 traduci.

1872 1171 2190 1227 JuSIinusin
2216 1172 2462 1240 Cohort,
2489 1177 2631 1243 quod
2655 1193 2790 1242 Opus
2825 1178 2877 1229 in
2909 1181 3225 1246 primordiis
3255 1199 3389 1238 con-

1803 1264 2074 1318 versionis
2127 1266 2369 1334 scripsit,
2421 1265 2704 1322 Platonem
2747 1269 2947 1337 Carpit,
3003 1287 3056 1324 n.
3113 1271 3186 1327 29
3207 1284 3263 1328 et
3291 1274 3386 1336 50.

1800 1356 1944 1425 quod
1980 1359 2065 1412 his
2093 1374 2212 1427 quae
2242 1358 2412 1430 Moysi
2444 1361 2592 1414 dicta
2617 1371 2777 1415 sunt:
2819 1361 3118 1417 Secundum
3157 1364 3385 1433 formans

1798 1452 1895 1503 tibi
1934 1451 1990 1503 in
2029 1462 2203 1505 monte
2251 1463 2598 1506 monstratam
2627 1455 2702 1507 ita
2734 1455 2923 1523 (acies,
2961 1455 3118 1512 lectis
3162 1460 3383 1526 quidem

1800 1546 1898 1596 sed
1940 1559 2045 1596 non
2092 1544 2406 1610 intellectis,
2448 1546 2675 1614 formam
2711 1549 3023 1613 quamdam,
3063 1551 3168 1604 sine
3208 1568 3386 1605 nemo

1797 1633 1916 1703 plur
1957 1652 2139 1689 eorum
2185 1653 2303 1706 qua:
2334 1639 2476 1706 facta
2513 1651 2633 1692 sunt
2678 1650 2799 1694 ante
2832 1641 2922 1707 id,
2963 1645 3105 1711 quod
3144 1646 3382 1698 sensibus

1796 1725 2086 1795 subjectum
2129 1737 2227 1792 est,
2275 1731 2561 1797 separatim
2599 1732 2847 1785 exsistere
2893 1734 3277 1799 existimaSset,
3326 1748 3382 1790 et

1798 1820 2273 1887 prmexsistentem
2311 1831 2536 1887 terram,
2577 1823 2960 1890 prteexsistetts
2985 1825 3206 1893 castum,
3245 1841 3387 1895 prmo

1796 1911 2154 1965 exsistentem
2185 1915 2458 1969 hominem
2481 1907 2812 1975 admisisset,
2845 1915 3107 1970 Eumdcm
3147 1919 3382 1988 castigat

1796 2021 1850 2057 n.
1880 2004 1932 2070 7,
1953 2004 2350 2074 quod'formam
2374 2008 2426 2060 in
2447 2005 2544 2060 Dei
2563 2007 2867 2061 nationibus
2896 2020 3195 2075 recenseat,
3215 2028 3377 2081 quam

1794 2095 1919 2150 aiihi
1950 2098 2316 2152 substantiam
2344 2100 2636 2167 separatim
2663 2100 3015 2154 exsistentem
3040 2103 3377 2170 pronuntiat.

1865 2188 1940 2242 Ita
1978 2187 2243 2254 Justinus,
2280 2190 2416 2266 nihil
2452 2190 2740 2258 suspicatus
2771 2190 3054 2254 Platonem
3086 2194 3151 2247 de
3185 2191 3370 2248 Verbo

1795 2281 1888 2335 Dei
1922 2281 2062 2336 Filio
2092 2291 2147 2336 et
2183 2282 2295 2336 Deo
2324 2283 2660 2352 degustasse,
2689 2283 2798 2337 imo
2831 2295 2898 2338 n‘e
2931 2285 3045 2352 ipse
3074 2286 3289 2355 quidem
3322 2285 3379 2338 in

1794 2373 2073 2430 Platonica
2123 2372 2368 2430 doctrina
2403 2378 2534 2445 (non
2570 2379 2716 2430 enirn
2773 2378 2865 2432 ditt
2908 2393 3032 2432 cum
3074 2375 3378 2433 Platonicis

1792 2464 2009 2537 fuerat)
2075 2467 2302 2521 multum
2367 2477 2641 2523 versatus.
2699 2469 2831 2523 Nam
2887 2468 3042 2524 Plato
3097 2468 3380 2538 exemplar

1795 2559 1981 2612 mundi
2032 2553 2086 2612 in
2132 2558 2227 2613 Dei
2279 2559 2706 2630 cogitationibus
2767 2570 3090 2616 constanter
3136 2561 3376 2629 reponit.

1793 2649 1948 2717 Quod
1995 2651 2039 2707 si
2073 2651 2259 2707 multis
2303 2663 2428 2721 post
2473 2647 2634 2708 annis
2665 2653 2816 2708 visus
2859 2662 2944 2707 est
2988 2653 3090 2707 sibi
3129 2650 3380 2706 Justinus

1793 2738 2124 2798 Christianae
2153 2744 2220 2797 de
2241 2742 2382 2798 Filio
2406 2753 2460 2798 et
2496 2744 2704 2814 Spititu
2756 2754 2949 2799 sancto
2989 2743 3254 2799 doctrinae
3278 2744 3380 2798 ali-

1795 2840 1984 2902 quam,
2013 2847 2120 2886 non
2150 2833 2274 2886 dico
2303 2835 2691 2903 cognitionem,
2712 2835 2834 2899 sed,
2868 2845 2928 2888 ut
2959 2835 3075 2903 ipse
3125 2835 3224 2902 ait,
3250 2834 3377 2888 imi—

1797 2925 2059 2978 tationem
2098 2925 2241 2996 apud
2282 2923 2569 2979 Platonem
2619 2926 2880 2995 reperire,
2915 2925 2966 2980 id
2994 2941 3118 2980 cum
3161 2934 3217 2981 et
3249 2940 3378 2981 sero

1795 3021 2237 3076 animadversum
2277 3020 2372 3084 sit,
2405 3029 2462 3076 et
2487 3021 2704 3092 longius
2751 3030 3015 3085 tractmn,
3053 3031 3379 3090 argumento

1795 3123 1880 3168 est
1910 3128 2192 3181 nunquam
2225 3114 2343 3169 ha‘c
2391 3112 2666 3170 Justinum
2716 3112 3134 3167 observaturum
3179 3110 3376 3176 fuisse,

1797 3199 1901 3259 nisi
1929 3213 1980 3258 et
2009 3202 2324 3258 Christiana
2378 3204 2630 3258 doctrina
2667 3203 2907 3257 imbutus
2933 3213 2986 3257 et
3017 3203 3160 3258 illius
3188 3204 3378 3259 deleu-

1796 3294 1991 3348 dendte
2029 3294 2257 3363 cupidus
2288 3291 2503 3348 fuisset.
2537 3293 2848 3360 Quinetiam
2873 3311 2940 3349 ex
2979 3294 3193 3349 duobus
3218 3294 3377 3350 testi-

1797 3386 2018 3449 moniis,
2037 3401 2157 3456 quae
2175 3386 2474 3456 citatApol.
2497 3386 2550 3450 Ι,
2574 3403 2628 3439 ιι.
2648 3387 2738 3451 60,
2771 3387 3002 3440 alterum
3035 3387 3196 3456 longe
3217 3387 3378 3442 aliter

1796 3478 1994 3548 legitur
2011 3453 2153 3550 apud
2172 3453 2477 3543 Platbnem,
2499 3489 2559 3531 ut
2580 3479 2632 3530 in
2662 3488 2790 3532 nota
2809 3477 3121 3543 observavi,
3136 3453 3374 3532 alterum

1796 3584 1904 3625 non
1943 3581 2120 3640 potest
2161 3572 2227 3624 ad
2261 3570 2462 3624 Filium
2493 3569 2587 3622 Dei
2631 3571 2732 3624 nisi
2766 3585 2864 3639 per
2892 3571 3003 3623 vim
3038 3571 3374 3641 detorqueri.

1869 3660 2003 3717 Post
2042 3671 2120 3716 tot
2151 3663 2396 3720 Platonis
2449 3672 2503 3717 et
2538 3675 2750 3727 eorum,
2780 3661 2870 3729 qui
2901 3661 3046 3714 illius
3072 3660 3375 3714 doctrinam

1728 3806 1736 3813 ,
1798 3754 2045 3823 apprime
2097 3752 2427 3819 calluerunt,
2456 3769 2520 3808 ac
2553 3754 2723 3823 ipsius
2770 3752 2937 3806 etiam
2981 3751 3176 3807 Justini
3223 3753 3378 3807 testi-

1799 3848 2004 3910 monia,
2039 3845 2226 3899 videor
2259 3847 2386 3900 mihi
2417 3861 2515 3914 pro
2562 3858 2683 3899 meo
2723 3844 2852 3913 jure
2889 3852 3133 3898 statuere
3180 3861 3371 3913 posse.

1799 3937 2036 3991 fabulam
2064 3936 2379 3990 Platonismi
2421 3953 2449 3990 a
2481 3935 2697 3991 Justino
2742 3937 2793 3990 in
2826 3935 3132 3989 Ecclesiam
3166 3937 3372 3989 inducti

1803 4028 1949 4081 inter
1975 4041 2037 4080 ea
2083 4036 2390 4080 commenta
2445 4024 2640 4080 referri
2680 4026 2901 4088 debere,
2935 4040 3166 4092 quorum
3193 4023 3376 4078 nullus

1797 4133 2044 4187 unquam
2089 4127 2282 4171 auctor
2313 4116 2634 4182 exstitisset,
2675 4125 2769 4170 aut
2809 4116 3002 4170 saltem
3029 4116 3208 4168 nullus
3241 4115 3374 4168 asti-

1795 4200 2117 4278 pulator,'si
2162 4209 2448 4264 aliusesse
2485 4209 2913 4280 pussetabsurdi
2958 4209 3166 4263 erroris
3186 4207 3376 4262 defen-

1795 4303 1954 4358 dendi
1984 4305 2195 4357 modus.

1864 4395 2147 4451 Jamvero
2203 4396 2246 4450 si
2295 4397 2418 4464 quis
2461 4393 2684 4462 objiciat
2739 4404 2985 4448 veterum
3041 4393 3373 4461 scriptorum

1795 4466 2042 4557 judicia;
2067 4486 2368 4541 Clementis
2400 4485 2778 4550 Alexandrini,
2829 4484 3105 4555 Origenis,
3153 4480 3374 4536 Eusebii

165 4585 357 4627 Incnlem
378 4578 619 4638 venerit,
646 4587 705 4628 ut
729 4574 1689 4645 FiliumDeiappellarent.indicabo.
1727 4566 1774 4620 Ι)
1802 4578 2157 4636 οωεθτὶεεπιδὶε
2209 4586 2263 4632 et
2321 4576 2509 4647 Cyl-illi
2567 4578 2919 4631 Alexandrini
2953 4591 2982 4639 ,ε
3028 4575 3117 4643 qui
3169 4573 3374 4628 Justini

163 4657 377 4720 llundum
425 4679 669 4731 veteres,
717 4677 903 4736 utpote
944 4682 1009 4721 ex
1051 4667 1164 4723 Deo
1211 4667 1475 4738 genitum,
1527 4667 1696 4736 ipsius

163 4751 324 4810 Filium
345 4770 398 4812 et
431 4759 540 4814 Deo
570 4759 806 4814 similem
839 4760 1130 4814 vocabant.
1169 4759 1314 4814 Bella
1347 4774 1477 4814 vero
1503 4758 1697 4814 simili-

168 4849 268 4904 tudo
293 4849 442 4918 hujus
476 4861 541 4906 et'
566 4851 713 4905 illius
743 4850 863 4904 Filii
900 4851 1015 4905 Dei.
1049 4869 1068 4904 s

222 4936 331 4992 \illl.
356 4939 609 4996 Nondum
635 4955 764 5012 ergo
789 4941 899 4994 nati
930 4951 1087 4997 erant
1116 4944 1198 4996 vel
1231 4940 1424 4997 saltem
1453 4940 1696 4996 nondum

165 5031 470 5101 prodierant,
533 5033 816 5090 scribente
854 5034 1118 5088 adversus
1145 5031 1485 5088 Christianos
1516 5031 1694 5096 Celso,

169 5121 262 5174 novi
288 5125 352 5178 illi
377 5125 668 5189 Platonici,
691 5127 782 5195 qui
810 5139 1067 5194 supremo
1092 5125 1203 5183 Deo
1225 5126 1359 5179 duas
1382 5126 1519 5180 alias
1539 5124 1696 5192 longe

169 5209 404 5270 interioris
435 5217 756 5272 substantia:
787 5232 1050 5284 personas
1090 5217 1476 5286 adjunxerunt,
1510 5218 1702 5284 eisque

171 5303 341 5374 aliquas
383 5310 433 5363 in
492 5308 680 5362 mundi
731 5311 1008 5363 creatione
1054 5319 1240 5378 partes
1284 5311 1694 5366 commiserunt.

171 5393 376 5455 lustinus
422 5403 563 5470 ipse,
596 5417 720 5455 cum
745 5403 812 5454 ad
847 5402 1163 5471 religionem
1197 5402 1563 5457 Christianam
1606 5417 1702 5456 se-

171 5495 320 5558 cessit,
359 5497 593 5550 nondum
623 5498 921 5567 quidquam
951 5509 978 5546 a
1009 5493 1247 5549 Platone‘
1283 5505 1377 5548 aut
1405 5493 1700 5550 Platonicis

172 5579 332 5638 dictum
367 5590 590 5656 sciebat,
629 5590 770 5659 quod
805 5603 926 5645 cum
959 5586 1267 5642 Christiana
1306 5587 1371 5642 de
1403 5586 1575 5640 Verbo
1603 5587 1702 5640 do-

173 5677 311 5731 ctrina
341 5685 657 5750 quadraret.
705 5681 838 5736 Nam
889 5699 918 5737 a
951 5697 1101 5746 sene,
1136 5681 1227 5749 qui
1255 5695 1377 5735 eum
1406 5679 1578 5749 prima
1614 5693 1702 5732 re-

173 5765 347 5832 ligionis
381 5776 652 5831 elementa
698 5776 906 5839 docuit,
952 5776 1340 5842 interrogatus.
1395 5771 1608 5841 Dialog‘.
1641 5787 1696 5826 η.

175 5856 227 5923 3,
265 5863 464 5922 minime
511 5866 801 5939 dlszinguit
841 5865 997 5934 λόγον
1035 5861 1406 5936 ὴγεμονοῦντα
1455 5861 1692 5929 πάντων,

1801 4668 2052 4736 exemplo
2083 4667 2363 4721 Platonem
2414 4668 2739 4722 Christiana:
2779 4668 2846 4723 de
2895 4665 3076 4721 Verbo
3113 4666 3377 4719 doctrinm

1800 4769 1996 4814 testem
2031 4760 2270 4814 citarunt
2295 4775 2311 4824 ;
2340 4759 2471 4812 nihil
2514 4748 2565 4812 id
2617 4758 2746 4811 mihi
2784 4755 3002 4820 olliciet.
3031 4773 3153 4810 cum
3185 4757 3257 4809 ab
3282 4770 3378 4809 eo-

1798 4868 1919 4907 rum
1956 4852 2282 4907 auctoritate
2314 4867 2432 4906 mea
2472 4867 2578 4905 non
2608 4851 2831 4904 multum
2870 4851 3115 4903 discedat
3145 4859 3376 4903 senten-

1800 4944 1896 4998 tia.
1936 4944 2072 4998 Nam
2117 4942 2396 4997 Platonica
2433 4942 2519 4996 illa
2572 4941 2694 4996 Filii
2730 4943 2823 4995 Dei
2860 4942 3177 5009 descriptio,
3210 4955 3370 5010 quem

1800 5038 2168 5107 unigenitum,
2200 5037 2367 5092 Deum
2405 5037 2665 5105 genitum,
2707 5035 3073 5105 intelligibiiis.
3116 5035 3209 5089 Dei
3242 5034 3378 5088 ima-

1803 5133 2007 5202 ginem,
2039 5131 2208 5184 Deum
2250 5130 2494 5191 beatum,
2530 5127 2694 5182 Deum
2722 5128 2824 5182 sibi
2879 5127 2980 5196 ipsi
3015 5111 3370 5181 suﬁcientem

1801 5233 1859 5279 et
1904 5220 2387 5291 perfectissimum,
2430 5221 2670 5274 omnium
2710 5221 2969 5273 bonorum
3011 5231 3234 5272 causam
3283 5229 3377 5284 ap-

1800 5314 1988 5386 pellat,
2017 5315 2090 5366 ita
2121 5311 2472 5366 Hebraeorum
2499 5311 2565 5365 de
2591 5321 2796 5364 :rteruo
2823 5311 2913 5364 Dei
2944 5308 3084 5363 Filio
3111 5307 3377 5362 doctrinm

1802 5403 2077 5474 emigruit,
2109 5411 2167 5456 ut
2220 5419 2342 5457 eam
2375 5401 2670 5455 verisimile
2701 5404 2796 5465 sit,
2835 5415 2940 5453 non
2977 5414 3134 5453 secus
3182 5416 3244 5452 ac
3284 5414 3371 5465 ea,

1801 5511 1920 5564 qua:
1950 5510 2118 5563 supra
2143 5493 2209 5548 de
2243 5494 2351 5548 Deo
2388 5508 2524 5561 opus
2559 5508 2712 5547 suum
2760 5494 3059 5546 admirante
3092 5501 3145 5545 et
3167 5494 3233 5546 de
3259 5492 3376 5560 pla-

1803 5587 1949 5642 sietis
1979 5587 2044 5642 sd
2066 5587 2476 5641 distinctionem
2512 5596 2814 5653 temporum
2850 5585 3009 5638 iactis
3044 5583 3224 5647 retuli,
3249 5584 3376 5636 inde

1802 5680 2102 5733 derivatam
2132 5688 2187 5733 et
2218 5678 2401 5746 inepta
2434 5692 2560 5732 cum
2586 5679 2790 5733 mundo
2811 5675 3070 5744 iunctura
3105 5673 3373 5743 deprau-

1805 5779 1910 5824 tam
1946 5769 2132 5825 fuisse.
2187 5766 2468 5827 Platonem
2516 5779 2678 5837 negat
2720 5770 2966 5827 Justinus
3014 5766 3373 5830 intellexisse.

1801 5875 1922 5932 qua:
1953 5876 2019 5918 ex
2049 5862 2222 5919 sacris
2255 5862 2498 5920 fontibus
2531 5863 2809 5923 hauserat.
