4120 6414
731 380 801 439 85
1623 386 1679 440 S.
1721 384 2059 441 JUS'I‘INUS
2092 386 2571 442 PHILOSOPHUS
2605 385 2689 443 ET
2728 385 3038 440 MARTYR.
3914 390 3984 445 56

1356 523 1587 583 CAPUT
1623 527 1683 581 ll.

735 635 811 690 De
840 638 1079 693 materia:
1106 640 1365 713 creatione
1383 640 1638 713 nonnulla
1656 641 1871 696 'Jnslini
1889 654 1936 697 et
1957 643 2304 713 Athenagorae

1266 708 1383 761 loca
1415 711 1774 777 explicantur.

732 814 769 866 l.
801 816 979 865 Justlnl
1004 821 1059 883 et
1084 816 1415 883 Athenagorae
1438 820 1718 883 testimonia
1759 835 1819 868 ex
1848 824 1957 869 aliis
1982 821 2101 872 locis
2140 824 2303 883 expli-

794 883 983 928 cantur.
1004 876 1065 926 ll.
1093 878 1199 927 Non
1223 876 1330 927 sine
1354 881 1585 929 causa'de
1610 885 1827 930 materiae
1855 887 2103 933 creatione
2148 876 2304 931 inier-

793 939 908 1049 όυέ
930 938 1206 1049 δᾰῖεηιίίιῐι.
1229 940 1365 989 Sacri
1391 948 1446 991 et
1467 944 1793 992 ecclesiastici
1815 948 2083 1001 scriptores
2124 947 2303 995 eodem

794 1013 841 1047 tn
910 1014 939 1048 ο
987 1013 1078 1050 ocu
1126 1038 1138 1048 .

803 1104 845 1159 l.
880 1105 937 1159 S.
968 1104 1216 1160 Justinus
1239 1113 1295 1162 et
1322 1106 1701 1176 Athenagoras
1735 1108 1801 1163 de
1821 1110 2004 1164 mundi
2026 1111 2303 1165 creatione

735 1196 997 1251 nonnulla
1036 1198 1320 1262 dixerunt,
1364 1213 1485 1268 qua
1515 1200 1617 1255 hoc
1658 1201 1779 1255 loco
1814 1204 2106 1272 explanare
2136 1219 2302 1256 cona-

732 1285 933 1350 bimur,
958 1301 1026 1339 ne
1066 1287 1370 1341 molestiam
1415 1289 1729 1358 legentibus
1761 1291 2053 1355 facessunt.
2089 1293 2300 1347 Initium

732 1376 924 1430 ducam
971 1376 1037 1430 ab
1076 1376 1159 1432 his
1180 1375 1381 1433 Jttslini
1420 1382 1600 1433 verbis
1628 1395 1692 1433 ex
1728 1381 1879 1449 Apol.
1917 1383 2036 1445 l,n.
2069 1382 2302 1436 lU:Kat

731 1466 912 1520 πάντα
929 1467 1027 1538 τὴν
1072 1469 1265 1541 ἀρχὴν,
1302 1470 1500 1538 ἀγαθὸν
1529 1472 1677 1537 ὄντα,
1714 1473 2112 1545 δημιωργῆσαι
2142 1473 2301 1529 αὐτὸν

733 1559 793 1625 ἐξ
842 1558 1091 1629 ἀμόρφου
1140 1557 1270 1629 ὕλης
1321 1558 1388 1612 δι’
1413 1560 1733 1631 ἀνθρώπους
1758 1562 2133 1634 δεδιδάγμεῦα.
2195 1567 2304 1619 «ΕΙ.

731 1667 858 1705 cum
911 1651 1086 1705 bonus
1128 1651 1199 1705 sit
1252 1652 1433 1704 omnia
1480 1653 1627 1705 illum
1666 1655 1734 1707 ab
1777 1655 1932 1708 initio
1980 1670 2045 1708 ex
2082 1655 2299 1709 informi

734 1740 962 1795 materia
994 1750 1219 1810 propter
1254 1741 1503 1796 homines
1529 1743 1845 1798 condidisse
1871 1744 2093 1799 scimus.
2126 1763 2144 1795 ι
2178 1744 2302 1799 Plu-

731 1847 820 1889 res
850 1835 1011 1889 torsit
1052 1834 1203 1898 illud,
1238 1833 1296 1899 ἐξ
1324 1833 1572 1903 ἀμόρφου
1608 1834 1761 1907 ὕλης,
1798 1838 1943 1908 quod
1968 1837 2185 1905 quidem
2210 1838 2299 1891 alii
2332 1855 2374 1909 Β

731 1922 1147 1990 expungendum
1184 1923 1473 1987 duxerunt,
1505 1922 1592 1977 alii
1629 1926 2046 1991 emendandum,
2071 1926 2161 1981 alii
2207 1926 2300 1982 be-

730 2004 946 2082 nignius
987 2013 1480 2082 interpretandum.
1508 2014 1817 2081 Quinetiam
1862 2019 2078 2073 videtur
2124 2020 2299 2089 prima

727 2110 913 2174 specie
943 2100 1191 2159 Justinus
1231 2122 1354 2159 cum
1388 2105 1619 2163 Platone
1655 2110 1966 2166 consentire
2010 2113 2078 2167 de
2112 2115 2298 2170 mundi

728 2199 1029 2262 creatione,
1071 2198 1323 2267 quamvis
1376 2198 1467 2253 ille
1519 2202 1804 2255 materiam
1832 2216 1900 2255 ex
1946 2203 2120 2261 nihilo
2152 2222 2304 2261 crea-

732 2300 844 2345 tam
871 2289 1036 2346 fuisse
1083 2306 1149 2345 ne
1186 2291 1495 2353 suspicatus
1538 2294 1757 2360 quidem
1789 2296 1881 2351 sit.
1910 2294 2001 2349 Sic
2044 2299 2185 2352 enim
2232 2298 2302 2351 lo-

727 2383 914 2451 quitur
962 2384 1013 2436 in
1063 2384 1247 2437 eadem
1297 2383 1449 2451 Apol.
1484 2384 1535 2447 1,
1566 2400 1619 2438 η.
1652 2384 1889 2439 59ε¹Ὶνα
1928 2385 1985 2438 δὲ
2030 2387 2123 2440 καὶ
2152 2389 2302 2461 παρὰ

725 2471 835 2526 τῶν
869 2473 1149 2546 ἡμετέρων
1175 2472 1506 2527 διδασκάλων
1536 2473 1785 2546 (λέγομεν
1812 2475 1876 2547 δὴ
1905 2477 1997 2529 τοῦ
2018 2477 2174 2547 λόγου
2204 2480 2298 2533 τοῦ

725 2564 815 2622 διὰ
837 2566 945 2619 τῶν
972 2566 1287 2639 προφητῶν)
1320 2565 1549 2623 λασόντα
1596 2568 1687 2623 τὸν
1717 2571 1977 2633 Πλάτωνα
2007 2573 2210 2647 μάθητε
2240 2577 2300 2629 τὸ

725 2658 922 2720 εἰπεῖν,
974 2656 1103 2728 ὓλην
1156 2659 1401 2728 ἄμορφον
1451 2654 1615 2713 οὖσαν
1663 2663 1965 2733 στρέψαντα
2011 2664 2101 2718 τὸν
2147 2666 2297 2729 Θεὸν,

726 2749 930 2820 κόσμον
960 2750 1204 2820 ποιῆσαι,
1236 2753 1507 2808 ἀκούσατε
1540 2756 1646 2808 τῶν
1676 2756 1949 2822 αὑτολεξεὶ
1995 2758 2299 2829 εἰρημένων

724 2841 816 2896 διὰ
844 2843 1087 2906 Μωσέως
1110 2844 1203 2897 τοῦ
1244 2847 1718 2919 προδεδηλωμένου
1746 2847 1961 2919 πρώτου
1994 2851 2295 2921 προφήτου,

727 2934 822 2989 καὶ
866 2936 1235 3010 πρεσϐυτέρου
1280 2939 1389 2991 τῶν
1433 2941 1489 2992 ὲν
1528 2940 1751 3012 Ἕλλησι
1807 2943 2196 3012 συγγραφέων
2229 2943 2295 2996 δι’

724 3021 787 3081 οὗ
822 3026 1023 3097 μηνύον
1046 3030 1106 3082 τὸ
1136 3032 1468 3101 προφητικὸν
1500 3033 1723 3104 Πνεῦμα
1744 3034 1860 3098 πῶς
1882 3037 1979 3107 τὴν
2008 3036 2297 3107 ἀρχὴνκαὶ

725 3121 791 3175 ἐκ
808 3121 967 3174 τινων
1026 3122 1455 3196 ἐδημιούργησεν
1515 3127 1543 3179 6
1590 3126 1721 3190 Θεὸς
1772 3128 1861 3180 τὸν
1916 3128 2137 3199 κόσμον,
2192 3129 2293 3202 ἔφη

724 3209 928 3275 οὕτως’
971 3211 1066 3265 Ἑν
1105 3212 1263 3281 ἀρχῇ
1308 3215 1598 3281 ἐποίησεν
1621 3217 1665 3270 ’ό
1696 3216 1839 3283 Θεὸς
1883 3218 1989 3271 τὸν
2041 3219 2297 3287 οὒιοανὸν
2323 3211 2366 3269 C

726 3302 825 3358 xui
870 3303 985 3373 τὴν
1019 3304 1156 3375 γῆν.
1202 3307 1258 3362 Ἠ
1309 3307 1377 3359 δὲ
1424 3308 1499 3377 γῆ
1537 3305 1617 3379 ἦν
1658 3311 1907 3378 ἀόρατος
1945 3310 2042 3365 καὶ
2080 3313 2297 3384 ἀκαται-

724 3396 1089 3466 σκεύαστος,
1120 3400 1213 3453 καὶ
1245 3401 1463 3467 σκότος
1491 3401 1691 3456 ἐπάνω
1724 3404 1833 3472 τῆς
1863 3406 2164 3460 ἀϐύσσου·
2198 3407 2296 3461 καὶ

728 3485 960 3557 πνεῦμα
993 3489 1138 3543 Θεοῦ
1169 3490 1488 3559 ἐπεφέρετο
1527 3493 1724 3547 ἐπάνω
1754 3494 1871 3548 τῶν
1910 3494 2163 3553 ὑδάτων.
2187 3498 2297 3551 Καὶ

730 3574 893 3633 εἶπεν
925 3582 957 3633 d
986 3581 1155 3647 Θεός·
1179 3583 1494 3651 Γενηθήτω
1525 3583 1668 3654 φῶς,
1705 3586 1803 3639 καὶ
1830 3586 2063 3657 ἐγένετο
2091 3589 2293 3654 οὕτως.

729 3672 895 3725 Ὥστε
940 3672 1083 3743 λόγῳ
1130 3673 1267 3726 Θεοῦ
1301 3676 1369 3726 ἐκ
1401 3673 1508 3728 τῶν
1557 3678 1929 3748 ὑποκειμένων
1978 3677 2069 3732 καὶ
2098 3678 2298 3750 προδη-

726 3764 1004 3819 λωθέντων
1054 3766 1143 3820 διὰ
1190 3768 1453 3832 Μωσέως,
1483 3771 1806 3841 γεγενῆσθαι
1852 3772 1942 3825 τὸν
1987 3775 2164 3831 πάντα
2210 3776 2299 3828 κό-

728 3875 887 3929 σμον,
919 3861 1012 3913 καὶ
1039 3858 1287 3923 Πλάτων,
1322 3860 1414 3913 καὶ
1446 3862 1495 3912 οἱ
1525 3862 1696 3928 ταῦτα
1723 3863 1990 3932 λέγοντες,
2014 3866 2107 3918 καὶ
2140 3870 2299 3938 ἡμεῖς

725 3950 1002 4023 ἐμάθομεν
1035 3953 1126 4005 καὶ
1157 3953 1314 4023 ὑμεῖς
1361 3953 1646 4025 πεισθῆναι
1687 3955 1939 4010 δύνασθε.
1976 3980 1993 4009 ς
2030 3960 2206 4028 Atque
2240 3973 2299 4017 ut

726 4059 759 4099 a
801 4045 1119 4101 doctoribus
1143 4047 1377 4112 nostris,
1400 4047 1452 4102 id
1492 4058 1577 4101 est
1612 4062 1642 4102 a
1674 4048 1923 4104 doctrina
1949 4067 2045 4120 per
2064 4054 2299 4122 prophe-

727 4145 812 4193 tas
857 4138 1096 4207 vulgata,
1128 4148 1415 4208 acceptum
1454 4141 1578 4193 ease
1619 4140 1957 4211 intelligatis,
1985 4145 2126 4211 quod
2160 4147 2298 4201 dixit

724 4227 903 4295 Plato,
948 4231 1133 4296 Deum,
1165 4248 1285 4287 cum
1328 4234 1615 4289 materiam
1668 4235 1955 4291 informem
2017 4239 2295 4304 vertisset,

726 4324 991 4376 mundum
1030 4323 1273 4391 fecisse;
1307 4329 1492 4382 audite
1520 4329 1647 4398 quid
1681 4330 1902 4385 IOtident
1936 4329 2116 4385 verbis
2143 4332 2298 4385 dise-

726 4414 799 4466 rit
848 4411 1081 4484 Moyses,
1116 4419 1325 4485 primus
1367 4421 1755 4489 prophetarum
1814 4432 1870 4476 et
1931 4424 2295 4492 scriptoribus

2338 526 2380 581 Α
2411 513 2695 578 proditsse,
2729 516 2803 560 ut.
2822 524 2841 557 ι
2865 507 3233 561 materialium
3259 504 3521 571 omnium,
3548 523 3669 579 qum
3697 509 3869 563 instar
3896 511 3983 563 in.

2410 602 2596 656 formis
2621 614 2826 657 natura:
2852 611 2904 655 et
2933 602 3121 656 inertis
3146 610 3304 656 terrae
3330 603 3577 670 partibus
3610 602 3984 657 crassioribns

2408 694 2710 747 commistis
2736 710 2857 747 cum
2883 694 3197 757 levioribus,
3220 693 3495 762 jacebant,
3522 693 3640 747 idea
3667 704 3720 747 et
3736 702 3886 747 actus
3901 691 3985 745 fo-

2409 791 2512 836 ret.
2535 800 2555 834 ι
2590 784 2758 837 Deum
2792 794 2845 839 et
2882 785 3167 838 materiam
3191 798 3313 837 cum
3346 782 3541 851 opilice
3558 792 3609 837 et
3627 784 3738 838 luto
3765 799 3985 851 compa-

2409 883 2511 935 rat,
2559 889 2610 928 n.
2660 874 2727 927 i5
2760 893 2773 929 :
2810 876 2897 938 Ὠς
2938 874 3045 946 γὰρ
3074 876 3101 926 6
3131 875 3406 945 κεραμεὺς
3464 876 3556 926 καὶ
3584 876 3614 926 6
3644 875 3814 944 πηλὸς
3858 874 3981 944 (ὕλη

2408 967 2506 1035 μὲν
2554 969 2581 1019 6
2619 966 2808 1036 πηλὸς,
2844 968 3092 1038 τεχνίτης
3121 966 3177 1019 δὲ
3227 969 3256 1020 6
3303 966 3616 1037 κεραμεύς),
3653 966 3745 1018 καὶ
3778 969 3804 1018 6
3851 966 3985 1029 Θεὸς

2404 1054 2752 1125 δημιουργὸς,
2806 1056 3157 1108 ὑπακούουσα
3208 1055 3265 1108 δὲ
3311 1055 3457 1126 αὑτῷ
3504 1057 3535 1125 ἠ
3580 1055 3679 1125 ὕλη
3712 1055 3847 1126 πρὸς
3882 1058 3986 1126 τὴν

2403 1147 2618 1218 τέχνην.
2683 1148 3198 1214 «Quemadmodum
3270 1150 3415 1203 enim
3467 1148 3660 1219 ﬁgulus
3705 1162 3759 1202 et
3810 1148 3983 1202 lutum

2406 1240 2652 1304 (materia
2699 1240 2916 1308 quidem
2952 1239 3145 1305 lutum,
3175 1240 3372 1295 artifex
3401 1249 3585 1294 autem
3624 1241 3869 1310 ﬁgulus),
3906 1241 3983 1294 ita

2409 1330 2550 1384 Dens
2582 1330 2788 1401 opifex,
2824 1340 2879 1385 et
2900 1346 3019 1399 quae
3048 1332 3166 1401 ejus
3198 1334 3299 1385 arti
3332 1334 3650 1402 obsequitur
3681 1333 3928 1387 materia.
3952 1350 3976 1384 ι

2408 1421 2466 1474 ΕΙ
2509 1439 2561 1475 ιι.
2601 1424 2662 1476 l9
2703 1441 2716 1475 :
2751 1423 2843 1475 Δεῖ
2883 1424 2940 1477 δὲ
2990 1423 3081 1476 καὶ
3109 1426 3174 1494 τῇ
3218 1423 3317 1497 ὕλῃ
3343 1425 3587 1495 τεχνίτου
3622 1424 3712 1477 καὶ
3742 1422 3875 1494 ὕλης
3900 1424 3985 1494 τῷ

2403 1514 2641 1586 τεχνίτῃ.
2684 1534 2701 1565 ι
2740 1512 2890 1582 Opus
2940 1526 3025 1569 est
3071 1525 3251 1569 autem
3307 1525 3361 1570 et
3403 1518 3647 1570 materiae
3695 1516 3875 1583 opifex
3924 1525 3988 1569 cl.

2405 1608 2631 1659 materia
2665 1606 2871 1673 opifici.
2899 1625 2917 1657 ι

2474 1694 2546 1750 Ut
2571 1697 2815 1749 solvatur
2857 1694 3164 1760 dillicnltas,
3187 1698 3231 1753 si
3260 1713 3366 1765 qua
3416 1698 3546 1753 insit
3584 1700 3683 1754 bis
3729 1702 3985 1756 testimo-

2404 1787 2535 1847 niis,
2565 1786 2700 1841 illud
2728 1788 2783 1840 1ο
2812 1796 3056 1841 statuere
3082 1803 3396 1856 possumus,
3424 1790 3698 1845 Justinnm
3722 1803 3778 1847 et
3804 1794 3978 1846 Athe-

2404 1894 2663 1949 nagoram
2704 1880 2786 1934 sic
2813 1880 2879 1933 de
2930 1882 3175 1935 materiae
3225 1884 3503 1937 creatione
3559 1884 3679 1938 aliis
3728 1883 3784 1937 in
3843 1884 3985 1938 locis

2404 1969 2626 2023 locutos
2658 1984 2802 2033 esse,
2840 1983 2900 2024 ιιι
2930 1986 3118 2025 eorum
3142 1972 3303 2025 dubia
3345 1986 3451 2024 non
3490 1973 3662 2040 possit
3692 1989 3815 2028 esse
3845 1988 3981 2027 scn-

2405 2061 2596 2115 tentia.
2624 2058 2873 2115 Justinus
2906 2064 2957 2115 in
2992 2061 3234 2127 Cottam,
3290 2080 3345 2117 n.
3392 2062 3485 2126 23,
3541 2064 3642 2118 hoc
3677 2065 3977 2118 discrimen

2402 2161 2525 2201 esse
2545 2147 2742 2201 statuit
2767 2147 2910 2203 inter
2946 2150 3210 2204 factorem
3233 2162 3289 2205 et
3324 2152 3600 2220 opificem,
3630 2156 3766 2222 quod
3804 2154 3985 2222 [actor

2404 2237 2552 2290 nulla
2584 2252 2644 2291 re
2672 2238 2785 2291 alia
2810 2237 3075 2307 indigens,
3107 2254 3173 2293 ea:
3221 2256 3317 2293 sua
3353 2242 3520 2308 ipsius
3549 2243 3739 2297 virtute
3764 2255 3809 2297 et
3834 2256 3988 2314 pote-

2402 2336 2538 2383 state
2568 2330 2735 2398 faciat
2766 2330 2824 2382 id
2863 2330 3003 2399 quod
3042 2331 3137 2398 fit;
3179 2332 3420 2386 conditor
3468 2345 3641 2387 autem
3687 2348 3903 2405 accepta
3944 2355 3984 2389 α

2402 2421 2623 2473 materia
2656 2422 3493 2489 operandifacultateconstruut
3540 2426 3596 2478 id
3619 2428 3758 2494 quod
3789 2429 3986 2481 condi-

2402 2520 2511 2565 tur.
2542 2512 2595 2564 ln
2633 2514 2824 2566 eodem
2861 2513 3001 2567 libro
3046 2512 3326 2569 Platonem
3358 2519 3600 2586 exagitat
3628 2520 3772 2588 quod
3807 2531 3988 2575 mate-

2403 2602 2539 2655 riam
2572 2610 2835 2656 aeternam
2861 2614 2917 2657 et
2948 2604 3255 2658 inc‘reatam
3294 2609 3591 2675 putaverit,
3628 2620 3685 2664 ut
3718 2616 3991 2665 observa—

2402 2692 2577 2746 vimus
2612 2692 2678 2745 ad
2716 2709 2772 2746 η.
2821 2692 2913 2749 25.
2952 2696 3212 2750 Eumdem
3259 2696 3538 2752 Platonem
3568 2700 3667 2766 ait,
3696 2718 3750 2755 ιι.
3783 2702 3992 2765 50,10-

2403 2783 2545 2851 gisse
2567 2784 2793 2852 quidem
2826 2787 2919 2840 sed
2955 2802 3060 2839 non
3093 2788 3427 2843 intellexisse
3470 2790 3687 2844 initium
3721 2792 3844 2846 libri
3869 2789 3991 2847 Ge-

2402 2875 2559 2940 nesis,
2602 2884 2767 2944 atque
2814 2877 2947 2929 illttd
2980 2894 2994 2930 :
3026 2877 3189 2933 Terra
3224 2890 3399 2933 autem
3451 2892 3591 2944 erat,
3638 2884 3990 2939 intellexisse

2400 2965 2468 3019 de
2508 2973 2654 3021 terra
2701 2968 3135 3037 praaexsistente,
3162 2971 3289 3039 quia
3338 2971 3554 3026 scilicet
3598 2973 3895 3032 invisibilis
3924 2988 3995 3032 es

2402 3056 2762 3127 incomposita
2810 3060 3034 3115 dicitur.
3080 3061 3251 3117 Docet
3308 3062 3362 3116 in
3407 3062 3657 3133 Dialogo,
3690 3083 3745 3120 ιι.
3781 3066 3837 3131 5,
3866 3071 3996 3122 ani-

2401 3166 2567 3215 mam,
2590 3153 2634 3205 si
2669 3152 2915 3207 increata
2950 3163 3122 3219 esset,
3158 3154 3266 3209 Deo
3305 3156 3567 3225 aequalem
3616 3157 3878 3227 futuram,
3906 3162 3991 3216 ita

2402 3253 2460 3297 ut
2486 3257 2552 3296 ne
2576 3243 2720 3298 Deus
2753 3244 2973 3313 quidem
3001 3260 3196 3316 cogere
3228 3246 3378 3301 illam
3401 3258 3457 3302 et
3485 3247 3593 3303 vim
3636 3250 3836 3306 inferre
3856 3268 3996 3323 pos-

2398 3335 2489 3389 sit.
2535 3334 2614 3389 Ex
2656 3348 2766 3403 quo
2813 3338 2944 3390 satis
2996 3340 3351 3408 perspicitur,
3400 3353 3663 3409 quantum
3722 3347 3790 3399 ab
3823 3344 3986 3400 illius

2399 3436 2583 3481 mente
2621 3429 2862 3484 abfuerit
2898 3431 3133 3485 absurda
3194 3435 3440 3489 materiae
3479 3436 3743 3491 increatae
3767 3437 3991 3507 Opinio.

2398 3516 2456 3571 In
2498 3518 2589 3573 illo
2621 3529 2803 3574 autem
2834 3521 3109 3591 Apologia:
3141 3524 3283 3588 loco,
3312 3525 3403 3579 ubi
3448 3526 3734 3582 Platonem
3772 3530 3992 3595 laudat,

2400 3612 2647 3666 materia:
2676 3615 3015 3669 creationem
3063 3615 3257 3671 leviter
3286 3620 3504 3687 quidem
3542 3631 3595 3675 et
3622 3622 3779 3691 quasi
3808 3631 3993 3677 trans-

2401 3703 2539 3769 iens,
2583 3705 2677 3758 sed
2732 3715 2914 3759 tamen
2967 3721 3073 3760 non
3139 3709 3371 3763 obscure
3427 3711 3648 3766 indicat.
3692 3714 3785 3766 Ait
3831 3714 3989 3767 enim

2399 3797 2489 3852 his
2520 3798 2700 3852 verbis
2726 3797 2830 3852 ειη
2860 3800 3120 3870 principio
3160 3802 3354 3855 creauit
3406 3802 3547 3858 Deus
3591 3805 3773 3861 mlunt
3802 3816 3848 3858 et
3874 3817 3992 3860 ter-

2399 3904 2534 3955 ram,
2570 3904 2632 3943 ea
2669 3891 2962 3956 contineri,
3004 3908 3071 3947 ex
3098 3894 3294 3962 quibus
3324 3894 3467 3950 Deus
3491 3899 3752 3951 mundum
3781 3900 3988 3952 condi-

2399 3980 2498 4045 dit,
2526 3979 2653 4048 quia
2683 3979 2882 4035 caelum
2911 3994 2967 4036 et
3014 3992 3245 4051 terram,
3273 3994 3330 4038 ut
3366 3986 3517 4039 multi
3548 3988 3661 4053 alii,
3692 3990 3987 4048 materiam

2398 4070 2538 4135 sive,
2571 4079 2630 4124 ut
2658 4071 2734 4125 ait
2759 4073 3097 4142 Augustinus
3115 4077 3157 4140 ¹,
3188 4091 3371 4131 semen
3401 4080 3527 4133 cmli
3581 4090 3637 4134 et
3687 4089 3847 4135 terrae
3901 4083 3993 4137 in-

2401 4161 2697 4232 telligebat.
2725 4164 3111 4235 Athenagoras
3140 4167 3323 4230 docet,
3363 4185 3417 4223 n.
3451 4170 3508 4233 4,
3539 4172 3821 4239 materiam
3852 4188 3988 4231 esse

2398 4264 2639 4307 creatum
2669 4245 2725 4309 εἰ
2754 4259 3096 4326 corruptioni
3139 4261 3555 4326 obnoxiam;et
3577 4279 3632 4318 n.
3668 4248 3755 4331 10,
3788 4268 3983 4321 omnia

2395 4356 2497 4411 per
2528 4344 2763 4400 Verbum
2796 4357 2979 4401 creata
3003 4359 3058 4402 et
3082 4361 3299 4405 ornata.

2466 4436 2529 4491 ll.
2562 4436 2822 4504 Quamvis
2872 4440 3118 4497 Justinus
3172 4454 3223 4497 et
3270 4445 3656 4517 Athenagoras
3707 4449 3855 4505 idem
3904 4454 3979 4509 de

724 4506 977 4562 Wmibus
1012 4513 1305 4577 νθιυειίοτν
1336 4522 1395 4566 ui
1432 4528 1593 4581 ευμη
1637 4514 2153 4580 ἀθωοηείΐανίιηυδν
2195 4532 2293 4585 μετ
2322 4562 2367 4617 D
2397 4530 2638 4583 materia:
2677 4533 2962 4587 creatione
2992 4535 3287 4599 senserint,
3317 4552 3381 4592 ac
3418 4538 3719 4594 Christiani
3755 4554 3991 4608 omnes,

725 4611 888 4665 quem
918 4599 1143 4666 spiritus
1171 4604 1522 4670 propheticus
1562 4606 1833 4675 quomodo
1868 4608 2123 4662 mundum
2152 4608 2291 4663 Deus

725 4693 883 4749 initio
902 4706 957 4748 et
986 4709 1051 4748 ex
1082 4696 1278 4765 quibus
1304 4697 1632 4761 condiderit,
1664 4699 1911 4754 declarat
1954 4701 2037 4754 itis
2067 4716 2152 4756 vet
2169 4703 2250 4756 bis
2275 4719 2289 4756 :

726 4784 795 4840 In
820 4787 1079 4854 principio
1127 4788 1245 4856 fecit
1280 4786 1418 4843 Deus
1447 4791 1634 4843 calum
1662 4802 1708 4844 et
1739 4801 1957 4848 terram.
2000 4794 2160 4850 Terra
2201 4814 2299 4849 au-

726 4891 829 4934 tem
849 4891 961 4933 erat
995 4882 1274 4935 invisibilis
1305 4892 1355 4936 et
1380 4884 1773 4951 incomposita;
1797 4898 1847 4940 et
1878 4889 2105 4943 tenebrae
2136 4907 2293 4959 super

726 4973 1008 5042 abyssum;
1032 4984 1079 5028 et
1103 4974 1331 5043 Spiritus
1356 4975 1453 5029 Dei
1484 4978 1753 5045 ferebatur
1780 4999 1939 5050 super
1973 5000 2186 5051 aquam.
2227 4984 2289 5037 Et

725 5066 859 5119 dixit
909 5064 1050 5123 Deus
1080 5080 1100 5118 :
1136 5066 1262 5122 Fiat
1303 5068 1419 5135 lux,
1450 5079 1499 5123 et
1559 5071 1702 5140 facta
1742 5085 1831 5127 est
1896 5075 2054 5132 lux‘.
2115 5075 2291 5132 Verbo

727 5158 893 5229 igitur
928 5159 1020 5212 Dei
1047 5174 1117 5215 ex
1142 5162 1405 5231 subjectis
1432 5174 1487 5219 et
1513 5181 1540 5217 a
1582 5164 1762 5235 Moyse
1801 5168 2100 5237 designatis
2126 5172 2288 5224 rebus

725 5252 987 5305 mundum
1020 5253 1334 5307 universum
1363 5269 1486 5309 esse
1515 5258 1794 5312 conditum
1820 5268 1874 5313 et
1912 5257 2091 5325 Plato,
2115 5270 2171 5315 ct
2196 5261 2288 5329 qui

725 5344 914 5396 eadem
941 5354 1004 5395 ac
1032 5340 1125 5396 ille
1151 5341 1365 5408 dicunt,
1403 5355 1458 5399 et
1483 5360 1580 5400 nos
1628 5348 1726 5415 ipsi
1760 5349 2069 5416 didicimus,
2102 5354 2291 5408 vobis-

724 5446 834 5501 que
882 5432 1005 5487 licet
1044 5433 1186 5489 idem
1224 5438 1553 5504 perspicere.
1582 5458 1600 5491 ι
1632 5438 1701 5494 Ει
1734 5456 1790 5497 n.
1813 5440 1904 5507 67,
1937 5443 2083 5497 nulla
2116 5456 2288 5500 mate—

722 5525 1121 5582 riaacreationis
1135 5527 1276 5584 facta
1310 5531 1607 5598 mentione,
1628 5535 1794 5588 Deum
1820 5539 1897 5589 ait
1924 5555 1937 5590 :
1966 5555 1984 5588 ι
2012 5537 2145 5592 Cum
2174 5555 2295 5593 nta-

726 5615 917 5670 teriam
942 5626 998 5671 et
1028 5621 1277 5677 tenebras
1295 5624 1570 5689 vertisset,
1600 5629 1856 5684 mundum
1876 5628 2127 5687 ell‘ecisse
2157 5652 2175 5685 ι

792 5707 1173 5780 Athenagoras
1204 5715 1363 5770 docet
1402 5719 1454 5772 in
1489 5719 1737 5790 Apolog.,
1791 5740 1845 5780 n.
1897 5723 1962 5779 ΙΟ
2002 5744 2016 5779 ;
2052 5726 2305 5783 Verbum

828 5818 845 5851 ⁸
874 5818 1016 5876 Gen.
1039 5836 1078 5880 ι.
1161 5825 1181 5856 ³
1208 5824 1409 5883 Contra
1438 5831 1560 5889 adv.
1588 5832 1688 5895 lett.

2397 4620 2671 4675 interdum
2706 4632 2885 4676 tamen
2913 4625 3115 4678 nullam
3152 4626 3238 4681 vel
3278 4627 3453 4683 levem
3489 4631 3649 4700 hujus
3672 4637 3981 4693 creationis

2396 4711 2731 4765 mentionem
2763 4710 2991 4778 faciunt,
3022 4717 3149 4783 quia
3186 4716 3237 4770 id
3268 4718 3337 4771 ab
3367 4720 3449 4773 eis
3502 4736 3609 4775 non
3658 4725 3982 4792 postulabat

2393 4803 2660 4873 propositi
2725 4804 2887 4859 ratio.
2963 4804 3213 4863 Justinus
3264 4811 3357 4866 ubi
3410 4810 3693 4870 Platonem
3746 4817 3978 4886 laudat,

2394 4896 2648 4950 ethnicos
2680 4897 2954 4953 adducere
2981 4911 3235 4967 conatur,
3288 4912 3345 4955 ut
3380 4919 3444 4958 ea
3499 4920 3606 4962 non
3648 4911 3868 4963 oderint
3917 4913 3977 4967 in

2394 4985 2748 5053 Christianis,
2778 5004 2899 5058 quae
2933 4992 2987 5044 in
3020 4990 3249 5047 Platone
3302 4997 3588 5064 mirantur,
3623 5000 3815 5070 eisque
3843 5000 3979 5057 Plu-'-

2398 5081 2594 5136 tonica:
2644 5083 2909 5138 doctrinae
2963 5100 3086 5139 cum
3139 5088 3451 5143 Christiana
3504 5092 3975 5163 similitudinem,

2394 5172 2558 5226 veluti
2589 5179 2884 5243 quamdam
2927 5176 3246 5234 illecebram
3278 5185 3589 5252 praetendit.
3617 5185 3800 5253 Quare
3836 5196 3975 5246 tunc

2392 5280 2619 5321 necesse
2647 5282 2756 5321 non
2786 5279 2905 5322 erat
2935 5269 2989 5324 in
3017 5269 3246 5326 Platone
3277 5274 3680 5343 ignorationem
3720 5283 3972 5339 materias

2393 5360 2687 5415 creationis
2716 5364 3018 5433 exagitare,
3049 5369 3143 5422 sed
3173 5372 3346 5425 satius
3386 5373 3680 5429 videbatur
3722 5376 3869 5431 illius
3901 5379 3975 5431 de

2393 5454 2593 5505 mundo
2626 5454 2717 5509 Dei
2742 5456 3009 5525 sapientia
3040 5472 3228 5516 creato
3257 5467 3582 5519 sententiam
3627 5466 3880 5535 laudare,
3907 5480 3973 5522 ut

2391 5556 2459 5595 ex
2509 5543 2710 5616 Moysis
2746 5549 2999 5605 haustam
3050 5552 3318 5621 fontibus;
3369 5560 3621 5627 quamvis
3677 5561 3969 5614 materiam

2392 5646 2635 5691 creatam
2659 5638 2871 5711 Moyses
2904 5642 3194 5715 intelligat,
3219 5657 3276 5700 ut
3309 5647 3559 5706 JuStinus
3589 5668 3696 5706 non
3730 5652 3969 5708 obscure

2391 5726 2656 5793 declarat,
2725 5732 3026 5792 increatam
3072 5736 3249 5796 Plato.
3307 5742 3465 5814 Saepe
3521 5744 3658 5800 alias
3710 5743 3967 5801 laudatus
