4120 6446
172 405 226 461 37
1118 401 1183 462 D.
1221 400 1489 456 MARANI
1514 396 1913 456 PREFATIO.
1949 429 2015 442 -ι-
2053 400 2236 455 PARS
2269 398 2331 454 li.

172 523 316 588 Plato,
345 525 493 594 quod
527 523 745 593 rejectis
788 523 1023 580 aliorum
1075 523 1524 595 philosophorum
1557 540 1708 579 som-
1742 532 1786 586 Α
1819 522 1983 577 verba
2027 522 2254 577 Latinus
2307 524 2592 591 interpres.
2632 524 2896 580 Observat
2931 525 3194 598 Origenes
3234 526 3326 584 lib.
3365 545 3399 581 v

169 623 256 670 niis
287 617 546 671 mundum
571 633 600 670 a
624 619 732 674 Deo
773 617 1054 673 conditum
1086 617 1362 681 docuerit,
1393 625 1453 670 ut
1475 616 1540 670 ad
1569 616 1712 670 hunc

169 708 414 777 Apologia
460 709 484 762 l
520 707 699 762 locum
730 708 1043 763 observavi.
1073 705 1129 760 in
1162 707 1270 760 alio
1320 707 1461 777 loco,
1495 705 1583 760 ubi
1612 705 1712 759 Ju-

169 775 326 850 stinus
348 798 531 850 omnia
557 813 622 851 ex
654 797 872 851 informi
911 794 1133 850 materia
1168 775 1380 850 docet'a
1407 795 1517 849 Deo
1543 795 1712 850 fuisse

167 899 350 950 creata,
387 901 511 958 apte
543 901 598 945 et
647 901 1052 959 consequenter
1088 887 1474 942 ratiocinatar.
1504 887 1710 942 Probat

167 982 286 1033 mitti
317 979 485 1034 Betim
521 999 622 1035 non
652 983 886 1051 indigere
913 979 1273 1034 materialibus
1296 979 1568 1033 hominum
1611 981 1710 1032 do-

168 1090 263 1134 ms,’
292 1076 468 1127 omnia
499 1075 636 1128 enim
660 1075 811 1127 illum
842 1075 1296 1141 suppeditare.....
1323 1082 1371 1126 et
1401 1088 1521 1125 cum
1545 1071 1709 1125 bonus

163 1167 218 1217 sit
248 1209 258 1228 ι
296 1169 474 1219 omnia
509 1167 660 1219 illum
700 1167 763 1219 ab
799 1166 950 1219 initio
981 1181 1044 1220 ea:
1074 1165 1295 1234 informi
1327 1167 1553 1218 materia
1581 1181 1707 1233 pro-

163 1269 260 1320 pter
286 1257 520 1310 homines
553 1273 776 1311 creasse.
810 1255 1043 1312 Necesse
1084 1238 1188 1312 non
1218 1267 1335 1312 erat
1358 1259 1426 1312 in\
1445 1256 1707 1332 ejusmodi

164 1362 462 1417 argumento
536 1352 822 1405 materiam
878 1350 1159 1419 conceptis
1225 1351 1408 1404 verbis
1461 1357 1705 1403 creatam

163 1442 348 1505 dicere;
374 1443 470 1494 sed
493 1457 616 1495 cum
645 1440 792 1494 illam
821 1440 1144 1509 dispositam
1174 1451 1228 1495 et
1251 1449 1500 1495 ornatam
1535 1439 1706 1495 fuisse

162 1532 339 1587 ethnici
371 1534 761 1598 concederent,
806 1534 942 1588 satis
975 1543 1092 1589 erat
1121 1533 1225 1588 hoc
1258 1534 1527 1603 principio
1552 1541 1708 1587 uten-

162 1633 249 1675 tem
313 1626 712 1690 demonstrare,
768 1625 936 1680 Deum
993 1625 1366 1680 materialibus
1422 1625 1702 1680 hominum

159 1713 295 1768 donis
347 1731 455 1770 non
508 1717 770 1786 indigere.
828 1718 921 1773 Sic
966 1719 1129 1773 etiam
1171 1733 1293 1772 cum
1337 1718 1416 1771 ait
1450 1717 1538 1772 die
1575 1717 1705 1772 solis

157 1806 477 1861 Christianos
535 1809 858 1873 convenire,
897 1810 1023 1879 quia
1063 1811 1177 1864 haec
1213 1809 1331 1863 dies
1378 1818 1482 1874 est,
1513 1808 1567 1863 in
1592 1823 1701 1877 qua

157 1897 281 1950 Deus
309 1899 566 1953 tenebras
600 1909 654 1954 et
696 1900 980 1954 materiam
1033 1900 1220 1962 vertit.
1252 1915 1314 1953 ac
1341 1899 1590 1956 Christus
1615 1914 1703 1952 rc-
1733 1903 1776 1959 Β

154 1989 392 2053 surrexit,
425 1988 562 2042 nihil
594 1989 727 2043 dicit
761 1991 905 2057 quod
956 2005 1059 2045 non
1116 1989 1463 2044 verissimum
1517 1990 1608 2054 sit,
1640 1999 1699 2044 et

155 2079 207 2129 ad
232 2076 668 2132 Christianorum
717 2077 892 2134 cultui
925 2080 1371 2150 approbationem
1399 2081 1694 2136 concilian-

154 2173 257 2224 dam
286 2173 560 2227 idoneum.

213 2261 317 2318 Non
364 2265 636 2321 absimilis
663 2281 826 2322 causa
864 2269 1270 2336 Athenagoram
1319 2267 1544 2332 detinet,
1569 2281 1702 2335 quo-

153 2357 308 2410 minus
336 2357 628 2412 materiam
657 2359 942 2429 conceptis
971 2359 1152 2414 verbis
1176 2367 1424 2413 creatam
1453 2359 1597 2412 dicat
1639 2359 1695 2412 in

153 2448 266 2502 locis
302 2449 468 2504 modo
521 2449 724 2505 allatis.
760 2450 919 2518 Quod
976 2449 1184 2505 ethnici
1228 2449 1463 2504 libenter
1497 2450 1698 2504 dabant

151 2543 413 2596 materiam
471 2541 583 2596 Deo
620 2543 687 2598 ad
724 2554 902 2598 artem
947 2544 1180 2598 obedire
1211 2553 1267 2598 et
1295 2544 1512 2613 subjici,
1547 2559 1698 2598 eam-

150 2647 284 2700 qoea
318 2635 426 2690 Deo
464 2645 716 2690 ornatam
755 2646 815 2691 et
854 2636 1084 2691 divisam
1128 2634 1323 2697 fuisse.
1357 2635 1408 2690 id
1449 2637 1694 2690 Athena-

150 2738 292 2791 goras
327 2727 641 2794 argumenti
689 2728 810 2783 loco
859 2729 1083 2800 accipit,
1110 2743 1167 2781 n.
1201 2727 1292 2790 15,
1316 2737 1378 2781 ut
1411 2728 1693 2782 materiam

148 2818 313 2882 pmbet
336 2820 447 2873 Deo
474 2821 868 2890 adaequandam
921 2838 1024 2876 non
1058 2837 1202 2887 esse,
1236 2837 1301 2877 ac
1335 2821 1557 2890 proinde
1586 2835 1692 2876 non

147 2913 348 2966 colenda
377 2912 707 2968 simulacra.
743 2913 971 2978 Statuit,
1002 2930 1054 2967 n.
1088 2914 1176 2981 l9,
1209 2929 1345 2984 opus
1373 2928 1495 2970 esse
1525 2922 1698 2971 mate-

149 3007 263 3059 riam
286 3007 468 3076 Opifici
496 3018 551 3061 et
579 3007 828 3076 opificem
863 3010 1134 3073 materiae;
1187 3009 1281 3062 sed
1314 3009 1365 3062 id
1397 3010 1604 3076 statuit,
1637 3015 1695 3061 ut

147 3112 314 3166 squam
346 3114 457 3154 non
491 3115 618 3154 esse
661 3100 908 3153 omnium
962 3101 1316 3170 principium,
1350 3100 1564 3154 nemine
1605 3114 1693 3154 re-

147 3203 414 3260 pugnante.
447 3196 817 3248 demonstret.
845 3191 1024 3262 Atque
1058 3205 1118 3246 ut
1165 3195 1572 3260 Athenagoram
1599 3207 1694 3265 pa-

142 3295 236 3337 teat
263 3285 498 3355 quadam
529 3287 698 3340 veluti
723 3285 790 3340 ad
837 3286 1104 3355 principia
1134 3288 1576 3342 adversariorum
1609 3302 1693 3340 ac-

145 3381 561 3435 eornmodatione
611 3381 711 3443 uti,
749 3391 808 3434 ut
840 3394 934 3436 eos
984 3379 1203 3435 facilius
1237 3379 1446 3434 refellat
1476 3399 1490 3446 ;
1527 3394 1696 3450 appo-

145 3485 247 3525 nam
275 3473 589 3542 exemplum
634 3487 699 3527 ex
753 3472 892 3528 libro
925 3472 1002 3526 De
1031 3474 1417 3527 resurrectione
1451 3483 1691 3526 mortuo-

147 3580 262 3626 ru,
291 3565 379 3618 ubi
407 3564 588 3620 Deum
623 3565 690 3617 ad
719 3567 888 3618 vitam
939 3579 1102 3633 posse
1139 3575 1387 3620 mortuos
1438 3579 1695 3618 revocare

143 3654 204 3708 sic
247 3659 456 3724 probat,
512 3673 571 3710 n.
619 3650 814 3720 ὅιἮς
842 3657 951 3728 γάρ
999 3658 1115 3710 ὲστι
1158 3656 1440 3727 δυνάμεως
1471 3657 1563 3710 καὶ
1593 3655 1694 3726 τὴν

144 3751 444 3814 πιράὒτοίς
480 3750 878 3820 νενομισμένην
920 3748 1164 3822 ἄμορφον
1184 3746 1350 3803 οὖσαν
1383 3750 1690 3821 μορφῶσαι,

142 3845 216 3895 ul.
238 3846 331 3914 τὴν
357 3847 603 3900 ἀνείδεον
651 3846 740 3898 καὶ
785 3845 1179 3916 ἀδιακόσμητον
1208 3845 1420 3908 πολλοῖς
1451 3846 1545 3898 καὶ
1577 3845 1692 3898 δια-

144 3934 296 4002 {Apage
343 3937 515 3989 εῐόεσι
568 3938 954 4008 κοσμῆσαι.....
994 3937 1091 4008 τῆς
1141 3936 1309 4006 αὐτῆς
1348 3938 1464 3989 ἐστι
1509 3937 1602 3989 καὶ
1633 3935 1694 3988 τὸ

143 4022 490 4097 ΐιύελυμένον
519 4028 740 4091 ὲνῶσαι,
762 4030 853 4081 καὶ
884 4028 946 4081 τὸ
973 4029 1220 4100 κείμενον
1250 4029 1572 4099 ἀναστῆσαι,
1601 4031 1694 4083 καὶ

146 4115 186 4163 τὲ
209 4117 454 4189 τεθνηκὸς
489 4119 824 4190 ζωοποιῆσαι
857 4117 1038 4182 πάλιν,
1069 4118 1242 4171 καὶτὸ
1263 4117 1497 4188 φθαρτὸν
1531 4134 1696 4188 μετα-

143 4207 296 4262 (aliis
323 4214 402 4275 εἰς
435 4211 773 4282 ἀφθαρσίαν.
813 4230 831 4263 t
857 4211 1024 4279 Cujus
1066 4211 1214 4265 enim
1273 4213 1559 4280 potestatis
1611 4216 1694 4264 est

145 4301 350 4366 informi,
387 4316 449 4358 ut
478 4305 560 4356 illi
612 4305 950 4366 existimant,
987 4305 1230 4359 materia:
1279 4303 1510 4358 formam
1540 4302 1695 4357 aﬂin-

143 4407 263 4460 gere,
285 4405 334 4448 et
363 4398 558 4465 specie
583 4411 648 4450 ac
677 4406 868 4450 ornatu
890 4407 1168 4451 carentem
1206 4395 1392 4451 multis
1418 4396 1694 4464 variisque

145 4483 301 4553 ﬁguris
325 4503 655 4543 ornare..."
692 4486 933 4556 ejusdem
964 4503 1184 4558 quoque
1233 4497 1318 4543 est
1347 4496 1403 4542 et
1427 4487 1692 4544 dissoluta

1815 615 1891 670 De
1912 617 2183 684 principiis
2211 617 2312 671 hoc
2351 625 2558 672 tantum
2591 618 2643 672 in
2685 618 2978 688 Scripturac
3009 621 3128 677 loco
3153 623 3397 677 vocabu-

1815 711 1920 761 lum
1955 705 2193 760 materia:
2218 706 2318 760 hoc
2345 720 2508 761 sensu
2535 712 2803 778 usurpari.
2847 710 2989 764 Citat
3032 713 3281 766 eumdem
3311 713 3395 766 lo-

1813 812 1935 851 cum
1966 797 2300 866 Auguslinus
2326 798 2418 853 lib.
2447 815 2462 852 I
2490 799 2688 854 Contra
2721 802 3071 870 advereregis
3087 807 3392 873 etprOpIm.

1811 902 1901 943 aet
1917 887 2088 942 Deum
2103 890 2352 944 observat
2369 890 2434 945 de
2449 893 2673 946 materia
2697 892 2914 960 quidem
2936 893 3072 948 infer
3086 896 3156 947 mi
3197 894 3391 952 fecisse

1813 978 2096 1044 mundum,
2125 981 2216 1032 sed
2249 979 2410 1034 simul
2447 996 2568 1034 eam
2635 997 3094 1036 concieassecum
3121 989 3334 1040 mundo.
3371 1005 3390 1037 s

1882 1068 2174 1137 Gregorius
2202 1070 2475 1126 Nazianz.
2501 1087 2672 1126 carm.
2698 1074 2862 1127 iamb.
2892 1075 2978 1137 l8,
3011 1089 3133 1144 pag.
3161 1075 3287 1140 205,
3315 1079 3394 1132 sic

1816 1160 2060 1232 loquitur
2095 1179 2110 1214 :

1961 1270 2020 1323 '0
2052 1272 2161 1343 γὰρ
2189 1273 2339 1346 σοφῷ
2381 1273 2450 1327 τὰ
2491 1275 2667 1330 πάντα
2707 1277 2938 1348 ποιήσας
2966 1275 3177 1349 λόγῳ...

1949 1364 2168 1434 Κόσμον
2197 1380 2257 1417 τε
2285 1363 2451 1430 τάξας
2481 1367 2668 1420 τοῦτον
2700 1371 2760 1433 ἐξ
2793 1372 3082 1440 ἀκοσμίας.

1885 1499 1903 1532 ι
1927 1481 2186 1549 Sapiente
2209 1498 2333 1540 nam
2361 1484 2453 1552 qui
2477 1494 2670 1540 cuncta
2690 1484 2864 1541 Verbo
2878 1487 3215 1543 condidit....
3239 1487 3388 1543 inor~

1809 1574 2101 1643 dinatoque
2128 1573 2377 1633 ordinem
2407 1574 2534 1629 huic
2558 1577 2944 1632 mundodedit.
2966 1596 2986 1630 ι
3019 1576 3148 1632 Etin
3167 1576 3317 1632 Orat.
3338 1582 3386 1642 ι,

1806 1665 2370 1736 pag.‘53,comparat
2414 1667 2752 1722 turbulentos
2799 1677 2997 1733 motus,
3049 1684 3280 1738 quorum
3305 1681 3388 1724 te.

1805 1757 1904 1811 stis
1950 1765 2091 1820 erat,
2124 1769 2248 1810 cum
2303 1755 2568 1826 indigesta
2619 1756 2859 1812 materia:
2897 1755 3038 1812 mole
3093 1770 3386 1827 antequam

1808 1849 1948 1904 Deus
1967 1848 2210 1908 ordinem
2235 1858 2291 1904 et
2312 1858 2590 1914 ornatum,
2622 1863 2783 1919 quem
2811 1849 3206 1917 conspicimus,
3227 1849 3387 1905 indu-

1801 1955 1967 1994 ceret.
1993 1938 2186 2008 Γέγονε
2212 1937 2270 1992 δὲ
2296 1939 2363 1992 τὰ
2391 1938 2569 1993 πάντα
2594 1940 2669 2003 ὼς
2696 1937 2754 1992 τὸ
2783 1941 2878 1992 ἀπ’
2901 1939 3095 2012 ἀρχῆς,
3123 1940 3212 1993 ὅτε
3237 1939 3389 1994 οὔπω

1800 2031 2000 2102 κόσμος
2048 2025 2138 2101 ἦν,
2186 2030 2308 2083 οὐδὲ
2347 2032 2380 2101 ἡ
2421 2029 2514 2084 νῦν
2548 2029 2766 2095 εὐταξία
2791 2028 2885 2084 καὶ
2916 2031 3214 2105 μόρφωσις,
3251 2030 3386 2086 ἀλλὰ

1800 2121 2202 2193 συγκεχυμένον
2233 2119 2293 2174 τὸ
2325 2122 2433 2174 πᾶν
2462 2120 2555 2174 καὶ
2581 2121 2866 2193 ἀνώμαλον
2893 2121 3062 2176 ἐδεῖτο
3109 2122 3208 2192 τῆς
3255 2122 3389 2177 εἰδο-

1798 2212 1954 2265 ποιοῦ
1993 2212 2173 2283 χειρὸς
2214 2210 2309 2264 καὶ
2355 2211 2656 2282 δυνάμεως.
2695 2231 2713 2264 ι
2746 2211 3018 2284 Factaque
3045 2214 3224 2268 omnia
3259 2226 3387 2269 sunt

1797 2313 1856 2358 ut
1885 2307 1952 2360 ab
1979 2306 2155 2369 initio,
2181 2321 2304 2361 cum
2330 2305 2568 2359 nondum
2599 2306 2830 2362 mundus
2859 2315 3002 2374 erat,
3031 2321 3130 2360 nec
3158 2305 3385 2377 pulchra

1799 2411 1859 2452 ea
1885 2397 2201 2454 constitutio
2222 2409 2276 2454 et
2300 2399 2576 2460 formatio.
2606 2413 2768 2467 quam
2796 2412 2942 2452 nunc
2965 2399 3260 2461 cernimus,
3288 2400 3384 2454 sed

1797 2487 1976 2541 omnia
2009 2486 2233 2543 confusa
2263 2497 2318 2542 et
2362 2488 2636 2544 incondita
2675 2485 3044 2542 formatricem
3080 2503 3298 2542 manum
3331 2500 3388 2544 et

1796 2582 2089 2650 potentiam
2149 2581 2518 2652 requirebant.
2554 2599 2574 2632 s
2633 2577 2756 2636 Vid.
2807 2575 2962 2635 Orat.
2999 2579 3089 2647 43,
3142 2597 3195 2648 p.
3243 2581 3385 2646 699;

1799 2671 2179 2742 Hieronymus,
2204 2687 2292 2745 ep.
2315 2671 2384 2727 82
2414 2689 2428 2726 :
2465 2691 2484 2725 ι
2515 2671 2686 2727 Rudis
2724 2674 2976 2739 mundus,
3011 2675 3239 2728 necdum
3269 2675 3387 2729 sole

1798 2762 2074 2828 rutilante,
2105 2779 2206 2819 nec
2253 2763 2490 2833 pallente
2522 2763 2670 2830 luna,
2709 2779 2810 2820 nec
2833 2765 2999 2820 astris
3035 2765 3385 2830 micantibus,

1798 2855 2207 2924 incompositam
2259 2865 2316 2911 et
2362 2856 2688 2910 invisibiletn
2724 2856 3032 2924 materiam,
3058 2858 3382 2925 abyssorum

1797 2948 2165 3018 magnitudine
2207 2958 2262 3004 et
2305 2949 2637 3005 deformibus
2695 2951 2932 3004 tenebris
2965 2950 3324 3019 opprimebat.
3361 2971 3380 3005 ι

1795 3040 1956 3093 Addit
1973 3037 2038 3093 ad
2063 3039 2587 3094 commendationem
2609 3039 2864 3108 baptismi
2892 3058 2905 3092 :
2930 3058 2948 3092 ι
2971 3039 3131 3095 Solus
3155 3040 3387 3111 Spiritus

1799 3130 1891 3185 Dei
1923 3130 1975 3186 in
2011 3131 2216 3202 auriga:
2249 3133 2467 3188 modum
2498 3147 2664 3203 super
2693 3148 2863 3204 aquas
2897 3132 3176 3189 ferebatur
3201 3143 3255 3188 et
3286 3149 3386 3187 na-

1718 3243 1761 3301 ς
1797 3229 2036 3277 scentem
2068 3225 2325 3278 mundum
2357 3225 2408 3278 in
2439 3225 2609 3295 ligura
2660 3223 2916 3293 baptismi
2966 3224 3326 3294 parturiebat.
3360 3245 3380 3278 ι

1795 3315 2242 3370 Observationem
2274 3324 2550 3371 mutuatus
2579 3326 2662 3370 est
2688 3317 3056 3387 Hieronymus
3085 3333 3115 3371 a
3163 3317 3382 3372 Tertul-

1794 3408 1962 3473 liano,
1991 3408 2084 3478 qui
2118 3407 2170 3462 in
2198 3408 2337 3464 libro
2370 3409 2442 3463 De
2473 3409 2888 3479 baptismo,cap.
2925 3410 2979 3473 5,
3002 3411 3082 3464 sic
3106 3409 3382 3477 loquitur:

1799 3516 1816 3548 ι
1848 3495 1982 3551 Nam
2010 3505 2064 3552 et
2086 3499 2321 3553 tenebrae
2359 3506 2484 3552 tota:
2531 3500 2706 3554 adhuc
2755 3500 2874 3555 sine
2927 3499 3080 3555 cultu
3139 3503 3382 3556 siderum

1795 3589 2078 3655 informes,
2116 3600 2170 3645 et
2223 3589 2394 3646 tristis
2445 3592 2703 3664 abyssus,
2739 3603 2792 3648 et
2825 3602 2969 3649 terra
3009 3594 3296 3662 imparata,
3330 3606 3387 3651 et

1793 3683 1988 3737 ctelum
2022 3686 2152 3738 rude
2177 3682 2354 3738 :solus
2385 3683 2582 3754 liquor,
2610 3699 2829 3754 semper
2852 3687 3081 3742 materia
3110 3685 3380 3753 perfecta,

1795 3771 1940 3837 laeta,
1979 3772 2229 3841 simplex,
2261 3771 2328 3826 de
2374 3788 2470 3827 suo
2496 3788 2652 3842 pura,
2683 3777 2905 3844 dignum
2936 3776 3244 3831 vehiculum
3273 3776 3386 3832 Deo

1793 3862 2137 3929 sbbjiciebat.
2178 3881 2196 3914 ι
2236 3860 2362 3916 Viti.
2393 3863 2657 3926 Albanas.
2689 3865 2841 3921 Orat.
2865 3868 2987 3925 adv.
3013 3880 3176 3939 gent,
3205 3887 3258 3922 n.
3289 3869 3382 3926 38.

1796 3955 1889 4020 4|,
1929 3954 2014 4008 42.
2056 3954 2116 4009 in
2143 3954 2228 4008 his
2259 3955 2583 4010 testimoniis
2605 3958 2786 4012 divina
2833 3959 3077 4027 potentia
3131 3977 3236 4016 non
3275 3970 3384 4013 tam

1795 4049 1866 4102 ab
1896 4047 2009 4118 ipsa
2032 4061 2097 4101 ex
2129 4047 2294 4103 nihilo
2323 4049 2603 4102 creatione
2650 4049 2925 4116 laudatur,
2957 4067 3117 4121 quam
3152 4069 3180 4106 a
3217 4053 3384 4106 mira-

1795 4137 1886 4192 bili
1915 4147 2110 4192 ornatu
2139 4153 2298 4207 quem
2344 4139 2510 4192 rebus
2559 4141 2759 4194 creatis
2811 4139 3058 4196 aliinxit:
3089 4143 3384 4213 quominus

1797 4230 2075 4295 miremur,
2108 4231 2153 4284 si
2177 4229 2471 4298 scriptores
2505 4230 2558 4284 in
2597 4231 2904 4290 refellendis
2937 4235 3170 4288 ethnicis
3213 4248 3378 4289 occu-

1797 4324 1905 4391 pati
1957 4324 2294 4379 creationem
2353 4325 2592 4380 materiae
2652 4325 2844 4380 leviter
2889 4327 3186 4396 attingunt,
3214 4342 3278 4382 ac
3326 4328 3381 4382 in

1798 4413 2190 4470 considerando
2217 4419 2399 4472 mundi
2428 4419 2620 4472 ordine
2640 4427 2696 4471 et
2726 4418 3094 4486 descriptione
3114 4418 3378 4474 libentius

1799 4515 2102 4572 morantur,
2129 4509 2254 4578 quia
2281 4510 2331 4564 id
2363 4512 2535 4580 magis
2557 4511 2623 4563 ad
2643 4510 3004 4580 proﬂigandos
3028 4511 3379 4566 adversarios

143 4591 498 4668 coagmentare
552 4589 611 4634 et
658 4580 903 4650 jacentia
947 4582 1217 4645 excitare,
1265 4589 1322 4634 et
1373 4589 1585 4634 mortua
1624 4581 1689 4633 ad
1724 4599 1768 4658 υ
1796 4599 2099 4669 appositum
2131 4600 2432 4656 videbam...

145 4678 278 4724 illam
304 4660 590 4736 revocare,
623 4683 682 4726 et
724 4684 980 4741 corrupta
1017 4673 1085 4728 ad
1135 4682 1339 4730 statum
1378 4672 1690 4742 corruptio-

147 4763 211 4815 nis
234 4775 505 4834 expertem
544 4775 894 4820 convertere.
924 4783 942 4816 s
985 4765 1081 4820 llis
1131 4767 1335 4827 verbis,
1377 4765 1613 4834 informi,
1635 4773 1690 4818 ut

145 4855 205 4904 illi
230 4861 549 4920 existimant,
581 4857 841 4922 materias,
877 4859 1015 4910 satis
1041 4857 1288 4912 declarat
1314 4858 1694 4927 Athenagoras

147 4959 189 4999 se
213 4950 267 5002 de
298 4951 484 5004 mundi
538 4949 826 5004 creatioae
871 4949 1190 5019 praeclarius
1234 4965 1397 5018 quam
1430 4950 1696 5004 adversa-

147 5041 235 5095 rios
260 5048 477 5104 sentire.
520 5043 623 5098 sed
640 5053 835 5099 satiien
867 5055 1188 5115 argumenta
1227 5060 1295 5097 ex
1322 5043 1492 5112 ipsius
1523 5052 1696 5097 matc-

149 5133 219 5187 riz
251 5139 530 5194 creatione
574 5151 684 5190 non
729 5137 1020 5204 deducere,
1056 5151 1177 5190 cum
1207 5135 1366 5190 facile
1387 5146 1598 5204 posset;
1631 5151 1695 5190 ac

149 5225 353 5296 umque
401 5234 473 5283 ab
529 5230 873 5284 adversariis
928 5231 1324 5292 conceduntur,
1377 5235 1693 5283 contentum

147 5327 260 5381 esse,
291 5331 345 5374 nt
376 5336 476 5376 eos
528 5320 766 5376 validius
799 5319 984 5388 ieriat,
1013 5336 1079 5376 ac
1111 5334 1332 5376 omnem
1361 5319 1694 5391 repugnandi

150 5419 292 5466 iocum
323 5417 651 5483 praciudat.

201 5502 273 5559 Ill.
299 5507 547 5564 Justinus
574 5517 632 5562 et
663 5508 1034 5577 Athenagoras
1091 5509 1160 5563 ab
1213 5509 1410 5562 usitata
1447 5505 1621 5562 sacris
1643 5513 1699 5559 et

149 5602 496 5656 ecclesiasticis
526 5602 893 5669 scriptoribus
944 5599 1193 5668 loquendi
1243 5600 1452 5653 ratione
1479 5599 1700 5652 minime

152 5688 409 5749 discedunt.
453 5695 513 5750 ln
554 5694 697 5748 libro
752 5693 1061 5762 Sapientia,
1103 5707 1220 5762 cap.
1256 5710 1317 5758 tt,
1347 5709 1396 5748 v.
1427 5693 1493 5747 18
1525 5707 1540 5745 :
1569 5689 1697 5744 Ome

153 5787 360 5853 nipotens
414 5791 509 5847 Dei
561 5806 758 5846 manus
803 5793 1060 5847 mundum
1123 5790 1184 5854 ἐξ
1239 5789 1487 5860 ἀμόρφου
1543 5785 1696 5856 ὕλης,

158 5893 240 5933 ιιι
269 5883 478 5940 informi
509 5883 741 5940 materia
776 5903 795 5935 ›
835 5883 1026 5939 fecisse
1079 5882 1292 5937 dicitur.
1345 5879 1536 5934 Omisit
1586 5879 1699 5934 haec

2407 4725 2634 4781 CAPUT
2669 4724 2733 4780 ill

1796 4834 1912 4900 Quo
1951 4852 2108 4891 sensu
2133 4833 2382 4892 Justinus
2413 4850 2559 4961 ausa
2591 4840 2828 4905 gentibus
2856 4842 2982 4895 data
3010 4844 3077 4894 ad
3107 4842 3388 4897 colendum.

2537 4919 2655 4961 ml.

2537 4919 2655 4962 mi.

1796 5020 1832 5069 l.
1860 5023 1912 5070 S.
1953 5023 2183 5082 martyris
2231 5026 2477 5072 sententia
2523 5026 2804 5084 explicatur
2839 5030 2893 5071 et
2936 5023 3171 5071 adversus
3195 5024 3385 5072 Jurium

1860 5084 2169 5134 defenditur.
2199 5086 2256 5134 ll.
2285 5087 2485 5146 lnlquus
2505 5087 2673 5136 Jurtus
2693 5100 2739 5134 tn
2763 5090 2884 5134 alios
2906 5086 3166 5134 nonnullos
3182 5100 3234 5133 ac
3258 5101 3386 5146 prae-

1858 5149 2006 5208 cipue
2030 5151 2081 5195 in
2105 5148 2156 5196 S.
2182 5151 2533 5208 Augustinum.

1867 5229 1908 5282 Ι.
1943 5229 2126 5284 Jurius
2151 5233 2201 5283 in
2228 5229 2468 5283 Historia
2495 5230 2680 5283 critica
2717 5231 3021 5300 dogmatum
3052 5237 3104 5282 et
3143 5228 3380 5282 culinam

1804 5319 2073 5386 Ecclesia',
2102 5328 2243 5388 part.
2274 5336 2342 5383 tv,
2371 5337 2422 5389 p.
2461 5321 2583 5382 7H,
2633 5321 2950 5388 prati-lamin
3001 5319 3102 5373 s'ibi
3133 5321 3384 5373 occasio-

1800 5429 1920 5469 nem
1945 5415 2010 5468 de
2033 5412 2247 5468 Justino
2271 5411 2586 5468 detrahendi
2639 5424 2830 5468 nactus
2876 5413 3112 5477 videtur,
3159 5414 3286 5480 quia
3319 5415 3384 5466 S.

1802 5518 2010 5573 martyr
2056 5509 2186 5560 dicit
2225 5506 2458 5576 Dialog.,
2492 5524 2546 5559 ιι.
2580 5507 2670 5560 iii
2707 5524 2719 5558 :
2749 5507 2852 5557 Τὸν
2888 5506 2986 5575 μὲν
3018 5505 3168 5574 ἣλιον
3196 5507 3222 5556 ὁ
3250 5504 3384 5569 Θεὸς

1800 5598 2047 5652 ἐδεδώκει
2081 5599 2342 5671 πρότερον
2360 5601 2436 5662 εἰς
2457 5599 2514 5650 τὸ
2545 5602 2863 5672 προσκυνεῖν
2893 5597 3052 5649 αὑτὸν
3075 5597 3149 5658 ὼς
3178 5598 3384 5666 γέγρα-

1803 5709 1954 5752 πται,
1982 5692 2072 5743 καὶ
2097 5691 2284 5743 οὐδένα
2315 5690 2567 5742 οὐδέποτε
2592 5691 2715 5742 ἰδεῖν
2740 5689 2884 5741 ἔστιν
2914 5686 3276 5757 ὑπομείναντα
3294 5688 3384 5739 διὰ

1800 5784 1898 5853 τὴν
1930 5782 2066 5850 πρὸς
2093 5782 2179 5834 τὸν
2209 5782 2356 5851 ἥλιον
2386 5783 2566 5834 πίστιν
2595 5780 2901 5834 ἀποθανεῖν.
2926 5798 2943 5829 ι
2967 5778 3143 5832 Solem
3166 5776 3383 5844 quidem

1808 5877 1946 5931 Deus
1980 5876 2196 5931 dederat
2228 5875 2378 5945 prius
2411 5876 2475 5930 ad
2521 5874 2879 5940 adorandum,
2931 5871 3071 5928 sicut
3119 5871 3379 5936 scriptum
