4120 6412
670 376 741 434 39
1569 369 1625 424 S.
1664 363 2002 422 IUSTlNUS
2043 361 2525 419 PHILOSOPHUS
2563 362 2652 418 ΕΤ
2693 362 3008 417 MARTYR.
3889 363 3958 418 ιο

668 511 788 563 est;
827 508 929 550 nec
973 492 1267 564 quisquam
1321 505 1561 560 unquam
1605 489 1838 550 exstitit,
1888 487 1982 556 qui
2034 496 2263 540 mortem
2293 490 2340 546 Α
2371 500 2438 537 no
2466 484 2593 538 l'acti
2628 485 2798 546 athei,
2827 484 3048 536 omnino
3066 482 3230 536 etiam
3259 479 3567 534 interirent.
3595 497 3614 531 s
3643 477 3752 534 Etsi
3779 489 3956 532 autem

673 597 894 661 propter
929 587 1088 641 (idem
1114 588 1166 638 in
1199 585 1370 639 solem
1409 591 1713 652 Oppeteret.
1755 600 1772 631 s
1811 580 1992 635 Locus
2020 578 2266 648 Scriptu-

673 696 748 736 ra
772 694 800 734 a
843 677 1059 734 Justino
1107 677 1378 731 indicatus
1416 682 1591 729 exstat
1649 673 2035 728 Deuteronom.
2068 687 2143 736 Iv,
2176 671 2266 731 I9,

673 774 766 828 ubi
796 774 876 828 sic
905 771 1102 841 legitur
1136 787 1150 823 :
1192 767 1274 823 Ne
1303 767 1439 836 forte
1493 768 1710 822 elevatis
1757 765 1922 819 oculis
1962 765 2032 818 ad
2080 763 2266 817 caelum

675 865 854 923 uideas
885 863 1048 918 solem
1079 876 1128 915 et
1159 861 1341 915 lunam
1389 868 1438 912 et
1481 859 1658 913 omnia
1681 867 1828 910 astra
1857 854 1971 908 coeli
2011 864 2060 908 et
2091 869 2266 908 errore

674 964 918 1031 deceptus
949 959 1138 1012 adores
1159 965 1284 1011 eaet
1310 954 1454 1008 colas
1483 969 1598 1021 qua:
1617 952 1810 1006 creavit
1843 950 2097 1003 Dominus
2124 948 2266 1001 Deus

675 1065 798 1110 tuus
835 1053 891 1106 in
933 1049 1285 1107 ministerium
1313 1046 1516 1099 cunctis
1547 1045 1808 1113 gentibus,
1841 1058 1963 1112 qua:
1991 1040 2087 1094 sub
2143 1039 2269 1093 coelo

674 1154 817 1200 sunt.
864 1143 1071 1198 Ilabent
1108 1138 1249 1194 LXX
1281 1160 1292 1194 :
1331 1140 1398 1190 Ἀ
1432 1138 1694 1208 ἀπένειμε
1715 1134 1919 1204 Κύριος
1953 1135 1981 1186 ὁ
2004 1132 2135 1195 Θεὸς
2171 1148 2269 1184 σου

675 1239 816 1293 αὐτὰ
862 1238 995 1290 πᾶσι
1037 1237 1147 1298 τοῖς
1193 1232 1371 1286 ἔθνεσι
1420 1232 1532 1293 τοῖς
1578 1227 1834 1280 ὑποκάτω
1878 1224 1972 1276 τοῦ
2015 1221 2266 1294 οὐρανοῦ.

676 1325 948 1381 Justinum
979 1324 1145 1393 igitur
1170 1322 1410 1389 exagitat
1442 1317 1631 1374 .Inrius
1661 1326 1718 1371 et
1740 1315 1902 1382 alios,
1933 1329 2069 1382 quos
2098 1317 2147 1368 ei
2175 1315 2270 1366 ad-

673 1417 874 1488 jungit,
906 1415 1162 1469 nimirum
1215 1412 1559 1488 Clementem
1581 1407 2035 1472 Alexandrinum,
2076 1404 2268 1474 Orige-

678 1481 803 1563 neu}
825 1517 881 1562 et
904 1506 1288 1576 Augustinum,
1319 1503 1459 1574 quod
1489 1481 1583 1555 sibi
1615 1501 1871 1569 ﬁnxerint
1910 1496 2128 1566 Moysen
2181 1498 2268 1549 di-

675 1601 819 1653 xisse
875 1597 1042 1652 Deum
1096 1597 1428 1650 distribuisse
1488 1592 1648 1653 solens
1696 1599 1747 1645 et
1797 1589 1978 1643 lunam
2007 1599 2056 1642 et
2086 1588 2268 1642 stellas

677 1689 984 1761 gentilibus,
1013 1697 1071 1742 ut
1099 1698 1268 1742 essent
1294 1701 1475 1740 eorum
1508 1685 1607 1748 dii,
1642 1699 1703 1735 ac
1736 1698 1800 1736 ea
1849 1681 2161 1744 adorarent,
2188 1681 2265 1732 si-

679 1783 829 1841 bique
855 1797 1144 1836 reservasse
1169 1777 1418 1851 papulum
1457 1777 1649 1832 Israel.
1678 1776 1794 1830 Non
1824 1775 1876 1828 in
1906 1774 2052 1831 solos
2076 1773 2268 1828 Patres

2372 582 2672 637 deteriores
2704 581 2823 634 illos
2856 589 3010 649 putat
3038 579 3129 648 qui
3181 578 3248 631 ad
3293 577 3712 630 simulacrorum
3751 575 3958 630 cultum

2371 672 2718 734 delabuntur,
2751 686 2847 724 eos
2888 678 3066 722 tamen
3097 668 3343 722 damnari
3385 667 3644 727 declarat,
3677 665 3768 735 qui
3810 674 3959 719 astra

2370 764 2578 819 colunt.
2621 764 2728 817 Nai.
2773 763 2876 835 μὴν
2922 765 3160 815 κάκεῖνοι
3200 763 3249 814 οἱ
3293 760 3398 812 ἀπὸ
3441 760 3539 828 τῆς
3586 761 3693 812 τῶν
3745 759 3961 828 ἄστρων

2373 855 2644 918 σεδάσεως
2691 855 2764 926 μὴ
2807 855 3280 926 ὲπαναδραμόντες
3312 854 3402 906 ἐπὶ
3443 852 3531 904 τὸν
3573 851 3775 904 τούτων
3807 867 3963 921 ποιη-

2371 948 2487 1017 τήν.
2530 947 2676 1009 Ὁδὸς
2719 947 2828 1018 γὰρ
2865 943 2932 1018 ἦν
2978 946 3113 1015 αὑτὴ
3157 943 3372 998 δοθεῖσα
3415 945 3526 1005 τοῖς
3562 942 3788 1006 ἔθνεσιν,
3831 943 3963 995 ἀνα-

2375 1040 2539 1109 κύψαι
2593 1039 2730 1109 πρὸς
2782 1038 2872 1091 τ’ὸν
2919 1037 3051 1090 Θεὸν
3102 1037 3189 1090 διὰ
3244 1035 3341 1106 τῆς
3390 1035 3495 1088 τῶν
3552 1034 3768 1106 ἄστρων
3831 1031 3965 1104 Θρη-

2375 1134 2582 1197 σκεὶας.
2646 1151 2665 1184 ‹
2709 1134 2814 1186 Sed
2865 1141 2921 1185 et
2971 1131 3048 1185 illi
3100 1145 3330 1200 quoque.
3371 1131 3709 1199 judicantnr,
3763 1128 3853 1195 qui
3896 1127 3964 1182 ab

2375 1235 2648 1280 astrorum
2677 1223 2823 1278 cultu
2857 1238 2964 1277 non
3010 1234 3363 1277 recnrrerunt
3392 1223 3458 1276 ad
3490 1237 3681 1276 eorum
3727 1218 3963 1274 Creato-

2371 1333 2508 1373 rem.
2527 1317 2652 1371 Ηιεο
2679 1317 2824 1371 enim
2854 1317 2938 1369 via
2969 1317 3094 1370 data
3129 1316 3231 1370 fuit
3254 1316 3526 1386 gentibus,
3546 1324 3604 1368 ut
3628 1328 3726 1383 per
3757 1311 3966 1368 cultum

2371 1419 2642 1464 astrorum
2673 1408 3013 1476 suspicerent
3036 1405 3224 1462 Deum.

2443 1503 2726 1576 Origenes,
2761 1513 2892 1557 tom.
2925 1514 2964 1554 ιι
3036 1501 3091 1555 in
3137 1501 3329 1565 Joan.,
3384 1516 3481 1556 eos
3506 1499 3597 1568 qui
3631 1508 3756 1552 ante
3789 1499 3964 1566 ipsum

2369 1598 2623 1653 dixerant
2659 1596 2828 1650 solem
2857 1603 2910 1650 et
2942 1594 3126 1648 lunam
3157 1605 3211 1648 et
3242 1605 3388 1648 astra
3419 1595 3486 1650 iis
3514 1596 3638 1647 data
3677 1605 3820 1655 esse,
3872 1589 3968 1658 qui

2375 1690 2551 1746 minus
2579 1690 2724 1758 digni
2752 1698 2900 1751 sunt,
2945 1698 3004 1742 ut
3036 1687 3176 1741 Deus
3240 1686 3491 1749 deorum,
3542 1683 3683 1738 Deus
3721 1682 3968 1752 ipsorum

2373 1783 2465 1848 sit,
2497 1783 2549 1836 in
2580 1782 2724 1836 lianc
2767 1778 3095 1836 sententiam
3157 1779 3322 1832 verba
3372 1776 3779 1831 Deuteronomii
3809 1785 3971 1828 acce-

679 1869 902 1944 iniquus
927 1882 1012 1927 est
1033 1847 1246 1935 JuritIS.
1267 1869 1465 1940 quibus
1492 1883 1612 1923 eam
1641 1869 1965 1922 εθηιοηιὶεπι
1995 1865 2272 1921 “tribuli:
2305 1847 2348 1902 Β
2380 1860 2523 1944 pisse
2551 1874 2646 1936 ait,
2669 1884 2724 1925 ut
2747 1873 2836 1942 qui
2863 1887 2965 1924 non
2993 1878 3213 1939 possunt
3237 1868 3307 1921 ad
3357 1867 3739 1936 intelligibilent
3781 1879 3968 1917 recur-

679 1975 842 2029 quatn
869 1961 1050 2016 sensui
1079 1958 1370 2023 communi,
1401 1955 1595 2009 rationi
1627 1965 1676 2008 et
1695 1955 1932 2027 religioni
1957 1957 2036 2010 ita
2057 1968 2275 2009 centra-

679 2057 817 2112 riant
839 2071 972 2118 esse,
1004 2052 1191 2118 ait,-ut
1215 2052 1409 2105 mirum
1449 2051 1514 2104 sit
1541 2053 1596 2105 in
1651 2068 1767 2106 earn
1819 2051 2070 2104 incidisse
2120 2045 2278 2102 Chri-

679 2145 914 2208 stianos;
939 2143 1037 2198 sed
1065 2142 1168 2212 ipsi
1197 2141 1364 2197 etiam
1382 2139 1553 2212 Moysi
1587 2141 1844 2210 injuriam
1878 2139 2030 2206 facit,
2049 2139 2177 2194 dum
2195 2137 2278 2192 la-

681 2244 828 2294 tetur
850 2225 966 2308 ejus
995 2235 1150 2291 verba
1176 2236 1314 2289 hunc
1341 2232 1552 2291 sensuin
1577 2225 1843 2302 suscipere
1870 2249 2045 2302 posse.

752 2327 862 2384 Sed
893 2337 1071 2384 tamen
1099 2325 1160 2386 S.
1187 2325 1390 2382 Justini
1420 2327 1583 2382 verba
1615 2324 1786 2397 aquis
1817 2324 2018 2379 animis
2047 2337 2276 2398 accepta

684 2418 890 2475 nullam
945 2417 1152 2475 erroris
1202 2416 1567 2500 suspicionem
1613 2415 1914 2485 injiciunt:
1964 2431 2072 2470 non
2129 2417 2276 2471 enim

685 2508 856 2576 Deum
883 2508 1016 2578 dicit
1037 2509 1162 2564 huic
1193 2503 1362 2564 cultui
1389 2508 1602 2586 veniam
1628 2506 1862 2571 dedisse,
1904 2515 1999 2560 aut
2026 2505 2196 2561 solem
2223 2514 2280 2561 et

683 2601 872 2659 stellas
895 2596 1115 2659 creasse
1161 2609 1223 2656 ut
1265 2600 1660 2665 adorarentur;
1682 2597 1888 2671 justam
1914 2595 2100 2668 potius
2141 2595 2275 2652 indi'

683 2705 776 2752 cat
803 2694 1226 2750 exczcationem
1255 2692 1519 2764 gentium,
1550 2705 1670 2762 qua
1696 2691 1816 2760 lege
1837 2698 1892 2744 et
1920 2689 2200 2744 nili-aculeis
2224 2696 2278 2743 et

685 2787 1076 2862 prophetarum
1097 2781 1336 2842 oraculis
1363 2783 1638 2840 deterrita
1664 2786 1732 2838 ab
1756 2782 1859 2837 hoc
1887 2781 2058 2845 cultu,
2093 2790 2151 2833 ut
2171 2778 2273 2834 Juo

687 2880 812 2949 dei,
841 2896 948 2936 non
969 2878 1212 2936 luerunt.
1236 2878 1416 2932 Alium
1452 2875 1716 2932 habemus
1745 2875 1799 2930 in
1829 2874 2023 2930 eodem
2053 2871 2278 2943 Dialogo

689 2973 890 3039 locum,
915 2971 1008 3043 qui
1043 2967 1244 3027 Justini
1267 2969 1436 3024 verba
1461 2967 1623 3022 aliter
1653 2965 2004 3036 interpretari
2053 2981 2162 3020 non
2198 2966 2278 3021 si-

686 3065 788 3121 it.
819 3061 1090 3120 Justinum
1145 3070 1300 3133 rogat
1351 3058 1596 3130 Trypho,
1637 3076 1694 3114 n.
1725 3059 1816 3124 55,
1851 3067 1910 3113 ut
1945 3067 2280 3127 exsequatur

2379 1983 2492 2020 rere
2510 1975 2781 2026 naturain,
2797 1964 2947 2018 rebus
2959 1961 3224 2029 corporeis
3238 1977 3299 2013 ar
3314 1960 3406 2013 sub
3425 1975 3630 2012 sensum
3652 1958 3964 2010 cadentibus

2381 2058 2721 2112 Dieinitatem
2735 2058 2904 2110 inesse
2919 2056 3190 2124 suspicati,
3208 2054 3282 2108 uel
3295 2055 3528 2107 lubenter
3542 2052 3595 2104 in
3609 2052 3690 2103 Itis
3703 2050 3969 2112 sisterent,

2378 2168 2483 2206 non
2510 2150 2742 2219 prolapsi
2773 2151 2841 2203 ad
2869 2149 3017 2202 idola
3051 2158 3102 2201 et
3138 2146 3402 2200 dwmonia
3435 2158 3454 2196 :
3484 2144 3586 2199 etsi
3622 2142 3767 2197 enim
3799 2159 3830 2193 a
3859 2139 3970 2194 Deo

2377 2243 2648 2304 oberrant,
2675 2249 2854 2294 tamen
2877 2235 3093 2295 illorum
3117 2251 3363 2293 errorem
3389 2236 3547 2305 longe
3574 2233 3972 2304 praeferendum

2377 2345 2568 2386 eorum
2600 2330 2799 2392 errori,
2840 2329 2929 2397 qui
2979 2328 3111 2381 deos
3139 2334 3339 2381 vocant
3375 2340 3536 2396 opera
3563 2326 3868 2380 hominum.

2449 2420 2717 2477 Eusebius
2741 2419 3095 2474 Ctesariensis
3136 2417 3438 2472 Demonstr.
3462 2434 3646 2486 evang.
3687 2416 3763 2470 lib
3802 2431 3878 2479 tv,
3919 2430 3974 2474 c.

2379 2514 2434 2578 8.
2463 2514 2605 2569 idem
2632 2513 2827 2566 docere
2853 2511 2958 2566 hoc
2989 2495 3114 2565 loco
3139 2509 3359 2580 Moysen
3407 2511 3688 2565 existimat
3714 2525 3779 2565 ac
3814 2508 3971 2563 Pau-

2379 2609 2491 2663 lum
2534 2607 2590 2660 in
2633 2603 2806 2672 Epist.
2853 2603 2920 2656 ad
2963 2602 3308 2668 Romanun,
3336 2603 3420 2667 l9,
3458 2612 3515 2656 et
3544 2612 3692 2657 astra
3723 2603 3978 2672 gentibus

2381 2697 2579 2752 tradita
2604 2695 2764 2758 dicit,
2797 2709 2860 2748 ne
2889 2695 2958 2746 ad
2977 2695 3280 2748 contrarias
3299 2703 3590 2763 potestates
3621 2705 3669 2748 et
3700 2693 3970 2748 damonia

2376 2789 2711 2859 deﬂecterent
2740 2801 2760 2841 :
2790 2786 2911 2838 inde
2957 2787 3100 2838 enim
3147 2787 3540 2856 quodammodo
3581 2788 3749 2854 illius,
3773 2788 3865 2858 qui
3891 2787 3978 2841 in-

2379 2879 2602 2934 visibilis
2637 2887 2738 2943 est,
2767 2888 3126 2945 conspectum,
3153 2879 3312 2933 veluti
3345 2896 3437 2948 per
3464 2881 3735 2950 quoddam
3784 2895 3977 2948 specst-

2377 2974 2491 3028 luin
2517 2974 2778 3035 exhiberi.

2448 3065 2730 3136 Pracipue
2759 3082 2892 3124 vero
2915 3068 2971 3123 in
3005 3067 3066 3124 S.
3095 3067 3462 3139 Augustinum
3509 3066 3730 3135 iniquus
3757 3074 3843 3121 est
3873 3064 3979 3120 Ju-

686 3160 829 3231 quod
885 3174 946 3216 se
994 3156 1513 3213 demonstraturum
1541 3153 1893 3224 promiserat,
1943 3149 2112 3204 alium
2157 3163 2277 3204 esse

2385 3157 2517 3224 rius,
2547 3172 2712 3228 quem
2773 3161 2900 3213 dum
2953 3160 3033 3212 ait
3076 3161 3145 3214 ad
3192 3159 3422 3213 aliorum
3452 3172 3695 3212 errorem
3727 3158 3979 3226 proxime

687 3260 884 3326 prater
909 3237 1077 3311 Deum
1103 3248 1341 3316 Patrem,
1367 3248 1458 3317 qui
1486 3247 1543 3324 in
1575 3234 1877 3320 Scripturis
1903 3245 2047 3298 Deus
2077 3257 2143 3297 ac
2167 3241 2275 3296 Do-

691 3345 872 3400 minus
894 3352 1150 3408 vocatur;
1188 3340 1282 3396 sed
1309 3347 1495 3394 monet
1538 3353 1602 3392 ne
1633 3336 1794 3390 solent
1818 3344 1866 3390 et
1891 3334 2074 3389 lunam
2107 3333 2269 3400 dicat,

693 3454 812 3510 quat
841 3438 1099 3507 scriptum
1150 3446 1225 3490 est
1262 3435 1502 3506 gentibus
1527 3449 1773 3510 concessa
1798 3448 1830 3485 α
1866 3432 1973 3486 Deo
2004 3431 2192 3500 fuisse,
2223 3442 2281 3484 ut

692 3548 758 3586 ea
778 3541 1028 3598 tanquam
1041 3530 1166 3584 deos
1181 3527 1573 3584 colerent.Tum
1590 3526 1926 3582 Justinussic
1951 3527 2240 3596 respondet
2263 3542 2277 3578 :

701 3643 721 3677 ι
745 3624 865 3680 Non
890 3639 1042 3680 eram
1069 3623 1333 3678 allaturos
1354 3621 1598 3694 Trypho,
1643 3619 1741 3674 has
1764 3620 2280 3687 demonstrationes,

693 3713 891 3789 quibus
912 3731 1007 3772 eos
1036 3714 1386 3776 condemnari
1417 3715 1530 3769 scio
1547 3714 1638 3782 qui
1659 3715 1774 3768 htec
1789 3722 1842 3768 et
1859 3712 2055 3767 similia
2072 3709 2280 3777 colunt,

693 3809 920 3872 sedeas,
937 3821 1073 3877 quas
1088 3814 1278 3860 contra
1300 3817 1461 3859 nemo
1479 3803 1660 3858 dicere
1680 3802 1900 3873 poterit.
1915 3820 1934 3853 ι
1956 3800 2012 3856 Si
2030 3803 2086 3858 in
2106 3801 2284 3855 verbis

695 3897 899 3970 loysis
925 3895 1434 3953 condemnationem
1458 3894 1787 3964 communi
1816 3893 1988 3948 solem
2020 3903 2077 3948 et
2101 3892 2286 3948 stellas

693 3990 898 4055 colunt,
921 3988 1288 4061 perspiciebat
1315 3986 1595 4060 Justinus;
1626 3985 1750 4055 quis
1792 3984 2005 4039 dubitet
2029 3985 2159 4054 quin
2191 3983 2285 4037 illa

695 4086 885 4156 eodem
916 4097 1080 4138 sensu
1105 4081 1402 4150 acceperit,
1427 4095 1533 4149 quo
1558 4079 1673 4134 haec
1690 4070 1751 4134 S.
1772 4077 2033 4146 Stephani
2057 4079 2123 4134 de
2153 4078 2287 4148 ipsis

697 4175 897 4244 Judeis
914 4175 1057 4230 dicta
1082 4173 1430 4242 accipiuntur
1462 4169 1601 4242 (Act.
1631 4186 1726 4235 vn,
1753 4169 1848 4240 49.)
1868 4190 1880 4225 :
1903 4167 2168 4232 Convertit
2195 4186 2289 4240 au-

696 4285 799 4332 tem
831 4267 970 4324 Deus
993 4279 1041 4322 et
1069 4265 1290 4320 tradidit
1317 4281 1403 4326 eos
1428 4265 1624 4318 servire
1652 4262 1860 4317 militia:
1889 4264 2024 4316 ctuti.

773 4359 889 4416 Non
923 4357 1161 4413 absimili
1215 4371 1377 4412 sensu
1408 4354 1780 4411 Tertullianus
1816 4354 1911 4411 lib.
1943 4353 2015 4409 De
2054 4354 2285 4410 idolola-

704 4439 1450 4530 tria,cap.9,sic'loquitut;
1503 4449 1571 4501 de
1617 4448 1789 4518 Inagia
1838 4456 1894 4500 et
1943 4447 2287 4519 astrologia:

2383 3249 2668 3316 accedere,
2693 3251 3008 3321 opinionem
3055 3252 3104 3306 ei
3156 3249 3383 3320 aliingit,
3412 3265 3577 3320 quam
3615 3251 3660 3305 si
3695 3249 3981 3306 habuisset

2380 3342 2739 3412 Augustinus,
2761 3343 2920 3415 longe
2933 3345 3173 3400 deterius
3190 3352 3450 3398 errasset.
3469 3342 3560 3396 Sic
3584 3342 3978 3410 interpretatur

2387 3433 2794 3487 Deuteronomii
2823 3433 3083 3488 locum':
3131 3452 3150 3485 t
3186 3433 3300 3488 Non
3339 3434 3414 3488 ita
3459 3433 3666 3488 dictum
3710 3442 3816 3494 est,
3857 3442 3977 3484 tan-

2383 3539 2545 3593 quam
2586 3524 2727 3578 Deus
2766 3526 3086 3595 pmceperit
3115 3541 3176 3579 ea
3212 3526 3314 3580 coli
3368 3541 3396 3579 a
3450 3525 3725 3596 gentibus,
3781 3540 3810 3577 a
3858 3523 3981 3580 solo

2385 3626 2564 3671 autem
2606 3617 2802 3686 populo
2829 3632 2928 3671 suo
2957 3633 3060 3672 non
3085 3617 3188 3673 coli
3215 3634 3229 3678 ;
3265 3618 3360 3673 sed
3389 3626 3483 3670 aut
3526 3619 3597 3670 ita
3638 3619 3840 3672 dictum
3867 3630 3975 3681 est,

2384 3706 2528 3771 quod
2556 3705 2697 3761 Deus
2737 3708 3040 3776 prtescierit
3088 3717 3276 3778 gentes
3322 3707 3593 3762 culturam
3628 3709 3976 3763 exhibitnras

2387 3797 2470 3852 his
2495 3799 2849 3864 caelestibus,
2879 3810 2930 3854 et
2967 3809 3151 3854 tamen
3201 3801 3303 3855 hoc
3361 3802 3652 3871 prtesciens
3709 3801 3975 3856 creaverit

2385 3907 2473 3958 ea,
2503 3907 2627 3946 eum
2652 3907 2778 3947 vero
2804 3893 3057 3962 populum
3089 3909 3244 3947 suum
3273 3893 3512 3948 futurum
3541 3909 3664 3948 esse
3689 3895 3974 3960 praescive-

2387 3985 2479 4051 rit,
2505 3985 2597 4054 qui
2631 3985 2736 4039 ista
2782 4000 2886 4039 non
2919 3985 3157 4052 coleret;
3186 3996 3279 4039 aut
3329 3987 3598 4040 distribuit
3636 3987 3839 4041 dictant
3868 3997 3974 4056 est,

2387 4086 2448 4130 ut
2498 4077 2832 4146 intelligatur
2870 4094 2999 4133 usus
3037 4080 3128 4149 qui
3166 4080 3584 4134 commendatur
3643 4081 3694 4133 in
3747 4079 3976 4146 Genesi,

2388 4179 2446 4224 ut
2470 4170 2578 4223 sint
2611 4170 2664 4223 in
2693 4169 2868 4241 signa,
2910 4184 3019 4226 etc.
3057 4193 3076 4225 ι
3116 4172 3508 4227 lncxcnsahilis
3530 4171 3716 4227 Jnrius
3739 4173 3828 4241 qui
3862 4174 3977 4227 lnec

2389 4267 2552 4318 verba
2592 4265 2880 4331 Augustini
2911 4281 2924 4316 :
2955 4263 3024 4317 Et
3051 4272 3228 4319 tamen
3263 4267 3360 4319 hoc
3387 4266 3670 4333 pra-sciens
3699 4267 3978 4330 creaverit,

2389 4366 2466 4411 tta
2494 4356 2696 4422 reddit,
2737 4357 2775 4411 il
2798 4358 2882 4412 n’a
2907 4377 3002 4428 pas
3045 4361 3204 4413 laissé
3247 4362 3310 4412 de
3357 4359 3431 4413 les
3479 4361 3624 4413 créer
3673 4360 3808 4412 dans
3848 4372 3983 4412 cette

2389 4464 2507 4515 oue,
2557 4449 2716 4520 quasi
2755 4452 3071 4520 scripsisset
3120 4454 3507 4520 Augustinus:
3565 4452 3632 4505 Et
3689 4460 3865 4505 tamen
3916 4468 3980 4505 eo

708 4564 728 4599 ι
764 4546 832 4600 At
857 4546 1002 4598 enim
1049 4543 1282 4598 scientia
1334 4543 1436 4596 ista
1481 4555 1653 4609 usque
1684 4542 1751 4595 ad
1791 4539 2146 4610 Evangelium
2195 4537 2298 4596 fuit
2332 4557 2378 4615 ι)
2402 4540 2624 4595 consilio
2648 4545 2899 4598 creaverit
2937 4555 2991 4597 ut
3021 4545 3340 4598 colerentur.

701 4650 986 4700 concessa,
1021 4645 1081 4688 ut
1110 4635 1330 4689 Christo
1360 4634 1509 4688 edito
1535 4647 1692 4687 nemo
1724 4631 1919 4686 etinde
1953 4633 2296 4686 nativitatem

704 4729 933 4799 alicujus
959 4728 1026 4782 de
1052 4726 1190 4782 cmlo
1226 4727 1632 4794 interpretetur.
1659 4744 1677 4774 ι
1713 4723 1778 4776 Ει
1801 4740 1908 4780 ηοη
1940 4724 2108 4779 multo
2126 4734 2250 4794 post
2281 4748 2297 4786 ς

707 4839 730 4876 s
765 4821 960 4877 Sedet
988 4818 1093 4874 alia
1149 4817 1243 4872 illa
1307 4818 1520 4888 species
1571 4818 1785 4886 magiae,
1843 4831 1964 4886 quas
2015 4818 2300 4872 miraculis

703 4921 984 4984 operatur,-
1013 4913 1178 4966 etiam
1207 4910 1467 4964 adversus
1505 4909 1724 4980 Moysen
1762 4909 2048 4973 aemulata,
2077 4909 2293 4978 patien-

706 5008 836 5064 tiam
869 5005 961 5061 Dei
988 5006 1158 5060 traxit
1187 5005 1253 5059 ad
1275 5003 1626 5074 Evangelium
1660 5017 1850 5076 usque.
1892 5022 1912 5057 s

775 5100 837 5155 ll.
859 5100 916 5154 S.
949 5097 1200 5154 Clemens
1225 5097 1623 5153 Alexandrinus
1650 5107 1801 5152 astra
1849 5095 2146 5168 gentilibus
2170 5095 2298 5149 data

703 5192 982 5248 existimat
1024 5199 1082 5252 ut
1114 5204 1180 5244 ex
1210 5203 1398 5244 eorum
1429 5200 1654 5261 aspectu
1687 5191 1753 5245 ad
1783 5189 2064 5244 Creatoris
2091 5187 2297 5242 cultum

704 5289 1016 5352 assurgunt.
1033 5278 1124 5335 Sic
1137 5280 1282 5334 etiim
1299 5279 1538 5348 loquitur
1571 5279 1769 5337 Strom.
1804 5296 1878 5344 vn,
1899 5295 1950 5346 p.
1971 5279 2106 5333 669:
2130 5277 2300 5334 Ἔδω-

707 5390 801 5429 κεν
832 5371 891 5427 ἃ
927 5372 1017 5426 τὸν
1050 5373 1197 5443 ἥλιον
1248 5373 1341 5426 καὶ
1375 5370 1472 5443 τὴν
1517 5373 1745 5444 σελήνην
1778 5372 1870 5426 καὶ
1905 5371 1972 5425 τὰ
2005 5372 2179 5442 ἄστρα
2216 5373 2297 5432 εἰς

706 5464 1021 5539 θρησκείαν,
1051 5466 1085 5518 ἃ
1110 5465 1364 5536 ἐποίησεν
1390 5466 1418 5516 ὁ
1440 5465 1570 5528 Θεὸς
1593 5469 1702 5528 τοῖς
1735 5465 1933 5529 ἔθνεσι,
1964 5464 2126 5536 φησὶν
2153 5463 2181 5515 ὁ
2216 5463 2301 5515 νό-

709 5575 832 5631 μος,
863 5556 950 5611 ἴνα
981 5556 1053 5628 μὴ
1086 5556 1264 5609 τέλεον
1294 5551 1441 5610 ἄθεοι
1475 5559 1777 5629 γενόμενοι,
1796 5558 1991 5620 τελέως
2026 5557 2118 5610 καὶ
2186 5556 2302 5610 δια-

704 5648 1008 5725 φθαρῶσιν.
1040 5647 1226 5702 »Οεόίι
1255 5651 1420 5704 solem
1454 5659 1509 5703 et
1544 5651 1720 5704 lunam
1747 5661 1800 5706 et
1832 5659 1980 5705 astra
2010 5651 2075 5704 ad
2108 5647 2296 5704 colen-

709 5743 862 5808 dum,
896 5756 1016 5809 quas
1042 5740 1180 5797 Deus
1225 5741 1352 5798 iecit
1381 5744 1654 5814 gentibus,
1685 5743 1862 5815 inquit
1883 5744 1990 5813 lex,
2018 5759 2086 5801 ne
2110 5743 2295 5799 omni-

802 5851 828 5884 ⁸
853 5850 1057 5921 Quzst.
1096 5854 1151 5910 in
1189 5852 1556 5911 Denteronom.

2475 4633 2734 4688 Statuere
2777 4649 2908 4705 ergo
2952 4649 3246 4705 possumus
3307 4635 3577 4690 neminem
3617 4649 3684 4690 ex
3739 4634 3982 4705 antiquis

2401 4725 2658 4783 Patribus
2705 4729 2942 4784 sensisse
2985 4729 3190 4783 cultum
3253 4739 3525 4788 astrorum
3573 4727 3666 4784 Dei
3713 4743 3977 4784 concessu

2401 4817 2728 4888 permissum
2761 4818 2928 4874 fuisse
2955 4821 3244 4890 gentibus;
3281 4821 3374 4874 sed
3403 4834 3592 4874 omnes
3623 4819 3761 4874 hanc
3784 4833 3980 4889 super-

2402 4913 2678 4967 stitionem
2722 4915 3094 4968 condemnant
3133 4924 3189 4967 et
3232 4922 3377 4965 astra
3433 4913 3680 4984 gentibus
3717 4914 3841 4966 data
3891 4911 3977 4964 tli-

2400 5013 2568 5071 cunt,
2601 5003 2686 5060 vel
2718 5012 2778 5060 ut
2808 5005 2875 5059 ad
2914 5003 3191 5060 Creatoris
3237 5006 3750 5075 contemplationem
3783 5003 3980 5059 incita.

2405 5106 2558 5162 rent,
2594 5096 2679 5152 vel
2709 5105 2766 5149 ut
2789 5097 3168 5153 ministrarent
3194 5098 3443 5167 gentibus
3484 5100 3538 5154 in
3571 5099 3727 5169 signa
3754 5108 3809 5154 et
3836 5108 3979 5152 tem-

2401 5205 2532 5259 pora
2554 5229 2572 5256 ,
2601 5189 2689 5244 vel
2712 5191 2842 5260 quia
2867 5191 3017 5258 justa
3062 5193 3428 5247 excaecatiooe
3467 5192 3747 5251 derelictas
3784 5201 3976 5262 gentes

2403 5283 2469 5336 ad
2519 5281 2666 5336 hunc
2695 5283 2903 5336 cultum
2952 5285 3218 5351 prolapsa:
3248 5292 3393 5338 sunt.
3427 5283 3671 5341 Isidorus
3701 5282 3974 5338 Pelusiota

2403 5374 2672 5428 neminem
2698 5383 2928 5428 noverat
2967 5375 3058 5442 qui
3092 5389 3157 5428 eo
3183 5389 3376 5429 errore
3418 5375 3725 5432 laborasset
3769 5384 3861 5429 aut
3894 5374 3976 5430 la-

2403 5464 2659 5530 boraret,
2701 5479 2860 5534 quem
2900 5467 3230 5521 venerandis
3275 5468 3636 5535 scriptoribus
3667 5465 3853 5520 Jurius
3883 5478 3972 5520 at-

2403 5559 2634 5622 tribuit;
2662 5559 2756 5612 sed
2780 5559 2824 5612 si
2849 5559 2938 5626 qui
2976 5559 3048 5610 ita
3077 5557 3335 5621 sentiant,
3373 5573 3466 5613 eos
3499 5561 3729 5614 inscitia:
3754 5560 3976 5614 nomine

2399 5649 2745 5702 condemnat.
2775 5648 2839 5700 El
2865 5647 2920 5700 δέ
2955 5664 3096 5711 τινες
3126 5647 3324 5700 οἴονται
3359 5648 3796 5720 ἁπονενεμῆσθαι
3831 5650 3971 5719 πρὸς

2400 5739 2459 5794 τὸ
2488 5739 2862 5811 προσκυνῆσαι
2896 5740 3076 5805 αὐτοῖς
3107 5739 3398 5810 λαμπρῶς,
3427 5741 3522 5812 τὴν
3565 5737 3768 5792 οἰκείαν
3809 5740 3971 5793 ἅπαις
