4120 6464
218 436 280 490 ﬂ
1230 443 1292 498 D.
1332 445 1594 501 MARANI
1630 445 2019 506 PBEFATIO.
2051 481 2119 491 ~—
2155 452 2334 510 PARS
2370 456 2432 511 ΙΙ.
3385 476 3454 530 ιτ

214 554 435 610 δευσῑαν
485 559 876 628 στηλιτιὺουσι.
920 579 941 612 ι
969 562 1122 629 Quod
1156 565 1199 619 si
1234 567 1324 635 qui
1366 568 1653 623 distributa
1683 585 1733 638 pt

1840 574 1861 630 λ
1891 571 2006 625 istis
2039 573 2297 629 honorem
2345 588 2401 632 et
2449 579 2656 634 cultum
2681 597 2802 637 esse
2831 585 3240 644 adhibendum?
3270 593 3451 648 Altera

220 656 335 701 tant
364 660 424 703 ut
459 651 784 720 adorentur,
836 655 1108 709 inscitiam
1159 672 1313 712 suam
1352 661 1452 730 ipsi
1495 663 1783 720 manifeste

217 739 472 807 produnt.
505 759 524 793 ι
561 742 678 810 Ipse
700 759 865 809 vero,
913 747 1096 801 itidem
1145 758 1201 801 ut
1237 751 1326 803 alii
1376 751 1600 818 Patres,
1633 763 1779 809 astra

216 831 467 897 gentibus
497 834 622 888 data
654 839 1002 903 pronuntiat,
1031 841 1086 892 in
1111 841 1448 906 disciplinain
1477 853 1530 898 et
1563 845 1779 900 institu-

215 923 405 975 tionem
466 933 515 977 et
574 929 955 995 cognitionem,
1007 940 1064 983 ut
1115 947 1181 985 ea:
1237 950 1413 988 rerum
1475 946 1775 992 creatam;

215 1017 569 1083 magnitudine
643 1028 692 1071 et
749 1020 1148 1088 pulchritudine
1208 1028 1484 1081 invisibilis
1553 1028 1776 1084 Crealor

213 1115 584 1181 conspiciatur.

799 1232 1024 1288 CAPUT
1085 1236 1174 1294 IV.

682 1361 757 1416 De
784 1367 1088 1433 angelorum
1121 1369 1285 1425 cultu.

207 1488 245 1536 Ι.
262 1491 596 1573 ‘l’nsigpis‘l'ocli
621 1511 681 1573 ea
721 1497 977 1573 Apr-dog}
1001 1501 1052 1551 S.
1074 1503 1255 1573 Justini
1279 1521 1439 1573 pravae
1466 1511 1767 1573 interpreta-

262 1554 841 1626 tionesrefetlunturfll.
867 1554 1204 1626 Athenagoras
1241 1554 1372 1618 nimi:

261 1623 357 1663 tur.
383 1614 469 1664 Ill.
494 1615 738 1670 Nonnulla
754 1624 1014 1674 solvuntur
1036 1614 1090 1676 εἷ
1113 1614 1439 1692 θὶριὶαἶῆίυιί.

267 1787 306 1839 Ι.
352 1788 543 1843 Exstat
573 1790 626 1844 in
656 1792 908 1861 Apologia
943 1795 966 1848 1
1002 1793 1061 1850 S.
1091 1795 1285 1854 Justini
1317 1801 1544 1872 insignis
1570 1806 1635 1859 de
1663 1822 1760 1861 an—

1887 665 2260 732 interpretatio
2307 670 2642 735 perabsurde
2695 676 2885 730 statuit
2930 689 2984 732 et
3032 697 3132 735 nos
3181 692 3234 737 et
3281 687 3451 740 bonos

1885 755 2108 823 angelos
2137 771 2166 810 a
2198 757 2417 814 Christo
2449 763 2550 815 ista
2593 765 2816 822 edoctos
2861 783 2982 824 esse
3003 809 3018 834 ,
3050 773 3307 830 nimirtttn
3341 793 3447 833 non

1881 845 2136 902 colendos
2176 864 2298 904 esse
2347 851 2522 906 malos
2562 854 2858 918 daemones.
2911 861 3056 917 Nihil
3103 868 3249 920 enim
3301 867 3448 924 aliud

1879 951 1984 992 vox
2009 939 2416 1012 ista-signiﬁcat
2449 947 2548 1000 hoc
2582 949 2717 1005 loco.

1961 1051 2220 1121 Quisquis
2263 1055 2399 1111 sciet
2437 1063 2774 1130 propositum
2819 1079 2940 1122 esse
2985 1068 3043 1124 S.
3086 1072 3345 1142 martyri,
3386 1083 3447 1127 ut

1873 1137 2222 1198 Christianos
2265 1148 2460 1214 probet
2489 1167 2594 1205 non
2619 1166 2740 1208 esse
2778 1157 2991 1220 atheos,
3022 1159 3178 1214 fateri
3211 1137 3444 1232 cogetur

1874 1232 2192 1301 angelorum
2221 1239 2424 1293 cultum
2457 1242 2524 1306 ab
2555 1258 2619 1297 eo
2648 1247 2958 1312 praedicari.
3010 1251 3065 1304 ld
3093 1254 3236 1307 enim
3273 1256 3445 1322 pluri‘

1872 1335 2020 1375 mum
2049 1324 2263 1379 valebat
2311 1331 2378 1382 ad
2423 1334 2842 1402 propulsandam
2887 1340 3137 1395 atheismi
3181 1345 3439 1399 crimina-

1871 1413 2098 1491 tionem.
2119 1414 2305 1487 Neque
2330 1420 2440 1478 alio
2463 1435 2624 1478 sensu
2659 1428 3018 1497 imperatores
3043 1432 3236 1488 Justini
3268 1452 3332 1490 vc
3344 1440 3434 1492 rba

1869 1506 2117 1575 accipere
2150 1521 2472 1578 potuerunt;
2503 1531 2627 1570 eum
2669 1525 2971 1588 praesertim
3003 1525 3135 1580 nihil
3180 1528 3321 1582 aliud
3351 1531 3433 1581 in—

1867 1597 2008 1652 dicet
2037 1605 2376 1658 constructio
2411 1609 2731 1676 verborum,
2772 1611 2978 1666 Filium
3019 1626 3068 1669 et
3093 1631 3428 1685 ceterorum,

1862 1693 1952 1759 qui
1991 1693 2144 1747 illum
2170 1706 2534 1760 assectantur.
2565 1706 2716 1768 eique
2751 1709 3033 1760 auimilati
3065 1719 3220 1775 sunt,
3262 1713 3431 1766 bono-

1863 1797 1979 1834 rum
2029 1786 2334 1855 angelorum
2373 1793 2658 1846 exercitum
2693 1797 2933 1852 colimus.
2965 1801 3233 1856 Praeterea
3269 1805 3429 1858 malis

195 1879 329 1944 gens
378 1880 562 1946 locus,
593 1884 683 1952 qui
718 1895 771 1937 et
802 1900 898 1939 sua
948 1897 1140 1956 spume
1187 1892 1394 1964 indiga
1437 1895 1615 1966 aliqua
1659 1913 1756 1953 ει,
1789 1924 1831 1978 Β
1861 1874 2252 1978 angelis-quos
2279 1878 2574 1978 Christiani
2601 1885 2786 1941 colere
2817 1891 3030 1956 nolunt,
3075 1905 3426 1962 opponuntur

196 1971 508 2035 planationc
538 1985 590 2027 et
621 1990 682 2029 ex
716 1977 880 2030 variis
925 1980 1506 2053 interpretationibus,
1557 1989 1756 2058 quibus

193 2077 454 2133 agitatum
507 2067 637 2132 fuit,
689 2070 740 2123 in
772 2086 931 2126 unam
963 2073 1196 2144 aliquam
1220 2117 1238 2140 ,
1269 2094 1391 2148 quae
1421 2081 1526 2135 fixa
1558 2093 1613 2138 et
1653 2089 1753 2140 im-

193 2168 334 2211 mota
380 2161 491 2222 sit,
534 2162 887 2217 vindicandos
926 2175 1026 2218 est.
1082 2167 1172 2221 Sic
1215 2171 1382 2237 igitur
1429 2172 1488 2227 S.
1521 2187 1749 2248 martyr,

191 2266 242 2301 n.
281 2249 313 2300 6
359 2265 374 2301 :
425 2251 534 2302 Καὶ
565 2253 930 2323 ὁμολογοῦμεν
959 2255 1066 2308 τῶν
1099 2259 1352 2313 τοιούτων
1381 2262 1748 2336 νομιζομένων

185 2340 320 2392 θεῶν
370 2344 518 2395 ἄθεοι
567 2340 738 2411 εἶναι,
787 2347 898 2399 ἀλλ’
943 2351 1061 2420 οὐχὶ
1093 2353 1186 2405 τοῦ
1221 2353 1620 2424 ἀληθεστάτου,
1658 2365 1750 2416 καὶ

185 2434 391 2504 (lupo;
421 2436 762 2508 δικαιοσύνης
796 2442 887 2493 καὶ
919 2445 1285 2518 σωφροσύνης,
1315 2451 1408 2503 καὶ
1436 2453 1543 2506 τῶν
1575 2454 1747 2510 ἄλλων

182 2527 422 2592 ἀρετῶν,
459 2531 812 2601 ἀνεπιμίκτου
855 2553 915 2587 τε
950 2540 1146 2604 κακίας
1184 2541 1346 2596 Θεοῦ⁶
1382 2545 1495 2598 ἀλλ’
1541 2550 1747 2604 ἐκεῖνόν

180 2636 235 2670 τε
261 2660 276 2682 ,
317 2623 408 2673 καὶ
444 2624 533 2676 τὸν
563 2629 689 2696 παρ’
725 2629 890 2682 αὑτοῦ
924 2631 1052 2684 Υἱὸν
1081 2634 1299 2688 ἐλθόντα
1338 2639 1429 2691 καὶ
1461 2639 1746 2708 διδάξαντα

179 2715 324 2782 ἡμᾶς
339 2717 535 2781 ταῦτα,
551 2721 744 2774 καὶτὸν
759 2723 866 2776 τῶν
880 2725 1053 2779 ἄλλων
1070 2729 1348 2799 ἑπομένων
1366 2733 1458 2786 καὶ
1472 2734 1744 2806 ὲξομοιου-

179 2808 353 2873 μένων
387 2811 606 2877 ἀγαθῶν
633 2815 880 2881 ἀγγέλων
913 2820 1165 2888 στρατὸν,
1185 2822 1411 2894 Πνεῦμά
1435 2843 1493 2878 τε
1519 2826 1576 2879 τὸ
1608 2845 1744 2900 προ-

177 2901 404 2967 φητικὸν
451 2905 717 2973 σεϐόμεθα
745 2946 758 2969 ,
811 2909 902 2960 καὶ
955 2914 1402 2985 προσκυνοῦμεν.
1456 2917 1601 2988 λόγῳ
1649 2921 1743 2974 καὶ

174 2993 399 3063 ἀληθείᾳ
430 2997 723 3064 τιμῶντες,
762 3001 853 3052 καὶ
889 3004 1046 3055 παντὶ
1081 3003 1382 3078 βουλομένῳ
1412 3011 1633 3082 μαθεῖν,
1666 3010 1742 3076 ὼς

173 3085 550 3157 ἐδιδάχθημεν,
571 3090 817 3157 ἀφθόνως
850 3095 1253 3164 παραδιδόντες.
1296 3121 1314 3151 ι
1343 3103 1519 3171 Atque
1549 3107 1736 3161 atheos

170 3180 386 3256 qpidetn
443 3196 539 3235 nos
584 3197 703 3236 esse
748 3185 1100 3253 confitentur,
1147 3191 1192 3243 si
1224 3191 1292 3246 de
1321 3196 1554 3261 opinatis
1594 3198 1738 3268 ejus-

1861 1966 2023 2035 boni;
2084 1971 2232 2040 iique
2282 1972 2479 2028 Filium
2554 1987 2812 2050 tanquam
2867 1984 3052 2039 famuli
3117 1993 3424 2056 assectari,

1859 2073 2090 2130 eumque
2119 2064 2322 2119 imitari
2356 2068 2639 2134 dicuntur,
2670 2082 2727 2126 ut
2753 2077 2943 2132 merito
2970 2093 3063 2132 eos
3091 2080 3192 2134 coli
3225 2091 3278 2134 et
3315 2098 3425 2136 ma-

1858 2151 1937 2206 los
1969 2154 2117 2221 rejici
2146 2167 2343 2228 pateat.

1924 2284 1988 2338 ll.
2057 2286 2114 2341 S.
2158 2287 2358 2346 Justini
2415 2295 2640 2365 vestigia
2691 2299 2890 2365 premit
2938 2301 3314 2372 Athenagoras
3367 2309 3417 2360 in

1852 2378 2040 2430 eodem
2072 2379 2371 2436 refellendo
2393 2386 2645 2440 crimine.
2673 2386 2967 2456 Postquam
2997 2391 3139 2444 enim
3171 2409 3333 2446 unum
3363 2397 3416 2450 in

1852 2468 2028 2522 tribus
2070 2472 2319 2538 personis
2348 2473 2546 2540 Deum,
2578 2475 2792 2531 Patrem
2837 2488 2892 2532 et
2934 2479 3126 2534 Filium
3157 2493 3212 2536 et
3245 2486 3418 2551 Spiri-

1851 2568 1962 2613 tum
1998 2572 2248 2616 sanctum
2294 2579 2324 2618 a
2355 2564 2680 2623 Christianis
2710 2569 2815 2624 coli
2861 2572 3080 2635 docuit;
3125 2583 3234 2627 tum
3285 2592 3414 2632 vero

1849 2647 1928 2703 sic
1958 2651 2024 2704 ad
2058 2652 2281 2721 angelos
2312 2656 2511 2709 transit
2547 2656 2728 2726 Legat.
2751 2702 2764 2725 ,
2802 2677 2856 2714 n.
2892 2661 2957 2714 10
3000 2679 3012 2714 :
3060 2664 3166 2716 Καὶ
3197 2667 3297 2719 οὐκ
3322 2669 3414 2721 ἐπὶ

1847 2741 2054 2805 τούτοις
2085 2743 2145 2796 τὸ
2176 2743 2481 2814 θεολογικδν
2511 2749 2668 2819 ἡμῶν
2695 2751 2906 2805 ἵσταται
2935 2755 3127 2826 μέρος·
3156 2759 3290 2812 ἀλλὰ
3321 2764 3414 2816 καὶ

1845 2831 2045 2903 πλῆθος
2067 2835 2310 2903 ἀγγέλων
2327 2838 2419 2890 καί
2441 2838 2765 2911 λειτουργῶν
2793 2862 2991 2915 φαμεν,
3011 2848 3103 2910 οὓς
3133 2851 3160 2901 ὁ
3183 2854 3413 2921 ποιητὴς

1845 2927 1936 2980 καὶ
1963 2927 2291 3000 δημιουργὸς
2321 2931 2525 3002 κόσμου
2555 2933 2687 2997 Θεὸς
2711 2935 2797 2988 διὰ
2832 2938 2923 2989 τοῦ
2952 2942 3079 3010 παρ’
3111 2944 3276 2997 αὑτοῦ
3311 2951 3412 2999 Λο-

1841 3038 1938 3088 γου
1968 3021 2200 3094 διένειμε
2248 3027 2339 3077 καὶ
2379 3026 2586 3090 διέταξε
2629 3031 2752 3100 περί
2797 3049 2847 3083 τε
2883 3033 2950 3086 τὰ
2995 3040 3232 3105 στοιχεία
3271 3035 3409 3094 εἶναι

1841 3113 1933 3165 καὶ
1973 3115 2095 3177 τοὺς
2123 3115 2384 3186 οὐρανοὺς
2418 3118 2508 3170 καὶ
2548 3121 2636 3172 τὸν
2678 3122 2879 3192 κόσμον
2916 3127 3004 3178 καὶ
3042 3127 3107 3180 τὰ
3134 3130 3191 3181 ὲν
3224 3133 3404 3203 αὐτῷ,

1839 3205 1930 3256 καὶ
1959 3205 2054 3276 τὴν
2086 3207 2288 3261 τούτων
2314 3210 2586 3275 εὐταξίαν.
2639 3229 2660 3262 t
2689 3211 2876 3281 Neque
2918 3216 3000 3270 his
3030 3230 3208 3274 tamen
3253 3227 3404 3280 theo-

171 3273 310 3326 modi
347 3274 454 3327 diis
487 3287 712 3344 agatur;
749 3293 910 3334 secus
953 3295 1082 3336 vero
1126 3283 1171 3338 si
1205 3285 1272 3339 de
1304 3289 1588 3346 verissimo
1619 3291 1730 3358 illo,
1762 3264 1805 3322 ο
1838 3295 1993 3361 logia:
2024 3307 2220 3353 nostra:
2251 3301 2390 3353 ratio
2423 3304 2772 3369 continetur;
2806 3308 2900 3359 sed
2925 3320 2976 3361 et
3004 3312 3401 3369 multitudinem

169 3378 218 3418 et
245 3368 475 3432 justitiae
501 3385 565 3422 ac
597 3374 987 3440 temperantiae,
1019 3392 1084 3432 ac
1113 3388 1434 3437 ceterarum
1468 3385 1731 3445 virtutum

169 3458 326 3512 Patre
352 3503 364 3523 ,
427 3462 569 3513 nulla
603 3464 836 3523 atimistn
882 3466 1179 3525 vitiositate
1219 3472 1346 3528 Deo.
1382 3474 1487 3531 Sed
1517 3492 1639 3533 eum
1675 3492 1729 3536 et

167 3549 364 3603 Filium
389 3594 402 3617 ,
443 3553 535 3620 qui
568 3556 633 3606 ab
666 3571 730 3610 eo
763 3559 910 3611 venit
944 3575 1008 3614 ac
1039 3576 1137 3618 nos
1164 3563 1264 3619 ista
1305 3567 1514 3629 docuit.
1556 3581 1610 3624 et
1635 3586 1734 3624 ca:-

166 3653 405 3695 terorum
455 3646 546 3713 qui
602 3646 747 3700 illum
799 3660 1172 3717 assectantur,
1239 3656 1397 3726 eique
1447 3661 1728 3717 assimilati

166 3746 316 3797 sunt,
367 3737 630 3792 bonorum
673 3741 983 3810 angelorum
1015 3748 1310 3802 exercitum
1333 3789 1346 3812 ,
1379 3760 1435 3804 et
1468 3750 1727 3822 Spiritum

167 3830 544 3894 propheticum
580 3833 809 3886 colimus
841 3843 896 3887 et
936 3835 1261 3902 adoramus,
1309 3845 1521 3898 ratione
1557 3853 1611 3899 et
1637 3862 1729 3901 ve-

169 3931 324 3974 ritate
396 3936 757 3986 venerantes,
817 3936 872 3979 et
943 3938 1000 3981 ut
1062 3931 1292 4000 quisque
1357 3935 1568 3991 discere
1635 3953 1726 3994 vo-

168 4011 354 4076 luerit,
404 4015 544 4068 citra
596 4017 895 4081 invidiam,
941 4031 999 4073 ut
1038 4023 1216 4077 edocti
1264 4040 1485 4091 sumus,
1526 4029 1726 4099 imper-

169 4118 372 4162 ltenles.
420 4129 440 4159 ι

233 4225 399 4279 Aliter
451 4226 598 4280 hunc
643 4227 816 4281 locum
864 4228 1290 4298 interpretantur
1328 4233 1719 4292 Protestantes.

169 4317 424 4380 Quidam,
473 4331 531 4371 ιιι
576 4318 759 4371 Bullus
814 4322 865 4373 iit
916 4322 1234 4377 defensione
1285 4325 1407 4379 ﬁdei
1457 4325 1716 4395 Niczenae,

169 4424 214 4475 ιο.
247 4409 378 4475 H8,
417 4412 497 4464 sic
528 4414 800 4482 accipiunt
831 4416 986 4478 quasi
1019 4416 1163 4469 dicat
1187 4414 1433 4472 Justinus
1466 4437 1564 4475 nos
1593 4423 1715 4487 ista,

169 4517 348 4570 nempe
376 4519 496 4569 qua:
520 4505 584 4555 ad
617 4504 788 4558 malos
815 4507 1036 4575 angelos
1057 4514 1494 4578 persecutionum
1527 4526 1719 4568 aucto-

1837 3388 2151 3456 angelorum
2186 3400 2240 3444 et
2277 3391 2653 3446 ministrorum
2687 3398 3049 3462 agnoscimus,
3081 3416 3214 3468 quos
3237 3405 3406 3458 Crea-

1835 3487 1920 3531 tor
1951 3489 2004 3532 et
2037 3482 2219 3548 Opifex
2249 3483 2434 3536 mundi
2467 3483 2607 3539 Deus
2639 3499 2734 3554 per
2765 3488 3000 3542 Verbum
3029 3505 3184 3545 suum
3221 3497 3401 3551 distri-

1833 3571 1949 3625 buit
1976 3582 2031 3625 et
2057 3574 2364 3638 ordinavit,
2394 3588 2453 3630 ut
2499 3577 2644 3632 circa
2683 3579 2985 3647 elementa,
3019 3584 3206 3644 ccelos.
3242 3604 3400 3643 mun-

1833 3659 1958 3713 dum
1987 3673 2040 3715 et
2071 3679 2190 3732 quae
2221 3666 2274 3718 in
2312 3681 2376 3720 eo
2418 3676 2548 3720 sunt
2568 3707 2584 3732 ,
2613 3682 2910 3738 eorumque
2941 3675 3392 3740 temperationem

1831 3765 2202 3808 versarentur.
2233 3776 2252 3808 ι

1899 3843 2023 3900 Haec
2090 3849 2400 3916 angelorum
2447 3861 2500 3905 et
2556 3853 2980 3920 beneﬁciorum,
3033 3875 3150 3927 quae
3195 3861 3261 3914 ab
3314 3863 3394 3915 eis

1827 3937 2143 4006 accipimus,
2204 3948 2260 3993 et
2318 3943 2601 4012 obsequii,
2664 3950 2806 4014 quod
2869 3951 3042 4003 Verbo
3095 3953 3392 4020 exhibent,

1828 4033 2281 4087 commemoratio
2325 4036 2572 4090 eumdem
2619 4039 2778 4094 habet
2840 4057 2993 4096 usum
3054 4046 3191 4113 apud
3247 4047 3390 4102 hunc

1826 4122 2144 4189 scriptorem
2185 4139 2248 4179 ac
2288 4128 2426 4194 apud
2463 4127 2769 4195 Jttstinnm,
2816 4149 3009 4202 nempe
3052 4148 3103 4189 ttt
3148 4154 3175 4189 a
3230 4140 3394 4192 Chri-

1826 4215 2020 4268 stianis
2075 4218 2325 4272 atheisnti
2383 4223 2588 4275 crimen
2651 4225 2972 4293 depellatur.
3037 4228 3173 4293 Quin
3224 4233 3387 4284 etiam

1825 4306 2035 4360 videtur
2082 4311 2256 4376 prima
2315 4312 2498 4377 specie
2554 4313 2931 4383 Athenagoi-as
2979 4319 3190 4387 longius
3257 4324 3388 4375 let-ri

1823 4410 1985 4461 quam
2018 4396 2286 4454 Justinus.
2321 4399 2611 4470 Thcologia
2643 4403 2788 4456 enim
2822 4406 2962 4472 apud
3011 4409 3263 4476 antiquos
3316 4414 3390 4463 si-

1822 4487 2085 4555 gniﬁcare
2106 4491 2245 4544 solet
2275 4502 2480 4545 naturae
2509 4493 2706 4548 divinae
2733 4496 3198 4564 prredicationem;
3225 4513 3390 4568 atque

167 4611 243 4648 res
290 4609 559 4664 specum.
596 4614 663 4652 ac
698 4600 859 4653 simul
891 4618 1011 4671 qum
1041 4604 1108 4657 ad
1137 4606 1362 4664 bonos‘a
1392 4607 1609 4663 Christo
1638 4610 1717 4662 di.
1752 4600 1794 4654 ι)
1826 4581 1953 4635 hinc
1984 4596 2170 4636 ansam
2213 4585 2450 4652 arripuit
2495 4586 2875 4656 Barbeyracus
2918 4589 2984 4642 ad
3030 4591 3385 4648 incusantium

164 4689 354 4742 dit-isse
404 4705 420 4740 :
477 4691 571 4742 sed
625 4691 738 4744 inec
799 4696 1087 4761 explicatio
1149 4699 1340 4752 merito
1394 4701 1634 4768 rejicitur
1684 4715 1712 4754 a

160 4782 374 4846 Grahio,
405 4785 497 4851 qui
541 4795 721 4839 tamen
758 4802 862 4841 non
898 4788 1050 4841 valde
1077 4790 1350 4844 meliorem
1383 4791 1561 4846 aﬂ'ert.
1597 4793 1717 4848 Sta-

160 4879 250 4927 tuit
275 4878 420 4928 enim
454 4876 530 4929 sic
565 4879 878 4933 tenendum
900 4922 914 4944 ,
951 4891 1006 4932 ιιι
1037 4897 1134 4934 nos
1168 4881 1418 4936 Christus
1446 4885 1714 4955 simulque

157 4972 370 5037 angelos
404 4975 542 5031 ista,
576 4988 766 5040 nempe
795 4988 915 5042 quae
952 4975 1112 5043 paulo
1145 4986 1272 5028 ante
1300 4977 1366 5030 de
1385 4977 1611 5044 justitia:
1652 4996 1712 5032 ac

155 5066 505 5130 ternpemntia:
533 5081 594 5116 ac
622 5078 930 5118 cwterarum
961 5070 1207 5121 virtutum
1243 5067 1402 5121 Patre
1438 5069 1544 5123 Deo
1570 5069 1711 5125 dicta

154 5168 289 5216 sunt,
325 5155 614 5210 edocuisse
653 5157 886 5211 dicatur.
925 5157 1168 5227 Utraque
1208 5162 1586 5228 interpretatio
1611 5163 1712 5218 hoc

156 5247 277 5301 titio
305 5247 524 5300 laborat
549 5289 564 5313 ,
591 5249 735 5317 quod
777 5249 973 5304 Justini
1009 5251 1171 5304 verba
1212 5252 1442 5305 mirifice
1477 5254 1614 5306 inter
1654 5269 1712 5306 se

153 5355 278 5390 nexa
322 5354 388 5390 ac
420 5338 476 5391 in
519 5355 684 5392 unum
725 5350 781 5393 et
825 5340 964 5393 idem
1014 5341 1350 5411 prepositnm
1384 5342 1709 5410 pertinentia

151 5432 414 5485 tiolenter
454 5433 789 5499 detorqueat.
824 5431 1098 5487 Prmterea
1128 5450 1196 5488 ex
1241 5436 1416 5502 prima
1451 5436 1709 5502 interpre-

149 5527 351 5578 tatione
396 5538 612 5592 semper
661 5525 908 5594 sequitur
942 5525 1202 5582 colendos
1237 5540 1359 5580 esse
1408 5526 1578 5579 bonos
1608 5539 1710 5578 an--

147 5615 308 5685 gelas-
337 5616 475 5671 Nam
508 5618 552 5671 si
580 5619 829 5674 Christus
854 5623 958 5675 ista
991 5634 1090 5674 nos
1128 5620 1337 5682 docuit,
1369 5635 1559 5688 nempe
1593 5635 1708 5672 ma-

147 5709 220 5764 los
245 5726 368 5766 esse
407 5712 682 5766 damones
709 5715 798 5781 qui
833 5715 1046 5768 colendi
1080 5731 1188 5770 non
1225 5721 1353 5768 sunt
1374 5753 1388 5776 ,
1417 5727 1480 5766 ac
1509 5711 1704 5766 deinde

144 5803 308 5860 bonos
342 5819 468 5859 esse
524 5806 618 5874 qui
679 5806 875 5860 Filiqu
927 5807 1021 5862 Dei
1066 5815 1426 5870 assectantur,
1479 5806 1704 5874 ejusque

145 5895 425 5966 imaginem
478 5897 531 5950 in
575 5913 632 5951 se
675 5897 894 5961 ferunt;
949 5915 1123 5954 annon
1189 5900 1312 5954 inde
1377 5907 1694 5966 sequeretur

408 5994 671 6054 Parnm.
721 5995 834 6053 Gtt.
878 5995 979 6057 Vl.

1819 4675 2245 4743 Athenagoram.
2319 4676 2424 4730 Sed
2496 4679 2595 4730 hac
2650 4693 2781 4734 voce
2853 4683 3145 4750 significari
3213 4698 3387 4754 potest

1820 4767 2066 4819 doctrina
2117 4770 2380 4823 divinilus
2427 4772 2698 4837 revelata;
2737 4774 2821 4826 vel
2861 4775 2906 4827 si
2945 4777 3140 4830 tli\'ill£B
3181 4791 3387 4833 Italum:

1820 4857 2021 4911 cultum
2064 4860 2364 4928 significet,
2422 4878 2525 4914 non
2581 4863 2853 4917 immerito
2896 4883 3018 4920 cum
3056 4870 3156 4922 hoc
3189 4871 3386 4924 divitu-

1817 4957 2025 4999 naturae
2065 4949 2207 5000 cultu
2247 4952 2622 5019 Athenagoras
2649 4954 2910 5008 honorem
2943 4959 3149 5025 angelis
3171 4960 3386 5013 adhibi-

1817 5050 1926 5092 tum
1963 5041 2277 5111 conjttugit,
2322 5045 2448 5110 quia
2500 5045 2565 5096 ad
2620 5045 2786 5099 Deum
2842 5049 3080 5102 refertur
3117 5053 3380 5122 quidquid

1815 5130 2038 5185 honoris
2069 5135 2278 5201 angelis
2305 5137 2648 5188 exhibemus.

1895 5245 1980 5299 Ill.
2027 5247 2326 5314 Displicere
2357 5261 2405 5298 et
2438 5250 2738 5301 molestiam
2768 5252 3035 5304 lacessere
3064 5269 3168 5305 non
3199 5255 3379 5316 debet,

1811 5340 1952 5405 quod
1986 5337 2164 5389 Verbo
2219 5339 2440 5407 angelos
2494 5341 2740 5403 adiungit
2799 5340 3068 5395 Justinus.
3127 5344 3380 5412 Adjungit

1810 5435 1953 5484 cuitu
2008 5443 2062 5484 ttt
2112 5433 2343 5485 famulos
2386 5445 2432 5485 et
2485 5446 2816 5498 sectatores,
2872 5439 3031 5504 idque
3081 5438 3378 5505 Scripturm

1811 5532 2256 5576 consentaneum.
2282 5523 2413 5576 Num
2449 5526 2498 5576 in
2519 5528 2837 5595 Apocalypsi
2868 5544 2982 5588 xix,
3010 5527 3089 5588 Η,
3111 5530 3175 5580 de
3203 5531 3376 5582 \‘erlm

1809 5616 2008 5668 dicitur
2040 5631 2053 5668 :
2088 5614 2150 5668 Et
2183 5619 2440 5670 exercitus
2479 5621 2566 5685 qui
2593 5630 2710 5671 sunt
2752 5621 2804 5672 in
2837 5621 2985 5681 ario,
3027 5621 3373 5687 sequebamur

1808 5725 1923 5760 eum
1965 5711 2015 5760 in
2066 5711 2211 5778 cquis
2266 5712 2440 5773 albis,
2483 5714 2652 5764 vestiti
2708 5717 2858 5780 bysso
2900 5713 3018 5764 albo
3061 5724 3110 5764 et
3155 5717 3372 5764 mundo.

1807 5801 1991 5870 Neque
2024 5806 2240 5857 crrnttd-i
2267 5804 2445 5857 locum
2482 5806 2696 5872 reliquit
2751 5806 2806 5856 S.
2854 5817 3081 5873 martyr,
3112 5823 3229 5855 t'llill
3266 5817 3370 5853 tam

1808 5907 1992 5962 aperte
2036 5897 2273 5948 declaret
2321 5905 2584 5962 qttztttlttttt
2635 5897 2848 5949 itzlcrsit
2897 5899 3035 5947 inter
3088 5897 3280 5946 Filitttn
3321 5908 3369 5944 et

3006 5992 3044 6027 κ)
