4120 6412
740 369 807 423 ιῖ
1678 364 1735 419 S.
1772 362 2106 419 JUSTINUS
2140 361 2621 421 PHILOSOPHUS
2655 362 2742 419 ET
2779 359 3093 419 ωιτη.
3907 357 3978 415 ιι

738 488 959 557 angelos
993 503 1003 537 :
1043 502 1148 543 non
1195 486 1369 558 magis
1418 485 1661 554 profecto
1701 501 1865 554 quam
1916 485 1979 539 8.
2020 484 2259 554 lgnatius
2291 525 2307 550 ,
2339 490 2385 546 Α
2416 486 2546 540 tiam
2577 486 2904 554 perciperet.
2935 482 3066 537 Nam
3097 489 3154 539 et
3182 496 3324 537 nunc
3359 480 3570 548 infans,
3599 494 3722 536 cum
3753 480 3972 549 genitus

740 584 828 647 qui
858 583 933 635 ait
976 581 1029 634 in
1059 579 1285 649 epistola
1324 578 1397 639 ad
1418 578 1711 641 Romanos,
1742 593 1800 632 ιι.
1825 576 1923 630 l2:
1955 577 2165 648 Πρέπει
2202 578 2310 649 γὰρ

744 677 866 745 ὑμῖν
893 675 1003 737 τοῖς
1025 673 1147 727 καθ’
1176 672 1292 734 ἕνα,
1324 670 1613 743 ἐξαιρέτως
1635 670 1726 723 καὶ
1760 672 1872 733 τοῖς
1900 669 2310 740 πρεσϐυτέροις,

738 766 1033 836 ἀναψύχειν
1064 764 1155 818 τὸν
1188 763 1484 818 ἐπίσκοπον
1527 765 1607 827 εἰς
1652 761 1817 833 τιμὴν
1844 761 2058 832 [ἰατρὸς
2078 800 2093 825 ,
2136 757 2308 831 Ἰησοῦ

740 858 998 930 Χριστοῦ,
1028 858 1118 912 καὶ
1144 856 1253 910 τῶν
1282 854 1612 909 ἀποστόλων.
1645 870 1665 905 ι
1693 851 1863 909 Decet
1891 854 2037 907 enim
2069 852 2313 921 singulos

741 961 982 1005 vestrum
1004 992 1017 1015 ,
1050 960 1105 1006 et
1134 948 1409 1020 praecipue
1436 946 1792 1016 presbyteros
1817 984 1833 1010 ,
1861 942 2173 998 refocillare
2199 944 2313 1011 epi—

742 1058 963 1110 scopum
985 1082 1001 1107 ,
1053 1042 1107 1097 in
1137 1042 1397 1095 honorem
1446 1037 1657 1101 Patris,
1685 1034 1814 1092 Jesu
1842 1035 2042 1091 Christi
2076 1042 2132 1089 et
2174 1048 2311 1103 apo-

744 1137 1026 1192 stolorum.
1058 1155 1076 1188 ι
1597 1196 1601 1199 τ

814 1229 1037 1283 Frustra
1066 1225 1326 1296 objicitur
1362 1224 1553 1291 duplex
1591 1222 1722 1278 illud
1763 1222 2025 1286 verbum,
2070 1219 2309 1290 σέϐομεν

744 1323 835 1375 καὶ
856 1319 1558 1394 προσκυνοῦμεν,ιροιίιηιιε
1586 1325 1640 1371 et
1685 1312 2165 1373 adoramus.iNam
2198 1313 2313 1382 pri-

744 1431 888 1468 mum
920 1414 1140 1483 quidem
1173 1414 1239 1465 ad
1270 1410 1491 1481 angelos
1527 1410 1676 1477 ipsos
1704 1407 1963 1478 refertur,
1992 1405 2176 1474 habita
2222 1419 2312 1459 ra-

745 1509 893 1561 tione
940 1504 1303 1567 discriminis,
1347 1501 1489 1571 quod
1546 1490 1691 1553 inter
1730 1498 2047 1553 Creatorem
2099 1505 2156 1552 et
2196 1513 2310 1552 rem

743 1609 981 1652 creatam
1008 1595 1315 1651 intercedit.
1347 1593 1593 1647 Alterum
1619 1599 1803 1645 autem
1838 1604 2181 1659 nequaquam
2213 1604 2313 1642 an-

742 1690 894 1758 gelos
940 1685 1252 1741 necessario
1290 1681 1724 1752 comprehendit.
1777 1678 1931 1748 Saepe
1979 1680 2087 1733 duo
2144 1679 2309 1731 verba

743 1779 907 1835 simul
933 1776 1225 1845 conjuncta
1260 1789 1369 1829 non
1398 1774 1465 1827 ad
1489 1787 1652 1827 unam
1681 1780 1737 1826 et
1777 1770 2022 1825 eamdem
2048 1784 2185 1834 rem,
2215 1770 2309 1824 sed

2413 577 2578 631 fuerit
2599 615 2612 641 ,
2642 576 2876 631 nondum
2910 583 3086 643 potest
3127 588 3322 642 panem
3354 575 3552 639 edere,
3600 573 3694 627 sed
3739 571 3976 641 primum

2414 666 2557 721 laete
2588 668 2853 729 nutritur,
2876 665 3072 719 deinde
3100 664 3483 734 progrediente
3509 672 3669 717 etate
3700 663 3864 716 etiam
3907 661 3979 714 ad

2415 757 2646 811 solidum
2687 757 2867 811 cibum
2908 757 3138 811 accedit.
3182 755 3328 809 Idem
3358 768 3577 827 quoque
3618 756 3829 808 Adamo
3855 766 3982 809 eve-

2415 847 2609 902 nisset.
2643 848 2988 917 Quapropter
3012 860 3120 900 non
3164 846 3411 900 invidens
3440 846 3489 900 ei
3520 844 3699 908 Deus,
3753 854 3813 899 ut
3857 845 3982 915 qui-

2414 939 2535 993 dam
2572 939 2928 1003 existimant,
2985 935 3269 991 interdixit
3322 951 3390 990 ne
3436 937 3503 990 de
3542 934 3688 1005 ligno
3732 936 3983 990 scientia

2413 1029 2742 1084 comedoret.
2780 1028 2973 1082 Adhuc
3013 1027 3177 1081 etiam
3223 1025 3438 1081 volebat
3484 1040 3605 1081 eum
3644 1026 3883 1096 experiri
3922 1034 3982 1081 et

2414 1120 2709 1189 periclitari
2743 1129 2924 1173 utrum
2974 1120 3077 1174 sibi
3104 1120 3251 1174 dicto
3279 1119 3565 1173 auditurus
3594 1128 3761 1174 esset.
3802 1118 3980 1172 Simul

2414 1210 2618 1265 diutius
2651 1211 2866 1265 volebat
2910 1211 3215 1281 simplicem
3249 1220 3303 1265 et
3338 1211 3607 1266 sincerum
3658 1226 3980 1278 permanere

2414 1301 2686 1355 hominem
2735 1312 3175 1371 puerascentem.
3226 1302 3339 1357 Hoc
3400 1303 3545 1355 enim
3593 1313 3842 1357 sanctum
3893 1312 3982 1356 est

2415 1408 2518 1445 non
2548 1393 2721 1446 solum
2751 1394 2890 1462 apud
2938 1392 3105 1447 Deum
3132 1436 3145 1459 ,
3181 1393 3276 1447 sed
3311 1393 3478 1447 etiam
3528 1395 3670 1463 apud
3706 1395 3979 1462 homines,

2414 1486 2469 1537 in
2514 1484 2870 1555 simplicitate
2931 1494 2986 1537 et
3033 1485 3349 1540 innocentia
3392 1484 3585 1553 subjici
3632 1488 3978 1554 parentibus.

2413 1574 2566 1641 Quod
2616 1576 2661 1629 si
2708 1575 2861 1644 pueri
2909 1573 3165 1629 submissi
3207 1588 3328 1629 esse
3377 1574 3691 1641 parentibus
3744 1576 3978 1640 debent,

2413 1675 2617 1735 quanto
2644 1666 2819 1735 magis
2858 1666 3070 1736 parenti
3116 1665 3363 1719 omnium
3411 1664 3553 1719 Deo?
3582 1663 3847 1719 Praeterea
3890 1667 3977 1718 in-

2414 1759 2670 1813 decorum
2705 1770 2789 1813 est
2812 1772 3011 1826 pueros
3032 1757 3268 1813 infantes
3288 1757 3407 1826 plus
3438 1771 3628 1826 sapere
3656 1774 3817 1828 quam
3847 1769 3983 1812 retas

742 1874 807 1924 ad
833 1867 1307 1935 diversasiudicio
1336 1863 1629 1932 legentium
1657 1860 1972 1916 referuntur
1997 1878 2011 1915 :
2042 1860 2199 1929 cujus
2229 1860 2306 1913 rei
2340 1851 2383 1905 Β
2412 1851 2644 1922 postulet
2672 1867 2685 1903 :
2718 1851 3182 1919 quemadmodum
3214 1851 3359 1904 enim
3388 1865 3553 1904 nemo
3591 1850 3792 1905 crescit
3822 1861 3984 1905 aetate

741 1960 1048 2028 exemplum
1079 1959 1317 2013 maxime
1347 1954 1656 2025 appositum
1676 1953 1968 2010 observavi
1999 1954 2053 2007 in
2089 1961 2219 2007 nota
2244 1953 2313 2006 ad

741 2062 931 2121 qua-st.
967 2053 1067 2106 1'57
1094 2054 1164 2105 ad
1194 2049 1533 2103 orthodoxas.

1367 2202 1593 2260 CAPUT
1633 2201 1699 2259 ν.

744 2318 1021 2388 Theophili
1068 2317 1327 2371 sententia
1392 2316 1474 2388 de
1512 2322 1655 2369 statu
1699 2314 1755 2367 in

1395 2385 1651 2438 Adamus.

1800 2328 1902 2383 quo
1958 2319 2162 2364 creatus
2209 2308 2313 2377 fuit

742 2504 782 2551 Ι.
809 2500 1064 2552 Infantiam
1084 2499 1271 2549 Adamo
1289 2493 1465 2546 tribuit
1505 2493 1815 2555 TheOphilus
1843 2493 1922 2544 vel
1972 2491 2035 2541 ob
2079 2493 2315 2555 inuocem

804 2566 938 2623 tiam,
958 2565 1038 2612 vel
1061 2561 1123 2610 ob
1143 2567 1396 2623 recentem
1412 2554 1733 2623 creationem:
1762 2555 1825 2623 ll.
1847 2555 1983 2603 Multi
2010 2555 2116 2623 _alii_
2136 2554 2314 2623 eodem

803 2615 948 2673 modo
968 2625 1117 2672 locuti
1142 2628 1275 2671 sunt.
1296 2620 1383 2670 ιιι.
1403 2618 1678 2681 Singularis
1700 2618 1753 2666 S.
1776 2616 2050 2667 Clementis
2091 2615 2315 2663 Alexan-

802 2687 936 2739 drini
952 2686 1139 2744 opinio.

812 2836 852 2889 l.
895 2831 1122 2887 Videtur
1156 2832 1335 2901 prima
1383 2830 1567 2900 specie
1603 2827 1940 2896 Theonliilus
1994 2823 2315 2881 existimare

743 2931 1008 2984 Adumum
1041 2928 1094 2981 in
1122 2926 1359 2996 quodam
1388 2923 1628 2978 infantiae
1658 2930 1799 2978 statu
1837 2930 2080 2974 creatum
2122 2919 2311 2984 fuisse,

743 3038 805 3076 ac
831 3036 895 3076 ea
925 3019 1153 3075 scientia
1185 3018 1509 3071 destitutum
1535 3055 1550 3080 ,
1592 3028 1712 3083 quae
1754 3013 1897 3066 virili
1938 3012 2084 3066 atati
2115 3025 2316 3065 conve-

744 3114 876 3165 niat.
925 3110 1032 3165 Sed
1071 3123 1138 3163 ne
1170 3108 1376 3162 indicta
1406 3121 1572 3160 causa
1608 3105 1937 3169 damnetur,
1969 3103 2114 3157 illius
2148 3102 2313 3156 verba

741 3220 849 3259 non
883 3200 1258 3271 perfunctorie
1285 3196 1676 3253 examinanda.
1708 3196 1800 3249 Sic
1831 3196 1995 3263 igitur
2024 3194 2113 3246 ille
2140 3192 2311 3256 lib.n,
2341 3177 2383 3234 C

743 3313 797 3348 n.
830 3295 903 3349 ‘25
933 3312 946 3346 :
975 3293 1050 3349 (δὺ
1079 3290 1188 3362 γὰρ
1219 3290 1296 3354 ὡς
1318 3289 1517 3343 οἴονταί
1544 3303 1716 3349 τινες,
1749 3285 1976 3339 Θάνατον
1998 3279 2109 3354 εἶχε
2143 3283 2202 3337 τὸ
2227 3282 2317 3349 ξύ-

740 3388 849 3451 λον,
884 3385 997 3440 ἀλλ’
1034 3386 1067 3455 ἡ
1107 3388 1380 3454 παρακοὴ.
1430 3382 1503 3435 Οὐ
1548 3379 1657 3450 γάρ
1703 3394 1755 3431 τι
1803 3378 1989 3448 ἕτερον
2034 3372 2102 3446 ἦν
2148 3378 2205 3429 ὲν
2238 3372 2316 3444 τῷ

743 3477 938 3550 καρπῷ
974 3476 1007 3547 ἢ
1041 3473 1207 3547 μόνον’
1221 3473 1421 3542 γνῶσις
1487 3474 1521 3543 ή
1548 3472 1604 3524 δὲ
1634 3470 1832 3541 γνῶσις
1862 3470 2022 3539 καλὴ,
2051 3468 2188 3521 ἐπὰν
2216 3468 2315 3519 αὑ-

739 3575 807 3641 τῇ
837 3568 1050 3630 οἰκείως
1077 3584 1158 3629 τις
1192 3568 1479 3637 χρήσηται.
1509 3565 1587 3634 Τῇ
1614 3562 1671 3614 δὲ
1705 3561 1838 3632 οὔσῃ
1866 3561 2049 3631 ἡλικίᾳ
2074 3563 2102 3614 ὁ
2146 3561 2314 3630 Ἀδὰμ

743 3663 823 3716 ἔτι
852 3664 1043 3733 νήπιος
1100 3655 1199 3729 ἦν,
1236 3658 1316 3711 διὸ
1365 3656 1515 3709 οὔπω
1549 3655 1781 3725 ἠδύνατο
1810 3654 1906 3723 τὴν
1942 3652 2142 3721 γνῶσιν
2176 3652 2315 3705 κατὰ

743 3753 899 3819 ἀξίαν
931 3754 1148 3823 χωρεῖν.
1198 3749 1307 3802 Καὶ
1336 3748 1443 3818 γάρ
1483 3747 1576 3801 νῦν
1597 3786 1613 3812 ,
1663 3746 1801 3798 ἐπὰν
1834 3745 2033 3815 γενηθῇ
2067 3742 2275 3796 παιδίον
2298 3781 2313 3804 ,

742 3849 843 3899 οὑκ
862 3846 965 3916 ἠδη
991 3844 1215 3897 δύναται
1246 3842 1408 3913 ἄρτον
1436 3838 1656 3903 ἐσθίειν,
1679 3837 1814 3891 ἀλλὰ
1843 3836 2055 3907 πρῶτον
2085 3835 2311 3903 γάλακτι

744 3937 1143 4009 ἀνατρέφεται,
1187 3934 1379 3987 ἔπειτα
1415 3932 1556 3986 κατὰ
1608 3929 1910 4001 πρόσϐασιν
1943 3928 2040 3998 τῆς
2079 3926 2314 3998 ἡλικίας,

746 4030 839 4082 καὶ
876 4029 968 4080 ἐπὶ
1001 4027 1098 4097 τὴν
1129 4024 1355 4095 στερεὰν
1384 4022 1591 4093 τροφὴν
1618 4021 1855 4092 ἔρχεται.
1893 4020 2081 4081 υὺτως
2109 4018 2174 4071 ἂν
2199 4021 2319 4088 ἐγε-

744 4122 893 4189 γόνει
937 4118 1032 4171 καὶ
1079 4116 1157 4186 τῷ
1204 4116 1394 4185 Ἀδάμ.
1433 4114 1523 4165 Διὸ
1567 4112 1663 4172 οὑχ
1714 4112 1790 4175 ὼς
1836 4111 2045 4181 φθονῶν
2092 4110 2240 4180 αὑτῷ
2289 4113 2317 4163 ὁ

744 4211 896 4273 Θεὸς,
914 4210 989 4272 ὡς
1018 4206 1218 4260 οἴονταί
1244 4222 1409 4269 τινες,
1442 4204 1695 4257 ἐκέλευσε
1739 4202 1813 4273 μὴ
1849 4202 2047 4255 ἐσθίειν
2078 4200 2186 4253 ἀπὸ
2218 4200 2317 4271 τῆς

746 4301 1013 4369 γνώσεως.
1055 4299 1174 4350 Ἔτι
1209 4296 1313 4367 μὴν
1342 4296 1432 4349 καὶ
1460 4294 1707 4347 ἐϐούλετο
1731 4293 2022 4362 δοκιμάσαι
2055 4291 2236 4354 αὑτὸν,
2270 4294 2317 4344 εὶ

746 4395 982 4461 ὑπήκοος
1019 4389 1228 4456 γίνεται
1262 4389 1326 4455 τῇ
1372 4383 1555 4454 ἐντολῇ
1597 4383 1779 4436 αὑτοῦ.
1815 4384 1965 4452 ’Ἅμα
1995 4382 2060 4452 δὴ
2099 4382 2189 4435 καὶ
2224 4382 2316 4436 ἐπὶ

744 4483 963 4535 πλείονα
1001 4480 1189 4550 χρόνον
1232 4477 1489 4546 ἠϐούλετο
1536 4474 1737 4527 ἁπλοῦν
1779 4475 1872 4526 καὶ
1914 4475 2164 4545 ἀκέραιον
2207 4474 2318 4525 δια-

748 4577 927 4644 μεῖναι
971 4573 1061 4624 τὸν
1107 4570 1392 4641 ἄνθρωπον
1432 4567 1781 4637 νηπιάζοντα.
1825 4565 1995 4618 Τοῦτο
2028 4566 2137 4635 γὰρ
2169 4566 2314 4618 ὅσιόν

743 4670 911 4728 ἐστιν,
928 4663 989 4716 οὑ
1021 4663 1180 4733 μόνον
1205 4660 1355 4731 παρὰ
1374 4659 1511 4729 Θεῷ,
1533 4658 1669 4711 ἀλλὰ
1697 4658 1789 4711 καὶ
1813 4656 1962 4727 παρὰ
1984 4655 2311 4726 ἀνθρώποις,

742 4756 801 4810 τὸ
832 4759 889 4809 ὲν
909 4755 1172 4824 ἁπλότητι
1199 4752 1290 4805 καὶ
1321 4750 1526 4822 ἀκακία
1555 4748 1959 4802 ὑποτάσσεσθαι
1983 4748 2097 4809 τοῖς
2125 4745 2312 4814 γονεῦ-

744 4849 978 4900 σιν.Ἕτι
1004 4847 1060 4899 δὲ
1088 4846 1193 4916 χρὴ
1215 4845 1283 4898 τὰ
1306 4843 1469 4897 τέκνα
1490 4845 1603 4905 τοῖς
1632 4840 1877 4909 γονεῦσιν
1895 4837 2309 4891 ὑποτάσσεσθαι.

742 4938 807 4991 Εἰ
854 4938 911 4990 δὲ
951 4937 1057 5007 χρὴ
1103 4936 1172 4989 τὰ
1218 4935 1381 4993 τέκνα
1420 4935 1531 4997 τοῖς
1574 4932 1821 5001 γονεῦσιν
1870 4930 2311 4995 ὑποτάσσεσθαι,

745 5028 893 5097 πόσῳ
925 5027 1121 5097 μᾶλλον
1138 5024 1215 5095 τῷ
1242 5025 1359 5095 Θεῷ
1383 5025 1475 5078 καὶ
1508 5025 1683 5095 Πατρὶ
1713 5023 1822 5076 τῶν
1853 5023 2022 5087 ὄλων;
2057 5023 2176 5075 Ἔτι
2208 5023 2312 5093 μὴν

744 5120 836 5195 καὶ
871 5120 1117 5190 ἄσχημόν
1142 5121 1258 5171 ἐστι
1294 5118 1362 5170 τά
1390 5117 1576 5168 παιδία
1622 5116 1689 5169 τὰ
1716 5116 1884 5185 νήπια
1918 5116 2073 5185 ὑπὲρ
2096 5114 2311 5185 ἡλικίαν

744 5213 985 5283 φρονεῖν·
1040 5210 1288 5280 καθάπερ
1340 5208 1448 5280 γὰρ
1503 5210 1570 5278 τῇ
1617 5207 1800 5278 ἡλικίᾳ
1844 5224 1925 5269 τις
1975 5208 2111 5277 πρὸς
2160 5206 2311 5269 τάξιν

744 5302 929 5368 αὔξει,
959 5301 1102 5355 οὕτω
1144 5302 1238 5355 καὶ
1271 5303 1329 5354 ὲν
1358 5299 1436 5369 τῷ
1474 5300 1707 5369 φρονεῖν.
1753 5317 1770 5348 ι
1802 5298 1987 5365 Neque
2034 5299 2210 5361 enim,
2256 5308 2314 5349 ut

745 5396 964 5464 quidam
998 5395 1358 5465 existimant,
1412 5392 1752 5447 mortiferum
1785 5401 1905 5445 erat
1934 5391 2135 5459 lignum
2160 5428 2177 5455 ,
2218 5391 2312 5444 sed

745 5488 987 5543 mandati
1018 5487 1447 5556 prmtergressio.
1484 5486 1648 5539 Aliud
1679 5485 1824 5539 enim
1856 5498 1963 5538 non
2001 5491 2123 5538 erat
2156 5483 2210 5536 in
2247 5482 2313 5536 li-

746 5596 851 5650 guo
880 5580 987 5633 nisi
1021 5578 1285 5643 scientia;
1314 5579 1456 5631 bona
1485 5586 1669 5630 autem
1702 5575 1929 5630 scientia
1952 5614 1967 5637 ,
2001 5575 2046 5629 si
2096 5574 2219 5643 quis
2249 5588 2312 5626 ea

744 5682 865 5738 apte
900 5679 1102 5723 utatur.
1126 5670 1239 5735 Qua
1267 5680 1448 5723 autem
1478 5679 1637 5724 aetate
1658 5680 1777 5723 erat
1797 5669 1993 5733 Adam,
2020 5670 2198 5723 adhuc
2231 5669 2311 5722 in-

746 5766 867 5816 t‘ans
891 5770 1029 5828 erat,
1058 5762 1286 5816 necdum
1314 5762 1539 5818 idoneus
1574 5777 1693 5818 esse
1728 5770 1977 5832 poterat,
2002 5764 2091 5832 qui
2119 5763 2269 5818 scien
2293 5791 2304 5800 -

2416 1946 2516 1999 nisi
2550 1944 2873 2012 quibusdam
2905 1941 3069 1998 veluti
3102 1942 3383 2013 gradibus,
3414 1942 3487 1995 ita
3512 1956 3615 1995 nec
3643 1942 3931 2009 sapientia.
3955 1959 3975 1991 ι

2487 2036 2683 2104 Ecquis
2737 2049 2843 2089 non
2888 2036 3073 2098 videt,
3129 2035 3174 2089 si
3234 2034 3392 2088 modo
3430 2035 3669 2087 animum
3704 2034 3979 2095 advertat,

2416 2127 2697 2182 infantiam
2732 2127 2904 2192 illam,
2946 2142 3067 2196 quat
3095 2126 3306 2181 Adamo
3337 2126 3615 2189 tribuitur,
3664 2126 3985 2194 metaphora

2416 2236 2526 2275 non
2554 2220 2780 2276 carere?
2810 2222 2867 2275 l-
2892 2218 3263 2290 Apparentem
3299 2218 3441 2272 hanc
3469 2216 3751 2271 infantiam
3788 2217 3987 2284 repetit

2417 2308 2749 2381 Theophilus
2777 2320 2890 2367 tum
2930 2327 2997 2367 ex
3040 2311 3246 2367 recenti
3283 2310 3476 2363 Adami
3504 2310 3787 2364 creatione
3810 2348 3825 2371 ,
3868 2317 3983 2362 tum

2416 2417 2480 2456 ex
2517 2403 2695 2457 medio
2722 2402 2813 2458 illo
2848 2411 3014 2464 statu,
3036 2403 3089 2455 in
3120 2415 3226 2471 quo
3253 2410 3472 2455 creatus
3510 2405 3706 2454 fuerat.
3755 2396 3985 2452 Vixdum

2416 2494 2559 2547 enim
2584 2504 2804 2552 creatus
2842 2492 3041 2558 fuerat,
3075 2506 3196 2546 cum
3239 2491 3387 2545 illum
3422 2490 3563 2546 Deus
3588 2492 3639 2544 in
3671 2491 3984 2561 paradisum

2420 2582 2726 2639 transtulit.
2757 2582 3001 2635 stimulos
3025 2580 3074 2635 ei
3114 2581 3397 2649 subjiciens
3442 2580 3773 2648 proﬁciendi,
3801 2588 3857 2632 ut
3886 2597 3989 2633 au—

2417 2689 2625 2741 gescens
2647 2682 2693 2725 et
2730 2672 2939 2725 tandem
2970 2670 3255 2739 perfectus,
3279 2672 3386 2726 imo
3408 2673 3711 2725 declaratus
3747 2672 3876 2723 deus
3906 2671 3990 2724 sic

2418 2764 2471 2817 in
2509 2766 2690 2817 coelum
2715 2763 3039 2817 ascenderet.
3065 2762 3277 2816 Medius
3300 2765 3437 2817 enim
3468 2762 3620 2817 homo
3662 2774 3815 2816 natus
3847 2773 3989 2824 erat,

2419 2870 2511 2906 nec
2540 2854 2751 2907 omnino
2786 2852 3027 2907 mortalis
3049 2893 3064 2918 ,
3110 2870 3200 2908 nec
3230 2870 3447 2924 prorsus
3485 2852 3817 2906 immortalis.
3856 2853 3991 2907 Inde

2418 2959 2550 3015 ergo
2586 2944 2677 2997 illa
2706 2943 2957 3009 infantia,
2993 2946 3139 3014 quod
3170 2954 3225 3000 et
3255 2958 3447 2998 recens
3486 2954 3704 2997 creatus
3734 2953 3900 3007 esset,
3932 2953 3994 2998 et

2418 3037 2633 3090 medius
2661 3036 3065 3105 quodammodo
3096 3044 3339 3091 creatus.
3373 3033 3487 3089 Etsi
3526 3036 3670 3088 enim
3718 3017 3993 3088 maxima-

2420 3142 2541 3181 rum
2599 3142 2782 3181 rerum
2836 3126 3154 3197 cognitione
3214 3126 3510 3181 instructus
3558 3136 3715 3189 erat,
3758 3126 3993 3180 infantia

2420 3218 2705 3275 videbatur
2742 3218 2859 3274 haec
2889 3219 3126 3274 scientia
3171 3233 3293 3273 cum
3327 3234 3414 3282 ea,
3450 3233 3571 3288 quat
3600 3219 3653 3273 in
3690 3218 3826 3273 caelo
3856 3234 3992 3287 pro—

2420 3309 2773 3374 mittebatur,
2825 3316 3167 3377 comparata.
3216 3305 3441 3373 Qualem
3482 3317 3662 3364 autem
3703 3308 3994 3363 scientiam

2419 3396 2751 3467 Theophilus
2800 3396 3010 3451 Adamo
3045 3394 3258 3451 deferat
3308 3398 3472 3450 etiam
3530 3398 3584 3450 in
3628 3397 3761 3461 illo,
3819 3412 3989 3465 quem

2418 3500 2601 3553 vocat,
2636 3488 2815 3543 medio
2850 3495 3030 3553 statu,
3074 3487 3308 3557 perspici
3350 3496 3528 3557 potest
3556 3502 3619 3542 ex
3655 3488 3989 3553 nominibus,

2419 3596 2540 3649 qua:
2573 3580 2827 3635 omnibus
2868 3580 3199 3635 animalibus
3232 3580 3405 3634 Adam
3440 3580 3717 3648 imposuit.
3748 3579 3805 3633 ld
3839 3581 3992 3635 enim

2420 3672 2670 3723 maximat
2686 3670 2929 3724 scientiae
2952 3670 3209 3737 indicium
3231 3684 3349 3724 esse
3369 3670 3640 3723 existimat
3656 3668 3992 3739 Theophilus

2420 3760 2514 3815 lib.
2553 3777 2611 3825 ιι,
2658 3778 2711 3814 ιι.
2750 3761 2838 3816 1‘5.
2867 3762 2926 3815 2°
2978 3760 3209 3815 Puerum
3246 3762 3645 3829 quodammodo
3685 3762 3815 3816 dicit
3846 3763 3997 3815 Ada-

2420 3869 2589 3919 mum,
2620 3855 2687 3908 ob
2710 3854 3113 3922 simplicitatem
3145 3860 3200 3906 et
3226 3853 3569 3921 obsequium,
3601 3854 3740 3920 quod
3766 3852 3893 3917 Deo,
3928 3866 3993 3910 ut

2422 3942 2563 3999 finus
2592 3944 2749 4012 patri,
2777 3945 3024 3999 debebat.
3057 3943 3195 3997 Hinc
3218 3953 3544 4011 prameptum
3570 3943 3646 3997 illi
3673 3945 3989 4013 impositum

2420 4026 2587 4081 fuisse
2619 4030 2768 4097 dicit,
2798 4038 2855 4083 ut
2885 4031 2977 4084 diu
3032 4030 3085 4084 in
3130 4030 3219 4083 illa
3266 4030 3436 4085 veluti
3470 4032 3698 4099 pueritia
3736 4047 3993 4099 perseve-

2423 4130 2568 4173 raret
2594 4134 2609 4173 :
2646 4121 2791 4189 quod
2818 4120 3037 4189 quidem
3087 4136 3247 4175 nemo
3276 4137 3513 4191 unquam
3543 4122 3611 4176 de
3639 4124 3867 4191 pueritia
3902 4125 3994 4180 di-

2422 4211 2583 4275 xerit,
2612 4226 2731 4278 quee
2757 4227 2879 4266 cum
2912 4211 3287 4267 imbecillitate
3317 4213 3478 4266 animi
3504 4223 3557 4266 et
3589 4215 3835 4282 corporis
3858 4228 3996 4269 con-

2415 4303 2599 4367 juncta
2631 4303 2718 4356 sit.

2495 4391 2555 4444 ll.
2582 4391 2948 4462 TheOphilum
2979 4393 3223 4448 imitatur
3250 4393 3311 4448 S.
3336 4393 3588 4462 Irenaeus,
3626 4409 3726 4450 nec
3750 4396 3815 4449 ab
3840 4397 3994 4452 illius

2348 4510 2393 4564 Β
2423 4485 2691 4537 sententia
2752 4486 2976 4539 recedit.
3015 4485 3168 4552 Quod
3200 4486 3347 4539 enim
3383 4486 3459 4539 ait
3490 4486 3583 4540 lih.
3611 4501 3707 4549 ιιι,
3744 4502 3863 4557 cap.
3894 4488 3991 4555 22,

2424 4591 2481 4627 ιι.
2510 4575 2584 4629 4;
2622 4594 2638 4625 ι
2677 4576 2845 4630 Erant
2893 4578 3112 4646 utrique
3158 4578 3289 4631 nudi
3326 4578 3417 4649 (in
3454 4579 3743 4648 paradiso)
3784 4588 3838 4634 et
3878 4596 3992 4637 non

2422 4668 2909 4733 confundebantur,
2936 4670 3194 4739 quoniam
3225 4672 3382 4740 paulo
3414 4680 3541 4724 ante
3583 4671 3713 4725 facti
3747 4688 3851 4727 non
3900 4673 3993 4726 in-

2422 4759 2696 4812 tellectum
2721 4758 2992 4815 habebant
3015 4760 3246 4815 filiorum
3273 4763 3676 4830 generationis;
3700 4765 3992 4831 oportebat

2420 4850 2568 4903 enim
2610 4849 2732 4903 illos
2760 4851 2939 4919 primo
2967 4851 3318 4916 adolescere,
3359 4852 3558 4907 dehinc
3598 4853 3679 4907 sic
3725 4854 3992 4921 multipli-

2419 4942 2568 5005 cari;
2598 4960 2616 4993 ι
2673 4940 2725 4995 id
2753 4942 3013 5012 explicari
3048 4953 3231 5013 potest
3270 4958 3339 4998 ex
3366 4958 3487 5013 cap.
3529 4944 3623 5006 23,
3660 4944 3750 4998 ubi
3792 4946 3869 4999 sic
3919 4949 3991 5001 de

2420 5032 2740 5099 poenitentia
2770 5033 2944 5087 Adam
2980 5034 3223 5102 loquitur
3264 5050 3319 5088 ιι.
3358 5035 3427 5088 5:
3466 5053 3485 5086 ι
3516 5034 3783 5102 Quoniam
3832 5037 3992 5091 indo-

2418 5118 2521 5172 lem
2560 5131 2614 5173 et
2648 5122 2909 5190 puerilem
2955 5123 3217 5178 amiserat
3266 5139 3521 5191 sensum,
3564 5134 3621 5179 et
3672 5126 3724 5178 in
3776 5126 3992 5194 cogita-

2421 5214 2619 5265 tionem
2649 5212 2892 5281 pejorum
2922 5223 3185 5280 venerat,
3228 5214 3441 5270 frenum
3488 5215 3836 5270 continentiae
3879 5216 3985 5271 sibi

2417 5316 2473 5359 et
2504 5306 2658 5358 uxori
2690 5320 2801 5358 sum
2831 5307 3217 5373 circumdedit,
3262 5308 3462 5361 timens
3490 5306 3659 5362 Deum
3695 5318 3751 5362 et
3782 5308 3991 5363 adven-

2419 5406 2529 5449 tum
2554 5396 2671 5463 eius
2693 5407 3042 5465 exspectans.
3076 5416 3095 5451 s
3130 5397 3367 5454 Puerilis
3413 5400 3620 5455 indoles
3666 5409 3721 5455 et
3758 5414 3982 5463 sensus,

2415 5501 2533 5554 quze
2559 5487 2842 5555 peccando
2875 5488 3225 5555 emittuntur,
3254 5490 3387 5559 quid
3412 5490 3558 5545 aliud
3582 5506 3702 5547 esse
3732 5503 3983 5560 possunt,

2414 5592 2576 5645 quam
2614 5578 2965 5635 innocentia?
2992 5581 3084 5636 Sic
3135 5581 3302 5636 etiam
3335 5582 3710 5637 Tertullianus
3739 5583 3792 5636 in
3841 5583 3988 5637 libro

2416 5667 2491 5720 De
2533 5668 2762 5726 vetandis
2790 5672 3117 5742 virginibus,
3158 5686 3278 5742 cap.
3314 5674 3375 5727 ll
3408 5690 3423 5728 :
3462 5692 3479 5725 ι
3512 5673 3648 5728 Nam
3688 5681 3743 5727 et
3780 5674 3986 5743 princi-

2414 5773 2508 5826 pes
2541 5762 2755 5827 generis
2785 5763 2957 5817 Adam
2991 5771 3045 5817 et
3074 5762 3202 5828 Eva,
3240 5762 3481 5831 quandiu
3512 5762 3789 5819 intellectu
3818 5779 3979 5821 care-
