4120 6458
235 401 304 454 13
1247 405 1311 464 D.
1351 407 1613 466 MARANI
1649 410 1757 466 PR.

1861 414 2044 472 ATIO.
2082 446 2151 459 —
2184 419 2363 477 psus
2398 423 2464 481 ιι.
3400 455 3466 510 ,εδ

238 530 388 583 ωιτη,
424 522 555 576 nihil
599 524 849 594 agebant.
907 525 974 579 At
1027 526 1115 580 ubi
1161 531 1226 581 de
1274 529 1468 583 arbore
1505 532 1797 598 agnitionis
1824 542 1868 598 Α
1902 538 2082 594 radiso
2115 541 2321 596 solutus
2357 545 2600 612 ludebat,
2637 563 2754 607 erat
2783 558 2962 613 adhuc
2991 563 3082 618 Dei
3121 583 3272 636 puer.
3308 572 3462 630 Post-

236 625 622 682 gustaverunt,
656 618 786 670 nihil
833 618 1061 686 primunt
1090 619 1378 676 se'hserunt
1401 639 1562 693 quam
1601 627 1794 680 erube-

235 707 517 759 scendum.
569 707 750 774 Itaque
806 711 888 760 sui
944 724 1160 778 quoque
1232 728 1398 768 sexus
1453 714 1786 770 intellectum

235 795 471 862 tegmine
499 808 843 854 notaverunt.
886 818 906 848 ο

302 891 622 946 Audiendus
655 893 710 945 in
740 893 984 947 eamdem
1016 897 1338 951 sententiam
1366 898 1659 966 Gregorius
1686 903 1794 957 Na-

230 981 521 1036 zianzenus
548 984 638 1052 qui
669 986 751 1038 sic
783 985 1018 1055 loquitur
1048 988 1201 1042 Orat.
1226 989 1314 1053 58,
1339 1007 1393 1060 p.
1415 992 1517 1047 6l9
1539 1009 1552 1046 :
1577 993 1790 1066 Θεωρία

229 1073 334 1143 γὰρ
361 1070 430 1144 ἦν
474 1077 534 1129 τὸ
569 1077 752 1144 φυτὸν,
789 1078 862 1141 ὡς
896 1081 928 1149 ὴ
969 1080 1074 1150 ἐμὴ
1094 1080 1318 1150 θεωρία,
1359 1078 1426 1152 ἦς
1467 1085 1644 1155 μόνοις
1667 1089 1787 1140 ὲπι-

229 1166 429 1218 ϐαίνειν
452 1169 689 1235 ἀσφαλὲς
720 1174 830 1234 τοῖς
865 1173 958 1242 τὴν
982 1173 1092 1238 ἕξιν
1125 1175 1466 1248 τελεωτέροις
1485 1218 1498 1241 ,
1535 1181 1594 1232 οὐ
1628 1180 1788 1234 καλὸν

226 1257 278 1308 δὲ
312 1261 421 1321 τοίς
453 1259 837 1333 ἁπλουστέροις
867 1263 944 1316 ἔτι
967 1265 1057 1317 xal.
1079 1265 1174 1336 τὴν
1207 1265 1390 1335 ἔφεσιν
1430 1271 1750 1343 λιχνοτέροις
1769 1291 1781 1303 ·

224 1351 406 1424 ὥσπερ
431 1353 551 1405 οὐδὲ
579 1353 748 1424 τροφὴ
768 1354 943 1408 τελεία
969 1355 1249 1429 λυσιτελὴς
1281 1364 1391 1424 τοῖς
1433 1363 1659 1427 ἁπαλοῖς
1705 1367 1784 1420 ἐτι

225 1443 315 1496 καὶ
353 1445 628 1513 δεομένοις
660 1445 951 1512 γάλακτος.
997 1465 1014 1498 t
1062 1446 1455 1518 Contemplatio
1500 1466 1618 1507 erat
1670 1457 1784 1512 lucc

223 1535 422 1596 arbor,
459 1545 720 1603 quantum
766 1537 879 1605 ipse
913 1542 1329 1608 contemplando
1375 1558 1662 1614 assequar,
1716 1551 1780 1603 ad

221 1640 380 1692 quam
410 1627 475 1679 iis
515 1625 645 1680 solis
677 1636 826 1682 tutus
853 1639 938 1682 est
962 1646 1242 1696 ascensus,
1275 1633 1365 1701 qui
1399 1637 1561 1688 animi
1595 1639 1778 1692 habitu

221 1716 532 1783 perfectiori
561 1728 708 1782 sunt,
740 1719 1162 1790 haudquaquam
1193 1736 1376 1779 autem
1399 1728 1536 1781 bona
1570 1729 1778 1800 simpli-

217 1805 463 1860 cioribus
493 1808 668 1861 adhuc
692 1810 890 1862 animis
919 1819 1080 1880 atque
1109 1817 1350 1883 appetitu
1383 1819 1611 1872 avidiori
1646 1837 1779 1888 prae-

218 1897 365 1961 ditis,
395 1901 853 1966 quemadmodum
874 1918 976 1959 nec
997 1881 1276 1973 perfectus
1301 1923 1363 1963 ac
1391 1912 1593 1966 solidus
1623 1881 1777 1970 cibus
1810 1881 1849 1935 Β

217 1989 282 2042 iis
308 1989 562 2042 conducit
588 1991 678 2058 qui
711 2002 894 2046 tenera
924 1995 1098 2050 adhuc
1139 2005 1265 2050 sunt
1298 2008 1480 2064 aetate,
1529 2001 1777 2071 lat-teque

215 2096 349 2148 opus
380 2083 603 2139 habent.
635 2102 655 2134 ι
691 2083 784 2138 His
809 2083 870 2138 S.
894 2086 1141 2155 Gregorii
1167 2091 1347 2145 verbis
1376 2094 1548 2146 utitur
1578 2106 1635 2148 ut
1661 2097 1776 2150 suis

215 2169 269 2224 S.
305 2170 544 2227 Joannes
593 2173 962 2232 Damascenus
1006 2177 1099 2234 lib.
1135 2195 1172 2234 ιι
1214 2179 1286 2235 De
1311 2182 1415 2250 ﬁde
1454 2185 1769 2252 orthodoxa,

215 2278 332 2331 cap.
370 2266 458 2317 H.

277 2352 516 2411 Joannes
548 2358 1001 2430 Cbrysostomus,
1033 2366 1137 2419 etsi
1170 2367 1389 2436 copiose
1440 2384 1533 2424 eos
1572 2372 1771 2426 refellit

213 2445 395 2501 homil.
434 2447 498 2502 16
530 2450 582 2502 in
613 2450 892 2517 Genesim,
929 2458 1019 2524 qui
1051 2457 1343 2523 Adamum,
1388 2471 1670 2530 postquam
1701 2466 1769 2518 de

211 2535 354 2604 ligno
383 2541 642 2605 comedit,
676 2544 1026 2611 acquisivisse
1065 2549 1347 2604 scientiam
1386 2551 1512 2606 boni
1547 2564 1602 2607 et
1638 2556 1764 2608 mali

207 2628 482 2692 dicebant,
512 2648 617 2686 non
663 2644 838 2690 tamen
883 2651 1004 2691 eum
1046 2638 1256 2694 dubitat
1286 2657 1483 2698 vocare
1519 2655 1762 2701 tenerum

205 2735 433 2788 puerum
477 2725 526 2777 in
579 2727 764 2782 homil.
815 2728 900 2781 14.
945 2731 1034 2784 Ait
1073 2733 1216 2786 enim
1266 2753 1283 2785 ι
1311 2738 1761 2804 quemadmodum

205 2823 363 2878 pater
390 2815 562 2882 prolis
608 2832 800 2872 amans
835 2829 1023 2876 tenero
1045 2823 1152 2877 ftlio
1176 2863 1189 2886 ,
1221 2843 1240 2876 ι
1289 2826 1536 2900 καθάπερ
1581 2831 1761 2903 πατὴρ

204 2904 556 2979 etiamm;
581 2908 731 2962 παιδὶ
759 2911 882 2981 νέῳ,
915 2914 1249 2971 moderatam
1282 2932 1470 2974 curam
1503 2921 1758 2991 imponit,

200 3011 268 3050 ne
295 2998 408 3052 otio
453 2998 767 3066 insolescat,
805 3003 878 3056 ita
919 3004 1084 3060 Deum
1122 3009 1334 3064 Adamo
1386 3014 1756 3079 operationem

197 3097 251 3139 et
291 3090 594 3144 custodiam
655 3095 892 3160 paradisi
961 3099 1272 3154 tradidisse.
1337 3101 1755 3172 Theodoretus,

195 3192 389 3247 quast.
423 3179 492 3234 28
531 3184 580 3236 in
608 3184 967 3246 Genesim,sic
991 3188 1264 3258 loquitur:
1301 3193 1435 3247 Οὐδὲ
1467 3195 1532 3248 τὰ
1558 3200 1748 3272 κομιδῇ
1779 3211 1819 3266 c

191 3269 285 3322 νέα
319 3274 505 3326 παιδία
539 3276 792 3348 ὲρυθριᾷν
832 3281 1037 3348 πέφυκε
1075 3283 1174 3353 τῆς
1209 3284 1431 3355 ἐσθῆτος
1471 3269 1753 3360 γεγυμνωέ

196 3360 349 3427 μένα.
383 3365 540 3418 Κατὰ
569 3366 737 3438 βραχὺ
770 3370 826 3422 δὲ
860 3372 951 3424 τοῦ
982 3371 1229 3442 σώματος
1259 3375 1616 3448 αὐξανομένου
1658 3382 1751 3434 καὶ¹

192 3456 283 3508 τοῦ
313 3457 402 3510 νοῦ
441 3459 624 3512 λοιπὸν
647 3464 945 3534 ἀρχομένου
975 3468 1070 3536 τὴν
1107 3468 1310 3522 οἰκείαν
1353 3470 1511 3538 φύσιν
1551 3475 1751 3528 ἐπιδει-

193 3548 402 3611 κνύναι,
433 3552 529 3604 οὐκ
559 3553 636 3606 ἔτι
660 3555 844 3608 λοιπὸν
874 3559 1080 3629 φορητὴ
1103 3562 1212 3623 τοῖς
1250 3565 1551 3634 μειρακίοις
1581 3568 1612 3636 ἡ
1649 3568 1747 3633 γύ-

192 3655 415 3704 μνωσις,
460 3642 574 3694 ἀλλ’
603 3645 892 3717 ἐρυθριῶσι
930 3650 1020 3700 καὶ
1053 3653 1547 3721 περιϐάλλονται...
1593 3657 1748 3712 Οὕτω

188 3731 280 3782 ul
318 3735 363 3784 ot
401 3735 527 3804 περὶ
555 3737 643 3788 τὸν
686 3738 853 3808 Ἀδὰμ
881 3739 1038 3803 εὐθὺς
1069 3744 1166 3812 μὲν
1195 3745 1630 3813 διαπλασθέντες,
1660 3746 1745 3804 οἷα

186 3821 248 3891 δὴ
285 3825 467 3891 utﬁt-act.
498 3828 588 3878 καὶ
612 3828 919 3896 εὐθυγενεῖς
953 3832 1166 3903 καὶτῆς
1203 3836 1474 3907 ἁμαρτίας
1511 3840 1742 3911 ἀμύητοι

185 3917 284 3967 οὐκ
319 3917 608 3985 ᾐσχύνοντο
644 3920 765 3988 δίχα
794 3924 1145 3992 περιϐολαίων
1184 3928 1475 3996 διάγοντες.
1509 3934 1658 3986 Μετὰ
1687 3935 1743 3987 δὲ

185 4008 280 4076 τήν
310 4013 496 4078 πεῖραν
521 4015 627 4072 τοῖς
663 4012 874 4078 φύλλοις
899 4015 1012 4068 ἔνια
1040 4017 1130 4070 τοῦ
1166 4019 1411 4090 σώματος
1450 4024 1742 4077 συνεκάλυ-

185 4097 290 4165 ψαν
315 4101 495 4170 μόρια.
522 4121 539 4150 ι
573 4099 727 4155 Pueri
750 4104 998 4172 juniorcs
1030 4120 1176 4164 teste
1205 4114 1387 4166 nudati
1416 4114 1742 4171 erubescere

187 4200 378 4242 natura
411 4208 518 4244 non
553 4193 760 4258 solent;
792 4196 1047 4264 paulatim
1085 4211 1260 4257 autem
1294 4216 1573 4261 crescente
1615 4223 1738 4262 cor-

185 4296 338 4348 pore,
366 4298 488 4335 cum
515 4298 670 4337 mens
699 4297 884 4353 postea
927 4292 1200 4359 propriam
1220 4307 1468 4351 naturam
1490 4312 1739 4354 exserere

179 4373 431 4441 casperit,
461 4377 629 4429 adulti
656 4377 767 4444 jam
801 4394 906 4431 non
948 4381 1219 4447 patienter
1253 4383 1434 4438 ferunt
1473 4399 1530 4440 se
1559 4388 1734 4443 nuda-

183 4463 249 4525 ri,
290 4467 381 4517 sed
413 4466 745 4522 erubescunt
792 4480 846 4524 et
878 4482 1329 4543 conteguntur....
1362 4477 1439 4530 Ita
1469 4479 1535 4532 de
1563 4479 1733 4534 Adam

179 4567 232 4607 et
266 4558 331 4609 de
366 4558 484 4625 ejus
533 4574 704 4614 uxore
759 4566 1097 4618 sentiendum
1149 4576 1256 4631 est,
1288 4570 1375 4636 qui
1422 4570 1604 4624 statim
1641 4574 1731 4627 ubi
1768 4547 1811 4600 Β

179 4647 397 4700 formati
426 4657 574 4710 sunt,
607 4651 753 4704 velut
785 4653 1017 4708 infantes
1043 4666 1096 4709 et
1127 4673 1314 4712 recens
1342 4661 1476 4722 nati,
1512 4676 1576 4716 ac
1603 4677 1730 4729 pec-

175 4750 298 4791 cato
341 4740 578 4793 nondum
611 4743 829 4805 initiati,
860 4760 963 4799 non
995 4746 1368 4802 efﬁciebantur
1407 4753 1730 4806 verecundia

173 4831 288 4882 sine
313 4833 513 4884 amictu
545 4844 785 4901 agentes.
808 4839 871 4890 At
901 4850 1019 4906 post
1043 4841 1436 4906 experientiam
1466 4846 1727 4911 quasdam

170 4933 356 4988 partes
392 4927 644 4989 corporis
673 4927 814 4980 foliis
843 4931 1271 4985 occultaverunt.
1312 4953 1329 4983 ι
1379 4935 1476 4988 llic
1511 4951 1723 5004 quoque

173 5013 395 5066 infantia
435 5030 539 5066 non
577 5017 627 5067 in
669 5018 1010 5084 ignoratione
1041 5023 1314 5088 consistit,
1356 5027 1448 5079 sed
1481 5028 1532 5080 in
1570 5030 1728 5080 innu-

165 5108 368 5168 ccntia,
397 5123 502 5174 qua
545 5121 766 5176 peccato
794 5113 1012 5168 amissa,
1037 5117 1284 5171 stimulos
1328 5122 1724 5190 concupiscen-

167 5201 252 5252 tiae
282 5213 570 5254 senserunt
600 5211 652 5254 et
675 5204 877 5271 pudore
901 5205 1088 5261 suffusi
1121 5221 1265 5263 sunt.

229 5349 316 5404 Ill.
365 5351 614 5404 Clemens
648 5351 1041 5408 Alexandrinus
1095 5354 1379 5426 Protrept.,
1426 5378 1478 5429 p.
1520 5363 1620 5416 69:
1664 5364 1720 5415 Ὀ

165 5444 370 5512 πρῶτος
403 5444 490 5496 ὅτε
517 5447 572 5495 ἐν
598 5446 907 5516 παραδείσῳ
927 5447 1113 5509 ἔπαιζε
1133 5447 1418 5519 λελυμένος
1449 5455 1570 5505 ἐπεὶ
1601 5455 1718 5522 (le-

160 5537 386 5602 gendum
425 5537 634 5589 videtur
679 5539 789 5610 ἔτι)
826 5539 1032 5592 παιδίον
1065 5537 1131 5611 ἦν
1177 5542 1268 5594 τοῦ
1310 5543 1463 5597 Θεοῦ.
1496 5547 1623 5598 Ὅτε
1658 5545 1715 5600 δὲ

159 5624 458 5678 ὑπέπιπτεν
506 5628 755 5698 ήδονῇ....
792 5632 1072 5701 παρήγετο
1127 5634 1438 5705 ἐπιθυμίαις
1481 5641 1508 5690 ὁ
1539 5641 1667 5700 παῖς
1699 5680 1711 5702 ,

158 5715 526 5786 ἀιδριζὸμενος
558 5719 836 5791 ἀπειθείᾳ,
865 5725 958 5775 καὶ
994 5726 1341 5800 παρακούσας
1369 5728 1459 5780 τοῦ
1501 5729 1712 5800 Πατρὸς

157 5807 405 5878 ᾐχύνετο
443 5810 534 5862 τὸν
571 5811 720 5864 Θεόν.
753 5832 772 5864 ι
808 5795 1212 5872 ΡικίιιιιιεἮοηιο
1234 5859 1248 5882 ,
1277 5821 1489 5887 quando
1523 5821 1575 5875 in
1614 5838 1710 5892 pa-

1898 645 2062 697 quam
2113 644 2294 689 autem
2350 643 2636 697 succubuit
2679 648 3032 718 voluptati....
3069 661 3336 719 abductus
3376 680 3461 723 est

1897 722 2281 788 cupiditatibus
2309 742 2461 795 puer,
2490 734 2568 785 vir
2607 735 2783 792 factus
2833 743 3220 814 inobedientia,
3252 767 3307 810 et
3339 761 3457 813 vio-

1895 813 2001 865 lato
2030 817 2198 884 patris
2242 835 2512 892 praecepto
2543 826 2709 881 Deum
2744 832 2923 888 affecit
2954 847 3308 902 contumelia.
3342 871 3360 902 ι

1969 905 2223 964 Eumdem
2247 914 2571 982 scriptorem
2605 936 2855 993 suscepta
2886 944 3006 983 cum
3036 933 3307 995 haereticis
3329 960 3458 998 con-

1895 1001 2155 1054 troversia
2202 1005 2254 1057 in
2308 1011 2598 1065 nonnullas
2653 1016 2865 1085 impulit
2918 1025 3284 1097 conjecturas,
3318 1050 3456 1102 quas

1891 1087 1980 1140 hic
2016 1090 2220 1148 referre
2263 1111 2371 1153 non
2405 1099 2630 1167 pigebit.
2668 1105 2800 1159 Nam
2838 1126 2958 1164 cum
3005 1087 3243 1173 haeretici
3270 1087 3458 1180 'C‘rea-

1892 1189 2065 1235 torem
2091 1183 2314 1254 ejusque
2347 1204 2506 1259 opera
2546 1196 2954 1267 vituperarent,
3000 1223 3062 1260 ac
3101 1212 3364 1268 Adamum
3400 1231 3456 1271 et

1892 1270 2054 1324 Evam
2086 1290 2360 1344 nunquam
2392 1285 2741 1339 matrimonio
2781 1306 2974 1348 usuros
3021 1297 3191 1356 fuisse
3230 1318 3457 1361 conten-

1886 1362 2099 1428 derent,
2125 1369 2230 1422 nisi
2263 1375 2533 1439 serpentis
2565 1377 2795 1448 impulsu
2835 1387 2900 1438 ad
2940 1389 3079 1444 hanc
3115 1396 3452 1462 conjunctio-

1887 1469 2006 1508 nem
2056 1457 2264 1515 incitati
2312 1463 2580 1534 fuissent;
2618 1486 2780 1543 negat
2831 1477 3082 1538 Clemens
3121 1487 3170 1540 in
3229 1505 3293 1543 eo
3322 1509 3453 1560 pec-

1884 1560 2037 1602 casse
2079 1553 2282 1618 primos
2331 1571 2607 1626 parentes,
2654 1569 2796 1632 quod
2843 1575 3192 1632 matrimonio
3216 1584 3299 1636 usi
3331 1583 3451 1640 fue—

1885 1638 2016 1703 rint,
2087 1644 2176 1695 sed
2211 1649 2348 1715 quod
2393 1664 2513 1705 ante
2568 1667 2767 1720 tempus
2838 1665 2918 1716 usi
2974 1667 3212 1736 fuerint,
3277 1688 3450 1744 utpote

1881 1730 2052 1784 adhuc
2073 1733 2307 1801 juvenes.
2375 1740 2728 1817 Ἐκινήοησαν
2779 1751 2833 1806 δὲ
2879 1755 3129 1833 Θᾶττονῆ
3177 1771 3449 1839 προσῆκον

1881 1815 1906 1839 τ
1978 1822 2000 1839 1
2145 1827 2155 1839 ⁸
2447 1835 2456 1839 ‘

1878 1815 1946 1890 ἦν
1975 1822 2054 1876 ἔτι
2099 1827 2208 1880 νέοι
2251 1815 2550 1900 πεφυκότες
2591 1815 2770 1914 ἀπάτῃ
2806 1815 3447 1919 παραχθέντες,γ⁵έιιοιιι;

1880 1927 1962 1977 ιιι,
2001 1930 2125 1987 pag.
2150 1918 2275 1974 470.
2304 1925 2444 2017 Idem
2480 1931 2643 1996 paulo
2675 1947 2803 1991 ante
2839 1941 3442 2017 conjiciendodixerat,

1878 2021 2072 2101 nempe
2124 2026 2246 2081 pag.
2288 2015 2433 2082 466,
2480 2022 2752 2081 hominem
2805 2046 2912 2086 non
2965 2037 3098 2092 vitio
3147 2015 3440 2101 creationis

1877 2096 2184 2167 aberrasse,
2249 2106 2340 2160 sed
2395 2124 2583 2168 amore
2647 2118 2977 2192 voluptatis,
3025 2129 3249 2191 fortasse
3313 2139 3438 2205 quia

1872 2191 2227 2257 protOplastus
2254 2210 2431 2252 noster
2456 2212 2660 2273 tempus
2692 2191 3014 2275 praevenerat
3060 2234 3216 2292 atque
3251 2191 3438 2281 intem-

1870 2283 2116 2346 pestivam
2197 2294 2524 2350 matrimonii
2600 2306 2826 2370 gratiam
2887 2319 3236 2383 oppetiverat,
3287 2325 3438 2396 Τάχα

1870 2390 1972 2426 που
1999 2378 2358 2448 προλαϐόντος
2378 2389 2532 2457 ἡμῶν
2562 2393 2652 2446 τὸν
2681 2401 2870 2471 καιρὸν
2899 2378 2990 2457 τοῦ
3013 2378 3436 2480 πρωτοπλάστὲυ

1869 2467 1962 2573 :a‘t
2003 2469 2106 2570 πρὸ
2146 2471 2295 2573 ὥρας
2323 2477 2420 2573 τῇς
2468 2480 2559 2533 τοῦ
2607 2467 2788 2558 γάμου⁷
2839 2467 3067 2566 χάριτος.
3095 2467 3431 2573 ὀρεχθέντοςζ

1867 2554 1982 2612 Non
2017 2560 2197 2630 ignota
2224 2567 2321 2622 fttit
2341 2569 2397 2623 S.
2418 2554 2719 2644 Augustino
2750 2554 2865 2638 haec
2887 2554 3094 2653 peccati
3127 2554 3432 2661 primorum

1866 2661 2154 2714 parentum
2186 2658 2491 2726 explicandi
2528 2667 2688 2722 ratio.
2724 2689 2741 2719 t
2781 2672 2968 2729 Visum
3006 2658 3164 2734 estet
3197 2687 3428 2752 quibus-

1864 2739 2014 2806 dam,
2060 2743 2254 2815 inquit,
2296 2749 2391 2806 lib.
2427 2770 2465 2808 ιι
2511 2755 2588 2812 De
2617 2757 2801 2817 Genesi
2845 2769 2913 2818 ad
2945 2771 3168 2826 litteram
3192 2739 3296 2840 ,ιιι
3336 2779 3424 2844 57,

1864 2828 1999 2885 duos
2049 2835 2169 2890 illos
2224 2842 2429 2908 primos
2486 2847 2737 2908 homines
2783 2860 2998 2926 nuptias
3041 2877 3169 2921 suas
3214 2867 3425 2926 furatos

1862 2921 2051 2992 fuisse,
2089 2941 2144 2982 et
2194 2945 2320 2989 ante
2377 2941 2568 2996 mistos
2610 2961 2730 3001 esse
2761 2953 3072 3020 concubitu,
3114 2977 3276 3028 quam
3331 2981 3425 3020 eos

1859 3019 1950 3086 qui
1986 3036 2270 3078 creaverat
2299 3033 2630 3100 copulasset,
2679 3053 2839 3107 quam
2888 3060 2997 3098 rem
3032 3055 3250 3108 nomine
3286 3057 3421 3124 ligni

1860 3108 2029 3167 fuisse
2069 3115 2470 3190 significatam,
2520 3133 2660 3184 unde
2713 3136 2969 3200 prohibiti
3002 3155 3195 3209 erant,
3249 3147 3420 3204 donec

1855 3216 2155 3273 opportuno
2188 3222 2425 3282 tempore
2448 3219 2826 3290 jungcrentnr.
2863 3249 2880 3280 ι
2922 3231 3068 3286 llanc
3101 3237 3416 3304 opinionem

1854 3297 2034 3366 rejicit
2089 3301 2148 3355 S.
2197 3305 2567 3376 Augustinus,
2612 3328 2665 3368 ut
2719 3322 2997 3376 ridiculam
3054 3339 3100 3379 et
3151 3347 3182 3381 a
3241 3348 3414 3386 rerum

1851 3401 2113 3456 gestarum
2146 3402 2466 3466 proprietate
2493 3408 2865 3466 discedentem.
2910 3416 3108 3473 Leuius
3149 3424 3260 3490 agit
3289 3441 3412 3477 cum

1851 3479 1920 3534 iis
1968 3485 2056 3550 qui
2109 3488 2497 3548 existimabant
2536 3498 2869 3564 festinatione
2921 3515 3246 3572 pra’vertisse
3291 3517 3412 3570 illos

1849 3572 2082 3629 homines
2113 3583 2398 3649 appetitum
2427 3591 2663 3645 scientiw
2693 3596 2812 3646 boni
2856 3606 2904 3649 et
2947 3602 3097 3664 mali,
3137 3615 3185 3656 et
3225 3606 3413 3660 imma-

1849 3673 1967 3717 turo
2016 3677 2241 3733 tempore
2287 3677 2550 3744 percipere
2581 3682 2834 3749 voluisse,
2868 3691 3007 3755 quod
3065 3694 3138 3744 eis
3179 3695 3409 3750 dilatum

1847 3762 2188 3823 opportunius
2222 3769 2552 3824 servabatur.
2606 3773 2754 3830 Hanc
2791 3784 3116 3836 sententiam
3150 3801 3255 3840 non
3305 3790 3410 3842 itn~

1846 3848 2063 3914 probat,
2103 3857 2260 3909 modo
2295 3863 2494 3915 veritas
2526 3867 2766 3924 historia:
2794 3889 2897 3925 non
2935 3890 3181 3942 negetur.
3218 3898 3236 3930 ι
3268 3880 3403 3948 Hoc,

1846 3940 2042 4007 inquit,
2076 3946 2120 3998 si
2168 3947 2305 4002 forte
2345 3952 2548 4020 lignum
2585 3960 2712 4013 illud
2747 3979 2851 4016 non
2885 3968 2950 4019 ad
2989 3940 3404 4039 proprietatem.

1843 4045 1902 4088 ut
1926 4051 2112 4092 verum
2143 4041 2342 4111 lignum
2369 4060 2422 4101 et
2453 4067 2573 4103 vera
2605 4070 2760 4121 poma
2793 4059 2928 4123 ejus,
2963 4065 3055 4115 sed
3081 4067 3144 4118 ad
3179 4068 3406 4137 ﬁguram

1840 4129 2009 4183 velint
2040 4135 2313 4202 accipere,
2349 4141 2544 4197 habeat
2569 4149 2774 4201 exitum
2810 4152 3044 4218 aliquem
3083 4129 3243 4212 rectae
3277 4161 3409 4216 fidei

1840 4222 2165 4293 veritatique
2215 4231 2567 4296 probabilem.
2604 4257 2620 4287 ι
2691 4237 3002 4308 Legendum
3031 4286 3044 4307 ,
3090 4246 3208 4300 Nisi
3268 4251 3407 4317 forte

1841 4314 2058 4385 lignum,
2089 4331 2178 4375 aut
2210 4337 2426 4379 sensum
2462 4326 2664 4382 frustra
2704 4336 3042 4391 venabimur.

1911 4426 2136 4485 Videtur
2157 4441 2187 4486 e‘
2217 4433 2459 4491 Philonis
2486 4440 2678 4494 hausta
2715 4442 2956 4499 fontibus
2983 4450 3093 4504 haec
3117 4452 3183 4504 de
3215 4457 3403 4507 matri-

1841 4524 2006 4577 monii
2049 4526 2340 4583 immaturo
2374 4548 2470 4586 usu
2504 4537 2708 4603 opinio.
2757 4538 2805 4591 ls
2839 4542 2980 4593 enim
3031 4543 3082 4595 in
3137 4545 3274 4598 libro
3324 4547 3401 4598 De

1839 4617 2020 4675 mundi
2059 4620 2265 4687 api/icio
2314 4641 2418 4678 non
2459 4629 2618 4680 modo
2651 4641 2958 4697 serpentem
3004 4633 3403 4703 interpretatur

1835 4711 2200 4781 voluptatem,
2233 4719 2326 4770 sed
2376 4719 2542 4771 etiam
2594 4737 2825 4773 amarent
2871 4724 3008 4775 inter
3041 4725 3301 4778 Adamnm
3350 4739 3400 4780 et

1835 4802 1998 4856 Evam
2028 4810 2387 4871 supervenisse
2405 4811 2586 4875 docet,
2606 4823 2652 4864 et
2687 4823 2936 4882 tanquam
2964 4817 3120 4868 unius
3147 4821 3396 4872 animalis

1829 4898 1935 4948 duo
1983 4899 2201 4951 dimidia
2248 4911 2491 4965 separata
2534 4907 2587 4956 in
2631 4921 2795 4956 unum
2831 4907 3048 4958 collecta
3100 4922 3391 4975 coaptasse,

1829 4991 2000 5044 indita
2035 4995 2241 5063 utrique
2272 4996 2516 5062 cupidine
2544 4999 2792 5066 gignendi
2824 5001 3050 5053 similem
3079 5004 3280 5069 prolem
3304 5023 3396 5072 per

1829 5094 2066 5137 mutuam
2108 5091 2722 5144 consuetudiuent.tHart:
2753 5095 2973 5162 cupido,
3005 5097 3198 5164 inquit,
3228 5100 3392 5151 etiam

1825 5189 2114 5243 corporum
2150 5182 2477 5248 voluptatem
2519 5186 2736 5252 genuit,
2781 5202 2897 5253 quae
2951 5198 3035 5239 est
3084 5192 3236 5257 origo
3289 5193 3392 5243 ini-

1824 5270 2094 5336 quitatum
2127 5281 2180 5322 et
2221 5275 2754 5341 pran‘aricationutn,
2792 5282 3228 5348 quandoquidem
3268 5285 3390 5335 talis

1822 5361 2072 5428 voluptas
2122 5366 2336 5417 mortali
2401 5377 2453 5418 et
2502 5369 2697 5420 misera
2755 5371 2860 5421 vita
2915 5373 3277 5426 immortalem
3333 5387 3388 5426 et

1822 5452 2037 5506 beatam
2091 5459 2457 5509 commutavit.
2487 5479 2504 5508 ›
2555 5460 2611 5510 Ὀ
2657 5460 2710 5510 δὲ
2747 5461 2908 5523 πόθος
2952 5459 3104 5524 οὗτος
3151 5466 3243 5516 καὶ
3288 5468 3386 5538 τὴν

1817 5546 1923 5599 τῶν
1957 5548 2224 5617 σωμάτων
2244 5551 2432 5620 ἡδονὴν
2464 5553 2766 5622 ἐγέννησεν,
2787 5557 2907 5624 ἥτις
2941 5557 3086 5608 ἐστὶν
3111 5559 3385 5628 ἀδικημά-

1816 5658 1922 5692 των
1951 5641 2043 5692 καὶ
2073 5644 2546 5713 παρανομημάτων
2573 5647 2734 5716 ἀρχὴ,
2762 5647 2825 5698 δι’
2860 5643 2920 5700 οὗ
2955 5650 3380 5706 ὑπαλλάττονταιι

1817 5731 1903 5781 τὸν
1937 5732 2126 5800 Θνητὸν
2159 5735 2249 5785 καὶ
2301 5736 2661 5806 κακοδαίμονα
2695 5738 2808 5806 βίον
2843 5742 2955 5793 ἀντ’
2989 5743 3254 5795 ἀθανάτου
3288 5746 3380 5798 καὶ

1815 5823 2140 5894 εὐδαίμονος.
