4120 6406
703 382 768 434 37
1617 376 1673 431 S.
1713 373 2046 431 JUSTlNUS
2084 373 2567 430 PHILOSOPHUS
2606 375 2691 428 ET
2732 373 3042 428 MAHTYR.
3871 374 3947 430 4‘8

1312 496 1539 553 CAPUT
1579 496 1667 550 γι.

1185 612 1262 666 De
1290 621 1496 682 peccato
1529 613 1792 681 originali.

698 748 735 795 Ι.
770 746 992 796 Justinus
1033 745 1428 805 regenerationis
1452 742 1799 805 necessitatem
1835 740 2035 805 deducit
2059 751 2122 805 ex
2152 739 2270 805 vitio

765 811 932 917 prima;
955 802 1308 878 generationis.
1334 803 1394 852 II.
1425 805 1577 852 Multa
1600 805 1695 852 alia
1724 802 1948 874 ejusdem
1967 803 2267 849 testimonia.

792 871 848 917 ll.
875 870 1107 917 Tattanus
1128 867 1372 915 Justtuum
1401 867 1628 917 sequitur
1652 869 1704 912 et
1738 870 1973 912 imitatur.
2003 861 2080 908 IV.
2107 862 2267 911 Theo—

792 871 848 919 ΙΙ.
875 861 1107 917 Tatianus
1128 867 1372 915 Justiuum
1401 867 1628 926 sequitur
1652 869 1704 912 et
1738 861 1973 912 imitatur.
2003 861 2080 908 iV.
2107 862 2272 926 Theo—

766 933 930 993 philus
972 944 1066 979 nou
1102 931 1262 977 minus
1290 925 1491 976 diserte
1516 929 1565 975 in
1599 926 1823 976 eamdem
1859 927 2155 973 sententiam
2197 925 2272 972 Io-

764 996 948 1054 quitur.

774 1151 814 1204 i.
857 1150 990 1205 Cum
1029 1145 1307 1217 permagni
1338 1152 1481 1199 esset
1515 1142 1774 1198 momenti
1803 1154 1993 1195 eorum
2023 1151 2270 1194 errorem

706 1242 975 1304 refellere,
1027 1240 1117 1308 qui
1172 1237 1418 1293 homines
1471 1249 1576 1289 non
1628 1233 1798 1287 libera
1845 1231 2137 1294 voluntate,
2177 1229 2272 1282 sed

703 1346 893 1390 natura
928 1345 982 1388 et
1013 1331 1339 1386 necessitate
1387 1329 1558 1382 bonos
1589 1337 1683 1380 aut
1737 1326 1906 1380 malos
1946 1339 2064 1379 esse
2105 1323 2273 1394 linge-

702 1429 872 1493 bant;
923 1439 1064 1494 turpe
1107 1421 1351 1476 Justinus
1391 1420 1554 1488 itupio
1597 1427 1903 1472 commento
1947 1415 2270 1470 catholicam

702 1519 1004 1592 doctrinam
1036 1515 1283 1584 opponit.
1327 1510 1430 1566 Sed
1471 1509 1639 1563 altera
1680 1525 1743 1563 ex
1778 1518 1937 1577 parte
1975 1523 2083 1562 non
2120 1509 2273 1577 igno-

703 1609 842 1662 ravit
870 1606 928 1661 S.
960 1614 1180 1673 martyr,
1227 1616 1327 1655 nec
1357 1599 1522 1654 tacuit
1558 1599 1688 1667 quid
1732 1597 1796 1651 de
1830 1597 2003 1651 libero
2036 1597 2267 1650 arbitrio

699 1700 891 1752 Atlami
923 1697 1072 1750 ruina
1097 1693 1396 1756 debilitato,
1422 1690 1550 1756 quid
1576 1691 1641 1746 de
1657 1689 2052 1757 Omnipotentis
2080 1688 2269 1757 gratia

701 1789 1023 1844 necessitate
1083 1785 1272 1855 religio
1325 1783 1539 1837 doceat.
1598 1779 1900 1850 Operosius
1947 1780 2267 1848 vestiganda

701 1886 847 1940 illius
891 1881 1160 1946 doctrina,
1202 1888 1261 1932 ut
1313 1879 1365 1932 in
1415 1892 1472 1932 re
1512 1875 1678 1930 variis
1725 1874 2007 1930 hominum
2048 1873 2269 1942 iudiciis

698 1976 992 2044 exagitata,
1030 1971 1226 2040 partim
1253 1967 1526 2023 Iustinum
1564 1966 1708 2019 nulla
1743 1966 1954 2035 peccati
1987 1963 2271 2034 originalis

700 2065 1012 2133 cognitione
1047 2061 1308 2115 imbutum
1357 2056 1523 2110 fuisse
1568 2055 2021 2121 existimantium,
2069 2056 2270 2122 partim

699 2155 930 2224 absurda
967 2153 1040 2205 illi
1071 2153 1135 2204 de
1162 2150 1363 2204 Christi
1396 2147 1571 2216 gratia
1615 2156 1669 2200 et
1695 2146 1761 2200 de
1789 2145 2130 2200 ethnicorum
2179 2159 2270 2199 sa-

699 2242 808 2297 lute
840 2249 1146 2295 commenta
1179 2237 1568 2306 aliiugenlium.

771 2332 981 2386 Diserte
1009 2333 1162 2384 docet
1195 2330 1252 2382 S.
1276 2337 1480 2393 martyr
1513 2327 1782 2395 baptismo
1816 2341 1927 2382 non
1960 2340 2056 2380 eas
2093 2325 2270 2380 solum

699 2424 851 2477 labes
885 2424 1068 2481 deleri,
1099 2436 1235 2489 quas
1265 2421 1436 2474 libere
1466 2421 1763 2490 peccando,
1805 2419 1899 2473 sed
1931 2431 2050 2472 eam
2080 2418 2273 2482 etiam,

701 2531 860 2582 quam
915 2514 1188 2568 nascendo
1243 2511 1631 2565 contraximus.
1693 2510 1784 2564 Sic
1836 2511 1979 2564 enim
2039 2509 2275 2578 loquitur

701 2607 854 2675 Apol.
885 2608 937 2668 i,
977 2623 1031 2660 n.
1056 2603 1115 2657 61
1155 2623 1165 2655 :
1213 2603 1429 2672 Ἐπειδὴ
1483 2604 1580 2672 τὴν
1613 2602 1836 2672 πρώτην
1868 2604 2078 2669 γένεσιν
2118 2599 2276 2670 ἡμῶν

701 2696 1019 2765 ἀγνοοῦντες
1049 2695 1169 2748 κατ’
1199 2693 1442 2762 ἀνάγκην
1467 2692 1837 2763 γεγεννήμεθα
1868 2692 1925 2758 ἐξ
1954 2692 2125 2762 ὑγρᾶς
2155 2707 2277 2743 σπο-

703 2791 804 2860 ρᾶς
835 2786 977 2840 κατὰ
1013 2784 1155 2854 μίξιν
1185 2785 1283 2853 τὴν
1311 2783 1420 2836 τῶν
1445 2784 1649 2850 γονέων
1682 2783 1819 2854 πρὸς
1849 2782 2108 2851 ἀλλήλους
2131 2798 2145 2812 ·
2183 2781 2276 2835 καὶ

701 2885 759 2933 ὲν
790 2879 934 2932 ἔθεσι
967 2877 1190 2948 φαύλοις
1226 2878 1319 2929 καὶ
1368 2879 1628 2946 πονηραῖς
1675 2879 2003 2948 ἁνατροφαῖς
2052 2875 2277 2944 γεγόνα-

702 2989 822 3042 μεν,
851 2974 997 3034 ὅπως
1033 2970 1106 3041 μὴ
1129 2969 1371 3039 ἀνάγκης
1402 2971 1559 3022 τέκνα
1595 2969 1727 3039 μηδὲ
1753 2969 1974 3036 ἀγνοίας
2004 2968 2274 3039 μένωμεν,

699 3063 835 3116 ἀλλὰ
859 3063 1224 3134 προαιρέσεως
1260 3063 1352 3114 καὶ
1377 3062 1702 3131 ἐπιστήμης,
1729 3059 1974 3130 ἀφέσεώς
2008 3078 2065 3113 τε
2099 3061 2279 3133 ἁμαρ-

698 3155 828 3208 τιῶν
862 3155 998 3225 ὑπὲρ
1037 3149 1110 3208 ὧν
1142 3154 1566 3225 προημαρτομεν
1613 3152 1864 3222 τύχωμεν
1895 3156 1952 3205 ὲν
1993 3151 2070 3222 τῷ
2101 3151 2274 3215 ὕδατι,

2300 502 2346 556 Α
2378 497 2631 559 buerunt,
2672 495 2767 549 sed
2816 509 2921 548 non
2960 495 3071 563 jam
3122 491 3353 560 amplius
3393 505 3422 545 a
3454 491 3566 546 Deo
3600 491 3775 551 notios
3820 506 3946 551 esse

2375 589 2506 644 deos
2535 591 2712 644 cdocti
2754 598 3001 645 sunt..."
3039 587 3218 657 ‘Ejecti
3264 586 3428 656 igitur
3457 585 3735 655 paradiso,
3777 599 3948 654 seque

2381 681 2449 733 ob
2483 694 2602 734 eam
2638 689 2847 733 tantum
2877 691 3096 732 causam
3123 674 3324 744 ejectos
3364 674 3489 739 rati,
3516 676 3660 742 quod
3694 674 3805 730 Deo
3833 690 3946 729 non

2372 769 2700 838 paruissent,
2732 769 2952 822 minime
2981 782 3110 821 vero
3138 767 3206 821 ob
3235 766 3379 819 illam
3416 766 3608 829 etiam,
3639 766 3782 833 quod
3813 764 3945 821 deos

2373 876 2514 926 esse,
2543 862 2634 930 qui
2678 860 2807 914 nulli
2852 867 2998 923 sunt,
3039 858 3418 924 credidissent,
3473 872 3670 913 nomen
3709 857 3945 912 deorum

2372 955 2572 1026 genitis
2594 970 2660 1008 ex
2693 969 2753 1008 se
2781 964 2967 1023 postea
3000 952 3315 1006 hominibus
3341 951 3739 1009 tradiderunt.»
3770 951 3948 1006 Primi

2375 1047 2448 1100 illi
2508 1046 2788 1111 homines,
2841 1043 2932 1113 qui
2989 1043 3040 1096 iu
3084 1043 3344 1096 memoria
3396 1043 3634 1096 habuere
3692 1039 3946 1094 fraudem

2376 1138 2673 1208 majoribus
2698 1139 2809 1192 suis
2835 1136 2964 1190 Atia:
2989 1145 3044 1188 et
3077 1135 3199 1188 Evae
3227 1133 3449 1195 factam,
3473 1149 3534 1188 ac
3566 1133 3800 1202 posteris
3827 1132 3950 1187 suis

2375 1246 2569 1285 nomen
2609 1230 2832 1285 deorum
2869 1228 3230 1289 tradiderunt,
3263 1227 3536 1296 quomodo
3568 1226 3674 1278 dici
3712 1234 3949 1294 possunt

2376 1327 2602 1380 ἀεσιοηί
2638 1325 2904 1394 paruisse,
2941 1331 3269 1393 przeceptum
3307 1319 3399 1373 Dei
3436 1319 3667 1372 violasse
3695 1326 3749 1370 et
3781 1331 3812 1370 e
3840 1331 3948 1386 pa-

2375 1421 2557 1474 radiso
2589 1417 2745 1484 ejecti
2796 1418 2986 1479 fuisse,
3023 1416 3125 1470 nisi
3161 1414 3288 1485 quia
3338 1411 3391 1465 ln
3428 1412 3638 1465 Adamo
3681 1421 3950 1478 peccave-

2377 1510 2535 1564 runt?
2571 1509 2780 1563 Similia
2810 1524 2933 1562 mox
2968 1507 3306 1577 proferemus
3333 1519 3397 1559 ex
3425 1503 3680 1557 Tatiano.

2445 1603 2500 1657 In
2535 1605 2778 1656 eamdem
2825 1601 3152 1656 sententiam
3183 1600 3423 1668 loquitur
3464 1598 3516 1651 in
3561 1595 3783 1662 Dialogo
3826 1608 3949 1646 cum

2384 1695 2682 1766 Tryphone,
2729 1711 2783 1750 η.
2811 1696 2878 1748 88
2917 1710 2931 1747 :
2972 1712 2988 1743 ι
3021 1693 3204 1762 Neque
3249 1693 3409 1746 etiam
3448 1690 3683 1752 ideirco,
3738 1690 3947 1757 inquit,

2377 1784 2524 1838 nasci
2555 1793 2608 1838 et
2637 1783 2879 1853 cruciﬁgi
2910 1783 3166 1838 sustinuit
3188 1781 3461 1845 Christus,
3487 1781 3629 1848 quod
3662 1781 3747 1833 his
3779 1779 3949 1834 rebus

2300 1899 2343 1955 Β
2376 1876 2657 1946 indigeret,
2691 1878 2784 1930 sed
2815 1892 2914 1944 pro
2945 1890 3144 1942 genere
3174 1875 3431 1938 humano,
3467 1874 3608 1942 quod
3636 1875 3703 1927 ab
3737 1873 3951 1928 Adamo

2380 1970 2430 2023 in
2473 1978 2699 2023 mortem
2726 1979 2779 2022 et
2810 1968 3077 2036 serpentis
3106 1967 3350 2021 fraudem
3385 1965 3674 2028 inciderat,
3707 1979 3953 2033 unoquo-

2375 2075 2480 2128 que
2503 2075 2598 2112 sua
2632 2058 2786 2126 culpa
2815 2057 3056 2126 improbe
3087 2067 3301 2125 agente.
3325 2075 3346 2108 ν
3385 2054 3481 2109 Hic
3510 2055 3700 2122 duplex
3736 2056 3952 2125 peccati

2375 2162 2544 2216 genus
2585 2148 2937 2216 distinguitur
2984 2147 3263 2200 :alterum
3320 2146 3570 2201 erunibus
3622 2160 3950 2209 commune;

2375 2239 2666 2292 humanum
2701 2241 2847 2293 enim
2895 2255 3066 2309 genus
3097 2241 3370 2308 serpentis
3421 2239 3590 2292 fraudi
3636 2239 3948 2300 succubuit,

2375 2340 2429 2386 ct
2457 2340 2633 2386 morte
2682 2332 2997 2385 damnatum
3031 2329 3134 2383 fuit
3173 2331 3242 2384 ob
3276 2331 3376 2384 hoc
3419 2329 3695 2385 delictum.
3723 2331 3791 2384 At
3838 2331 3948 2385 alia

2375 2433 2499 2477 sunt
2533 2432 2777 2491 peccata,
2809 2437 2928 2490 qua:
2965 2437 3060 2475 sua
3105 2424 3338 2492 quisque
3377 2423 3537 2490 culpa
3579 2422 3745 2476 libere
3793 2438 3953 2476 coin-

2379 2516 2562 2570 mittit.
2616 2515 2748 2569 Illud
2797 2517 2904 2568 ἀπὸ
2929 2514 3024 2567 τοῦ
3067 2514 3236 2584 Ἀδάμ
3265 2527 3446 2583 posset
3482 2515 3650 2579 verti,
3684 2532 3772 2582 per
3808 2515 3958 2568 Ada-

2376 2623 2541 2660 mum.
2584 2605 2689 2660 Sed
2727 2605 2790 2658 ab
2834 2606 3038 2659 Adamo
3085 2607 3323 2660 retinere
3355 2605 3558 2668 malim,
3606 2607 3728 2676 quia
3775 2607 3955 2673 magis

2378 2694 2634 2749 conducit
2689 2696 2969 2764 pr0posito
3029 2693 3268 2761 Justini,
3318 2696 3407 2763 qui
3460 2695 3672 2749 videtur
3722 2697 3952 2749 demon-

2377 2795 2558 2840 strare
2609 2785 2750 2838 velle
2781 2793 2982 2840 omnes
3043 2786 3321 2849 homines,
3371 2784 3568 2838 Judteis
3630 2801 3737 2838 non
3787 2798 3950 2839 esce-

2380 2878 2509 2946 ptis,
2554 2877 2605 2930 in
2654 2877 2862 2931 Adamo
2909 2891 3184 2945 peccasse.
3222 2877 3286 2930 Et
3333 2891 3388 2932 ιι.
3420 2875 3557 2930 10οε
3598 2895 3616 2927 ι
3645 2875 3815 2930 Filius
3853 2877 3952 2930 Dci

2379 2982 2443 3022 ex
2496 2967 2716 3036 Virgine
2748 2969 2988 3038 genitus,
3029 2975 3088 3020 ut
3115 2982 3219 3035 qua
3254 2968 3339 3020 via
3383 2983 3412 3020 a
3455 2977 3709 3035 serpente
3757 2967 3952 3022 inube—

2380 3063 2578 3118 dientia
2610 3063 2821 3117 initium
2867 3063 3099 3130 accepit,
3127 3061 3320 3114 eadem
3355 3060 3768 3114 dissolutionem
3803 3062 3954 3114 acci-

2378 3163 2553 3223 peret.
2597 3150 2731 3204 Nam
2779 3167 2901 3207 cum
2941 3152 3090 3220 virgo
3137 3158 3284 3204 esset
3336 3149 3441 3202 Eva
3488 3160 3541 3202 et
3594 3152 3950 3218 incorrupta,

699 3247 1092 3318 ἐπονομάζεται
1140 3247 1214 3316 τῷ
1267 3244 1612 3317 προελομένῳ
1666 3243 2129 3314 ἁναγεννηθῆναι,
2180 3243 2272 3298 καὶ

2379 3260 2626 3302 sermone
2649 3246 2917 3314 serpentis
2946 3256 3232 3312 concepto,
3262 3242 3684 3296 inobetlicntiam
3713 3253 3769 3294 et
3802 3257 3953 3296 mor-

688 3342 1090 3412 ’μετανοήσαντι
1120 3341 1212 3395 ἐπὶ
1243 3341 1352 3400 τοῖς
1388 3337 1811 3407 ἡμαρτημένοις,
1840 3337 1900 3389 τὸ
1928 3336 2022 3388 τοῦ
2059 3336 2271 3407 Πατρὸς

699 3431 808 3484 τῶν
831 3431 966 3483 ὅλων
990 3429 1083 3482 καὶ
1107 3429 1364 3482 δεσπότου
1389 3427 1522 3479 Θεοῦ
1552 3427 1740 3497 ὄνομα.
1778 3444 1795 3476 t
1824 3425 2269 3495 Quandoquidem

701 3521 930 3587 primam
965 3529 1206 3572 nostram
1243 3519 1652 3586 generationem
1688 3518 2000 3586 ignorantes
2037 3515 2271 3570 necessi-

705 3621 816 3666 tate
850 3611 1081 3680 quadam
1120 3624 1183 3663 ex
1231 3609 1450 3663 humido
1497 3608 1702 3664 semine
1743 3624 1840 3676 per
1888 3618 2127 3663 mutuam
2172 3623 2270 3678 pa-

703 3713 916 3757 rentum
970 3703 1277 3756 mistionem
1333 3702 1494 3769 geniti
1543 3716 1752 3765 sumus,
1793 3711 1955 3769 atque
1985 3702 2039 3754 in
2089 3703 2273 3771 pravis

705 3793 946 3846 moribus
985 3802 1038 3845 et
1084 3790 1306 3845 nefariis
1344 3789 1609 3844 institutis
1647 3790 1891 3853 educati;
1933 3800 1990 3842 ut
2032 3788 2272 3843 necessi-

707 3885 832 3938 tatis
859 3893 912 3937 et
948 3883 1308 3954 ignorationis
1353 3883 1445 3935 lilii
1492 3898 1595 3938 non
1648 3895 1986 3945 maneamus,
2019 3881 2114 3936 sed
2158 3879 2272 3934 ele-

706 3975 904 4030 ctionis
946 3985 1002 4028 et
1044 3975 1322 4038 scientias;
1371 3985 1426 4026 et
1471 3973 1847 4027 remissionem
1888 3980 2268 4040 peccatorum,

705 4084 824 4137 qua:
874 4067 1025 4137 prius
1073 4066 1479 4130 commisimus,
1531 4081 1933 4133 consequamur
1977 4065 2030 4117 in
2095 4078 2269 4131 aqua;

704 4175 868 4230 super
913 4174 980 4214 eo
1018 4161 1106 4228 qui
1173 4160 1478 4228 regenerari
1531 4158 1766 4212 voluerit
1811 4167 1863 4210 et
1919 4164 2271 4225 peccatorum

705 4253 878 4322 egerit
924 4253 1333 4321 pmnitentiam,
1372 4265 1570 4304 nomen
1604 4248 1847 4307 Parentis
1896 4249 2272 4302 universorum

705 4356 761 4397 et
808 4345 1018 4402 Domini
1057 4345 1145 4398 Dei
1195 4344 1594 4412 pronuntiatur.
1626 4361 1642 4394 ι
1699 4341 1985 4395 Nascimur
2037 4354 2164 4409 ergo
2217 4339 2271 4392 in

708 4446 964 4504 peccato,
1014 4437 1279 4502 siquidem
1331 4437 1400 4488 ob
1459 4434 1599 4487 hanc
1648 4435 1877 4502 primaut
1937 4433 2272 4486 nativitatem

707 4541 927 4595 egemus
962 4526 1231 4593 baptismo
1259 4525 1350 4592 qui
1386 4539 1483 4578 nos
1519 4531 1822 4592 regeneret.
1861 4523 2145 4577 Nascitnur
2178 4520 2272 4575 lilii

707 4617 1051 4671 necessitatis
1080 4627 1134 4669 et
1168 4615 1548 4685 ignorationis,
1585 4630 1684 4668 nec
1717 4629 2001 4681 possumus
2032 4615 2150 4667 sine
2179 4614 2274 4666 ba-

707 4712 902 4777 ptismo
947 4726 1013 4764 ex
1068 4711 1171 4763 hoc
1219 4709 1454 4762 miseria:
1509 4718 1654 4761 statu
1713 4723 2014 4775 emergere.
2065 4706 2274 4761 Idcirco

708 4805 852 4859 enim
881 4801 1244 4870 baptizamur,
1271 4810 1326 4852 ut
1358 4816 1459 4852 non
1495 4800 1843 4866 ignorationis
1869 4810 1914 4852 et
1951 4800 2273 4853 necessitatis

707 4896 808 4964 ﬁlii
844 4911 1169 4948 maneamus.

781 4985 843 5040 ll.
875 4986 935 5039 1n
966 4982 1212 5046 Cohort.,
1241 4996 1296 5036 n.
1321 4982 1412 5046 2|,
1447 4990 1731 5050 postquam
1773 4982 1910 5034 dixit
1952 4982 2148 5049 primos
2182 4981 2276 5031 ho-

709 5081 894 5142 mines,
929 5091 958 5129 a
991 5076 1184 5144 quibus
1221 5075 1435 5129 inducta
1472 5077 1692 5128 deorum
1737 5073 2045 5138 multitudo,
2074 5074 2126 5124 in
2163 5088 2269 5123 me-

710 5172 876 5224 meria
923 5170 1163 5222 habuisse
1213 5169 1482 5234 antiquam
1526 5167 1670 5218 illam
1714 5166 1978 5233 fraudem,
2009 5181 2112 5234 qua
2159 5182 2275 5216 ma-

702 5265 850 5331 jores
891 5263 1124 5329 ipsorum
1164 5261 1400 5326 decipere
1431 5259 1592 5312 voluit
1630 5258 1843 5309 humani
1877 5258 2078 5324 generis
2114 5256 2275 5308 hostis

711 5364 937 5418 ammon,
969 5367 1084 5404 cum
1123 5351 1241 5403 illos
1271 5351 1345 5402 sic
1382 5349 1735 5417 alloqueretur
1759 5364 1777 5401 .'
1818 5365 1834 5398 t
1869 5347 1924 5399 Si
1957 5347 2085 5400 mihi
2113 5345 2273 5399 obse-

713 5448 821 5499 cuti
868 5444 1102 5508 fueritis,
1135 5442 1292 5498 eritis
1322 5443 1464 5495 sicut
1512 5441 1608 5504 dii,
1631 5457 1650 5490 ›
1688 5441 1800 5492 haec
1832 5439 1983 5491 addit
2012 5455 2024 5489 :
2061 5455 2077 5487 ι
2108 5437 2276 5506 igitur

714 5554 835 5590 cum
867 5535 1106 5590 obsecuti
1143 5534 1488 5587 fraudulento
1522 5533 1754 5585 dretnoni
1789 5531 2055 5594 homines,
2084 5545 2145 5583 ac
2180 5529 2271 5582 Dei

715 5639 1040 5698 praeceptum
1092 5628 1302 5680 violare
1354 5628 1467 5679 ausi
1523 5634 1734 5688 essent,
1774 5639 1804 5677 e
1839 5624 2095 5690 paradiso
2127 5623 2277 5676 exie-

718 5731 880 5773 runt:
924 5735 987 5773 ac
1044 5721 1264 5773 deorum
1313 5720 1527 5786 quidem
1566 5731 1759 5768 nomen
1787 5717 1839 5770 in
1877 5716 2135 5784 memoria
2178 5717 2274 5769 ha-

787 5835 808 5865 ⁸
835 5835 966 5892 Luc.
1006 5852 1045 5902 t,
1087 5836 1174 5892 33.
1253 5839 1271 5866 ⁸
1310 5834 1460 5888 Deut.
1507 5851 1653 5899 unt,
1691 5834 1775 5888 ‘21.

2375 3350 2482 3395 tem
2535 3340 2764 3410 peperit.
2815 3337 2983 3390 Maria
3040 3347 3224 3389 autem
3279 3336 3458 3403 virgo,
3507 3351 3629 3387 cum
3696 3335 3855 3388 ﬁdem
3895 3345 3951 3390 et

2374 3432 2625 3504 gaudium
2658 3433 3018 3500 percepisset,
3059 3428 3331 3481 nuntianti
3359 3427 3551 3496 angelo
3593 3426 3772 3486 laetum
3804 3441 3950 3480 nun-

2373 3529 2504 3581 tium
2572 3525 2911 3595 respondit:
2983 3520 3108 3574 Fiat
3183 3521 3309 3573 nti/ii
3387 3520 3674 3577 secundum
3735 3519 3948 3572 verbum

2373 3618 2634 3672 tuum‘.)
2679 3616 2961 3670 Christum
3012 3615 3131 3667 sine
3189 3621 3409 3680 peccato
3465 3612 3711 3679 genitum
3771 3609 3949 3665 fuisse

2375 3713 2524 3777 dicit,
2546 3730 2599 3766 η.
2620 3712 2708 3776 25,
2731 3718 2789 3763 ut
2806 3725 2927 3763 eum
2948 3709 3013 3760 ab
3031 3706 3150 3758 aliis
3167 3705 3356 3756 Atlatni
3383 3704 3506 3757 filiis
3527 3709 3792 3757 secernat.
3834 3721 3854 3754 s
3890 3699 3951 3753 Si

2374 3805 2516 3859 enim
2564 3818 2665 3858 nec
2693 3812 2819 3856 ante
2864 3801 3140 3854 Abraham
3190 3797 3634 3861 circumcisione,
3672 3810 3773 3849 nec
3819 3802 3951 3846 ante

2373 3893 2869 3964 MoysenSabbato,
2932 3892 3082 3945 feriis
3131 3902 3187 3944 et
3234 3893 3547 3944 muneribus
3596 3905 3732 3956 opus
3784 3897 3946 3951 erat;

2375 4000 2547 4053 neque
2594 3985 2756 4037 etiam
2800 3983 3054 4037 similiter
3093 3998 3226 4051 Opus
3261 3995 3374 4047 est,
3413 3992 3700 4050 postquam
3748 3993 3949 4033 secun-

2375 4078 2500 4130 dum
2549 4075 2873 4129 voluntatem
2914 4073 3088 4127 Patris
3117 4076 3322 4140 absque
3373 4085 3598 4140 peccato
3625 4087 3691 4126 ex
3731 4071 3947 4138 virgine

2376 4171 2443 4222 ab
2470 4169 2739 4221 Abraham
2787 4167 3016 4220 oriunda
3061 4168 3280 4234 genitus
3317 4177 3400 4220 est
3442 4166 3612 4219 Filius
3655 4165 3747 4218 Dei
3790 4164 3949 4219 Jesus

2376 4261 2641 4315 Christus.
2677 4278 2694 4310 ι

2447 4351 2561 4405 Non
2590 4351 2800 4404 dubitat
2827 4349 2884 4403 S.
2907 4357 3110 4417 martyr
3132 4350 3264 4417 quin
3288 4362 3448 4401 omne
3472 4347 3752 4401 hominum
3777 4360 3948 4413 genus

2375 4442 2744 4496 maledictioni
2779 4441 3073 4494 obnoxium
3121 4439 3283 4492 fuerit
3309 4441 3378 4493 ob
3407 4440 3546 4491 hanc
3597 4439 3800 4505 peccati
3834 4438 3948 4490 ori-

2377 4534 2569 4602 ginalis
2614 4533 2823 4595 labem,
2858 4532 3016 4598 idque
3063 4532 3255 4599 probat
3302 4531 3468 4584 ducto
3515 4539 3834 4600 argumento
3877 4542 3949 4582 ex

2384 4627 2448 4678 iis
2484 4625 2570 4692 qui
2617 4626 2717 4678 sub
2749 4623 2886 4690 lege,
2927 4633 2978 4675 et
3011 4637 3072 4674 ex
3106 4623 3171 4675 iis
3210 4623 3304 4691 qui
3349 4622 3466 4674 sine
3513 4621 3628 4689 lege
3667 4621 3946 4674 vixerunt.

2390 4734 2407 4766 ι
2430 4716 2600 4770 Omne
2632 4716 2907 4768 hominum
2937 4728 3124 4782 genus,
3157 4713 3330 4780 inquit
3374 4712 3671 4779 Dia/09.,n.
3713 4711 3952 4774 95,.ma-

2384 4807 2659 4861 ledictioni
2709 4804 3002 4858 obnoxium
3054 4803 3371 4870 reperietur.
3436 4799 3750 4852 Maledictus
3799 4796 3950 4852 enim

2383 4901 2681 4951 secundum
2743 4896 2914 4964 legent
2953 4895 3151 4966 Moysis
3187 4893 3363 4947 dictus
3410 4901 3523 4954 est,
3562 4893 3797 4959 quisquis
3842 4906 3949 4942 non

2382 4998 2646 5056 permanet
2688 4988 2743 5039 in
2773 4991 2844 5039 eis
2891 5003 3006 5054 quae
3041 4987 3235 5046 scripta
3279 4993 3399 5036 sunt
3437 4984 3494 5035 in
3538 4982 3672 5034 libro
3710 4981 3858 5050 legis,
3889 4990 3948 5033 ut

2379 5081 2541 5148 faciat
2573 5097 2633 5133 ea
2658 5085 2700 5132 ⁸.
2739 5077 2906 5132 Nemo
2934 5087 3080 5131 certe
3113 5075 3293 5128 omnia
3328 5081 3585 5126 accurate
3613 5071 3946 5136 observavit,

2383 5185 2552 5238 neque
2601 5171 2653 5222 id
2690 5183 2785 5222 vos
2818 5182 3014 5233 negare
3052 5165 3353 5230 audebitis;
3393 5163 3487 5217 sed
3533 5162 3621 5217 alii
3659 5162 3781 5215 aliis
3831 5161 3949 5230 plus

2379 5270 2468 5312 aut
2503 5262 2682 5316 minus
2712 5269 2979 5329 przecepta
3017 5257 3418 5311 observarunt:
3454 5255 3596 5324 quod
3631 5253 3676 5308 si
3705 5267 3818 5317 eos,
3853 5253 3946 5319 qui

2379 5357 2478 5406 sub
2508 5360 2606 5406 hac
2628 5353 2743 5422 lege
2769 5362 2912 5415 sunt,
2938 5351 3038 5404 sub
3066 5346 3445 5400 maledictione
3465 5360 3583 5400 esse
3613 5354 3780 5415 patet,
3801 5346 3949 5411 quod

2387 5459 2491 5498 non
2523 5445 2706 5496 omnia
2737 5442 3179 5507 observaverint,
3211 5453 3388 5493 annon
3438 5437 3604 5491 multo
3648 5435 3818 5505 magis
3852 5449 3949 5503 pa-

2387 5535 2519 5588 tebit
2549 5541 2738 5602 gentes
2774 5549 2983 5598 omnes,
3031 5548 3151 5602 quae
3198 5530 3484 5584 simulacra
3527 5528 3732 5592 colunt,
3767 5526 3950 5596 pueris

2382 5635 2570 5692 stupra
2609 5620 2871 5685 inferttnt,
2905 5632 2959 5676 et
2993 5620 3098 5675 alia
3135 5618 3342 5674 nefaria
3378 5616 3606 5680 faciunt,
3639 5615 3736 5668 sub
3781 5612 3948 5666 male-

2383 5715 2619 5769 dictione
2644 5712 2805 5768 esse?
2835 5732 2850 5763 ι
