  <div class='ocr_page' id='page_1' title='image "/cluster/home/n/w/nwhite01/storage/ocr_20150623/6/pst.000005711826/032.png"; bbox 0 0 4120 6468; ppageno 0'>
   <div class='ocr_carea' id='block_1_1' title="bbox 193 442 3424 502">
    <p class='ocr_par' dir='ltr' id='par_1_1' title="bbox 193 442 3424 502">
     <span class='ocr_line' id='line_1_1' title="bbox 193 442 3424 502; baseline 0 -5"><span class='ocrx_word' id='word_1_1' title='bbox 193 443 251 498; x_wconf 65' lang='grc'><strong>69</strong></span> <span class='ocrx_word' id='word_1_2' title='bbox 1206 443 1272 500; x_wconf 86' lang='lat' dir='ltr'><strong>D.</strong></span> <span class='ocrx_word' id='word_1_3' title='bbox 1314 442 1578 498; x_wconf 74' lang='lat' dir='ltr'><strong>MARANI</strong></span> <span class='ocrx_word' id='word_1_4' title='bbox 1614 442 2005 502; x_wconf 64' lang='lat' dir='ltr'><strong>PBEFATIO.</strong></span> <span class='ocrx_word' id='word_1_5' title='bbox 2044 475 2112 485; x_wconf 93' lang='lat'><em>—</em></span> <span class='ocrx_word' id='word_1_6' title='bbox 2137 443 2316 499; x_wconf 75' lang='lat' dir='ltr'><strong>PARS</strong></span> <span class='ocrx_word' id='word_1_7' title='bbox 2347 443 2412 500; x_wconf 86' lang='lat' dir='ltr'><strong>ll.</strong></span> <span class='ocrx_word' id='word_1_8' title='bbox 3356 445 3424 499; x_wconf 82' lang='lat'><strong>50</strong></span> 
     </span>
    </p>
   </div>
   <div class='ocr_carea' id='block_1_2' title="bbox 257 560 3420 635">
    <p class='ocr_par' dir='ltr' id='par_1_2' title="bbox 257 560 3420 635">
     <span class='ocr_line' id='line_1_2' title="bbox 257 560 3420 635; baseline 0 -20"><span class='ocrx_word' id='word_1_9' title='bbox 257 562 344 616; x_wconf 77' lang='lat' dir='ltr'><strong>lli.</strong></span> <span class='ocrx_word' id='word_1_10' title='bbox 375 561 578 622; x_wconf 78' lang='lat' dir='ltr'><strong>Justini</strong></span> <span class='ocrx_word' id='word_1_11' title='bbox 613 563 840 633; x_wconf 84' lang='lat' dir='ltr'><strong>vestigia</strong></span> <span class='ocrx_word' id='word_1_12' title='bbox 877 562 1075 634; x_wconf 86' lang='lat' dir='ltr'><strong>premit</strong></span> <span class='ocrx_word' id='word_1_13' title='bbox 1109 561 1393 631; x_wconf 84' lang='lat' dir='ltr'><strong>Tatianus,</strong></span> <span class='ocrx_word' id='word_1_14' title='bbox 1437 573 1491 620; x_wconf 89' lang='lat' dir='ltr'><strong>et</strong></span> <span class='ocrx_word' id='word_1_15' title='bbox 1521 579 1752 635; x_wconf 86' lang='lat' dir='ltr'><strong>genera-</strong></span> <span class='ocrx_word' id='word_1_16' title='bbox 1782 569 1826 624; x_wconf 83' lang='grc' dir='ltr'>Α</span> <span class='ocrx_word' id='word_1_17' title='bbox 1857 566 2036 619; x_wconf 89' lang='lat' dir='ltr'><strong>munis</strong></span> <span class='ocrx_word' id='word_1_18' title='bbox 2079 572 2184 618; x_wconf 92' lang='lat' dir='ltr'><strong>est.</strong></span> <span class='ocrx_word' id='word_1_19' title='bbox 2229 563 2286 617; x_wconf 85' lang='lat' dir='ltr'><strong>in</strong></span> <span class='ocrx_word' id='word_1_20' title='bbox 2336 564 2578 618; x_wconf 81' lang='lat' dir='ltr'><strong>eamdem</strong></span> <span class='ocrx_word' id='word_1_21' title='bbox 2654 561 2982 619; x_wconf 89' lang='lat' dir='ltr'><strong>sententiam</strong></span> <span class='ocrx_word' id='word_1_22' title='bbox 3039 560 3148 624; x_wconf 87' lang='lat' dir='ltr'><strong>ait,</strong></span> <span class='ocrx_word' id='word_1_23' title='bbox 3203 576 3255 614; x_wconf 93' lang='lat' dir='ltr'><strong>n.</strong></span> <span class='ocrx_word' id='word_1_24' title='bbox 3307 560 3420 615; x_wconf 67' lang='lat'><strong>26:</strong></span> 
     </span>
    </p>
   </div>
   <div class='ocr_carea' id='block_1_3' title="bbox 192 655 1753 725">
    <p class='ocr_par' dir='ltr' id='par_1_3' title="bbox 192 655 1753 725">
     <span class='ocr_line' id='line_1_3' title="bbox 192 655 1753 725; baseline -0.001 -17"><span class='ocrx_word' id='word_1_25' title='bbox 192 655 282 708; x_wconf 82' lang='lat' dir='ltr'><strong>tim</strong></span> <span class='ocrx_word' id='word_1_26' title='bbox 306 670 431 709; x_wconf 89' lang='lat' dir='ltr'><strong>cum</strong></span> <span class='ocrx_word' id='word_1_27' title='bbox 459 656 712 712; x_wconf 87' lang='lat' dir='ltr'><strong>omnibus</strong></span> <span class='ocrx_word' id='word_1_28' title='bbox 742 655 1055 712; x_wconf 84' lang='lat' dir='ltr'><strong>hominibus</strong></span> <span class='ocrx_word' id='word_1_29' title='bbox 1083 656 1448 710; x_wconf 75' lang='lat' dir='ltr'><strong>communicat</strong></span> <span class='ocrx_word' id='word_1_30' title='bbox 1472 666 1753 725; x_wconf 88' lang='lat' dir='ltr'><strong>peccatum</strong></span> 
     </span>
    </p>
   </div>
   <div class='ocr_carea' id='block_1_4' title="bbox 190 745 1756 815">
    <p class='ocr_par' dir='ltr' id='par_1_4' title="bbox 190 745 1756 815">
     <span class='ocr_line' id='line_1_4' title="bbox 190 745 1756 815; baseline 0 -15"><span class='ocrx_word' id='word_1_31' title='bbox 190 746 401 800; x_wconf 78' lang='lat' dir='ltr'><strong>Adami.</strong></span> <span class='ocrx_word' id='word_1_32' title='bbox 445 765 465 800; x_wconf 79' lang='grc' dir='ltr'><strong>ι</strong></span> <span class='ocrx_word' id='word_1_33' title='bbox 496 747 572 802; x_wconf 82' lang='lat' dir='ltr'><strong>Ac</strong></span> <span class='ocrx_word' id='word_1_34' title='bbox 599 747 759 802; x_wconf 91' lang='lat' dir='ltr'><strong>initio</strong></span> <span class='ocrx_word' id='word_1_35' title='bbox 807 746 1052 815; x_wconf 87' lang='lat' dir='ltr'><strong>quidem,</strong></span> <span class='ocrx_word' id='word_1_36' title='bbox 1083 745 1263 814; x_wconf 90' lang='lat' dir='ltr'><strong>inquit</strong></span> <span class='ocrx_word' id='word_1_37' title='bbox 1305 763 1359 802; x_wconf 90' lang='grc' dir='ltr'><strong>ιι.</strong></span> <span class='ocrx_word' id='word_1_38' title='bbox 1409 747 1502 810; x_wconf 79' lang='lat' dir='ltr'><strong>l3,</strong></span> <span class='ocrx_word' id='word_1_39' title='bbox 1536 747 1756 815; x_wconf 73' lang='lat' dir='ltr'><strong>spiritus</strong></span> 
     </span>
    </p>
   </div>
   <div class='ocr_carea' id='block_1_5' title="bbox 192 837 1754 905">
    <p class='ocr_par' dir='ltr' id='par_1_5' title="bbox 192 837 1754 905">
     <span class='ocr_line' id='line_1_5' title="bbox 192 837 1754 905; baseline 0.002 -15"><span class='ocrx_word' id='word_1_40' title='bbox 192 837 386 892; x_wconf 65' lang='lat' dir='ltr'><strong>anima</strong></span> <span class='ocrx_word' id='word_1_41' title='bbox 415 838 696 892; x_wconf 78' lang='lat' dir='ltr'><strong>convictor</strong></span> <span class='ocrx_word' id='word_1_42' title='bbox 725 844 867 902; x_wconf 89' lang='lat' dir='ltr'><strong>erat,</strong></span> <span class='ocrx_word' id='word_1_43' title='bbox 891 837 984 894; x_wconf 86' lang='lat' dir='ltr'><strong>sed</strong></span> <span class='ocrx_word' id='word_1_44' title='bbox 1019 851 1138 892; x_wconf 83' lang='lat' dir='ltr'><strong>eam</strong></span> <span class='ocrx_word' id='word_1_45' title='bbox 1168 838 1320 905; x_wconf 85' lang='lat' dir='ltr'><strong>sequi</strong></span> <span class='ocrx_word' id='word_1_46' title='bbox 1356 837 1630 891; x_wconf 90' lang='lat' dir='ltr'><strong>nolentem</strong></span> <span class='ocrx_word' id='word_1_47' title='bbox 1660 839 1754 893; x_wconf 92' lang='lat' dir='ltr'><strong>de-</strong></span> 
     </span>
    </p>
   </div>
   <div class='ocr_carea' id='block_1_6' title="bbox 192 925 1754 995">
    <p class='ocr_par' dir='ltr' id='par_1_6' title="bbox 192 925 1754 995">
     <span class='ocr_line' id='line_1_6' title="bbox 192 925 1754 995; baseline 0.001 -13"><span class='ocrx_word' id='word_1_48' title='bbox 192 929 380 982; x_wconf 78' lang='lat' dir='ltr'><strong>seruit.</strong></span> <span class='ocrx_word' id='word_1_49' title='bbox 406 949 425 981; x_wconf 76' lang='grc' dir='ltr'><strong>ι</strong></span> <span class='ocrx_word' id='word_1_50' title='bbox 461 930 528 984; x_wconf 83' lang='grc' dir='ltr'>Ει</span> <span class='ocrx_word' id='word_1_51' title='bbox 560 947 614 985; x_wconf 91' lang='lat' dir='ltr'><strong>n.</strong></span> <span class='ocrx_word' id='word_1_52' title='bbox 640 930 737 984; x_wconf 75' lang='lat' dir='ltr'><strong>il:</strong></span> <span class='ocrx_word' id='word_1_53' title='bbox 767 946 786 979; x_wconf 78' lang='grc' dir='ltr'><strong>ι</strong></span> <span class='ocrx_word' id='word_1_54' title='bbox 811 927 928 984; x_wconf 82' lang='grc' dir='ltr'>Νοιι</span> <span class='ocrx_word' id='word_1_55' title='bbox 955 925 1068 984; x_wconf 87' lang='lat' dir='ltr'><strong>nati</strong></span> <span class='ocrx_word' id='word_1_56' title='bbox 1095 944 1281 984; x_wconf 84' lang='lat' dir='ltr'><strong>sumus</strong></span> <span class='ocrx_word' id='word_1_57' title='bbox 1307 938 1365 982; x_wconf 89' lang='lat' dir='ltr'><strong>nt</strong></span> <span class='ocrx_word' id='word_1_58' title='bbox 1399 944 1754 995; x_wconf 90' lang='lat' dir='ltr'><strong>moreremur,</strong></span> 
     </span>
    </p>
   </div>
   <div class='ocr_carea' id='block_1_7' title="bbox 194 1021 1757 1090">
    <p class='ocr_par' dir='ltr' id='par_1_7' title="bbox 194 1021 1757 1090">
     <span class='ocr_line' id='line_1_7' title="bbox 194 1021 1757 1090; baseline 0.001 -15"><span class='ocrx_word' id='word_1_59' title='bbox 194 1021 284 1075; x_wconf 78' lang='lat' dir='ltr'><strong>sed</strong></span> <span class='ocrx_word' id='word_1_60' title='bbox 321 1031 508 1078; x_wconf 89' lang='lat' dir='ltr'><strong>nostra</strong></span> <span class='ocrx_word' id='word_1_61' title='bbox 543 1023 698 1090; x_wconf 85' lang='lat' dir='ltr'><strong>culpa</strong></span> <span class='ocrx_word' id='word_1_62' title='bbox 733 1022 1017 1076; x_wconf 88' lang='lat' dir='ltr'><strong>morimur.</strong></span> <span class='ocrx_word' id='word_1_63' title='bbox 1062 1021 1304 1078; x_wconf 87' lang='lat' dir='ltr'><strong>Perdidit</strong></span> <span class='ocrx_word' id='word_1_64' title='bbox 1334 1037 1432 1077; x_wconf 86' lang='lat' dir='ltr'><strong>nos</strong></span> <span class='ocrx_word' id='word_1_65' title='bbox 1471 1023 1637 1077; x_wconf 85' lang='lat' dir='ltr'><strong>libera</strong></span> <span class='ocrx_word' id='word_1_66' title='bbox 1667 1037 1757 1076; x_wconf 87' lang='lat' dir='ltr'><strong>vo-</strong></span> 
     </span>
    </p>
   </div>
   <div class='ocr_carea' id='block_1_8' title="bbox 195 1110 1759 1183">
    <p class='ocr_par' dir='ltr' id='par_1_8' title="bbox 195 1110 1759 1183">
     <span class='ocr_line' id='line_1_8' title="bbox 195 1110 1759 1183; baseline 0.003 -20"><span class='ocrx_word' id='word_1_67' title='bbox 195 1110 404 1177; x_wconf 81' lang='lat' dir='ltr'><strong>luntas;</strong></span> <span class='ocrx_word' id='word_1_68' title='bbox 442 1112 585 1167; x_wconf 85' lang='lat' dir='ltr'><strong>servi</strong></span> <span class='ocrx_word' id='word_1_69' title='bbox 641 1111 766 1166; x_wconf 87' lang='lat' dir='ltr'><strong>facti</strong></span> <span class='ocrx_word' id='word_1_70' title='bbox 801 1127 988 1166; x_wconf 88' lang='lat' dir='ltr'><strong>sumus</strong></span> <span class='ocrx_word' id='word_1_71' title='bbox 1016 1112 1109 1181; x_wconf 87' lang='lat' dir='ltr'><strong>qui</strong></span> <span class='ocrx_word' id='word_1_72' title='bbox 1163 1111 1316 1167; x_wconf 89' lang='lat' dir='ltr'><strong>liberi</strong></span> <span class='ocrx_word' id='word_1_73' title='bbox 1365 1128 1621 1176; x_wconf 78' lang='lat' dir='ltr'><strong>eramus;</strong></span> <span class='ocrx_word' id='word_1_74' title='bbox 1663 1129 1759 1183; x_wconf 86' lang='lat' dir='ltr'><strong>per</strong></span> 
     </span>
    </p>
   </div>
   <div class='ocr_carea' id='block_1_9' title="bbox 197 1201 1753 1271">
    <p class='ocr_par' dir='ltr' id='par_1_9' title="bbox 197 1201 1753 1271">
     <span class='ocr_line' id='line_1_9' title="bbox 197 1201 1753 1271; baseline 0.002 -15"><span class='ocrx_word' id='word_1_75' title='bbox 197 1213 472 1271; x_wconf 82' lang='lat' dir='ltr'><strong>peccatum</strong></span> <span class='ocrx_word' id='word_1_76' title='bbox 518 1202 717 1256; x_wconf 83' lang='lat' dir='ltr'><strong>venditi</strong></span> <span class='ocrx_word' id='word_1_77' title='bbox 765 1217 969 1258; x_wconf 85' lang='lat' dir='ltr'><strong>sumus.</strong></span> <span class='ocrx_word' id='word_1_78' title='bbox 1011 1201 1152 1258; x_wconf 82' lang='lat' dir='ltr'><strong>Nihil</strong></span> <span class='ocrx_word' id='word_1_79' title='bbox 1189 1203 1310 1256; x_wconf 92' lang='lat' dir='ltr'><strong>mali</strong></span> <span class='ocrx_word' id='word_1_80' title='bbox 1363 1203 1563 1258; x_wconf 74' lang='lat' dir='ltr'><strong>factum</strong></span> <span class='ocrx_word' id='word_1_81' title='bbox 1608 1213 1688 1259; x_wconf 90' lang='lat' dir='ltr'><strong>est</strong></span> <span class='ocrx_word' id='word_1_82' title='bbox 1724 1220 1753 1259; x_wconf 88' lang='lat' dir='ltr'><strong>a</strong></span> 
     </span>
    </p>
   </div>
   <div class='ocr_carea' id='block_1_10' title="bbox 201 1290 1757 1362">
    <p class='ocr_par' dir='ltr' id='par_1_10' title="bbox 201 1290 1757 1362">
     <span class='ocr_line' id='line_1_10' title="bbox 201 1290 1757 1362; baseline 0.002 -18"><span class='ocrx_word' id='word_1_83' title='bbox 201 1290 338 1357; x_wconf 85' lang='lat' dir='ltr'><strong>Deo;</strong></span> <span class='ocrx_word' id='word_1_84' title='bbox 381 1306 480 1345; x_wconf 87' lang='lat' dir='ltr'><strong>nos</strong></span> <span class='ocrx_word' id='word_1_85' title='bbox 525 1292 626 1359; x_wconf 82' lang='lat' dir='ltr'><strong>ipsi</strong></span> <span class='ocrx_word' id='word_1_86' title='bbox 664 1292 1013 1362; x_wconf 70' lang='lat' dir='ltr'><strong>produximus</strong></span> <span class='ocrx_word' id='word_1_87' title='bbox 1056 1292 1444 1356; x_wconf 89' lang='lat' dir='ltr'><strong>vitiositatem;</strong></span> <span class='ocrx_word' id='word_1_88' title='bbox 1478 1307 1598 1347; x_wconf 89' lang='lat' dir='ltr'><strong>eam</strong></span> <span class='ocrx_word' id='word_1_89' title='bbox 1633 1307 1757 1347; x_wconf 79' lang='lat' dir='ltr'><strong>vero</strong></span> 
     </span>
    </p>
   </div>
   <div class='ocr_carea' id='block_1_11' title="bbox 196 1384 1753 1454">
    <p class='ocr_par' dir='ltr' id='par_1_11' title="bbox 196 1384 1753 1454">
     <span class='ocr_line' id='line_1_11' title="bbox 196 1384 1753 1454; baseline -0.001 -18"><span class='ocrx_word' id='word_1_90' title='bbox 196 1386 286 1454; x_wconf 84' lang='lat' dir='ltr'><strong>qui</strong></span> <span class='ocrx_word' id='word_1_91' title='bbox 318 1387 710 1452; x_wconf 76' lang='lat' dir='ltr'><strong>produxerunt,</strong></span> <span class='ocrx_word' id='word_1_92' title='bbox 743 1387 920 1439; x_wconf 86' lang='lat' dir='ltr'><strong>denuo</strong></span> <span class='ocrx_word' id='word_1_93' title='bbox 953 1384 1114 1438; x_wconf 89' lang='lat' dir='ltr'><strong>etiam</strong></span> <span class='ocrx_word' id='word_1_94' title='bbox 1150 1384 1434 1454; x_wconf 85' lang='lat' dir='ltr'><strong>repudiare</strong></span> <span class='ocrx_word' id='word_1_95' title='bbox 1463 1393 1708 1454; x_wconf 89' lang='lat' dir='ltr'><strong>possunt.</strong></span> <span class='ocrx_word' id='word_1_96' title='bbox 1735 1403 1753 1435; x_wconf 74' lang='grc' dir='ltr'><strong>ι</strong></span> 
     </span>
    </p>
   </div>
   <div class='ocr_carea' id='block_1_12' title="bbox 199 1477 1758 1545">
    <p class='ocr_par' dir='ltr' id='par_1_12' title="bbox 199 1477 1758 1545">
     <span class='ocr_line' id='line_1_12' title="bbox 199 1477 1758 1545; baseline -0.001 -13"><span class='ocrx_word' id='word_1_97' title='bbox 199 1478 398 1532; x_wconf 80' lang='lat' dir='ltr'><strong>Statuit</strong></span> <span class='ocrx_word' id='word_1_98' title='bbox 419 1477 681 1531; x_wconf 76' lang='lat' dir='ltr'><strong>Tati-anus</strong></span> <span class='ocrx_word' id='word_1_99' title='bbox 705 1487 762 1529; x_wconf 91' lang='lat' dir='ltr'><strong>ut</strong></span> <span class='ocrx_word' id='word_1_100' title='bbox 793 1478 1062 1539; x_wconf 84' lang='lat' dir='ltr'><strong>miserias,</strong></span> <span class='ocrx_word' id='word_1_101' title='bbox 1091 1493 1208 1544; x_wconf 70' lang='lat' dir='ltr'><strong>qua:</strong></span> <span class='ocrx_word' id='word_1_102' title='bbox 1230 1493 1290 1530; x_wconf 77' lang='lat' dir='ltr'><strong>ex</strong></span> <span class='ocrx_word' id='word_1_103' title='bbox 1322 1487 1544 1545; x_wconf 89' lang='lat' dir='ltr'><strong>peccato</strong></span> <span class='ocrx_word' id='word_1_104' title='bbox 1568 1477 1758 1530; x_wconf 83' lang='lat' dir='ltr'><strong>Adami</strong></span> 
     </span>
    </p>
   </div>
   <div class='ocr_carea' id='block_1_13' title="bbox 201 1568 1759 1637">
    <p class='ocr_par' dir='ltr' id='par_1_13' title="bbox 201 1568 1759 1637">
     <span class='ocr_line' id='line_1_13' title="bbox 201 1568 1759 1637; baseline 0 -14"><span class='ocrx_word' id='word_1_105' title='bbox 201 1571 488 1635; x_wconf 74' lang='lat' dir='ltr'><strong>miserunt,</strong></span> <span class='ocrx_word' id='word_1_106' title='bbox 529 1570 601 1622; x_wconf 92' lang='lat' dir='ltr'><strong>ita</strong></span> <span class='ocrx_word' id='word_1_107' title='bbox 635 1569 800 1622; x_wconf 90' lang='lat' dir='ltr'><strong>etiam</strong></span> <span class='ocrx_word' id='word_1_108' title='bbox 834 1568 978 1622; x_wconf 90' lang='lat' dir='ltr'><strong>illius</strong></span> <span class='ocrx_word' id='word_1_109' title='bbox 1009 1568 1405 1637; x_wconf 78' lang='lat' dir='ltr'><strong>peccatum-ad</strong></span> <span class='ocrx_word' id='word_1_110' title='bbox 1439 1583 1538 1622; x_wconf 82' lang='lat' dir='ltr'><strong>nos</strong></span> <span class='ocrx_word' id='word_1_111' title='bbox 1570 1582 1759 1622; x_wconf 86' lang='lat' dir='ltr'><strong>omnes</strong></span> 
     </span>
    </p>
   </div>
   <div class='ocr_carea' id='block_1_14' title="bbox 200 1661 1760 1731">
    <p class='ocr_par' dir='ltr' id='par_1_14' title="bbox 200 1661 1760 1731">
     <span class='ocr_line' id='line_1_14' title="bbox 200 1661 1760 1731; baseline 0 -17"><span class='ocrx_word' id='word_1_112' title='bbox 200 1663 488 1731; x_wconf 83' lang='lat' dir='ltr'><strong>pertinere.</strong></span> <span class='ocrx_word' id='word_1_113' title='bbox 516 1661 975 1727; x_wconf 77' lang='lat' dir='ltr'><strong>Quemadmodum</strong></span> <span class='ocrx_word' id='word_1_114' title='bbox 1001 1677 1122 1716; x_wconf 93' lang='lat' dir='ltr'><strong>cum</strong></span> <span class='ocrx_word' id='word_1_115' title='bbox 1149 1675 1212 1715; x_wconf 88' lang='lat' dir='ltr'><strong>eo</strong></span> <span class='ocrx_word' id='word_1_116' title='bbox 1245 1662 1439 1730; x_wconf 87' lang='lat' dir='ltr'><strong>perditi</strong></span> <span class='ocrx_word' id='word_1_117' title='bbox 1472 1673 1526 1716; x_wconf 92' lang='lat' dir='ltr'><strong>et</strong></span> <span class='ocrx_word' id='word_1_118' title='bbox 1559 1663 1610 1714; x_wconf 94' lang='lat' dir='ltr'><strong>in</strong></span> <span class='ocrx_word' id='word_1_119' title='bbox 1646 1675 1760 1715; x_wconf 87' lang='lat' dir='ltr'><strong>ser-</strong></span> 
     </span>
    </p>
   </div>
   <div class='ocr_carea' id='block_1_15' title="bbox 202 1752 1759 1822">
    <p class='ocr_par' dir='ltr' id='par_1_15' title="bbox 202 1752 1759 1822">
     <span class='ocr_line' id='line_1_15' title="bbox 202 1752 1759 1822; baseline 0.001 -17"><span class='ocrx_word' id='word_1_120' title='bbox 202 1755 421 1809; x_wconf 75' lang='lat' dir='ltr'><strong>vitatem</strong></span> <span class='ocrx_word' id='word_1_121' title='bbox 471 1752 678 1808; x_wconf 85' lang='lat' dir='ltr'><strong>redacti</strong></span> <span class='ocrx_word' id='word_1_122' title='bbox 709 1761 766 1806; x_wconf 88' lang='lat' dir='ltr'><strong>et</strong></span> <span class='ocrx_word' id='word_1_123' title='bbox 806 1753 1007 1808; x_wconf 82' lang='lat' dir='ltr'><strong>venditi</strong></span> <span class='ocrx_word' id='word_1_124' title='bbox 1059 1768 1123 1806; x_wconf 91' lang='lat' dir='ltr'><strong>ac</strong></span> <span class='ocrx_word' id='word_1_125' title='bbox 1172 1754 1368 1807; x_wconf 88' lang='lat' dir='ltr'><strong>mnrtui</strong></span> <span class='ocrx_word' id='word_1_126' title='bbox 1415 1769 1636 1822; x_wconf 88' lang='lat' dir='ltr'><strong>sumus,</strong></span> <span class='ocrx_word' id='word_1_127' title='bbox 1685 1756 1759 1808; x_wconf 90' lang='lat' dir='ltr'><strong>ita</strong></span> 
     </span>
    </p>
   </div>
   <div class='ocr_carea' id='block_1_16' title="bbox 201 1842 1412 1914">
    <p class='ocr_par' dir='ltr' id='par_1_16' title="bbox 201 1842 1412 1914">
     <span class='ocr_line' id='line_1_16' title="bbox 201 1842 1412 1914; baseline 0.002 -16"><span class='ocrx_word' id='word_1_128' title='bbox 201 1847 358 1899; x_wconf 87' lang='lat' dir='ltr'><strong>etiam</strong></span> <span class='ocrx_word' id='word_1_129' title='bbox 385 1860 509 1899; x_wconf 89' lang='lat' dir='ltr'><strong>cum</strong></span> <span class='ocrx_word' id='word_1_130' title='bbox 543 1845 636 1898; x_wconf 84' lang='lat' dir='ltr'><strong>illo</strong></span> <span class='ocrx_word' id='word_1_131' title='bbox 663 1842 1008 1899; x_wconf 86' lang='lat' dir='ltr'><strong>vitiositatem</strong></span> <span class='ocrx_word' id='word_1_132' title='bbox 1040 1846 1412 1914; x_wconf 80' lang='lat' dir='ltr'><strong>produximus.</strong></span> 
     </span>
    </p>
   </div>
   <div class='ocr_carea' id='block_1_17' title="bbox 267 1933 1759 2006">
    <p class='ocr_par' dir='ltr' id='par_1_17' title="bbox 267 1933 1759 2006">
     <span class='ocr_line' id='line_1_17' title="bbox 267 1933 1759 2006; baseline -0.001 -15"><span class='ocrx_word' id='word_1_133' title='bbox 267 1935 381 1991; x_wconf 78' lang='lat' dir='ltr'><strong>Nan</strong></span> <span class='ocrx_word' id='word_1_134' title='bbox 409 1939 608 1991; x_wconf 78' lang='lat' dir='ltr'><strong>mirum</strong></span> <span class='ocrx_word' id='word_1_135' title='bbox 634 1951 764 2006; x_wconf 87' lang='lat' dir='ltr'><strong>ergo</strong></span> <span class='ocrx_word' id='word_1_136' title='bbox 790 1936 834 1990; x_wconf 89' lang='lat' dir='ltr'><strong>si</strong></span> <span class='ocrx_word' id='word_1_137' title='bbox 863 1934 1142 1999; x_wconf 83' lang='lat' dir='ltr'><strong>Tatianus,</strong></span> <span class='ocrx_word' id='word_1_138' title='bbox 1175 1937 1416 2004; x_wconf 88' lang='lat' dir='ltr'><strong>magistri</strong></span> <span class='ocrx_word' id='word_1_139' title='bbox 1444 1933 1640 1992; x_wconf 83' lang='lat' dir='ltr'><strong>Justini</strong></span> <span class='ocrx_word' id='word_1_140' title='bbox 1671 1951 1759 1990; x_wconf 76' lang='lat' dir='ltr'><strong>ve-</strong></span> 
     </span>
    </p>
   </div>
   <div class='ocr_carea' id='block_1_18' title="bbox 202 2027 1756 2096">
    <p class='ocr_par' dir='ltr' id='par_1_18' title="bbox 202 2027 1756 2096">
     <span class='ocr_line' id='line_1_18' title="bbox 202 2027 1756 2096; baseline -0.001 -16"><span class='ocrx_word' id='word_1_141' title='bbox 202 2027 392 2096; x_wconf 73' lang='lat' dir='ltr'><strong>stigiis,</strong></span> <span class='ocrx_word' id='word_1_142' title='bbox 439 2029 644 2096; x_wconf 92' lang='lat' dir='ltr'><strong>primos</strong></span> <span class='ocrx_word' id='word_1_143' title='bbox 675 2031 898 2082; x_wconf 89' lang='lat' dir='ltr'><strong>deorum</strong></span> <span class='ocrx_word' id='word_1_144' title='bbox 941 2027 1304 2082; x_wconf 88' lang='lat' dir='ltr'><strong>multitudinis</strong></span> <span class='ocrx_word' id='word_1_145' title='bbox 1344 2036 1756 2090; x_wconf 78' lang='lat' dir='ltr'><strong>monstratores,</strong></span> 
     </span>
    </p>
   </div>
   <div class='ocr_carea' id='block_1_19' title="bbox 202 2117 1758 2187">
    <p class='ocr_par' dir='ltr' id='par_1_19' title="bbox 202 2117 1758 2187">
     <span class='ocr_line' id='line_1_19' title="bbox 202 2117 1758 2187; baseline 0.001 -16"><span class='ocrx_word' id='word_1_146' title='bbox 202 2121 442 2187; x_wconf 80' lang='lat' dir='ltr'><strong>paradiso</strong></span> <span class='ocrx_word' id='word_1_147' title='bbox 475 2118 677 2186; x_wconf 77' lang='lat' dir='ltr'><strong>eiectos</strong></span> <span class='ocrx_word' id='word_1_148' title='bbox 727 2117 894 2174; x_wconf 82' lang='lat' dir='ltr'><strong>fuisse</strong></span> <span class='ocrx_word' id='word_1_149' title='bbox 933 2119 1002 2174; x_wconf 92' lang='lat' dir='ltr'><strong>ob</strong></span> <span class='ocrx_word' id='word_1_150' title='bbox 1051 2121 1152 2174; x_wconf 87' lang='lat' dir='ltr'><strong>hoc</strong></span> <span class='ocrx_word' id='word_1_151' title='bbox 1190 2119 1367 2174; x_wconf 85' lang='lat' dir='ltr'><strong>scelus</strong></span> <span class='ocrx_word' id='word_1_152' title='bbox 1412 2129 1466 2173; x_wconf 92' lang='lat' dir='ltr'><strong>et</strong></span> <span class='ocrx_word' id='word_1_153' title='bbox 1496 2120 1758 2173; x_wconf 70' lang='lat' dir='ltr'><strong>mortales</strong></span> 
     </span>
    </p>
   </div>
   <div class='ocr_carea' id='block_1_20' title="bbox 204 2209 1760 2279">
    <p class='ocr_par' dir='ltr' id='par_1_20' title="bbox 204 2209 1760 2279">
     <span class='ocr_line' id='line_1_20' title="bbox 204 2209 1760 2279; baseline 0.002 -18"><span class='ocrx_word' id='word_1_154' title='bbox 204 2209 362 2263; x_wconf 84' lang='lat' dir='ltr'><strong>factos</strong></span> <span class='ocrx_word' id='word_1_155' title='bbox 397 2211 565 2264; x_wconf 88' lang='lat' dir='ltr'><strong>fuisse</strong></span> <span class='ocrx_word' id='word_1_156' title='bbox 596 2209 770 2263; x_wconf 89' lang='lat' dir='ltr'><strong>dicit:</strong></span> <span class='ocrx_word' id='word_1_157' title='bbox 805 2226 826 2261; x_wconf 84' lang='grc' dir='ltr'><strong>ι</strong></span> <span class='ocrx_word' id='word_1_158' title='bbox 858 2209 1014 2264; x_wconf 77' lang='lat' dir='ltr'><strong>Verbi</strong></span> <span class='ocrx_word' id='word_1_159' title='bbox 1065 2219 1242 2264; x_wconf 84' lang='lat' dir='ltr'><strong>autem</strong></span> <span class='ocrx_word' id='word_1_160' title='bbox 1290 2212 1550 2279; x_wconf 86' lang='lat' dir='ltr'><strong>potentia,</strong></span> <span class='ocrx_word' id='word_1_161' title='bbox 1585 2211 1760 2279; x_wconf 87' lang='lat' dir='ltr'><strong>inquit</strong></span> 
     </span>
    </p>
   </div>
   <div class='ocr_carea' id='block_1_21' title="bbox 204 2302 1758 2374">
    <p class='ocr_par' dir='ltr' id='par_1_21' title="bbox 204 2302 1758 2374">
     <span class='ocr_line' id='line_1_21' title="bbox 204 2302 1758 2374; baseline 0.003 -20"><span class='ocrx_word' id='word_1_162' title='bbox 204 2302 327 2366; x_wconf 83' lang='lat' dir='ltr'><strong>n.7,</strong></span> <span class='ocrx_word' id='word_1_163' title='bbox 372 2317 493 2356; x_wconf 89' lang='lat' dir='ltr'><strong>cum</strong></span> <span class='ocrx_word' id='word_1_164' title='bbox 540 2302 593 2355; x_wconf 92' lang='lat' dir='ltr'><strong>in</strong></span> <span class='ocrx_word' id='word_1_165' title='bbox 635 2316 696 2355; x_wconf 88' lang='lat' dir='ltr'><strong>se</strong></span> <span class='ocrx_word' id='word_1_166' title='bbox 742 2302 1055 2370; x_wconf 65' lang='lat' dir='ltr'><strong>praevideret</strong></span> <span class='ocrx_word' id='word_1_167' title='bbox 1083 2303 1211 2374; x_wconf 86' lang='lat' dir='ltr'><strong>quid</strong></span> <span class='ocrx_word' id='word_1_168' title='bbox 1244 2312 1419 2367; x_wconf 82' lang='lat' dir='ltr'><strong>esset,</strong></span> <span class='ocrx_word' id='word_1_169' title='bbox 1472 2319 1578 2357; x_wconf 92' lang='lat' dir='ltr'><strong>non</strong></span> <span class='ocrx_word' id='word_1_170' title='bbox 1631 2304 1758 2359; x_wconf 91' lang='lat' dir='ltr'><strong>illud</strong></span> 
     </span>
    </p>
   </div>
   <div class='ocr_carea' id='block_1_22' title="bbox 203 2391 1757 2461">
    <p class='ocr_par' dir='ltr' id='par_1_22' title="bbox 203 2391 1757 2461">
     <span class='ocr_line' id='line_1_22' title="bbox 203 2391 1757 2461; baseline 0.003 -18"><span class='ocrx_word' id='word_1_171' title='bbox 203 2393 407 2458; x_wconf 81' lang='lat' dir='ltr'><strong>quidem</strong></span> <span class='ocrx_word' id='word_1_172' title='bbox 439 2392 572 2457; x_wconf 88' lang='lat' dir='ltr'><strong>fato,</strong></span> <span class='ocrx_word' id='word_1_173' title='bbox 601 2393 692 2446; x_wconf 83' lang='lat' dir='ltr'><strong>sed</strong></span> <span class='ocrx_word' id='word_1_174' title='bbox 732 2391 906 2446; x_wconf 85' lang='lat' dir='ltr'><strong>libera</strong></span> <span class='ocrx_word' id='word_1_175' title='bbox 951 2391 1263 2461; x_wconf 89' lang='lat' dir='ltr'><strong>eligentium</strong></span> <span class='ocrx_word' id='word_1_176' title='bbox 1295 2392 1568 2448; x_wconf 80' lang='lat' dir='ltr'><strong>voluntate</strong></span> <span class='ocrx_word' id='word_1_177' title='bbox 1595 2407 1757 2448; x_wconf 88' lang='lat' dir='ltr'><strong>even-</strong></span> 
     </span>
    </p>
   </div>
   <div class='ocr_carea' id='block_1_23' title="bbox 204 2483 1761 2555">
    <p class='ocr_par' dir='ltr' id='par_1_23' title="bbox 204 2483 1761 2555">
     <span class='ocr_line' id='line_1_23' title="bbox 204 2483 1761 2555; baseline 0.002 -18"><span class='ocrx_word' id='word_1_178' title='bbox 204 2494 409 2550; x_wconf 83' lang='lat' dir='ltr'><strong>turum;</strong></span> <span class='ocrx_word' id='word_1_179' title='bbox 464 2483 771 2538; x_wconf 88' lang='lat' dir='ltr'><strong>futurarum</strong></span> <span class='ocrx_word' id='word_1_180' title='bbox 810 2498 990 2540; x_wconf 87' lang='lat' dir='ltr'><strong>rerum</strong></span> <span class='ocrx_word' id='word_1_181' title='bbox 1039 2493 1271 2540; x_wconf 81' lang='lat' dir='ltr'><strong>eventus</strong></span> <span class='ocrx_word' id='word_1_182' title='bbox 1309 2484 1662 2555; x_wconf 72' lang='lat' dir='ltr'><strong>praedicebat,</strong></span> <span class='ocrx_word' id='word_1_183' title='bbox 1696 2501 1761 2540; x_wconf 88' lang='lat' dir='ltr'><strong>ac</strong></span> 
     </span>
    </p>
   </div>
   <div class='ocr_carea' id='block_1_24' title="bbox 205 2576 1758 2647">
    <p class='ocr_par' dir='ltr' id='par_1_24' title="bbox 205 2576 1758 2647">
     <span class='ocr_line' id='line_1_24' title="bbox 205 2576 1758 2647; baseline 0.001 -17"><span class='ocrx_word' id='word_1_184' title='bbox 205 2577 493 2647; x_wconf 82' lang='lat' dir='ltr'><strong>nequitiam</strong></span> <span class='ocrx_word' id='word_1_185' title='bbox 525 2576 827 2631; x_wconf 86' lang='lat' dir='ltr'><strong>interdictis</strong></span> <span class='ocrx_word' id='word_1_186' title='bbox 857 2576 1206 2646; x_wconf 75' lang='lat' dir='ltr'><strong>prohibebat,</strong></span> <span class='ocrx_word' id='word_1_187' title='bbox 1231 2592 1326 2634; x_wconf 90' lang='lat' dir='ltr'><strong>eos</strong></span> <span class='ocrx_word' id='word_1_188' title='bbox 1357 2586 1537 2632; x_wconf 90' lang='lat' dir='ltr'><strong>autem</strong></span> <span class='ocrx_word' id='word_1_189' title='bbox 1571 2577 1758 2634; x_wconf 87' lang='lat' dir='ltr'><strong>lauda-</strong></span> 
     </span>
    </p>
   </div>
   <div class='ocr_carea' id='block_1_25' title="bbox 204 2669 1756 2740">
    <p class='ocr_par' dir='ltr' id='par_1_25' title="bbox 204 2669 1756 2740">
     <span class='ocr_line' id='line_1_25' title="bbox 204 2669 1756 2740; baseline -0.001 -18"><span class='ocrx_word' id='word_1_190' title='bbox 204 2671 307 2734; x_wconf 83' lang='lat' dir='ltr'><strong>hat,</strong></span> <span class='ocrx_word' id='word_1_191' title='bbox 350 2670 443 2740; x_wconf 85' lang='lat' dir='ltr'><strong>qui</strong></span> <span class='ocrx_word' id='word_1_192' title='bbox 481 2670 607 2724; x_wconf 88' lang='lat' dir='ltr'><strong>boni</strong></span> <span class='ocrx_word' id='word_1_193' title='bbox 641 2677 1046 2740; x_wconf 82' lang='lat' dir='ltr'><strong>permanerent.</strong></span> <span class='ocrx_word' id='word_1_194' title='bbox 1093 2669 1388 2740; x_wconf 82' lang='lat' dir='ltr'><strong>Postquam</strong></span> <span class='ocrx_word' id='word_1_195' title='bbox 1433 2678 1615 2724; x_wconf 91' lang='lat' dir='ltr'><strong>autem</strong></span> <span class='ocrx_word' id='word_1_196' title='bbox 1659 2671 1756 2723; x_wconf 61' lang='lat' dir='ltr'><strong>ho-</strong></span> 
     </span>
    </p>
   </div>
   <div class='ocr_carea' id='block_1_26' title="bbox 203 2761 1758 2831">
    <p class='ocr_par' dir='ltr' id='par_1_26' title="bbox 203 2761 1758 2831">
     <span class='ocr_line' id='line_1_26' title="bbox 203 2761 1758 2831; baseline 0.001 -17"><span class='ocrx_word' id='word_1_197' title='bbox 203 2761 368 2816; x_wconf 83' lang='lat' dir='ltr'><strong>mines</strong></span> <span class='ocrx_word' id='word_1_198' title='bbox 417 2777 585 2815; x_wconf 89' lang='lat' dir='ltr'><strong>unum</strong></span> <span class='ocrx_word' id='word_1_199' title='bbox 639 2761 874 2830; x_wconf 86' lang='lat' dir='ltr'><strong>aliquem</strong></span> <span class='ocrx_word' id='word_1_200' title='bbox 928 2771 1124 2831; x_wconf 66' lang='lat' dir='ltr'><strong>praeter</strong></span> <span class='ocrx_word' id='word_1_201' title='bbox 1173 2771 1425 2827; x_wconf 70' lang='lat' dir='ltr'><strong>caeteros,</strong></span> <span class='ocrx_word' id='word_1_202' title='bbox 1475 2769 1758 2830; x_wconf 89' lang='lat' dir='ltr'><strong>propterea</strong></span> 
     </span>
    </p>
   </div>
   <div class='ocr_carea' id='block_1_27' title="bbox 203 2851 1758 2922">
    <p class='ocr_par' dir='ltr' id='par_1_27' title="bbox 203 2851 1758 2922">
     <span class='ocr_line' id='line_1_27' title="bbox 203 2851 1758 2922; baseline -0.001 -17"><span class='ocrx_word' id='word_1_203' title='bbox 203 2853 336 2921; x_wconf 91' lang='lat' dir='ltr'><strong>quod</strong></span> <span class='ocrx_word' id='word_1_204' title='bbox 368 2853 768 2922; x_wconf 80' lang='lat' dir='ltr'><strong>primOgenitus</strong></span> <span class='ocrx_word' id='word_1_205' title='bbox 793 2859 932 2918; x_wconf 90' lang='lat' dir='ltr'><strong>erat,</strong></span> <span class='ocrx_word' id='word_1_206' title='bbox 963 2851 1297 2906; x_wconf 86' lang='lat' dir='ltr'><strong>callidiorem</strong></span> <span class='ocrx_word' id='word_1_207' title='bbox 1325 2853 1580 2907; x_wconf 87' lang='lat' dir='ltr'><strong>assectati</strong></span> <span class='ocrx_word' id='word_1_208' title='bbox 1610 2859 1758 2913; x_wconf 88' lang='lat' dir='ltr'><strong>sunt,</strong></span> 
     </span>
    </p>
   </div>
   <div class='ocr_carea' id='block_1_28' title="bbox 203 2942 1753 3012">
    <p class='ocr_par' dir='ltr' id='par_1_28' title="bbox 203 2942 1753 3012">
     <span class='ocr_line' id='line_1_28' title="bbox 203 2942 1753 3012; baseline 0 -16"><span class='ocrx_word' id='word_1_209' title='bbox 203 2961 258 2998; x_wconf 87' lang='lat' dir='ltr'><strong>ac</strong></span> <span class='ocrx_word' id='word_1_210' title='bbox 282 2959 404 2998; x_wconf 83' lang='lat' dir='ltr'><strong>eum</strong></span> <span class='ocrx_word' id='word_1_211' title='bbox 435 2945 538 2998; x_wconf 89' lang='lat' dir='ltr'><strong>etsi</strong></span> <span class='ocrx_word' id='word_1_212' title='bbox 584 2943 686 3011; x_wconf 89' lang='lat' dir='ltr'><strong>legi</strong></span> <span class='ocrx_word' id='word_1_213' title='bbox 719 2942 811 2998; x_wconf 91' lang='lat' dir='ltr'><strong>Dei</strong></span> <span class='ocrx_word' id='word_1_214' title='bbox 841 2943 1248 3008; x_wconf 76' lang='lat' dir='ltr'><strong>oblectabatur,</strong></span> <span class='ocrx_word' id='word_1_215' title='bbox 1279 2959 1376 3012; x_wconf 91' lang='lat' dir='ltr'><strong>pro</strong></span> <span class='ocrx_word' id='word_1_216' title='bbox 1408 2943 1518 2998; x_wconf 88' lang='lat' dir='ltr'><strong>Deo</strong></span> <span class='ocrx_word' id='word_1_217' title='bbox 1550 2943 1753 2998; x_wconf 89' lang='lat' dir='ltr'><strong>habue-</strong></span> 
     </span>
    </p>
   </div>
   <div class='ocr_carea' id='block_1_29' title="bbox 203 3031 1760 3104">
    <p class='ocr_par' dir='ltr' id='par_1_29' title="bbox 203 3031 1760 3104">
     <span class='ocr_line' id='line_1_29' title="bbox 203 3031 1760 3104; baseline 0.002 -19"><span class='ocrx_word' id='word_1_218' title='bbox 203 3043 348 3098; x_wconf 88' lang='lat' dir='ltr'><strong>runt;</strong></span> <span class='ocrx_word' id='word_1_219' title='bbox 396 3043 507 3087; x_wconf 86' lang='lat' dir='ltr'><strong>tum</strong></span> <span class='ocrx_word' id='word_1_220' title='bbox 542 3031 700 3088; x_wconf 83' lang='lat' dir='ltr'><strong>Verbi</strong></span> <span class='ocrx_word' id='word_1_221' title='bbox 733 3035 969 3104; x_wconf 86' lang='lat' dir='ltr'><strong>potentia</strong></span> <span class='ocrx_word' id='word_1_222' title='bbox 1000 3044 1054 3089; x_wconf 90' lang='lat' dir='ltr'><strong>et</strong></span> <span class='ocrx_word' id='word_1_223' title='bbox 1090 3034 1419 3103; x_wconf 87' lang='lat' dir='ltr'><strong>inceptorem</strong></span> <span class='ocrx_word' id='word_1_224' title='bbox 1465 3032 1760 3104; x_wconf 61' lang='lat' dir='ltr'><strong>proﬂigata:</strong></span> 
     </span>
    </p>
   </div>
   <div class='ocr_carea' id='block_1_30' title="bbox 202 3127 1760 3196">
    <p class='ocr_par' dir='ltr' id='par_1_30' title="bbox 202 3127 1760 3196">
     <span class='ocr_line' id='line_1_30' title="bbox 202 3127 1760 3196; baseline 0.001 -14"><span class='ocrx_word' id='word_1_225' title='bbox 202 3129 520 3185; x_wconf 81' lang='lat' dir='ltr'><strong>temeritatis</strong></span> <span class='ocrx_word' id='word_1_226' title='bbox 563 3137 619 3182; x_wconf 88' lang='lat' dir='ltr'><strong>et</strong></span> <span class='ocrx_word' id='word_1_227' title='bbox 661 3127 780 3196; x_wconf 84' lang='lat' dir='ltr'><strong>ejus</strong></span> <span class='ocrx_word' id='word_1_228' title='bbox 829 3138 1132 3183; x_wconf 82' lang='lat' dir='ltr'><strong>sectatores</strong></span> <span class='ocrx_word' id='word_1_229' title='bbox 1158 3142 1188 3180; x_wconf 89' lang='lat' dir='ltr'><strong>a</strong></span> <span class='ocrx_word' id='word_1_230' title='bbox 1220 3142 1316 3182; x_wconf 89' lang='lat' dir='ltr'><strong>sua</strong></span> <span class='ocrx_word' id='word_1_231' title='bbox 1369 3129 1760 3183; x_wconf 81' lang='lat' dir='ltr'><strong>consuetudine</strong></span> 
     </span>
    </p>
   </div>
   <div class='ocr_carea' id='block_1_31' title="bbox 202 3215 1758 3293">
    <p class='ocr_par' dir='ltr' id='par_1_31' title="bbox 202 3215 1758 3293">
     <span class='ocr_line' id='line_1_31' title="bbox 202 3215 1758 3293; baseline 0 -23"><span class='ocrx_word' id='word_1_232' title='bbox 202 3219 445 3274; x_wconf 79' lang='lat' dir='ltr'><strong>exclusit.</strong></span> <span class='ocrx_word' id='word_1_233' title='bbox 480 3220 656 3293; x_wconf 81' lang='lat' dir='ltr'><strong>Atque</strong></span> <span class='ocrx_word' id='word_1_234' title='bbox 691 3219 738 3273; x_wconf 88' lang='lat' dir='ltr'><strong>is</strong></span> <span class='ocrx_word' id='word_1_235' title='bbox 766 3219 986 3290; x_wconf 86' lang='lat' dir='ltr'><strong>quidem</strong></span> <span class='ocrx_word' id='word_1_236' title='bbox 1010 3259 1025 3283; x_wconf 92' lang='lat'><strong>,</strong></span> <span class='ocrx_word' id='word_1_237' title='bbox 1070 3219 1164 3287; x_wconf 85' lang='lat' dir='ltr'><strong>qui</strong></span> <span class='ocrx_word' id='word_1_238' title='bbox 1211 3218 1278 3270; x_wconf 90' lang='lat' dir='ltr'><strong>ad</strong></span> <span class='ocrx_word' id='word_1_239' title='bbox 1324 3218 1618 3285; x_wconf 86' lang='lat' dir='ltr'><strong>imaginem</strong></span> <span class='ocrx_word' id='word_1_240' title='bbox 1665 3215 1758 3271; x_wconf 90' lang='lat' dir='ltr'><strong>Dei</strong></span> 
     </span>
    </p>
   </div>
   <div class='ocr_carea' id='block_1_32' title="bbox 203 3309 1762 3380">
    <p class='ocr_par' dir='ltr' id='par_1_32' title="bbox 203 3309 1762 3380">
     <span class='ocr_line' id='line_1_32' title="bbox 203 3309 1762 3380; baseline 0.001 -17"><span class='ocrx_word' id='word_1_241' title='bbox 203 3310 368 3364; x_wconf 81' lang='lat' dir='ltr'><strong>factus</strong></span> <span class='ocrx_word' id='word_1_242' title='bbox 398 3319 543 3373; x_wconf 86' lang='lat' dir='ltr'><strong>erat,</strong></span> <span class='ocrx_word' id='word_1_243' title='bbox 585 3310 895 3366; x_wconf 87' lang='lat' dir='ltr'><strong>discedente</strong></span> <span class='ocrx_word' id='word_1_244' title='bbox 926 3311 994 3364; x_wconf 92' lang='lat' dir='ltr'><strong>ab</strong></span> <span class='ocrx_word' id='word_1_245' title='bbox 1022 3324 1086 3364; x_wconf 89' lang='lat' dir='ltr'><strong>eo</strong></span> <span class='ocrx_word' id='word_1_246' title='bbox 1115 3309 1419 3378; x_wconf 84' lang='lat' dir='ltr'><strong>potentiore</strong></span> <span class='ocrx_word' id='word_1_247' title='bbox 1449 3311 1668 3380; x_wconf 84' lang='lat' dir='ltr'><strong>spiritu,</strong></span> <span class='ocrx_word' id='word_1_248' title='bbox 1703 3311 1762 3364; x_wconf 86' lang='lat' dir='ltr'><strong>lit</strong></span> 
     </span>
    </p>
   </div>
   <div class='ocr_carea' id='block_1_33' title="bbox 203 3401 1761 3472">
    <p class='ocr_par' dir='ltr' id='par_1_33' title="bbox 203 3401 1761 3472">
     <span class='ocr_line' id='line_1_33' title="bbox 203 3401 1761 3472; baseline 0.002 -17"><span class='ocrx_word' id='word_1_249' title='bbox 203 3402 468 3467; x_wconf 81' lang='lat' dir='ltr'><strong>mortalis;</strong></span> <span class='ocrx_word' id='word_1_250' title='bbox 502 3401 592 3457; x_wconf 90' lang='lat' dir='ltr'><strong>ille</strong></span> <span class='ocrx_word' id='word_1_251' title='bbox 643 3411 822 3459; x_wconf 88' lang='lat' dir='ltr'><strong>autem</strong></span> <span class='ocrx_word' id='word_1_252' title='bbox 869 3402 1260 3472; x_wconf 88' lang='lat' dir='ltr'><strong>primogenitns</strong></span> <span class='ocrx_word' id='word_1_253' title='bbox 1315 3411 1536 3471; x_wconf 84' lang='lat' dir='ltr'><strong>propter</strong></span> <span class='ocrx_word' id='word_1_254' title='bbox 1581 3411 1761 3458; x_wconf 90' lang='lat' dir='ltr'><strong>trans-</strong></span> 
     </span>
    </p>
   </div>
   <div class='ocr_carea' id='block_1_34' title="bbox 204 3492 1758 3563">
    <p class='ocr_par' dir='ltr' id='par_1_34' title="bbox 204 3492 1758 3563">
     <span class='ocr_line' id='line_1_34' title="bbox 204 3492 1758 3563; baseline 0.001 -19"><span class='ocrx_word' id='word_1_255' title='bbox 204 3494 530 3561; x_wconf 77' lang='lat' dir='ltr'><strong>gressionem</strong></span> <span class='ocrx_word' id='word_1_256' title='bbox 562 3504 617 3546; x_wconf 93' lang='lat' dir='ltr'><strong>ct</strong></span> <span class='ocrx_word' id='word_1_257' title='bbox 648 3493 1041 3563; x_wconf 74' lang='lat' dir='ltr'><strong>ignorationem</strong></span> <span class='ocrx_word' id='word_1_258' title='bbox 1075 3492 1286 3547; x_wconf 66' lang='lat' dir='ltr'><strong>daemon</strong></span> <span class='ocrx_word' id='word_1_259' title='bbox 1322 3506 1444 3546; x_wconf 90' lang='lat' dir='ltr'><strong>esse</strong></span> <span class='ocrx_word' id='word_1_260' title='bbox 1485 3492 1704 3563; x_wconf 82' lang='lat' dir='ltr'><strong>incepit.</strong></span> <span class='ocrx_word' id='word_1_261' title='bbox 1739 3512 1758 3546; x_wconf 79' lang='grc' dir='ltr'><strong>ι</strong></span> 
     </span>
    </p>
   </div>
   <div class='ocr_carea' id='block_1_35' title="bbox 205 3582 1759 3652">
    <p class='ocr_par' dir='ltr' id='par_1_35' title="bbox 205 3582 1759 3652">
     <span class='ocr_line' id='line_1_35' title="bbox 205 3582 1759 3652; baseline 0.001 -17"><span class='ocrx_word' id='word_1_262' title='bbox 205 3583 324 3636; x_wconf 73' lang='lat' dir='ltr'><strong>lira</strong></span> <span class='ocrx_word' id='word_1_263' title='bbox 357 3585 447 3638; x_wconf 90' lang='lat' dir='ltr'><strong>bic</strong></span> <span class='ocrx_word' id='word_1_264' title='bbox 472 3595 530 3638; x_wconf 90' lang='lat' dir='ltr'><strong>et</strong></span> <span class='ocrx_word' id='word_1_265' title='bbox 569 3585 726 3651; x_wconf 83' lang='lat' dir='ltr'><strong>digna</strong></span> <span class='ocrx_word' id='word_1_266' title='bbox 759 3597 878 3652; x_wconf 73' lang='lat' dir='ltr'><strong>qua:</strong></span> <span class='ocrx_word' id='word_1_267' title='bbox 916 3584 1234 3638; x_wconf 84' lang='lat' dir='ltr'><strong>observetur</strong></span> <span class='ocrx_word' id='word_1_268' title='bbox 1263 3597 1442 3636; x_wconf 87' lang='lat' dir='ltr'><strong>rerum</strong></span> <span class='ocrx_word' id='word_1_269' title='bbox 1489 3582 1759 3637; x_wconf 78' lang='lat' dir='ltr'><strong>confusio.</strong></span> 
     </span>
    </p>
   </div>
   <div class='ocr_carea' id='block_1_36' title="bbox 205 3671 1764 3742">
    <p class='ocr_par' dir='ltr' id='par_1_36' title="bbox 205 3671 1764 3742">
     <span class='ocr_line' id='line_1_36' title="bbox 205 3671 1764 3742; baseline 0 -16"><span class='ocrx_word' id='word_1_270' title='bbox 205 3671 484 3728; x_wconf 82' lang='lat' dir='ltr'><strong>Peccatum</strong></span> <span class='ocrx_word' id='word_1_271' title='bbox 536 3674 730 3727; x_wconf 80' lang='lat' dir='ltr'><strong>Adami</strong></span> <span class='ocrx_word' id='word_1_272' title='bbox 793 3688 915 3728; x_wconf 92' lang='lat' dir='ltr'><strong>cum</strong></span> <span class='ocrx_word' id='word_1_273' title='bbox 970 3681 1192 3742; x_wconf 89' lang='lat' dir='ltr'><strong>peccato</strong></span> <span class='ocrx_word' id='word_1_274' title='bbox 1249 3673 1652 3742; x_wconf 83' lang='lat' dir='ltr'><strong>posteriorum,</strong></span> <span class='ocrx_word' id='word_1_275' title='bbox 1701 3689 1764 3726; x_wconf 89' lang='lat' dir='ltr'><strong>ac</strong></span> 
     </span>
    </p>
   </div>
   <div class='ocr_carea' id='block_1_37' title="bbox 206 3766 1765 3835">
    <p class='ocr_par' dir='ltr' id='par_1_37' title="bbox 206 3766 1765 3835">
     <span class='ocr_line' id='line_1_37' title="bbox 206 3766 1765 3835; baseline 0.002 -18"><span class='ocrx_word' id='word_1_276' title='bbox 206 3781 383 3819; x_wconf 89' lang='lat' dir='ltr'><strong>rursus</strong></span> <span class='ocrx_word' id='word_1_277' title='bbox 423 3767 652 3820; x_wconf 90' lang='lat' dir='ltr'><strong>istorum</strong></span> <span class='ocrx_word' id='word_1_278' title='bbox 686 3775 966 3835; x_wconf 85' lang='lat' dir='ltr'><strong>peccatum</strong></span> <span class='ocrx_word' id='word_1_279' title='bbox 998 3780 1121 3820; x_wconf 83' lang='lat' dir='ltr'><strong>cum</strong></span> <span class='ocrx_word' id='word_1_280' title='bbox 1151 3766 1342 3832; x_wconf 77' lang='lat' dir='ltr'><strong>Adami</strong></span> <span class='ocrx_word' id='word_1_281' title='bbox 1385 3777 1608 3835; x_wconf 88' lang='lat' dir='ltr'><strong>peccato</strong></span> <span class='ocrx_word' id='word_1_282' title='bbox 1634 3780 1765 3820; x_wconf 86' lang='lat' dir='ltr'><strong>con-</strong></span> 
     </span>
    </p>
   </div>
   <div class='ocr_carea' id='block_1_38' title="bbox 206 3858 1761 3928">
    <p class='ocr_par' dir='ltr' id='par_1_38' title="bbox 206 3858 1761 3928">
     <span class='ocr_line' id='line_1_38' title="bbox 206 3858 1761 3928; baseline 0.003 -18"><span class='ocrx_word' id='word_1_283' title='bbox 206 3858 458 3920; x_wconf 89' lang='lat' dir='ltr'><strong>funditur,</strong></span> <span class='ocrx_word' id='word_1_284' title='bbox 487 3861 644 3928; x_wconf 86' lang='lat' dir='ltr'><strong>quasi</strong></span> <span class='ocrx_word' id='word_1_285' title='bbox 673 3875 837 3913; x_wconf 87' lang='lat' dir='ltr'><strong>unum</strong></span> <span class='ocrx_word' id='word_1_286' title='bbox 867 3874 1091 3928; x_wconf 88' lang='lat' dir='ltr'><strong>prorsus</strong></span> <span class='ocrx_word' id='word_1_287' title='bbox 1121 3869 1265 3914; x_wconf 88' lang='lat' dir='ltr'><strong>esset</strong></span> <span class='ocrx_word' id='word_1_288' title='bbox 1295 3859 1576 3913; x_wconf 87' lang='lat' dir='ltr'><strong>delictum.</strong></span> <span class='ocrx_word' id='word_1_289' title='bbox 1609 3858 1761 3914; x_wconf 77' lang='lat' dir='ltr'><strong>[inde</strong></span> 
     </span>
    </p>
   </div>
   <div class='ocr_carea' id='block_1_39' title="bbox 208 3949 1764 4020">
    <p class='ocr_par' dir='ltr' id='par_1_39' title="bbox 208 3949 1764 4020">
     <span class='ocr_line' id='line_1_39' title="bbox 208 3949 1764 4020; baseline 0.001 -20"><span class='ocrx_word' id='word_1_290' title='bbox 208 3949 344 4011; x_wconf 83' lang='lat' dir='ltr'><strong>illud,</strong></span> <span class='ocrx_word' id='word_1_291' title='bbox 412 3951 524 4005; x_wconf 85' lang='lat' dir='ltr'><strong>nisi</strong></span> <span class='ocrx_word' id='word_1_292' title='bbox 564 3952 690 4020; x_wconf 87' lang='lat' dir='ltr'><strong>quia</strong></span> <span class='ocrx_word' id='word_1_293' title='bbox 740 3951 794 4004; x_wconf 92' lang='lat' dir='ltr'><strong>in</strong></span> <span class='ocrx_word' id='word_1_294' title='bbox 837 3952 1044 4004; x_wconf 82' lang='lat' dir='ltr'><strong>Adamo</strong></span> <span class='ocrx_word' id='word_1_295' title='bbox 1088 3951 1290 4020; x_wconf 90' lang='lat' dir='ltr'><strong>posteri</strong></span> <span class='ocrx_word' id='word_1_296' title='bbox 1342 3959 1669 4019; x_wconf 85' lang='lat' dir='ltr'><strong>peccarunt,</strong></span> <span class='ocrx_word' id='word_1_297' title='bbox 1707 3960 1764 4003; x_wconf 89' lang='lat' dir='ltr'><strong>et</strong></span> 
     </span>
    </p>
   </div>
   <div class='ocr_carea' id='block_1_40' title="bbox 209 4042 1766 4113">
    <p class='ocr_par' dir='ltr' id='par_1_40' title="bbox 209 4042 1766 4113">
     <span class='ocr_line' id='line_1_40' title="bbox 209 4042 1766 4113; baseline 0.001 -19"><span class='ocrx_word' id='word_1_298' title='bbox 209 4042 266 4096; x_wconf 80' lang='lat' dir='ltr'><strong>ab</strong></span> <span class='ocrx_word' id='word_1_299' title='bbox 292 4045 501 4097; x_wconf 74' lang='lat' dir='ltr'><strong>Adamo</strong></span> <span class='ocrx_word' id='word_1_300' title='bbox 546 4044 803 4112; x_wconf 74' lang='lat' dir='ltr'><strong>profluxit</strong></span> <span class='ocrx_word' id='word_1_301' title='bbox 850 4043 941 4096; x_wconf 91' lang='lat' dir='ltr'><strong>illa</strong></span> <span class='ocrx_word' id='word_1_302' title='bbox 991 4045 1169 4097; x_wconf 79' lang='lat' dir='ltr'><strong>cordis</strong></span> <span class='ocrx_word' id='word_1_303' title='bbox 1216 4045 1490 4113; x_wconf 83' lang='lat' dir='ltr'><strong>pravitas,</strong></span> <span class='ocrx_word' id='word_1_304' title='bbox 1535 4042 1618 4097; x_wconf 81' lang='lat' dir='ltr'><strong>cui</strong></span> <span class='ocrx_word' id='word_1_305' title='bbox 1668 4042 1766 4096; x_wconf 87' lang='lat' dir='ltr'><strong>ho-</strong></span> 
     </span>
    </p>
   </div>
   <div class='ocr_carea' id='block_1_41' title="bbox 210 4135 1764 4204">
    <p class='ocr_par' dir='ltr' id='par_1_41' title="bbox 210 4135 1764 4204">
     <span class='ocr_line' id='line_1_41' title="bbox 210 4135 1764 4204; baseline 0.002 -19"><span class='ocrx_word' id='word_1_306' title='bbox 210 4135 367 4190; x_wconf 74' lang='lat' dir='ltr'><strong>mines</strong></span> <span class='ocrx_word' id='word_1_307' title='bbox 407 4138 584 4190; x_wconf 86' lang='lat' dir='ltr'><strong>libere</strong></span> <span class='ocrx_word' id='word_1_308' title='bbox 624 4136 974 4204; x_wconf 83' lang='lat' dir='ltr'><strong>obsequendo</strong></span> <span class='ocrx_word' id='word_1_309' title='bbox 1002 4137 1208 4190; x_wconf 90' lang='lat' dir='ltr'><strong>cultum</strong></span> <span class='ocrx_word' id='word_1_310' title='bbox 1250 4138 1477 4191; x_wconf 88' lang='lat' dir='ltr'><strong>deorum</strong></span> <span class='ocrx_word' id='word_1_311' title='bbox 1531 4136 1764 4191; x_wconf 84' lang='lat' dir='ltr'><strong>induxe-</strong></span> 
     </span>
    </p>
   </div>
   <div class='ocr_carea' id='block_1_42' title="bbox 212 4229 351 4281">
    <p class='ocr_par' dir='ltr' id='par_1_42' title="bbox 212 4229 351 4281">
     <span class='ocr_line' id='line_1_42' title="bbox 212 4229 351 4281; baseline 0.022 -3"><span class='ocrx_word' id='word_1_312' title='bbox 212 4229 351 4281; x_wconf 78' lang='lat' dir='ltr'><strong>runt?</strong></span> 
     </span>
    </p>
   </div>
   <div class='ocr_carea' id='block_1_43' title="bbox 271 4317 1763 4388">
    <p class='ocr_par' dir='ltr' id='par_1_43' title="bbox 271 4317 1763 4388">
     <span class='ocr_line' id='line_1_43' title="bbox 271 4317 1763 4388; baseline 0.001 -18"><span class='ocrx_word' id='word_1_313' title='bbox 271 4318 349 4373; x_wconf 73' lang='grc' dir='ltr'>Ν.</span> <span class='ocrx_word' id='word_1_314' title='bbox 378 4319 546 4373; x_wconf 71' lang='lat' dir='ltr'><strong>Multa</strong></span> <span class='ocrx_word' id='word_1_315' title='bbox 577 4319 739 4373; x_wconf 89' lang='lat' dir='ltr'><strong>etiarn</strong></span> <span class='ocrx_word' id='word_1_316' title='bbox 765 4327 1062 4380; x_wconf 88' lang='lat' dir='ltr'><strong>occurrunt</strong></span> <span class='ocrx_word' id='word_1_317' title='bbox 1088 4319 1229 4388; x_wconf 91' lang='lat' dir='ltr'><strong>apud</strong></span> <span class='ocrx_word' id='word_1_318' title='bbox 1261 4317 1620 4386; x_wconf 81' lang='lat' dir='ltr'><strong>Theophilum</strong></span> <span class='ocrx_word' id='word_1_319' title='bbox 1654 4321 1763 4372; x_wconf 81' lang='lat' dir='ltr'><strong>An-</strong></span> 
     </span>
    </p>
   </div>
   <div class='ocr_carea' id='block_1_44' title="bbox 213 4410 1761 4480">
    <p class='ocr_par' dir='ltr' id='par_1_44' title="bbox 213 4410 1761 4480">
     <span class='ocr_line' id='line_1_44' title="bbox 213 4410 1761 4480; baseline -0.002 -16"><span class='ocrx_word' id='word_1_320' title='bbox 213 4413 502 4466; x_wconf 79' lang='lat' dir='ltr'><strong>tiochennm</strong></span> <span class='ocrx_word' id='word_1_321' title='bbox 539 4411 871 4476; x_wconf 87' lang='lat' dir='ltr'><strong>testimonia,</strong></span> <span class='ocrx_word' id='word_1_322' title='bbox 903 4410 955 4463; x_wconf 91' lang='lat' dir='ltr'><strong>in</strong></span> <span class='ocrx_word' id='word_1_323' title='bbox 996 4412 1196 4479; x_wconf 89' lang='lat' dir='ltr'><strong>quibus</strong></span> <span class='ocrx_word' id='word_1_324' title='bbox 1239 4420 1518 4480; x_wconf 85' lang='lat' dir='ltr'><strong>peccatum</strong></span> <span class='ocrx_word' id='word_1_325' title='bbox 1549 4410 1761 4472; x_wconf 85' lang='lat' dir='ltr'><strong>Adami,</strong></span> 
     </span>
    </p>
   </div>
   <div class='ocr_carea' id='block_1_45' title="bbox 215 4503 1765 4572">
    <p class='ocr_par' dir='ltr' id='par_1_45' title="bbox 215 4503 1765 4572">
     <span class='ocr_line' id='line_1_45' title="bbox 215 4503 1765 4572; baseline 0.001 -18"><span class='ocrx_word' id='word_1_326' title='bbox 215 4513 260 4554; x_wconf 90' lang='grc' dir='ltr'><strong>ιιι</strong></span> <span class='ocrx_word' id='word_1_327' title='bbox 298 4520 454 4557; x_wconf 89' lang='lat' dir='ltr'><strong>unum</strong></span> <span class='ocrx_word' id='word_1_328' title='bbox 501 4512 561 4557; x_wconf 89' lang='lat' dir='ltr'><strong>et</strong></span> <span class='ocrx_word' id='word_1_329' title='bbox 601 4517 888 4556; x_wconf 88' lang='lat' dir='ltr'><strong>commune</strong></span> <span class='ocrx_word' id='word_1_330' title='bbox 922 4503 1176 4556; x_wconf 89' lang='lat' dir='ltr'><strong>onmibns</strong></span> <span class='ocrx_word' id='word_1_331' title='bbox 1229 4512 1511 4572; x_wconf 87' lang='lat' dir='ltr'><strong>peccatum</strong></span> <span class='ocrx_word' id='word_1_332' title='bbox 1560 4503 1765 4559; x_wconf 87' lang='lat' dir='ltr'><strong>descri-</strong></span> 
     </span>
    </p>
   </div>
   <div class='ocr_carea' id='block_1_46' title="bbox 215 4591 1638 4662">
    <p class='ocr_par' dir='ltr' id='par_1_46' title="bbox 215 4591 1638 4662">
     <span class='ocr_line' id='line_1_46' title="bbox 215 4591 1638 4662; baseline 0.001 -17"><span class='ocrx_word' id='word_1_333' title='bbox 215 4591 359 4650; x_wconf 82' lang='lat' dir='ltr'><strong>bitur.</strong></span> <span class='ocrx_word' id='word_1_334' title='bbox 401 4611 420 4644; x_wconf 87' lang='grc' dir='ltr'><strong>ι</strong></span> <span class='ocrx_word' id='word_1_335' title='bbox 451 4592 610 4647; x_wconf 70' lang='lat' dir='ltr'><strong>Ferae</strong></span> <span class='ocrx_word' id='word_1_336' title='bbox 633 4602 814 4645; x_wconf 89' lang='lat' dir='ltr'><strong>autem</strong></span> <span class='ocrx_word' id='word_1_337' title='bbox 845 4591 1122 4656; x_wconf 87' lang='lat' dir='ltr'><strong>dicuntur,</strong></span> <span class='ocrx_word' id='word_1_338' title='bbox 1151 4593 1321 4662; x_wconf 84' lang='lat' dir='ltr'><strong>inquit</strong></span> <span class='ocrx_word' id='word_1_339' title='bbox 1362 4593 1456 4645; x_wconf 89' lang='lat' dir='ltr'><strong>lib.</strong></span> <span class='ocrx_word' id='word_1_340' title='bbox 1492 4608 1550 4654; x_wconf 89' lang='grc' dir='ltr'>ιι,</span> <span class='ocrx_word' id='word_1_341' title='bbox 1585 4609 1638 4646; x_wconf 91' lang='lat' dir='ltr'><strong>n.</strong></span> 
     </span>
    </p>
   </div>
   <div class='ocr_carea' id='block_1_47' title="bbox 213 4682 1762 4753">
    <p class='ocr_par' dir='ltr' id='par_1_47' title="bbox 213 4682 1762 4753">
     <span class='ocr_line' id='line_1_47' title="bbox 213 4682 1762 4753; baseline 0.001 -19"><span class='ocrx_word' id='word_1_342' title='bbox 213 4682 303 4734; x_wconf 69' lang='lat' dir='ltr'><strong>inab</strong></span> <span class='ocrx_word' id='word_1_343' title='bbox 326 4683 412 4736; x_wconf 70' lang='grc' dir='ltr'><strong>τοῦ</strong></span> <span class='ocrx_word' id='word_1_344' title='bbox 443 4682 797 4753; x_wconf 75' lang='grc' dir='ltr'><strong>Θηρεύεσθςιι,</strong></span> <span class='ocrx_word' id='word_1_345' title='bbox 828 4683 879 4737; x_wconf 92' lang='lat' dir='ltr'><strong>id</strong></span> <span class='ocrx_word' id='word_1_346' title='bbox 907 4693 988 4737; x_wconf 90' lang='lat' dir='ltr'><strong>est</strong></span> <span class='ocrx_word' id='word_1_347' title='bbox 1013 4697 1080 4736; x_wconf 77' lang='lat' dir='ltr'><strong>ex</strong></span> <span class='ocrx_word' id='word_1_348' title='bbox 1110 4698 1174 4736; x_wconf 88' lang='lat' dir='ltr'><strong>eo</strong></span> <span class='ocrx_word' id='word_1_349' title='bbox 1203 4683 1348 4753; x_wconf 90' lang='lat' dir='ltr'><strong>quod</strong></span> <span class='ocrx_word' id='word_1_350' title='bbox 1378 4682 1613 4738; x_wconf 60' lang='lat' dir='ltr'><strong>efferatae</strong></span> <span class='ocrx_word' id='word_1_351' title='bbox 1645 4682 1762 4737; x_wconf 88' lang='lat' dir='ltr'><strong>fue-</strong></span> 
     </span>
    </p>
   </div>
   <div class='ocr_carea' id='block_1_48' title="bbox 215 4771 1758 4841">
    <p class='ocr_par' dir='ltr' id='par_1_48' title="bbox 215 4771 1758 4841">
     <span class='ocr_line' id='line_1_48' title="bbox 215 4771 1758 4841; baseline 0.003 -19"><span class='ocrx_word' id='word_1_352' title='bbox 215 4771 342 4826; x_wconf 83' lang='lat' dir='ltr'><strong>rint:</strong></span> <span class='ocrx_word' id='word_1_353' title='bbox 373 4775 508 4828; x_wconf 83' lang='lat' dir='ltr'><strong>nihil</strong></span> <span class='ocrx_word' id='word_1_354' title='bbox 537 4772 841 4829; x_wconf 82' lang='lat' dir='ltr'><strong>enim-mali</strong></span> <span class='ocrx_word' id='word_1_355' title='bbox 873 4791 902 4826; x_wconf 88' lang='lat' dir='ltr'><strong>a</strong></span> <span class='ocrx_word' id='word_1_356' title='bbox 936 4774 1043 4828; x_wconf 86' lang='lat' dir='ltr'><strong>Deo</strong></span> <span class='ocrx_word' id='word_1_357' title='bbox 1074 4772 1294 4841; x_wconf 82' lang='lat' dir='ltr'><strong>factum,</strong></span> <span class='ocrx_word' id='word_1_358' title='bbox 1338 4776 1432 4829; x_wconf 90' lang='lat' dir='ltr'><strong>sed</strong></span> <span class='ocrx_word' id='word_1_359' title='bbox 1472 4775 1608 4828; x_wconf 83' lang='lat' dir='ltr'><strong>bona</strong></span> <span class='ocrx_word' id='word_1_360' title='bbox 1641 4789 1758 4828; x_wconf 82' lang='lat' dir='ltr'><strong>om-</strong></span> 
     </span>
    </p>
   </div>
   <div class='ocr_carea' id='block_1_49' title="bbox 216 4864 1760 4933">
    <p class='ocr_par' dir='ltr' id='par_1_49' title="bbox 216 4864 1760 4933">
     <span class='ocr_line' id='line_1_49' title="bbox 216 4864 1760 4933; baseline 0.003 -19"><span class='ocrx_word' id='word_1_361' title='bbox 216 4864 288 4915; x_wconf 89' lang='lat' dir='ltr'><strong>nia</strong></span> <span class='ocrx_word' id='word_1_362' title='bbox 325 4875 376 4918; x_wconf 90' lang='lat' dir='ltr'><strong>et</strong></span> <span class='ocrx_word' id='word_1_363' title='bbox 411 4865 576 4919; x_wconf 82' lang='lat' dir='ltr'><strong>valde</strong></span> <span class='ocrx_word' id='word_1_364' title='bbox 621 4866 790 4929; x_wconf 87' lang='lat' dir='ltr'><strong>bona;</strong></span> <span class='ocrx_word' id='word_1_365' title='bbox 828 4865 921 4920; x_wconf 86' lang='lat' dir='ltr'><strong>sed</strong></span> <span class='ocrx_word' id='word_1_366' title='bbox 961 4873 1238 4933; x_wconf 87' lang='lat' dir='ltr'><strong>peccatum</strong></span> <span class='ocrx_word' id='word_1_367' title='bbox 1283 4865 1520 4918; x_wconf 89' lang='lat' dir='ltr'><strong>hominis</strong></span> <span class='ocrx_word' id='word_1_368' title='bbox 1567 4880 1661 4918; x_wconf 90' lang='lat' dir='ltr'><strong>eas</strong></span> <span class='ocrx_word' id='word_1_369' title='bbox 1707 4864 1760 4918; x_wconf 95' lang='lat' dir='ltr'><strong>in</strong></span> 
     </span>
    </p>
   </div>
   <div class='ocr_carea' id='block_1_50' title="bbox 215 4953 1760 5020">
    <p class='ocr_par' dir='ltr' id='par_1_50' title="bbox 215 4953 1760 5020">
     <span class='ocr_line' id='line_1_50' title="bbox 215 4953 1760 5020; baseline 0.003 -16"><span class='ocrx_word' id='word_1_370' title='bbox 215 4953 381 5010; x_wconf 78' lang='lat' dir='ltr'><strong>vitium</strong></span> <span class='ocrx_word' id='word_1_371' title='bbox 428 4957 684 5011; x_wconf 75' lang='lat' dir='ltr'><strong>abduxit.</strong></span> <span class='ocrx_word' id='word_1_372' title='bbox 715 4955 946 5011; x_wconf 75' lang='lat' dir='ltr'><strong>nomine</strong></span> <span class='ocrx_word' id='word_1_373' title='bbox 979 4958 1126 5011; x_wconf 90' lang='lat' dir='ltr'><strong>enim</strong></span> <span class='ocrx_word' id='word_1_374' title='bbox 1177 4958 1244 5012; x_wconf 91' lang='lat' dir='ltr'><strong>de</strong></span> <span class='ocrx_word' id='word_1_375' title='bbox 1285 4957 1370 5009; x_wconf 91' lang='lat' dir='ltr'><strong>via</strong></span> <span class='ocrx_word' id='word_1_376' title='bbox 1418 4954 1760 5020; x_wconf 78' lang='lat' dir='ltr'><strong>deflectente,</strong></span> 
     </span>
    </p>
   </div>
   <div class='ocr_carea' id='block_1_51' title="bbox 217 5045 1766 5116">
    <p class='ocr_par' dir='ltr' id='par_1_51' title="bbox 217 5045 1766 5116">
     <span class='ocr_line' id='line_1_51' title="bbox 217 5045 1766 5116; baseline 0.003 -18"><span class='ocrx_word' id='word_1_377' title='bbox 217 5045 324 5113; x_wconf 77' lang='lat' dir='ltr'><strong>ipsa:</strong></span> <span class='ocrx_word' id='word_1_378' title='bbox 367 5061 593 5116; x_wconf 85' lang='lat' dir='ltr'><strong>quoque</strong></span> <span class='ocrx_word' id='word_1_379' title='bbox 646 5047 807 5100; x_wconf 89' lang='lat' dir='ltr'><strong>simul</strong></span> <span class='ocrx_word' id='word_1_380' title='bbox 866 5048 1224 5102; x_wconf 75' lang='lat' dir='ltr'><strong>dcﬂexerunt.</strong></span> <span class='ocrx_word' id='word_1_381' title='bbox 1297 5047 1766 5114; x_wconf 77' lang='lat' dir='ltr'><strong>Quemadmodum</strong></span> 
     </span>
    </p>
   </div>
   <div class='ocr_carea' id='block_1_52' title="bbox 216 5137 1759 5208">
    <p class='ocr_par' dir='ltr' id='par_1_52' title="bbox 216 5137 1759 5208">
     <span class='ocr_line' id='line_1_52' title="bbox 216 5137 1759 5208; baseline 0.005 -21"><span class='ocrx_word' id='word_1_382' title='bbox 216 5137 337 5190; x_wconf 75' lang='lat' dir='ltr'><strong>enim</strong></span> <span class='ocrx_word' id='word_1_383' title='bbox 370 5141 631 5193; x_wconf 87' lang='lat' dir='ltr'><strong>dominus</strong></span> <span class='ocrx_word' id='word_1_384' title='bbox 665 5139 856 5193; x_wconf 85' lang='lat' dir='ltr'><strong>domus</strong></span> <span class='ocrx_word' id='word_1_385' title='bbox 899 5155 1021 5193; x_wconf 90' lang='lat' dir='ltr'><strong>cum</strong></span> <span class='ocrx_word' id='word_1_386' title='bbox 1066 5141 1324 5208; x_wconf 68' lang='lat' dir='ltr'><strong>praeclare</strong></span> <span class='ocrx_word' id='word_1_387' title='bbox 1372 5155 1429 5194; x_wconf 90' lang='lat' dir='ltr'><strong>se</strong></span> <span class='ocrx_word' id='word_1_388' title='bbox 1457 5141 1618 5208; x_wconf 84' lang='lat' dir='ltr'><strong>gerit,</strong></span> <span class='ocrx_word' id='word_1_389' title='bbox 1664 5155 1759 5194; x_wconf 85' lang='lat' dir='ltr'><strong>ne-</strong></span> 
     </span>
    </p>
   </div>
   <div class='ocr_carea' id='block_1_53' title="bbox 217 5230 1762 5300">
    <p class='ocr_par' dir='ltr' id='par_1_53' title="bbox 217 5230 1762 5300">
     <span class='ocr_line' id='line_1_53' title="bbox 217 5230 1762 5300; baseline 0.004 -21"><span class='ocrx_word' id='word_1_390' title='bbox 217 5231 495 5286; x_wconf 81' lang='lat' dir='ltr'><strong>cessitatem</strong></span> <span class='ocrx_word' id='word_1_391' title='bbox 543 5230 718 5284; x_wconf 85' lang='lat' dir='ltr'><strong>servis</strong></span> <span class='ocrx_word' id='word_1_392' title='bbox 745 5230 900 5285; x_wconf 82' lang='lat' dir='ltr'><strong>aﬂert</strong></span> <span class='ocrx_word' id='word_1_393' title='bbox 931 5240 1076 5284; x_wconf 84' lang='lat' dir='ltr'><strong>recte</strong></span> <span class='ocrx_word' id='word_1_394' title='bbox 1111 5231 1362 5295; x_wconf 80' lang='lat' dir='ltr'><strong>vivendi;</strong></span> <span class='ocrx_word' id='word_1_395' title='bbox 1400 5231 1443 5284; x_wconf 92' lang='lat' dir='ltr'><strong>si</strong></span> <span class='ocrx_word' id='word_1_396' title='bbox 1481 5245 1608 5284; x_wconf 92' lang='lat' dir='ltr'><strong>vero</strong></span> <span class='ocrx_word' id='word_1_397' title='bbox 1638 5245 1762 5300; x_wconf 81' lang='lat' dir='ltr'><strong>pec-</strong></span> 
     </span>
    </p>
   </div>
   <div class='ocr_carea' id='block_1_54' title="bbox 219 5321 1760 5390">
    <p class='ocr_par' dir='ltr' id='par_1_54' title="bbox 219 5321 1760 5390">
     <span class='ocr_line' id='line_1_54' title="bbox 219 5321 1760 5390; baseline 0.005 -22"><span class='ocrx_word' id='word_1_398' title='bbox 219 5321 415 5382; x_wconf 71' lang='lat' dir='ltr'><strong>caverit,</strong></span> <span class='ocrx_word' id='word_1_399' title='bbox 442 5323 639 5375; x_wconf 86' lang='lat' dir='ltr'><strong>eadem</strong></span> <span class='ocrx_word' id='word_1_400' title='bbox 671 5324 816 5375; x_wconf 83' lang='lat' dir='ltr'><strong>servi</strong></span> <span class='ocrx_word' id='word_1_401' title='bbox 848 5322 1184 5390; x_wconf 91' lang='lat' dir='ltr'><strong>peccabunt;</strong></span> <span class='ocrx_word' id='word_1_402' title='bbox 1216 5321 1406 5376; x_wconf 90' lang='lat' dir='ltr'><strong>eodem</strong></span> <span class='ocrx_word' id='word_1_403' title='bbox 1445 5323 1604 5376; x_wconf 91' lang='lat' dir='ltr'><strong>modo</strong></span> <span class='ocrx_word' id='word_1_404' title='bbox 1633 5336 1760 5376; x_wconf 49' lang='lat' dir='ltr'><strong>con.</strong></span> 
     </span>
    </p>
   </div>
   <div class='ocr_carea' id='block_1_55' title="bbox 221 5411 1758 5484">
    <p class='ocr_par' dir='ltr' id='par_1_55' title="bbox 221 5411 1758 5484">
     <span class='ocr_line' id='line_1_55' title="bbox 221 5411 1758 5484; baseline 0.005 -28"><span class='ocrx_word' id='word_1_405' title='bbox 221 5411 320 5477; x_wconf 78' lang='lat' dir='ltr'><strong>tigit</strong></span> <span class='ocrx_word' id='word_1_406' title='bbox 343 5423 398 5463; x_wconf 92' lang='lat' dir='ltr'><strong>ut</strong></span> <span class='ocrx_word' id='word_1_407' title='bbox 427 5413 620 5478; x_wconf 85' lang='lat' dir='ltr'><strong>homo,</strong></span> <span class='ocrx_word' id='word_1_408' title='bbox 649 5413 738 5484; x_wconf 88' lang='lat' dir='ltr'><strong>qui</strong></span> <span class='ocrx_word' id='word_1_409' title='bbox 766 5413 1019 5468; x_wconf 88' lang='lat' dir='ltr'><strong>dominus</strong></span> <span class='ocrx_word' id='word_1_410' title='bbox 1059 5423 1201 5479; x_wconf 85' lang='lat' dir='ltr'><strong>erat,</strong></span> <span class='ocrx_word' id='word_1_411' title='bbox 1234 5423 1489 5480; x_wconf 87' lang='lat' dir='ltr'><strong>peccaret</strong></span> <span class='ocrx_word' id='word_1_412' title='bbox 1533 5424 1587 5466; x_wconf 91' lang='lat' dir='ltr'><strong>et</strong></span> <span class='ocrx_word' id='word_1_413' title='bbox 1617 5412 1758 5467; x_wconf 84' lang='lat' dir='ltr'><strong>servi</strong></span> 
     </span>
    </p>
   </div>
   <div class='ocr_carea' id='block_1_56' title="bbox 222 5505 1759 5574">
    <p class='ocr_par' dir='ltr' id='par_1_56' title="bbox 222 5505 1759 5574">
     <span class='ocr_line' id='line_1_56' title="bbox 222 5505 1759 5574; baseline 0.002 -20"><span class='ocrx_word' id='word_1_414' title='bbox 222 5516 304 5554; x_wconf 84' lang='lat' dir='ltr'><strong>una</strong></span> <span class='ocrx_word' id='word_1_415' title='bbox 346 5515 662 5574; x_wconf 86' lang='lat' dir='ltr'><strong>peccarent.</strong></span> <span class='ocrx_word' id='word_1_416' title='bbox 705 5505 836 5560; x_wconf 87' lang='lat' dir='ltr'><strong>Cum</strong></span> <span class='ocrx_word' id='word_1_417' title='bbox 877 5516 1056 5560; x_wconf 88' lang='lat' dir='ltr'><strong>autem</strong></span> <span class='ocrx_word' id='word_1_418' title='bbox 1109 5508 1333 5564; x_wconf 84' lang='lat' dir='ltr'><strong>redierit</strong></span> <span class='ocrx_word' id='word_1_419' title='bbox 1385 5509 1548 5561; x_wconf 92' lang='lat' dir='ltr'><strong>homo</strong></span> <span class='ocrx_word' id='word_1_420' title='bbox 1595 5508 1660 5559; x_wconf 91' lang='lat' dir='ltr'><strong>ad</strong></span> <span class='ocrx_word' id='word_1_421' title='bbox 1709 5508 1759 5558; x_wconf 90' lang='lat' dir='ltr'><strong>id</strong></span> 
     </span>
    </p>
   </div>
   <div class='ocr_carea' id='block_1_57' title="bbox 222 5595 1760 5666">
    <p class='ocr_par' dir='ltr' id='par_1_57' title="bbox 222 5595 1760 5666">
     <span class='ocr_line' id='line_1_57' title="bbox 222 5595 1760 5666; baseline 0.003 -19"><span class='ocrx_word' id='word_1_422' title='bbox 222 5598 335 5656; x_wconf 83' lang='lat' dir='ltr'><strong>quod</strong></span> <span class='ocrx_word' id='word_1_423' title='bbox 364 5596 664 5651; x_wconf 79' lang='lat' dir='ltr'><strong>secundum</strong></span> <span class='ocrx_word' id='word_1_424' title='bbox 701 5607 951 5651; x_wconf 86' lang='lat' dir='ltr'><strong>naturam</strong></span> <span class='ocrx_word' id='word_1_425' title='bbox 981 5607 1065 5652; x_wconf 88' lang='lat' dir='ltr'><strong>est</strong></span> <span class='ocrx_word' id='word_1_426' title='bbox 1095 5607 1150 5652; x_wconf 87' lang='lat' dir='ltr'><strong>et</strong></span> <span class='ocrx_word' id='word_1_427' title='bbox 1192 5599 1351 5651; x_wconf 84' lang='lat' dir='ltr'><strong>linem</strong></span> <span class='ocrx_word' id='word_1_428' title='bbox 1388 5597 1651 5666; x_wconf 89' lang='lat' dir='ltr'><strong>peccandi</strong></span> <span class='ocrx_word' id='word_1_429' title='bbox 1684 5595 1760 5651; x_wconf 88' lang='lat' dir='ltr'><strong>fe-</strong></span> 
     </span>
    </p>
   </div>
   <div class='ocr_carea' id='block_1_58' title="bbox 222 5687 1758 5758">
    <p class='ocr_par' dir='ltr' id='par_1_58' title="bbox 222 5687 1758 5758">
     <span class='ocr_line' id='line_1_58' title="bbox 222 5687 1758 5758; baseline 0.002 -22"><span class='ocrx_word' id='word_1_430' title='bbox 222 5687 364 5751; x_wconf 83' lang='lat' dir='ltr'><strong>cerit,</strong></span> <span class='ocrx_word' id='word_1_431' title='bbox 397 5690 594 5743; x_wconf 72' lang='lat' dir='ltr'><strong>bellua:</strong></span> <span class='ocrx_word' id='word_1_432' title='bbox 624 5702 841 5758; x_wconf 86' lang='lat' dir='ltr'><strong>quoque</strong></span> <span class='ocrx_word' id='word_1_433' title='bbox 870 5688 923 5742; x_wconf 92' lang='lat' dir='ltr'><strong>in</strong></span> <span class='ocrx_word' id='word_1_434' title='bbox 963 5688 1246 5757; x_wconf 86' lang='lat' dir='ltr'><strong>pristinam</strong></span> <span class='ocrx_word' id='word_1_435' title='bbox 1293 5689 1758 5742; x_wconf 82' lang='lat' dir='ltr'><strong>mansuetudinem</strong></span> 
     </span>
    </p>
   </div>
   <div class='ocr_carea' id='block_1_59' title="bbox 227 5776 1757 5846">
    <p class='ocr_par' dir='ltr' id='par_1_59' title="bbox 227 5776 1757 5846">
     <span class='ocr_line' id='line_1_59' title="bbox 227 5776 1757 5846; baseline 0 -18"><span class='ocrx_word' id='word_1_436' title='bbox 227 5779 566 5834; x_wconf 79' lang='lat' dir='ltr'><strong>restituentur.</strong></span> <span class='ocrx_word' id='word_1_437' title='bbox 597 5798 618 5831; x_wconf 84' lang='grc'><strong>›</strong></span> <span class='ocrx_word' id='word_1_438' title='bbox 677 5776 745 5834; x_wconf 98' lang='lat' dir='ltr'><strong>Ut</strong></span> <span class='ocrx_word' id='word_1_439' title='bbox 790 5779 1000 5834; x_wconf 83' lang='lat' dir='ltr'><strong>reditus</strong></span> <span class='ocrx_word' id='word_1_440' title='bbox 1057 5779 1120 5830; x_wconf 91' lang='lat' dir='ltr'><strong>ad</strong></span> <span class='ocrx_word' id='word_1_441' title='bbox 1167 5777 1432 5846; x_wconf 88' lang='lat' dir='ltr'><strong>justitiam</strong></span> <span class='ocrx_word' id='word_1_442' title='bbox 1485 5792 1588 5831; x_wconf 91' lang='lat' dir='ltr'><strong>non</strong></span> <span class='ocrx_word' id='word_1_443' title='bbox 1660 5777 1757 5830; x_wconf 90' lang='lat' dir='ltr'><strong>soli</strong></span> 
     </span>
    </p>
   </div>
   <div class='ocr_carea' id='block_1_60' title="bbox 229 5866 1758 5942">
    <p class='ocr_par' dir='ltr' id='par_1_60' title="bbox 229 5866 1758 5942">
     <span class='ocr_line' id='line_1_60' title="bbox 229 5866 1758 5942; baseline -0.001 -21"><span class='ocrx_word' id='word_1_444' title='bbox 229 5866 417 5936; x_wconf 63' lang='lat' dir='ltr'><strong>Manto,</strong></span> <span class='ocrx_word' id='word_1_445' title='bbox 447 5873 522 5927; x_wconf 82' lang='lat' dir='ltr'><strong>ita</strong></span> <span class='ocrx_word' id='word_1_446' title='bbox 557 5887 660 5928; x_wconf 88' lang='lat' dir='ltr'><strong>nec</strong></span> <span class='ocrx_word' id='word_1_447' title='bbox 691 5869 873 5942; x_wconf 81' lang='lat' dir='ltr'><strong>lapsus</strong></span> <span class='ocrx_word' id='word_1_448' title='bbox 900 5871 1190 5935; x_wconf 86' lang='lat' dir='ltr'><strong>tribuitur;</strong></span> <span class='ocrx_word' id='word_1_449' title='bbox 1220 5869 1310 5925; x_wconf 90' lang='lat' dir='ltr'><strong>scd</strong></span> <span class='ocrx_word' id='word_1_450' title='bbox 1341 5869 1578 5925; x_wconf 89' lang='lat' dir='ltr'><strong>omnium</strong></span> <span class='ocrx_word' id='word_1_451' title='bbox 1612 5883 1758 5923; x_wconf 86' lang='lat' dir='ltr'><strong>com-</strong></span> 
     </span>
    </p>
   </div>
   <div class='ocr_carea' id='block_1_61' title="bbox 1863 652 3426 724">
    <p class='ocr_par' dir='ltr' id='par_1_61' title="bbox 1863 652 3426 724">
     <span class='ocr_line' id='line_1_61' title="bbox 1863 652 3426 724; baseline -0.001 -16"><span class='ocrx_word' id='word_1_452' title='bbox 1863 676 1882 708; x_wconf 84' lang='grc' dir='ltr'><strong>ι</strong></span> <span class='ocrx_word' id='word_1_453' title='bbox 1911 656 2373 724; x_wconf 87' lang='lat' dir='ltr'><strong>Quemadmodum</strong></span> <span class='ocrx_word' id='word_1_454' title='bbox 2407 669 2503 709; x_wconf 91' lang='lat' dir='ltr'><strong>vas</strong></span> <span class='ocrx_word' id='word_1_455' title='bbox 2532 655 2600 720; x_wconf 87' lang='lat' dir='ltr'><strong>si,</strong></span> <span class='ocrx_word' id='word_1_456' title='bbox 2641 665 2928 724; x_wconf 86' lang='lat' dir='ltr'><strong>postquam</strong></span> <span class='ocrx_word' id='word_1_457' title='bbox 2961 655 3268 708; x_wconf 88' lang='lat' dir='ltr'><strong>confectum</strong></span> <span class='ocrx_word' id='word_1_458' title='bbox 3315 652 3426 706; x_wconf 85' lang='lat' dir='ltr'><strong>fue-</strong></span> 
     </span>
    </p>
   </div>
   <div class='ocr_carea' id='block_1_62' title="bbox 1853 744 3425 816">
    <p class='ocr_par' dir='ltr' id='par_1_62' title="bbox 1853 744 3425 816">
     <span class='ocr_line' id='line_1_62' title="bbox 1853 744 3425 816; baseline -0.004 -12"><span class='ocrx_word' id='word_1_459' title='bbox 1853 751 1948 814; x_wconf 83' lang='lat' dir='ltr'><strong>rit,</strong></span> <span class='ocrx_word' id='word_1_460' title='bbox 1977 749 2094 802; x_wconf 89' lang='lat' dir='ltr'><strong>vitii</strong></span> <span class='ocrx_word' id='word_1_461' title='bbox 2129 747 2328 816; x_wconf 85' lang='lat' dir='ltr'><strong>aliquid</strong></span> <span class='ocrx_word' id='word_1_462' title='bbox 2359 746 2579 810; x_wconf 83' lang='lat' dir='ltr'><strong>habeat,</strong></span> <span class='ocrx_word' id='word_1_463' title='bbox 2607 747 2913 800; x_wconf 88' lang='lat' dir='ltr'><strong>refunditur</strong></span> <span class='ocrx_word' id='word_1_464' title='bbox 2941 757 2996 800; x_wconf 93' lang='lat' dir='ltr'><strong>et</strong></span> <span class='ocrx_word' id='word_1_465' title='bbox 3030 744 3331 814; x_wconf 89' lang='lat' dir='ltr'><strong>refingitnr,</strong></span> <span class='ocrx_word' id='word_1_466' title='bbox 3366 754 3425 798; x_wconf 78' lang='lat' dir='ltr'><strong>ut</strong></span> 
     </span>
    </p>
   </div>
   <div class='ocr_carea' id='block_1_63' title="bbox 1859 835 3422 909">
    <p class='ocr_par' dir='ltr' id='par_1_63' title="bbox 1859 835 3422 909">
     <span class='ocr_line' id='line_1_63' title="bbox 1859 835 3422 909; baseline -0.004 -13"><span class='ocrx_word' id='word_1_467' title='bbox 1859 857 2057 896; x_wconf 89' lang='lat' dir='ltr'><strong>novum</strong></span> <span class='ocrx_word' id='word_1_468' title='bbox 2083 851 2138 898; x_wconf 87' lang='lat' dir='ltr'><strong>et</strong></span> <span class='ocrx_word' id='word_1_469' title='bbox 2171 844 2439 909; x_wconf 89' lang='lat' dir='ltr'><strong>integrum</strong></span> <span class='ocrx_word' id='word_1_470' title='bbox 2476 839 2602 902; x_wconf 84' lang='lat' dir='ltr'><strong>fiat;</strong></span> <span class='ocrx_word' id='word_1_471' title='bbox 2637 838 2778 892; x_wconf 81' lang='lat' dir='ltr'><strong>idem</strong></span> <span class='ocrx_word' id='word_1_472' title='bbox 2812 839 3016 894; x_wconf 87' lang='lat' dir='ltr'><strong>homini</strong></span> <span class='ocrx_word' id='word_1_473' title='bbox 3047 853 3193 894; x_wconf 84' lang='lat' dir='ltr'><strong>mors</strong></span> <span class='ocrx_word' id='word_1_474' title='bbox 3224 835 3382 892; x_wconf 74' lang='lat' dir='ltr'><strong>aﬂ‘ert</strong></span> <span class='ocrx_word' id='word_1_475' title='bbox 3409 855 3422 890; x_wconf 89' lang='lat'><strong>:</strong></span> 
     </span>
    </p>
   </div>
   <div class='ocr_carea' id='block_1_64' title="bbox 1856 931 3422 1005">
    <p class='ocr_par' dir='ltr' id='par_1_64' title="bbox 1856 931 3422 1005">
     <span class='ocr_line' id='line_1_64' title="bbox 1856 931 3422 1005; baseline -0.005 -15"><span class='ocrx_word' id='word_1_476' title='bbox 1856 937 2091 1005; x_wconf 88' lang='lat' dir='ltr'><strong>quodam</strong></span> <span class='ocrx_word' id='word_1_477' title='bbox 2121 935 2266 988; x_wconf 86' lang='lat' dir='ltr'><strong>enim</strong></span> <span class='ocrx_word' id='word_1_478' title='bbox 2301 935 2459 988; x_wconf 92' lang='lat' dir='ltr'><strong>modo</strong></span> <span class='ocrx_word' id='word_1_479' title='bbox 2489 931 2876 1003; x_wconf 87' lang='lat' dir='ltr'><strong>confringitur,</strong></span> <span class='ocrx_word' id='word_1_480' title='bbox 2927 941 2986 984; x_wconf 88' lang='lat' dir='ltr'><strong>ut</strong></span> <span class='ocrx_word' id='word_1_481' title='bbox 3026 945 3196 985; x_wconf 87' lang='lat' dir='ltr'><strong>sanus</strong></span> <span class='ocrx_word' id='word_1_482' title='bbox 3243 931 3295 982; x_wconf 93' lang='lat' dir='ltr'><strong>in</strong></span> <span class='ocrx_word' id='word_1_483' title='bbox 3342 946 3422 983; x_wconf 87' lang='lat' dir='ltr'><strong>re-</strong></span> 
     </span>
    </p>
   </div>
   <div class='ocr_carea' id='block_1_65' title="bbox 1859 1022 3427 1090">
    <p class='ocr_par' dir='ltr' id='par_1_65' title="bbox 1859 1022 3427 1090">
     <span class='ocr_line' id='line_1_65' title="bbox 1859 1022 3427 1090; baseline -0.006 -8"><span class='ocrx_word' id='word_1_484' title='bbox 1859 1027 2198 1084; x_wconf 87' lang='lat' dir='ltr'><strong>surrectione</strong></span> <span class='ocrx_word' id='word_1_485' title='bbox 2246 1026 2574 1090; x_wconf 86' lang='lat' dir='ltr'><strong>inveniatur,</strong></span> <span class='ocrx_word' id='word_1_486' title='bbox 2617 1023 2669 1079; x_wconf 93' lang='lat' dir='ltr'><strong>id</strong></span> <span class='ocrx_word' id='word_1_487' title='bbox 2719 1033 2802 1078; x_wconf 90' lang='lat' dir='ltr'><strong>est</strong></span> <span class='ocrx_word' id='word_1_488' title='bbox 2848 1025 3113 1090; x_wconf 88' lang='lat' dir='ltr'><strong>mundus,</strong></span> <span class='ocrx_word' id='word_1_489' title='bbox 3152 1022 3330 1090; x_wconf 83' lang='lat' dir='ltr'><strong>justus</strong></span> <span class='ocrx_word' id='word_1_490' title='bbox 3373 1031 3427 1076; x_wconf 90' lang='lat' dir='ltr'><strong>et</strong></span> 
     </span>
    </p>
   </div>
   <div class='ocr_carea' id='block_1_66' title="bbox 1861 1119 2256 1174">
    <p class='ocr_par' dir='ltr' id='par_1_66' title="bbox 1861 1119 2256 1174">
     <span class='ocr_line' id='line_1_66' title="bbox 1861 1119 2256 1174; baseline -0.01 -1"><span class='ocrx_word' id='word_1_491' title='bbox 1861 1119 2204 1174; x_wconf 87' lang='lat' dir='ltr'><strong>immortalis.</strong></span> <span class='ocrx_word' id='word_1_492' title='bbox 2236 1136 2256 1169; x_wconf 76' lang='grc' dir='ltr'><strong>ι</strong></span> 
     </span>
    </p>
   </div>
   <div class='ocr_carea' id='block_1_67' title="bbox 1932 1207 3426 1278">
    <p class='ocr_par' dir='ltr' id='par_1_67' title="bbox 1932 1207 3426 1278">
     <span class='ocr_line' id='line_1_67' title="bbox 1932 1207 3426 1278; baseline -0.004 -12"><span class='ocrx_word' id='word_1_493' title='bbox 1932 1211 2259 1267; x_wconf 88' lang='lat' dir='ltr'><strong>Persuasum</strong></span> <span class='ocrx_word' id='word_1_494' title='bbox 2276 1219 2392 1264; x_wconf 88' lang='lat' dir='ltr'><strong>erat</strong></span> <span class='ocrx_word' id='word_1_495' title='bbox 2421 1207 2721 1278; x_wconf 80' lang='lat' dir='ltr'><strong>Theophilo</strong></span> <span class='ocrx_word' id='word_1_496' title='bbox 2745 1223 2844 1263; x_wconf 90' lang='lat' dir='ltr'><strong>nos</strong></span> <span class='ocrx_word' id='word_1_497' title='bbox 2868 1223 2991 1262; x_wconf 89' lang='lat' dir='ltr'><strong>cmn</strong></span> <span class='ocrx_word' id='word_1_498' title='bbox 3015 1207 3226 1262; x_wconf 81' lang='lat' dir='ltr'><strong>Adamo</strong></span> <span class='ocrx_word' id='word_1_499' title='bbox 3249 1215 3426 1260; x_wconf 90' lang='lat' dir='ltr'><strong>morte</strong></span> 
     </span>
    </p>
   </div>
   <div class='ocr_carea' id='block_1_68' title="bbox 1861 1298 3423 1368">
    <p class='ocr_par' dir='ltr' id='par_1_68' title="bbox 1861 1298 3423 1368">
     <span class='ocr_line' id='line_1_68' title="bbox 1861 1298 3423 1368; baseline -0.005 -10"><span class='ocrx_word' id='word_1_500' title='bbox 1861 1304 2146 1358; x_wconf 87' lang='lat' dir='ltr'><strong>damnatos</strong></span> <span class='ocrx_word' id='word_1_501' title='bbox 2184 1315 2288 1355; x_wconf 91' lang='lat' dir='ltr'><strong>non</strong></span> <span class='ocrx_word' id='word_1_502' title='bbox 2321 1315 2469 1364; x_wconf 89' lang='lat' dir='ltr'><strong>esse,</strong></span> <span class='ocrx_word' id='word_1_503' title='bbox 2507 1299 2606 1354; x_wconf 85' lang='lat' dir='ltr'><strong>nisi</strong></span> <span class='ocrx_word' id='word_1_504' title='bbox 2639 1299 2764 1368; x_wconf 91' lang='lat' dir='ltr'><strong>quia</strong></span> <span class='ocrx_word' id='word_1_505' title='bbox 2814 1299 2865 1352; x_wconf 94' lang='lat' dir='ltr'><strong>in</strong></span> <span class='ocrx_word' id='word_1_506' title='bbox 2910 1298 3122 1353; x_wconf 82' lang='lat' dir='ltr'><strong>Adamo</strong></span> <span class='ocrx_word' id='word_1_507' title='bbox 3165 1298 3423 1368; x_wconf 84' lang='lat' dir='ltr'><strong>peccavi-</strong></span> 
     </span>
    </p>
   </div>
   <div class='ocr_carea' id='block_1_69' title="bbox 1862 1390 3424 1462">
    <p class='ocr_par' dir='ltr' id='par_1_69' title="bbox 1862 1390 3424 1462">
     <span class='ocr_line' id='line_1_69' title="bbox 1862 1390 3424 1462; baseline -0.004 -15"><span class='ocrx_word' id='word_1_508' title='bbox 1862 1409 2012 1456; x_wconf 85' lang='lat' dir='ltr'><strong>mus;</strong></span> <span class='ocrx_word' id='word_1_509' title='bbox 2070 1408 2247 1462; x_wconf 91' lang='lat' dir='ltr'><strong>neque</strong></span> <span class='ocrx_word' id='word_1_510' title='bbox 2297 1393 2440 1446; x_wconf 90' lang='lat' dir='ltr'><strong>enim</strong></span> <span class='ocrx_word' id='word_1_511' title='bbox 2499 1391 2666 1445; x_wconf 89' lang='lat' dir='ltr'><strong>Deum</strong></span> <span class='ocrx_word' id='word_1_512' title='bbox 2726 1390 2972 1445; x_wconf 90' lang='lat' dir='ltr'><strong>innocuis</strong></span> <span class='ocrx_word' id='word_1_513' title='bbox 3023 1393 3161 1444; x_wconf 89' lang='lat' dir='ltr'><strong>hanc</strong></span> <span class='ocrx_word' id='word_1_514' title='bbox 3210 1405 3424 1459; x_wconf 62' lang='lat' dir='ltr'><strong>poenam</strong></span> 
     </span>
    </p>
   </div>
   <div class='ocr_carea' id='block_1_70' title="bbox 1864 1483 3429 1556">
    <p class='ocr_par' dir='ltr' id='par_1_70' title="bbox 1864 1483 3429 1556">
     <span class='ocr_line' id='line_1_70' title="bbox 1864 1483 3429 1556; baseline -0.004 -16"><span class='ocrx_word' id='word_1_515' title='bbox 1864 1487 2238 1556; x_wconf 84' lang='lat' dir='ltr'><strong>impositurum</strong></span> <span class='ocrx_word' id='word_1_516' title='bbox 2273 1484 2470 1547; x_wconf 89' lang='lat' dir='ltr'><strong>fuisse;</strong></span> <span class='ocrx_word' id='word_1_517' title='bbox 2505 1498 2570 1537; x_wconf 92' lang='lat' dir='ltr'><strong>ne</strong></span> <span class='ocrx_word' id='word_1_518' title='bbox 2611 1484 2726 1550; x_wconf 88' lang='lat' dir='ltr'><strong>ipse</strong></span> <span class='ocrx_word' id='word_1_519' title='bbox 2755 1483 2946 1537; x_wconf 88' lang='lat' dir='ltr'><strong>mortis</strong></span> <span class='ocrx_word' id='word_1_520' title='bbox 2984 1491 3174 1536; x_wconf 89' lang='lat' dir='ltr'><strong>auctor</strong></span> <span class='ocrx_word' id='word_1_521' title='bbox 3201 1495 3324 1536; x_wconf 82' lang='lat' dir='ltr'><strong>esse</strong></span> <span class='ocrx_word' id='word_1_522' title='bbox 3349 1483 3429 1534; x_wconf 84' lang='lat' dir='ltr'><strong>vi-</strong></span> 
     </span>
    </p>
   </div>
   <div class='ocr_carea' id='block_1_71' title="bbox 1861 1575 3424 1639">
    <p class='ocr_par' dir='ltr' id='par_1_71' title="bbox 1861 1575 3424 1639">
     <span class='ocr_line' id='line_1_71' title="bbox 1861 1575 3424 1639; baseline -0.003 -8"><span class='ocrx_word' id='word_1_523' title='bbox 1861 1580 2103 1633; x_wconf 86' lang='lat' dir='ltr'><strong>deretur.</strong></span> <span class='ocrx_word' id='word_1_524' title='bbox 2145 1596 2164 1628; x_wconf 82' lang='grc' dir='ltr'><strong>ι</strong></span> <span class='ocrx_word' id='word_1_525' title='bbox 2205 1577 2260 1631; x_wconf 89' lang='lat' dir='ltr'><strong>Si</strong></span> <span class='ocrx_word' id='word_1_526' title='bbox 2293 1576 2656 1630; x_wconf 89' lang='lat' dir='ltr'><strong>immortalem</strong></span> <span class='ocrx_word' id='word_1_527' title='bbox 2689 1577 2755 1630; x_wconf 90' lang='lat' dir='ltr'><strong>ab</strong></span> <span class='ocrx_word' id='word_1_528' title='bbox 2787 1575 2943 1630; x_wconf 91' lang='lat' dir='ltr'><strong>initio</strong></span> <span class='ocrx_word' id='word_1_529' title='bbox 2987 1575 3230 1639; x_wconf 81' lang='lat' dir='ltr'><strong>fecisset,</strong></span> <span class='ocrx_word' id='word_1_530' title='bbox 3267 1576 3424 1629; x_wconf 89' lang='lat' dir='ltr'><strong>deum</strong></span> 
     </span>
    </p>
   </div>
   <div class='ocr_carea' id='block_1_72' title="bbox 1861 1665 3425 1736">
    <p class='ocr_par' dir='ltr' id='par_1_72' title="bbox 1861 1665 3425 1736">
     <span class='ocr_line' id='line_1_72' title="bbox 1861 1665 3425 1736; baseline -0.005 -12"><span class='ocrx_word' id='word_1_531' title='bbox 1861 1684 1984 1724; x_wconf 91' lang='lat' dir='ltr'><strong>eum</strong></span> <span class='ocrx_word' id='word_1_532' title='bbox 2029 1668 2277 1732; x_wconf 82' lang='lat' dir='ltr'><strong>fecisset,</strong></span> <span class='ocrx_word' id='word_1_533' title='bbox 2322 1668 2497 1736; x_wconf 84' lang='lat' dir='ltr'><strong>inquit</strong></span> <span class='ocrx_word' id='word_1_534' title='bbox 2548 1684 2600 1721; x_wconf 93' lang='lat' dir='ltr'><strong>n.</strong></span> <span class='ocrx_word' id='word_1_535' title='bbox 2635 1667 2742 1732; x_wconf 78' lang='lat'><strong>27;</strong></span> <span class='ocrx_word' id='word_1_536' title='bbox 2783 1682 2970 1722; x_wconf 91' lang='lat' dir='ltr'><strong>rursus</strong></span> <span class='ocrx_word' id='word_1_537' title='bbox 3016 1666 3061 1721; x_wconf 87' lang='lat' dir='ltr'><strong>si</strong></span> <span class='ocrx_word' id='word_1_538' title='bbox 3116 1665 3425 1730; x_wconf 88' lang='lat' dir='ltr'><strong>mortalem,</strong></span> 
     </span>
    </p>
   </div>
   <div class='ocr_carea' id='block_1_73' title="bbox 1864 1757 3118 1817">
    <p class='ocr_par' dir='ltr' id='par_1_73' title="bbox 1864 1757 3118 1817">
     <span class='ocr_line' id='line_1_73' title="bbox 1864 1757 3118 1817; baseline 0.001 -8"><span class='ocrx_word' id='word_1_539' title='bbox 1864 1760 2139 1813; x_wconf 78' lang='lat' dir='ltr'><strong>videretur</strong></span> <span class='ocrx_word' id='word_1_540' title='bbox 2164 1759 2303 1813; x_wconf 88' lang='lat' dir='ltr'><strong>Deus</strong></span> <span class='ocrx_word' id='word_1_541' title='bbox 2336 1773 2499 1812; x_wconf 87' lang='lat' dir='ltr'><strong>causa</strong></span> <span class='ocrx_word' id='word_1_542' title='bbox 2530 1757 2673 1812; x_wconf 84' lang='lat' dir='ltr'><strong>illius</strong></span> <span class='ocrx_word' id='word_1_543' title='bbox 2701 1758 2889 1813; x_wconf 81' lang='lat' dir='ltr'><strong>mortis</strong></span> <span class='ocrx_word' id='word_1_544' title='bbox 2917 1771 3062 1817; x_wconf 85' lang='lat' dir='ltr'><strong>esse.</strong></span> <span class='ocrx_word' id='word_1_545' title='bbox 3099 1775 3118 1810; x_wconf 77' lang='grc' dir='ltr'><strong>ι</strong></span> 
     </span>
    </p>
   </div>
   <div class='ocr_carea' id='block_1_74' title="bbox 2461 1871 2835 1927">
    <p class='ocr_par' dir='ltr' id='par_1_74' title="bbox 2461 1871 2835 1927">
     <span class='ocr_line' id='line_1_74' title="bbox 2461 1871 2835 1927; baseline -0.003 -1"><span class='ocrx_word' id='word_1_546' title='bbox 2461 1871 2686 1927; x_wconf 83' lang='lat' dir='ltr'><strong>CAPUT</strong></span> <span class='ocrx_word' id='word_1_547' title='bbox 2727 1871 2835 1925; x_wconf 71' lang='lat' dir='ltr'><strong>VII.</strong></span> 
     </span>
    </p>
   </div>
   <div class='ocr_carea' id='block_1_75' title="bbox 2393 1963 2903 2032">
    <p class='ocr_par' dir='ltr' id='par_1_75' title="bbox 2393 1963 2903 2032">
     <span class='ocr_line' id='line_1_75' title="bbox 2393 1963 2903 2032; baseline 0.004 -15"><span class='ocrx_word' id='word_1_548' title='bbox 2393 1963 2467 2019; x_wconf 79' lang='lat' dir='ltr'><strong>De</strong></span> <span class='ocrx_word' id='word_1_549' title='bbox 2491 1965 2684 2018; x_wconf 80' lang='lat' dir='ltr'><strong>Christi</strong></span> <span class='ocrx_word' id='word_1_550' title='bbox 2710 1966 2903 2032; x_wconf 84' lang='lat' dir='ltr'><strong>gratia.</strong></span> 
     </span>
    </p>
   </div>
   <div class='ocr_carea' id='block_1_76' title="bbox 1859 2077 3425 2140">
    <p class='ocr_par' dir='ltr' id='par_1_76' title="bbox 1859 2077 3425 2140">
     <span class='ocr_line' id='line_1_76' title="bbox 1859 2077 3425 2140; baseline 0 -12"><span class='ocrx_word' id='word_1_551' title='bbox 1859 2079 1905 2128; x_wconf 80' lang='grc'>1.</span> <span class='ocrx_word' id='word_1_552' title='bbox 1931 2082 2166 2138; x_wconf 79' lang='lat' dir='ltr'><strong>Charitas,</strong></span> <span class='ocrx_word' id='word_1_553' title='bbox 2191 2093 2301 2140; x_wconf 76' lang='lat' dir='ltr'><strong>quze</strong></span> <span class='ocrx_word' id='word_1_554' title='bbox 2322 2079 2486 2140; x_wconf 73' lang='lat' dir='ltr'><strong>legent</strong></span> <span class='ocrx_word' id='word_1_555' title='bbox 2512 2078 2767 2139; x_wconf 88' lang='lat' dir='ltr'><strong>adimplet,</strong></span> <span class='ocrx_word' id='word_1_556' title='bbox 2811 2092 2900 2140; x_wconf 88' lang='lat' dir='ltr'><strong>per</strong></span> <span class='ocrx_word' id='word_1_557' title='bbox 2937 2077 3085 2126; x_wconf 83' lang='lat' dir='ltr'><strong>fidem</strong></span> <span class='ocrx_word' id='word_1_558' title='bbox 3113 2081 3425 2140; x_wconf 83' lang='lat' dir='ltr'><strong>impetratur.</strong></span> 
     </span>
    </p>
   </div>
   <div class='ocr_carea' id='block_1_77' title="bbox 1929 2140 3429 2201">
    <p class='ocr_par' dir='ltr' id='par_1_77' title="bbox 1929 2140 3429 2201">
     <span class='ocr_line' id='line_1_77' title="bbox 1929 2140 3429 2201; baseline -0.001 -11"><span class='ocrx_word' id='word_1_559' title='bbox 1929 2144 1985 2192; x_wconf 91' lang='lat' dir='ltr'><strong>ll.</strong></span> <span class='ocrx_word' id='word_1_560' title='bbox 2008 2143 2123 2190; x_wconf 72' lang='lat' dir='ltr'><strong>Haec</strong></span> <span class='ocrx_word' id='word_1_561' title='bbox 2147 2143 2268 2189; x_wconf 87' lang='lat' dir='ltr'><strong>fides</strong></span> <span class='ocrx_word' id='word_1_562' title='bbox 2287 2141 2522 2189; x_wconf 87' lang='lat' dir='ltr'><strong>charttate</strong></span> <span class='ocrx_word' id='word_1_563' title='bbox 2542 2142 2749 2188; x_wconf 86' lang='lat' dir='ltr'><strong>animata</strong></span> <span class='ocrx_word' id='word_1_564' title='bbox 2786 2141 2958 2201; x_wconf 60' lang='lat' dir='ltr'><strong>gratiae</strong></span> <span class='ocrx_word' id='word_1_565' title='bbox 3002 2141 3182 2188; x_wconf 90' lang='lat' dir='ltr'><strong>donum</strong></span> <span class='ocrx_word' id='word_1_566' title='bbox 3225 2149 3319 2190; x_wconf 84' lang='lat' dir='ltr'><strong>est.</strong></span> <span class='ocrx_word' id='word_1_567' title='bbox 3346 2140 3429 2189; x_wconf 86' lang='lat' dir='ltr'><strong>ill.</strong></span> 
     </span>
    </p>
   </div>
   <div class='ocr_carea' id='block_1_78' title="bbox 1925 2201 3432 2265">
    <p class='ocr_par' dir='ltr' id='par_1_78' title="bbox 1925 2201 3432 2265">
     <span class='ocr_line' id='line_1_78' title="bbox 1925 2201 3432 2265; baseline 0 -13"><span class='ocrx_word' id='word_1_568' title='bbox 1925 2207 2078 2262; x_wconf 82' lang='lat' dir='ltr'><strong>Quam</strong></span> <span class='ocrx_word' id='word_1_569' title='bbox 2100 2212 2274 2265; x_wconf 90' lang='lat' dir='ltr'><strong>potens</strong></span> <span class='ocrx_word' id='word_1_570' title='bbox 2292 2215 2536 2263; x_wconf 90' lang='lat' dir='ltr'><strong>quamque</strong></span> <span class='ocrx_word' id='word_1_571' title='bbox 2564 2202 2734 2250; x_wconf 81' lang='lat' dir='ltr'><strong>eﬂicax</strong></span> <span class='ocrx_word' id='word_1_572' title='bbox 2776 2203 2879 2265; x_wconf 56' lang='lat' dir='ltr'><strong>hinc</strong></span> <span class='ocrx_word' id='word_1_573' title='bbox 2923 2203 3096 2265; x_wconf 82' lang='lat' dir='ltr'><strong>gratia.</strong></span> <span class='ocrx_word' id='word_1_574' title='bbox 3149 2201 3228 2251; x_wconf 84' lang='lat' dir='ltr'><strong>IV.</strong></span> <span class='ocrx_word' id='word_1_575' title='bbox 3283 2204 3432 2255; x_wconf 78' lang='lat' dir='ltr'><strong>Unica</strong></span> 
     </span>
    </p>
   </div>
   <div class='ocr_carea' id='block_1_79' title="bbox 1925 2264 3430 2326">
    <p class='ocr_par' dir='ltr' id='par_1_79' title="bbox 1925 2264 3430 2326">
     <span class='ocr_line' id='line_1_79' title="bbox 1925 2264 3430 2326; baseline 0 -11"><span class='ocrx_word' id='word_1_576' title='bbox 1925 2264 2122 2326; x_wconf 80' lang='lat' dir='ltr'><strong>semper</strong></span> <span class='ocrx_word' id='word_1_577' title='bbox 2180 2265 2580 2326; x_wconf 79' lang='lat' dir='ltr'><strong>exstititsalutis</strong></span> <span class='ocrx_word' id='word_1_578' title='bbox 2622 2266 2714 2318; x_wconf 80' lang='lat' dir='ltr'><strong>via,</strong></span> <span class='ocrx_word' id='word_1_579' title='bbox 2764 2264 2885 2326; x_wconf 80' lang='lat' dir='ltr'><strong>fides</strong></span> <span class='ocrx_word' id='word_1_580' title='bbox 2927 2264 3165 2313; x_wconf 84' lang='lat' dir='ltr'><strong>cbaritate</strong></span> <span class='ocrx_word' id='word_1_581' title='bbox 3203 2267 3430 2325; x_wconf 86' lang='lat' dir='ltr'><strong>animata,</strong></span> 
     </span>
    </p>
   </div>
   <div class='ocr_carea' id='block_1_80' title="bbox 1927 2324 3431 2388">
    <p class='ocr_par' dir='ltr' id='par_1_80' title="bbox 1927 2324 3431 2388">
     <span class='ocr_line' id='line_1_80' title="bbox 1927 2324 3431 2388; baseline 0 -12"><span class='ocrx_word' id='word_1_582' title='bbox 1927 2324 2071 2388; x_wconf 83' lang='lat' dir='ltr'><strong>quam</strong></span> <span class='ocrx_word' id='word_1_583' title='bbox 2099 2327 2255 2388; x_wconf 86' lang='lat' dir='ltr'><strong>gratia</strong></span> <span class='ocrx_word' id='word_1_584' title='bbox 2281 2324 2502 2388; x_wconf 80' lang='lat' dir='ltr'><strong>largitur.</strong></span> <span class='ocrx_word' id='word_1_585' title='bbox 2526 2325 2584 2372; x_wconf 85' lang='lat' dir='ltr'><strong>V.</strong></span> <span class='ocrx_word' id='word_1_586' title='bbox 2612 2329 2764 2384; x_wconf 76' lang='lat' dir='ltr'><strong>Quam</strong></span> <span class='ocrx_word' id='word_1_587' title='bbox 2791 2325 3036 2373; x_wconf 86' lang='lat' dir='ltr'><strong>immerito</strong></span> <span class='ocrx_word' id='word_1_588' title='bbox 3060 2327 3282 2374; x_wconf 85' lang='lat' dir='ltr'><strong>Justinus</strong></span> <span class='ocrx_word' id='word_1_589' title='bbox 3301 2324 3431 2376; x_wconf 60' lang='lat' dir='ltr'><strong>salu4</strong></span> 
     </span>
    </p>
   </div>
   <div class='ocr_carea' id='block_1_81' title="bbox 1927 2387 3428 2447">
    <p class='ocr_par' dir='ltr' id='par_1_81' title="bbox 1927 2387 3428 2447">
     <span class='ocr_line' id='line_1_81' title="bbox 1927 2387 3428 2447; baseline -0.001 -9"><span class='ocrx_word' id='word_1_590' title='bbox 1927 2387 2029 2439; x_wconf 77' lang='lat' dir='ltr'><strong>tem</strong></span> <span class='ocrx_word' id='word_1_591' title='bbox 2049 2387 2281 2436; x_wconf 66' lang='lat' dir='ltr'><strong>aeternam</strong></span> <span class='ocrx_word' id='word_1_592' title='bbox 2306 2387 2520 2436; x_wconf 88' lang='lat' dir='ltr'><strong>Socratis</strong></span> <span class='ocrx_word' id='word_1_593' title='bbox 2564 2393 2615 2434; x_wconf 82' lang='lat' dir='ltr'><strong>et</strong></span> <span class='ocrx_word' id='word_1_594' title='bbox 2645 2388 2881 2435; x_wconf 83' lang='lat' dir='ltr'><strong>Heracliti</strong></span> <span class='ocrx_word' id='word_1_595' title='bbox 2928 2389 3187 2447; x_wconf 73' lang='lat' dir='ltr'><strong>agnovisse</strong></span> <span class='ocrx_word' id='word_1_596' title='bbox 3223 2388 3428 2437; x_wconf 89' lang='lat' dir='ltr'><strong>dicatur.</strong></span> 
     </span>
    </p>
   </div>
   <div class='ocr_carea' id='block_1_82' title="bbox 1923 2447 3428 2510">
    <p class='ocr_par' dir='ltr' id='par_1_82' title="bbox 1923 2447 3428 2510">
     <span class='ocr_line' id='line_1_82' title="bbox 1923 2447 3428 2510; baseline -0.001 -9"><span class='ocrx_word' id='word_1_597' title='bbox 1923 2449 2004 2501; x_wconf 76' lang='lat' dir='ltr'><strong>Vl.</strong></span> <span class='ocrx_word' id='word_1_598' title='bbox 2032 2450 2334 2500; x_wconf 79' lang='lat' dir='ltr'><strong>Testimonia</strong></span> <span class='ocrx_word' id='word_1_599' title='bbox 2361 2450 2423 2496; x_wconf 93' lang='lat' dir='ltr'><strong>de</strong></span> <span class='ocrx_word' id='word_1_600' title='bbox 2457 2447 2633 2496; x_wconf 67' lang='lat' dir='ltr'><strong>Christi</strong></span> <span class='ocrx_word' id='word_1_601' title='bbox 2670 2451 2823 2509; x_wconf 86' lang='lat' dir='ltr'><strong>gratia</strong></span> <span class='ocrx_word' id='word_1_602' title='bbox 2869 2461 2932 2496; x_wconf 79' lang='lat' dir='ltr'><strong>ex</strong></span> <span class='ocrx_word' id='word_1_603' title='bbox 2972 2449 3191 2510; x_wconf 77' lang='lat' dir='ltr'><strong>Epistola</strong></span> <span class='ocrx_word' id='word_1_604' title='bbox 3216 2451 3276 2498; x_wconf 90' lang='lat' dir='ltr'><strong>ad</strong></span> <span class='ocrx_word' id='word_1_605' title='bbox 3313 2451 3428 2500; x_wconf 81' lang='lat' dir='ltr'><strong>Dio-</strong></span> 
     </span>
    </p>
   </div>
   <div class='ocr_carea' id='block_1_83' title="bbox 1922 2509 2686 2575">
    <p class='ocr_par' dir='ltr' id='par_1_83' title="bbox 1922 2509 2686 2575">
     <span class='ocr_line' id='line_1_83' title="bbox 1922 2509 2686 2575; baseline -0.007 -13"><span class='ocrx_word' id='word_1_606' title='bbox 1922 2521 2124 2575; x_wconf 83' lang='lat' dir='ltr'><strong>gnetum</strong></span> <span class='ocrx_word' id='word_1_607' title='bbox 2143 2519 2194 2560; x_wconf 91' lang='lat' dir='ltr'><strong>et</strong></span> <span class='ocrx_word' id='word_1_608' title='bbox 2227 2511 2418 2560; x_wconf 88' lang='lat' dir='ltr'><strong>Tatiani</strong></span> <span class='ocrx_word' id='word_1_609' title='bbox 2438 2509 2686 2559; x_wconf 86' lang='lat' dir='ltr'><strong>Oratione.</strong></span> 
     </span>
    </p>
   </div>
   <div class='ocr_carea' id='block_1_84' title="bbox 1934 2615 3428 2685">
    <p class='ocr_par' dir='ltr' id='par_1_84' title="bbox 1934 2615 3428 2685">
     <span class='ocr_line' id='line_1_84' title="bbox 1934 2615 3428 2685; baseline -0.001 -15"><span class='ocrx_word' id='word_1_610' title='bbox 1934 2616 1975 2670; x_wconf 89' lang='lat' dir='ltr'><strong>l.</strong></span> <span class='ocrx_word' id='word_1_611' title='bbox 2021 2616 2090 2672; x_wconf 88' lang='lat' dir='ltr'><strong>Ut</strong></span> <span class='ocrx_word' id='word_1_612' title='bbox 2141 2615 2320 2685; x_wconf 83' lang='lat' dir='ltr'><strong>lapsus</strong></span> <span class='ocrx_word' id='word_1_613' title='bbox 2373 2615 2536 2669; x_wconf 90' lang='lat' dir='ltr'><strong>homo</strong></span> <span class='ocrx_word' id='word_1_614' title='bbox 2583 2625 2826 2678; x_wconf 84' lang='lat' dir='ltr'><strong>sanetur,</strong></span> <span class='ocrx_word' id='word_1_615' title='bbox 2861 2615 3078 2670; x_wconf 90' lang='lat' dir='ltr'><strong>unicum</strong></span> <span class='ocrx_word' id='word_1_616' title='bbox 3129 2615 3428 2671; x_wconf 85' lang='lat' dir='ltr'><strong>remedium</strong></span> 
     </span>
    </p>
   </div>
   <div class='ocr_carea' id='block_1_85' title="bbox 1863 2707 3427 2782">
    <p class='ocr_par' dir='ltr' id='par_1_85' title="bbox 1863 2707 3427 2782">
     <span class='ocr_line' id='line_1_85' title="bbox 1863 2707 3427 2782; baseline -0.001 -17"><span class='ocrx_word' id='word_1_617' title='bbox 1863 2710 2107 2782; x_wconf 78' lang='lat' dir='ltr'><strong>agnoscit</strong></span> <span class='ocrx_word' id='word_1_618' title='bbox 2141 2708 2406 2772; x_wconf 81' lang='lat' dir='ltr'><strong>Justinus,</strong></span> <span class='ocrx_word' id='word_1_619' title='bbox 2444 2707 2603 2763; x_wconf 81' lang='lat' dir='ltr'><strong>fidem</strong></span> <span class='ocrx_word' id='word_1_620' title='bbox 2632 2724 2753 2778; x_wconf 74' lang='lat' dir='ltr'><strong>qua:</strong></span> <span class='ocrx_word' id='word_1_621' title='bbox 2800 2724 2896 2777; x_wconf 92' lang='lat' dir='ltr'><strong>per</strong></span> <span class='ocrx_word' id='word_1_622' title='bbox 2947 2711 3270 2765; x_wconf 85' lang='lat' dir='ltr'><strong>charitatem</strong></span> <span class='ocrx_word' id='word_1_623' title='bbox 3299 2725 3427 2780; x_wconf 90' lang='lat' dir='ltr'><strong>ope-</strong></span> 
     </span>
    </p>
   </div>
   <div class='ocr_carea' id='block_1_86' title="bbox 1864 2803 3426 2876">
    <p class='ocr_par' dir='ltr' id='par_1_86' title="bbox 1864 2803 3426 2876">
     <span class='ocr_line' id='line_1_86' title="bbox 1864 2803 3426 2876; baseline 0.003 -19"><span class='ocrx_word' id='word_1_624' title='bbox 1864 2813 2034 2868; x_wconf 89' lang='lat' dir='ltr'><strong>ratur,</strong></span> <span class='ocrx_word' id='word_1_625' title='bbox 2063 2817 2291 2872; x_wconf 87' lang='lat' dir='ltr'><strong>eamque</strong></span> <span class='ocrx_word' id='word_1_626' title='bbox 2314 2804 2569 2874; x_wconf 65' lang='lat' dir='ltr'><strong>gratuitm</strong></span> <span class='ocrx_word' id='word_1_627' title='bbox 2598 2815 2654 2857; x_wconf 89' lang='lat' dir='ltr'><strong>et</strong></span> <span class='ocrx_word' id='word_1_628' title='bbox 2697 2803 3084 2874; x_wconf 82' lang='lat' dir='ltr'><strong>omnipotentis</strong></span> <span class='ocrx_word' id='word_1_629' title='bbox 3114 2807 3304 2876; x_wconf 71' lang='lat' dir='ltr'><strong>gratiae</strong></span> <span class='ocrx_word' id='word_1_630' title='bbox 3332 2807 3426 2862; x_wconf 84' lang='lat' dir='ltr'><strong>do-</strong></span> 
     </span>
    </p>
   </div>
   <div class='ocr_carea' id='block_1_87' title="bbox 1863 2896 2438 2952">
    <p class='ocr_par' dir='ltr' id='par_1_87' title="bbox 1863 2896 2438 2952">
     <span class='ocr_line' id='line_1_87' title="bbox 1863 2896 2438 2952; baseline -0.002 -1"><span class='ocrx_word' id='word_1_631' title='bbox 1863 2913 1990 2951; x_wconf 91' lang='lat' dir='ltr'><strong>num</strong></span> <span class='ocrx_word' id='word_1_632' title='bbox 2023 2911 2144 2952; x_wconf 90' lang='lat' dir='ltr'><strong>esse</strong></span> <span class='ocrx_word' id='word_1_633' title='bbox 2173 2896 2438 2950; x_wconf 87' lang='lat' dir='ltr'><strong>declarat.</strong></span> 
     </span>
    </p>
   </div>
   <div class='ocr_carea' id='block_1_88' title="bbox 1931 2983 3434 3063">
    <p class='ocr_par' dir='ltr' id='par_1_88' title="bbox 1931 2983 3434 3063">
     <span class='ocr_line' id='line_1_88' title="bbox 1931 2983 3434 3063; baseline -0.002 -15"><span class='ocrx_word' id='word_1_634' title='bbox 1931 2992 2121 3057; x_wconf 67' lang='lat' dir='ltr'><strong>Judaei,</strong></span> <span class='ocrx_word' id='word_1_635' title='bbox 2149 2994 2202 3047; x_wconf 92' lang='lat' dir='ltr'><strong>in</strong></span> <span class='ocrx_word' id='word_1_636' title='bbox 2229 2983 2426 3062; x_wconf 86' lang='lat' dir='ltr'><strong>quibus</strong></span> <span class='ocrx_word' id='word_1_637' title='bbox 2462 2991 2746 3048; x_wconf 83' lang='lat' dir='ltr'><strong>ﬂectendis</strong></span> <span class='ocrx_word' id='word_1_638' title='bbox 2769 3001 2823 3046; x_wconf 91' lang='lat' dir='ltr'><strong>et</strong></span> <span class='ocrx_word' id='word_1_639' title='bbox 2854 2992 3235 3063; x_wconf 82' lang='lat' dir='ltr'><strong>permovendis</strong></span> <span class='ocrx_word' id='word_1_640' title='bbox 3266 2991 3434 3046; x_wconf 78' lang='lat' dir='ltr'><strong>mira-</strong></span> 
     </span>
    </p>
   </div>
   <div class='ocr_carea' id='block_1_89' title="bbox 1861 3084 3434 3152">
    <p class='ocr_par' dir='ltr' id='par_1_89' title="bbox 1861 3084 3434 3152">
     <span class='ocr_line' id='line_1_89' title="bbox 1861 3084 3434 3152; baseline -0.002 -11"><span class='ocrx_word' id='word_1_641' title='bbox 1861 3086 1997 3142; x_wconf 84' lang='lat' dir='ltr'><strong>biles</strong></span> <span class='ocrx_word' id='word_1_642' title='bbox 2024 3086 2283 3140; x_wconf 81' lang='lat' dir='ltr'><strong>exstitere</strong></span> <span class='ocrx_word' id='word_1_643' title='bbox 2314 3085 2601 3140; x_wconf 89' lang='lat' dir='ltr'><strong>charitatis</strong></span> <span class='ocrx_word' id='word_1_644' title='bbox 2634 3084 2828 3142; x_wconf 83' lang='lat' dir='ltr'><strong>Justini</strong></span> <span class='ocrx_word' id='word_1_645' title='bbox 2852 3095 3098 3150; x_wconf 90' lang='lat' dir='ltr'><strong>conatus,</strong></span> <span class='ocrx_word' id='word_1_646' title='bbox 3129 3086 3269 3140; x_wconf 88' lang='lat' dir='ltr'><strong>hanc</strong></span> <span class='ocrx_word' id='word_1_647' title='bbox 3296 3099 3434 3152; x_wconf 77' lang='lat' dir='ltr'><strong>pra:-</strong></span> 
     </span>
    </p>
   </div>
   <div class='ocr_carea' id='block_1_90' title="bbox 1862 3174 3430 3248">
    <p class='ocr_par' dir='ltr' id='par_1_90' title="bbox 1862 3174 3430 3248">
     <span class='ocr_line' id='line_1_90' title="bbox 1862 3174 3430 3248; baseline -0.005 -17"><span class='ocrx_word' id='word_1_648' title='bbox 1862 3178 2019 3248; x_wconf 90' lang='lat' dir='ltr'><strong>cipue</strong></span> <span class='ocrx_word' id='word_1_649' title='bbox 2060 3191 2266 3231; x_wconf 85' lang='lat' dir='ltr'><strong>moram</strong></span> <span class='ocrx_word' id='word_1_650' title='bbox 2301 3175 2528 3230; x_wconf 73' lang='lat' dir='ltr'><strong>erudita:</strong></span> <span class='ocrx_word' id='word_1_651' title='bbox 2555 3175 2696 3230; x_wconf 86' lang='lat' dir='ltr'><strong>illius</strong></span> <span class='ocrx_word' id='word_1_652' title='bbox 2731 3175 3081 3246; x_wconf 88' lang='lat' dir='ltr'><strong>disputationi</strong></span> <span class='ocrx_word' id='word_1_653' title='bbox 3108 3174 3430 3235; x_wconf 86' lang='lat' dir='ltr'><strong>attulerunt,</strong></span> 
     </span>
    </p>
   </div>
   <div class='ocr_carea' id='block_1_91' title="bbox 1865 3267 3428 3338">
    <p class='ocr_par' dir='ltr' id='par_1_91' title="bbox 1865 3267 3428 3338">
     <span class='ocr_line' id='line_1_91' title="bbox 1865 3267 3428 3338; baseline -0.003 -18"><span class='ocrx_word' id='word_1_654' title='bbox 1865 3269 2008 3338; x_wconf 86' lang='lat' dir='ltr'><strong>quod</strong></span> <span class='ocrx_word' id='word_1_655' title='bbox 2059 3267 2236 3338; x_wconf 87' lang='lat' dir='ltr'><strong>legem</strong></span> <span class='ocrx_word' id='word_1_656' title='bbox 2275 3267 2376 3322; x_wconf 88' lang='lat' dir='ltr'><strong>sibi</strong></span> <span class='ocrx_word' id='word_1_657' title='bbox 2433 3275 2488 3321; x_wconf 91' lang='lat' dir='ltr'><strong>ct</strong></span> <span class='ocrx_word' id='word_1_658' title='bbox 2542 3267 2776 3322; x_wconf 90' lang='lat' dir='ltr'><strong>liliorum</strong></span> <span class='ocrx_word' id='word_1_659' title='bbox 2824 3268 3058 3321; x_wconf 78' lang='lat' dir='ltr'><strong>Abrahze</strong></span> <span class='ocrx_word' id='word_1_660' title='bbox 3108 3267 3428 3336; x_wconf 88' lang='lat' dir='ltr'><strong>dignitatem</strong></span> 
     </span>
    </p>
   </div>
   <div class='ocr_carea' id='block_1_92' title="bbox 1865 3359 3432 3430">
    <p class='ocr_par' dir='ltr' id='par_1_92' title="bbox 1865 3359 3432 3430">
     <span class='ocr_line' id='line_1_92' title="bbox 1865 3359 3432 3430; baseline -0.003 -16"><span class='ocrx_word' id='word_1_661' title='bbox 1865 3361 1997 3414; x_wconf 86' lang='lat' dir='ltr'><strong>satis</strong></span> <span class='ocrx_word' id='word_1_662' title='bbox 2045 3375 2238 3430; x_wconf 88' lang='lat' dir='ltr'><strong>magna</strong></span> <span class='ocrx_word' id='word_1_663' title='bbox 2275 3375 2395 3416; x_wconf 89' lang='lat' dir='ltr'><strong>esse</strong></span> <span class='ocrx_word' id='word_1_664' title='bbox 2442 3359 2510 3414; x_wconf 91' lang='lat' dir='ltr'><strong>ad</strong></span> <span class='ocrx_word' id='word_1_665' title='bbox 2560 3360 2788 3416; x_wconf 87' lang='lat' dir='ltr'><strong>salutem</strong></span> <span class='ocrx_word' id='word_1_666' title='bbox 2844 3359 3094 3429; x_wconf 68' lang='lat' dir='ltr'><strong>praesidia</strong></span> <span class='ocrx_word' id='word_1_667' title='bbox 3149 3360 3432 3412; x_wconf 87' lang='lat' dir='ltr'><strong>ducerent.</strong></span> 
     </span>
    </p>
   </div>
   <div class='ocr_carea' id='block_1_93' title="bbox 1863 3445 3435 3523">
    <p class='ocr_par' dir='ltr' id='par_1_93' title="bbox 1863 3445 3435 3523">
     <span class='ocr_line' id='line_1_93' title="bbox 1863 3445 3435 3523; baseline -0.006 -14"><span class='ocrx_word' id='word_1_668' title='bbox 1863 3451 2134 3509; x_wconf 84' lang='lat' dir='ltr'><strong>Justinum</strong></span> <span class='ocrx_word' id='word_1_669' title='bbox 2190 3453 2443 3508; x_wconf 90' lang='lat' dir='ltr'><strong>hortatur</strong></span> <span class='ocrx_word' id='word_1_670' title='bbox 2510 3453 2732 3523; x_wconf 84' lang='lat' dir='ltr'><strong>Trypho</strong></span> <span class='ocrx_word' id='word_1_671' title='bbox 2794 3445 2950 3506; x_wconf 88' lang='lat' dir='ltr'><strong>initio</strong></span> <span class='ocrx_word' id='word_1_672' title='bbox 3016 3450 3310 3518; x_wconf 76' lang='lat' dir='ltr'><strong>colloquii,</strong></span> <span class='ocrx_word' id='word_1_673' title='bbox 3377 3458 3435 3500; x_wconf 93' lang='lat' dir='ltr'><strong>nt</strong></span> 
     </span>
    </p>
   </div>
   <div class='ocr_carea' id='block_1_94' title="bbox 1864 3539 3433 3612">
    <p class='ocr_par' dir='ltr' id='par_1_94' title="bbox 1864 3539 3433 3612">
     <span class='ocr_line' id='line_1_94' title="bbox 1864 3539 3433 3612; baseline -0.003 -19"><span class='ocrx_word' id='word_1_674' title='bbox 1864 3543 2040 3612; x_wconf 89' lang='lat' dir='ltr'><strong>primo</strong></span> <span class='ocrx_word' id='word_1_675' title='bbox 2071 3544 2520 3607; x_wconf 83' lang='lat' dir='ltr'><strong>circumcidatur,</strong></span> <span class='ocrx_word' id='word_1_676' title='bbox 2547 3541 2742 3596; x_wconf 91' lang='lat' dir='ltr'><strong>deinde</strong></span> <span class='ocrx_word' id='word_1_677' title='bbox 2774 3542 3046 3603; x_wconf 88' lang='lat' dir='ltr'><strong>observet,</strong></span> <span class='ocrx_word' id='word_1_678' title='bbox 3073 3549 3130 3592; x_wconf 89' lang='lat' dir='ltr'><strong>ut</strong></span> <span class='ocrx_word' id='word_1_679' title='bbox 3167 3539 3279 3607; x_wconf 82' lang='lat' dir='ltr'><strong>lege</strong></span> <span class='ocrx_word' id='word_1_680' title='bbox 3308 3554 3433 3591; x_wconf 87' lang='lat' dir='ltr'><strong>san-</strong></span> 
     </span>
    </p>
   </div>
   <div class='ocr_carea' id='block_1_95' title="bbox 1863 3630 3433 3698">
    <p class='ocr_par' dir='ltr' id='par_1_95' title="bbox 1863 3630 3433 3698">
     <span class='ocr_line' id='line_1_95' title="bbox 1863 3630 3433 3698; baseline -0.006 -7"><span class='ocrx_word' id='word_1_681' title='bbox 1863 3637 2030 3691; x_wconf 89' lang='lat' dir='ltr'><strong>citum</strong></span> <span class='ocrx_word' id='word_1_682' title='bbox 2062 3647 2162 3698; x_wconf 89' lang='lat' dir='ltr'><strong>est.</strong></span> <span class='ocrx_word' id='word_1_683' title='bbox 2190 3635 2430 3691; x_wconf 88' lang='lat' dir='ltr'><strong>Sabbata</strong></span> <span class='ocrx_word' id='word_1_684' title='bbox 2453 3645 2508 3690; x_wconf 89' lang='lat' dir='ltr'><strong>et</strong></span> <span class='ocrx_word' id='word_1_685' title='bbox 2537 3635 2656 3690; x_wconf 91' lang='lat' dir='ltr'><strong>dies</strong></span> <span class='ocrx_word' id='word_1_686' title='bbox 2687 3635 2858 3689; x_wconf 84' lang='lat' dir='ltr'><strong>festos</strong></span> <span class='ocrx_word' id='word_1_687' title='bbox 2882 3641 2936 3688; x_wconf 91' lang='lat' dir='ltr'><strong>et</strong></span> <span class='ocrx_word' id='word_1_688' title='bbox 2969 3633 3280 3686; x_wconf 87' lang='lat' dir='ltr'><strong>ncomenias</strong></span> <span class='ocrx_word' id='word_1_689' title='bbox 3317 3630 3433 3692; x_wconf 85' lang='lat' dir='ltr'><strong>Dei,</strong></span> 
     </span>
    </p>
   </div>
   <div class='ocr_carea' id='block_1_96' title="bbox 1868 3723 3432 3798">
    <p class='ocr_par' dir='ltr' id='par_1_96' title="bbox 1868 3723 3432 3798">
     <span class='ocr_line' id='line_1_96' title="bbox 1868 3723 3432 3798; baseline -0.004 -18"><span class='ocrx_word' id='word_1_690' title='bbox 1868 3744 1929 3783; x_wconf 89' lang='lat' dir='ltr'><strong>ac</strong></span> <span class='ocrx_word' id='word_1_691' title='bbox 1962 3743 2184 3798; x_wconf 89' lang='lat' dir='ltr'><strong>prorsus</strong></span> <span class='ocrx_word' id='word_1_692' title='bbox 2220 3729 2404 3784; x_wconf 90' lang='lat' dir='ltr'><strong>omnia</strong></span> <span class='ocrx_word' id='word_1_693' title='bbox 2436 3726 2606 3781; x_wconf 85' lang='lat' dir='ltr'><strong>faciat</strong></span> <span class='ocrx_word' id='word_1_694' title='bbox 2629 3741 2749 3796; x_wconf 62' lang='lat' dir='ltr'><strong>quae</strong></span> <span class='ocrx_word' id='word_1_695' title='bbox 2792 3725 2846 3779; x_wconf 93' lang='lat' dir='ltr'><strong>in</strong></span> <span class='ocrx_word' id='word_1_696' title='bbox 2896 3725 3010 3794; x_wconf 84' lang='lat' dir='ltr'><strong>lege</strong></span> <span class='ocrx_word' id='word_1_697' title='bbox 3045 3723 3247 3791; x_wconf 90' lang='lat' dir='ltr'><strong>scripta</strong></span> <span class='ocrx_word' id='word_1_698' title='bbox 3286 3730 3432 3775; x_wconf 93' lang='lat' dir='ltr'><strong>sunt.</strong></span> 
     </span>
    </p>
   </div>
   <div class='ocr_carea' id='block_1_97' title="bbox 1866 3813 3432 3875">
    <p class='ocr_par' dir='ltr' id='par_1_97' title="bbox 1866 3813 3432 3875">
     <span class='ocr_line' id='line_1_97' title="bbox 1866 3813 3432 3875; baseline -0.004 -2"><span class='ocrx_word' id='word_1_699' title='bbox 1866 3820 1957 3875; x_wconf 89' lang='lat' dir='ltr'><strong>Sic</strong></span> <span class='ocrx_word' id='word_1_700' title='bbox 1979 3822 2124 3874; x_wconf 90' lang='lat' dir='ltr'><strong>cnim</strong></span> <span class='ocrx_word' id='word_1_701' title='bbox 2155 3820 2388 3874; x_wconf 81' lang='lat' dir='ltr'><strong>fortasse</strong></span> <span class='ocrx_word' id='word_1_702' title='bbox 2416 3817 2841 3872; x_wconf 78' lang='lat' dir='ltr'><strong>misericordiam</strong></span> <span class='ocrx_word' id='word_1_703' title='bbox 2867 3815 2940 3871; x_wconf 92' lang='lat' dir='ltr'><strong>illi</strong></span> <span class='ocrx_word' id='word_1_704' title='bbox 2977 3831 3004 3868; x_wconf 90' lang='lat' dir='ltr'><strong>a</strong></span> <span class='ocrx_word' id='word_1_705' title='bbox 3035 3816 3143 3870; x_wconf 87' lang='lat' dir='ltr'><strong>Deo</strong></span> <span class='ocrx_word' id='word_1_706' title='bbox 3170 3813 3432 3868; x_wconf 88' lang='lat' dir='ltr'><strong>futuram.</strong></span> 
     </span>
    </p>
   </div>
   <div class='ocr_carea' id='block_1_98' title="bbox 1867 3908 3436 3986">
    <p class='ocr_par' dir='ltr' id='par_1_98' title="bbox 1867 3908 3436 3986">
     <span class='ocr_line' id='line_1_98' title="bbox 1867 3908 3436 3986; baseline -0.006 -16"><span class='ocrx_word' id='word_1_707' title='bbox 1867 3915 2092 3970; x_wconf 77' lang='lat' dir='ltr'><strong>Miratur</strong></span> <span class='ocrx_word' id='word_1_708' title='bbox 2119 3913 2370 3986; x_wconf 84' lang='lat' dir='ltr'><strong>Trypho,</strong></span> <span class='ocrx_word' id='word_1_709' title='bbox 2396 3927 2493 3966; x_wconf 93' lang='lat' dir='ltr'><strong>cur</strong></span> <span class='ocrx_word' id='word_1_710' title='bbox 2512 3911 2806 3967; x_wconf 87' lang='lat' dir='ltr'><strong>Christiani</strong></span> <span class='ocrx_word' id='word_1_711' title='bbox 2828 3950 2842 3974; x_wconf 93' lang='lat'><strong>,</strong></span> <span class='ocrx_word' id='word_1_712' title='bbox 2875 3925 2998 3965; x_wconf 89' lang='lat' dir='ltr'><strong>cum</strong></span> <span class='ocrx_word' id='word_1_713' title='bbox 3037 3916 3186 3962; x_wconf 87' lang='lat' dir='ltr'><strong>tanto</strong></span> <span class='ocrx_word' id='word_1_714' title='bbox 3221 3908 3436 3961; x_wconf 87' lang='lat' dir='ltr'><strong>virtutis</strong></span> 
     </span>
    </p>
   </div>
   <div class='ocr_carea' id='block_1_99' title="bbox 1865 3998 3437 4071">
    <p class='ocr_par' dir='ltr' id='par_1_99' title="bbox 1865 3998 3437 4071">
     <span class='ocr_line' id='line_1_99' title="bbox 1865 3998 3437 4071; baseline -0.008 -9"><span class='ocrx_word' id='word_1_715' title='bbox 1865 4007 2103 4062; x_wconf 75' lang='lat' dir='ltr'><strong>colendae</strong></span> <span class='ocrx_word' id='word_1_716' title='bbox 2156 4006 2335 4060; x_wconf 91' lang='lat' dir='ltr'><strong>studio</strong></span> <span class='ocrx_word' id='word_1_717' title='bbox 2374 4003 2640 4067; x_wconf 85' lang='lat' dir='ltr'><strong>ferantur,</strong></span> <span class='ocrx_word' id='word_1_718' title='bbox 2685 4003 2855 4071; x_wconf 88' lang='lat' dir='ltr'><strong>legem</strong></span> <span class='ocrx_word' id='word_1_719' title='bbox 2894 3999 3062 4055; x_wconf 75' lang='lat' dir='ltr'><strong>Mosis</strong></span> <span class='ocrx_word' id='word_1_720' title='bbox 3100 4015 3206 4054; x_wconf 90' lang='lat' dir='ltr'><strong>non</strong></span> <span class='ocrx_word' id='word_1_721' title='bbox 3249 3998 3437 4054; x_wconf 89' lang='lat' dir='ltr'><strong>obser-</strong></span> 
     </span>
    </p>
   </div>
   <div class='ocr_carea' id='block_1_100' title="bbox 1865 4089 3433 4162">
    <p class='ocr_par' dir='ltr' id='par_1_100' title="bbox 1865 4089 3433 4162">
     <span class='ocr_line' id='line_1_100' title="bbox 1865 4089 3433 4162; baseline -0.006 -11"><span class='ocrx_word' id='word_1_722' title='bbox 1865 4107 2012 4162; x_wconf 75' lang='lat' dir='ltr'><strong>vent,</strong></span> <span class='ocrx_word' id='word_1_723' title='bbox 2053 4116 2105 4153; x_wconf 93' lang='lat' dir='ltr'><strong>n.</strong></span> <span class='ocrx_word' id='word_1_724' title='bbox 2139 4097 2223 4151; x_wconf 85' lang='lat' dir='ltr'><strong>i0.</strong></span> <span class='ocrx_word' id='word_1_725' title='bbox 2261 4097 2469 4151; x_wconf 83' lang='lat' dir='ltr'><strong>Auctor</strong></span> <span class='ocrx_word' id='word_1_726' title='bbox 2501 4104 2586 4148; x_wconf 83' lang='lat' dir='ltr'><strong>est</strong></span> <span class='ocrx_word' id='word_1_727' title='bbox 2632 4092 2732 4156; x_wconf 91' lang='lat' dir='ltr'><strong>eis,</strong></span> <span class='ocrx_word' id='word_1_728' title='bbox 2762 4102 2818 4144; x_wconf 90' lang='lat' dir='ltr'><strong>ut</strong></span> <span class='ocrx_word' id='word_1_729' title='bbox 2845 4091 3124 4147; x_wconf 84' lang='lat' dir='ltr'><strong>Christum</strong></span> <span class='ocrx_word' id='word_1_730' title='bbox 3162 4089 3328 4145; x_wconf 89' lang='lat' dir='ltr'><strong>Deum</strong></span> <span class='ocrx_word' id='word_1_731' title='bbox 3368 4105 3433 4142; x_wconf 79' lang='lat' dir='ltr'><strong>ex</strong></span> 
     </span>
    </p>
   </div>
   <div class='ocr_carea' id='block_1_101' title="bbox 1866 4188 3436 4262">
    <p class='ocr_par' dir='ltr' id='par_1_101' title="bbox 1866 4188 3436 4262">
     <span class='ocr_line' id='line_1_101' title="bbox 1866 4188 3436 4262; baseline -0.008 -15"><span class='ocrx_word' id='word_1_732' title='bbox 1866 4191 2087 4262; x_wconf 78' lang='lat' dir='ltr'><strong>Virgine</strong></span> <span class='ocrx_word' id='word_1_733' title='bbox 2133 4191 2375 4261; x_wconf 87' lang='lat' dir='ltr'><strong>genitum</strong></span> <span class='ocrx_word' id='word_1_734' title='bbox 2427 4189 2652 4244; x_wconf 85' lang='lat' dir='ltr'><strong>credere</strong></span> <span class='ocrx_word' id='word_1_735' title='bbox 2715 4188 2998 4258; x_wconf 82' lang='lat' dir='ltr'><strong>desinant,</strong></span> <span class='ocrx_word' id='word_1_736' title='bbox 3051 4197 3283 4252; x_wconf 89' lang='lat' dir='ltr'><strong>eumque</strong></span> <span class='ocrx_word' id='word_1_737' title='bbox 3339 4195 3436 4250; x_wconf 87' lang='lat' dir='ltr'><strong>po-</strong></span> 
     </span>
    </p>
   </div>
   <div class='ocr_carea' id='block_1_102' title="bbox 1868 4277 3436 4348">
    <p class='ocr_par' dir='ltr' id='par_1_102' title="bbox 1868 4277 3436 4348">
     <span class='ocr_line' id='line_1_102' title="bbox 1868 4277 3436 4348; baseline -0.006 -9"><span class='ocrx_word' id='word_1_738' title='bbox 1868 4286 1973 4339; x_wconf 89' lang='lat' dir='ltr'><strong>tius</strong></span> <span class='ocrx_word' id='word_1_739' title='bbox 2029 4283 2298 4337; x_wconf 87' lang='lat' dir='ltr'><strong>hominem</strong></span> <span class='ocrx_word' id='word_1_740' title='bbox 2343 4297 2410 4335; x_wconf 81' lang='lat' dir='ltr'><strong>ex</strong></span> <span class='ocrx_word' id='word_1_741' title='bbox 2457 4281 2768 4336; x_wconf 86' lang='lat' dir='ltr'><strong>hominibus</strong></span> <span class='ocrx_word' id='word_1_742' title='bbox 2801 4280 3043 4348; x_wconf 83' lang='lat' dir='ltr'><strong>genitum</strong></span> <span class='ocrx_word' id='word_1_743' title='bbox 3093 4277 3322 4339; x_wconf 88' lang='lat' dir='ltr'><strong>dicant,</strong></span> <span class='ocrx_word' id='word_1_744' title='bbox 3371 4290 3436 4329; x_wconf 89' lang='lat' dir='ltr'><strong>ac</strong></span> 
     </span>
    </p>
   </div>
   <div class='ocr_carea' id='block_1_103' title="bbox 1867 4367 3434 4448">
    <p class='ocr_par' dir='ltr' id='par_1_103' title="bbox 1867 4367 3434 4448">
     <span class='ocr_line' id='line_1_103' title="bbox 1867 4367 3434 4448; baseline -0.01 -15"><span class='ocrx_word' id='word_1_745' title='bbox 1867 4379 1998 4448; x_wconf 87' lang='lat' dir='ltr'><strong>legis</strong></span> <span class='ocrx_word' id='word_1_746' title='bbox 2029 4385 2281 4431; x_wconf 90' lang='lat' dir='ltr'><strong>accurata</strong></span> <span class='ocrx_word' id='word_1_747' title='bbox 2311 4374 2692 4430; x_wconf 81' lang='lat' dir='ltr'><strong>observatione</strong></span> <span class='ocrx_word' id='word_1_748' title='bbox 2714 4379 3070 4426; x_wconf 80' lang='lat' dir='ltr'><strong>consecutum</strong></span> <span class='ocrx_word' id='word_1_749' title='bbox 3098 4379 3157 4423; x_wconf 90' lang='lat' dir='ltr'><strong>ut</strong></span> <span class='ocrx_word' id='word_1_750' title='bbox 3183 4367 3434 4423; x_wconf 88' lang='lat' dir='ltr'><strong>Christus</strong></span> 
     </span>
    </p>
   </div>
   <div class='ocr_carea' id='block_1_104' title="bbox 1866 4459 3432 4536">
    <p class='ocr_par' dir='ltr' id='par_1_104' title="bbox 1866 4459 3432 4536">
     <span class='ocr_line' id='line_1_104' title="bbox 1866 4459 3432 4536; baseline -0.009 -9"><span class='ocrx_word' id='word_1_751' title='bbox 1866 4473 2033 4536; x_wconf 81' lang='lat' dir='ltr'><strong>esset,</strong></span> <span class='ocrx_word' id='word_1_752' title='bbox 2067 4488 2122 4526; x_wconf 88' lang='grc' dir='ltr'><strong>ιι.</strong></span> <span class='ocrx_word' id='word_1_753' title='bbox 2158 4467 2252 4527; x_wconf 78' lang='lat'><strong>67,</strong></span> <span class='ocrx_word' id='word_1_754' title='bbox 2283 4467 2340 4521; x_wconf 86' lang='lat' dir='ltr'><strong>In</strong></span> <span class='ocrx_word' id='word_1_755' title='bbox 2372 4469 2475 4521; x_wconf 91' lang='lat' dir='ltr'><strong>hoc</strong></span> <span class='ocrx_word' id='word_1_756' title='bbox 2517 4480 2702 4520; x_wconf 86' lang='lat' dir='ltr'><strong>errore</strong></span> <span class='ocrx_word' id='word_1_757' title='bbox 2747 4464 3145 4518; x_wconf 88' lang='lat' dir='ltr'><strong>indormiebant</strong></span> <span class='ocrx_word' id='word_1_758' title='bbox 3175 4459 3366 4524; x_wconf 74' lang='lat' dir='ltr'><strong>Judaei,</strong></span> <span class='ocrx_word' id='word_1_759' title='bbox 3403 4476 3432 4513; x_wconf 90' lang='lat' dir='ltr'><strong>a</strong></span> 
     </span>
    </p>
   </div>
   <div class='ocr_carea' id='block_1_105' title="bbox 1671 4557 3432 4656">
    <p class='ocr_par' dir='ltr' id='par_1_105' title="bbox 1671 4557 3432 4656">
     <span class='ocr_line' id='line_1_105' title="bbox 1671 4557 3432 4656; baseline -0.005 -37"><span class='ocrx_word' id='word_1_760' title='bbox 1671 4557 1759 4656; x_wconf 46' lang='grc' dir='ltr'><strong>η.</strong></span> <span class='ocrx_word' id='word_1_761' title='bbox 1793 4588 1838 4642; x_wconf 74' lang='lat' dir='ltr'><strong>D</strong></span> <span class='ocrx_word' id='word_1_762' title='bbox 1870 4565 2144 4633; x_wconf 87' lang='lat' dir='ltr'><strong>magistris</strong></span> <span class='ocrx_word' id='word_1_763' title='bbox 2194 4562 2305 4616; x_wconf 85' lang='lat' dir='ltr'><strong>suis</strong></span> <span class='ocrx_word' id='word_1_764' title='bbox 2339 4559 2548 4629; x_wconf 84' lang='lat' dir='ltr'><strong>decepti</strong></span> <span class='ocrx_word' id='word_1_765' title='bbox 2592 4569 2644 4612; x_wconf 91' lang='lat' dir='ltr'><strong>ct</strong></span> <span class='ocrx_word' id='word_1_766' title='bbox 2692 4558 2906 4622; x_wconf 79' lang='lat' dir='ltr'><strong>luctati,</strong></span> <span class='ocrx_word' id='word_1_767' title='bbox 2963 4573 2992 4610; x_wconf 94' lang='lat' dir='ltr'><strong>a</strong></span> <span class='ocrx_word' id='word_1_768' title='bbox 3045 4557 3244 4626; x_wconf 81' lang='lat' dir='ltr'><strong>quibUs</strong></span> <span class='ocrx_word' id='word_1_769' title='bbox 3294 4558 3432 4610; x_wconf 87' lang='lat' dir='ltr'><strong>hanc</strong></span> 
     </span>
    </p>
   </div>
   <div class='ocr_carea' id='block_1_106' title="bbox 1865 4650 3428 4719">
    <p class='ocr_par' dir='ltr' id='par_1_106' title="bbox 1865 4650 3428 4719">
     <span class='ocr_line' id='line_1_106' title="bbox 1865 4650 3428 4719; baseline -0.007 -9"><span class='ocrx_word' id='word_1_770' title='bbox 1865 4658 2032 4710; x_wconf 89' lang='lat' dir='ltr'><strong>etiam</strong></span> <span class='ocrx_word' id='word_1_771' title='bbox 2081 4654 2450 4709; x_wconf 86' lang='lat' dir='ltr'><strong>stultissimam</strong></span> <span class='ocrx_word' id='word_1_772' title='bbox 2509 4652 2820 4719; x_wconf 84' lang='lat' dir='ltr'><strong>Opinionem</strong></span> <span class='ocrx_word' id='word_1_773' title='bbox 2870 4659 3215 4718; x_wconf 84' lang='lat' dir='ltr'><strong>acceperant,</strong></span> <span class='ocrx_word' id='word_1_774' title='bbox 3267 4650 3428 4701; x_wconf 80' lang='lat' dir='ltr'><strong>omni-</strong></span> 
     </span>
    </p>
   </div>
   <div class='ocr_carea' id='block_1_107' title="bbox 1864 4742 3431 4804">
    <p class='ocr_par' dir='ltr' id='par_1_107' title="bbox 1864 4742 3431 4804">
     <span class='ocr_line' id='line_1_107' title="bbox 1864 4742 3431 4804; baseline -0.005 -2"><span class='ocrx_word' id='word_1_775' title='bbox 1864 4749 1957 4802; x_wconf 77' lang='lat' dir='ltr'><strong>bus</strong></span> <span class='ocrx_word' id='word_1_776' title='bbox 2009 4764 2073 4802; x_wconf 75' lang='lat' dir='ltr'><strong>ex</strong></span> <span class='ocrx_word' id='word_1_777' title='bbox 2115 4747 2310 4801; x_wconf 69' lang='lat' dir='ltr'><strong>terniue</strong></span> <span class='ocrx_word' id='word_1_778' title='bbox 2363 4745 2590 4801; x_wconf 68' lang='lat' dir='ltr'><strong>Abrahc</strong></span> <span class='ocrx_word' id='word_1_779' title='bbox 2639 4743 2924 4796; x_wconf 79' lang='lat' dir='ltr'><strong>secundum</strong></span> <span class='ocrx_word' id='word_1_780' title='bbox 2971 4758 3183 4796; x_wconf 86' lang='lat' dir='ltr'><strong>carnem</strong></span> <span class='ocrx_word' id='word_1_781' title='bbox 3239 4742 3431 4804; x_wconf 77' lang='lat' dir='ltr'><strong>editis,</strong></span> 
     </span>
    </p>
   </div>
   <div class='ocr_carea' id='block_1_108' title="bbox 1863 4832 3432 4904">
    <p class='ocr_par' dir='ltr' id='par_1_108' title="bbox 1863 4832 3432 4904">
     <span class='ocr_line' id='line_1_108' title="bbox 1863 4832 3432 4904; baseline -0.005 -13"><span class='ocrx_word' id='word_1_782' title='bbox 1863 4838 2073 4892; x_wconf 80' lang='lat' dir='ltr'><strong>etiamsi</strong></span> <span class='ocrx_word' id='word_1_783' title='bbox 2118 4847 2417 4904; x_wconf 76' lang='lat' dir='ltr'><strong>peccatores</strong></span> <span class='ocrx_word' id='word_1_784' title='bbox 2466 4845 2512 4888; x_wconf 79' lang='lat' dir='ltr'><strong>et</strong></span> <span class='ocrx_word' id='word_1_785' title='bbox 2555 4833 2813 4887; x_wconf 78' lang='lat' dir='ltr'><strong>increduli</strong></span> <span class='ocrx_word' id='word_1_786' title='bbox 2843 4843 2892 4887; x_wconf 78' lang='lat' dir='ltr'><strong>et</strong></span> <span class='ocrx_word' id='word_1_787' title='bbox 2941 4832 2997 4886; x_wconf 88' lang='lat' dir='ltr'><strong>in</strong></span> <span class='ocrx_word' id='word_1_788' title='bbox 3044 4833 3208 4885; x_wconf 81' lang='lat' dir='ltr'><strong>Deum</strong></span> <span class='ocrx_word' id='word_1_789' title='bbox 3251 4844 3432 4886; x_wconf 83' lang='lat' dir='ltr'><strong>contu-</strong></span> 
     </span>
    </p>
   </div>
   <div class='ocr_carea' id='block_1_109' title="bbox 1865 4924 3396 4999">
    <p class='ocr_par' dir='ltr' id='par_1_109' title="bbox 1865 4924 3396 4999">
     <span class='ocr_line' id='line_1_109' title="bbox 1865 4924 3396 4999; baseline -0.005 -15"><span class='ocrx_word' id='word_1_790' title='bbox 1865 4947 2036 4985; x_wconf 79' lang='lat' dir='ltr'><strong>maces</strong></span> <span class='ocrx_word' id='word_1_791' title='bbox 2072 4929 2294 4999; x_wconf 78' lang='lat' dir='ltr'><strong>fuerint,</strong></span> <span class='ocrx_word' id='word_1_792' title='bbox 2323 4944 2537 4998; x_wconf 87' lang='lat' dir='ltr'><strong>regnum</strong></span> <span class='ocrx_word' id='word_1_793' title='bbox 2569 4937 2821 4980; x_wconf 69' lang='lat' dir='ltr'><strong>internum</strong></span> <span class='ocrx_word' id='word_1_794' title='bbox 2849 4926 3031 4977; x_wconf 87' lang='lat' dir='ltr'><strong>datum</strong></span> <span class='ocrx_word' id='word_1_795' title='bbox 3066 4925 3155 4990; x_wconf 81' lang='lat' dir='ltr'><strong>iri,</strong></span> <span class='ocrx_word' id='word_1_796' title='bbox 3187 4941 3240 4978; x_wconf 84' lang='grc' dir='ltr'><strong>ιι.</strong></span> <span class='ocrx_word' id='word_1_797' title='bbox 3273 4924 3396 4978; x_wconf 72' lang='grc'>140.</span> 
     </span>
    </p>
   </div>
   <div class='ocr_carea' id='block_1_110' title="bbox 1935 5018 3429 5088">
    <p class='ocr_par' dir='ltr' id='par_1_110' title="bbox 1935 5018 3429 5088">
     <span class='ocr_line' id='line_1_110' title="bbox 1935 5018 3429 5088; baseline -0.007 -10"><span class='ocrx_word' id='word_1_798' title='bbox 1935 5024 2070 5078; x_wconf 81' lang='lat' dir='ltr'><strong>Cum</strong></span> <span class='ocrx_word' id='word_1_799' title='bbox 2103 5033 2254 5076; x_wconf 89' lang='lat' dir='ltr'><strong>tanta</strong></span> <span class='ocrx_word' id='word_1_800' title='bbox 2281 5031 2428 5076; x_wconf 86' lang='lat' dir='ltr'><strong>esset</strong></span> <span class='ocrx_word' id='word_1_801' title='bbox 2455 5021 2766 5076; x_wconf 78' lang='lat' dir='ltr'><strong>Judzeorum</strong></span> <span class='ocrx_word' id='word_1_802' title='bbox 2807 5021 2858 5073; x_wconf 90' lang='lat' dir='ltr'><strong>in</strong></span> <span class='ocrx_word' id='word_1_803' title='bbox 2909 5019 3024 5088; x_wconf 77' lang='lat' dir='ltr'><strong>lege</strong></span> <span class='ocrx_word' id='word_1_804' title='bbox 3072 5018 3289 5080; x_wconf 82' lang='lat' dir='ltr'><strong>fiducia,</strong></span> <span class='ocrx_word' id='word_1_805' title='bbox 3324 5032 3429 5069; x_wconf 93' lang='lat' dir='ltr'><strong>non</strong></span> 
     </span>
    </p>
   </div>
   <div class='ocr_carea' id='block_1_111' title="bbox 1863 5108 3430 5188">
    <p class='ocr_par' dir='ltr' id='par_1_111' title="bbox 1863 5108 3430 5188">
     <span class='ocr_line' id='line_1_111' title="bbox 1863 5108 3430 5188; baseline -0.008 -16"><span class='ocrx_word' id='word_1_806' title='bbox 1863 5117 2102 5188; x_wconf 82' lang='lat' dir='ltr'><strong>segniter</strong></span> <span class='ocrx_word' id='word_1_807' title='bbox 2126 5115 2375 5170; x_wconf 81' lang='lat' dir='ltr'><strong>Justinus</strong></span> <span class='ocrx_word' id='word_1_808' title='bbox 2407 5115 2460 5168; x_wconf 92' lang='lat' dir='ltr'><strong>in</strong></span> <span class='ocrx_word' id='word_1_809' title='bbox 2493 5115 2593 5168; x_wconf 88' lang='lat' dir='ltr'><strong>hoc</strong></span> <span class='ocrx_word' id='word_1_810' title='bbox 2620 5111 2918 5166; x_wconf 79' lang='lat' dir='ltr'><strong>minuendo</strong></span> <span class='ocrx_word' id='word_1_811' title='bbox 2949 5124 3138 5165; x_wconf 92' lang='lat' dir='ltr'><strong>errore</strong></span> <span class='ocrx_word' id='word_1_812' title='bbox 3168 5108 3430 5172; x_wconf 86' lang='lat' dir='ltr'><strong>elaborat,</strong></span> 
     </span>
    </p>
   </div>
   <div class='ocr_carea' id='block_1_112' title="bbox 1863 5205 3432 5280">
    <p class='ocr_par' dir='ltr' id='par_1_112' title="bbox 1863 5205 3432 5280">
     <span class='ocr_line' id='line_1_112' title="bbox 1863 5205 3432 5280; baseline -0.008 -12"><span class='ocrx_word' id='word_1_813' title='bbox 1863 5227 1928 5268; x_wconf 87' lang='lat' dir='ltr'><strong>ac</strong></span> <span class='ocrx_word' id='word_1_814' title='bbox 1961 5212 2147 5266; x_wconf 89' lang='lat' dir='ltr'><strong>eadem</strong></span> <span class='ocrx_word' id='word_1_815' title='bbox 2179 5225 2322 5280; x_wconf 67' lang='lat' dir='ltr'><strong>smpe</strong></span> <span class='ocrx_word' id='word_1_816' title='bbox 2366 5217 2615 5279; x_wconf 88' lang='lat' dir='ltr'><strong>repetere</strong></span> <span class='ocrx_word' id='word_1_817' title='bbox 2647 5225 2750 5262; x_wconf 92' lang='lat' dir='ltr'><strong>non</strong></span> <span class='ocrx_word' id='word_1_818' title='bbox 2784 5209 3050 5277; x_wconf 87' lang='lat' dir='ltr'><strong>pigratur.</strong></span> <span class='ocrx_word' id='word_1_819' title='bbox 3086 5205 3432 5260; x_wconf 67' lang='lat' dir='ltr'><strong>Demonstrat</strong></span> 
     </span>
    </p>
   </div>
   <div class='ocr_carea' id='block_1_113' title="bbox 1861 5300 3433 5377">
    <p class='ocr_par' dir='ltr' id='par_1_113' title="bbox 1861 5300 3433 5377">
     <span class='ocr_line' id='line_1_113' title="bbox 1861 5300 3433 5377; baseline -0.006 -17"><span class='ocrx_word' id='word_1_820' title='bbox 1861 5307 2130 5377; x_wconf 80' lang='lat' dir='ltr'><strong>justitiam</strong></span> <span class='ocrx_word' id='word_1_821' title='bbox 2161 5321 2270 5360; x_wconf 89' lang='lat' dir='ltr'><strong>non</strong></span> <span class='ocrx_word' id='word_1_822' title='bbox 2306 5305 2361 5359; x_wconf 92' lang='lat' dir='ltr'><strong>in</strong></span> <span class='ocrx_word' id='word_1_823' title='bbox 2406 5303 2674 5373; x_wconf 69' lang='lat' dir='ltr'><strong>prteputii,</strong></span> <span class='ocrx_word' id='word_1_824' title='bbox 2705 5303 2800 5356; x_wconf 89' lang='lat' dir='ltr'><strong>sed</strong></span> <span class='ocrx_word' id='word_1_825' title='bbox 2833 5303 2884 5354; x_wconf 91' lang='lat' dir='ltr'><strong>in</strong></span> <span class='ocrx_word' id='word_1_826' title='bbox 2912 5300 3094 5354; x_wconf 90' lang='lat' dir='ltr'><strong>cordis</strong></span> <span class='ocrx_word' id='word_1_827' title='bbox 3141 5300 3433 5354; x_wconf 79' lang='lat' dir='ltr'><strong>circumci-</strong></span> 
     </span>
    </p>
   </div>
   <div class='ocr_carea' id='block_1_114' title="bbox 1863 5391 3430 5465">
    <p class='ocr_par' dir='ltr' id='par_1_114' title="bbox 1863 5391 3430 5465">
     <span class='ocr_line' id='line_1_114' title="bbox 1863 5391 3430 5465; baseline -0.007 -11"><span class='ocrx_word' id='word_1_828' title='bbox 1863 5401 2019 5454; x_wconf 90' lang='lat' dir='ltr'><strong>sione</strong></span> <span class='ocrx_word' id='word_1_829' title='bbox 2042 5439 2059 5465; x_wconf 95' lang='lat'><strong>,</strong></span> <span class='ocrx_word' id='word_1_830' title='bbox 2112 5413 2218 5452; x_wconf 91' lang='lat' dir='ltr'><strong>non</strong></span> <span class='ocrx_word' id='word_1_831' title='bbox 2265 5397 2320 5452; x_wconf 86' lang='lat' dir='ltr'><strong>in</strong></span> <span class='ocrx_word' id='word_1_832' title='bbox 2353 5405 2576 5450; x_wconf 76' lang='lat' dir='ltr'><strong>externa</strong></span> <span class='ocrx_word' id='word_1_833' title='bbox 2615 5393 2942 5462; x_wconf 77' lang='lat' dir='ltr'><strong>jeiuniorum</strong></span> <span class='ocrx_word' id='word_1_834' title='bbox 2978 5403 3032 5445; x_wconf 87' lang='lat' dir='ltr'><strong>et</strong></span> <span class='ocrx_word' id='word_1_835' title='bbox 3066 5391 3430 5446; x_wconf 76' lang='lat' dir='ltr'><strong>Sabbatornm</strong></span> 
     </span>
    </p>
   </div>
   <div class='ocr_carea' id='block_1_115' title="bbox 1863 5485 3434 5558">
    <p class='ocr_par' dir='ltr' id='par_1_115' title="bbox 1863 5485 3434 5558">
     <span class='ocr_line' id='line_1_115' title="bbox 1863 5485 3434 5558; baseline -0.006 -13"><span class='ocrx_word' id='word_1_836' title='bbox 1863 5491 2248 5547; x_wconf 87' lang='lat' dir='ltr'><strong>observatione</strong></span> <span class='ocrx_word' id='word_1_837' title='bbox 2281 5490 2510 5558; x_wconf 87' lang='lat' dir='ltr'><strong>positam</strong></span> <span class='ocrx_word' id='word_1_838' title='bbox 2547 5502 2689 5552; x_wconf 90' lang='lat' dir='ltr'><strong>esse,</strong></span> <span class='ocrx_word' id='word_1_839' title='bbox 2715 5489 2807 5540; x_wconf 91' lang='lat' dir='ltr'><strong>sed</strong></span> <span class='ocrx_word' id='word_1_840' title='bbox 2845 5488 2897 5539; x_wconf 89' lang='lat' dir='ltr'><strong>in</strong></span> <span class='ocrx_word' id='word_1_841' title='bbox 2933 5485 3288 5538; x_wconf 88' lang='lat' dir='ltr'><strong>interioribus</strong></span> <span class='ocrx_word' id='word_1_842' title='bbox 3322 5485 3434 5536; x_wconf 88' lang='lat' dir='ltr'><strong>ani-</strong></span> 
     </span>
    </p>
   </div>
   <div class='ocr_carea' id='block_1_116' title="bbox 1863 5577 3432 5651">
    <p class='ocr_par' dir='ltr' id='par_1_116' title="bbox 1863 5577 3432 5651">
     <span class='ocr_line' id='line_1_116' title="bbox 1863 5577 3432 5651; baseline -0.008 -11"><span class='ocrx_word' id='word_1_843' title='bbox 1863 5585 1939 5641; x_wconf 91' lang='lat' dir='ltr'><strong>mi</strong></span> <span class='ocrx_word' id='word_1_844' title='bbox 1973 5583 2382 5648; x_wconf 79' lang='lat' dir='ltr'><strong>aﬂectionibus,</strong></span> <span class='ocrx_word' id='word_1_845' title='bbox 2415 5598 2555 5651; x_wconf 79' lang='lat' dir='ltr'><strong>quas</strong></span> <span class='ocrx_word' id='word_1_846' title='bbox 2581 5598 2701 5636; x_wconf 89' lang='lat' dir='ltr'><strong>cum</strong></span> <span class='ocrx_word' id='word_1_847' title='bbox 2745 5581 2984 5635; x_wconf 79' lang='lat' dir='ltr'><strong>externis</strong></span> <span class='ocrx_word' id='word_1_848' title='bbox 3014 5577 3266 5647; x_wconf 86' lang='lat' dir='ltr'><strong>operibus</strong></span> <span class='ocrx_word' id='word_1_849' title='bbox 3298 5592 3432 5630; x_wconf 88' lang='lat' dir='ltr'><strong>con-</strong></span> 
     </span>
    </p>
   </div>
   <div class='ocr_carea' id='block_1_117' title="bbox 1858 5668 3430 5748">
    <p class='ocr_par' dir='ltr' id='par_1_117' title="bbox 1858 5668 3430 5748">
     <span class='ocr_line' id='line_1_117' title="bbox 1858 5668 3430 5748; baseline -0.006 -19"><span class='ocrx_word' id='word_1_850' title='bbox 1858 5677 2010 5748; x_wconf 82' lang='lat' dir='ltr'><strong>jungi</strong></span> <span class='ocrx_word' id='word_1_851' title='bbox 2044 5677 2322 5747; x_wconf 73' lang='lat' dir='ltr'><strong>prOphette</strong></span> <span class='ocrx_word' id='word_1_852' title='bbox 2357 5675 2700 5744; x_wconf 67' lang='lat' dir='ltr'><strong>prmeipinnt.</strong></span> <span class='ocrx_word' id='word_1_853' title='bbox 2736 5672 2889 5726; x_wconf 80' lang='lat' dir='ltr'><strong>&quot;th</strong></span> <span class='ocrx_word' id='word_1_854' title='bbox 2923 5671 2974 5724; x_wconf 90' lang='lat' dir='ltr'><strong>in</strong></span> <span class='ocrx_word' id='word_1_855' title='bbox 3001 5684 3154 5723; x_wconf 88' lang='lat' dir='ltr'><strong>usum</strong></span> <span class='ocrx_word' id='word_1_856' title='bbox 3185 5668 3430 5720; x_wconf 88' lang='lat' dir='ltr'><strong>testimo-</strong></span> 
     </span>
    </p>
   </div>
   <div class='ocr_carea' id='block_1_118' title="bbox 1865 5760 3431 5838">
    <p class='ocr_par' dir='ltr' id='par_1_118' title="bbox 1865 5760 3431 5838">
     <span class='ocr_line' id='line_1_118' title="bbox 1865 5760 3431 5838; baseline -0.009 -15"><span class='ocrx_word' id='word_1_857' title='bbox 1865 5771 1951 5823; x_wconf 90' lang='lat' dir='ltr'><strong>nia</strong></span> <span class='ocrx_word' id='word_1_858' title='bbox 1985 5783 2050 5823; x_wconf 81' lang='lat' dir='ltr'><strong>ex</strong></span> <span class='ocrx_word' id='word_1_859' title='bbox 2089 5769 2226 5823; x_wconf 86' lang='lat' dir='ltr'><strong>Isaia</strong></span> <span class='ocrx_word' id='word_1_860' title='bbox 2257 5778 2310 5823; x_wconf 91' lang='lat' dir='ltr'><strong>et</strong></span> <span class='ocrx_word' id='word_1_861' title='bbox 2355 5767 2500 5821; x_wconf 80' lang='lat' dir='ltr'><strong>Mose</strong></span> <span class='ocrx_word' id='word_1_862' title='bbox 2547 5767 2834 5838; x_wconf 86' lang='lat' dir='ltr'><strong>depromit,</strong></span> <span class='ocrx_word' id='word_1_863' title='bbox 2881 5781 2934 5818; x_wconf 92' lang='lat' dir='ltr'><strong>n.</strong></span> <span class='ocrx_word' id='word_1_864' title='bbox 2981 5763 3046 5818; x_wconf 74' lang='grc' dir='ltr'>Η</span> <span class='ocrx_word' id='word_1_865' title='bbox 3081 5772 3137 5818; x_wconf 88' lang='lat' dir='ltr'><strong>et</strong></span> <span class='ocrx_word' id='word_1_866' title='bbox 3182 5761 3266 5815; x_wconf 69' lang='lat'><strong>15.</strong></span> <span class='ocrx_word' id='word_1_867' title='bbox 3313 5760 3431 5814; x_wconf 83' lang='lat' dir='ltr'><strong>Uno</strong></span> 
     </span>
    </p>
   </div>
   <div class='ocr_carea' id='block_1_119' title="bbox 1863 5853 3426 5932">
    <p class='ocr_par' dir='ltr' id='par_1_119' title="bbox 1863 5853 3426 5932">
     <span class='ocr_line' id='line_1_119' title="bbox 1863 5853 3426 5932; baseline -0.01 -14"><span class='ocrx_word' id='word_1_868' title='bbox 1863 5867 2030 5921; x_wconf 85' lang='lat' dir='ltr'><strong>verbo</strong></span> <span class='ocrx_word' id='word_1_869' title='bbox 2064 5863 2264 5917; x_wconf 87' lang='lat' dir='ltr'><strong>nullam</strong></span> <span class='ocrx_word' id='word_1_870' title='bbox 2301 5862 2544 5932; x_wconf 80' lang='lat' dir='ltr'><strong>agnoscit</strong></span> <span class='ocrx_word' id='word_1_871' title='bbox 2582 5861 2870 5929; x_wconf 84' lang='lat' dir='ltr'><strong>justitiam,</strong></span> <span class='ocrx_word' id='word_1_872' title='bbox 2909 5871 3027 5924; x_wconf 61' lang='lat' dir='ltr'><strong>qua!</strong></span> <span class='ocrx_word' id='word_1_873' title='bbox 3055 5872 3160 5911; x_wconf 89' lang='lat' dir='ltr'><strong>non</strong></span> <span class='ocrx_word' id='word_1_874' title='bbox 3193 5869 3257 5909; x_wconf 79' lang='lat' dir='ltr'><strong>ex</strong></span> <span class='ocrx_word' id='word_1_875' title='bbox 3296 5853 3426 5906; x_wconf 88' lang='lat' dir='ltr'><strong>cha-</strong></span> 
     </span>
    </p>
   </div>
  </div>
