4120 6404
735 344 795 399 5|
1653 341 1708 398 S.
1744 338 2080 398 JUSTINCS
2109 339 2585 400 PHILOSOPHUS
2621 341 2706 396 ET
2745 339 3056 398 MARTYR.
3893 341 3968 400 δι

742 464 900 516 ritate
933 462 1330 530 proficiscatur.
1366 480 1382 512 ι
1412 460 1670 515 Bil'ariam
1704 465 1887 533 igitur,
1936 466 2110 533 inquit
2134 482 2187 518 ιι.
2214 464 2304 527 93,
2335 471 2378 527 Α
2411 465 2594 519 milem
2630 465 2785 518 tidem
2826 464 3018 520 simus.
3052 461 3516 529 Quemadmodum
3547 463 3692 517 enim
3731 462 3818 519 ille
3841 463 3967 519 voci

739 555 1030 608 distributa
1067 556 1212 607 omni
1241 555 1477 624 justitia.
1505 554 1556 606 in
1587 553 1751 607 Deum
1785 565 1838 607 et
1872 556 2148 620 homines,
2181 559 2301 627 qui-

741 660 979 713 cunque,
1013 646 1088 698 ait
1125 645 1430 713 Scriptura,
1467 644 1647 714 diligit
1697 645 1982 700 Dominum
2025 648 2192 703 Deum
2235 664 2300 702 ex

740 746 853 789 toto
881 737 1042 791 corde
1072 744 1124 789 et
1153 752 1219 791 ex
1266 736 1394 790 totis
1439 736 1643 790 viribus
1669 746 1725 790 et
1755 738 2060 805 proximum
2107 751 2167 793 ut
2213 755 2302 794 se-

740 827 917 895 ipsum
950 827 988 889 ⁶,
1034 829 1081 881 is
1129 843 1253 882 vere
1295 827 1474 895 justus
1523 827 1707 882 fuerit.
1747 847 1768 880 ι
1825 828 2036 882 Nullam
2078 844 2302 900 prorsus

739 919 1131 986 ignorationem
1178 919 1415 973 admittit
1447 935 1513 974 ne
1548 920 1600 973 in
1634 921 2020 988 perditissimis
2053 925 2299 991 quidem,

739 1024 842 1076 qua
866 1012 1076 1077 peccati
1118 1026 1312 1080 expers
1336 1012 1406 1064 sit
1438 1012 1700 1080 quidquid
1735 1012 1792 1066 fit
1821 1024 2010 1068 contra
2058 1013 2162 1072 hoc
2200 1015 2304 1070 du-

738 1103 860 1168 plex
894 1114 1244 1170 przeceptum.
1277 1102 1366 1156 Sic
1397 1103 1540 1157 enim
1567 1103 1767 1158 ibidem
1794 1103 2075 1174 loquitur:
2111 1121 2132 1160 ι
2166 1102 2301 1161 Nam

740 1208 859 1261 quae
881 1208 1096 1264 semper
1130 1205 1185 1248 et
1217 1195 1417 1262 ubique
1438 1194 1581 1262 iusta
1604 1205 1730 1250 sunt
1756 1212 1821 1252 ac
1845 1205 2010 1253 totam
2032 1193 2300 1266 justitiam

739 1285 795 1338 in
825 1286 974 1340 omni
1007 1285 1284 1340 hominum
1319 1302 1515 1357 genere
1544 1289 1763 1342 exhibet
1796 1288 1972 1355 Deus;
2010 1305 2111 1346 nec
2136 1291 2300 1346 ullum

738 1389 823 1433 est
851 1393 1045 1449 genus,
1073 1381 1216 1448 quod
1246 1382 1456 1450 ignoret
1497 1381 1823 1434 adulterium
1867 1397 1988 1436 esse
2021 1383 2220 1437 malum
2251 1394 2304 1438 et

738 1468 1156 1523 fornicationem
1208 1478 1262 1524 et
1312 1469 1664 1524 homicidium
1713 1482 1768 1526 et
1809 1487 2145 1542 quacunque
2199 1476 2302 1528 alia

736 1561 957 1615 similia.
999 1561 1129 1626 Quae
1171 1563 1388 1631 quidem
1416 1564 1629 1618 etiamsi
1675 1579 1864 1620 omnes
1913 1565 2138 1635 faciant,
2195 1585 2300 1624 non

739 1663 921 1707 tamen
951 1664 1313 1723 assequuntur
1342 1665 1424 1721 ut,
1452 1671 1574 1709 cum
1601 1671 1664 1710 ea
1696 1656 1919 1723 faciunt,
1951 1659 2134 1727 inique
2173 1675 2203 1712 a
2246 1675 2304 1714 se

740 1745 856 1799 ﬁeri
889 1746 1163 1815 ignorent,
1201 1747 1266 1800 iis
1300 1749 1566 1817 exceptis,
1599 1750 1911 1818 quicunque
1952 1750 2168 1820 impuro
2194 1752 2305 1822 spi-

2407 556 2498 617 Dei
2545 553 2776 610 credidit
2805 565 2852 609 et
2901 565 3198 622 reparatum
3233 565 3307 608 est
3341 555 3392 609 ei
3429 556 3497 607 ad
3526 554 3860 623 juuiriam';
3888 555 3961 608 ita

2404 655 2459 699 et
2487 661 2585 700 nos
2615 654 2899 714 postquam
2929 647 3046 700 voci
3079 645 3172 699 Dei
3202 654 3313 698 tum
3338 660 3435 714 per
3463 644 3733 710 apostolos
3761 644 3964 700 Christi

2405 739 2581 792 denuo
2624 736 2949 804 praedicatus,
2998 747 3109 790 tum
3159 750 3254 803 per
3278 736 3572 804 prophetas
3618 735 3971 804 promulgatae

2406 830 2742 883 credidimus
2768 871 2782 893 ,
2817 829 2886 884 ad
2910 836 3136 881 mortem
3181 841 3355 894 usque
3385 825 3636 880 omnibus
3666 825 3823 878 rebus
3847 837 3971 892 quae

2406 926 2460 978 in
2491 923 2690 976 mundo
2724 932 2855 980 sunt
2880 919 3331 975 renuntiavimns.
3368 937 3386 968 ι
3424 918 3576 986 Saepe
3598 916 3732 970 alias
3760 915 3965 968 descri-

2403 1016 2485 1072 bit
2513 1018 2863 1072 deterrimam
2910 1015 3055 1068 illam
3084 1011 3366 1083 gentilium
3411 1012 3575 1064 vitam
3615 1023 3678 1062 ac
3717 1007 3970 1061 omnibus

2404 1108 2554 1162 vitiis
2584 1104 2934 1171 cumulatam,
2961 1102 3174 1171 qualem
3199 1099 3491 1154 Christiani
3525 1098 3788 1150 duxerant
3811 1103 3969 1146 aute-

2403 1213 2566 1267 quam
2594 1213 2624 1251 a
2653 1197 2871 1251 Christo
2902 1203 3246 1249 vocarentur.
3273 1188 3410 1244 Hinc
3439 1205 3559 1244 cum
3589 1187 3692 1242 sibi
3717 1183 3970 1240 conscius

2404 1299 2551 1343 esset
2592 1304 2697 1342 non
2729 1286 2995 1341 meruisse
3021 1293 3078 1338 se
3103 1292 3164 1336 nt
3204 1281 3270 1335 ad
3317 1281 3476 1335 iidem
3505 1276 3834 1349 perveniret,
3870 1287 3970 1342 pro

2403 1381 2606 1435 Judmi-z
2640 1379 2851 1450 precari
2886 1392 2991 1432 non
3031 1375 3344 1437 dubitabat,
3374 1387 3510 1442 quos
3533 1386 3640 1427 non
3672 1368 3831 1423 modo
3859 1379 3968 1420 non

2406 1471 2624 1537 mereri,
2657 1480 2716 1524 ut
2753 1485 2782 1524 a
2827 1469 3048 1525 Christo
3081 1473 3424 1528 vocarentur,
3456 1461 3550 1518 sed
3575 1459 3740 1512 etiam
3779 1469 3970 1510 omnes

2405 1564 2608 1618 furoris
2655 1564 2738 1617 sui
2785 1569 3014 1616 conatus
3074 1559 3127 1614 in
3187 1557 3622 1612 Christianorum
3670 1548 3971 1619 perniciem

2405 1668 2732 1714 convertere
2770 1655 3032 1710 videbat:
3079 1670 3099 1706 s
3138 1651 3248 1706 Nos
3285 1659 3496 1713 autem,
3529 1635 3967 1714 inquit'ludzeis,

2405 1766 2462 1804 ιι.
2493 1748 2617 1812 108.
2652 1762 2753 1802 nec
2778 1760 2875 1802 vos
2898 1745 3132 1808 odimus,
3157 1756 3261 1796 nec
3290 1757 3388 1796 eos
3417 1741 3506 1809 qui
3533 1738 3696 1804 talem
3721 1735 3786 1789 de
3815 1730 3976 1788 nobis

738 1837 844 1890 ritu
877 1838 1046 1903 pleni,
1075 1837 1160 1892 vel
1193 1853 1360 1907 prava
1396 1839 1745 1895 institutione
1782 1850 1835 1895 et
1870 1840 2025 1895 malis
2062 1819 2302 1897 moribus
2335 1819 2376 1873 Β
2403 1842 2709 1911 Opinionem
2746 1854 2775 1892 a
2801 1838 2955 1892 vobis
2977 1833 3449 1905 acccperunt;sed
3483 1843 3768 1897 precamur
3795 1835 3854 1880 ut
3885 1821 3976 1878 vel

740 1944 804 1983 ac
859 1928 1088 1984 nefariis
1137 1930 1343 1999 legibus
1396 1932 1689 1998 corrupti,
1734 1932 2009 1987 naturales
2056 1935 2303 1989 notiones

738 2020 1062 2084 amiserunt,
1099 2020 1183 2075 vel
1215 2021 1393 2088 potius
1424 2021 1682 2076 inhibitas
1714 2030 1916 2075 tenent.
1950 2041 1970 2071 ι

817 2109 924 2164 Sed
955 2111 1308 2176 charltatem,
1342 2127 1466 2180 quae
1493 2113 1604 2166 sola
1648 2113 1819 2181 legem
1865 2113 2155 2182 adimplet,
2201 2114 2305 2169 (ide

736 2204 1045 2268 comparari
1070 2206 1248 2259 docet.
1287 2223 1306 2255 ι
1355 2204 1455 2270 Qui
1486 2218 1549 2257 ex
1594 2206 1882 2274 gentibus,
1918 2206 2093 2276 inquit
2129 2224 2181 2260 ιι.
2214 2206 2300 2273 52,

735 2309 835 2361 per
857 2296 1056 2349 Christi
1089 2297 1246 2351 iidem
1279 2297 1373 2351 Dei
1400 2298 1638 2352 cultores
1667 2308 1724 2351 et
1758 2299 1894 2368 justi
1921 2301 2049 2352 {acti
2092 2314 2300 2364 sumus,

739 2399 931 2439 rursus
989 2401 1110 2439 eum
1157 2395 1448 2440 venturum
1479 2397 1882 2456 exspectamus.
1917 2405 1934 2438 ι
1967 2387 2117 2443 Hanc
2147 2388 2304 2443 ﬁdem

739 2478 1010 2532 cbaritate
1048 2478 1348 2532 animatam
1389 2493 1576 2534 eorum
1617 2482 1892 2550 propriam
1923 2497 2046 2537 esse
2091 2481 2304 2548 statuit,

737 2582 794 2618 ιι.
831 2567 897 2619 15
926 2577 981 2620 et
1016 2568 1102 2627 H.
1146 2588 1168 2622 ι
1209 2571 1301 2638 qui
1329 2586 1432 2625 non
1455 2570 1568 2640 jam
1597 2573 1876 2628 hircorum
1901 2583 1954 2629 et
1977 2575 2158 2629 ovium
2183 2590 2308 2628 san~

741 2661 905 2728 guine
938 2663 1252 2730 expiantur,
1284 2674 1380 2718 aut
1407 2665 1592 2720 vitula
1619 2667 1825 2730 cinere,
1852 2665 2114 2722 similaeve
2157 2669 2308 2722 obla-

741 2753 1004 2817 tionibus,
1035 2755 1128 2807 sed
1160 2753 1263 2809 fide
1293 2771 1392 2823 per
1419 2757 1742 2826 sanguinem
1770 2757 1970 2816 Christi
2001 2768 2055 2813 et
2075 2770 2303 2813 mortem

739 2843 876 2914 ejus,
908 2844 998 2913 qui
1029 2858 1092 2899 ea
1123 2846 1236 2913 ipsa
1268 2847 1337 2901 de
1368 2861 1535 2901 causa
1563 2858 1811 2902 mortuus
1835 2857 1938 2903 est.
1977 2867 1995 2901 ι
2024 2849 2226 2904 Probat
2255 2849 2308 2903 id

738 2949 962 2994 sanctus
998 2951 1205 3011 martyr
1239 2959 1312 3005 ex
1358 2942 1535 3011 capite
1564 2959 1658 2998 LIII
1691 2943 1879 3006 Isaiae,
1920 2943 2014 2997 ubi
2059 2943 2309 2998 Christus

739 3042 965 3100 peccata
1009 3044 1194 3090 nostra
1237 3044 1458 3104 portare
1478 3077 1493 3102 ,
1523 3043 1577 3089 et
1614 3036 1932 3090 vulneratus
1964 3047 2185 3106 propter
2215 3040 2306 3092 de-

2406 1948 2546 1986 nnnc
2581 1931 2771 1984 saltem
2815 1928 3190 1998 paenitentiam
3240 1934 3498 1996 agentes,
3534 1917 3974 1976 misericordiam

2405 2022 2815 2092 mnsequamini
2860 2037 2887 2074 a
2937 2021 3270 2087 perhumano
3313 2024 3366 2072 et
3415 2016 3612 2068 mirum
3654 2012 3707 2065 in
3754 2009 3978 2064 modum

2406 2117 2759 2170 misericorde
2797 2113 3180 2166 universorum
3217 2118 3441 2178 parente
3479 2107 3608 2159 Deo.
3644 2121 3663 2154 ι
3696 2100 3786 2156 Dei
3821 2099 3976 2169 jndi~

2406 2209 2548 2262 cium
2577 2206 2876 2260 admiratur
2910 2201 3150 2258 Justinus
3183 2201 3234 2253 in
3267 2202 3369 2254 hoc
3400 2197 3705 2252 intimorum
3733 2201 3789 2247 et
3812 2191 3982 2246 Chri-

2407 2299 2709 2351 stianorum
2758 2293 3094 2348 discrimine.
3127 2309 3145 2341 r
3183 2288 3293 2343 Nec
3342 2286 3540 2360 frustra
3593 2297 3692 2338 nos
3748 2281 3800 2334 in
3847 2292 3980 2333 eum

2406 2388 2758 2451 credidimus,
2786 2386 2957 2454 inquit
2985 2399 3132 2438 num.
3159 2381 3286 2446 118,
3315 2395 3414 2435 nec
3441 2379 3508 2433 ab
3539 2377 3625 2444 iis,
3651 2373 3743 2445 qui
3775 2374 3847 2427 ita
3881 2374 3980 2426 do-

2407 2486 2658 2540 cuerunt,
2689 2475 2897 2544 decepti
2927 2487 3153 2536 sumus;
3190 2469 3285 2524 sed
3314 2479 3368 2524 et
3393 2464 3694 2522 admirabili
3727 2462 3822 2518 Dei
3846 2475 3979 2531 pro.

2407 2569 2643 2631 videntis
2675 2568 2723 2621 id
2752 2566 3013 2636 contigit,
3046 2573 3104 2617 ut
3148 2562 3337 2625 vobis,
3368 2560 3458 2630 qui
3505 2557 3600 2612 Dei
3634 2563 3878 2611 amantes
3921 2559 3979 2606 et

2408 2661 2698 2729 prudentes
2727 2653 3249 2714 existimaminimec
3275 2651 3408 2707 estis
3431 2662 3630 2714 tamen,
3659 2643 3979 2714 prudentio—

2411 2769 2497 2807 res
2527 2765 2625 2805 nos
2647 2760 2699 2806 et
2727 2748 3094 2818 religiosiores
3124 2739 3493 2800 inveniremu'r
3518 2755 3613 2810 per
3641 2737 3982 2792 vocationem

2411 2847 2532 2900 novi
2565 2856 2619 2899 et
2640 2845 2828 2899 aeterni
2866 2842 3196 2905 testamenti,
3229 2840 3281 2894 id
3315 2848 3398 2894 est
3427 2835 3649 2891 Christi.

2480 2937 2630 2991 Hanc
2677 2935 2978 2990 doctrinam
3034 2940 3323 3001 acceperat
3369 2928 3612 2983 Justinus
3660 2925 3727 2978 ab
3773 2923 3984 2991 optimo

2411 3041 2564 3091 sene,
2597 3026 2752 3093 cujus
2779 3041 2846 3078 ex
2876 3037 3130 3080 sermone
3180 3021 3391 3074 initium
3425 3017 3612 3070 habuit
3651 3013 3856 3068 Christi
3880 3023 3987 3078 σιτ

741 3121 866 3174 licta
901 3131 1084 3177 nostra
1113 3124 1330 3187 dicitur,
1378 3131 1602 3195 nosque’
1628 3127 1746 3195 ejus
1785 3127 1959 3184 livore
1995 3129 2198 3182 sanari.
2228 3128 2304 3184 Ex

2413 3116 2729 3187 gnoscendi.
2781 3115 2875 3170 Sic
2928 3114 3016 3168 ille
3068 3113 3348 3168 discedens
3405 3125 3436 3162 a
3483 3107 3700 3164 Justino
3755 3111 3985 3174 perorat

740 3230 846 3282 quo
875 3215 1151 3270 concludit
1201 3227 1405 3287 quanta
1454 3194 1524 3273 sit
1572 3194 1828 3288 baptismi
1874 3219 2306 3278 Christianorum

2414 3209 2731 3278 Dialogqn.
2761 3206 2791 3258 7
2817 3221 2832 3259 :
2873 3225 2892 3257 ι
2929 3203 3049 3259 Tibi
3078 3220 3208 3259 vero
3237 3217 3461 3272 precare
3484 3209 3610 3254 ante
3635 3197 3818 3252 omnia
3841 3194 3987 3250 lucis

739 3307 1024 3363 sanctitas.
1063 3326 1084 3359 s
1131 3307 1318 3378 Itaque
1357 3323 1457 3382 per
1501 3309 1775 3364 lavacrum
1822 3312 2191 3380 poenitentiae,
2222 3313 2309 3367 in-

741 3399 858 3465 quit
884 3435 900 3463 ,
928 3409 984 3452 et
1022 3399 1351 3468 cognitionis
1382 3398 1649 3468 Dei.quod
1681 3415 1779 3470 pro
1809 3403 2054 3472 peccatis
2080 3402 2310 3473 populo-

743 3505 862 3545 rum
902 3489 998 3544 Dei
1031 3491 1342 3544 institutum
1376 3500 1483 3558 est,
1514 3501 1572 3546 ut
1599 3490 1800 3546 clamat
1825 3492 2016 3557 Isaias,
2054 3510 2152 3549 nos
2183 3509 2308 3550 cre-

740 3580 1009 3644 didimus;
1039 3590 1094 3635 et
1125 3589 1388 3636 testamur
1417 3581 1592 3651 ipsum
1614 3579 1746 3636 illud
1771 3581 1840 3636 ab
1867 3596 1934 3637 eo
1975 3584 2310 3653 praenuntia.

742 3680 858 3727 tum
913 3671 1182 3740 baptisma
1212 3711 1230 3737 ,
1273 3673 1418 3742 quod
1467 3673 1646 3728 solum
1702 3671 2032 3742 poenitentes
2089 3672 2313 3745 expiare

740 3773 946 3834 potest,
979 3752 1116 3817 hanc
1143 3779 1267 3820 esse
1297 3779 1490 3834 aquam
1523 3766 1668 3820 vitae.
1692 3785 1712 3820 ι

816 3855 882 3910 ΙΙ.
943 3855 1156 3924 Duplici
1191 3858 1410 3910 nomine
1440 3857 1850 3911 conversionem
1883 3857 2066 3913 cordis
2096 3857 2314 3916 Christo

745 3945 1013 4011 attribuit,
1046 3956 1158 4002 tum
1185 3949 1311 4017 quia
1339 3952 1573 4019 gratuita
1612 3951 1788 4020 gratia
1819 3949 2152 4005 voluntatem
2180 3966 2315 4019 prae-

745 4044 996 4103 occupat,
1028 4045 1139 4089 tum
1165 4037 1291 4105 quia
1327 4045 1575 4106 potenter
1612 4037 1665 4089 in
1700 4037 1860 4091 nobis
1887 4046 2146 4105 operatur
2178 4035 2317 4089 velle

746 4134 802 4179 et
843 4125 1131 4194 perficere.
1180 4126 1488 4182 Gratuitam
1540 4127 1746 4181 Christi
1795 4128 2024 4196 gratiam
2075 4127 2317 4195 pluribus

746 4213 884 4268 locis
913 4217 1189 4284 prmdicat.
1221 4234 1240 4267 ι
1277 4215 1414 4283 Quid
1445 4217 1642 4280 dicam,
1677 4216 1851 4284 inquit
1879 4216 2030 4282 Apol.
2057 4217 2108 4282 1,
2140 4231 2191 4283 p.
2228 4216 2317 4279 62,

752 4307 1209 4362 innumerabilem
1241 4323 1427 4362 eorum
1454 4305 1880 4372 multitudinem,
1912 4309 2004 4377 qui
2033 4323 2097 4362 ex
2130 4309 2319 4363 intem—

750 4396 1004 4464 perantia
1031 4399 1280 4452 conversi
1312 4405 1459 4462 sunt,
1494 4406 1662 4466 atque
1687 4399 1808 4452 hinc
1833 4397 2175 4451 didicerunt?
2202 4397 2316 4450 Non

2412 3308 2597 3370 portas
2621 3299 2844 3364 recludi,
2862 3311 3037 3366 neque
3060 3297 3202 3350 enim
3230 3296 3344 3349 haec
3369 3293 3654 3363 quisquam
3680 3287 3988 3356 intelligere

2412 3400 2467 3446 et
2496 3391 2812 3461 perspicere
2838 3391 3032 3458 possit,
3060 3388 3163 3444 nisi
3188 3385 3274 3440 cui
3305 3385 3445 3438 Deus
3489 3381 3792 3449 intelligere
3816 3379 3988 3433 dede-

2412 3484 2482 3537 rit
2507 3491 2564 3535 et
2590 3481 2836 3537 Christus
2877 3480 3014 3549 ejus.
3051 3498 3073 3532 ι
3102 3478 3228 3532 Haec
3255 3485 3434 3530 autem
3473 3489 3576 3529 non
3621 3473 3688 3526 de
3719 3468 3985 3540 singulari

2414 3574 2648 3642 quadam
2681 3586 2744 3625 ac
2771 3569 3074 3628 sublimiori
3109 3568 3494 3637 mysteriorum
3529 3562 3860 3632 cognitione,
3885 3560 3984 3612 sed

2413 3666 2480 3719 de
2503 3663 2608 3717 title
2630 3663 2802 3731 accipi
2825 3661 3022 3715 debere
3044 3673 3111 3714 ex
3138 3673 3202 3713 eo
3229 3656 3577 3726 perspicitur,
3601 3654 3742 3722 quod
3769 3649 3991 3704 Iustino

2416 3756 2651 3810 nondum
2683 3754 2751 3809 ad
2766 3753 3039 3809 Christum
3060 3763 3327 3804 converso
3360 3762 3465 3800 non
3495 3743 3830 3814 congruebat
3854 3740 3988 3795 sub-

2417 3847 2560 3902 limis
2588 3846 2675 3900 illa
2701 3855 2758 3899 et
2793 3854 2946 3898 extra
3003 3841 3252 3900 ordinem
3303 3837 3688 3909 mysteriorum
3720 3832 3985 3902 cognitio,

2417 3913 2512 3990 sed
2552 3934 2686 3989 ﬁdes
2710 3945 2766 3989 et
2809 3946 3065 3988 assensus
3097 3929 3217 3983 ﬁdei
3245 3928 3548 3990 elementis,
3577 3940 3696 3994 qum
3724 3937 3892 3978 senex
3931 3923 3985 3974 ei

2421 4026 2637 4079 tradere
2660 4031 2920 4093 eruperat.
2946 4020 3000 4074 ld
3026 4010 3378 4073 conﬁrmatur
3405 4031 3473 4069 ex
3499 4015 3619 4068 aliis
3645 4014 3795 4067 locis.
3829 4030 3847 4062 ι
3877 4008 3989 4064 Νο-

2421 4119 2504 4173 bis
2542 4099 2725 4189 igitur,
2763 4116 2939 4183 inquit
2969 4113 3279 4185 Dialog.,n.
3326 4109 3449 4172 100,
3488 4109 3741 4163 Christus
3773 4105 3988 4160 revela-

2419 4213 2498 4266 vit
2531 4213 2710 4266 omnia
2733 4250 2748 4273 ,
2785 4220 3119 4278 quascunque
3162 4219 3227 4258 ex
3279 4202 3578 4270 Scripturis
3625 4213 3721 4268 per
3752 4197 3988 4265 gratiam

2419 4304 2536 4370 ejus
2565 4302 2958 4362 intelleximus,
2993 4312 3116 4351 eum
3163 4302 3518 4363 agnoscentes
3565 4289 3991 4360 primogenitum

2424 4397 2520 4451 Dei
2551 4411 2673 4451 esse
2698 4404 2752 4447 et
2784 4402 2909 4446 ante
2938 4405 3026 4444 res
3057 4402 3246 4442 omnes
3289 4395 3529 4448 creatas,
3565 4393 3620 4435 et
3650 4380 3991 4450 patriarcha-

753 4489 897 4541 enim
924 4488 1106 4555 justus
1147 4498 1240 4542 aut
1277 4489 1503 4558 pudicos
1554 4489 1622 4542 ad
1665 4488 2051 4558 pmnitentiam
2105 4491 2318 4543 vocavit
2349 4480 2394 4534 Β
2427 4504 2546 4544 rum
2578 4485 2767 4547 ﬁlium,
2803 4496 2860 4537 ut
2889 4483 2976 4552 qui
3024 4496 3088 4534 ex
3135 4480 3357 4546 Virgine
3395 4478 3458 4529 ab
3487 4476 3567 4529 eis
3591 4484 3706 4529 orta
3751 4486 3876 4526 caro
3903 4470 3989 4523 l‘a-

751 4581 1026 4644 Christus,
1070 4582 1163 4636 sed
1206 4581 1399 4651 impios
1430 4589 1484 4635 et
1523 4581 1829 4650 impudicos
1854 4587 1909 4634 et
1935 4580 2194 4648 iujustos.
2229 4579 2320 4638 Sic

753 4673 898 4726 enim
928 4673 1003 4726 ait
1035 4687 1050 4726 :
1091 4672 1214 4726 Non
1247 4676 1359 4725 veni
1387 4688 1569 4726 vocare
1585 4673 1784 4742 justas,
1806 4671 1897 4725 sed
1923 4683 2216 4741 peccatores
2251 4671 2318 4724 ad

752 4765 1537 4833 panitentiam’.iChristianos
1559 4764 1749 4820 eodem
1775 4765 1933 4819 modo
1962 4779 2023 4818 ac
2047 4763 2319 4818 Abraham

757 4865 982 4911 vocatos
1011 4872 1131 4912 esse
1163 4859 1481 4926 pronuntiat
1519 4856 1815 4927 Dialog.,n.
1845 4855 1966 4921 119,
2013 4856 2101 4909 ubi
2135 4857 2213 4910 sic
2237 4856 2320 4909 lo-

756 4950 944 5016 quitur
980 4966 993 5001 :
1032 4968 1049 4998 r
1085 4948 1226 5017 Quid
1270 4949 1434 5015 igitur
1475 4947 1705 5015 amplius
1730 4948 1818 5001 hic
1844 4949 2079 5002 Abrahae
2109 4948 2322 5016 gratiﬁ-

757 5053 914 5095 catur
944 5041 1236 5097 Christus?
1259 5041 1409 5109 Quod
1433 5040 1597 5094 simili
1624 5039 1912 5093 vocatione
1935 5055 2057 5092 eum
2086 5041 2321 5101 vocavit,

759 5151 883 5189 cum
918 5150 947 5188 e
976 5145 1148 5202 terra,
1181 5151 1344 5204 quam
1377 5135 1670 5197 incolebat,
1713 5138 1868 5191 exire
1909 5134 2092 5204 jussit,
2130 5151 2197 5190 ac
2229 5152 2325 5205 per

758 5232 907 5287 illam
937 5247 1123 5289 vocem
1158 5249 1257 5289 nos
1298 5249 1489 5289 omnes
1516 5234 1810 5298 vocavi:,et
1839 5232 2107 5288 exivimus
2136 5247 2202 5285 ex
2235 5231 2326 5284 illo

763 5325 1032 5389 instituto,
1067 5326 1118 5378 in
1142 5340 1250 5393 quo
1281 5340 1445 5394 prave
1475 5324 1750 5380 communi
1787 5323 2020 5377 aliorum
2057 5332 2215 5376 terrae
2243 5322 2326 5376 itt-

761 5418 1002 5473 colarum
1035 5432 1183 5472 more
1208 5418 1522 5473 vivebamus
1544 5434 1560 5477 ;
1586 5427 1641 5471 et
1671 5431 1794 5470 cum
1825 5417 2096 5471 Abraham
2121 5427 2324 5469 sanctae

764 5521 926 5567 terra:
952 5512 1194 5566 haeredes
1234 5512 1464 5576 erimus,
1514 5511 1888 5565 hareditatem
1944 5511 1996 5563 in
2056 5508 2323 5561 inﬁnitum

764 5618 933 5658 aevum
977 5601 1330 5673 accipientes,
1352 5604 1552 5673 quippe
1593 5617 1716 5656 cum
1748 5601 1841 5654 lilii
1869 5600 2097 5654 Abrahte
2129 5615 2224 5668 per
2250 5599 2322 5650 si-

841 5778 856 5805 ‘
899 5774 1088 5832 Matth.
1135 5791 1271 5842 xxtt,
1299 5777 1385 5832 57.
1485 5777 1501 5807 ⁷
1547 5775 1730 5830 Matth.
1772 5793 1845 5842 ix,
1884 5776 1962 5831 l3.

2059 5777 2075 5806 ⁸
2111 5776 2221 5829 Jnt‘.
2259 5789 2312 5834 ιι,
2347 5769 2437 5826 ‘23.

2423 4589 2542 4634 ctus
2568 4619 2582 4644 ,
2617 4576 2866 4630 informis
2908 4574 3070 4627 homo
3096 4583 3152 4623 et
3179 4569 3440 4637 inglorius
3469 4577 3523 4620 et
3551 4563 3992 4635 pcrpcssiou'rbus

2427 4670 2697 4726 obnoxius
2743 4667 2858 4722 fieri
2893 4666 3234 4720 sustinuerit.
3275 4683 3292 4713 ι
3327 4662 3389 4714 Et
3423 4677 3481 4717 ιι.
3528 4660 3626 4713 119
3659 4677 3672 4710 :
3707 4677 3726 4707 ἰ
3779 4657 3993 4710 Putatis

2426 4765 2662 4817 futurum
2696 4775 2932 4829 unquam
2957 4757 3146 4821 fuisse,
3172 4764 3231 4808 ut
3255 4755 3371 4809 hatc
3396 4755 3445 4806 in
3473 4750 3767 4818 Scripturis
3789 4748 3989 4801 intelli-

2424 4869 2552 4925 gere
2597 4867 2906 4925 possemus,
2940 4851 3046 4906 nisi
3084 4850 3365 4904 voluntate
3403 4845 3548 4900 illius
3570 4884 3584 4909 ,
3618 4843 3708 4912 qui
3741 4844 3856 4896 haec
3889 4857 3992 4894 vo-

2425 4948 2566 5011 luit,
2622 4945 2854 5016 gratiam
2907 4943 3306 5011 accepissemus
3352 4937 3731 5007 iutelligendi?
3783 4957 3801 4988 ι
3852 4936 3995 4991 Hinc

2425 5039 2591 5092 etiam
2619 5053 2674 5090 ιι.
2701 5038 2796 5090 121
2828 5053 2842 5088 :
2878 5055 2896 5087 ι
2927 5035 3094 5091 Nobis
3117 5036 3305 5088 datum
3329 5043 3434 5097 est,
3468 5042 3527 5085 ut
3559 5046 3680 5085 eum
3710 5031 3996 5083 audiamus

2426 5141 2483 5184 et
2516 5130 2903 5200 intelligamus,
2934 5137 2990 5182 et
3017 5127 3288 5182 salvemur
3316 5139 3411 5193 per
3443 5125 3587 5177 hunc
3613 5121 3921 5198 Christumg
3940 5131 3997 5176 et

2428 5239 2517 5278 res
2560 5222 2743 5278 Patris
2783 5236 2974 5276 omnes
3018 5233 3432 5291 cognoscamus.
3478 5235 3498 5269 ι
3543 5216 3656 5270 Non
3709 5214 3996 5269 dubitabat

2430 5317 2698 5383 Justinus,
2745 5316 2876 5385 quin
2924 5329 3059 5384 quOs
3099 5315 3238 5367 Deus
3268 5312 3656 5381 prwdestinauit
3701 5309 3998 5379 conformes

2433 5410 2546 5478 ﬁeri
2590 5409 2834 5478 imaginis
2865 5406 2992 5460 Filii
3033 5409 3115 5460 sui
3140 5407 3181 5470 ⁸,
3213 5407 3280 5460 iis
3325 5406 3626 5460 certissima
3667 5407 3733 5459 ad
3763 5404 3996 5458 salutent

2431 5503 2633 5556 auxilia
2666 5501 3072 5570 praeparaverit.
3104 5497 3160 5552 In
3194 5497 3417 5568 Dialogo
3450 5512 3608 5565 quem
3647 5495 3834 5549 habuit
3871 5510 3996 5548 cum

2429 5595 2649 5660 Judtris,
2693 5594 2996 5649 molestiam
3023 5633 3037 5659 ,
3090 5608 3252 5661 quam
3298 5607 3362 5647 ex
3405 5590 3622 5648 illorum
3667 5589 3999 5658 percipiebat

2535 5770 2554 5801 ⁹
2590 5769 2742 5825 Rom.
2771 5785 2890 5834 vm,
2917 5768 3014 5824 2‘).
