4120 6458
237 378 311 434 55

1264 380 1327 436 Β.
1367 380 1631 439 MARANI
1665 382 2058 445 PREFATIO.
2093 420 2162 429 ——
2195 388 2376 445 PARS
2408 391 2470 444 il.

3428 399 3496 453 5i

235 496 565 562 pertinacia.
594 513 659 553 ea
690 514 788 569 spe
810 499 1122 564 molliebat,
1142 501 1333 556 horum
1371 502 1601 570 aliquem
1638 521 1703 559 ea:
1746 522 1807 563 eo
1837 507 1883 563 A
1911 507 2166 564 virtutem
2197 512 2407 567 habuit.
2440 529 2461 565 ι
2492 511 2644 579 Quod
2691 527 2823 584 ergo
2858 528 2886 567 a
2925 514 3257 570 daemonibus
3299 516 3495 571 libera-

235 589 452 654 νησὶτὶ
496 606 648 655 posse
692 592 925 658 semine,
962 590 1103 659 quod
1151 591 1411 660 reliquum
1461 594 1531 647 ad
1583 595 1804 651 salutem
1909 615 2031 657 mur
2062 614 2117 659 et
2147 606 2422 662 dmmones
2465 620 2807 675 superamus,
2850 622 2975 662 cum
3020 624 3086 661 cx
3114 610 3247 661 vitio
3277 612 3343 663 ad
3381 611 3490 663 vir-

230 687 486 730 cterum
515 679 717 743 factum
736 690 918 740 est,n.
944 679 1033 734 52-.
1068 681 1132 736 Et
1156 680 1211 734 n.
1238 684 1307 736 64
1336 699 1349 735 :
1384 703 1403 735 s
1436 683 1587 739 Nunc
1618 678 1799 741 autem

231 767 357 837 quia
396 767 667 835 judicium
704 772 795 826 Dei
829 772 1081 839 formido,
1118 774 1187 829 de
1219 774 1366 829 nullo
1396 789 1461 830 ex
1498 788 1679 833 vestro
1704 794 1799 849 ge-

232 873 363 913 nere
388 860 704 930 praeiudico,
733 874 912 919 utrum
936 866 981 919 is
1016 880 1123 919 non
1156 867 1230 920 sit
1254 880 1324 921 ex
1353 883 1540 929 eorum
1574 886 1798 939 genere,

231 953 326 1018 qui
350 958 650 1010 secundum
681 957 906 1011 aratiam
934 956 1146 1014 Domini
1174 957 1414 1015 SabaOth
1440 961 1641 1016 salvari
1675 977 1798 1031 pos-

230 1055 378 1101 sunt.
404 1046 749 1117 Quapropter
760 1051 1005 1119 quamvis
1026 1068 1131 1107 non
1154 1053 1321 1121 probe
1342 1055 1551 1123 agatis;
1573 1070 1795 1126 pergam

230 1149 409 1193 tamen
464 1141 727 1209 quidquid
768 1156 804 1195 a
852 1143 1006 1198 vobis
1057 1147 1401 1214 propositum
1449 1156 1791 1203 aut-contra

227 1230 390 1285 fuerit
426 1234 656 1299 dictum,
699 1236 765 1289 ad
814 1236 865 1290 id
907 1239 1257 1304 respondere.
1290 1258 1308 1291 ι
1356 1240 1510 1307 Quod
1555 1245 1796 1310 gratuita

225 1323 605 1379 misericordia
644 1326 765 1380 aliis
799 1327 1141 1394 conceditur,
1178 1330 1229 1385 id
1263 1330 1410 1398 justo
1432 1332 1638 1402 judicio
1669 1335 1794 1389 aliis

222 1431 327 1469 non
355 1420 586 1471 concedi
618 1419 773 1473 docet
798 1436 856 1475 rt.
879 1404 949 1475 55
980 1439 994 1475 :
1028 1441 1045 1473 ι
1080 1421 1198 1477 Non
1222 1439 1395 1487 eram,
1433 1426 1683 1496 inquam,
1709 1428 1789 1482 al-

222 1508 452 1575 laturos,
486 1510 743 1582 Trypho,
776 1514 876 1568 has
896 1514 1427 1587 demonstrationes,
1468 1521 1664 1589 quibus
1696 1536 1789 1577 eos

217 1601 570 1655 condemnari
598 1603 731 1668 scio,
761 1594 852 1673 qui
878 1604 992 1660 haec
1018 1615 1072 1661 et
1099 1608 1291 1663 similia
1319 1611 1647 1678 colunt,.sed
1672 1630 1785 1678 eas,

214 1706 350 1758 quas
376 1706 574 1748 contra
608 1710 767 1750 nemo
801 1696 985 1764 dicere
1010 1700 1228 1767 poterit.
1276 1700 1443 1755 Nova:
1475 1714 1660 1758 autem
1690 1708 1785 1761 tibi

214 1785 561 1853 videbuntur,
590 1792 846 1858 quamvis
882 1794 1126 1863 qudtidie
1155 1809 1185 1849 a
1221 1799 1376 1854 vobis
1419 1792 1697 1870 legantur,
1728 1809 1785 1855 ut

1908 703 2079 749 tutem
2116 698 2465 768 emergimus,
2508 695 2560 750 id
2589 695 2789 751 Christi
2837 700 3088 764 potentia:
3145 701 3489 755 tribuendum

1902 798 2017 855 est;
2059 803 2164 843 non
2218 791 2397 846 minus
2435 790 2699 859 profecto,
2738 806 2898 856 quam
2952 807 3074 844 cutn
3121 792 3387 847 daemonia
3421 810 3489 846 ex

1902 881 2222 949 corporibus
2252 881 2545 949 pelluntur.
2591 881 2645 935 ld
2688 896 2906 950 quoque
2951 882 3191 936 declarat
3220 883 3486 938 Justinus.

1908 991 1926 1024 ι
1963 972 2280 1039 Adjutorem
2344 973 2488 1027 enim
2534 972 2707 1038 illum,
2757 974 2930 1051 inquit
2980 974 3219 1043 ejusdem
3251 974 3484 1044 Dialog.,

1898 1080 1955 1120 η.
1991 1064 2081 1131 30,
2128 1073 2182 1120 et
2211 1064 2625 1134 Redemptorem
2663 1066 3017 1135 appellamus,
3056 1067 3212 1135 cujus
3263 1066 3345 1120 vel
3397 1082 3485 1120 no-

1899 1157 2062 1211 minis
2114 1159 2412 1227 potentiam
2459 1157 2724 1212 damonia
2776 1158 2893 1227 ipsa
2947 1159 3393 1226 perhorrescunt,
3421 1174 3485 1212 ac

1897 1250 2059 1313 hodie
2112 1266 2209 1320 per
2252 1266 2447 1307 nomen
2487 1252 2613 1306 Jesu
2662 1250 2862 1311 Christi
2913 1252 3014 1304 sub
3056 1251 3256 1314 Pontio
3306 1251 3482 1305 Pilato

1893 1340 2093 1398 Judma'
2120 1342 2350 1413 praeside
2376 1342 2623 1398 cruciﬁxi
2654 1344 2897 1409 adjurata
2930 1342 3313 1409 subjiciuntur.
3351 1360 3369 1393 ι

1964 1434 2234 1491 Concessa
2278 1434 2332 1489 in
2376 1438 2593 1490 deserto
2642 1435 2856 1489 curatio
2896 1434 2982 1487 his
3024 1434 3115 1501 qui
3165 1443 3477 1506 serpentum

1893 1528 2175 1583 morsibus
2199 1526 2411 1581 fuerant
2447 1526 2742 1589 vulnerati,
2780 1525 2960 1595 imago
2987 1536 3041 1578 et
3069 1526 3238 1594 ﬁgura
3268 1526 3481 1585 exstitit

1891 1618 2118 1679 salutis,
2174 1633 2337 1687 quam
2370 1632 2397 1671 a
2432 1616 2651 1672 Christo
2698 1616 3017 1685 accipimus.
3052 1635 3070 1667 ι
3102 1618 3281 1684 Atque
3332 1616 3474 1669 illam

1889 1712 2055 1766 etiam
2104 1716 2369 1785 tiguram,
2401 1711 2660 1780 illudque
2740 1710 2974 1778 signum,
3037 1711 3212 1777 inquit
3263 1709 3471 1777 Dialog.

1890 1820 1943 1859 η.
1975 1803 2064 1869 91,
2098 1803 2240 1873 quod
2272 1804 2543 1857 adversus.
2568 1802 2897 1869 serpentium
2928 1815 3142 1855 morsus
3172 1799 3355 1854 Israeli
3388 1802 3475 1852 iu-

548 1846 559 1853 -
609 1846 621 1858 -
796 1846 799 1849 ι
892 1846 916 1863 τ
1161 1846 1184 1849 η
1236 1846 1373 1854 κηη
1419 1846 1695 1870 --ιι--η-η,
1728 1846 1785 1855 φ-
1978 1846 2064 1869 η,
2099 1846 2240 1873 νυ..
2272 1846 2537 1857 -..ηψπ
2568 1846 2897 1869 --.νην-η.
2929 1846 3141 1855 ...-.-_-
3172 1846 3355 1854 ---πη

211 1874 295 1929 ἐί
319 1891 387 1932 οι
416 1877 520 1933 δοο
548 1883 893 1949 Ρθΐεβεοίυω
919 1885 1234 1953 habeam”,
1264 1890 1418 1945 vobis
1448 1893 1519 1947 ob
1546 1903 1778 1947 vestram
1813 1846 1857 1913 Β
1885 1896 2130 1951 stitutum
2160 1904 2263 1959 est,
2295 1895 2361 1949 ad
2385 1906 2572 1949 eorum
2598 1892 2830 1947 salutem
2844 1903 3098 1947 erectum
3132 1906 3255 1947 esse
3282 1893 3470 1960 liquet,

213 1969 517 2037 nequitiam
548 1987 593 2025 ra
639 1973 750 2029 Deo
780 1984 1099 2044 potestatem
1143 1979 1459 2050 sapientiae,
1489 1997 1610 2053 quae
1638 1986 1779 2041 illius

211 2062 396 2116 verbis
420 2062 586 2132 inest,
614 2064 982 2136 intelligenda!
1006 2068 1378 2129 absconditam
1417 2076 1606 2141 fuisse,
1640 2093 1779 2132 non-

211 2153 368 2208 nullis
396 2154 662 2225 exceptis,
693 2159 893 2227 quibus
919 2152 1239 2217 secundum
1268 2180 1493 2222 summa
1532 2182 1643 2223 sum
1678 2169 1780 2223 mi-

205 2245 518 2301 sericordire
540 2251 768 2318 gratiam
790 2289 806 2315 ,
832 2252 891 2305 ut
918 2253 994 2306 ait
1014 2250 1204 2316 Isaias,
1236 2260 1420 2311 semen
1448 2260 1515 2313 ad
1548 2259 1775 2331 salutem

209 2336 458 2404 ntiquis,
509 2333 580 2397 ne
628 2350 687 2396 ut
734 2343 1145 2401 Sodomitarum
1172 2346 1776 2415 etGomorrhaaurum,

208 2429 281 2483 ita
308 2439 360 2484 et
387 2446 561 2499 genus
586 2445 826 2490 vestrum
854 2438 1081 2506 periret.
1114 2458 1134 2492 ι

273 2522 356 2575 lll.
388 2524 558 2591 Quam
580 2538 775 2594 potens
812 2531 883 2585 sit
913 2546 1179 2601 quamque
1205 2532 1625 2607 emcaxﬂhristi
1650 2552 1774 2607 gra-

204 2615 296 2679 tia,
333 2633 457 2685 qute
490 2634 589 2673 nos
614 2636 681 2673 ex
715 2624 973 2678 servitute
1000 2625 1056 2679 in
1085 2626 1388 2684 libertatem
1418 2629 1677 2697 vindicat,
1708 2648 1775 2685 ex

201 2710 477 2763 nonnullis
502 2712 825 2769 testimoniis
849 2714 1015 2772 modo
1037 2718 1219 2775 citatis
1246 2722 1545 2777 existimari
1575 2733 1771 2792 potest,

200 2800 343 2853 velut
370 2814 436 2852 ex
473 2800 537 2855 iis
566 2818 688 2869 qua:
712 2800 925 2863 Justino
955 2823 985 2861 a
1015 2811 1309 2867 venerabili
1354 2818 1486 2870 sene
1513 2818 1655 2873 dicta
1682 2836 1771 2878 re-

199 2889 318 2943 tuli.
368 2889 557 2947 Fidem
608 2896 749 2951 illam
796 2898 850 2954 in
895 2896 1063 2958 Deum
1114 2905 1472 2973 incarnatum,
1512 2926 1632 2979 qua:
1675 2930 1772 2970 nos

197 2987 411 3053 penitus
462 3001 730 3053 renovat,
780 3006 849 3046 ex
902 2992 1043 3050 illius
1090 2996 1443 3065 omnipotenti
1496 3002 1773 3060 voluntate

198 3081 411 3145 repetit,
433 3083 523 3150 qui
562 3082 753 3138 Filium
783 3099 861 3137 su.
891 3102 951 3139 m.
971 3088 1245 3144 incaruari
1276 3092 1465 3159 voluit.
1499 3111 1521 3146 s
1568 3096 1774 3154 Putatis

1880 1986 1972 2059 qui
1992 1986 2104 2054 jam
2136 1996 2247 2041 tum
2279 1986 2697 2058 prmnuntiatam
2733 1984 2902 2041 fuisse
2935 1983 3170 2038 credunt
3214 1992 3270 2037 et
3321 1998 3468 2037 mor-

1881 2084 1989 2133 tem
2019 2077 2256 2149 serpenti
2296 2088 2392 2145 per
2417 2089 2562 2140 eum,
2596 2076 2686 2145 qui
2712 2073 3114 2143 cruciﬁgeudus
3149 2082 3289 2135 erat,
3325 2072 3465 2127 lutu-

1878 2176 2021 2234 ram,
2044 2178 2098 2223 et
2131 2166 2364 2224 salutem
2395 2167 2460 2222 iis
2485 2167 2574 2234 qui
2626 2166 2901 2233 serpentis
2931 2163 3201 2219 morsibus
3245 2162 3356 2215 laesi
3401 2164 3467 2227 ad

1878 2276 2023 2327 eum,
2069 2276 2095 2314 a
2126 2275 2237 2330 quo
2268 2259 2565 2316 cruciﬁxus
2605 2258 2691 2314 ille
2728 2258 2896 2314 Filius
2942 2258 2993 2311 in
3033 2259 3305 2313 mundum.
3340 2258 3468 2310 mis-

1878 2371 1972 2412 sus
1994 2365 2102 2420 est,
2136 2353 2479 2424 confugiunt.
2513 2376 2530 2406 ι

1947 2452 2140 2506 Crucis
2180 2452 2503 2520 potentiam,
2546 2464 2710 2518 quam
2769 2447 3053 2503 unicornis
3096 2449 3357 2503 cornibus
3414 2448 3464 2500 in

1880 2546 2159 2616 Scriptura
2209 2543 2483 2611 designari
2533 2552 2719 2612 putat,
2765 2543 2845 2597 sic
2894 2542 3093 2597 ibidem
3148 2540 3207 2596 S.
3261 2553 3467 2611 martyr

1875 2639 2175 2711 pradicat':
2222 2656 2240 2690 ς
2280 2635 2414 2691 Illud
2446 2644 2649 2700 autem,
2695 2634 2794 2689 His
2839 2634 3085 2688 cornibus
3121 2643 3298 2702 gentes
3329 2644 3465 2699 petat

1876 2733 1999 2785 inde
2036 2736 2199 2800 usque
2231 2728 2297 2782 ab
2328 2737 2559 2782 extremo
2589 2737 2767 2790 terra,
2804 2727 2857 2780 id
2888 2725 3029 2794 quod
3068 2725 3229 2779 hodie
3265 2726 3315 2777 in
3350 2741 3465 2778 out-

1877 2826 2035 2880 nibus
2072 2822 2322 2894 gentibus
2359 2821 2563 2876 factum
2593 2818 2845 2874 videmus
2884 2818 3244 2873 demonstrat.
3280 2818 3461 2873 Cornu

1875 2917 2018 2977 enim
2050 2916 2231 2986 petiti,
2261 2915 2311 2969 id
2342 2921 2424 2970 est
2462 2912 2775 2981 compuncti
2816 2926 2881 2966 ex
2927 2911 3183 2966 omnibus
3208 2912 3461 2979 gentibus

1875 3010 1942 3065 ab
1966 3009 2214 3063 inanibus
2242 3005 2550 3061 simulacris
2580 3012 2637 3060 et
2673 3003 3009 3058 dmmonihus
3042 3004 3107 3056 ad
3135 3001 3303 3059 Deum
3330 3018 3462 3056 con.

1875 3103 2015 3158 versi
2049 3110 2195 3156 sunt.
2236 3118 2255 3150 ι
2287 3098 2573 3159 Charitas,
2614 3110 2777 3165 quam
2829 3096 3077 3151 Christus
3108 3094 3358 3152 diﬂ'uudit
3406 3096 3457 3148 in

197 3168 441 3263 {'“m'm
474 3187 713 3240 “quam
741 3174 933 3241 ἷυιδδεν
962 3186 1018 3233 ιιι
1048 3180 1163 3233 δαῖε
1208 3181 1262 3234 in
1291 3181 1588 3253 δενῑριιιτίε
1618 3187 1773 3242 i’utel-
1806 3204 1849 3263 (ι
1883 3196 2044 3252 wrda
2077 3200 2283 3255 nostra,
2302 3195 2447 3259 "saepe
2469 3206 2498 3242 a
2521 3188 2735 3243 Justino
2763 3188 3068 3259 depingitur
3097 3188 3196 3241 sub
3229 3187 3460 3256 imagine

192 3259 362 3327 ligere
387 3276 694 3332 possemus,
729 3267 784 3320 ni
817 3268 1093 3325 voluntate
1137 3271 1278 3326 illius
1303 3275 1394 3343 qui
1432 3272 1548 3331 haec
1579 3278 1765 3345 voluit,

193 3354 422 3423 gratiam
459 3359 857 3427 accepissemus
904 3363 1251 3433 intelligendi
1271 3364 1345 3417 ὀἳ
1372 3387 1389 3418 ι
1426 3366 1626 3425 Chrisd
1674 3387 1767 3442 po-

194 3448 416 3501 tentiam
470 3450 521 3503 in
576 3453 815 3521 gentium
857 3457 1212 3513 conversione
1265 3460 1493 3515 mirillce
1552 3462 1765 3520 elucere

192 3539 368 3593 docet.
408 3559 429 3591 s
468 3540 611 3610 Haec,
678 3546 855 3613 inquit
906 3547 1065 3615 Apol.
1114 3565 1177 3614 ιι,
1218 3566 1272 3603 n.
1342 3550 1430 3615 10.
1517 3553 1765 3613 Christus

192 3633 617 3704 nosterpropria
654 3652 750 3692 sua
778 3639 981 3705 virtute
1023 3640 1269 3710 perfecit.
1304 3662 1323 3697 ο
1350 3643 1472 3703 Mox
1497 3644 1762 3704 Christia-

192 3736 380 3774 norum
433 3728 790 3782 constantiam
841 3731 1182 3798 describens,
1230 3734 1405 3789 alt-:r
1447 3736 1570 3793 Haec
1615 3739 1760 3794 enim

192 3812 359 3867 virtus
404 3814 579 3871 Patris
626 3818 1014 3891 inenarrabilis
1062 3824 1209 3889 fecit,
1246 3826 1609 3882 non'bumani
1642 3844 1760 3883 ser~

191 3905 365 3956 monis
404 3905 780 3963 instrumenta.
822 3927 844 3963 ι
878 3911 1078 3967 Christi
1112 3922 1289 3971 autem
1322 3919 1620 3987 potentiam
1652 3936 1758 3975 non

191 4004 316 4047 tune
362 3995 539 4050 solum
573 3999 839 4079 enituisse
880 4002 1176 4073 existimat,
1224 4022 1348 4062 cum
1391 4017 1445 4063 et
1497 4012 1759 4079 apostolis

190 4084 444 4137 invictam
473 4086 539 4139 ad
572 4077 974 4157 pradicandum
1018 4092 1363 4166 Evangelium
1396 4077 1753 4159 constantiam

186 4174 407 4239 afﬂavit,
462 4191 518 4233 et
568 4195 753 4236 eorum
802 4186 892 4253 qui
948 4188 1221 4256 apostolos
1256 4192 1548 4249 audiebant
1591 4198 1753 4253 corda

184 4271 412 4333 aperuit,
455 4272 547 4326 sed
586 4276 751 4329 etiam
778 4292 905 4331 cum
943 4295 1129 4350 magos
1158 4282 1223 4337 ad
1254 4298 1515 4355 prasepe,
1544 4290 1600 4343 in
1645 4305 1752 4360 quo

184 4362 361 4417 irrisas
384 4365 623 4433 iacebat,
656 4370 901 4427 attraxit.
938 4370 1029 4426 Sic
1076 4376 1220 4429 enim
1256 4375 1493 4445 loquitur
1542 4378 1747 4452 Dialog.

180 4468 232 4507 ιι.
266 4453 336 4507 78
361 4471 379 4508 :
414 4474 433 4506 s
473 4454 609 4511 Nam
648 4466 703 4513 et
731 4463 872 4527 quod
907 4463 1039 4517 dicit
1070 4464 1273 4520 Isaias:
1325 4469 1551 4532 Accipiet
1588 4473 1749 4526 uirtu-

1877 3284 2311 3351 circumcision’is
2355 3300 2371 3336 :
2420 3292 2475 3336 et
2528 3280 3031 3342 circumcisionem,
3083 3293 3242 3345 quam
3294 3277 3458 3333 Josue

1869 3384 2056 3441 muris
2102 3376 2326 3449 lapideis
2370 3376 2585 3446 peregit
2612 3376 2677 3436 υ,
2704 3372 2933 3442 ﬁguram
2980 3373 3257 3425 exstitisse
3305 3381 3457 3440 putat

1870 3479 2011 3532 imus
2060 3470 2527 3531 circumcisionis,
2567 3481 2725 3534 quam
2780 3480 2809 3519 a
2862 3466 3086 3520 Christo
3131 3467 3453 3533 accipimus.

1870 3588 1892 3621 ε
1931 3565 2197 3622 Praeclare
2244 3575 2374 3630 ergo
2424 3561 2478 3612 in
2526 3557 2680 3611 nobis
2732 3557 2929 3625 agitur,
3004 3557 3175 3622 inquit
3241 3557 3452 3623 Diu/0g.

1864 3677 1920 3715 ιι.
1972 3655 2225 3724 “Equi
2264 3651 2452 3707 cultris
2501 3647 2729 3715 lapideis
2771 3647 3080 3701 circumcisi
3130 3663 3317 3701 sumus
3366 3664 3452 3702 sc-

1864 3751 2039 3808 cunda
2068 3745 2511 3802 circumcisione.
2545 3740 2726 3795 Prima
2765 3740 2910 3793 enim
2952 3740 3042 3793 illa
3076 3752 3254 3795 vestra
3306 3739 3451 3792 lcrro

1862 3851 2083 3923 peracta
2114 3849 2201 3895 est
2229 3847 2284 3891 et
2316 3837 2595 3908 peragitur
2622 3851 2637 3890 :
2668 3836 2804 3889 duro
2838 3835 2983 3889 enim
3032 3836 3199 3889 corde
3229 3848 3447 3901 perma-

1863 3934 2026 3990 netis.
2061 3931 2255 3988 Nostra
2293 3937 2472 3983 autem
2506 3928 2872 3989 circumcisio,
2908 3940 3031 3995 qua!
3072 3926 3305 3979 secunda
3348 3942 3448 3977 uu-

1860 4038 2011 4080 moro
2032 4029 2169 4093 .post
2194 4031 2432 4076 vestram
2465 4021 2711 4076 instituta
2736 4032 2838 4087 est,
2871 4038 2964 4092 per
2992 4022 3196 4089 lapides
3232 4031 3441 4084 acutos,

1860 4118 1914 4171 id
1938 4126 2019 4172 est
2048 4131 2145 4186 per
2168 4130 2447 4171 sermones
2480 4115 2848 4183 apostolorum
2871 4117 3070 4170 summi
3111 4116 3256 4169 illius
3286 4130 3450 4183 angu-

1858 4208 1988 4264 iarls
2026 4208 2225 4277 lapidis
2255 4218 2309 4262 et
2342 4209 2462 4262 sine
2509 4208 2760 4262 manibus
2802 4209 3059 4273 abscissi,
3102 4210 3446 4264 circumcidit

1858 4316 1956 4357 nos
1985 4316 2013 4354 a
2051 4299 2466 4356 simulacrorum
2496 4301 2651 4355 cultu
2683 4312 2737 4356 et
2776 4302 2843 4356 ab
2886 4302 3033 4355 omni
3064 4316 3285 4370 prorsus
3316 4316 3442 4369 pra-

1854 4390 2043 4445 vitate.
2070 4389 2310 4456 Quorum
2341 4391 2503 4445 cordia
2534 4391 2607 4443 ita
2641 4399 2767 4446 sunt
2794 4393 3067 4461 pravitate
3092 4390 3440 4454 circumcisa,

1854 4492 1914 4537 ut
1966 4482 2074 4537 laeti
2127 4492 2357 4537 mortem
2402 4495 2727 4552 Oppetamus
2782 4494 3001 4554 propter
3054 4499 3248 4538 nomen
3306 4500 3443 4552 prae-

180 4556 274 4596 lal
308 4547 557 4602 Damasci
582 4559 634 4603 et
664 4552 833 4618 spolia
865 4553 1127 4610 Samaria?
1172 4558 1239 4623 “,
1267 4560 1609 4627 signiﬁcabat
1660 4580 1753 4619 ne-

1871 4573 2020 4630 iara:
2050 4574 2195 4629 illius
2226 4574 2416 4639 Petrae,
2455 4592 2576 4645 qua:
2610 4587 2665 4630 et
2698 4579 2749 4629 in
2787 4592 2975 4630 eorum
3008 4576 3193 4638 corda,
3226 4576 3316 4643 qui
3347 4590 3443 4643 per

178 4635 300 4691 iarii
339 4640 620 4707 damonis,
649 4646 741 4710 qui
794 4646 1073 4703 habitabat
1107 4647 1378 4716 Damasci,
1425 4663 1745 4723 potestatem

174 4740 200 4775 a
234 4725 461 4782 Christo
506 4733 689 4786 statim
745 4745 907 4804 atque
958 4750 1115 4795 natus
1170 4751 1349 4808 esset,
1402 4744 1604 4800 victum
1658 4750 1743 4813 iri,

173 4822 313 4886 quod
336 4824 553 4887 quidem
584 4824 782 4880 iactum
805 4843 925 4884 esse
954 4832 1373 4891 demonstratur.
1409 4834 1547 4905 Magi
1578 4841 1745 4905 enim,

171 4911 261 4978 qui
296 4922 354 4965 ut
380 4913 554 4982 spolia
581 4920 716 4983 rapti
746 4918 955 4973 fuerant
986 4922 1052 4975 ad
1090 4924 1257 4976 malas
1291 4940 1535 4995 quasque
1571 4932 1743 4984 actio-

172 5017 289 5062 nes.
320 5004 387 5057 ad
415 5021 551 5072 quas
585 5020 679 5059 eos
719 5008 806 5061 ille
840 5010 1047 5064 dtetnon
1091 5014 1422 5082 impellebat,
1458 5020 1546 5073 ubi
1582 5022 1743 5075 Chri—

170 5105 312 5148 stum
340 5100 626 5153 adoratum
664 5112 951 5167 venerunt,
991 5104 1257 5176 defecere,
1295 5120 1355 5165 ut
1392 5114 1738 5169 manifestum

169 5197 272 5249 est,
303 5189 369 5241 ab
404 5203 491 5252 ea,
514 5205 636 5259 qua:
672 5190 795 5247 illos
825 5203 882 5246 ut
927 5196 1097 5263 spolia
1138 5212 1414 5268 rapuerat,
1442 5214 1738 5272 potestate,

167 5294 327 5349 quam
358 5282 516 5337 nobis
550 5294 747 5342 arcane
785 5284 1065 5356 Scriptura
1097 5287 1345 5349 Damasci
1376 5294 1623 5351 habitare
1655 5300 1739 5351 iu-

170 5375 328 5426 dicat.
374 5393 395 5426 a
432 5373 498 5429 Et
528 5391 585 5431 η.
610 5376 678 5432 88
709 5398 722 5433 :
758 5398 776 5432 ι
807 5382 984 5450 Atque
1006 5384 1148 5451 illud
1189 5388 1352 5440 etiam
1392 5389 1548 5444 vobis
1584 5393 1735 5445 testi-

168 5465 340 5520 monio
370 5467 465 5527 sit.
494 5470 636 5537 quod
668 5472 822 5528 vobis
843 5474 953 5529 dixi
979 5476 1047 5531 ab
1068 5477 1284 5533 Arabiae
1311 5481 1482 5548 magis
1510 5480 1731 5547 factum,

167 5557 249 5619 cui
282 5573 404 5613 cum
434 5562 620 5615 statim
650 5578 712 5619 ac
737 5580 868 5635 puer
892 5576 1055 5622 natus
1076 5578 1181 5633 est,
1212 5571 1502 5637 venissent,
1533 5575 1728 5627 adora-

170 5659 351 5704 terunt
385 5666 532 5710 cum.
575 5652 706 5711 Nam
755 5668 815 5713 ut
868 5659 944 5723 in,
974 5659 1148 5716 lucem
1198 5664 1374 5719 editus
1424 5675 1528 5729 est,
1572 5682 1725 5721 suam

231 5791 273 5821 "
305 5790 542 5861 Dialog.,
573 5813 623 5852 n.
659 5798 778 5855 H9.
860 5802 894 5833 ι’
935 5801 1038 5859 isa.
1096 5821 1213 5867 vur.
1243 5807 1296 5864 ὁ.

1381 5809 1420 5840 ⁸³
1455 5807 1613 5867 Josue
1670 5830 1720 5878 γ,
1750 5816 1806 5870 ‘2.

1855 4665 2032 4737 ipsum
2060 4665 2291 4734 diligunt
2327 4666 2544 4722 Patrem
2591 4668 2991 4733 universorum,
3021 4682 3217 4735 aquam
3261 4667 3438 4721 vivam

1854 4755 2050 4810 emittit
2073 4765 2128 4809 et
2160 4772 2253 4813 eos
2286 4768 2452 4826 potat,
2484 4762 2577 4828 Qui
2608 4775 2801 4827 aquam
2837 4761 2959 4814 vita:
2992 4762 3203 4816 sitiunt.
3234 4778 3251 4811 ι

1917 4846 2222 4904 Mirabilem
2260 4849 2405 4903 illam
2446 4852 2626 4907 cordis
2673 4853 3166 4920 circumcisionem,
3198 4868 3362 4921 quam
3407 4871 3437 4908 a

1851 4935 2078 4994 Christo
2108 4943 2426 5013 accipimus,
2464 4960 2659 4999 novam
2691 4946 2983 5014 quamdam
3026 4947 3434 5015 generationem

1851 5040 1905 5084 et
1935 5033 2269 5089 creationem
2318 5049 2437 5091 esse
2487 5037 2807 5105 pronuntiat
2844 5036 2903 5095 S.
2950 5049 3158 5109 martyr
3192 5041 3437 5107 Scriptu-

1846 5136 2029 5176 rarurn
2084 5126 2411 5182 auctoritate
2462 5127 2653 5184 fretus.
2694 5148 2713 5180 ‹
2748 5128 2887 5206 Nos,
2945 5131 3143 5198 inquit,
3200 5148 3256 5184 ιι.
3308 5132 3433 5194 155,

1843 5230 1908 5269 ex
1960 5216 2162 5272 Christi
2214 5229 2369 5275 utero
2413 5222 2571 5276 recisi
2615 5233 2803 5276 verum
2858 5240 3045 5278 sumus
3076 5224 3431 5279 lsraeliticurn

1842 5320 2030 5375 genus.
2075 5327 2093 5360 ι
2132 5308 2199 5365 Et
2230 5327 2283 5365 η.
2326 5313 2473 5369 158τ
2515 5334 2533 5365 ι
2571 5315 2822 5371 Christus
2864 5333 2986 5371 cum
3039 5318 3432 5385 priutogenitus

1842 5408 1989 5453 esset
2014 5404 2196 5457 omnis
2225 5393 2521 5473 creaturae,
2546 5423 2739 5463 rursus
2767 5409 2930 5463 etiam
2962 5408 3139 5464 factus
3169 5419 3249 5463 est
3281 5412 3431 5478 priu-

1840 5488 2040 5557 cipium
2107 5494 2331 5553 alterius
2390 5502 2610 5569 generis
2667 5502 2735 5556 ab
2793 5503 2909 5571 ipso
2966 5504 3272 5573 regenerati
3332 5519 3431 5571 per

1841 5596 2035 5650 aquam
2064 5596 2120 5640 et
2163 5588 2324 5646 ﬁdem
2366 5603 2420 5648 et
2458 5593 2693 5664 lignum,
2745 5610 2852 5666 quo
2900 5597 3214 5668 mysterium
3247 5598 3430 5651 crucis

1837 5676 2165 5735 continetur.
2196 5702 2214 5737 ι
