4120 6414
762 348 833 403 55

1637 343 1694 398 S.
1731 341 2068 399 J'USTINUS
2099 341 2578 398 PHILOSOPHUS
2611 343 2697 397 ET
2733 339 3046 398 MARTYR.

3912 339 3982 396 56

830 441 944 496 Non
995 444 1172 499 minus
1207 441 1384 498 elucet
1430 436 1633 496 Christi
1677 443 1914 512 potentia
1963 441 2016 493 in
2068 455 2320 509 perseve-
2345 447 2394 506 Α
2421 441 2739 494 charitatem
2770 440 3112 504 declarastis,
3145 439 3238 494 sed
3283 453 3512 507 semper,
3550 446 3606 492 ut
3636 437 3978 493 manifestum

759 536 950 590 rantite
985 537 1146 591 dono.
1207 553 1228 588 ο
1271 535 1476 591 Stolam
1517 534 1657 602 ejus,
1721 535 1894 602 inquit
1933 548 1986 588 n.
2055 533 2144 599 5d,
2200 533 2322 603 Spi-

759 631 896 684 ritus
925 640 1141 685 sanctus
1171 645 1264 686 eos
1295 631 1531 694 vocavit,
1558 630 1651 698 qui
1679 645 1774 698 per
1797 645 1918 685 eum
1943 631 2316 685 remissionem

759 732 1103 788 peccatorum
1150 733 1492 792 acceperunt,
1537 722 1590 776 in
1621 723 1815 791 quibus
1856 724 2054 776 virtute
2098 725 2315 794 quidem

757 827 969 882 semper
997 813 1170 877 adest,
1209 812 1492 866 manifeste
1543 823 1720 865 autem
1766 815 1939 868 aderit
1979 815 2033 868 in
2079 814 2316 869 secundo

756 903 1008 961 adventu.
1049 921 1069 955 ι
1098 903 1343 960 Victores
1389 904 1518 959 facit
1555 905 1758 961 Christi
1803 907 1974 973 gratia
2023 919 2091 960 ex
2138 914 2314 958 tenta-

756 995 1011 1060 tionibus,
1044 995 1237 1064 quibus
1277 1011 1375 1051 nos
1405 996 1651 1053 diabolus
1690 998 2003 1068 impugnare
2031 1012 2134 1052 non
2166 996 2310 1051 desi-

752 1089 852 1141 nit.
893 1107 912 1140 t
950 1088 1054 1144 Sed
1110 1099 1170 1142 ut
1225 1089 1380 1146 vobis
1427 1093 1685 1148 rationem
1745 1095 1990 1158 reddam,
2040 1094 2215 1163 inquit
2253 1110 2306 1147 n.

749 1177 875 1243 H6,
945 1181 1010 1234 de
1060 1180 1386 1236 revelatione
1433 1182 1555 1238 Jesu
1605 1184 1805 1238 Christi
1872 1184 2066 1247 sancti,
2124 1187 2310 1253 repeto

749 1281 1076 1330 sermonem,
1114 1284 1178 1322 ac
1227 1269 1348 1324 dico
1396 1270 1533 1326 hanc
1570 1278 1783 1343 quoque
1832 1273 2213 1328 revelationem
2253 1274 2306 1327 in

747 1374 848 1412 nos
887 1358 1082 1415 factam
1117 1373 1258 1426 esse,
1293 1364 1381 1430 qui
1426 1363 1478 1416 in
1515 1363 1788 1418 Christum
1820 1379 2088 1419 summum
2126 1367 2308 1420 sacer-

745 1450 950 1516 dotem,
1003 1452 1145 1507 hunc
1188 1454 1542 1520 crucifixum,
1591 1456 1887 1519 credimus;
1940 1457 2029 1525 qui
2081 1471 2200 1510 cum
2251 1457 2304 1510 in

744 1544 946 1611 stupris
969 1559 1031 1599 ac
1059 1546 1203 1599 omni
1229 1560 1448 1614 prorsus
1475 1546 1692 1602 sordida
1719 1548 1928 1601 actione
1947 1560 2300 1613 versaremur,

2421 543 2522 594 est.
2557 543 2610 588 et
2638 533 3046 587 simulacrorum
3094 531 3328 586 cultores
3362 539 3417 586 et
3454 533 3717 602 justorum
3761 528 3982 583 interie-

2417 633 2597 678 ctores
2643 638 2738 678 vos
2774 622 3104 692 uprxhuistis.
3143 640 3163 674 ι
3206 621 3341 676 Hinc
3389 633 3497 676 tam
3535 635 3676 690 stupe
3723 621 3980 674 observat

2418 712 2904 777 circumcisionem,
2928 711 3183 775 Sabbata,
3209 712 3376 768 ferias
3406 723 3459 766 et
3489 711 3750 767 sacrificia
3775 708 3981 768 ludzis

2417 805 2486 860 ob
2518 815 2755 874 peccata,
2789 805 2952 858 veluti
2988 803 3197 873 jugum,
3232 805 3480 874 imposita
3510 805 3694 867 fuisse,
3723 811 3886 870 atque
3924 812 3980 852 ut

2411 912 2600 950 eorum
2649 897 3035 964 reprimeretur
3084 897 3496 966 improbitasm.
3540 897 3627 958 18,
3663 876 3748 959 19,
3779 894 3870 953 23.
3910 891 3972 946 9|

2415 1001 2470 1046 et
2504 1005 2654 1059 seqq.
2699 990 3123 1043 Christianorum
3174 998 3353 1043 autem
3402 988 3664 1056 baptismo
3713 986 3974 1054 Spiritum

2415 1093 2658 1138 sanctum
2681 1081 2944 1146 conferri;
2965 1096 3159 1134 novum
3184 1091 3580 1140 testamentum,
3601 1094 3704 1133 non
3727 1087 3784 1129 ut
3800 1078 3974 1146 prius,

2413 1178 2505 1231 sed
2545 1177 2662 1229 sine
2701 1183 2844 1229 metu
2874 1186 2924 1230 et
2963 1185 3197 1228 tremore
3243 1186 3295 1227 et
3329 1173 3630 1242 fulguribus
3668 1171 3973 1223 institutum

2412 1265 2660 1326 fuissem.
2694 1266 2784 1330 67,
2812 1282 2876 1318 ac
2901 1270 3004 1318 duo
3038 1266 3380 1333 intelligenda
3423 1280 3536 1318 esse
3577 1263 3734 1316 ludar
3767 1263 3971 1314 statim

2407 1370 2455 1411 et
2472 1360 2576 1411 duo
2600 1375 2806 1427 genera,
2834 1359 3268 1428 quemadmodum
3293 1359 3427 1410 duas
3454 1359 3638 1409 domus
3665 1355 3856 1419 Iacob,
3881 1353 3974 1406 al-

2408 1461 2570 1506 terum
2599 1467 2663 1504 ex
2690 1452 2943 1520 sanguine
2984 1461 3038 1502 et
3085 1465 3260 1514 carne,
3299 1451 3520 1501 alterum
3561 1463 3624 1501 ea:
3672 1448 3882 1514 spiritu,
3905 1463 3967 1500 ιι.

2409 1543 2529 1598 135.
2558 1542 2710 1595 Tanti
2742 1541 2994 1597 momenti
3022 1557 3142 1596 esse
3159 1542 3307 1595 ducit
3329 1540 3499 1610 legem
3521 1557 3548 1593 a
3574 1541 3746 1608 gratia
3775 1539 3970 1593 distin-

744 1652 839 1705 per
868 1639 1092 1707 gratiam
1129 1655 1158 1692 a
1196 1650 1382 1695 nostro
1419 1640 1580 1706 Jesu,
1630 1641 1924 1694 secundum
1973 1638 2302 1693 voluntatem
2404 1648 2586 1702 gnere,
2627 1644 2680 1687 ut
2721 1635 2776 1686 in
2808 1633 2907 1686 hac
2945 1632 3292 1688 distinctione
3335 1633 3694 1702 cognitionem
3721 1631 3966 1684 omnium

744 1728 913 1794 ipsius
942 1729 1138 1794 Patris,
1168 1744 1502 1794 concessam,
1529 1728 1744 1783 sordida
1778 1727 1957 1782 omnia
1989 1728 2182 1796 quibus
2209 1726 2292 1780 in-
2410 1727 2787 1796 lllYalCl’lOl‘ﬂlll
2815 1740 3073 1793 reponere
3112 1740 3215 1778 non
3244 1724 3474 1788 dubitet,
3509 1740 3563 1779 n.
3596 1723 3707 1788 44;
3745 1721 3966 1792 religio-

743 1819 854 1872 duti
884 1833 1119 1882 eramus,
1161 1819 1296 1872 mala
1324 1818 1570 1871 exuimus
1595 1833 1610 1868 :
1639 1816 1834 1884 quibus
1864 1813 2106 1868 diabolus
2138 1813 2302 1867 instat
2331 1820 2376 1880 Β
2405 1820 2486 1872 nis
2515 1817 2830 1872 Christiana:
2851 1820 3123 1886 proprium
3155 1833 3276 1874 esse
3300 1819 3460 1872 docet
3489 1817 3630 1872 hanc
3661 1816 3968 1872 distinctio-

742 1923 956 1977 semper
978 1911 1291 1972 adversans,
1317 1923 1379 1962 ac
1417 1922 1608 1962 omnes
1639 1908 1709 1961 ad
1738 1920 1797 1960 se
1827 1905 2046 1958 trahere
2074 1903 2296 1966 volens;
2404 1921 2525 1959 nem
2556 1907 3003 1968 demonstrare,n.
3029 1909 3116 1963 67.

739 2001 834 2055 sed
861 1999 1076 2068 angelus
1122 2001 1237 2063 Dci,
1269 2001 1319 2054 id
1353 2010 1439 2056 est
1464 2000 1637 2054 virtus
1663 1997 1763 2052 Dei
1803 1997 1958 2051 nobis
2000 2011 2096 2065 per
2116 1995 2299 2050 Iesum
2474 1997 2560 2052 IV.
2609 1996 2794 2052 Fidem
2837 1992 2982 2062 illam
3019 2000 3285 2054 charitate
3327 2002 3644 2066 animatum,
3675 2015 3796 2068 qua:
3831 2015 3964 2071 gra—

737 2091 1009 2146 Christum
1044 2094 1306 2157 immissa,
1345 2095 1587 2162 increpat
1612 2107 1733 2146 eum
1766 2102 1821 2147 et
1852 2107 1882 2143 a
1924 2090 2080 2145 nobis
2127 2091 2300 2144 disci.¥
2401 2091 2548 2144 tuine
2575 2101 2632 2144 et
2662 2094 2897 2160 potentis
2926 2094 3114 2162 gratia:
3145 2095 3345 2149 donum
3366 2105 3490 2158 est,
3523 2109 3733 2162 semper
3764 2095 3830 2148 ad
3866 2110 3963 2154 sa-

735 2183 833 2236 dit.
867 2189 944 2236 Ac
973 2193 1226 2250 tanquam
1256 2199 1317 2237 ex
1347 2184 1467 2251 igne
1497 2181 1727 2238 extracti
1772 2195 1978 2244 sumus,
2007 2194 2129 2233 cum
2152 2179 2299 2246 prio-
2399 2183 2570 2238 lutem
2595 2185 2768 2238 fuisse
2795 2187 3188 2248 necessariam,
3225 2187 3280 2239 id
3305 2195 3388 2240 est
3423 2187 3522 2240 sub
3557 2187 3674 2255 lege
3689 2183 3889 2255 Moysis
3906 2197 3965 2240 et

736 2278 886 2329 ribus
917 2279 1156 2345 peccatis
1191 2277 1359 2339 exuti,
1394 2285 1504 2328 tum
1548 2290 1613 2328 ex
1656 2273 2004 2328 tribulatione
2049 2270 2296 2335 eruendi,

732 2377 788 2422 et
816 2381 882 2420 ex
914 2367 1165 2422 incendio
1193 2367 1349 2421 nobis
1373 2382 1401 2420 a
1428 2367 1643 2422 diabolo
1671 2365 1895 2434 ejusque
1917 2362 2166 2418 omnibus
2192 2362 2293 2415 mi-

733 2461 920 2512 nistris
966 2459 1242 2525 immisso;
1289 2474 1354 2513 ex
1402 2459 1599 2528 quibus
1644 2472 1740 2512 nos
1787 2457 1948 2511 etiam
2000 2470 2191 2509 rursus
2237 2468 2295 2509 se

731 2559 1103 2604 extracturum
1129 2549 1286 2606 Jesus
1311 2551 1400 2604 Dei
1425 2549 1619 2615 Filius,
1641 2564 1702 2602 ac
1721 2547 2035 2618 praeparatis
2057 2547 2294 2602 vestibus

730 2658 830 2696 nos
879 2644 1212 2706 induturum,
1263 2643 1308 2696 si
1365 2644 1619 2696 mandata
1667 2642 1784 2710 ejus
1837 2639 2204 2704 observemus,
2237 2646 2292 2692 et

730 2749 954 2803 regnum
989 2743 1252 2814 meritum
1278 2735 1618 2801 provisurum
1644 2732 1911 2800 promisit.
1950 2750 1970 2782 ι

801 2827 875 2880 Ex
909 2841 1044 2880 nova
1075 2827 1176 2880 hac
1213 2827 1582 2894 generatione,
1621 2839 1785 2893 quam
1819 2838 1850 2876 a
1885 2822 2103 2878 Christo
2132 2836 2290 2877 acce-

727 2920 926 2988 pimus,
954 2919 1068 2972 sive
1098 2933 1165 2972 ex
1196 2919 1285 2973 illa
1326 2919 1596 2974 charitate
1621 2933 1781 2986 quam
1824 2918 1877 2971 in
1914 2918 2079 2972 corda
2105 2924 2291 2970 nostra

727 3012 999 3075 dilfnndit,
1028 3012 1284 3080 prteclara
1313 3011 1556 3067 Justinus
1583 3019 1898 3082 argumenta
1930 3009 2078 3066 ducit
2102 3024 2166 3064 ac
2192 3009 2288 3062 de.

725 3106 1026 3160 fensiouem
1064 3105 1343 3174 religionis
1391 3105 1731 3160 Christianae.
1769 3123 1787 3154 ι
1827 3104 1883 3158 Si
1919 3118 2049 3172 ergo
2092 3115 2288 3154 novum

2393 2285 2526 2330 ante
2557 2276 2729 2342 ipsam
2773 2277 2971 2346 legem,
3020 2279 3264 2346 pluribus
3305 2277 3437 2334 locis
3475 2277 3775 2332 luculenter
3801 2281 3966 2333 docet

2395 2365 2655 2421 Justinus.
2690 2387 2708 2418 t
2746 2367 2876 2421 Nam
2924 2379 2976 2424 et
3016 2369 3129 2438 ipse
3172 2372 3491 2434 Abraham,
3535 2370 3710 2440 inquit
3762 2387 3816 2422 n.
3849 2369 3959 2437 25,

2395 2474 2520 2512 cum
2543 2461 2596 2513 in
2625 2463 2886 2529 praeputio
2906 2472 3070 2525 esset,
3098 2475 3192 2531 per
3223 2461 3404 2529 ﬁdem,
3435 2477 3538 2530 qua
3572 2462 3963 2524 crediditDeo.

2390 2550 2718 2617 justilicatus
2745 2564 2798 2605 et
2831 2554 3146 2608 benedictus
3174 2562 3260 2609 est
3291 2553 3354 2608 “.
3391 2571 3413 2605 ι
3450 2554 3570 2608 Vid.
3604 2569 3663 2607 η.
3691 2552 3792 2608 92.
3829 2549 3964 2605 Nul-

2397 2645 2477 2697 los
2508 2657 2730 2714 prorsus
2755 2647 2959 2702 electos
2987 2649 3232 2718 agnoscit
3266 2649 3359 2718 qui
3403 2664 3507 2703 non
3556 2649 3695 2702 hanc
3724 2646 3967 2701 Ahraha

2395 2734 2556 2788 ﬁdem
2588 2737 2781 2790 imitati
2818 2738 3039 2792 fuerint.
3085 2738 3178 2793 Sic
3205 2741 3348 2795 enim
3399 2739 3598 2794 refellit
3631 2740 3851 2793 stultam
3897 2738 3968 2792 il-

2394 2825 2498 2878 lam
2530 2829 2836 2895 opinionem
2859 2868 2872 2891 ,
2905 2844 3012 2898 qua
3055 2827 3222 2882 inﬂati
3254 2828 3421 2884 «Ιυάκὶ
3457 2830 3640 2884 salvos
3669 2845 3728 2884 se
3754 2832 3823 2884 ob
3856 2830 3959 2884 de-

2392 2918 2608 2974 ductam
2656 2922 2725 2975 ab
2768 2923 3080 2975 Abrahamo
3113 2923 3378 2992 originem
3417 2921 3627 2978 futuros
3666 2923 3956 2992 putabant.

2397 3026 2416 3058 ι
2454 3009 2655 3073 Nemo,
2708 3011 2883 3082 inquit
2929 3030 2983 3066 n.
3017 3014 3118 3078 ιι,
3158 3030 3231 3068 ne
3269 3028 3334 3067 ex
3365 3013 3454 3067 illo
3486 3017 3701 3083 quidem
3745 3015 3959 3070 semine

2390 3100 2682 3172 quidquam
2724 3105 2968 3172 accipere
3007 3114 3220 3172 potest,
3256 3115 3454 3176 praeter
3482 3121 3599 3168 eos,
3643 3107 3735 3175 qui
3773 3108 3964 3162 animo

725 3206 1134 3261 testamentum,
1175 3197 1352 3265 inquit
1391 3195 1598 3266 Dialog.
1653 3214 1707 3249 n.
1745 3197 1832 3258 ll,
1884 3195 2025 3248 Deus
2069 3193 2286 3246 institu-
2313 3197 2357 3253 (ζ
2391 3191 2672 3245 assimilati
2700 3192 2903 3248 fuerint
2945 3195 3070 3250 lidei
3109 3199 3362 3262 Abrahae,
3393 3208 3448 3254 et
3481 3200 3742 3267 mysteria
3772 3201 3962 3258 omnia

725 3301 836 3344 tum
871 3292 935 3344 iri
971 3289 1304 3359 praedicavit,
1339 3291 1579 3358 illudque
1624 3291 1677 3344 iu
1711 3287 1882 3341 lucem
1915 3285 2176 3356 gentium,
2205 3282 2285 3334 vi-

723 3390 911 3438 demus
952 3394 1129 3437 autem
1176 3398 1242 3437 ac
1288 3394 1608 3450 persuasum
1659 3380 1916 3432 habemus
1953 3392 2053 3446 per
2093 3390 2287 3429 nomen

723 3476 894 3544 ipsius
921 3475 1047 3530 Jesu
1079 3474 1283 3528 Christi
1310 3472 1578 3536 crucifixi,
1612 3485 1640 3522 a
1679 3469 1985 3525 simulacris
2007 3475 2061 3521 et
2087 3467 2156 3524 ab
2185 3467 2285 3518 alia

724 3570 964 3638 nequitia
994 3569 1240 3623 homines
1283 3567 1349 3620 ad
1389 3565 1559 3619 Deum
1606 3565 1885 3628 accedere,
1927 3575 1989 3614 ac
2019 3575 2085 3613 ne
2115 3569 2288 3611 morte

723 3662 936 3729 quidem
980 3659 1250 3730 proposita
1301 3673 1330 3710 a
1381 3657 1722 3710 confessione
1774 3664 1829 3708 et
1872 3654 2072 3721 pietate
2110 3651 2285 3705 disce-

723 3755 847 3806 dere
865 3752 891 3815 ς’
911 3767 1032 3805 cum
1065 3765 1127 3805 ex
1158 3751 1434 3818 operibus,
1469 3757 1580 3801 tum
1607 3763 1673 3801 ex
1703 3745 2158 3815 consequentibus
2187 3745 2287 3798 mi-

723 3845 921 3899 raculis
963 3844 1090 3898 licet
1117 3843 1421 3913 intelligere
1467 3843 1610 3895 hunc
1649 3855 1768 3895 esse
1811 3854 2004 3892 novam
2034 3839 2200 3908 legem
2229 3846 2284 3891 et

724 3952 916 3989 novum
956 3946 1356 3999 testamentum,
1399 3944 1451 3989 et
1491 3933 1944 4002 exspectationem
1975 3947 2162 3986 eorum
2193 3931 2288 3998 qui

720 4046 785 4083 ex
809 4029 1057 4083 omnibus
1079 4027 1325 4096 gentibus
1355 4043 1382 4079 a
1413 4026 1522 4079 Deo
1561 4027 1700 4079 bona
1725 4034 2060 4092 exspectant.
2087 4041 2106 4076 ι
2133 4023 2286 4092 ὃωρθ

722 4123 857 4190 alias
890 4121 1164 4174 Christum
1209 4135 1330 4174 esse
1382 4135 1576 4172 novam
1622 4118 1765 4172 illam
1811 4117 1981 4186 legent
2018 4117 2070 4169 in
2103 4126 2285 4169 vetere

718 4215 1042 4285 promissam
1072 4212 1372 4276 contendit,
1400 4214 1524 4279 quia
1554 4211 1761 4265 scilicet
1781 4210 2025 4264 Christus
2054 4209 2165 4276 ipse
2192 4223 2285 4276 per

719 4306 982 4372 Spiritum
1017 4319 1170 4358 suum
1211 4303 1264 4356 in
1307 4304 1461 4356 nobis
1499 4301 1706 4355 habitat
1736 4301 1798 4367 ¹⁸,
1831 4310 1990 4368 atque
2028 4301 2167 4354 hanc
2209 4300 2284 4353 le-

719 4413 838 4465 gem
867 4398 919 4450 in
951 4397 1200 4450 cordibus
1225 4396 1425 4449 nostris
1455 4395 1663 4448 scribit.
1691 4395 1865 4462 Atque
1895 4394 1946 4447 iu
1979 4396 2080 4446 hoc
2111 4393 2284 4445 maxi-

720 4508 865 4543 tuum
901 4489 1191 4543 Christiani
1225 4497 1279 4541 et
1309 4487 1478 4542 Judaei
1520 4487 1810 4542 discrimen
1852 4486 2148 4540 constituit.
2183 4485 2282 4538 Fa-

2388 3286 2757 3356 oognoveriut,
2797 3287 2850 3340 id
2899 3298 2982 3342 est
3032 3288 3134 3342 alia
3163 3291 3410 3357 quadam
3448 3301 3707 3358 praecepta
3752 3291 3823 3344 ad
3860 3292 3962 3348 Dei

2387 3375 2588 3430 cultum
2613 3387 2668 3431 et
2684 3378 2910 3447 justitiae
2939 3381 3400 3445 observationem,
3449 3383 3550 3435 alia
3602 3393 3782 3436 autem
3817 3398 3962 3450 pue-

2387 3480 2540 3538 cepta
2568 3479 2621 3524 et
2647 3482 2809 3540 opera
2842 3473 2925 3525 vel
2949 3474 3016 3525 ad
3049 3473 3249 3527 Christi
3282 3477 3615 3543 mysterium,
3647 3475 3727 3527 vel
3759 3478 3829 3529 ob
3860 3477 3961 3528 du-

2388 3562 2568 3612 ritiam
2594 3563 2776 3615 cordis
2801 3563 2977 3630 populi
3003 3563 3165 3616 vestri
3192 3564 3444 3617 similiter
3467 3579 3587 3616 esse
3625 3564 3960 3631 descripta.»

2388 3652 2538 3707 Hanc
2565 3655 2966 3707 distinctionem
3000 3666 3392 3723 praeceptorum
3442 3657 3668 3724 requirit
3708 3656 3774 3708 ad
3805 3656 3958 3708 salu-

2389 3753 2516 3807 tem,
2544 3745 2670 3813 quia
2703 3745 2748 3799 si
2778 3745 2900 3812 quis
2921 3747 3190 3815 justitiam
3225 3748 3279 3800 in
3307 3747 3420 3800 sola
3451 3748 3873 3802 circumcisione
3900 3760 3959 3803 et

2387 3836 2626 3892 Sabbato
2669 3845 2721 3890 et
2765 3836 2914 3892 feriis
2956 3840 3188 3906 positam
3218 3841 3512 3905 existimet,
3544 3850 3598 3894 et
3631 3855 3840 3894 summa
3872 3839 3950 3894 le-

2385 3933 2465 3999 gis
2491 3941 2706 3988 cternte
2736 3933 3006 3988 oblivione
3040 3934 3365 3998 versabitur,
3391 3952 3490 3989 nec
3515 3936 3745 4004 proinde
3768 3935 3959 3989 salvus

2385 4038 2505 4078 esse
2535 4025 2749 4091 poterit.
2781 4023 3046 4078 Iustinum
3076 4035 3253 4079 autem
3277 4026 3344 4080 de
3376 4025 3479 4080 illis
3509 4029 3668 4081 etiam
3696 4028 3958 4094 tempori-

2386 4113 2485 4166 bus
2521 4113 2689 4182 loqui,
2725 4129 2848 4180 qua:
2875 4124 3002 4166 ante
3042 4114 3470 4168 Incarnationem
3519 4115 3729 4168 Domini
3778 4113 3957 4169 fluxe~

2388 4215 2549 4270 runt,
2597 4206 2942 4259 manifestum
2993 4215 3078 4260 est
3120 4220 3185 4259 ex
3233 4207 3474 4275 hisquze
3511 4207 3693 4260 statim
3754 4207 3955 4260 addit:

2392 4313 2411 4346 ι
2449 4297 2623 4364 Atque
2669 4295 2744 4348 ita
2790 4311 2911 4350 sese
2948 4311 3060 4350 rem
3095 4299 3295 4350 habere
3329 4298 3472 4350 Deus
3501 4297 3641 4364 apud
3693 4297 3955 4351 Ezechie—

2385 4391 2486 4440 lem
2529 4387 2838 4455 pronuntiat
2883 4388 2934 4440 in
2982 4389 3097 4442 haec
3127 4392 3290 4442 verba
3326 4408 3338 4442 :
3379 4389 3433 4443 Si
3479 4389 3616 4452 Noe,
3660 4399 3716 4442 et
3760 4388 3859 4444 Job
3899 4400 3957 4444 et

2389 4480 2573 4534 Daniel
2606 4481 3021 4549 depoposcerint
3046 4484 3126 4535 vel
3159 4482 3298 4535 ﬁlios
3331 4483 3412 4535 vel
3455 4483 3612 4543 tilias,
3654 4497 3758 4534 non
3793 4483 3953 4535 dabi-

721 4592 865 4637 tetur
896 4598 1012 4651 ᾳιιω
1048 4592 1238 4634 natura
1275 4581 1533 4648 praeclara
1569 4590 1614 4633 et
1653 4580 1741 4646 pia
1771 4589 1818 4631 et
1854 4577 2002 4646 jasla
2048 4586 2192 4640 sunt,
2224 4594 2284 4630 ea
2319 4557 2362 4609 Ῐ)
2395 4581 2480 4624 tur
2503 4573 2582 4625 eis
2608 4573 2670 4625 ”.
2712 4591 2730 4622 ι
2763 4573 2877 4639 Ipse
2907 4572 3147 4626 Justinus
3179 4571 3339 4642 paulo
3372 4583 3488 4641 post
3517 4573 3756 4628 declarat
3796 4589 3854 4628 se
3885 4575 3957 4627 de

718 4679 772 4728 iu
818 4676 926 4745 lege
967 4673 1129 4728 Hosis
1155 4673 1235 4726 Itis
1276 4675 1366 4739 qui
1417 4673 1519 4742 legi
1566 4681 1768 4739 parent,
1814 4687 1868 4724 η.
1909 4669 2000 4736 45,
2040 4670 2283 4737 facienda

717 4765 1004 4833 ,πίωσι-ξω.
1036 4765 1231 4834 Legem
1271 4771 1451 4816 autem
1503 4761 1684 4822 illam.
1727 4775 1844 4829 qua:
1889 4770 2280 4830 postxmort‘em

718 4856 879 4910 Musis
924 4855 1155 4924 prodiit.
1214 4862 1400 4922 utpote
1455 4855 1506 4906 in
1555 4853 1760 4922 psalmo
1810 4868 1903 4905 ιιι
1961 4859 2276 4910 memorata.

717 4948 1148 5002 Christianorum
1176 4944 1447 5013 propriam
1485 4959 1604 4998 esse
1634 4952 1688 4998 et
1725 4945 1776 4995 in
1806 4959 1996 4998 eorum
2025 4944 2279 4997 cordibus

715 5037 972 5104 scriptam
1023 5035 1102 5089 sic
1137 5034 1352 5102 prohat,
1391 5049 1448 5086 u.
1489 5032 1598 5087 30:
1633 5051 1652 5084 ι
1686 5031 1809 5086 llam
1855 5041 2031 5087 autem
2077 5031 2274 5098 judicia

716 5128 927 5181 Domini
959 5125 1134 5189 nobis,
1166 5124 1362 5193 quibus
1397 5123 1712 5191 sapientiam
1756 5123 2125 5193 praestiterunt
2160 5123 2277 5176 dul-

715 5217 866 5268 ciora
894 5227 1056 5284 super
1093 5215 1195 5269 mel
1227 5223 1282 5268 et
1312 5213 1492 5267 favum
1517 5213 1711 5276 videri,
1739 5228 1806 5266 ex
1835 5229 1901 5268 ee
1932 5213 2272 5281 perspicitur,

715 5307 858 5375 quod
885 5321 953 5358 ne
981 5313 1154 5360 morte
1177 5305 1392 5374 quidem
1418 5307 1688 5372 proposita
1717 5305 2070 5370 adducamur,
2098 5313 2154 5356 ut
2178 5317 2276 5356 no-

714 5413 837 5451 men
863 5397 980 5465 ejus
1003 5399 1352 5467 abnegemus.
1379 5417 1398 5449 s
1419 5396 1632 5452 Judteos
1658 5406 1837 5451 autem
1864 5397 1946 5450 sic
1970 5395 2274 5463 compellat,

715 5503 772 5542 ιι.
804 5487 876 5543 95
906 5507 920 5542 :
959 5507 979 5540 ι
1017 5489 1120 5544 Vos
1151 5501 1328 5544 autem
1363 5504 1536 5560 neque
1567 5491 1618 5544 in
1647 5491 1839 5553 Deum,
1869 5501 2041 5557 neque
2068 5487 2122 5541 iu
2154 5502 2279 5555 pru-

713 5582 928 5649 phetas,
961 5597 1132 5650 neque
1164 5583 1215 5636 in
1243 5583 1599 5651 vosmetipsos
1643 5596 1881 5635 amorem
1907 5594 2142 5649 unquam
2179 5588 2273 5633 aut

791 5727 1005 5781 “Rom.
1036 5744 1148 5795 vut,
1186 5729 1272 5787 ll.
1352 5731 1390 5762 “
1419 5730 1529 5785 Jac.
1560 5747 1619 5794 ιι,
1644 5732 1732 5784 25.
1769 5731 1809 5761 ¹⁸
1843 5730 2021 5783 Ezech
2079 5744 2190 5793 xtv,
2215 5728 2304 5781 20.

2395 4664 2480 4722 iis.
2510 4663 2603 4732 qui
2635 4663 2737 4718 sub
2779 4665 2896 4733 lege
2943 4665 3195 4729 luerunt,
3252 4667 3362 4720 haec
3405 4667 3622 4721 dixisse.
3676 4667 3954 4732 Qumrenti

2389 4757 2530 4808 enim
2560 4757 2831 4824 Tryphoni
2867 4771 2991 4810 num
3021 4758 3078 4823 ii,
3112 4759 3203 4824 qui
3244 4758 3412 4824 legem
3441 4756 3602 4810 Musis
3639 4769 3951 4824 servarunt,

2387 4848 2519 4900 salvi
2568 4848 2676 4902 siut
2723 4849 2886 4901 futuri
2926 4863 3047 4900 cum
3081 4849 3264 4914 justis,
3296 4851 3386 4916 qui
3432 4855 3558 4901 ante
3604 4845 3804 4901 Mosem
3869 4847 3958 4900 vi-

2382 4941 2689 5007 xerunt,sic
2729 4942 3016 5008 respondet
3053 4939 3296 4995 Justinus
3327 4959 3342 4994 :
3384 4959 3402 4992 ι
3439 4941 3569 4995 Cum
3612 4956 3674 4994 ea
3710 4940 3954 5009 pratuli,

2386 5033 2628 5102 Trypho,
2659 5048 2778 5102 qua
2802 5033 2867 5086 ab
2899 5032 3182 5088 Ezechiele
3213 5034 3356 5088 dicta
3383 5044 3528 5100 sunt,
3556 5033 3778 5087 Etiamsi
3811 5033 3956 5101 Noe,

2381 5121 2570 5176 Daniel
2603 5132 2651 5176 et
2679 5121 2780 5175 Job
2812 5122 2949 5190 ﬁlios
2979 5133 3028 5176 et
3049 5125 3193 5192 ﬁlias
3232 5140 3356 5177 suas
3397 5128 3757 5193 deprecentur,
3791 5127 3956 5180 mini-

2383 5226 2470 5266 me
2496 5213 2578 5266 eis
2606 5227 2921 5267 concessure
2950 5214 3033 5278 iri,
3071 5215 3164 5268 sed
3200 5231 3300 5285 pro
3340 5226 3398 5270 se
3426 5227 3695 5286 quemque
3739 5233 3834 5278 sua
3866 5221 3955 5290 ip-

2382 5305 2494 5358 sius
2512 5305 2761 5359 videlicet
2795 5306 3000 5374 justitia
3044 5307 3248 5360 salvum
3293 5307 3450 5376 fore;
3481 5324 3574 5363 eos
3604 5326 3819 5379 quoque
3851 5317 3953 5382 qui

2381 5397 2676 5450 secundum
2723 5397 2893 5466 legem
2929 5400 3132 5474 Moysis
3151 5401 3425 5465 vixerunt,
3472 5403 3650 5458 salvos
3694 5404 3956 5461 similiter

2382 5489 2595 5544 futuros
2625 5491 2770 5545 dixi.
2801 5511 2822 5544 s

2449 5581 2528 5636 Ad
2548 5595 2640 5648 ea,
2671 5596 2788 5650 qua
2819 5583 2919 5638 hoc
2949 5584 3065 5640 loco
3096 5585 3334 5655 disputat
3376 5584 3638 5655 Justinus,
3683 5589 3821 5643 infra
3865 5605 3952 5645 re-
