4120 6460
218 386 279 448 εἴ
1214 389 1277 450 D.
1310 391 1575 449 MAN]
1609 392 2003 451 PREFATIO.
2038 424 2106 439 —-—
2133 394 2416 455 PARS".
3386 393 3456 455 53

216 521 374 568 vocat
396 511 765 582 Tryphonem,
792 513 906 583 qui,
937 528 993 568 ιι.
1016 506 1115 578 ἀ,
1147 514 1302 584 quasi
1349 529 1455 570 non
1498 516 1772 571 meminis-
1804 523 1852 579 Α
1879 532 2001 571 nem
2034 526 2091 571 et
2121 517 2325 573 Christi
2367 516 2489 586 ejus
2532 525 2588 572 et
2634 516 2966 587 sempiterna
3005 516 3153 585 justa
3180 516 3456 580 observet.

217 614 299 659 set
326 615 422 658 aut
449 620 644 675 parum
657 616 876 660 curaret
899 621 1019 675 qua
1045 607 1307 661 hactenus
1334 609 1610 675 disputata
1654 607 1773 662 fue-

219 706 362 763 rant,
411 712 509 766 per
556 713 615 753 se
663 699 827 753 licere
874 701 1057 754 aiebat
1099 698 1456 765 Christianis,
1502 709 1561 755 ut
1589 699 1776 756 Jesum‘

219 786 490 841 Christum
520 789 737 855 colant;
767 800 824 843 at
852 788 1050 844 Judteis
1074 790 1241 845 Deum
1272 791 1448 861 ipsum
1472 790 1776 846 colentibus

220 878 348 930 nihil
380 894 519 946 opus
555 894 672 934 esse
714 888 769 933 ut
814 880 1087 935 Christum
1131 882 1489 937 conﬁteantur
1516 892 1635 939 .aut
1680 883 1778 937 ad-

217 978 392 1023 orent.
420 969 558 1023 Tum
582 969 824 1024 Justinus
848 970 1039 1026 leniter
1061 974 1320 1041 castigata
1351 974 1452 1028 hac
1473 972 1779 1044 Tryphonis

217 1058 520 1126 pertinacia
552 1062 668 1114 ait:
704 1080 724 1111 ι
760 1060 815 1115 Si
867 1062 1030 1131 igitur
1074 1065 1313 1118 animum
1344 1065 1411 1116 ad
1441 1079 1529 1131 ea,
1553 1079 1673 1133 qute
1709 1078 1780 1118 ex.

220 1150 513 1220 Scripturis
557 1154 755 1219 attuli,
800 1155 1193 1223 advertissetis,
1236 1171 1331 1210 eos
1358 1156 1560 1220 etiam,
1590 1155 1684 1224 qui
1710 1169 1781 1209 ex

217 1251 392 1295 vestro
415 1258 616 1311 genere
641 1245 937 1310 salvantur,
970 1261 1065 1314 per
1096 1247 1237 1301 hunc
1265 1246 1487 1309 salvari,
1518 1255 1681 1314 atque
1713 1246 1777 1300 .iu

218 1333 328 1398 ejus
362 1344 520 1401 parte
544 1351 665 1389 esse
698 1337 1097 1392 intellexissetis
1131 1338 1375 1407 profecto
1395 1379 1412 1404 ,
1444 1349 1547 1394 nec
1569 1352 1667 1395 me
1694 1338 1779 1391 vi-

218 1425 409 1480 delicet
442 1442 503 1480 ea
533 1428 598 1482 de
629 1441 687 1481 re
729 1431 918 1483 essetis
947 1432 1320 1498 percontati.»
1372 1431 1443 1485 Ea
1472 1438 1601 1500 ergo
1627 1443 1780 1483 revo-

219 1528 302 1569 cat
332 1517 385 1570 in
409 1519 754 1583 memoriam,
777 1534 917 1589 quas,
951 1537 1005 1577 n.
1029 1521 1119 1585 Μ,
1145 1522 1213 1578 de
1247 1521 1411 1591 justis
1438 1530 1565 1578 ante
1595 1520 1784 1579 Incara

218 1609 486 1664 nationem
521 1614 751 1666 mortuis
776 1614 1007 1669 dixerat.

281 1721 514 1775 Causam
560 1737 711 1777 suam
758 1724 999 1793 profecto
1046 1726 1366 1795 prodidisset
1408 1726 1675 1789 Justinus,
1725 1734 1780 1780 et

217 1827 361 1865 arma
392 1813 722 1868 adversariis
754 1815 1139 1881 ministrasset,
1171 1818 1216 1872 si
1246 1833 1403 1886 quem
1430 1820 1549 1872 sine
1581 1818 1687 1871 lide
1726 1818 1778 1869 in

213 1900 485 1957 Christum
526 1915 783 1957 aeternam
815 1906 1039 1960 salutem
1072 1918 1381 1963 assecutum
1412 1918 1533 1962 esse
1552 1920 1777 1961 conces-

213 1991 402 2057 sisset;
436 1993 528 2045 sed
560 2007 715 2045 unam
756 2009 969 2063 semper
1011 2011 1074 2050 ac
1120 1998 1363 2051 eamdem
1403 1997 1596 2051 Salutis
1627 1997 1771 2050 viam

214 2084 488 2138 exstitisse
539 2086 839 2140 contendit.
876 2105 896 2137 ι
939 2089 1015 2141 Ac
1065 2103 1167 2143 nos
1208 2086 1444 2158 quidem,
1488 2088 1685 2157 inquit,
1718 2102 1772 2140 ιι.

218 2178 298 2238 ιδ.
339 2180 432 2246 qui
479 2193 576 2246 per
616 2177 892 2234 Christum
933 2182 995 2233 ad
1044 2180 1212 2235 Deum
1238 2180 1603 2243 accessimus,
1667 2194 1774 2233 non

217 2267 365 2321 istam
401 2270 585 2323 carnis
616 2270 1444 2341 eircumcisionemaccepimus,
1485 2272 1581 2325 sed
1617 2271 1779 2338 spiri-

216 2360 448 2423 tualem,
500 2375 664 2430 quam
728 2360 945 2416 Henoch
1003 2361 1228 2432 ejusque
1276 2363 1482 2417 similes
1538 2362 1776 2417 custodi-

214 2461 388 2503 erunt.
418 2470 440 2503 ι
470 2450 537 2505 Ει
566 2468 621 2505 ιι.
646 2452 785 2506 H3:
822 2472 840 2505 ι
872 2452 1138 2522 Lapideos
1164 2454 1330 2523 igitur
1360 2454 1572 2507 cultros
1606 2453 1773 2508 verba

211 2541 323 2609 ejus
354 2541 602 2610 (Christi)
634 2543 1021 2612 intelligemus,
1055 2556 1153 2613 per
1177 2559 1299 2613 qute
1337 2553 1417 2597 tot
1453 2560 1483 2599 a
1512 2544 1775 2614 praeputio

211 2631 477 2696 homines,
501 2634 593 2702 qui
628 2633 681 2687 in
716 2648 907 2689 errore
933 2636 1307 2701 versabantur,
1335 2633 1515 2687 cordis
1544 2634 1778 2688 circuiu-

211 2723 415 2778 cisione
449 2724 755 2790 circumcisi
779 2735 927 2790 sunt,
952 2728 1291 2796 quaquidem
1321 2736 1378 2781 ut
1411 2726 1447 2779 ii
1476 2727 1638 2781 etiam
1661 2727 1773 2780 cir-

209 2813 682 2878 cumciderentur,
724 2816 815 2883 qui
863 2816 1328 2871 circumeisionem
1372 2816 1440 2870 ab
1465 2816 1778 2871 Abrahatno

209 2904 421 2957 initium
454 2907 740 2960 ducentem
769 2907 1057 2972 habebant,
1080 2907 1325 2975 jamtum
1369 2907 1510 2964 Deus
1558 2906 1772 2977 per-1e—

207 3010 322 3052 llm
376 2999 667 3063 hortatur;
718 3002 915 3071 quippe
956 3017 1077 3056 cum
1128 3016 1243 3067 eos,
1280 3002 1372 3071 qui
1422 3002 1474 3054 in
1528 3008 1789 3057 sanctam

208 3087 348 3142 ilum
400 3101 603 3143 terram
645 3092 1107 3156 ingrediebantur,
1158 3108 1187 3146 a
1222 3092 1355 3149 Jesu
1400 3094 1772 3152 circumcisio-

206 3195 327 3234 nem
353 3181 549 3236 cultris
579 3182 803 3250 lapideis
831 3184 974 3238 dicat
1002 3186 1296 3250 accepisse.

272 3274 425 3329 Adeo
468 3279 754 3339 constabat
796 3275 1009 3331 Justino
1050 3278 1205 3332 ﬁdem
1256 3280 1505 3333 omnibus
1556 3292 1771 3346 semper

206 3366 568 3418 necessariam
600 3368 665 3418 ad
695 3366 922 3422 salutem
948 3366 1135 3433 fuisse,
1163 3380 1220 3424 ιιι
1260 3379 1502 3426 statuere
1532 3385 1640 3425 non
1671 3370 1770 3425 du-

206 3455 337 3509 bitet
378 3457 545 3514 Deum
593 3459 877 3515 calumniis
917 3464 1215 3530 expositum
1260 3464 1395 3527 fore,
1426 3463 1471 3518 si
1517 3463 1622 3526 lex,
1648 3478 1768 3532 qua:

207 3546 371 3601 certis
410 3546 544 3602 locis
578 3558 631 3602 et
665 3551 995 3618 temporibus
1035 3552 1252 3605 definita
1279 3550 1403 3618 fuit,
1438 3551 1769 3620 justilicasse

208 3638 435 3689 dicatur.
475 3657 493 3688 ι
522 3638 674 3703 Quod
703 3639 747 3693 si
790 3641 923 3707 lucc,
969 3642 1142 3711 inquit
1186 3660 1237 3695 ιι.
1276 3642 1383 3705 25,
1417 3643 1573 3697 fateri
1625 3642 1769 3697 noli~

209 3743 344 3790 mus,
374 3730 588 3781 eveniet
635 3730 792 3783 nobis
822 3741 879 3783 ut
910 3733 960 3784 in
994 3734 1255 3785 absurdas
1284 3734 1643 3799 cogitationes
1687 3733 1772 3786 in-

207 3820 475 3885 cidamus,
523 3824 678 3891 quasi
722 3838 826 3877 non
865 3824 1004 3877 idem
1041 3823 1184 3878 Deus
1227 3824 1392 3878 fuerit
1436 3825 1770 3895 temporibus

209 3912 424 3967 Henoch
457 3923 513 3967 et
546 3914 799 3979 aliorum,
822 3915 915 3984 qui
950 3931 1047 3969 nec
1074 3916 1543 3971 circumcisionem
1586 3917 1771 3971 carnis

209 4007 445 4059 habuere
466 4022 567 4060 nec
594 4007 831 4061 Sabbata
857 4015 911 4061 et
938 4007 1044 4061 alia
1073 4008 1337 4075 ejusmodi
1384 4007 1767 4071 observarunt,

205 4100 399 4166 quippe
444 4114 568 4152 cum
606 4115 633 4152 a
690 4099 832 4155 More
873 4101 1115 4153 instituta
1153 4100 1387 4164 fuerint;
1420 4100 1505 4154 vel
1534 4110 1638 4154 non
1673 4114 1770 4154 ea-

207 4188 323 4241 dem
347 4190 493 4258 iusta
520 4190 587 4243 ab
621 4191 764 4244 omni
788 4203 1001 4258 semper
1032 4193 1306 4245 hominum
1344 4206 1544 4261 genere
1584 4191 1770 4246 obser-

208 4281 318 4332 vari
355 4281 605 4338 voluerit.
645 4300 664 4333 ι
700 4282 834 4337 Hinc
858 4284 1042 4348 etiam,
1068 4298 1119 4336 ιι.
1153 4283 1242 4348 92,
1265 4283 1489 4339 Judaica
1522 4285 1769 4338 instituta

207 4378 513 4436 contemptu
549 4371 711 4439 digna
752 4372 993 4439 plurimis
1032 4374 1221 4428 visum-
1269 4375 1335 4427 iri
1384 4374 1767 4438 demonstrat,

208 4460 304 4514 nisi
353 4461 494 4513 idem
540 4475 608 4513 ac
634 4461 926 4516 Christiani
961 4463 1531 4532 respondeantludtei,
1569 4463 1615 4519 si
1646 4464 1771 4532 quis

1876 610 2241 665 circumcisus
2279 618 2365 669 est
2390 608 2651 677 praeclara
2686 617 2740 663 ει
2764 607 2882 661 utili
2914 607 3365 672 circumcisione,
3395 617 3453 661 et

1875 702 2087 757 amicus
2115 700 2249 766 Deo,
2279 698 2505 771 eiusque
2536 699 2693 755 donis
2718 708 2774 755 et
2803 700 3170 761 oblationibus
3194 702 3336 756 Deus
3366 701 3456 756 de-

1876 796 2127 851 lectatur.
2164 813 2181 845 ι

1890 918 1893 920 >
1947 887 2013 941 γ.
2041 888 2333 958 Postquam
2360 887 2604 945 Justinus
2622 898 2737 944 tam
2766 901 3080 946 accuratum
3111 899 3336 959 tamque
3367 904 3459 943 ve-

1877 973 2184 1035 hementem
2234 982 2623 1050 redemptionis
2682 983 2925 1053 mysterii
2995 980 3338 1038 defensorem
3394 995 3458 1038 se

1877 1070 2138 1141 praebuit;
2176 1070 2299 1140 quis
2341 1070 2670 1129 credidisset
2703 1073 2949 1141 illumegob
2979 1086 3321 1129 concessam.
3346 1071 3454 1125 So-

1877 1161 2015 1214 crati
2042 1173 2097 1216 et
2124 1161 2396 1217 Heraclito
2420 1172 2475 1217 et
2500 1162 2623 1217 aliis
2646 1163 2913 1232 ejusmodi
2931 1172 3190 1217 aeternam
3224 1162 3457 1227 salutem

1878 1262 1972 1306 aut
2000 1252 2212 1321 laudari
2242 1263 2339 1317 aut
2365 1255 2663 1328 vituperari
2693 1255 2974 1322 potuisse?
3010 1252 3165 1311 lianc
3196 1264 3376 1309 tamen
3401 1254 3455 1307 ei

1877 1342 2189 1410 opinionem
2239 1342 2532 1414 efﬁngunt,
2583 1360 2693 1400 non
2731 1345 2906 1402 solum
2954 1342 3159 1397 laudati
3206 1344 3259 1397 in
3292 1344 3453 1413 epist.

1880 1437 2067 1489 sulcet.
2097 1435 2166 1489 24
2194 1434 2425 1491 Simonii
2461 1448 2499 1491 ι.
2531 1437 2615 1504 Ill,
2644 1446 2839 1499 auctor,
2862 1433 3006 1490 Νοάὶ
3032 1437 3457 1505 prmdestinqtio-

1880 1528 1959 1580 nis
1990 1526 2149 1591 soluti
2184 1536 2241 1583 et
2271 1526 2509 1583 Iacobus
2532 1528 2723 1600 'Payva
2770 1530 2822 1582 in
2872 1527 3325 1595 Explicationibus
3366 1543 3457 1581 or-

1880 1618 2157 1683 thodoxis,
2184 1620 2279 1675 sed
2304 1620 2503 1688 etiam,
2532 1622 2676 1689 quod
2709 1621 2880 1689 magis
2912 1619 3127 1675 mireris
3151 1660 3166 1685 ,
3201 1618 3456 1673 doctissi-

1882 1702 1999 1764 mus
2050 1709 2383 1765 Senonensis
2432 1710 2604 1766 abbas
2657 1710 2881 1764 Dissert.
2938 1712 2993 1765 in
3040 1708 3214 1776 Epist.
3255 1705 3455 1775 Pauli,

1882 1814 2005 1868 pag.
2034 1799 2102 1853 67
2130 1819 2145 1855 :
2178 1818 2198 1852 ι
2230 1798 2476 1856 Justinus
2502 1812 2738 1872 martyr,
2767 1801 2974 1871 inquit,
3013 1801 3203 1857 statuit
3244 1809 3456 1854 veteres

1846 1886 1853 1931 Ρ
1882 1886 2253 1959 philosophos,
2273 1891 2761 1959 quirconsentanee
2808 1891 3002 1947 rationi
3036 1890 3454 1959 vixerunt,‘jam

1876 1989 2012 2045 tum,
2046 1982 2146 2036 etsi
2170 1979 2354 2036 Jesum
2383 1975 2664 2038 Christum
2702 1997 2807 2037 non
2842 1979 3264 2057 cOgnosceb-ant,
3288 1976 3456 2036 fuisse

1873 2071 2217 2130 Christianos
2237 2117 2251 2142 ,
2287 2078 2413 2146 quia
2460 2076 2609 2133 illius
2636 2075 2904 2148 praecepta
2947 2060 3002 2132 et
3033 2078 3337 2133 doctrinam
3368 2092 3457 2132 se-

1875 2169 2215 2235 quebantur,
2258 2167 2391 2223 tales
2440 2168 2608 2226 fuisse
2645 2172 2782 2241 apud
2808 2170 3030 2227 Graecos
3074 2166 3356 2228 Socratem
3400 2178 3456 2224 et

1876 2256 2205 2313 Heraclitum
2238 2274 2290 2316 et
2314 2260 2763 2333 nonnullosalios.
2795 2282 2814 2315 ι
3330 2256 3341 2267 ’

1945 2353 2125 2410 Locus
2155 2356 2219 2407 ad
2251 2353 2450 2409 Justini
2496 2356 2941 2412 criminationem
2990 2358 3235 2427 jactatus
3278 2366 3456 2413 exstat

1875 2446 2028 2513 Apol.
2075 2447 2125 2513 1,
2151 2465 2204 2500 ιι.
2248 2447 2359 2501 462
2398 2448 2500 2502 Τδν
2546 2449 2780 2519 Χριστὸν
2807 2450 3147 2527 πρωτότοκον
3191 2449 3285 2515 τοῦ
3318 2448 3456 2504 Θεοῦ

1875 2534 2013 2592 εῖναι
2060 2539 2434 2611 ἐδιδάχθημεν,
2478 2542 2570 2594 καὶ
2623 2540 3074 2615 προεμηνύσαμεν
3106 2543 3262 2611 λόγον
3301 2542 3455 2619 ὄντα,

1874 2623 1933 2683 οὗ
1967 2632 2072 2683 πᾶν
2102 2632 2257 2699 γένος
2290 2630 2590 2703 ἀνθρώπων
2627 2632 2855 2703 μετέσχε
2883 2649 2896 2661 ⁸
2930 2634 3022 2686 καὶ
3055 2635 3101 2686 οἱ
3129 2633 3269 2705 μετὰ
3295 2620 3456 2702 λόγου

1877 2720 2186 2791 βιώσαντες·
2229 2723 2543 2795 Χριστιανοί
2573 2724 2708 2787 εἰσι,
2758 2724 2862 2778 κᾶν
2894 2722 3040 2779 ἄθεοι
3073 2723 3453 2793 ἐνομίσθησαν

1873 2809 1973 2867 οἷοι
2006 2815 2063 2867 ὲν
2088 2814 2313 2885 Ἕλλησι
2362 2815 2458 2885 μὲν
2504 2815 2801 2888 Σωκράτης
2835 2815 2928 2870 καὶ
2982 2816 3330 2887 Ἡράκλειτος
3363 2817 3469 2875 καὶ

1874 2894 1920 2956 oi
1942 2904 2114 2975 ὅμοιῡι
2148 2905 2350 2967 αὐτοῖς·
2389 2907 2445 2957 ὲν
2481 2904 2777 2976 βαρϐάροις
2802 2904 2859 2958 δὲ
2890 2890 3159 2975 Ἀδραᾶμ,
3195 2905 3284 2977 καὶ
3311 2905 3459 2956 Ἀνα-

1872 2984 1991 3057 viae
2021 2994 2115 3047 καὶ
2146 2994 2400 3065 Ἀζαρίας
2432 2996 2527 3048 καὶ
2557 2993 2795 3065 Μισαὴλ,
2830 2996 2923 3049 καὶ
2954 2993 3157 3059 Ἠλίας,
3190 2996 3281 3050 καὶ
3307 2994 3455 3049 ἄλλοι

1874 3080 2077 3151 ⁸ιέολλιοὶ,
2112 3080 2187 3140 ὧν
2218 3087 2317 3150 τὰς
2352 3087 2611 3160 πράξεις,
2660 3087 2693 3159 ἢ
2739 3087 2809 3140 τὰ
2858 3088 3095 3157 ὀνόματα
3140 3078 3456 3154 καταλέγειν

1877 3178 2084 3250 μακρὸν
2117 3174 2255 3232 εῖναι
2285 3180 2657 3250 ἐπιστάμενοι,
2690 3178 2856 3232 τανῦν
2885 3176 3317 3251 παραιτούμεθα,
3346 3176 3467 3234 ειε.’

1881 3289 1902 3322 ι
1938 3269 2216 3327 Christum
2248 3272 2667 3342 primogenitum
2702 3272 2794 3327 Dei
2823 3287 2946 3327 esse
2980 3288 3041 3326 ac
3082 3272 3349 3327 rationem
3388 3271 3453 3323 il-

1877 3360 2009 3424 lam,
2042 3362 2198 3429 cujus
2232 3377 2394 3417 omne
2424 3364 2705 3418 hominum
2736 3378 2906 3435 genus
2938 3364 3207 3433 particeps
3238 3374 3343 3426 est,
3366 3363 3451 3416 di-

1877 3450 2107 3508 dicimus
2147 3462 2202 3507 ει
2230 3469 2390 3521 supra
2422 3453 2839 3509 declaravimus.
2873 3455 2937 3509 Et
2958 3456 3046 3522 qui
3080 3469 3199 3507 cum
3242 3454 3454 3509 ratione

1874 3543 2163 3607 vixerunt,
2201 3532 2674 3611 Christianisunt,
2706 3544 2918 3601 etiamsi
2962 3545 3105 3599 atltei
3150 3541 3449 3599 existimati

1874 3635 2003 3698 sint,
2036 3636 2224 3703 quales
2250 3636 2389 3703 apud
2414 3634 2636 3689 Graecos
2665 3635 2814 3699 luere
2845 3634 3100 3689 Socrates
3125 3643 3181 3688 et
3213 3633 3451 3689 Heracli-

1878 3735 1963 3779 tus
1984 3736 2037 3781 et
2068 3741 2254 3781 eorum
2291 3727 2528 3791 similes;
2573 3727 2712 3795 apud
2744 3728 3006 3782 barbaros
3052 3735 3233 3783 autem
3274 3727 3449 3781 Abra-

1876 3815 2023 3881 ham,
2077 3818 2337 3882 Ananias,
2382 3818 2627 3882 Azarias,
2680 3816 2865 3871 Misael
2898 3808 3161 3883 et‘Elias,
3206 3831 3444 3889 quorum

1877 3906 2180 3960 actionibus
2206 3918 2296 3961 aut
2322 3907 2632 3963 nominibus
2659 3907 3003 3963 recensendis
3028 3948 3042 3973 ,
3076 3909 3203 3977 quia
3229 3908 3445 3979 longum

1877 3998 1927 4051 id
1956 4012 2077 4052 esse
2113 3998 2354 4065 scimus,
2400 4014 2541 4054 nunc
2581 4002 3021 4070 supersedemus.
3054 3999 3448 4076 Similiter'qui

1875 4089 2001 4143 olim
2036 4089 2242 4160 absque
2267 4091 2476 4145 ratione
2502 4076 2711 4158 vixere,
2743 4088 2972 4161 improbi
3018 4103 3069 4147 et
3097 4093 3318 4148 Christo
3348 4091 3447 4148 ini-

1876 4183 1999 4237 mici
2031 4183 2200 4249 l'uere,
2228 4192 2280 4238 et
2306 4198 2517 4247 eorum,
2546 4184 2636 4253 qui
2664 4199 2788 4241 cum
2814 4187 3023 4241 ratione
3053 4185 3329 4248 vivebant,
3348 4184 3447 4241 bo—

1876 4271 2105 4329 micidaa.
2142 4274 2247 4341 Qui
2278 4289 2408 4329 vero
2446 4289 2568 4330 cum
2604 4276 2815 4330 ratione
2840 4278 3097 4331 vixerunt
3142 4286 3197 4331 et
3228 4277 3441 4341 vivunt,

1874 4362 2169 4421 Christiani
2196 4376 2397 4421 suntet
2423 4366 2676 4435 impavidi
2708 4379 2869 4437 atque
2894 4369 3168 4437 intrepidi.
3206 4388 3225 4420 ι

1946 4458 2077 4512 Illud
2106 4459 2283 4524 primo
2313 4460 2715 4511 observandum
2745 4460 2903 4513 nobis
2934 4448 3194 4526 est,‘non
3238 4463 3291 4518 id
3336 4464 3438 4522 hoc

206 4566 267 4603 rx
296 4551 372 4603 eis
396 4564 623 4620 quaerat,
668 4568 763 4603 cur
788 4570 901 4606 cum
936 4553 1111 4608 Enoch
1140 4565 1187 4608 et
1228 4554 1343 4608 Noe
1373 4572 1490 4608 cum
1516 4555 1669 4621 ﬁliis,
1718 4564 1768 4608 et
1799 4570 1843 4623 ι)
1878 4549 1995 4603 loco
2018 4549 2245 4616 expendi
2281 4564 2309 4599 a
2342 4549 2400 4602 S.
2428 4560 2689 4618 martyre,
2724 4554 2997 4618 quomodo
3024 4552 3256 4609 salutem
3289 4572 3442 4612 asse-

206 4644 249 4694 st'
289 4645 377 4710 qui
408 4644 503 4696 alii
538 4644 825 4711 ejusmodi,
858 4646 970 4699 sine
1006 4648 1395 4701 circumcisione
1433 4656 1481 4700 et
1520 4646 1765 4701 Sabbatis

210 4734 311 4787 Deo
340 4736 671 4804 placuerint;
699 4747 772 4790 tot
818 4738 1014 4806 elapsis
1052 4741 1293 4793 wtatibus
1326 4740 1466 4794 Deus
1510 4757 1601 4809 per
1630 4740 1765 4793 alios

206 4828 359 4879 duces
389 4837 440 4879 et
464 4827 575 4879 alia
602 4829 839 4880 instituta
854 4829 1140 4897 justiﬁcari
1172 4830 1388 4883 voluerit
1413 4848 1499 4885 eos
1529 4833 1761 4899 quidem,

204 4924 287 4985 qui
318 4922 379 4972 ab
427 4920 696 4973 Abraham
734 4921 801 4973 ad
826 4920 1019 4974 Mosem
1071 4923 1304 4990 fuerunt,
1345 4940 1437 4991 per
1482 4924 1760 4978 circumci-

205 5014 435 5073 siom;
467 5027 553 5064 eos
580 5020 753 5065 autem
788 5012 878 5080 qui
905 5023 1017 5080 post
1057 5014 1273 5079 Mosam,
1299 5026 1405 5069 tum
1438 5033 1528 5081 per
1547 5019 1765 5069 circum-

205 5106 471 5167 cisionent,
501 5113 733 5169 temper
774 5105 879 5157 alia
928 5117 1204 5173 precepta,
1236 5107 1290 5159 id
1329 5116 1402 5159 est
1448 5106 1759 5173 Sabbatum,

206 5199 462 5256 rictimas,
503 5195 803 5259 libationes,
845 5197 1004 5249 dona.
1055 5196 1192 5250 Nunt
1224 5212 1353 5267 ergo
1388 5196 1621 5265 Judaeos,
1668 5201 1757 5271 qui

201 5287 639 5355 jnstiticationem
700 5288 751 5340 in
822 5285 955 5355 legis
1019 5290 1402 5343 observatione
1459 5291 1758 5360 ponebant,

205 5379 467 5447 ejusmodi
499 5389 814 5447 argumento
838 5379 1179 5433 confutasset
1201 5377 1469 5444 Justinus,
1502 5380 1601 5435 nisi
1646 5380 1760 5449 ipse

207 5469 382 5531 Idem,
416 5470 503 5523 cui
539 5469 978 5537 justilicationem
1005 5471 1269 5534 attribuit,
1305 5472 1371 5524 ad
1413 5487 1601 5527 omnes
1627 5482 1762 5527 aeta-

208 5570 287 5614 tes
322 5572 370 5613 et
396 5560 735 5614 conditiones
770 5562 1043 5629 pertinere
1071 5562 1435 5616 credidisset?

274 5652 348 5706 Ad
378 5665 574 5705 omnes
595 5665 722 5720 ergo
750 5659 939 5705 aetates
966 5661 1022 5705 et
1051 5652 1754 5708 conditionesreferenduui

208 5743 339 5809 quod
379 5742 454 5795 ait
478 5742 536 5796 S.
571 5752 793 5812 martyr,
820 5758 968 5797 num.
997 5744 1065 5796 28
1094 5762 1108 5796 :
1142 5763 1159 5793 ι
1187 5743 1324 5809 Quin
1361 5744 1522 5798 etiam
1548 5744 1594 5800 si
1636 5746 1756 5815 quis

210 5832 397 5901 Scytha
447 5832 517 5888 sit
560 5843 654 5887 aut
693 5831 884 5894 Persa,
918 5833 1108 5887 habeat
1157 5842 1329 5889 autem
1360 5834 1451 5889 Dei
1480 5836 1750 5904 cognitio-

1872 4639 1982 4694 cuti
2009 4640 2133 4701 sint,
2168 4638 2259 4707 qui
2294 4648 2420 4692 ante
2441 4638 2719 4693 Clu-istum
2746 4640 2796 4692 in
2828 4642 3083 4709 gentibus
3113 4648 3315 4709 vixere,
3342 4645 3436 4700 sed

1870 4728 2308 4801 quomodojuste
2338 4730 2602 4781 damnati.
2649 4727 2742 4781 Sic
2780 4730 2941 4783 enim
2976 4732 3091 4800 ipse
3138 4732 3241 4786 sibi
3295 4733 3436 4787 hanc

1868 4824 2221 4891 quaestionem
2255 4822 2503 4889 proponit
2528 4838 2542 4873 :
2577 4819 2660 4873 Ne
2684 4822 2771 4889 qui
2804 4832 2977 4876 autem
3003 4841 3035 4876 a
3061 4826 3261 4878 ratione
3285 4828 3436 4880 alter.

1868 4927 2064 4977 rantes,
2089 4916 2154 4967 ad
2169 4930 2226 4967 ea
2243 4930 2357 4984 qua:
2371 4916 2642 4966 docuimus
2666 4907 3045 4984 detorquenda,
3064 4914 3333 4971 Christum
3348 4919 3443 4970 ιιις

1868 5019 1985 5060 cant
2014 5020 2132 5059 ante
2154 5023 2317 5059 annos
2342 5015 2545 5058 centum
2570 5008 3006 5077 etquinquaginta
3032 5019 3212 5062 natum
3236 5026 3269 5063 α
3286 5011 3435 5065 nobis

1866 5102 1969 5155 dici
1997 5102 2089 5153 sub
2116 5099 2357 5169 Cyrenio,
2382 5116 2443 5151 ac
2467 5106 2581 5166 post
2600 5101 2730 5151 illud
2749 5112 2948 5169 tempus
2965 5103 3297 5170 audaculus,
3315 5122 3433 5175 qua:

1864 5192 2011 5242 illum
2028 5192 2263 5243 docuisse
2275 5190 2502 5242 diximus
2518 5191 2611 5242 sub
2634 5190 2824 5245 Pontio
2846 5192 3023 5245 Pilato
3042 5202 3059 5257 ξ
3080 5196 3301 5265 indeque
3316 5212 3435 5249 con-

1864 5286 2007 5352 sequi
2032 5284 2308 5351 objiciunt,
2330 5292 2384 5335 ut
2400 5284 2631 5337 insontes
2644 5285 2745 5337 sint
2766 5286 3000 5341 homines
3015 5303 3192 5342 omnes
3203 5290 3293 5358 qui
3309 5296 3433 5343 ante

1862 5372 1996 5426 illud
2028 5382 2227 5438 tempus
2261 5373 2435 5440 fuere;
2474 5372 2821 5428 dubitationis
2850 5375 3164 5433 solutionem
3207 5392 3430 5446 occupa-

1862 5465 2053 5517 bimus.
2076 5464 2343 5533 Quidquid
2379 5464 2546 5533 igitur
2568 5466 2787 5521 virtutis
2810 5456 3028 5523 Socrati
3057 5474 3111 5523 et
3154 5468 3429 5524 Heracliti)

1860 5567 1913 5609 et
1954 5570 2140 5610 eorum
2172 5554 2439 5610 similibus
2482 5556 2784 5613 attribuere
2830 5558 3065 5624 videtur,
3111 5560 3164 5614 id
3196 5575 3261 5617 eo
3303 5576 3427 5631 spe-

1860 5655 1989 5711 ctat,
2016 5655 2086 5700 ut
2122 5646 2263 5701 nulla
2295 5649 2433 5717 juris
2477 5649 2740 5705 naturalis
2792 5651 3011 5707 violatio
3038 5648 3429 5709 excusationis

1861 5740 2074 5795 veniam
2106 5740 2328 5803 habeat;
2356 5741 2553 5812 quippe
2592 5758 2714 5796 cum
2741 5740 2993 5800 Christus
3020 5753 3145 5798 ante
3167 5743 3427 5803 incarnar‘

1860 5835 2082 5898 tionem,
2114 5842 2376 5904 quatenus
2404 5835 2637 5891 Verbum
2682 5844 2795 5901 est,
2828 5838 3081 5893 omnibus
3112 5837 3421 5897 hominibus
