4120 6408
755 326 825 381 89
1635 322 1693 379 S.
1735 321 2070 379 JUSTINUS
2103 319 2580 376 PHILOSOPHUS
2609 320 2694 375 ΕΤ
2730 320 3035 378 ΜΑΒΠΙ.
3915 332 3981 389 α

754 445 927 500 lucem
967 460 1120 500 suam
1177 445 1544 514 pratenderlt.
1596 444 1739 500 idem
1807 446 1962 500 docet
2007 446 2218 513 Dialog.
2269 463 2326 498 ιι.
2353 452 2400 508 Α
2433 446 2724 498 observare
2755 445 3069 499 debuissem
3106 445 3198 514 qui
3228 447 3295 502 de
3327 447 3418 503 illo
3448 447 3845 508 detraxerunt:
3877 459 3988 506 sta-

753 535 844 598 93,
874 552 1063 604 nempe
1096 536 1228 589 nihil
1267 552 1489 605 prorsus
1531 537 1750 604 praetexi
1800 552 1960 604 posse
2012 537 2189 590 abhis
2234 537 2324 603 qui

751 629 923 698 legem
963 629 1054 682 Dei
1091 629 1341 692 violant,
1387 628 1598 682 etiamsi
1641 628 1995 698 perditissimi
2031 637 2086 681 et
2131 642 2323 680 eorru-

750 723 981 789 ptissimi
1015 723 1146 775 sint.

819 832 879 885 2°
906 833 960 887 Si
987 832 1232 887 Justinus
1264 835 1500 887 salutem
1531 843 1792 888 sternam
1820 831 2186 902 philosophis,
2229 834 2320 901 qui

745 932 870 976 ante
912 922 1192 978 Christum
1236 923 1472 988 fuerant,
1519 924 1856 979 concessisse
1880 923 2098 987 dicitur,
2134 923 2321 978 eadem

747 1013 824 1066 illi
856 1028 983 1082 erga
1015 1029 1110 1067 eos
1138 1015 1228 1083 qui
1268 1027 1387 1082 post
1425 1008 1900 1076 Christumfuere,
1932 1031 1996 1070 ac
2021 1017 2119 1084 ipsi
2154 1013 2321 1070 lusti-

747 1121 819 1158 no
848 1107 1078 1174 a-qsales
1104 1117 1283 1170 erant,
1311 1106 1506 1162 lenitas
1549 1117 1601 1161 et
1647 1107 1982 1174 indulgentia
2031 1109 2134 1161 erit
2169 1109 2323 1159 attri-

745 1198 984 1251 buenda.
1038 1198 1170 1250 Nam
1223 1199 1289 1252 de
1333 1200 1580 1266 utrisque
1614 1200 1783 1252 dicit:
1818 1202 1918 1262 Qui
1960 1215 2074 1252 cum
2122 1201 2322 1251 ratione

745 1292 991 1344 vixerunt
1025 1302 1071 1344 et
1112 1293 1304 1358 virunt,
1330 1291 1619 1346 Christiani
1648 1302 1769 1344 sunt
1800 1303 1848 1344 et
1879 1293 2128 1357 impavidi
2162 1307 2224 1342 ac
2249 1291 2320 1341 in.

743 1383 956 1448 trepidi.

809 1491 1234 1548 3-Cbristianos
1279 1510 1399 1550 esse
1449 1496 1582 1550 dicit
1632 1511 1748 1559 eos,
1805 1497 1892 1564 qui
1924 1495 2083 1548 vitam
2123 1498 2315 1548 rationi

740 1595 1161 1640 consentaneam
1203 1587 1508 1651 duxerunt,
1549 1598 1607 1642 ut
1656 1587 1939 1642 Socratem
1981 1598 2034 1640 et
2074 1586 2316 1640 Heracli-

743 1684 897 1743 tum;
931 1692 1038 1730 non
1062 1679 1202 1747 quod
1231 1680 1314 1732 isti
1337 1695 1436 1753 per
1466 1680 1622 1734 fidem
1666 1681 1718 1733 in
1759 1678 1966 1733 Christi
1996 1680 2315 1746 sanguinem

740 1767 957 1865 liberati
971 1759 1020 1865 a
1046 1772 1283 1865 peccatis
1309 1771 1536 1865 fuerint,
1565 1772 1660 1865 sed
1691 1771 1817 1865 quia
1848 1771 2107 1840 quidquid
2136 1772 2312 1824 scien-
2343 1800 2386 1859 Β

741 1861 830 1914 tiae
850 1872 906 1916 et
934 1861 1157 1916 virtutis
1181 1863 1234 1918 in
1266 1866 1344 1918 eis
1385 1863 1578 1924 eluxit.
1613 1864 1664 1916 id
1695 1862 2067 1917 Christianum
2099 1872 2202 1927 est,
2228 1873 2312 1916 ut-

739 1963 865 2022 pote
917 1967 1038 2007 cum
1090 1955 1414 2010 Christianis
1468 1956 1676 2009 faciens
1705 1963 1758 2008 et
1807 1970 1834 2005 a
1871 1955 2049 2007 Verbo
2093 1968 2310 2008 omnem

737 2043 1014 2098 hominem
1065 2044 1407 2100 illuminante
1452 2047 1726 2099 donatum.
1759 2062 1777 2093 ι
1815 2043 2192 2114 Ουςεςυηειιιε,
2231 2043 2311 2095 in-

733 2133 850 2199 quit
879 2133 1029 2199 Apol.
1058 2133 1115 2198 2,
1155 2150 1209 2189 n.
1271 2135 1355 2198 l0,
1406 2135 1663 2202 preclare
1704 2149 1940 2202 unquam
1993 2134 2180 2187 dixere
2220 2143 2314 2186 aut

733 2227 1118 2296 excogitavere
1149 2226 1455 2297 philosophi
1488 2237 1581 2282 aut
1616 2226 1789 2296 legum
1819 2224 2038 2289 latores,
2073 2228 2187 2278 haec
2222 2225 2307 2278 in—

734 2329 898 2386 vento
925 2329 976 2370 et
1010 2311 1351 2373 considerato
1399 2319 1577 2387 aliqua
1615 2336 1674 2372 ex
1726 2329 1880 2386 parte
1915 2316 2090 2371 Verbo
2119 2316 2308 2370 elabo-

733 2420 940 2463 rarunt.
971 2427 989 2460 ι
1022 2409 1088 2463 Et
1119 2426 1173 2464 ιι.
1200 2411 1268 2464 15
1299 2429 1311 2463 :
1350 2427 1367 2459 ι
1405 2410 1751 2477 Quaecunque
1782 2409 1919 2476 apud
1957 2410 2094 2464 alios
2118 2423 2308 2463 omnes

732 2500 993 2569 praeclare
1032 2502 1196 2562 dicta,
1231 2516 1292 2554 ea
1321 2512 1504 2554 nostra
1538 2510 1662 2554 sunt
1693 2500 2146 2553 Christianorum.
2167 2517 2182 2548 ι
2213 2497 2304 2549 Sic

732 2587 1100 2645 Tertullianus
1124 2607 1312 2646 omnes
1348 2593 1593 2645 homines
1619 2591 1940 2643 naturaliter
1969 2589 2306 2643 Christianos

742 2695 867 2736 esse
887 2683 1040 2746 dicit,
1083 2684 1231 2753 quia,
1282 2691 1472 2737 natura
1504 2684 1663 2748 duce,
1707 2683 1960 2736 nonnulla
2004 2682 2183 2735 dicere
2212 2696 2304 2734 s0-

731 2777 865 2843 lent,
899 2792 1014 2850 qua
1037 2776 1341 2834 Christiana
1371 2785 1520 2833 sunt.
1597 2778 1738 2831 Deus
1810 2792 2040 2846 magnus
2079 2786 2131 2827 et
2160 2775 2304 2829 Deus

729 2869 930 2932 honos.
954 2871 1178 2939 etquod
1211 2869 1350 2926 Deus
1379 2871 1606 2936 dederit,
1650 2871 1888 2924 omnium
1927 2885 2026 2922 vox
2065 2878 2168 2921 est.
2209 2867 2305 2921 Ju-

729 2961 907 3015 d.cem
962 2977 1181 3036 quoque
1235 2971 1574 3016 contestatur
1629 2959 1807 3026 illum,
1864 2961 1998 3013 Deus
2049 2957 2214 3018 videt,
2249 2967 2303 3014 et

729 3051 844 3107 Deo
871 3043 1195 3107 commendo
1243 3061 1296 3107 et
1339 3053 1481 3108 Deus
1532 3052 1662 3106 mihi
1711 3051 1916 3106 reddet.
1968 3050 2012 3102 0
2064 3050 2302 3104 testimo-

728 3143 880 3198 nium
913 3145 1108 3199 auimze
1142 3144 1464 3200 naturaliter
1490 3141 1846 3199 Christianae!
1887 3161 1906 3193 ι
1935 3124 2069 3210 Quid
2103 3143 2297 3197 mirum
2328 3133 2375 3196 C

727 3250 858 3306 ergo
903 3237 948 3293 si
990 3235 1333 3304 Christianos
1371 3246 1529 3290 vocat
1560 3233 1806 3290 Justinus
1849 3248 1940 3292 eos
1989 3235 2078 3304 qui
2131 3249 2298 3289 unum

727 3327 900 3383 Deum
940 3342 1062 3382 esse
1111 3327 1452 3381 docuerunt?
1495 3344 1514 3378 r
1557 3325 1763 3380 Horum
1800 3328 2077 3388 omnium,
2126 3327 2300 3396 inquit

727 3419 884 3486 Apol.
907 3419 966 3483 2,
1014 3415 1180 3483 n.10,
1217 3407 1378 3490 longe
1404 3417 1746 3473 ﬁrmissimus
1775 3416 1874 3470 hac
1919 3417 1970 3470 in
2000 3432 2061 3476 re
2101 3417 2297 3472 Socra-

727 3521 812 3567 tes
839 3511 891 3565 in
912 3509 1102 3564 eadem
1136 3523 1202 3564 ac
1242 3507 1343 3564 nos
1369 3509 1596 3563 crimina
1619 3521 1846 3566 vocatus
1861 3503 1962 3564 eet.
1988 3509 2131 3562 Nova
2152 3512 2294 3562 enim

726 3583 992 3658 «ﬂamonia
1026 3603 1279 3656 dixerunt
1309 3603 1375 3654 ab
1397 3614 1460 3656 eo
1489 3601 1693 3662 induci,
1723 3613 1778 3654 et
1809 3615 1943 3674 quos
1971 3601 2162 3654 civitas
2186 3598 2298 3654 exi-

725 3698 915 3752 stimat
944 3695 1094 3759 deos,
1145 3694 1213 3747 ab
1254 3709 1319 3747 eo
1369 3709 1474 3748 non
1519 3693 1844 3746 existimari.
1887 3712 1904 3744 ι
1960 3695 2025 3749 At
2077 3694 2297 3747 minime

725 3790 1084 3847 dissimulavit
1127 3788 1372 3844 lustinus
1413 3787 1539 3857 quid
1583 3789 1847 3856 ejusmodi
1895 3786 2202 3842 hominibus
2241 3790 2294 3841 in

725 3880 963 3938 Verbum
999 3881 1344 3948 ineat-natum
1371 3867 1851 3938 non'credentibus
1882 3877 2136 3942 defuerit,
2181 3889 2294 3933 tum

725 3975 781 4032 in
811 3973 897 4039 iis,
929 3988 1050 4043 quae
1094 3973 1164 4032 ad
1192 3975 1554 4042 cognitionem
1587 3969 1830 4028 veritatis
1872 3981 2143 4040 spectant,
2179 3981 2291 4024 tum

723 4067 780 4121 in
809 4066 876 4131 iis
898 4081 1018 4136 qua:
1047 4065 1114 4118 ad
1143 4065 1308 4119 vitam
1337 4077 1392 4117 et
1417 4080 1612 4119 mores.
1646 4063 1932 4134 Postquam
1959 4064 2100 4118 enim
2131 4061 2290 4116 \‘erhi

722 4172 885 4213 omne
910 4157 1205 4210 humanum
1232 4170 1400 4227 genus
1423 4158 1694 4242 particeps
1725 4171 1845 4210 esse
1873 4157 2086 4215 docuit,
2116 4156 2290 4222 proti-

724 4263 828 4302 nus
867 4257 1086 4304 revocat
1118 4247 1172 4302 in
1215 4247 1562 4308 memoriam,
1600 4255 1896 4315 qum-antea
1925 4251 1990 4298 de
2035 4245 2293 4300 lncarna-

724 4340 887 4395 tionis
911 4353 1073 4394 causa
1100 4338 1344 4403 dixerat;
1381 4321 1638 4392 nimirum
1667 4353 1724 4390 ut
1748 4339 1948 4392 iudicet
1972 4339 2100 4408 quid
2133 4339 2294 4391 inter-

725 4437 791 4490 sit
822 4436 963 4488 inter
989 4448 1115 4500 eos,
1160 4436 1251 4504 qui
1281 4450 1310 4488 a
1347 4433 1522 4489 Verbo
1567 4433 1804 4501 aliquam
1842 4433 2091 4487 veritatis
2119 4443 2290 4502 paru—

723 4533 899 4584 culatu
953 4539 1302 4597 acceperunt,
1361 4537 1417 4581 et
1457 4542 1574 4588 eas.
1623 4529 1716 4597 qui
1767 4528 1820 4581 in
1871 4528 2012 4579 idem
2058 4526 2292 4580 Verbum

724 4624 1068 4677 incarnatum
1115 4619 1485 4675 crediderunt.
1539 4619 1676 4672 Hinc
1723 4621 1776 4672 in
1824 4621 1981 4683 Apol.
2009 4618 2064 4683 2,
2097 4633 2150 4669 n.
2179 4619 2212 4672 8
2239 4628 2295 4671 et

726 4715 814 4776 10,
866 4713 1111 4768 declarat
1157 4712 1500 4769 Christianos
1547 4728 1649 4765 non
1687 4711 1757 4763 ad
1801 4721 2004 4776 partem
2058 4711 2290 4777 aliquant

724 4808 1078 4862 disseminata:
1107 4808 1329 4860 rationis
1372 4807 1532 4859 vitam
1563 4807 1853 4869 instituere,
1883 4806 1973 4857 sed
2000 4811 2066 4857 ad
2107 4806 2290 4867 totius,

725 4899 780 4953 id
807 4909 884 4954 est
928 4899 1122 4952 Christi
1167 4899 1519 4965 cognitionem
1549 4903 1598 4948 et
1620 4897 2127 4963 contemplationem.
2156 4893 2286 4948 Par-

728 4991 947 5046 ticulam
985 4985 1258 5044 veritatis’
1273 4987 1541 5055 cognitam
1575 4985 1743 5041 fuisse
1783 4988 2117 5055 phitosoplus
2151 4981 2280 5041 fate-

725 5093 838 5149 tur,
864 5085 956 5138 sed
984 5086 1233 5140 obscure.
1257 5081 1326 5134 ita
1355 5091 1412 5135 ut
1433 5096 1614 5135 secum
1649 5079 1748 5147 ipsi
1775 5078 2062 5146 pugnantia
2095 5079 2288 5133 docue-

725 5178 858 5241 rint,
891 5192 944 5230 n.
983 5175 1073 5239 15,
1103 5187 1156 5228 at
1203 5190 1298 5228 eos
1334 5182 1540 5228 tantum
1579 5173 1736 5227 docet
1767 5186 1944 5226 sanari
1985 5186 2164 5239 pesse,
2195 5184 2286 5240 qui

727 5271 782 5327 in
807 5271 1084 5326 Christum
1114 5267 1363 5321 credunt.
1403 5281 1422 5314 ι
1456 5263 1648 5318 Natum
1689 5264 1852 5322 enim,
1889 5265 2084 5331 inquit,
2115 5277 2176 5315 ex
2209 5264 2284 5314 in-

726 5366 912 5434 genito
951 5371 1004 5415 et
1041 5374 1148 5414 non
1195 5357 1486 5412 enarrabili
1546 5357 1656 5411 Deo
1700 5355 1933 5410 Verbum
1988 5356 2286 5409 secundum

729 5459 894 5511 Deum
932 5456 1252 5516 adoramus;
1283 5449 1722 5518 quandoquidem
1751 5459 1970 5515 propter
2000 5461 2096 5500 nos
2124 5448 2286 5501 homo

729 5552 929 5605 factum
959 5557 1071 5609 est,
1104 5557 1158 5600 ut
1191 5543 1603 5613 perpessionum
1657 5554 1964 5596 nostrarum
2014 5542 2285 5609 particeps

727 5644 930 5698 factum
962 5637 1225 5694 medelam
1263 5637 1369 5690 illis
1394 5636 1616 5693 faceret.
1658 5655 1678 5686 ›

797 5756 853 5807 Iv
882 5755 1022 5807 Inest
1048 5749 1244 5806 Justtni
1281 5751 1458 5806 verbis
1490 5760 1644 5806 acuta
1690 5751 2054 5809 ratiocinatio.
2115 5763 2272 5817 quam

2431 534 2532 586 tuit
2562 534 2824 587 malorum
2859 536 3163 589 daemonum
3193 536 3473 590 molitione
3500 543 3904 606 persecutiones
3931 541 3987 596 in

2425 625 2764 680 Christianos
2789 629 3016 682 excitari
3050 646 3064 682 :
3102 631 3241 699 quod
3271 629 3490 698 quidem
3522 645 3589 684 ne
3633 633 3875 686 videatur
3905 633 3987 686 itt-

2425 716 2712 779 credibile,
2744 731 2805 769 ea
2847 719 3012 772 sumit
3047 720 3351 789 argumenti
3382 721 3521 783 loco,
3560 735 3680 789 quae
3712 723 3842 776 viris
3874 722 3988 776 vir-

2425 809 2558 860 tutis
2583 806 2740 863 laude
2766 808 3070 878 insignibus
3090 820 3408 864 evenerunt.
3447 811 3598 864 Vera.
3620 825 3790 865 necne
3816 813 3990 865 exsti-

2425 898 2553 952 terit
2579 898 2793 954 illorum
2827 901 3002 955 virtus
3043 917 3150 955 non
3197 904 3474 957 examinat
3505 922 3518 955 :
3547 904 3678 957 satis
3711 904 3760 957 ei
3789 917 3872 958 est
3893 906 3989 961 de-

2423 998 2745 1054 monstrare,
2786 991 2908 1045 odio
2951 992 3159 1045 habitos
3204 992 3407 1060 fuisse,
3459 996 3548 1063 qui
3595 996 3778 1064 quouis
3826 996 3992 1049 modo

2422 1084 2705 1136 secundum
2741 1085 2994 1138 rationem
3032 1087 3200 1138 vivere
3243 1097 3290 1138 et
3331 1088 3512 1139 silium
3550 1087 3730 1157 fugere
3756 1088 3986 1140 studue-

2422 1173 2545 1236 rint,
2593 1174 2746 1240 Apol.
2795 1174 2854 1238 2,
2927 1191 3074 1228 num.
3109 1175 3162 1230 8.
3188 1175 3356 1230 Nemo
3405 1193 3534 1231 sane
3585 1178 3785 1231 dixerit
3829 1191 3990 1231 veras

2421 1266 2645 1320 virtutes
2667 1282 2695 1320 a
2724 1266 2940 1323 Justino
2968 1270 3019 1322 in
3070 1269 3296 1324 athletis
3335 1268 3583 1322 laudatas
3624 1267 3832 1334 fuisse;
3858 1269 3987 1337 quia

2421 1368 2604 1410 tamen
2633 1357 2935 1413 honorifica
2971 1359 3037 1416 de
3064 1359 3173 1416 illis
3193 1372 3352 1415 erant
3378 1362 3650 1416 hominum
3680 1359 3904 1428 judicia,
3934 1360 3992 1413 id

2420 1446 2484 1498 nd
2513 1461 2641 1501 usus
2671 1462 2802 1502 suos
2831 1451 3074 1519 adjungit
3111 1460 3169 1504 ut
3196 1449 3542 1513 Christianis,
3569 1465 3799 1520 quorum
3835 1458 3987 1502 tanta

2418 1549 2536 1592 erat
2567 1539 2618 1592 in
2652 1552 2828 1595 morte
2876 1543 3178 1610 oppetenda
3235 1543 3401 1596 animi
3448 1541 3733 1607 fortitudo,
3788 1542 3989 1596 eadem

2426 1631 2544 1685 laus
2569 1648 2675 1686 non
2709 1634 3093 1702 denegaretur.
3141 1654 3159 1686 ι
3194 1635 3296 1702 Qui
3320 1644 3502 1690 autem
3548 1652 3675 1691 vera
3703 1640 3870 1696 bona.
3904 1637 3991 1689 in.

2419 1723 2538 1789 quit
2559 1724 2711 1791 Apol.
2736 1723 2792 1788 2,
2827 1741 2881 1780 ιι.
2904 1726 2954 1780 ll
2977 1765 2999 1789 ,_
3025 1739 3087 1780 ac
3115 1727 3337 1780 minime
3367 1727 3542 1782 fucata
3585 1730 3989 1788 internoscunt.

2502 1813 2724 1869 virtutis
2757 1815 3019 1869 beneﬁcio
3061 1817 3384 1886 incorrupti.
3436 1818 3592 1884 Quod
3651 1821 3866 1889 quidem
3927 1827 3993 1873 et.

2418 1903 2483 1960 de
2525 1903 2858 1960 Christianis
2890 1922 2953 1960 ac
2998 1907 3062 1962 de
3108 1909 3347 1974 athletis,
3384 1909 3560 1978 iisque
3582 1912 3675 1979 qui
3713 1927 3798 1964 res
3833 1911 3987 1979 ejus-

2419 1996 2564 2049 modi
2595 2010 2814 2065 gessere
2844 1999 3245 2070 qualespoeta:
3272 2002 3338 2056 de
3375 2001 3665 2055 celebratis
3699 2003 3987 2056 hominum

2417 2089 2674 2157 Opinione
2719 2089 2823 2142 diis
2849 2092 3146 2162 scripsere,
3183 2108 3288 2147 non
3318 2094 3713 2149 insulsissimus
3754 2095 3990 2164 quisque

2416 2180 2738 2234 existimare
2784 2182 2970 2246 debet,
3023 2185 3128 2238 hoc
3177 2186 3375 2240 ductus
3434 2197 3780 2255 argumento,
3833 2189 3985 2256 quod

2416 2280 2667 2332 mortem,
2721 2285 2842 2339 qua
2891 2274 3101 2328 videtur
3148 2273 3431 2348 fugienda,
3471 2289 3912 2333 contemnamus.
3961 2305 3980 2328 ο

2419 2361 2491 2417 Ut
2524 2363 2590 2417 de
2623 2364 2866 2425 athletis,
2888 2367 2958 2420 ita
2991 2376 3046 2421 st
3077 2367 3144 2421 de
3170 2370 3514 2438 philosophis
3547 2370 3990 2439 loquiturlusti-

2414 2467 2563 2508 nus:
2598 2470 2666 2509 ex
2701 2457 2921 2523 opinata
2973 2466 3337 2528 utrocumque
3381 2463 3585 2514 virtute
3635 2463 3684 2515 id
3734 2464 3989 2531 excerpit

2415 2547 2683 2600 commodi
2721 2549 2786 2599 ad
2821 2547 3198 2604 defensionem
3229 2552 3524 2620 religionis.
3561 2564 3618 2606 ut
3646 2553 3737 2623 qui
3762 2556 3828 2607 de
3859 2554 3986 2611 istis

2411 2639 2715 2693 honorilice
2758 2641 3028 2706 iudicant,
3067 2655 3166 2698 eos
3210 2647 3275 2696 de
3324 2644 3654 2699 Christianis
3701 2661 3810 2701 non
3861 2647 3987 2700 sine

2408 2744 2617 2784 summa
2659 2731 2949 2797 iniquitate
2984 2733 3278 2789 detrahere
3308 2733 3661 2791 demonstret.

2479 2819 2565 2876 Vl.
2588 2819 3062 2878 Prastantissimae
3085 2824 3153 2878 ad
3181 2826 3498 2894 Diognetum
3524 2828 3767 2892 epistola:
3789 2837 3987 2882 auctor

2406 2897 2655 2965 observat
2703 2913 2890 2968 tandiu
2921 2914 3171 2969 homines
3203 2915 3258 2967 in
3289 2929 3506 2970 summo
3551 2919 3781 2971 miseriae
3825 2928 3988 2974 statu

2408 3003 2627 3060 relictos
2648 3003 2840 3067 fuisse,
2873 3015 2934 3058 ut
2963 3006 3192 3059 tandem.
3218 3005 3509 3074 aliquando
3532 3023 3559 3060 a
3588 3008 3731 3062 Filio
3762 3008 3854 3062 Dei
3890 3023 3981 3064 ne-

2407 3094 2606 3162 dempti
2645 3094 2944 3156 immeritos
2985 3109 3044 3151 se
3068 3096 3305 3164 gratiam
3348 3101 3626 3165 accepisse
3651 3099 3986 3155 faterentur.

2409 3205 2428 3236 s
2457 3185 2704 3251 Quandiu
2737 3185 2921 3254 igitur,
2951 3185 3127 3254 inquit
3169 3202 3225 3240 n.
3263 3185 3319 3252 8,
3355 3189 3593 3255 prudens
3645 3203 3803 3242 suum
3838 3204 3981 3242 con-

2402 3276 2581 3331 silium
2605 3275 2658 3328 in
2692 3278 2961 3345 mysterio
2993 3279 3286 3344 retinebat,
3321 3280 3590 3342 neglectui
3621 3296 3720 3336 nos
3743 3282 3979 3346 habere,

2402 3370 2712 3437 nullamque
2741 3371 2913 3425 nostri
2955 3385 3140 3425 curam
3175 3387 3366 3440 gerere
3406 3372 3812 3430 videbatur.....
3845 3372 3979 3428 0m-

2401 3459 2488 3514 nia
2529 3459 2692 3528 igitur
2729 3461 2872 3529 apud
2903 3475 2972 3517 se
2992 3461 3204 3520 sciebat
3235 3477 3341 3516 una
3386 3477 3512 3518 cum
3550 3463 3711 3528 Filio,
3751 3463 3977 3519 oecono—

2400 3549 2538 3604 mica
2593 3564 2689 3603 sua
2735 3551 2989 3605 scientia.
3043 3550 3318 3607 Caeterum
3351 3569 3546 3624 ,.usque
3594 3556 3662 3610 ad
3715 3557 3976 3624 superius

2399 3648 2610 3708 tempus
2625 3642 2752 3696 sivit
2775 3656 2876 3696 nos
2902 3657 3004 3712 pro
3028 3642 3186 3697 libito
3215 3643 3444 3700 incertis
3473 3646 3713 3699 motibus
3743 3645 3972 3714 agitari,

2395 3726 2522 3782 dum
2549 3741 2578 3782 a
2614 3728 2984 3798 voluptatibus
3019 3740 3076 3795 et
3105 3732 3498 3801 cupiditatibus
3531 3736 3838 3789 transversi
3876 3751 3971 3790 ra—

2395 3832 2688 3886 perentur:
2738 3834 2845 3874 non
2893 3821 3116 3890 quidem
3169 3823 3316 3892 quod
3367 3824 3478 3879 ullo
3523 3829 3682 3880 modo
3729 3827 3978 3894 peccatis

2402 3911 2608 3965 nostris
2641 3913 2928 3981 gauderet,
2961 3913 3056 3969 sed
3085 3929 3148 3969 ea
3192 3915 3467 3982 tolerans;
3495 3933 3671 3988 neque
3706 3919 3832 3972 illud
3865 3934 3979 3988 quo

2395 4002 2662 4073 injustitia
2691 4006 3058 4062 exercebatur
3090 4018 3301 4076 tempus
3338 4013 3664 4078 approbatis,
3696 4011 3791 4067 sed
3820 4028 3977 4067 men-

2393 4103 2501 4150 tem
2546 4096 2770 4166 justltia
2804 4113 3024 4163 creans,
3056 4109 3115 4156 ut
3163 4115 3290 4155 cum
3337 4116 3403 4155 eo
3437 4113 3686 4171 tempore
3725 4105 3972 4160 convicti

2393 4202 2635 4243 essemus
2662 4204 2694 4244 e
2724 4192 2959 4260 propriis
2979 4193 3257 4262 operibus,
3282 4195 3391 4250 vita
3419 4213 3538 4253 esse
3572 4199 3803 4268 indigni,
3841 4208 3972 4254 tunc

2392 4279 2487 4334 Dei
2517 4278 2823 4352 benignitas
2846 4297 2944 4338 nos
2965 4298 3028 4337 ea
3065 4285 3405 4354 dignaretur.
3449 4308 3468 4340 ι

2463 4373 2634 4428 Deum
2663 4375 2937 4430 hominem
2966 4376 3166 4432 factum
3195 4378 3364 4434 fuisse
3387 4381 3577 4449 prohat
3601 4397 3670 4434 ex
3696 4379 3841 4435 illius
3871 4384 3973 4434 ad-

2325 4470 2369 4526 ι)
2402 4474 2589 4520 ventus
2643 4466 2963 4536 dignissimo
3012 4482 3397 4535 monumento,
3439 4472 3681 4526 cordium
3726 4488 3970 4527 conver-

2396 4557 2553 4610 sione
2578 4568 2632 4612 et
2661 4559 2839 4612 stabili
2870 4575 2933 4614 ac
2957 4560 3115 4613 ﬁrma
3137 4561 3378 4630 justitia,
3403 4575 3564 4628 quam
3606 4563 3674 4615 ab
3716 4578 3781 4618 eo
3806 4564 3968 4618 Citri-

2398 4648 2561 4700 stiuni
2596 4649 2886 4718 accipiunt.
2916 4649 3188 4706 Observat
3241 4667 3348 4708 non
3381 4652 3691 4708 ministrum
3725 4654 3966 4722 aliquem

2396 4751 2489 4791 aut
2519 4739 2772 4809 angelum
2807 4758 2834 4794 a
2871 4741 2978 4796 Deo
3024 4743 3250 4797 missum
3283 4742 3475 4808 fuisse,
3501 4747 3592 4798 sed
3628 4743 3802 4813 ipsum
3834 4746 3961 4815 opi-

2398 4828 2550 4882 ﬁcem
2600 4839 2653 4881 et
2700 4827 3012 4884 Creatorem
3058 4833 3319 4886 omnium.
3355 4851 3372 4883 ι
3404 4831 3519 4888 Non
3575 4835 3746 4900 vides,
3789 4835 3966 4904 inquit

2395 4933 2452 4973 ιι.
2486 4919 2535 4980 'l,
2570 4934 2678 4986 quo
2709 4923 2891 4988 plures
2921 4922 3204 4990 suppliciis
3251 4923 3580 4989 afﬁciuntur,
3611 4934 3762 4979 tanto
3787 4927 3965 4994 majo-

2393 5024 2509 5063 rem
2543 5013 2773 5066 aliorum
2800 5028 2922 5068 esse
2960 5017 3280 5069 numerum?
3308 5016 3430 5071 llu’c
3465 5034 3568 5070 non
3604 5020 3856 5072 videntur
3890 5023 3965 5076 ab

2395 5101 2707 5157 hominibus
2739 5102 2856 5157 ﬁeri
2885 5121 2898 5157 :
2934 5105 3047 5157 haec
3097 5107 3361 5159 adventus
3388 5107 3504 5175 ejus
3547 5119 3672 5163 sunt
3716 5112 3964 5167 indicia?

2391 5194 2529 5259 Quis
2556 5195 2700 5248 enim
2743 5211 2808 5247 ex
2839 5197 3148 5251 hominibus
3194 5201 3446 5254 omnibus
3469 5213 3628 5254 norat
3653 5204 3778 5269 quid
3813 5216 3964 5259 esset

2394 5289 2560 5350 Deus,
2590 5287 2904 5357 priusquam
2932 5290 3045 5359 ipse
3079 5290 3361 5346 venisset?
3395 5312 3412 5344 ι
3452 5293 3546 5348 Dei
3576 5295 3837 5350 voluntati
3867 5312 3961 5352 ac-

2391 5393 2604 5451 ceptum
2659 5382 2828 5436 refert
2879 5382 3144 5451 quidquid
3202 5384 3358 5438 nobis
3433 5385 3575 5439 inest
3643 5387 3952 5444 cbaritatis.

2392 5474 2680 5540 Postquam
2725 5481 2928 5535 autem,
2969 5470 3164 5538 inquit,
3197 5487 3251 5524 n.
3286 5471 3372 5535 10,
3402 5473 3548 5526 illum
3591 5474 3942 5541 cognoveris,

2390 5570 2588 5628 quanta
2615 5571 2667 5616 te
2693 5562 2970 5630 impletum
3000 5562 3064 5616 iri
3091 5561 3276 5616 laetitia
3309 5564 3625 5618 existimas?
3647 5567 3754 5616 Aut
3780 5579 3951 5631 quan-

2391 5667 2501 5709 tum
2530 5654 2719 5722 diliges
2767 5668 2888 5707 eum
2943 5655 3032 5722 qui
3082 5655 3228 5722 prior
3279 5664 3330 5708 te
3377 5657 3447 5708 ita
3497 5656 3790 5709 dilexerit't
3813 5655 3955 5710 Cum

2389 5758 2570 5802 autem
2595 5747 2816 5815 diligere
2848 5746 3106 5814 cmperis,
3154 5747 3393 5802 imitator
3445 5750 3798 5819 benignitatis
3829 5746 3954 5817 eius
