4120 6456
214 407 270 465 Ol
1201 398 1266 456 Ι).
1303 395 1566 454 MAMNI
1607 389 1998 448 PRAEFATIO.
2036 421 2102 430 ——
2138 388 2316 444 PARS
2349 388 2413 446 ll.
3364 395 3440 452 σε

207 536 332 590 exis,
367 537 446 590 Αε
483 551 554 592 ne
598 533 833 590 mireris.
857 544 1016 604 posse
1055 526 1330 585 hominem
1376 539 1498 579 esse
1528 518 1768 575 imitato-
1797 518 1844 575 A
1871 525 2014 570 stum
2056 516 2401 577 cruciﬁxum,
2433 525 2794 585 agnoscentes
2837 531 2963 572 eum
3001 533 3122 575 esse
3153 519 3432 579 Christum

208 641 318 682 rem
344 627 462 682 Dei.
497 629 681 681 Potest
710 641 775 683 eo
798 627 1034 681 volente.
1079 645 1098 678 ι

273 720 564 780 Tatianus,
617 720 708 789 qui
754 718 992 772 nondum
1039 723 1319 783 acceptam
1364 728 1392 766 a
1447 709 1506 765 S.
1551 707 1766 762 Justino

204 813 509 868 doctrinam
539 815 866 884 projecerat,
906 827 1027 866 cum
1066 808 1290 878 scripsit
1331 805 1590 859 adversus
1629 818 1763 871 gen-

202 905 336 970 tiles,
370 906 440 960 de
472 907 675 961 auxilio
703 906 939 974 Spiritus
963 905 1165 966 sancti,
1190 911 1352 970 quem
1382 911 1412 951 a
1438 899 1551 952 Deo
1582 897 1766 949 incar-

202 1010 329 1052 nato
351 998 676 1067 accipimus,
711 999 969 1054 nonnulla
1004 1000 1244 1063 disserit,
1291 1011 1410 1065 qua:
1437 995 1764 1065 praatermil-

201 1090 358 1143 tenda
404 1091 506 1145 hoc
546 1091 664 1144 loco
705 1105 810 1143 non
843 1089 1116 1144 videntur.
1159 1107 1177 1141 ι
1211 1089 1316 1143 Per
1345 1103 1404 1142 se
1443 1088 1646 1149 anima,
1681 1087 1762 1136 iu~

202 1181 315 1251 quit
359 1199 509 1236 num.
547 1181 634 1247 l3,
665 1181 797 1235 nihil
833 1181 975 1236 aliud
1018 1191 1102 1236 est
1151 1195 1315 1249 quam
1372 1180 1627 1243 tenebra‘,
1663 1193 1759 1230 nec

200 1276 496 1344 quidquam
528 1276 585 1328 in
632 1290 695 1329 ea
734 1274 1088 1328 luminosum.
1125 1274 1304 1341 Atque
1349 1272 1401 1325 id
1456 1270 1629 1341 ipsum
1676 1279 1761 1324 est

198 1369 336 1436 quod
389 1367 593 1419 dicitur
633 1384 650 1421 :
693 1364 942 1420 Tenebris
981 1366 1148 1417 lucem
1200 1379 1303 1416 non
1351 1363 1759 1430 comprehende-

199 1470 316 1512 rant
341 1458 404 1511 ".
452 1456 639 1528 Neque
684 1458 834 1512 enim
867 1455 1047 1510 anima
1077 1457 1328 1526 spiritum
1363 1460 1625 1526 servavit,
1665 1461 1756 1514 sed

199 1552 261 1603 ab
289 1565 352 1603 eo
383 1561 601 1603 servata
628 1558 715 1602 est
742 1559 798 1602 et
838 1547 934 1602 lux
967 1551 1220 1604 tenebras
1248 1551 1632 1620 apprehendit.
1664 1552 1756 1606 Est

193 1653 370 1695 autem
416 1641 653 1696 Verbum
685 1641 868 1694 divina
912 1641 999 1693 lux
1026 1659 1040 1704 ;
1069 1642 1306 1695 tenebrae
1342 1655 1473 1696 vero
1504 1645 1753 1712 imperita

192 1734 393 1786 anima.
431 1733 779 1801 Quapropter
823 1733 866 1785 si
900 1733 1063 1801 degat
1105 1733 1376 1796 solitaria,
1401 1735 1654 1788 deorsum
1689 1735 1754 1787 ad

1869 608 1987 671 Dei,
2019 608 2176 675 eique
2207 608 2393 661 datum
2427 621 2551 661 esse
2581 623 2773 664 omnes
2800 612 3023 666 omnino
3055 610 3331 678 judicare,
3367 629 3432 670 ac

1870 719 2096 774 regnum
2136 702 2251 769 ejus
2280 717 2399 758 esse
2427 706 2854 771 sempiternum;
2886 722 2954 758 an
2983 706 3016 758 ii
3048 721 3263 774 quoque
3295 707 3430 762 salvi

1866 812 1984 852 esse
2018 796 2280 865 possunt?
2316 815 2336 848 ι
2380 796 2500 850 Visa
2536 804 2621 850 est
2651 797 2883 863 quaestio
2922 796 2979 848 S.
3034 798 3259 867 martyri
3322 814 3431 852 non

1866 891 2042 947 facilis
2092 891 2155 945 ad
2207 892 2566 945 solvendum:
2611 892 3034 945 examinandum
3085 907 3211 947 esse
3271 902 3430 960 putat

1866 995 2048 1037 utrum
2079 984 2192 1036 ham
2220 983 2353 1053 legis
2371 982 2682 1038 observatio
2706 984 2774 1037 ab
2797 984 3169 1037 imbecillitate
3196 983 3431 1052 quadam

1866 1077 2028 1130 animi
2059 1077 2460 1144 proficiscatur,
2491 1091 2557 1129 au
2603 1090 2630 1128 a
2664 1076 2828 1130 stulta
2866 1076 3113 1145 opinione
3153 1077 3309 1145 quasi
3342 1075 3429 1130 lex

1864 1172 2172 1224 necessaria
2219 1169 2292 1222 sit
2337 1169 2403 1221 ad
2450 1169 2702 1222 salutem.
2734 1167 2915 1234 Quare
2954 1169 3194 1224 breviter
3233 1167 3430 1237 repetit

1861 1263 2004 1330 quod
2060 1261 2304 1331 pluribus
2351 1271 2511 1316 antea
2559 1262 2933 1323 disseruerat,
2984 1261 3119 1330 legis
3169 1259 3423 1315 Mosaicn

1862 1361 2128 1421 praecepta
2158 1355 2228 1406 ob
2272 1353 2535 1406 duritiam
2579 1353 2762 1407 cordis
2809 1351 3122 1407 Judaeurum
3169 1352 3428 1406 institute

1861 1457 2004 1506 esse,
2037 1451 2096 1495 ut
2139 1442 2306 1496 variis
2346 1444 2496 1497 hisce
2520 1444 2681 1498 rebus
2717 1442 2987 1498 admoniti
3016 1443 3181 1496 Deum
3210 1459 3425 1510 semper

1858 1548 1985 1591 ante
2014 1536 2200 1592 oculos
2244 1538 2532 1602 haberent,
2582 1542 2677 1592 sed
2711 1554 2777 1593 ne
2828 1537 2909 1594 sic
2956 1539 3174 1608 quidem
3223 1538 3349 1593 illos
3393 1553 3424 1591 a

1858 1631 2272 1684 simulacrorum
2308 1632 2453 1685 cultu
2487 1642 2768 1687 revocatos
2799 1632 3004 1686 fuisse:
3051 1643 3242 1685 contra
3269 1629 3419 1685 Chri-

1856 1725 2066 1778 stianos
2100 1741 2165 1778 ne
2197 1725 2263 1778 iis
2293 1726 2627 1790 sacrificent,
2673 1726 2870 1794 quibus
2898 1725 3026 1778 olim
3068 1723 3416 1778 sacrificave-

189 1827 474 1880 materiam
504 1825 700 1894 vergit,
731 1840 838 1882 una
869 1840 991 1878 cum
1026 1839 1196 1879 carne
1227 1829 1484 1880 moriens.
1515 1826 1648 1880 Cum
1672 1827 1741 1878 dit

1861 1827 2001 1877 rant.
2038 1829 2282 1872 extrema
2307 1818 2570 1886 supplicia
2593 1817 2860 1887 perferre,
2890 1826 2944 1872 et
2970 1832 3291 1885 persuasum
3325 1816 3414 1870 ba-

187 1919 309 1974 vino
343 1931 531 1974 autem
587 1918 792 1987 Spiritu
844 1919 1112 1987 capulata,
1165 1933 1270 1972 non
1315 1930 1468 1972 caret
1509 1919 1747 1984 auxilio;

186 2015 276 2068 sed
328 2028 395 2066 eo
440 2012 688 2066 ascendit
739 2025 846 2080 quo
895 2011 1188 2067 deducitur
1230 2028 1258 2065 a
1301 2011 1531 2075 Spiritu.
1581 2011 1753 2077 Hujus

185 2106 322 2159 enim
349 2107 511 2160 sedes
545 2107 597 2159 in
629 2108 881 2173 supernis
905 2117 923 2169 ;
951 2106 1094 2160 illius
1126 2109 1410 2175 generatio
1442 2106 1494 2161 in
1525 2107 1752 2162 inferio-

184 2197 326 2252 ribus
359 2197 520 2252 locis.
560 2199 638 2251 Ac
664 2197 822 2252 initio
853 2198 1076 2266 quidem
1113 2195 1346 2267 spiritus
1380 2199 1578 2252 anima:
1609 2214 1748 2253 con-

183 2290 356 2341 victor
384 2298 529 2348 erat.
558 2289 653 2343 sed
682 2304 804 2342 eam
835 2290 984 2357 sequi
1013 2290 1286 2344 nolentem
1316 2289 1578 2344 deseruit.
1613 2308 1630 2341 ι
1660 2289 1748 2350 Ει,

181 2394 232 2432 n.
278 2381 345 2434 l5
375 2398 392 2432 :
434 2398 454 2429 ι
487 2383 565 2433 Ar.
610 2382 733 2435 talis
776 2383 995 2451 quidem
1045 2391 1254 2434 natura:
1304 2382 1517 2449 species
1544 2419 1557 2443 ,
1606 2382 1649 2435 si
1691 2395 1750 2436 se

181 2469 554 2541 instartempli
591 2471 817 2535 habeat,
839 2471 1219 2526 libenterillud
1254 2472 1445 2529 incolit
1478 2476 1621 2530 Deus
1653 2491 1748 2543 per

178 2560 410 2630 legatum
453 2560 744 2628 Spiritum.
773 2561 993 2618 Si«vero
1022 2566 1131 2620 tale
1163 2582 1269 2620 non
1297 2561 1747 2620 fuerit‘tahcrna-

177 2653 371 2721 culum,
406 2665 632 2725 praestat
669 2656 833 2710 homo
869 2656 1064 2712 belluis
1095 2658 1208 2712 sola
1255 2674 1387 2714 voce
1415 2661 1741 2726 articulata;

177 2757 368 2800 cetera
394 2760 528 2802 vero
557 2747 797 2814 ejusdem
830 2760 916 2804 est
939 2765 1000 2803 ac
1022 2749 1127 2803 illae
1161 2751 1373 2805 vivendi
1406 2753 1657 2815 rationis,
1688 2763 1746 2806 ut

179 2840 267 2908 qui
297 2855 401 2894 non
436 2841 507 2894 sit
544 2841 843 2896 similitudo
886 2842 998 2897 Dei.
1027 2864 1046 2896 ι
1077 2846 1164 2908 Ει,
1193 2861 1247 2897 n.
1279 2842 1349 2896 20
1376 2861 1389 2896 :
1415 2862 1433 2893 ι
1465 2843 1577 2896 Ala:
1598 2845 1742 2897 enim

177 2942 332 2985 erant
364 2933 564 2986 anima:
594 2932 832 3001 Spiritus
863 2947 1105 2998 sanctus,
1127 2955 1287 3008 quem
1307 2951 1431 2990 cum
1467 2937 1742 3004 peccando

171 3025 512 3094 proiecisset,
557 3026 758 3081 volavit
817 3028 992 3083 instar
1035 3029 1164 3099 pulli
1205 3041 1260 3085 et
1303 3032 1452 3086 humi
1500 3031 1737 3095 decidit;

171 3115 378 3172 σωθειί
409 3129 596 3173 autent
648 3121 904 3175 convictu
954 3122 1173 3191 delapsa
1231 3123 1550 3178 inferiorum
1580 3138 1740 3177 com-

1856 1913 2003 1970 bere,
2035 1926 2150 1979 qua:
2185 1911 2245 1963 ob
2288 1911 2541 1963 duritiam
2591 1910 2764 1964 cordis
2808 1910 3124 1964 Judarorum
3168 1911 3411 1965 instituta

1853 2018 1994 2067 sunt,
2025 2022 2087 2058 ea
2129 2006 2256 2058 nihil
2303 2006 2369 2056 ad
2392 2003 2622 2073 justitia:
2661 2011 2710 2056 et
2736 2004 2952 2067 pietatis
2992 2002 3407 2057 observationem

1853 2096 2110 2164 conferre.

1924 2187 2060 2240 Tum
2077 2187 2296 2257 Trypho
2321 2203 2335 2239 :
2361 2205 2380 2238 ι
2412 2188 2469 2241 Si
2495 2188 2614 2255 quis
2637 2188 2750 2242 haec
2777 2188 2851 2240 ita
2881 2202 2940 2241 se
2968 2187 3173 2240 habere
3205 2184 3410 2245 scient.

1853 2291 2212 2349 praeterquam
2261 2281 2405 2348 quod
2455 2281 2598 2334 hunc
2641 2277 2920 2334 Christum
2964 2293 3083 2334 esse
3141 2287 3405 2349 agnoscat

1851 2376 2010 2443 eique
2060 2374 2312 2427 videlicet
2370 2373 2558 2435 credat
2615 2379 2670 2427 et
2722 2372 2977 2436 obediat,
3027 2374 3146 2427 hcc
3188 2387 3419 2443 quoque

1852 2469 2099 2522 instituta
2134 2480 2357 2521 servare
2395 2466 2662 2530 voluerit;
2693 2476 2870 2519 utrum
2901 2467 2946 2520 is
2989 2465 3337 2520 salvabiturl
3371 2483 3393 2518 ο

1923 2559 2008 2614 Sic
2059 2560 2350 2626 respondet
2391 2556 2641 2612 Justinus
2679 2574 2694 2611 :
2730 2576 2748 2609 ι
2795 2557 2864 2613 Ut
2905 2559 3038 2611 mihi
3069 2557 3290 2626 quidem
3335 2558 3417 2614 vi-

1848 2654 2026 2717 detur,
2057 2668 2091 2709 o
2118 2653 2361 2723 Trypho,
2403 2651 2674 2720 ejusmodi
2714 2653 2993 2706 hominem
3039 2651 3247 2706 salvum
3293 2652 3418 2707 dico

1847 2748 2122 2813 futurum;
2153 2748 2202 2800 si
2238 2747 2396 2801 modo
2423 2731 2642 2801 caeteris
2667 2745 3000 2808 hominibus,
3037 2749 3086 2800 id
3116 2755 3202 2802 est
3230 2747 3298 2802 iis
3319 2746 3412 2817 qui

1846 2853 1914 2892 ex
1954 2837 2205 2908 gentibus
2267 2853 2364 2908 per
2415 2838 2693 2892 Christum
2741 2839 2808 2892 ab
2852 2853 3041 2893 errore
3100 2838 3409 2894 circumcisi

1847 2939 1995 2992 sunt,
2039 2931 2264 2986 omniuo
2302 2931 2633 2999 persuadere
2677 2946 2785 2986 non
2829 2942 3080 2996 conetur,
3129 2941 3188 2984 ut
3221 2931 3411 2986 eadem

1845 3039 1909 3077 ac
1937 3023 2052 3090 ipse
2073 3022 2389 3077 observent.
2423 3022 2594 3088 Quale
2620 3032 2702 3077 est
2738 3025 2884 3092 quod
2920 3036 2974 3078 et
2997 3025 3152 3078 initio
3176 3025 3393 3093 disputa

1847 3116 2010 3168 tionis
2040 3115 2306 3174 faciebas.
2356 3130 2479 3169 cum
2514 3118 2900 3184 pronuntiares
2925 3117 3140 3173 salvum
3174 3132 3260 3173 me
3305 3133 3412 3173 non

170 3213 434 3266 mercium
459 3214 838 3280 appetivit.....
867 3214 1053 3270 Potest
1075 3189 1258 3270 autem
1284 3217 1532 3286 quisquis
1563 3219 1741 3274 nudus

1845 3204 2114 3271 futurum,
2143 3208 2246 3263 nisi
2276 3210 2395 3263 haec
2415 3209 2788 3264 observarem.
2824 3229 2843 3263 ι

169 3315 247 3359 est
289 3307 391 3359 hoc
441 3318 828 3362 ornamentum
869 3312 1126 3378 consequi
1160 3321 1216 3362 et
1263 3312 1328 3363 ad
1376 3321 1615 3365 veterem
1650 3326 1740 3366 co-

168 3397 478 3464 gnationem
503 3398 703 3453 redire.
727 3419 746 3452 ι

757 3512 985 3569 CAPUT
1018 3514 1155 3574 Vill.

169 3616 502 3688 Expendit”
534 3619 596 3674 S.
623 3619 827 3674 Juttini
853 3624 1040 3689 agemli
1071 3625 1208 3677 ratio
1253 3639 1373 3676 cum
1403 3624 1724 3677 Christiania

551 3693 726 3744 adhuc
759 3691 919 3760 legent
950 3694 1360 3747 observantibus.

167 3795 202 3842 l.
225 3795 566 3846 Communicat
583 3808 692 3843 cum
713 3795 792 3842 his
813 3795 1093 3843 hominibus
1116 3794 1358 3853 Justinus,
1373 3797 1465 3845 sed
1482 3799 1737 3846 cautiones

224 3856 968 3920 adhibeﬁt_._ll_._llancleuitatem
995 3857 1153 3918 ipsum
1175 3860 1325 3907 etiam
1348 3865 1544 3920 tempus
1567 3867 1736 3920 postu-

223 3918 373 3967 labat.
401 3917 488 3968 Ill.
513 3917 620 3967 Non
636 3919 770 3967 solus
791 3920 857 3968 ita
884 3917 1042 3968 sensit
1063 3920 1304 3969 Justinus.

229 4032 271 4080 Ι.
303 4026 408 4093 Qui
448 4024 722 4080 Iustinum
753 4041 879 4080 cum
923 4026 1196 4082 Ebiouitis
1224 4025 1426 4080 Christi
1480 4027 1735 4088 divinita-

167 4134 267 4174 tem
299 4121 623 4184 negantibus
650 4135 835 4189 pacem
887 4130 942 4174 et
973 4121 1410 4175 communionem
1444 4122 1647 4176 fovisse
1678 4131 1734 4176 et

168 4216 456 4268 fovendam
499 4213 850 4267 existimasse
883 4215 1092 4276 volunt,
1127 4213 1210 4267 his
1247 4215 1383 4268 satis
1409 4229 1730 4282 responsum

168 4317 244 4360 est
268 4307 322 4360 in
344 4305 826 4360 observationibus
853 4306 917 4358 ad
951 4323 1010 4358 ιι.
1046 4305 1114 4360 48
1145 4303 1384 4377 Dialaqi,
1425 4306 1512 4361 vel
1547 4308 1728 4376 potius

169 4402 297 4453 satis
319 4413 415 4454 eos
465 4397 666 4452 refellit
694 4398 866 4467 ipsius
901 4399 1029 4460 loci.
1061 4414 1169 4468 quo
1214 4400 1603 4464 abutebantur,
1639 4415 1731 4454 ac-

1912 3299 2147 3354 Rnrsum
2198 3301 2280 3356 sic
2329 3301 2636 3372 interrogat
2671 3303 2894 3374 Trypho
2937 3318 2953 3358 :
3006 3322 3024 3356 ι
3066 3303 3178 3358 Cur
3236 3305 3407 3376 igitur

1841 3394 2023 3447 dixisti
2057 3411 2071 3447 :
2104 3392 2175 3447 Ut
2222 3394 2350 3447 mihi
2390 3395 2600 3464 quidem
2636 3395 2862 3460 videtur,
2937 3396 3115 3450 saluus
3147 3397 3268 3462 erit,
3300 3397 3410 3452 nisi

1838 3483 1965 3552 quia
1999 3493 2145 3546 sunt,
2177 3483 2269 3552 qui
2321 3482 2456 3538 tales
2495 3494 2697 3553 negent
2731 3485 2911 3539 salvos
2949 3483 3165 3540 futuros
3193 3485 3218 3538 ἳ
3249 3503 3268 3536 ι
3301 3483 3410 3540 Re-

1841 3575 2074 3648 spondet
2106 3573 2404 3634 Justinus:
2440 3594 2457 3625 I
2491 3576 2652 3640 Sunt,
2685 3577 2930 3645 inquam,
2956 3589 2989 3630 o
3013 3575 3257 3645 Trypho,
3285 3575 3412 3646 qui-

1838 3683 1943 3738 que
1980 3683 2105 3722 cum
2137 3669 2218 3722 eis
2259 3682 2362 3723 nec
2404 3667 2698 3735 sermonis,
2737 3683 2842 3724 nec
2889 3667 3109 3735 hospitii
3157 3681 3410 3722 commu-

1840 3762 2002 3816 nione
2027 3758 2279 3831 conjungi
2309 3761 2586 3827 audeant;
2615 3759 2816 3830 quibus
2843 3772 2947 3829 ego
2973 3773 3078 3813 non
3097 3758 3372 3814 assentior
3391 3801 3405 3814 .

1836 3854 1929 3908 sed
1985 3853 2030 3907 si
2077 3853 2148 3907 ob
2196 3853 2366 3907 animi
2415 3852 2798 3907 inﬁrmitatem
2851 3851 3020 3904 etiam
3068 3861 3410 3920 quaecunque

1835 3963 1978 4002 nunc
2009 3956 2236 4018 possunt
2261 3961 2330 4001 ex
2361 3946 2450 4009 iis,
2474 3952 2596 4015 qua:
2636 3960 2665 4000 a
2693 3943 2840 4001 lose
2892 3956 3115 4014 propter
3145 3945 3406 3999 duritiam

1834 4039 2017 4094 cordis
2047 4038 2228 4107 populi
2273 4036 2527 4090 instituta
2569 4036 2842 4100 novimus,
2886 4050 3010 4092 cum
3043 4049 3140 4106 spe
3174 4037 3228 4090 in
3262 4038 3408 4090 hunc

1833 4129 2110 4186 Christum
2138 4139 2192 4183 et
2242 4139 2575 4184 aeternorum
2604 4141 2669 4182 ac
2705 4127 3037 4184 naturalium
3063 4128 3296 4197 justitia:
3346 4137 3404 4182 et

1834 4220 2056 4289 pietatis
2085 4229 2483 4290 praeceptorum
2527 4218 2914 4275 observatione
2943 4218 3280 4291 conjungere
3303 4235 3402 4274 vo-

1832 4313 2076 4377 luerint;
2110 4313 2271 4368 modo
2306 4327 2429 4367 cum
2472 4311 2805 4366 Christianis
2829 4320 2885 4366 et
2935 4312 3186 4367 fidelibus
3218 4310 3403 4366 vivere

1833 4421 1938 4460 non
1971 4415 2247 4470 recusent,
2273 4419 2378 4459 nec
2405 4406 2491 4468 iis,
2524 4413 2582 4459 ut
2609 4405 2726 4474 jam
2753 4406 2888 4469 dixi,
2923 4407 3213 4471 suadeant,
3242 4415 3302 4461 ut
3328 4408 3405 4462 si—

168 4494 401 4546 curatior
426 4506 591 4559 quam
621 4491 672 4543 in
707 4491 1077 4558 superioribus
1103 4492 1432 4546 editiouibus
1463 4491 1729 4559 interpre-
1757 4525 1803 4579 Β
1835 4499 2036 4554 milite;-
2065 4497 2129 4553 a'c
2158 4499 2258 4568 ipsi
2290 4499 2775 4563 circumciduntur,
2806 4509 2899 4554 aut
2941 4499 3179 4556 Sabbata
3212 4509 3269 4555 et
3295 4500 3400 4555 alia

169 4587 318 4638 tatio.
353 4584 511 4650 Quod
543 4594 724 4636 autem
771 4594 980 4652 spectat
1015 4586 1080 4638 ad
1116 4599 1232 4647 eos,
1258 4585 1349 4653 qui
1379 4584 1726 4639 ecircumci-

165 4677 312 4730 tione
333 4679 400 4729 ad
431 4674 711 4730 Christum
730 4678 999 4740 conversi,
1030 4678 1288 4731 nonnulla
1311 4676 1534 4732 Judaica
1572 4677 1729 4731 insti-

169 4779 273 4819 tuta
307 4783 431 4821 cum
472 4777 725 4821 accurata
762 4767 812 4820 in
847 4769 1121 4823 Christum
1161 4769 1449 4822 Dominum
1482 4769 1728 4836 fidejuu-

167 4861 391 4926 (ebant;
426 4861 523 4912 hos
547 4869 756 4912 constat
774 4875 801 4912 a
820 4858 877 4912 S.
901 4869 1137 4929 martyre
1153 4859 1386 4928 rejectos
1409 4876 1514 4914 non
1535 4861 1724 4915 fuisse.

167 4951 276 5006 Non
309 4965 489 5006 tamen
516 4951 915 5020 vituperabitur
947 4967 1206 5008 concessa
1239 4954 1728 5009 infirmishomini-

168 5048 259 5101 bus
288 5047 529 5108 venia,si
557 5046 962 5102 consideremus
979 5064 1102 5101 cum
1133 5046 1498 5114 Tillemontio,
1530 5049 1726 5117 quibus

165 5152 279 5188 eam
309 5135 556 5190 Justinus
595 5137 1001 5192 conditionibus
1060 5140 1378 5209 restringat,
1413 5155 1642 5208 qumque
1669 5140 1721 5193 in

170 5231 401 5284 Ecclesia
439 5231 503 5284 de
536 5232 797 5296 ejusmodi
847 5233 1155 5287 hominibus
1195 5233 1404 5303 judicia
1438 5244 1534 5288 aut
1560 5235 1722 5303 paulo

169 5335 288 5376 ante
316 5321 588 5377 Justinum
622 5324 761 5378 facta
808 5322 1059 5390 fuissent,
1103 5335 1196 5380 aut
1247 5336 1374 5382 tunc
1425 5329 1588 5384 etiam
1625 5329 1723 5386 lie-

169 5428 254 5467 πει-ι
262 5426 296 5466 ι.

228 5503 504 5560 Justinum
539 5509 618 5562 sic
651 5509 947 5579 interrogat
977 5511 1223 5585 Trypho,
1250 5530 1306 5566 n.
1335 5513 1404 5568 46
1434 5532 1448 5567 :
1483 5533 1503 5566 ι
1542 5515 1598 5570 Si
1627 5516 1721 5585 qui

169 5607 358 5659 autem,
385 5599 582 5667 inquit,
601 5599 898 5656 etiamnum
928 5603 1002 5657 ita
1029 5607 1212 5660 vivere
1234 5605 1420 5671 velint,
1448 5619 1509 5661 ut
1532 5608 1732 5679 Moysis

173 5687 404 5741 instituta
445 5701 687 5756 servent,
713 5704 766 5748 et
798 5696 1022 5750 Credant
1068 5699 1118 5752 in
1161 5699 1304 5755 hunc
1347 5697 1529 5755 Jesum
1567 5698 1722 5756 Chri-

238 5847 278 5876 “
309 5844 458 5902 Juan.
500 5849 555 5915 Ι,
580 5849 631 5905 5.

1830 4590 2094 4658 ejusmodi
2125 4590 2454 4654 custodiant,
2479 4606 2574 4646 eos
2598 4592 2976 4660 suscipiendos
3007 4607 3150 4656 esse,
3178 4602 3234 4647 et
3271 4607 3395 4648 cum

1831 4680 1898 4734 iis
1927 4682 2167 4735 omnium
2200 4697 2381 4736 rerum
2415 4684 2881 4748 communionem,
2920 4697 2978 4737 ut
3011 4700 3132 4739 cum
3165 4686 3400 4740 homini-

1830 4773 1931 4827 bus
1955 4774 2143 4828 eodem
2171 4775 2330 4829 modo
2359 4773 2570 4830 affectis
2594 4786 2649 4830 et
2678 4775 2942 4831 fratribus
2964 4778 3251 4832 tenendam
3276 4794 3401 4835 esse

1830 4880 2052 4921 censeo.
2088 4887 2105 4918 ι
2147 4869 2201 4922 Si
2235 4884 2371 4936 quos
2414 4879 2592 4922 tamen
2635 4883 2702 4922 ex
2755 4869 3088 4925 Christianis
3125 4868 3296 4926 «Ιαάωί
3333 4872 3398 4926 ad

1830 4959 2002 5028 legem
2035 4959 2155 5012 fidei
2178 4961 2478 5014 addendam
2513 4962 2864 5024 adduxeriut,
2904 4977 3114 5024 eorum,
3155 4965 3248 5033 qui
3280 4964 3400 5019 lue-

1831 5051 1941 5104 rint
1971 5052 2204 5119 decepti,
2263 5053 2495 5106 salutem
2559 5069 2666 5106 non
2709 5053 2929 5108 omnino
2968 5055 3396 5123 desperat.rQui

1829 5161 1957 5202 vero
1981 5147 2048 5201 ab
2064 5147 2143 5201 eis
2176 5148 2240 5199 ad
2271 5147 2403 5215 legis
2434 5147 2867 5202 observationem
2899 5165 3023 5204 cum
3048 5150 3396 5207 confessione

1829 5240 1882 5292 in
1912 5239 2187 5293 Christum
2217 5239 2310 5293 Dei
2337 5241 2766 5306 conjungendam
2794 5241 3013 5295 adducti
3043 5240 3264 5304 fuerint,
3296 5257 3394 5296 eos

1827 5330 2062 5384 forsitan
2089 5333 2250 5385 etiam
2278 5332 2506 5386 salutent
2535 5333 2829 5401 adepturos
2853 5335 3118 5402 suspicor.
3157 5353 3176 5386 ι
3197 5333 3395 5403 Liquet

1827 5437 1856 5475 a
1893 5421 2109 5477 Justino
2150 5425 2237 5489 iis,
2280 5439 2418 5494 quos
2459 5437 2515 5477 ut
2565 5423 2768 5480 fratres
2815 5427 3116 5496 diligendos
3161 5437 3214 5480 et
3243 5426 3390 5481 onmi

1826 5514 2106 5571 cbaritatis
2123 5531 2182 5572 ac
2201 5518 2594 5572 communionis
2609 5518 3002 5586 significatione
3016 5519 3392 5574 devinciendos

1825 5618 1998 5679 putat,
2019 5609 2152 5663 duas
2185 5613 2577 5678 tamenitupoui
2611 5611 2971 5665 conditiones.
3002 5610 3178 5664 Prima
3221 5621 3302 5666 est
3334 5623 3390 5666 ut

1826 5717 1894 5758 ne
1923 5703 2090 5773 legem
2107 5704 2170 5758 ad
2189 5705 2414 5761 salutem
2438 5705 2798 5761 necessariam
2813 5705 3142 5762 existiment.
3171 5705 3270 5759 Dat
3287 5705 3388 5761 illis
