4120 6414
763 357 835 416 63
1690 364 1746 422 S.
1785 363 2118 422 JUSTINUS
2149 360 2629 418 PHILOSOPHUS
2670 363 2755 417 ET
2787 362 3094 419 MARTYR.
3933 373 4005 428 οι

763 478 1001 541 veniam.
1033 479 1079 537 si
1105 480 1167 534 ob
1190 481 1358 536 animi
1383 481 1792 538 imbecillitatem
1821 484 1995 553 legem
2023 484 2335 546 observent;
2367 483 2411 541 Α
2442 483 2603 534 etiam
2663 480 3073 551 Scriptttrarum
3114 483 3444 540 auctoritate
3479 484 3832 543 declinandos
3857 508 3870 555 ;
3898 490 3999 544 bu-

763 582 920 624 secus
947 586 1096 637 vero,
1121 574 1168 628 si
1198 588 1347 644 spem
1380 591 1534 634 suam
1563 576 1895 632 in’Mossicis
1923 577 2204 640 institutis,
2227 595 2332 631 non

762 659 818 712 in
845 659 1048 715 Christi
1081 666 1348 734 sanguine
1387 668 1743 722 constituant.
1792 668 1910 737 Ipse
1943 669 2165 740 Trypho
2193 672 2333 725 hanc

760 749 1132 808 conditionem
1159 766 1477 825 acceperat;
1506 769 1629 813 nam
1663 777 1785 814 cum
1815 763 2040 817 dixisset
2060 762 2328 827 Justinus,

756 852 876 909 qua
905 843 976 896 ad
1002 845 1258 900 duritiam
1285 851 1458 903 cordis
1480 853 1720 905 instituta
1745 865 1888 913 sunt,
1923 855 2057 908 nihil
2079 858 2146 908 ad
2168 855 2331 925 justi-

759 932 851 985 riw
884 944 932 986 et
961 938 1173 1001 pietatis
1218 941 1623 997 observationem
1655 946 1931 1012 conferre;
1973 949 2055 1001 sic
2087 964 2208 1000 cum
2235 965 2331 1002 ex-

754 1023 891 1092 cipit
921 1025 1138 1096 Trypho
1171 1047 1186 1084 :
1219 1031 1362 1096 Quid
1395 1036 1441 1086 si
1477 1039 1617 1105 quis,
1643 1057 1760 1090 cum
1794 1041 1906 1092 Iure
1933 1041 2014 1092 ita
2039 1058 2093 1094 se
2139 1043 2330 1097 habere

753 1117 912 1182 sciat,
937 1128 1045 1173 etc.
1071 1119 1257 1176 Altera
1288 1127 1530 1182 conditio
1559 1138 1642 1182 est
1671 1141 1728 1181 ut
1751 1129 1920 1184 Jude
1948 1131 2016 1185 ad
2047 1133 2326 1188 Christum

753 1214 1006 1263 conversi
1038 1215 1291 1282 aequabili
1336 1215 1461 1283 jure
1490 1233 1612 1272 cum
1647 1221 1982 1278 Christianis
2025 1225 2327 1281 incircum-

751 1301 882 1353 clsis
904 1303 1111 1367 vivant,
1141 1320 1240 1360 nec
1263 1321 1588 1378 quemquam
1623 1311 1687 1364 ad
1718 1312 1854 1383 legis
1878 1317 2325 1371 observationem

751 1390 1127 1447 adhortentur.
1159 1395 1520 1462 Quamobrem
1557 1416 1661 1455 non
1691 1412 1894 1460 temere
1932 1406 1984 1458 in
2013 1407 2153 1462 hanc
2196 1424 2324 1462 sen-

750 1482 985 1536 tentiam.
1019 1487 1286 1541 adductus
1317 1499 1399 1543 est
1421 1488 1691 1552 Justinus.
1723 1495 1816 1548 sed
1859 1495 1992 1549 inita
2021 1499 2323 1553 subductao

747 1587 858 1639 que
905 1575 1136 1641 ratione,
1180 1595 1279 1633 nec
1321 1581 1438 1638 sine
1467 1585 1784 1651 provisione
1827 1589 2323 1658 incommodorum,

746 1678 869 1731 quin
901 1681 964 1720 ex
993 1683 1057 1722 ea
1090 1675 1352 1741 consequi
1380 1688 1665 1743 poterant.

820 1755 881 1812 Il.
907 1758 1035 1824 Sed,
1058 1765 1201 1830 quod
1227 1763 1500 1822 Justinutn
1532 1775 1770 1828 maxime
1799 1783 2029 1842 tutatur,
2057 1789 2167 1832 tum
2196 1796 2319 1835 cum

752 1848 867 1905 tunc
914 1852 1226 1916 dissereret.
1267 1857 1485 1911 vixdum
1536 1861 1728 1930 viginti
1779 1867 1930 1928 anni,
1966 1878 2024 1920 ut
2061 1870 2320 1926 observat

743 1938 1139 2011 Tillemontius,
1164 1946 1505 2014 eﬂlnxerant,
1539 1965 1604 2006 ex
1623 1969 1730 2023 quo
1755 1956 1838 2010 lex
1870 1957 2106 2014 Musaica
2135 1963 2186 2015 in
2218 1963 2325 2018 Ec-

740 2032 907 2086 clesia
943 2034 1435 2108 Hierosolymitana
1467 2044 1638 2098 desita
1673 2058 1795 2101 erat
1821 2051 2125 2132 observari.
2152 2054 2313 2110 Certa

738 2132 795 2190 et
823 2125 1106 2193 explorata
1140 2145 1224 2185 res
1267 2142 1351 2186 est
1393 2149 1460 2188 ex
1497 2135 1715 2192 Eusebii
1763 2148 1817 2193 et
1857 2125 2086 2211 Sulpicii
2122 2146 2309 2201 Severi

740 2217 1089 2274 testimoniis.
1130 2222 1414 2304 Eusebius
1472 2229 1550 2283 sic
1599 2228 1842 2299 loquitur
1869 2233 2035 2299 Hist.,
2083 2236 2181 2291 lib.
2236 2255 2312 2304 tv,

739 2321 770 2360 ο
813 2307 890 2362 5:
933 2327 952 2362 ο
987 2301 1350 2372 llludtantnm
1377 2333 1450 2373 ex-
1473 2330 1720 2377 veterum
1749 2326 2082 2394 scriptorum
2121 2345 2314 2385 manu-

734 2400 936 2456 tnentis
964 2402 1147 2470 didici,
1189 2407 1439 2464 adultam
1467 2427 1641 2481 usque
1683 2414 2060 2473 obsessionem
2100 2419 2311 2476 ludam-

735 2505 877 2558 rum,
911 2507 1034 2562 quae
1064 2496 1372 2565 imperante
1419 2502 1665 2560 Adriano
1711 2508 1962 2579 contigit,
1993 2513 2307 2581 quindecim

733 2583 1024 2653 episcopos
1061 2589 1317 2646 continua
1365 2596 1711 2652 successione
1747 2598 1822 2652 illi
1861 2601 2128 2659 Ecclesiae
2169 2621 2308 2674 prae-

731 2674 923 2744 fuisse,
964 2694 1100 2748 quos
1129 2699 1321 2740 omnes
1352 2689 1564 2756 Origine
1607 2690 1865 2748 Hebraeos
1893 2693 2064 2749 fuisse
2097 2713 2308 2753 memo-

732 2776 875 2831 rant,
899 2778 956 2822 et
987 2769 1148 2826 ﬁdem
1179 2773 1381 2834 Christi
1425 2779 1641 2835 sincere
1672 2791 1835 2851 atque
1861 2798 1926 2838 ex
1958 2787 2145 2841 animo
2183 2803 2306 2842 sus-

730 2856 966 2926 cepisse.
1000 2861 1154 2923 Adeo
1182 2873 1238 2920 ut
1281 2867 1350 2920 ab
1397 2869 1520 2929 illis.
1562 2872 1652 2938 qui
1677 2871 1764 2926 ede
1797 2873 2108 2943 hujusmodi
2138 2877 2304 2932 rebus

724 2945 990 3016 judicium
1017 2950 1166 3012 ferre
1223 2969 1499 3026 pateram,
1531 2963 1824 3034 episcopali
1873 2967 2050 3023 oﬂlcio
2081 2969 2296 3038 dignis—

728 3037 851 3090 simi
898 3054 1279 3100 censerentur.
1313 3047 1523 3120 Quippe
1573 3062 1704 3112 tunc
1741 3061 2003 3127 temporis
2047 3037 2299 3120 universa

725 3122 1222 3201 Hierosolymorum
1239 3138 1480 3197 Ecclesia
1517 3146 1749 3202 conﬂata
1796 3122 1915 3206 erat
1941 3168 2006 3208 ex
2051 3154 2298 3213 Hebraeis

728 3216 1005 3289 ﬁdelibus,
1037 3228 1126 3296 qui
1157 3227 1270 3296 jam
1322 3233 1446 3291 inde
1483 3237 1553 3291 ab
1605 3243 1979 3309 apostolorum
2019 3259 2183 3304 aetate
2231 3253 2298 3306 ad

727 3310 874 3408 illa
925 3331 1095 3383 usque
1125 3322 1461 3380 obsidionem
1503 3347 1938 3401 permanserant,
1984 3355 2093 3408 quo
2127 3342 2295 3398 Jutlaei

723 3399 921 3457 iterum
950 3423 977 3458 n
1004 3409 1269 3468 Romanis
1314 3417 1650 3487 deﬁcipntes,
1692 3399 1948 3485 maximis
1973 3399 2172 3499 p'rteliis
2199 3437 2298 3492 do-,

724 3495 1038 3566 tuitiatqne
1064 3509 1355 3573 expugnati
1387 3522 1535 3568 sunt.
1579 3533 1601 3566 ι
1636 3516 1914 3588 Sulpicio
1951 3495 2189 3580 Severus
2229 3530 2297 3584 de

722 3584 828 3640 hac
855 3587 1082 3657 loquens
1106 3606 1352 3653 extrema
1378 3603 1684 3672 obsidione,
1715 3584 1829 3666 haec
1853 3613 2004 3668 addit
2038 3635 2051 3667 :
2086 3635 2106 3667 s
2139 3618 2293 3684 Quod

719 3678 938 3744 quidem
968 3682 1293 3750 Christianae
1324 3692 1446 3747 ﬁdei
1482 3697 1837 3766 proﬁciebat;
1862 3707 1987 3773 quia
2023 3717 2134 3763 tum
2149 3678 2296 3780 pene

719 3782 908 3826 mones
935 3773 1212 3838 Christum
1244 3782 1409 3838 Deum
1450 3789 1551 3844 sub
1587 3789 1721 3860 legis
1749 3795 2141 3855 observatione
2160 3773 2292 3858 cre-

718 3860 936 3919 debant.
968 3867 1233 3928 Nimirum
1272 3877 1327 3930 id
1353 3879 1590 3936 Domino
1629 3885 1918 3943 ordinante
1943 3892 2291 3962 dispositum,

714 3963 776 4008 nt
799 3955 934 4027 legis
961 3966 1191 4046 servitus
1226 3983 1256 4021 a
1292 3969 1541 4029 libertate
1564 3976 1685 4031 ﬁdei
1708 3991 1872 4050 atque
1900 3955 2155 4042 Ecclesia:
2193 3992 2292 4044 tol-

713 4046 938 4152 leretur.
985 4042 1064 4110 ita
1106 4067 1218 4114 tum
1247 4065 1483 4131 primunt
1513 4069 1726 4126 Marcus
1765 4042 1829 4128 ex
1869 4079 2125 4146 gentibus
2149 4087 2288 4152 apud

712 4135 1141 4216 llierosolymam
1177 4153 1464 4220 episcopus
1505 4157 1624 4213 fuit.
1659 4181 1677 4213 ι

783 4228 867 4283 ΙΙΙ.
895 4231 1010 4288 Νυη
1056 4241 1202 4301 solus
1244 4243 1296 4298 in
1330 4246 1609 4306 lenitatem
1660 4254 1966 4313 inclinabat
1996 4260 2284 4331 Justinus;

709 4334 912 4388 patir-os
958 4329 1062 4382 sibi
1113 4334 1390 4403 adversari
1449 4341 1673 4399 indicat.
1712 4365 1730 4398 t
1771 4348 1929 4414 Sunt,
1963 4355 2204 4422 inquam,
2253 4329 2288 4414 o

709 4413 950 4512 Trypho,
982 4423 1182 4492 quique
1222 4443 1345 4481 cum
1375 4433 1568 4491 talibus
1604 4454 1700 4492 nec
1732 4442 1988 4512 colloquii
2034 4413 2134 4502 nec
2181 4413 2284 4506 ho-

2435 574 2672 643 jusmodi
2703 577 2974 629 hominem
3006 576 3047 630 si
3077 591 3372 647 perurgeas
3398 579 3464 632 ad
3491 595 3806 637 communes
3830 584 3997 638 homi-

2440 683 2566 720 num
2597 668 2769 729 cibos,
2800 685 2899 723 nec
2935 669 3082 722 dicas
3109 685 3230 735 eum
3257 669 3418 724 aliter
3470 687 3628 740 posse
3657 677 3880 740 salvari,
3918 678 3998 731 vel

2435 759 2501 811 ad
2530 760 2690 814 ﬁdem
2719 761 2921 816 Christi
2950 773 3005 816 et
3034 767 3263 832 gratiam
3297 769 3602 834 pervenire,
3639 768 3739 823 nisi
3771 773 4000 838 sumptis

2433 843 2519 904 his
2552 867 2688 919 quos
2722 853 2917 923 refugit
2947 856 3108 922 cibis,
3151 869 3284 912 tunc
3340 874 3467 915 vere
3497 863 3696 915 bonum
3732 865 3998 932 spirital's

2432 942 2719 998 sententia:
2768 945 3200 1015 blasphematur.
3252 968 3271 1002 ι
3322 949 3467 1005 Idem
3523 953 3786 1026 Origenes
3837 958 3998 1011 initio

2433 1032 2552 1085 libri
2594 1049 2626 1086 ll
2666 1043 2848 1089 contra
2904 1035 3116 1092 Celsum
3171 1041 3271 1092 tria
3337 1042 3620 1109 distinguit
3680 1043 3996 1100 Judmomm

2429 1121 2799 1178 Christianam
2829 1125 2986 1181 ﬁdem
3018 1128 3386 1196 profitentium
3414 1147 3634 1200 genera.
3665 1136 3770 1189 Alii
3807 1137 3998 1206 pristi-

2432 1227 2528 1266 nos
2561 1215 2696 1268 ritus
2747 1217 3105 1284 reliquerant,
3136 1236 3258 1274 cum
3289 1236 3386 1275 eos
3420 1226 3782 1292 spiritualiter
3834 1229 3997 1281 intel-

2428 1303 2520 1374 ligi
2568 1309 2768 1375 debere
2809 1311 3226 1377 existimarent;
3265 1315 3355 1367 alii
3400 1317 3668 1384 spirituali
3716 1336 3876 1374 sensu
3910 1323 3998 1375 itt-

2431 1399 2894 1464 terpretabantur,
2933 1417 3031 1456 nec
3073 1413 3255 1459 tamen
3301 1407 3593 1460 observare
3633 1409 3997 1476 desinebant;

2427 1487 2517 1540 alii
2556 1488 2789 1557 denique
2818 1491 3038 1546 litterali
3082 1496 3265 1551 sensui
3297 1495 3438 1551 δαὶιί
3471 1501 3858 1558 observabant.
3891 1505 3996 1571 Qui

2427 1596 2548 1636 cum
2579 1586 2849 1652 spirituali
2883 1589 3247 1657 explicatione
3286 1594 3688 1663 conjungebant
3717 1597 3890 1666 ipsam
3925 1598 4001 1652 ri-

2429 1683 2573 1727 tuum
2606 1680 3064 1744 observationem,
3097 1697 3201 1737 non
3252 1685 3342 1738 alii
3374 1687 3629 1741 videntur
3654 1705 3800 1753 esse,
3828 1706 3996 1759 quam

2429 1768 2485 1828 ii.
2529 1772 2619 1838 qui
2657 1772 2826 1839 lt-gem
2862 1773 2928 1825 ad
2960 1775 3190 1829 salutem
3224 1781 3594 1834 necessariam
3621 1799 3727 1835 non
3762 1800 3882 1839 esse
3915 1785 3998 1839 fa-

2426 1861 2697 1926 tebantur,
2717 1879 2778 1918 ac
2803 1870 2972 1918 solam
2989 1882 3138 1933 spem
3163 1870 3213 1922 in
3235 1871 3312 1924 Cb
3325 1873 3458 1930 risto
3485 1877 3809 1942 ponendam.
3839 1877 3998 1946 cujus

2421 1950 2760 2007 divinitatem
2789 1972 2913 2010 cum
2943 1957 3065 2012 aliis
3092 1962 3348 2017 omnibus
3366 1963 3622 2021 Ecclesia:
3647 1969 3999 2039 dogmatibus

2418 2041 2732 2097 credebant.

2489 2131 2590 2199 Qui
2620 2134 3054 2202 Recognilionum
3076 2143 3247 2200 libros
3275 2158 3329 2201 et
3360 2147 3712 2206 Clementiae:
3742 2158 3996 2211 homilias

2418 2223 2474 2278 S.
2508 2224 2779 2283 Clementi
2804 2237 3110 2302 supposuit,
3141 2238 3378 2306 scriptor
3402 2240 3620 2302 Iustino
3649 2248 3874 2315 teqnalis
3896 2261 3998 2304 aut

2415 2331 2637 2387 suppar,
2664 2323 2873 2377 videtur
2893 2341 2955 2382 ex
2975 2327 3076 2381 hoc
3099 2328 3504 2396 Nazareorum.
3527 2336 3995 2393 siveChristiano-

2414 2424 2534 2461 rum
2559 2412 2729 2480 legem
2763 2415 3167 2472 observantium
3210 2439 3437 2478 numero
3471 2425 3658 2482 fuisse.
3694 2429 3828 2483 Nam
3859 2448 3992 2486 cum

2412 2499 2621 2554 Christi
2642 2503 2978 2562 divinitatem
3002 2510 3250 2578 pluribus
3279 2515 3412 2570 locis
3435 2521 3719 2585 praedicet,
3753 2540 3995 2592 eumque

2412 2586 2608 2642 Filium
2655 2590 2744 2645 Dei
2778 2602 2832 2645 et
2869 2594 3036 2647 ﬁlium
3066 2598 3320 2666 hominis,
3366 2601 3564 2666 Filium
3604 2609 3671 2661 ab
3709 2610 3865 2666 initio
3893 2586 3995 2666 ex-

2410 2679 2715 2743 sistentem,
2741 2682 2939 2738 Filium
2971 2687 3094 2740 coeli
3120 2699 3172 2743 et
3198 2700 3353 2746 terrae
3371 2697 3789 2754 constitutoretn
3826 2715 3993 2760 vocet

2411 2768 2600 2823 homil.
2639 2773 2727 2836 t8,
2761 2774 2904 2829 idem
2938 2784 3118 2834 tamen
3184 2779 3437 2838 Mosaicae
3478 2786 3610 2856 legis
3660 2791 3992 2847 retinentior

2407 2863 2640 2917 videtur.
2671 2863 2805 2919 Hinc
2828 2865 3022 2923 Petrus
3044 2875 3318 2926 sexcentis
3335 2875 3468 2929 locis
3490 2877 3770 2934 inducitur
3787 2883 3992 2938 lustra-

2408 2955 2583 3008 tiones
2605 2955 2868 3014 Judaicas
2895 2970 2990 3013 aut
3023 2963 3137 3027 ipse
3178 2981 3472 3033 usurpans,
3503 2983 3597 3022 aut
3629 2972 3753 3026 aliis
3783 2977 3986 3042 pra-ci-

2405 3046 2583 3114 piens,
2616 3065 2714 3102 nec
2745 3066 2868 3103 cum
2895 3055 3131 3108 ethnicm
3171 3055 3443 3124 baptismo
3471 3062 3708 3115 nondum
3749 3067 3989 3124 initiatis

2406 3142 2721 3191 comedens.
2764 3138 2893 3195 Post
2925 3143 3211 3209 epistolam
3240 3147 3383 3202 l’etri
3417 3153 3480 3203 ad
3506 3149 3792 3223 Iacobum,
3823 3159 3988 3232 ἱηάυτ

2411 3226 2555 3279 citur
2577 3226 2812 3283 Jacohus
2842 3232 3083 3299 graviter
3126 3238 3403 3303 Sancicns,
3441 3251 3499 3292 ut
3539 3241 3662 3296 libri
3701 3227 3984 3310 Prwdica-Q

2409 3318 2570 3371 tionis
2609 3319 2770 3387 Petri,
2799 3323 2900 3376 nisi
2943 3323 3087 3376 ﬁdeli
3117 3327 3474 3395 circumciso,
3500 3336 3701 3388 nemini
3727 3341 3987 3394 commit.

2411 3419 2614 3464 tantur.
2668 3413 2825 3468 Hunc
2877 3413 3461 3477 Pseudo-Clententem
3501 3441 3565 3480 eo
3614 3439 3855 3498 tempore
3899 3435 3986 3486 vi-

2408 3503 2574 3565 xisse,
2618 3519 2724 3569 quo
2777 3503 2914 3575 legis
2960 3508 3272 3565 observatio
3321 3518 3557 3569 nondum
3611 3523 3678 3573 ab
3721 3524 3983 3580 erunibus

2408 3593 2583 3645 instar
2621 3596 2844 3650 haeresis
2891 3601 3278 3669 damnabatur,
3318 3617 3643 3674 argumento
3679 3626 3800 3664 esse
3852 3629 3983 3682 pos-

2405 3695 2555 3747 Sunt,
2591 3703 2710 3754 quae
2745 3698 2796 3742 et
2839 3692 2907 3744 de
2951 3691 3191 3748 Ecclesia
3229 3705 3283 3749 et
3319 3699 3385 3752 de
3412 3699 3684 3770 episcOpis
3709 3707 3981 3772 praeclare

2403 3776 2544 3831 dicta
2587 3781 2853 3837 interdum
2876 3796 3193 3838 occurrunt.
3226 3786 3519 3844 Eccleslam
3544 3795 3665 3847 navi
3691 3810 3982 3865 comparat

2402 3871 2455 3923 in
2483 3886 2568 3940 ep.
2600 3873 2771 3927 Clem.
2805 3876 2870 3932 ad
2897 3875 3086 3933 Jacob.
3136 3897 3189 3948 p.
3223 3881 3349 3948 558,
3376 3883 3529 3951 cujus
3553 3899 3831 3956 proretam
3856 3894 3978 3961 epi-

2399 3977 2646 4033 scoitutn,
2685 3973 3242 4041 nautasprcsbyteros
3277 3976 3535 4044 appellat.
3573 3978 3820 4034 Debitam
3858 3986 3978 4054 epi-

2398 4059 2579 4126 scopis
2619 4060 2993 4115 obedientiam
3040 4068 3389 4121 commendat
3435 4070 3686 4136 pluribus
3715 4073 3876 4138 locis’,
3912 4088 3974 4131 ut

2397 4145 2621 4216 Recogn.
2653 4151 2748 4206 lib.
2789 4167 2872 4217 tu,
2906 4169 3025 4223 cap.
3066 4155 3154 4224 66,
3190 4158 3376 4211 homil.
3410 4160 3462 4224 5,
3501 4178 3553 4230 p.
3597 4165 3704 4220 597
3744 4177 3797 4222 et
3837 4168 3974 4223 598.

2468 4241 2768 4296 Laudande
2809 4261 2942 4299 sane
2991 4264 3179 4301 eorum
3247 4253 3414 4304 animi
3479 4256 3818 4321 moderatio,
3873 4263 3970 4327 qui

2395 4333 2752 4404 Evangelium
2785 4335 3037 4392 Mosaicis
3081 4343 3421 4396 caeremoniis
3449 4347 3782 4412 permiscere
3797 4345 3978 4403 desie-

2389 4436 2539 4493 runt,
2602 4430 2691 4482 ubi
2724 4444 2817 4484 eas
2839 4432 3342 4488 animadverterunt
3381 4436 3499 4489 sine
3529 4439 3755 4492 aliorum
3779 4439 3962 4496 oﬁen~

709 4506 856 4574 spitii
908 4516 1291 4577 COIIttltunione
1321 4523 1573 4593 conjungi
1629 4506 1904 4592 amicam;
1941 4537 2139 4603 quibus
2180 4554 2284 4608 es"
2317 4547 2361 4602 ι)
2391 4521 2544 4576 sione
2575 4521 2856 4577 observari
2889 4542 2996 4579 non
3025 4541 3205 4596 posse.
3231 4530 3299 4582 At
3323 4545 3426 4581 non
3461 4531 3748 4586 doluerunt
3775 4536 3866 4601 qui
3903 4549 3969 4590 se

707 4611 816 4651 non
848 4605 1162 4660 assentior-
1186 4628 1205 4661 ι
1240 4609 1542 4672 Lenitatem
1585 4617 1788 4676 Justini
1839 4625 2132 4682 conﬁrmat
2158 4605 2282 4684 Ori-

706 4703 873 4759 genes
900 4691 997 4746 lib.
1046 4711 1117 4749 vn
1141 4699 1193 4750 in
1231 4700 1406 4770 Epist.
1437 4708 1503 4763 ad
1541 4707 1848 4772 Ront.,.nbi
1878 4717 1960 4769 sic
1987 4717 2231 4788 loquitur
2263 4739 2278 4776 :

711 4796 732 4830 ι
766 4779 1021 4839 Christus
1056 4789 1273 4845 etiamsi
1320 4794 1640 4855 incarnatus
1676 4818 1780 4857 non
1832 4805 2047 4873 fuisset,
2100 4821 2277 4867 tamen

706 4879 896 4926 natura
924 4875 1214 4946 imperium
1246 4884 1299 4937 in
1325 4900 1514 4942 omnes
1547 4891 1793 4953 haberet.
1825 4896 1944 4952 Non
1970 4901 2281 4958 vultratio-

703 4963 919 5058 stabiles
943 4969 1166 5037 spiritus
1197 4977 1262 5034 ad
1286 4979 1658 5037 obedientiam
1691 4986 1826 5058 legis
1870 5008 1983 5048 sum
2012 4995 2281 5054 violenter

707 5053 1004 5126 inﬂectere,
1037 5066 1134 5118 sed
1176 5080 1460 5138 exspectas
1489 5086 1549 5129 ut
1591 5053 1788 5148 sponte
1820 5086 2065 5153 veniant,
2091 5099 2146 5144 et
2176 5106 2276 5146 vo-

706 5145 914 5206 luntate
942 5168 1046 5209 non
1080 5163 1406 5221 necessitate
1428 5145 1917 5244 bouum'quzerant,
1941 5190 1995 5234 et
2025 5183 2276 5239 docendo

709 5242 880 5312 magis
923 5258 1086 5314 quam
1134 5261 1512 5326 temperando,
1561 5264 1842 5322 invitando
1879 5242 2060 5338 p0tius
2109 5291 2277 5344 quam

705 5340 1102 5434 extorquendo,
1143 5350 1487 5412 persuadeat.
1545 5355 1785 5412 Tametsi
1840 5362 1968 5429 quis
2024 5340 2270 5434 Judiens,

703 5423 853 5478 verbi
877 5431 1071 5496 gratia,
1109 5443 1204 5488 aut
1242 5451 1308 5492 ex
1345 5439 1450 5507 his,
1492 5446 1587 5512 qui
1623 5423 1907 5505 Severiani
1944 5423 2274 5526 Tatianique

2389 4612 2458 4664 ab
2499 4611 2584 4667 his
2619 4614 2907 4681 institutis,
2955 4618 3008 4670 in
3045 4620 3253 4686 quibus.
3279 4621 3391 4674 nati
3435 4621 3676 4687 fuerant,
3717 4625 3964 4681 abstrahi

2387 4719 2493 4758 non
2527 4719 2866 4774 paterentur.
2891 4710 3142 4765 Nondum
3179 4715 3315 4767 victa
3353 4717 3535 4769 fuerat
3568 4732 3758 4772 eorum
3788 4724 3969 4789 perti-

2385 4799 2542 4852 nacia
2591 4800 2790 4855 smeulo
2819 4813 3041 4871 quarto,
3076 4817 3132 4858 ut
3174 4821 3239 4860 ex
3289 4806 3624 4880 Hieronymo
3672 4813 3959 4872 discimus.

2390 4907 2407 4939 ι
2446 4889 2630 4960 Usque
2653 4894 2836 4957 hodie,
2865 4896 3045 4964 inquit
3077 4899 3129 4951 in
3161 4899 3326 4968 epist.
3357 4901 3448 4964 80,
3469 4918 3564 4969 per
3596 4913 3736 4958 totas
3767 4906 3965 4962 Orien-

2383 4982 2452 5037 tis
2484 4982 2804 5056 Synagogas
2845 4990 2988 5043 inter
3032 4990 3246 5047 Judaeos
3281 4995 3506 5050 haeresis
3532 5009 3639 5062 est,
3671 5015 3790 5067 qua:
3822 5003 3961 5065 dici-

2385 5084 2474 5133 tur
2497 5075 2812 5134 Minmornm
2835 5091 2890 5135 et
2917 5097 2944 5135 a
2971 5082 3264 5140 Pharisazis
3283 5103 3453 5159 usque
3471 5106 3618 5145 nunc
3640 5093 3959 5161 damnatur,

2380 5183 2520 5237 quos
2566 5171 2726 5242 vulgo
2774 5171 3064 5231 Nazaratos
3111 5191 3453 5250 nuncupant,
3503 5185 3594 5252 qui
3628 5186 3856 5240 credunt
3901 5189 3957 5243 in

2381 5262 2578 5318 Filium
2614 5264 2709 5324 Dei
2756 5277 2946 5321 natum
2995 5269 3062 5323 de
3098 5271 3304 5340 virgine
3357 5272 3549 5340 Maria,
3584 5287 3638 5330 et
3674 5292 3796 5331 eum
3829 5295 3957 5337 esse

2379 5355 2569 5410 dicunt
2594 5359 2685 5427 qui
2725 5359 2826 5413 sub
2859 5360 3057 5416 Pontio
3096 5362 3271 5418 Pilato
3316 5381 3511 5432 passus
3557 5379 3638 5422 est
3670 5381 3724 5423 et
3761 5387 3956 5426 resur-

2379 5452 2542 5514 rexit,
2577 5452 2630 5505 in
2661 5465 2821 5520 quem
2851 5466 2906 5510 et
2935 5470 3030 5510 nos
3058 5458 3354 5513 credimus.
3384 5459 3490 5514 Sed
3521 5462 3649 5514 dum
3677 5463 3863 5516 volunt
3895 5477 3954 5520 et

702 5515 1063 5587 appellantur,
1091 5525 1220 5580 velit
1242 5525 1463 5587 Christo
1492 5539 1754 5605 credere;
1776 5552 1930 5611 putet
1953 5554 2130 5600 tamen
2163 5515 2269 5602 non

702 5617 894 5671 parum
925 5609 1104 5669 inesse
1133 5625 1397 5678 momenti
1428 5627 1479 5679 in
1512 5609 1860 5688 observantia
1899 5638 2268 5707 continentiae,

703 5696 788 5749 vel
817 5711 1004 5755 eorum
1032 5705 1279 5763 ciborum
1321 5716 1413 5782 qui
1451 5716 1567 5787 lege
1603 5723 1982 5794 prohibentur,
2019 5729 2100 5784 vel
2131 5745 2270 5798 quos

701 5791 859 5856 quasi
923 5799 1155 5854 castitati
1225 5805 1579 5868 adversantes
1639 5817 1956 5876 existimant
2016 5824 2266 5879 nonnulli

2375 5538 2545 5598 Judaei
2574 5559 2696 5599 esse
2725 5557 2782 5601 et
2814 5545 3139 5612 Christiani,
3170 5565 3269 5603 nec
3299 5548 3469 5608 Judaei
3505 5563 3634 5608 sunt
3662 5570 3762 5610 nec
3791 5555 3952 5610 Chri-

2375 5635 2565 5688 stiani.
2599 5655 2618 5688 ι
2647 5635 2763 5691 Non
2807 5639 3089 5694 immerito
3136 5638 3502 5713 Hieronymus
3536 5655 3742 5699 tantam
3777 5652 3952 5715 perti-

2374 5728 2587 5783 naciam
2621 5741 2681 5783 ut
2713 5732 2962 5786 haeresim
3014 5737 3242 5802 notavit,
3292 5752 3416 5790 cum
3451 5740 3754 5805 praesertim
3795 5741 3947 5812 ejus-

2377 5821 2522 5878 modi
2555 5823 2799 5880 homines
2827 5825 2895 5880 ab
2937 5826 3183 5881 Ecclesia
3215 5829 3484 5884 catholica
3525 5831 3930 5888 discessissent.
