4120 6458
190 433 258 491 θδ
1205 432 1269 492 1).
1306 434 1570 490 ΜΑΒΑΝΙ
1604 433 1729 492 ΡΜ

1830 433 1998 493 lTIO.
2034 468 2106 480 --
2141 437 2323 496 PARS
2355 438 2420 498 ll.
3357 449 3430 507 ϐο

191 552 292 608 Sed
320 569 444 609 cum
489 551 738 611 Iustinus
787 557 933 610 hunc
979 553 1260 626 Dialogum
1307 557 1554 619 haberet,
1582 557 1639 611 id
1668 571 1729 612 es

1845 573 1985 628 μου·
1998 557 2182 612 Τοῦτό
2191 558 2323 612 ἐστι
2339 561 2405 612 τὸ
2419 557 2718 631 σῶμάμου
2738 577 2752 593 ο
2773 570 2866 618 καὶ
2886 566 2946 618 τὸ
2961 567 3216 638 ποτήριον
3231 568 3430 640 ὁμοίως

192 649 343 702 annis
367 648 562 717 viginti
605 661 892 718 postquam
920 649 1089 714 legem
1118 648 1338 704 nemine
1368 650 1749 717 interpellante

194 738 576 806 Hierosolymis
601 741 1045 803 observaverant,
1082 755 1265 795 nonne
1292 743 1498 808 aequius
1527 741 1627 796 fuit
1653 755 1749 800 eos

193 833 404 889 lenitate
431 833 670 899 allicere,
706 849 870 903 quam
899 842 956 887 ut
981 834 1271 891 haereticos
1311 844 1419 887 tam
1454 835 1564 888 cito
1591 849 1750 889 aver-

193 925 327 979 sari?

777 1035 1006 1092 CAPUT
1056 1035 1147 1091 IX.

372 1151 450 1206 De
474 1162 814 1207 sacrosancto
841 1154 1178 1206 eucharistia:
1204 1161 1554 1206 sacramenta.

188 1242 564 1301 LCIristisnam
603 1245 668 1293 de
703 1245 1001 1297 eucharistia
1043 1245 1312 1295 doctrinam
1336 1243 1473 1300 pclare
1509 1247 1563 1289 et
1587 1241 1746 1290 nitide

251 1308 722 1372 exponiLIustinns.
750 1305 812 1354 ΙΙ.
839 1304 982 1354 Nulla
1014 1308 1064 1354 in
1086 1308 1224 1355 illius
1247 1303 1415 1372 verbis
1449 1304 1619 1372 figuras
1641 1316 1748 1372 Λεοτ

238 1365 408 1428 ειηίτὶο.
440 1367 523 1416 ΠΙ.
549 1368 664 1416 Tam
697 1372 836 1416 certo
855 1376 1106 1416 asseverat
1149 1377 1325 1429 panem
1348 1370 1402 1429 et
1424 1367 1603 1429 Avinum
1637 1365 1740 1412 ﬁeri

237 1425 432 1478 carnem
458 1436 511 1499 et
531 1431 839 1499 sanguinem,
864 1442 1006 1499 quam
1024 1425 1265 1499 Christum
1283 1425 1520 1499 habuisse
1547 1437 1744 1499 carnem

235 1500 285 1554 et
307 1486 725 1554 sanguinem.'IV.
746 1486 1111 1554 omnipotentis
1138 1489 1484 1554 Cbristitegue
1507 1486 1743 1554 mirabilis

234 1551 282 1601 in
306 1547 521 1613 utroque
540 1555 788 1612 mysterio.
815 1552 871 1600 γ.
890 1547 1338 1613 Expenditur‘quid
1361 1547 1453 1598 sibi
1477 1550 1603 1596 velit
1614 1547 1744 1608 apud

232 1613 474 1682 liensum
485 1616 797 1682 eucharistia
823 1627 886 1660 ex
900 1613 1248 1682 duabusl'ebus
1258 1617 1509 1682 constans,
1522 1617 1744 1682 _terf_ena

234 1685 285 1724 et
304 1677 516 1726 caelesti.
531 1674 619 1726 Ἦ..
633 1677 739 1734 Quo
763 1688 910 1738 sensu
933 1676 1059 1724 dixit
1081 1669 1414 1738 Tertullianus
1435 1671 1584 1738 verba
1603 1671 1744 1738 Citri-

230 1740 294 1786 stl
319 1739 454 1786 idem
477 1732 836 1799 valere—atque,
859 1737 948 1785 hoc
968 1748 1037 1786 est
1074 1736 1234 1799 ﬁgura
1254 1747 1470 1799 corporis
1488 1732 1603 1782 mei.
1630 1732 1736 1783 VII.

229 1800 572 1862 Athenagoras
589 1798 822 1848 adversus
836 1799 1070 1846 Aliixium
1091 1798 1390 1846 defenditur.

246 1902 284 1956 Ι.
325 1902 385 1956 8.
438 1913 645 1973 martyr
699 1917 823 1957 cum
879 1902 1046 1971 probe
1099 1899 1423 1968 intelligeret
1475 1900 1732 1970 mysteria
1766 1888 1808 1946 Β

180 1994 379 2063 vulg‘ari
411 2010 520 2049 non
551 1997 768 2060 debere,
804 1995 886 2049 sic
915 2009 1036 2048 cum
1057 1992 1258 2048 Iudaeis
1283 1992 1336 2044 in
1364 1991 1585 2056 Dialogo
1619 1992 1734 2045 dis-

175 2091 362 2154 seruit,
413 2099 470 2143 ut
526 2089 593 2144 de
637 2087 988 2152 eucharistia,
1044 2087 1199 2156 cujus
1241 2084 1736 2153 tuncexplicandze

176 2181 312 2235 nulla
337 2182 566 2236 suberat
593 2179 996 2242 necessitas,.id
1024 2187 1234 2230 tantum
1265 2177 1490 2240 diceret,
1518 2176 1618 2230 hoc
1646 2191 1736 2229 sa-

174 2273 438 2328 criﬁcium
469 2288 497 2325 a
529 2271 792 2327 Malachia
821 2270 1141 2341 praedictum
1173 2283 1318 2332 esse,
1362 2282 1553 2338 panem
1582 2269 1636 2321 in
1667 2282 1733 2330 eo

173 2375 220 2418 et
254 2368 445 2419 vinum
478 2364 726 2419 adhiberi
763 2374 815 2419 et
857 2364 1067 2418 Domini
1108 2363 1380 2433 passionis
1415 2359 1732 2417 memoriam

175 2456 353 2509 recoli.
385 2455 588 2507 Verum
636 2455 738 2508 hac
782 2452 982 2508 silentii
1030 2452 1148 2521 lege
1196 2451 1480 2506 astrictum
1516 2462 1576 2503 se
1613 2461 1733 2502 esse

173 2562 273 2600 non
300 2546 549 2616 putabat,
581 2561 702 2600 cum
737 2546 1170 2601 Christianorum
1199 2556 1423 2598 causam
1455 2541 1598 2610 apud
1631 2540 1734 2593 im-

172 2649 473 2703 peratorem
501 2635 833 2692 Antoninum
867 2646 1074 2706 ageret.
1108 2633 1261 2689 Tunc
1301 2633 1448 2689 enim
1481 2632 1616 2686 vidit
1651 2642 1734 2686 to-

173 2740 272 2781 tam
300 2745 416 2783 rem
468 2729 639 2783 oculis
679 2728 1025 2797 imperatoris
1074 2726 1448 2796 exponendam
1499 2741 1644 2788 esse,
1672 2733 1733 2779 ut

166 2824 325 2874 etiam
360 2822 407 2876 si
443 2824 682 2876 absurda
711 2831 768 2876 et
800 2822 1155 2885 incredibilis,
1189 2819 1379 2875 saltem
1411 2834 1513 2874 non
1544 2818 1726 2886 impia,

167 2929 266 2968 non
311 2915 635 2969 detestanda
664 2921 720 2967 et
743 2913 962 2983 capitali
1005 2913 1272 2982 supplicio
1321 2912 1478 2982 digna
1513 2912 1729 2964 videre-

167 3016 280 3066 tur;
316 3020 380 3058 ac
407 3005 453 3058 si
476 3005 658 3060 minus
680 3007 977 3075 imperator
1008 3006 1265 3060 doctrina:
1292 3001 1727 3058 Christianorum

163 3099 544 3161 assentiretur,
578 3097 768 3152 saltem
800 3097 928 3151 dum
960 3111 1054 3150 eos
1091 3097 1317 3164 ingenue
1356 3095 1502 3148 videt
1523 3093 1728 3147 edisse—

165 3203 304 3252 rere,
333 3187 597 3256 quidquid
624 3188 858 3242 maxime
885 3185 1222 3248 incredibile,
1266 3184 1607 3248 maximeque
1631 3183 1726 3234 ab-

161 3281 382 3332 surdum
442 3278 614 3332 videri
663 3286 898 3346 poterat,
955 3275 1087 3330 nihil
1121 3277 1190 3330 ab
1237 3276 1318 3329 eis
1369 3274 1722 3338 dissimulari,

163 3372 363 3424 nullum
393 3371 450 3425 iu
481 3386 669 3426 eorum
723 3370 1001 3441 mysteriis
1051 3369 1230 3424 scelus
1279 3368 1488 3422 admitti
1526 3367 1725 3420 intelli-

161 3473 330 3528 geret.
365 3461 565 3516 Narrat
598 3462 761 3532 igitur
781 3477 971 3530 panem
1003 3476 1067 3514 ac
1091 3460 1340 3528 poculum
1364 3473 1516 3528 aquae
1541 3469 1598 3512 et
1616 3458 1725 3512 vini

159 3558 228 3619 ci,
268 3556 359 3624 qui
394 3555 664 3608 fratribus
691 3563 908 3624 prasest,
927 3563 1049 3623 post
1083 3552 1378 3620 Scriptura:
1407 3552 1722 3614 lectionem,

157 3657 274 3714 post
319 3648 734 3700 adhortationes
762 3659 817 3702 et
861 3660 1051 3714 preces
1082 3643 1300 3710 oﬂ‘erri;
1335 3645 1530 3713 quibus
1563 3658 1724 3698 acce-

159 3744 262 3807 ptis
296 3754 421 3792 eum
465 3740 839 3794 universorum
881 3738 1099 3794 Parenti
1144 3753 1238 3808 per
1273 3753 1468 3792 nomen
1513 3736 1633 3790 Filii
1669 3743 1723 3790 et

161 3833 396 3900 Spiritus
426 3832 599 3886 sancti
642 3832 867 3900 gloriam
917 3842 973 3886 et
1027 3830 1242 3884 laudem
1277 3830 1528 3884 emittere
1549 3838 1604 3883 et
1629 3843 1723 3883 eu-

161 3927 475 3980 rharistiam
507 3925 714 3994 prolixe
744 3924 960 3988 facere;
998 3925 1099 3977 hoc
1123 3923 1436 3977 alimentum
1477 3922 1556 3976 sic
1587 3935 1722 3975 con-

161 4031 436 4072 secratum
468 4035 496 4070 a
531 4017 810 4072 sacerdote
838 4015 1229 4070 eucharistiam
1265 4014 1478 4078 vocari,
1512 4027 1612 4066 nec
1638 4011 1723 4066 fas

160 4128 270 4166 esse
304 4124 360 4165 ut
389 4115 680 4181 quisquam
709 4110 854 4163 illius
904 4110 1175 4178 particeps
1222 4108 1314 4162 ﬁat
1346 4109 1448 4161 nisi
1477 4108 1568 4171 qui
1593 4121 1720 4160 vera

159 4223 271 4258 esse
297 4211 488 4258 credat
518 4219 639 4272 qua:
678 4218 707 4256 a
747 4202 1076 4257 Christianis
1116 4202 1398 4264 docentur,
1425 4210 1478 4254 et
1502 4200 1721 4255 lavacro

161 4307 220 4350 ad
293 4297 668 4350 remissionem
737 4304 1086 4363 peccatorum
1140 4302 1194 4347 et
1249 4293 1719 4356 regenerationem

161 4390 371 4442 ablutus
397 4388 492 4450 sit,
533 4398 697 4456 atque
744 4388 816 4440 ita
872 4386 1036 4439 vitam
1093 4385 1361 4448 instituat,
1390 4392 1446 4438 ut
1474 4384 1720 4438 Christus

160 4478 392 4531 tradidit.
444 4477 556 4531 Cur
600 4485 783 4530 autem
844 4483 994 4530 tanta
1047 4475 1119 4530 sit
1181 4474 1523 4530 eucharistiat
1575 4475 1718 4542 apud

158 4569 493 4623 Christianos
527 4567 856 4626 reverentia,
907 4566 986 4620 sic
1031 4564 1295 4619 rationem
1344 4563 1561 4631 subjicit
1592 4581 1606 4616 :
1643 4563 1718 4615 Οὺ
1751 4573 1794 4629 ι)

159 4664 260 4733 γαρ
283 4663 356 4724 ὡς
386 4663 564 4714 κοινὸν
591 4663 773 4731 ἄρτον,
806 4660 926 4713 οὐδὲ
948 4660 1120 4712 κοινὸν
1148 4659 1297 4729 πόμα
1322 4656 1491 4711 ταῦτα
1511 4655 1720 4726 λαμϐά-

157 4773 312 4824 νομεν
335 4773 346 4784 ·
518 4756 576 4806 ὃν
627 4755 822 4824 τρόπον
874 4753 959 4805 διὰ
988 4753 1154 4820 Λόγον
1201 4751 1334 4804 Θεοῦ
1392 4765 1719 4820 capitonth—

156 4848 259 4910 θεὶς
322 4845 527 4918 Ἰησοῦς
556 4847 785 4917 Χριστὸς
811 4849 838 4898 ὁ
876 4846 1064 4916 Σωτὴρ
1092 4845 1268 4914 ἡμῶν,
1298 4844 1391 4896 καὶ
1422 4842 1598 4913 σάρκα
1624 4840 1717 4894 καὶ

157 4929 314 5001 αἷμα,
343 4935 484 5004 ὑπὲρ
543 4933 810 5003 σωτηρίας
861 4934 1019 5004 ἡμῶν
1063 4934 1238 5003 ἔσχεν,
1283 4932 1453 4994 οὕτως
1500 4933 1588 4984 καὶ
1617 4931 1716 5001 τὴν

155 5027 214 5076 δι’
246 5027 408 5094 εἰδῇς
439 5026 592 5091 λόγου
622 5024 714 5076 τοῦ
745 5025 872 5096 παρ’
903 5024 1065 5077 αὑτοῦ
1089 5023 1567 5094 εὑχαριστηθείσαν
1595 5038 1718 5090 τρο-

159 5119 275 5188 ςὴν.
308 5119 364 5182 ἐξ
402 5115 470 5188 ἦς
512 5114 648 5187 αἷμα
697 5119 788 5171 καὶ
835 5120 1032 5188 σάρκες
1076 5117 1216 5170 κατὰ
1257 5115 1552 5186 μεταϐολὴν
1595 5116 1717 5185 τρέ-

161 5228 335 5276 portat
399 5211 576 5280 ἡμῶν.
626 5212 830 5264 ἐκείνου
877 5210 970 5263 τοῦ
1015 5207 1500 5280 σαρκοποιηθέντος
1542 5207 1714 5277 Ἰησοῦ

160 5305 242 5355 καὶ
279 5307 455 5372 σάρκα
485 5304 576 5355 καὶ
620 5298 759 5374 αἷμα
787 5301 1138 5373 ὲδιὸὡχθημεν
1167 5297 1322 5355 εἶναι.
1356 5303 1418 5354 Οἱ
1447 5301 1555 5372 γὰρ
1583 5300 1717 5352 ἀπό-

163 5396 322 5447 στολοι
350 5398 409 5446 ἐν
438 5399 549 5456 τοῖς
602 5396 906 5465 γενομέναις
955 5397 1045 5446 ὑπ’
1090 5396 1266 5448 αὐτῶν
1299 5395 1717 5466 ἀπομνημονεύ-

165 5507 333 5556 μασιν,
356 5490 389 5543 ἃ
425 5489 663 5542 καλεῖται
684 5489 1006 5556 Εὐαγγέλια,
1041 5487 1211 5550 οὕτως
1236 5487 1556 5557 παρέδωκαν
1577 5491 1718 5539 ἐντε-

163 5583 331 5634 τάλθαι
362 5584 548 5644 αὐτοῖς
573 5599 584 5612 ⁸
622 5583 708 5634 τὸν
744 5582 946 5653 Ἰησοῦν
979 5581 1206 5634 λαϐόντα
1249 5581 1433 5650 ἄρτον,
1495 5581 1713 5651 εὐχαρι-

167 5681 420 5744 πήπντα
462 5678 652 5728 εἰπεῖν’
667 5677 844 5729 Τοῦτο
868 5675 1081 5730 ποιεῖτε
1104 5679 1192 5742 εις
1223 5675 1337 5744 τὴν
1366 5675 1712 5745 ἀνάμνησίν

233 5838 266 5865 ’⁷
299 5836 430 5892 Luc.
465 5854 601 5901 xxii,
634 5839 718 5894 i9.
798 5841 839 5870 ⁸⁸
871 5839 1006 5895 Ibid.

1853 643 2088 702 λαϐόντα
2114 648 2210 702 καὶ
2251 650 2724 722 εὐχαριστήσαντα
2771 656 2964 708 εἰπεῖν·
3000 655 3183 710 Τοῦτό
3198 648 3328 713 ἐστι
3358 661 3429 713 τὸ

1848 732 1993 806 αἷμά
2023 755 2174 808 μου⁸
2200 740 2300 794 ’καὶ
2352 742 2532 812 μόνοις
2568 744 2751 808 αὐτοῖς
2796 747 3135 816 μεταδοῦναι.
3188 769 3207 802 t
3246 749 3429 820 Neque

1849 830 1995 884 enim
2017 841 2434 888 utcommunem
2461 833 2891 909 panem,‘inquit
2916 840 3068 909 Apol.
3090 843 3142 907 l,
3163 857 3307 896 num.
3332 842 3426 906 66-,

1853 934 2028 989 neque
2086 929 2146 976 ut
2185 937 2534 980 communem
2585 915 2796 996 putum.
2827 929 2929 983 ista
2980 932 3266 987 sumimus.
3319 932 3427 990 Sed

1849 1014 2317 1078 quemadmodum
2353 1031 2456 1086 per
2505 1018 2601 1072 Dei
2631 1015 2874 1074 Verbum
2903 1037 3030 1076 caro
3053 1021 3228 1078 Iactus
3267 1022 3426 1082 Iesus

1847 1102 2096 1159 Christus
2135 1102 2387 1162 Salvator
2409 1117 2596 1163 noster
2633 1123 2854 1165 carnem
2878 1122 2933 1165 et
2972 1114 3292 1182 sanguinem
3317 1114 3423 1170 ha-

1847 1194 1963 1250 buit
2005 1203 2209 1252 nostra:
2240 1197 2432 1254 salutis
2462 1214 2660 1259 causa:
2696 1201 2768 1255 ita
2802 1204 2968 1256 etiam
3013 1203 3182 1269 illam,
3214 1206 3269 1258 in
3302 1219 3416 1278 qua

1847 1298 2191 1356 perpreeem
2240 1289 2405 1344 verba
2449 1291 2620 1359 ipsius
2667 1293 3041 1347 continentem
3068 1295 3257 1364 gratia:
3282 1301 3420 1353 acta:

1846 1387 1998 1443 sunt,
2016 1377 2369 1445 alimoniam;
2406 1387 2473 1435 ex
2495 1397 2598 1449 qua
2632 1384 2852 1451 sanguis
2880 1395 2937 1438 et
2956 1399 3090 1440 caro
3117 1397 3302 1441 nostra
3323 1405 3420 1459 per

1849 1471 2209 1528 mutationem
2253 1472 2496 1536 aluntur,
2548 1474 2817 1528 incantati
2869 1473 3016 1532 illius
3049 1475 3175 1533 Iesu
3211 1488 3267 1532 et
3296 1495 3418 1534 car-

1847 1577 1970 1617 nem
1993 1573 2048 1617 et
2072 1563 2395 1632 sanguinem
2424 1560 2743 1620 esse‘edocti
2768 1567 2978 1622 Sumus.
3004 1565 3142 1622 Nam
3183 1559 3422 1638 apostoli

1846 1656 1900 1709 iit
1927 1656 2340 1710 commentariis
2365 1655 2502 1722 suis,
2531 1645 2652 1725 quae
2683 1655 2978 1726 Evangelia
3025 1669 3311 1726 Vocantur,
3337 1663 3418 1718 sic

1844 1747 1946 1803 sibi
1999 1748 2317 1802 mandatum
2365 1761 2489 1804 esse
2542 1741 2918 1807 tradiderunt:
2952 1751 3157 1820 Iesum,
3194 1767 3418 1828 accepto

1842 1851 2009 1906 pane,
2042 1851 2164 1891 cum
2209 1837 2419 1907 gratias
2468 1839 2697 1909 egisset,
2744 1841 2977 1898 dixisse:
3013 1844 3128 1899 Hoc
3161 1846 3321 1914 facile
3357 1851 3414 1904 in

1837 1941 2006 1980 meam
2029 1934 2593 1985 commemorationem
2617 1947 2637 1988 :
2681 1932 2797 1988 Hoc
2815 1933 2890 1990 est
2926 1948 3114 2005 carpas
3146 1955 3316 1993 meum
3335 1941 3412 1996 "2

1847 2020 2096 2075 similiter
2129 2032 2354 2093 accepto
2402 2024 2571 2079 calice
2621 2029 2755 2080 cum
2801 2028 3006 2097 gratias
3054 2031 3273 2098 egisset,
3332 2033 3414 2087 di-

1840 2111 1987 2166 xisse
2015 2130 2028 2166 :
2067 2111 2167 2165 llic
2193 2122 2269 2168 est
2290 2120 2508 2185 sanguis
2539 2119 2786 2184 meus";
2818 2132 2883 2172 ac
2908 2119 3043 2188 ipsis
3074 2121 3207 2176 solis
3239 2122 3411 2177 tradi-

1838 2203 2002 2256 disse.
2041 2219 2060 2254 ι

1911 2294 1972 2349 ll.
2014 2295 2162 2349 Nihil
2193 2295 2353 2351 estin
2385 2295 2488 2351 hoc
2516 2298 2850 2366 testimonio,
2878 2300 3024 2371 quod
3065 2302 3132 2356 ad
3173 2303 3408 2373 ﬁguram

1835 2386 2076 2456 pertrahi
2109 2389 2311 2456 possit;
2345 2389 2478 2444 nihil
2519 2392 2659 2458 quod
2699 2406 2804 2445 non
2836 2398 3272 2450 astruatdiserte
3303 2396 3410 2449 mi-

1838 2477 2068 2532 rabilem
2106 2479 2255 2532 illam
2294 2480 2452 2548 panis
2483 2490 2550 2534 "et
2605 2482 2714 2536 viui
2754 2486 3191 2551 conversionem,
3231 2503 3401 2556 quam

1834 2575 2050 2639 semper
2077 2570 2263 2625 docuit
2310 2571 2580 2627 Ecclesia.
2613 2572 2746 2626 Illud
2782 2575 2834 2628 i°
2873 2592 2940 2630 ex
2981 2575 3176 2632 Iuntini
3222 2579 3405 2636 verbis

1834 2663 2182 2732 perspicitur,
2215 2679 2378 2732 quam
2423 2665 2478 2718 in
2519 2667 2852 2722 sententiam
2881 2668 3174 2723 Christiani
3207 2672 3406 2726 saeculo

1834 2758 2074 2810 secundo
2102 2756 2267 2812 verba
2308 2755 2515 2812 Christi
2570 2759 2905 2829 acciperent.
2935 2760 3104 2817 Nemo
3136 2765 3278 2818 enim
3303 2780 3404 2819 nc-

1838 2856 1967 2916 g'are
1993 2851 2163 2916 possit
2193 2861 2420 2904 necesse
2453 2851 2683 2905 omnino
2712 2851 2901 2918 fuisse,
2931 2855 2976 2908 si
3006 2870 3112 2923 qua
3139 2857 3310 2925 ﬁgura
3345 2861 3402 2914 in

1832 2936 2036 2993 Christi
2074 2940 2258 2994 verbis
2300 2941 2529 3008 latebat,
2564 2951 2622 2996 ut
2666 2943 2718 2996 in
2765 2958 2826 2998 ea
2872 2947 3196 3015 explicanda
3229 2948 3401 3016 pluri-

1831 3044 1979 3084 mum
2011 3045 2191 3100 opera:
2221 3033 2610 3089 insumeretur.
2655 3034 2790 3089 Nam
2827 3039 2869 3091 si
2913 3038 3050 3094 idem
3082 3055 3296 3109 semper
3327 3045 3399 3096 ab

1827 3121 2083 3179 omnibus
2138 3123 2459 3192 dicebatur,
2511 3126 2650 3180 nulla
2697 3126 2959 3195 ejusmodi
3017 3135 3385 3201 explicatiOue

1751 3224 1792 3280 (ζ
1829 3217 2113 3285 adhibita;
2144 3220 2195 3272 si
2217 3220 2530 3276 sacerdotes
2577 3222 2843 3277 docebant
2875 3239 3072 3290 panem
3115 3240 3400 3279 consecra-

1833 3320 1944 3364 tum
1976 3323 2100 3367 esse
2141 3327 2336 3382 corpus
2379 3313 2605 3380 Christi,
2661 3317 2789 3384 quia
2846 3315 3118 3381 Christus,
3172 3331 3401 3388 accepto

1826 3418 1987 3471 pane,
2017 3403 2186 3458 dixit:
2220 3403 2336 3457 Hoc
2365 3413 2442 3458 est
2474 3422 2660 3474 corpus
2712 3424 2924 3473 meum;
2972 3411 3156 3463 vinum
3196 3428 3398 3466 consc-

1827 3504 2040 3549 cratum
2060 3510 2182 3550 esse
2215 3497 2532 3567 sanguinem
2571 3497 2798 3565 Christi,
2840 3503 2963 3567 quia
3000 3503 3234 3556 Verbum
3263 3504 3394 3558 illud

1834 3587 2198 3654 incarnatum,
2234 3598 2456 3658 accepto
2488 3593 2679 3654 calice,
2718 3592 2890 3647 dixit:
2922 3591 3026 3646 Hic
3065 3606 3140 3647 est
3177 3598 3397 3666 sanguis

1826 3693 2008 3741 meus;
2045 3685 2088 3732 si
2116 3678 2407 3734 Christiani
2441 3695 2630 3735 omnes
2661 3681 2797 3735 nihil
2840 3682 2988 3736 aliud
3017 3700 3082 3739 ex
3115 3685 3200 3740 his
3233 3687 3397 3740 Chri-

1824 3769 1893 3820 sti
1949 3769 2130 3822 verbis
2193 3772 2628 3830 conciudebaut.
2670 3777 2774 3826 nisn
2827 3775 3213 3830 eucharistiam
3272 3793 3396 3832 esse

1824 3877 2042 3916 carnem
2081 3879 2136 3917 et
2159 3866 2477 3935 sanguinem
2517 3866 2757 3932 Christi;
2787 3882 2968 3922 nonne
3007 3870 3058 3921 in
3097 3871 3390 3925 certissimi

1823 3954 2076 4022 principii
2125 3954 2249 4010 loco
2295 3965 2536 4013 statuere
2596 3974 2922 4028 possumus,
2985 3959 3124 4013 idem
3183 3975 3395 4017 veteres

1825 4047 2171 4102 Christianos
2209 4047 2506 4104 credidisse
2534 4050 2675 4117 quod
2728 4050 2889 4104 hodie
2919 4052 3194 4105 credimus
3227 4064 3281 4107 et
3310 4065 3390 4107 te-

1823 4137 2060 4192 nemus?
2086 4138 2158 4192 At
2189 4138 2316 4207 quid
2364 4137 2664 4194 Christiani
2710 4141 2908 4196 saaculo
2956 4147 3192 4197 secundo
3215 4149 3388 4199 euoc1i

1823 4228 2055 4295 fuerint,
2089 4229 2218 4298 quid
2255 4244 2323 4284 ex
2352 4230 2555 4285 Christi
2579 4232 2762 4286 verbis
2779 4234 3170 4296 conclusetiut,
3190 4251 3257 4288 an
3285 4253 3393 4288 am-

1823 4323 2046 4393 biguum
2095 4336 2218 4377 esse
2253 4322 2444 4391 possit,
2496 4339 2616 4377 cum
2651 4325 2802 4378 testis
2852 4328 3090 4393 locuples
3141 4328 3391 4381 Iustinus

1820 4432 1885 4470 ex
1912 4431 1977 4471 eo
2003 4417 2145 4485 quod
2171 4413 2420 4470 Christus
2451 4415 2683 4470 dixerit:
2722 4416 2838 4469 Hoc
2865 4428 2938 4470 est
2967 4434 3158 4486 corpus
3178 4436 3386 4482 "leum;

1823 4509 1906 4561 Im:
1956 4517 2032 4561 est
2075 4511 2289 4577 sanguis
2339 4524 2504 4569 meus,
2539 4525 2727 4562 omnes
2764 4509 3093 4562 concludere
3148 4511 3390 4564 declaret

1824 4601 2211 4654 eucharistiam
2240 4614 2361 4654 esse
2408 4615 2628 4654 carnem
2671 4611 2724 4655 et
2754 4603 3072 4661 sanguinem
3107 4603 3263 4657 Verbi
3303 4605 3387 4656 in-

1821 4689 2068 4742 carnali?

1893 4781 1980 4834 lll.
2016 4780 2074 4834 2°
2101 4781 2354 4836 Declarat
2376 4780 2434 4834 S.
2473 4792 2684 4846 martyr
2711 4798 2817 4837 non
2849 4788 3029 4838 minus
3064 4794 3388 4838 constanter

1824 4870 2049 4923 credere
2092 4870 2431 4923 Christianos
2477 4873 2864 4925 eucharistiam
2917 4890 3038 4927 esse
3087 4890 3302 4928 carnem
3332 4887 3386 4930 et

1820 4961 2143 5029 sanguinem
2180 4962 2339 5015 Verbi
2372 4963 2663 5026 incantati,
2711 4977 2872 5031 quam
2928 4970 3098 5034 ipsum
3155 4968 3384 5022 Verbum

1819 5063 2018 5104 nostra:
2039 5053 2231 5106 salutis
2258 5069 2415 5107 causa
2447 5070 2665 5109 carnem
2687 5067 2738 5108 et
2768 5061 3083 5126 sanguinem
3109 5060 3381 5116 habuisse.

1820 5142 2278 5204 Quemadmodum
2321 5143 2477 5197 Iesus
2532 5145 2772 5199 Christus
2809 5165 3020 5202 carnem
3077 5161 3122 5203 et
3175 5155 3386 5221 sangui-

1820 5252 1934 5287 nem
1979 5235 2163 5287 habuit
2200 5245 2393 5290 nostrae
2435 5237 2618 5290 salutis
2643 5256 2826 5305 causa,
2859 5240 2933 5292 ita
2959 5243 3116 5293 etiam
3143 5260 3254 5294 eam
3281 5246 3386 5296 ali-

1818 5327 2050 5378 moniam
2090 5327 2357 5380 incantati
2400 5328 2545 5381 illius
2592 5328 2720 5382 Jesu
2769 5347 2976 5384 carnem
3003 5343 3048 5384 et
3073 5336 3384 5401 sanguinem

1817 5433 1928 5470 esse
1975 5419 2149 5472 edocti
2174 5435 2376 5475 sumus.
2410 5419 2692 5473 Manifesta
2739 5423 3079 5490 comparatio
3104 5425 3385 5491 utriusque

1816 5509 2086 5576 mysterii,
2112 5509 2509 5563 incarnationis
2538 5519 2591 5564 et
2631 5510 2996 5565 eucharistite.
3031 5515 3234 5567 Christi
3272 5532 3389 5568 car-

1818 5615 1939 5653 nem
1997 5611 2124 5656 tunc
2179 5602 2567 5673 impugnabant
2616 5619 2805 5659 omnes
2851 5605 2965 5659 fere
3009 5606 3282 5670 ha:reses;
3329 5620 3387 5661 ut

1816 5695 2064 5748 omittam
2101 5695 2264 5748 Deum
2300 5696 2645 5750 iucarnatum
2685 5695 2922 5750 ethnicis
2954 5711 3166 5765 semper
3206 5709 3259 5750 ct
3287 5697 3384 5751 Ju-
