4120 6442
729 421 794 472 ”
1647 406 1702 458 S.
1742 402 2074 461 JUSTINUS
2108 401 2587 456 PHILOSOPHUS
2613 401 2697 454 ΕΤ
2739 400 3046 454 MARTYR.
3880 399 3954 454 68

735 539 864 590 dst
903 532 1262 602 displicuisse.
1318 529 1382 580 At
1408 544 1517 596 quo
1543 528 1774 592 majores
1809 526 2204 576 incredulorum
2233 524 2282 574 in
2315 529 2362 582 Α
2393 522 2507 574 vide
2541 521 2971 574 dissertationem
3005 519 3038 572 5
3077 519 3129 569 in
3177 515 3342 577 Iren.,
3375 523 3474 570 art.
3512 515 3562 576 7,
3597 532 3650 568 n.
3684 514 3750 567 Μ
3779 525 3833 568 et
3857 513 3949 569 95.

733 631 832 680 hoc
879 623 1134 693 mysterio
1177 622 1471 671 eVertendo
1516 628 1764 675 conatus,
1798 631 1863 668 eo
1894 616 2062 682 major
2099 615 2150 667 in
2196 615 2288 666 de-

733 717 1000 770 fendendo
1031 712 1427 766 catholicorum
1457 710 1780 761 constantia.
1818 706 1949 760 Num
1988 721 2118 773 ergo
2151 705 2289 758 anti-

731 825 850 876 qua?
893 808 1012 861 ﬁdei
1064 807 1327 858 illustrius
1399 801 1764 853 testimonium
1821 799 2022 863 requiri
2094 798 2282 863 possit,

731 916 892 969 quam
934 900 1032 950 hoc
1082 894 1317 949 Justiui?
1360 891 1414 944 Si
1457 891 1850 944 eucharistiam
1893 890 2134 941 absentis
2167 904 2288 940 cor-

733 994 877 1060 poris
900 990 1124 1057 ﬁguram
1153 1002 1270 1039 esse
1303 986 1691 1044 existimasset,
1720 997 1784 1034 an
1809 981 2149 1034 Christianos
2180 994 2290 1033 cre-

732 1087 860 1138 dere
882 1084 1127 1143 dixisset,
1155 1094 1347 1148 panem
1378 1090 1432 1131 et
1460 1078 1642 1129 vinum
1680 1086 1799 1144 post
1823 1073 2286 1128 consecrationem

729 1193 852 1230 esse
879 1188 1094 1229 carnem
1127 1183 1180 1226 et
1218 1172 1536 1240 sanguinem
1581 1169 1814 1231 Domini,
1840 1168 2286 1236 quemadmodum

730 1268 982 1321 Christus
1017 1280 1118 1317 non
1155 1263 1383 1316 formam
1421 1271 1475 1315 et
1507 1260 1730 1330 ﬁguram
1759 1259 1942 1312 carnis
1979 1270 2030 1311 et
2068 1260 2286 1327 sangui-

732 1360 838 1415 nis,
872 1365 926 1407 ut
959 1364 1037 1405 tot
1091 1354 1324 1406 haereses
1375 1349 1674 1416 ﬁngebant,
1717 1350 1809 1402 sed
1841 1363 2023 1402 veram
2068 1362 2286 1401 carnem

734 1460 1026 1511 verumque
1063 1443 1377 1510 sanguinem
1416 1439 1638 1494 habuit?

802 1536 888 1589 IV.
923 1536 977 1588 3°
1011 1533 1168 1587 Verbi
1201 1532 1646 1598 omnipotentiam
1693 1543 1797 1582 non
1836 1529 2012 1581 minus
2056 1529 2288 1581 admira-

732 1639 819 1682 tur
869 1626 928 1680 S.
976 1636 1180 1695 martyr
1229 1625 1282 1678 in
1323 1623 1674 1686 eucharistia,
1726 1636 1886 1688 quam
1927 1623 1977 1673 in
2036 1623 2287 1674 lncarna-

732 1722 900 1775 tione.
952 1717 1044 1771 His
1088 1718 1229 1769 enim
1277 1715 1492 1768 verbis:
1534 1713 1636 1766 Per
1669 1710 1893 1765 Verbum
1928 1713 2022 1766 Dei
2060 1729 2181 1764 caro
2213 1713 2289 1778 [a-

729 1822 842 1865 ctus
889 1809 1044 1862 Iesus
1091 1807 1358 1870 Christus,
1390 1819 1627 1874 persona
1661 1804 1822 1858 Verbi
1866 1819 1970 1857 non
2003 1812 2286 1871 separatur

731 1903 799 1956 ab
835 1901 1056 1956 homine
1088 1916 1154 1953 ex
1187 1898 1405 1969 Virgine
1435 1897 1638 1965 genito,
1691 1911 1789 1948 nec
1821 1895 1927 1947 ulla
1961 1895 2118 1962 hujus
2139 1910 2287 1948 erro-

730 1993 806 2046 ris
837 1992 889 2043 in
923 1989 988 2044 S.
1020 2001 1259 2058 martyre
1307 1987 1582 2054 suspicio;
1637 1987 1731 2040 sed
1780 1986 1916 2038 idem
1969 1985 2055 2038 hic
2110 1986 2285 2047 docet,

728 2087 872 2155 and
898 2093 976 2138 tot
1001 2083 1122 2136 aliis
1153 2084 1304 2140 locis.
1334 2082 1510 2149 ipsum
1538 2077 1770 2132 Verbum
1803 2078 1902 2131 sibi
1924 2079 1974 2130 in
1997 2088 2148 2131 utero
2177 2079 2292 2132 Vir-

729 2176 873 2244 ginis
907 2188 1126 2226 carnem
1167 2171 1454 2225 formasse.
1511 2169 1871 2235 Quamobrem
1915 2171 1968 2221 in
1996 2185 2059 2222 eo
2087 2170 2290 2222 eucha-

730 2266 936 2318 ristiam
960 2279 1081 2316 cum
1111 2263 1489 2316 Incarnatione
1534 2270 1840 2328 comparat,
1865 2261 2006 2329 quod
2031 2262 2290 2329 quemad-

729 2356 948 2411 modum
987 2355 1039 2407 in
1070 2355 1448 2408 lncarnatione
1496 2369 1623 2407 caro
1655 2353 1816 2407 Verbi
1852 2355 1919 2407 ab
1967 2353 2082 2422 ipso
2111 2351 2289 2406 Verbo

730 2462 930 2514 corpus
962 2457 1269 2501 assumente
1307 2445 1550 2514 perfecta
1579 2455 1684 2508 cst,
1717 2430 1791 2498 ita
1816 2445 1977 2498 etiam
2011 2445 2061 2497 in
2092 2446 2292 2497 eucha-

735 2535 886 2591 ristia
921 2538 1078 2605 panis
1103 2548 1159 2591 et
1186 2537 1369 2589 vinum
1403 2551 1538 2591 caro
1565 2546 1618 2589 et
1642 2536 1858 2605 sanguis
1895 2534 2028 2588 ﬁant
2053 2551 2144 2601 per
2171 2550 2291 2602 pre-

732 2641 842 2678 cem
877 2628 1029 2679 verba
1063 2627 1228 2693 ipsius
1278 2628 1650 2693 continentem,
1695 2626 1749 2680 id
1778 2635 1862 2681 est
1893 2625 2288 2694 omnipotentia

732 2717 976 2784 ejusdem
1011 2716 1197 2777 Verbi,
1237 2715 1390 2784 cujus
1421 2719 1584 2772 verba
1626 2719 1845 2772 exhibet
1875 2719 2135 2786 precatio.
2161 2717 2290 2771 Cre-

732 2810 893 2862 debat
933 2824 1064 2877 ergo
1093 2808 1336 2865 Justinus
1376 2825 1594 2864 carnem
1640 2811 1839 2866 Christi
1874 2813 2063 2865 eadem
2112 2813 2282 2864 omni-

729 2901 996 2969 potentia,
1022 2915 1126 2969 qua
1154 2899 1206 2954 in
1244 2911 1397 2954 utero
1428 2901 1664 2970 Virginis
1713 2902 1940 2956 formata
1970 2910 2074 2967 est,
2117 2902 2168 2954 in
2196 2917 2282 2954 eu-

729 2991 1002 3047 charistize
1033 3001 1375 3044 sacramento
1408 3001 1728 3060 prresentem
1762 2993 1983 3062 apponi.

800 3085 863 3136 ιο
890 3083 1133 3137 Justinus
1176 3084 1530 3152 imperatores
1574 3082 1971 3150 alloquebatur,
1997 3097 2134 3152 quos
2163 3097 2288 3152 per-

732 3178 910 3244 magni
965 3178 1225 3229 intererat
1270 3180 1335 3229 de
1383 3175 1546 3230 rebus
1594 3174 2028 3229 Christianorum
2067 3185 2189 3242 apte
2235 3186 2289 3228 et

731 3266 968 3318 dilucide
1004 3268 1242 3332 erudiri;
1296 3269 1493 3335 quippe
1536 3283 1656 3320 cum
1718 3267 1984 3320 hactenus
2033 3267 2096 3320 de
2133 3266 2292 3320 Chri-

730 3357 921 3410 stianis
944 3372 1008 3409 ex
1039 3358 1224 3425 iniquo
1259 3373 1477 3412 rumore
1523 3359 1929 3424 dijudicassent.
1964 3358 2143 3423 Quare
2185 3373 2292 3410 ma-

733 3461 832 3514 gna
865 3448 1048 3500 cautio
1089 3447 1316 3508 exstitit,
1351 3461 1417 3500 ne
1447 3456 1542 3498 aut
1578 3447 1835 3500 latentem
1867 3447 1918 3499 in
1946 3446 2144 3500 Christi
2169 3461 2284 3498 ver-

734 3538 816 3590 bis
867 3538 1090 3606 tiguram
1141 3554 1244 3592 non
1279 3539 1548 3602 viderent,
1581 3539 1626 3591 si
1672 3552 1869 3606 corpus
1915 3537 2114 3590 Christi
2163 3552 2290 3590 vere

732 3629 1073 3682 eucharistite
1121 3638 1467 3683 sacramento
1523 3644 1630 3683 non
1681 3631 2015 3691 continetur,
2070 3637 2194 3688 aut,
2243 3628 2287 3678 si

733 3737 861 3776 vere
891 3723 1218 3784 continetur,
1269 3736 1336 3775 ne
1362 3732 1526 3776 totam
1557 3737 1692 3783 rem,
1724 3732 1780 3773 ut
1805 3719 2038 3774 fabulam
2070 3719 2286 3785 anilem,

735 3813 1048 3882 rejicerent.
1101 3815 1284 3869 Primo
1327 3814 1671 3868 incommodo
1703 3813 1860 3866 facile
1888 3813 2101 3866 occurri
2134 3822 2287 3878 pote-

737 3913 854 3957 rat:
894 3914 1101 3957 tantuni
1152 3919 1314 3958 voces
1371 3903 1672 3971 explicaret
1703 3901 1968 3966 Justinus,
2026 3902 2156 3955 nihil
2200 3917 2290 3954 su-

732 4007 952 4065 pererat
978 3998 1219 4060 absurdi,
1248 3998 1340 4051 sed
1371 3999 1544 4051 soluta
1573 4009 1624 4051 et
1647 3995 1892 4064 expedita
1918 3994 2287 4048 erantomnia.

735 4088 815 4141 Ad
837 4087 1066 4141 alterum
1100 4099 1278 4141 autem
1315 4089 1721 4157 requirebatur,
1754 4099 1810 4141 ut
1843 4089 1942 4140 hoc
1976 4087 2288 4154 mysterium

735 4194 840 4233 non
874 4179 991 4232 sine
1027 4170 1714 4249 certissimis'argumentis
1743 4193 1772 4230 a
1801 4178 2122 4231 Christianis
2141 4177 2287 4231 credi

736 4272 1135 4326 demonstraret

807 4362 995 4416 Utram
1029 4361 1415 4417 viam-secutus
1445 4363 1518 4416 sit
1539 4362 1592 4416 in
1619 4362 1872 4430 ambiguo
1910 4374 2030 4415 esse
2058 4375 2162 4414 non
2194 4374 2290 4429 po-

739 4461 862 4506 test.
897 4450 1173 4519 Nusquam
1207 4453 1353 4506 enim
1386 4453 1453 4507 ad
1496 4468 1613 4506 eam
1644 4455 1719 4507 rei
1749 4453 2080 4520 explicanda:
2124 4454 2290 4504 ratio-

739 4559 860 4597 nem
897 4545 1203 4610 descendit,
1245 4559 1366 4613 qua:
1418 4555 1524 4599 tam
1567 4545 1742 4600 facilis
1771 4554 1987 4616 tamque
2014 4546 2286 4613 expedita,
2322 4531 2369 4589 Ι)

738 4649 802 4687 ac
829 4636 984 4688 simul
1020 4647 1126 4690 tam
1156 4638 1461 4692 necessaria
1491 4636 1702 4705 luisset,
1728 4649 1786 4692 ut.
1809 4654 1997 4706 panem
2028 4649 2082 4692 et
2105 4639 2289 4690 vinum

738 4739 866 4780 vere
911 4741 1107 4797 corpus
1151 4729 1360 4783 Christi
1413 4747 1516 4784 non
1563 4747 1704 4794 esse,
1742 4733 1836 4785 sed
1865 4733 1929 4784 ad
1961 4733 2064 4785 hoc
2091 4745 2292 4798 corpus

740 4818 1153 4886 signiﬁcandum
1188 4821 1429 4875 adhiberi
1470 4822 1809 4876 admoneret.
1858 4820 2000 4875 Nihil
2025 4820 2290 4889 ejusmodi

741 4907 942 4960 factmn
975 4926 1002 4959 a
1034 4907 1092 4962 S.
1128 4921 1398 4979 martyre;
1441 4911 1536 4965 sed
1565 4913 1620 4965 in
1651 4913 1700 4965 id
1731 4921 1874 4967 totus
1910 4911 2195 4976 incumbit,
2237 4920 2294 4964 ut

742 4998 846 5052 hoc
898 5003 1210 5069 mysterium
1247 5017 1348 5053 non
1381 5002 1497 5055 sine
1540 5003 1875 5070 gravissimis
1921 5004 2102 5057 causis
2145 5003 2292 5057 credi

742 5090 1099 5145 demonstret.
1149 5091 1263 5144 lino
1313 5093 1733 5161 requirebantur
1786 5093 1838 5148 in
1893 5109 1955 5147 re
2007 5095 2140 5148 tanti
2179 5109 2295 5148 mo-

742 5183 906 5236 menti
927 5198 938 5230 :
956 5184 1149 5251 primo,
1175 5192 1232 5235 ut
1257 5185 1596 5252 omnipotens
1617 5185 1709 5250 sit,
1729 5185 1817 5254 qui
1833 5200 1951 5240 eam
1977 5201 2005 5240 a
2033 5201 2091 5242 se
2109 5187 2292 5254 perﬁci

743 5273 988 5334 dixerat;
1043 5273 1235 5330 deinde
1280 5285 1337 5328 ut
1366 5277 1507 5329 nulla
1537 5277 1650 5344 ejus
1689 5278 1874 5332 verbis
1927 5279 2055 5333 insit
2101 5280 2295 5332 obscu-

743 5364 895 5419 ritas.
953 5365 1198 5434 Utroque
1251 5379 1564 5436 argumento
1613 5369 1802 5423 nititur
1844 5367 2108 5435 Justinus,
2161 5372 2289 5424 dum

742 5455 1173 5509 Christianorum
1212 5457 1368 5513 ﬁdem
1416 5459 1540 5513 inde
1591 5461 1809 5529 repetit,
1855 5463 1998 5531 quod
2051 5463 2292 5516 Verbum

745 5547 893 5610 illud,
932 5546 1072 5614 quod
1101 5548 1201 5601 sibi
1235 5551 1285 5602 in
1311 5561 1464 5605 utero
1499 5551 1736 5621 Virginis
1768 5569 1984 5608 carnem
2013 5554 2289 5618 formavit,

743 5650 964 5708 accepto
1000 5656 1152 5709 pane,
1208 5643 1436 5700 dixerit:
1486 5644 1599 5698 Hoc
1627 5658 1702 5699 est
1748 5662 1933 5715 corpus
1978 5664 2184 5714 meum;
2217 5662 2289 5715 et,

746 5741 964 5798 accepto
993 5731 1200 5786 calice:
1237 5732 1335 5785 Hic
1367 5747 1440 5787 est
1481 5739 1694 5805 sanguis
1736 5756 1901 5796 meus.
1958 5742 2074 5807 Quo
2132 5759 2294 5796 senstt

748 5837 844 5877 nos
897 5823 1219 5880 eucharistia
1254 5828 1319 5881 ali
1366 5831 1574 5894 doceat,
1625 5831 1804 5886 itidem
1855 5843 1911 5887 ut
1946 5835 2033 5888 alii
2078 5835 2291 5903 Patres,

2464 613 2526 664 V.
2571 613 2627 664 Si
2667 612 2881 665 Justino
2941 612 3190 664 ethnicos
3241 611 3534 678 alloquenti
3587 610 3745 661 talem
3793 623 3954 660 usum

2390 705 2621 773 prebuit
2660 706 2986 758 eucharistia
3012 721 3026 768 ;
3053 714 3265 770 ‘qnanto
3299 702 3468 771 magis
3497 703 3755 754 advorsus
3779 700 3957 753 hare-

2393 800 2527 851 ticos
2561 798 2816 850 scribenti
2853 812 3002 849 arma
3056 795 3406 854 ministravit,
3443 809 3671 861 quorum
3706 792 3769 843 ad
3799 806 3958 844 erro-

2390 903 2477 940 res
2517 886 2877 955 proﬁigandos
2945 888 3183 938 maxime
3234 883 3477 952 apposita
3517 881 3636 935 est?
3671 880 3957 949 Negabant

2390 978 2462 1029 illi
2499 976 2772 1031 Christum
2806 977 2986 1029 mundi
3018 975 3296 1028 Creatoris
3321 972 3512 1027 Filium
3537 985 3690 1024 esse:
3720 970 3810 1023 sed
3844 965 3953 1020 Pa-

2391 1077 2529 1120 trem
2558 1066 2758 1120 Christi
2786 1066 2951 1120 Deum
2982 1063 3267 1132 quemdam
3321 1071 3570 1115 creatore
3593 1057 3952 1113 excelsiorem

2391 1159 2494 1213 sibi
2527 1158 2815 1225 ﬁngebant.
2868 1159 2937 1211 At
2980 1156 3248 1226 quomodo
3275 1154 3523 1208 Christus
3551 1151 3724 1204 aliena
3761 1160 3814 1203 ct
3836 1165 3864 1200 a
3893 1164 3956 1203 se

2391 1268 2496 1305 non
2548 1262 2728 1304 creata
2780 1252 2844 1304 ad
2898 1251 3364 1304 consecrationem
3413 1246 3758 1300 eucharistiae
3793 1243 3956 1296 adhi-

2390 1345 2630 1399 buisset?
2663 1341 2943 1412 Negabant
2988 1344 3171 1395 carnis
3205 1343 3680 1394 resurrectionem.
3715 1339 3783 1391 At
3807 1350 3954 1404 quo-

2391 1438 2546 1488 modo
2570 1451 2719 1497 caro,
2754 1450 2870 1502 qua:
2917 1447 3147 1500 corpore
3181 1443 3235 1486 et
3277 1433 3544 1500 sanguine
3578 1429 3789 1484 Domini
3853 1437 3961 1492 pa—

2385 1525 2794 1584 scitur.zetertto
2828 1526 3038 1578 addicta
3086 1539 3204 1576 esse
3249 1525 3414 1591 possit
3461 1522 3744 1575 interitui?
3773 1519 3956 1587 Nega-

2390 1620 2517 1672 bant
2548 1632 2730 1670 veram
2790 1633 3008 1672 carnem
3046 1632 3073 1669 a
3119 1618 3338 1669 Christo
3391 1627 3745 1684 assumptam.
3797 1612 3954 1664 Hanc

2389 1727 2602 1780 quoque
2653 1698 2984 1777 impietatem
3019 1711 3295 1762 refellebat
3328 1709 3684 1772 eucharistia,
3721 1720 3836 1773 quae
3864 1715 3955 1757 est

2390 1804 2808 1859 communicatio
2865 1805 3104 1871 corporis
3140 1815 3193 1856 et
3221 1805 3494 1875 sanguinis
3529 1801 3752 1855 Christi.
3809 1799 3954 1853 San-

2389 1900 2504 1967 guis
2537 1899 2672 1949 enim
2712 1913 2812 1948 non
2843 1905 2915 1947 est
2947 1896 3047 1946 nisi
3084 1914 3114 1946 α
3155 1899 3294 1947 venis
3333 1907 3376 1947 et
3409 1898 3659 1947 carnibus
3689 1906 3734 1947 et
3759 1911 3789 1945 α
3823 1893 3955 1944 reli-

2387 2006 2509 2058 qua,
2555 2005 2671 2055 quin
2720 1991 3004 2041 secundum
3053 1991 3310 2039 hominem
3340 2000 3438 2050 est,
3467 1988 3782 2044 substantia,
3829 2001 3955 2051 qua

2389 2096 2498 2132 vere
2537 2081 2734 2145 factum
2767 2091 2840 2131 est
2881 2077 3103 2130 Verbum
3137 2078 3249 2139 Dei,
3283 2079 3455 2142 inquit
3482 2077 3738 2140 Ινριιςυιις,
3771 2077 3862 2129 lib.
3896 2091 3954 2138 ν,

2387 2187 2436 2226 c.
2463 2172 2517 2223 2.
2557 2171 2670 2224 Non
2712 2173 2931 2224 dubium
2961 2173 3125 2237 igitur
3147 2171 3274 2238 quin
3310 2169 3365 2222 S.
3394 2181 3599 2239 martyr
3628 2171 3741 2222 haec
3787 2184 3956 2238 argu-

2390 2274 2566 2316 menta
2588 2262 2985 2315 antelrenaaum
3022 2272 3074 2314 et
3098 2260 3490 2314 Tertulli-anum
3523 2260 3956 2328 frequentaverit

2392 2362 2500 2404 tum
2529 2354 2582 2405 in
2616 2353 2752 2406 libro
2779 2363 2971 2406 contra
3006 2352 3358 2430 Marcioiiem,
3406 2361 3513 2404 tum
3543 2353 3597 2404 in
3622 2352 3728 2403 alio
3755 2355 3956 2404 adver—

2389 2459 2480 2496 sus
2501 2458 2693 2496 omnes
2735 2445 2972 2498 hmreses
3001 2445 3226 2512 scripto.
3273 2450 3451 2509 Quare
3494 2459 3595 2497 non
3639 2444 3769 2496 mihi
3803 2444 3958 2496 vide-

2389 2534 2488 2588 bor
2521 2535 2588 2588 ab
2616 2536 2760 2589 illius
2786 2536 3138 2591 defendenda:
3164 2539 3426 2591 doctrinm
3471 2541 3750 2605 proposito
3775 2536 3960 2591 disce-

2389 2627 2537 2688 dere,
2571 2627 2614 2681 si
2653 2629 2752 2682 hoc
2807 2629 2924 2682 loco
2967 2630 3266 2697 explanare
3303 2629 3588 2699 aggrediar
3623 2631 3730 2682 duo
3768 2630 3957 2698 magni

2389 2720 2646 2774 momenti
2693 2721 3026 2786 testimonia,
3076 2720 3306 2773 alterum
3357 2722 3414 2774 S.
3458 2721 3670 2785 lrenazi,
3720 2720 3956 2773 alterum

2389 2811 2732 2874 Tertulliani,
2771 2829 2891 2882 quae
2920 2815 3020 2867 etsi
3049 2823 3300 2866 strenuos
3325 2814 3640 2867 defensores
3688 2811 3957 2872 habuere,

2388 2907 2642 2960 videntur
2688 2915 2865 2959 tamen
2915 2905 3226 2958 uberiorem
3277 2905 3450 2958 lucem
3491 2905 3558 2958 ad
3595 2912 3961 2957 contextuum

2391 2997 2804 3065 intelligentiam
2856 2996 3154 3064 requirere.
3204 2994 3472 3048 Praeterea
3523 2994 3623 3046 hac
3667 2992 3849 3045 lrenmi
3897 3002 3959 3044 et

2392 3085 2713 3138 Tertulliani
2750 3087 3011 3138 adversus
3037 3100 3154 3145 eos,
3183 3084 3270 3150 qui
3322 3098 3542 3136 carnem
3571 3082 3772 3136 Christi
3798 3098 3963 3150 nega-

2340 3199 2358 3251 ;
2392 3179 2540 3235 bant.
2567 3176 2933 3246 disputatione
2978 3177 3028 3228 in
3067 3185 3181 3228 tuto
3209 3176 3566 3228 collocabitur
3590 3175 3963 3242 Athenagora:

2389 3271 2660 3333 doctrina,
2686 3283 2846 3338 quem
2879 3268 3074 3320 Petrus
3110 3267 3253 3320 Allix
3294 3281 3322 3319 a
3351 3267 3670 3333 corporibus
3697 3267 3960 3319 redivivis

2389 3360 2706 3427 sanguinem
2739 3360 3054 3421 removisse,
3085 3373 3150 3411 ac
3179 3357 3232 3410 in
3269 3357 3602 3412 eucharistia
3632 3358 3960 3426 sanguinem

2388 3452 2587 3505 Christi
2618 3467 2720 3503 non
2749 3453 3038 3520 agnovisse
3064 3451 3362 3504 contendit.

2460 3542 2550 3595 Sic
2575 3543 2737 3608 igitur
2770 3543 3019 3604 lrenzeus,
3047 3543 3139 3595 lib.
3167 3557 3239 3604 tv,
3264 3555 3312 3593 c.
3344 3539 3432 3604 18,
3453 3557 3508 3595 n.
3539 3541 3571 3594 5
3595 3557 3607 3594 :
3630 3539 3822 3602 Πῶς...
3855 3542 3962 3612 τὴν

2391 3636 2564 3708 σάρκα
2596 3632 2843 3701 λέγουσιν
2872 3636 2951 3694 εἰς
2981 3633 3184 3702 φθορὰν
3213 3637 3427 3703 χωρεῖν,
3473 3635 3566 3687 καὶ
3608 3635 3680 3703 μὴ
3713 3632 3962 3702 μετέχειν

2388 3729 2482 3794 τῆς
2513 3726 2675 3795 ζωῆς,
2706 3725 2802 3796 τὴν
2835 3726 2942 3777 ἀπὸ
2973 3725 3065 3777 τοῦ
3095 3725 3341 3794 σώματος
3370 3724 3462 3778 τοῦ
3484 3726 3706 3795 Κυρίου,
3739 3731 3834 3778 καὶ
3859 3726 3961 3778 τοῦ

2388 3820 2612 3888 αἵματος
2655 3818 2818 3872 αὑτοῦ
2853 3821 3184 3890 τρεφομένην
3209 3838 3222 3884 ;
3252 3821 3283 3891 ἢ
3318 3820 3412 3890 τὴν
3460 3813 3686 3890 γνώμην
3728 3819 3964 3883 ἀλλαξά-

2388 3912 2708 3980 τωσαν,ἣτὸ
2743 3913 3063 3983 προσφέρειν
3083 3912 3150 3964 τὰ
3179 3913 3438 3983 εἰρημένα
3467 3913 3960 3984 παραιτείσθωσαν.

2402 4001 2582 4070 Ἠμῶν
2595 4001 2650 4052 δὲ
2665 4001 2946 4070 σύμφωνος
2964 4005 2997 4071 ὴ
3012 4001 3198 4072 γνώμη
3212 4005 3276 4072 τῇ
3294 4003 3633 4073 εὐχαριστίᾳ,
3648 4003 3785 4072 καὶὴ
3805 4003 3962 4073 εὐχαρ

2391 4091 2857 4164 ριστία...βε6αιοῖ
2876 4094 2974 4163 τὴν
3003 4093 3682 4164 γνὼμην...προσφέρομεν
3721 4097 3772 4149 δὲ
3810 4094 3964 4165 αὑτῷ

2391 4184 2456 4235 τὰ
2480 4182 2603 4245 ἴδια,
2625 4183 2872 4252 ἐμμελῶς
2891 4185 3170 4238 κοινωνίαν
3187 4186 3279 4239 καὶ
3299 4186 3489 4239 ἕνωσιν
3501 4187 3959 4254 ἀπαγγέλλοντες,

2391 4277 2484 4328 κα)⁵
2517 4275 2900 4346 ὁμολογοῦντες
2959 4279 3157 4349 σαρκὸς
3214 4279 3307 4331 καὶ
3360 4279 3665 4349 πνεύματος
3719 4278 3956 4348 ἔγερσιν.

2404 4369 2488 4432 Ὠς
2517 4370 2624 4440 γὰρ
2657 4372 2763 4423 ἀπὸ
2791 4372 2893 4439 γῆς
2939 4372 3099 4440 ἄρτος
3159 4372 3704 4441 προσλαμϐάνομενος
3736 4372 3832 4441 τὴν
3867 4372 3965 4425 ἐκ-

2392 4461 2579 4531 κλησιν
2601 4463 2691 4513 τοῦ
2723 4463 2877 4525 Θεοῦ,
2913 4464 3093 4515 οὐκέτι
3129 4464 3300 4525 κοινὸς
3333 4463 3494 4533 ἄρτος
3528 4463 3693 4526 ἐστὶν,
3729 4461 3841 4515 ἀλλ’
3877 4464 3966 4514 εὑ-

2393 4554 2664 4623 χαριστία,
2683 4557 2745 4606 ἐκ
2762 4555 2852 4606 δύο
2870 4555 3205 4624 πραγμάτων
3226 4557 3603 4624 συνεστηκυῖα,
3624 4555 3864 4621 ἐπιγείου
3898 4573 3963 4609 τε.

2392 4646 2484 4696 καὶ
2512 4646 2757 4714 οὐρανίου
2783 4663 2796 4675 ’
2829 4646 2998 4709 οὕτως
3020 4648 3110 4698 καὶ
3135 4647 3200 4699 τὰ
3237 4646 3462 4716 σώματα
3496 4648 3651 4718 ἡμῶν
3685 4649 3964 4719 μεταλαμ-

2391 4737 2619 4788 ϐάνοντα
2645 4738 2741 4806 τῆς
2775 4739 3139 4807 εὐχαριστίας,
3171 4735 3698 4810 μηκέτιεῖναι(ὲστὶ)
3721 4740 3959 4811 φθαρτὰ,

2391 4831 2489 4901 τὴν
2547 4831 2732 4883 ἐλπίδα
2795 4832 2892 4901 τῆς
2941 4833 3019 4893 εἰς
3074 4832 3276 4893 αἰῶνας
3335 4833 3684 4896 ἀναστάσεως
3740 4833 3957 4903 ἔχοντα.

2400 4944 2418 4975 ι
2452 4926 2733 4990 Quomodo
2781 4937 2961 4978 autem
3013 4942 3200 4980 rursus
3241 4928 3428 4980 dicunt
3470 4943 3688 4982 carnem
3732 4928 3784 4981 in
3833 4942 3962 4981 cor-

2395 5018 2703 5084 rnptionem
2741 5019 3020 5082 devenire,
3048 5030 3098 5073 et
3134 5035 3237 5073 non
3286 5022 3566 5087 percipere
3599 5022 3786 5087 vitam,
3836 5038 3963 5090 quae

2396 5122 2626 5175 corpore
2654 5107 2866 5161 Domini
2911 5123 2967 5162 et
3015 5110 3275 5179 sanguine
3310 5113 3668 5181 alitur?Ergo
3699 5123 3793 5165 aut
3829 5127 3960 5166 sen-

2397 5199 2622 5251 tentiam
2661 5209 2874 5251 mutent
2898 5211 2992 5254 aut
3037 5202 3345 5255 abstineant
3374 5202 3649 5256 oﬁerendo
3683 5219 3803 5271 qua:
3829 5220 3967 5272 pra}-

2397 5291 2537 5343 dicm
2571 5299 2717 5345 sunt.
2753 5290 2948 5344 Nostra
2999 5304 3177 5347 autem
3225 5307 3532 5348 consonans
3566 5306 3650 5348 est
3685 5298 3963 5350 sententia

2394 5381 2758 5445 eucharistite,
2795 5393 2848 5435 et
2888 5383 3218 5436 eucharistia
3272 5401 3456 5439 rursus
3508 5388 3800 5439 conﬁrmat
3835 5402 3965 5440 sen-

2397 5473 2622 5525 tentiam
2658 5483 2918 5526 nostram.
2955 5473 3242 5529 OlTerimus
3272 5479 3413 5530 enim
3441 5479 3488 5531 ei
3523 5494 3641 5546 quae
3669 5488 3794 5532 sunt
3817 5479 3961 5547 ejus,

2396 5574 2758 5632 congruenter
2805 5568 3352 5622 communicationem
3387 5581 3440 5622 et
3481 5571 3737 5623 unitatem
3769 5574 3963 5638 pnedi-

2397 5668 2580 5710 cantes
2615 5655 2822 5727 [erce
2873 5658 3198 5712 conﬁtentes
3250 5662 3728 5734 resurrectionem]
3777 5670 3961 5720 carnis

2397 5757 2453 5800 et
2508 5749 2751 5816 spiritus.
2795 5749 3265 5815 Quemadmodum
3323 5757 3460 5808 cnim
3498 5754 3593 5824 qui
3622 5765 3704 5810 est
3744 5772 3772 5808 a
3817 5766 3962 5811 terra

2397 5840 2568 5906 panis,
2606 5840 2909 5910 percipiens
2943 5844 3340 5900 invocationem
3374 5847 3485 5910 Dei,
3525 5843 3637 5912 jam
3667 5862 3772 5901 non
3812 5863 3962 5901 com-
