4120 6456
189 416 256 477 69
1218 418 1280 474 ι).
1317 416 1581 477 MARANI
1621 419 2018 477 PREFATIO.
2053 451 2122 462 —
2156 418 2334 474 PARS
2364 414 2427 474 ll.
3371 417 3439 474 70

189 540 365 592 munis
388 546 476 594 est
499 542 678 610 panis,
718 543 809 596 sed
838 538 1190 604 eucharistia,
1237 556 1300 596 ex
1342 543 1554 596 duabus
1586 542 1750 596 rebus
1781 547 1823 598 Α
1856 543 2083 598 tionem.
2115 554 2237 607 quae
2265 543 2322 592 ιη
2355 542 2406 592 in
2434 535 2802 601 eucharistia,
2835 545 2889 590 et
2932 551 3052 591 eam
3088 551 3208 606 qua!
3239 550 3436 602 cortm‘

189 641 466 695 ronstans,
505 641 723 686 terrena
754 642 808 686 et
841 631 1083 696 ccelesti;
1125 631 1206 685 sic
1233 639 1285 685 et
1317 646 1546 701 corpora
1571 642 1753 688 nostra

188 724 547 789 percipientia
579 722 993 787 eucharistiam,
1037 720 1144 791 jam
1190 737 1298 776 non
1324 733 1456 777 sunt
1480 709 1753 793 corrupti-

188 811 334 875 biiia,
365 829 520 882 spem
561 815 972 869 resurrectionis
999 814 1270 868 habentia.
1300 833 1319 867 ι
1349 814 1476 869 Sola
1509 815 1751 871 Ecclesia

189 903 240 954 in
299 903 628 956 celebranda
689 905 1019 958 eucharistia
1091 905 1643 959 communicationem
1699 913 1754 961 et

188 995 448 1046 unitatem
492 994 770 1060 praedicat,
801 1000 926 1064 quia
963 1005 1126 1049 sectze
1153 1012 1259 1049 non
1294 1010 1443 1051 recte
1481 997 1749 1062 dividunt,

190 1093 246 1134 ut
274 1099 327 1136 n.
359 1083 392 1136 5
421 1085 654 1149 dicebat,
686 1101 795 1139 eam
825 1100 941 1156 qua:
971 1097 1045 1139 est
1095 1089 1162 1138 ad
1190 1090 1487 1149 proximum
1517 1105 1750 1142 commu-

189 1176 413 1229 nionem.
461 1175 813 1233 Resurrectio
863 1179 1108 1249 corporis
1134 1185 1189 1232 et
1215 1181 1441 1248 spiritus
1476 1187 1590 1235 sive
1629 1185 1750 1237 anl-

187 1281 306 1328 maa,
339 1281 502 1334 quam
540 1268 775 1324 Ecclesia
809 1274 982 1332 docet.
1025 1273 1281 1342 loquendi
1319 1277 1458 1327 ratio
1492 1286 1573 1329 est
1611 1278 1752 1344 apud

188 1359 435 1425 antiquos
487 1361 705 1425 usitata,
757 1375 814 1416 ut
843 1363 1127 1418 observavi
1185 1367 1251 1418 ad
1305 1366 1592 1436 Theophili
1639 1371 1751 1421 An-

189 1450 351 1502 tioch.
392 1450 484 1503 lib.
521 1468 559 1504 t.

252 1539 354 1593 Sed
402 1543 547 1609 quod
590 1543 857 1612 praecipue
897 1546 1291 1601 observandum
1346 1550 1499 1604 nobis
1535 1563 1642 1613 est,
1693 1553 1748 1606 in

185 1629 265 1683 his
295 1632 509 1685 verbis:
560 1632 900 1687 Eucharistia
940 1651 1007 1688 ea:
1032 1637 1236 1692 duabus
1283 1650 1433 1694 rebus
1480 1654 1747 1708 constans,

182 1731 386 1774 terrena
417 1734 464 1776 et
497 1725 717 1786 caelesti,
748 1727 861 1778 duo
898 1727 1120 1795 diversi,
1152 1744 1250 1796 pro
1277 1732 1506 1787 diversis
1541 1744 1749 1804 tempo-

183 1811 348 1876 ribus,
381 1815 726 1870 eucharistia
751 1826 932 1877 status
960 1820 1400 1877 considerantur.
1443 1823 1626 1878 Primo
1661 1841 1750 1880 res

1858 630 2010 682 ribus
2051 630 2255 682 nostris
2307 631 2567 699 promissa
2614 637 2731 691 est,
2758 627 2902 696 quod
2931 628 3087 694 panis
3122 626 3432 681 substantia

1856 729 2097 773 mutetur
2122 722 2168 772 in
2207 721 2368 773 aliam
2415 720 2573 786 longe
2614 719 2952 782 dissimilem,
2989 720 3195 774 nostris
3238 729 3423 773 autem

1857 812 2179 878 corporibus
2218 811 2580 865 substantiam
2619 826 2772 865 suain
2799 810 3160 863 retinentibus
3193 810 3435 878 qualitas

1857 913 2066 955 tantum
2112 917 2401 958 accessura
2439 903 2533 956 sit.
2574 902 2679 956 Sed
2709 917 2773 956 ex
2809 903 2908 955 hoc
2941 902 3256 956 discrimine
3287 917 3434 969 pra:-

1853 997 2055 1052 clarior
2104 1000 2284 1052 evenit
2339 996 2692 1066 comparatio.
2744 995 2945 1050 Probat
2994 998 3139 1051 enim
3193 998 3431 1052 [renatus

1856 1088 2035 1144 minus
2077 1089 2400 1142 miraculum
2440 1103 2506 1139 ex
2553 1085 2790 1153 majore,
2818 1097 2875 1139 ut
2929 1096 3337 1141 controversum
3364 1101 3431 1139 ex

1855 1195 1959 1234 non
2017 1187 2390 1236 controverso.
2439 1180 2580 1246 Quin
2613 1181 2778 1233 etiam
2827 1180 3066 1233 absurda
3095 1188 3238 1233 esset
3285 1179 3433 1231 illius

1855 1272 2224 1335 ratiocinatio,
2265 1272 2368 1325 nisi
2397 1272 2760 1326 substantiam
2794 1273 2948 1340 panis
2984 1273 3198 1342 penitus
3233 1273 3433 1325 mutari

1855 1377 1919 1417 ac
1955 1364 2155 1417 nullam
2195 1378 2417 1432 prorsus
2464 1378 2749 1430 superesse
2797 1364 3060 1417 dicamus.
3095 1362 3434 1429 Quocuuque

1853 1455 1996 1509 enim
2033 1455 2244 1513 honore
2289 1455 2442 1523 panis
2474 1464 2772 1524 augeatur;
2805 1455 2846 1508 si
2884 1457 3038 1524 panis
3061 1471 3183 1511 esse
3209 1472 3315 1511 non
3339 1459 3436 1511 de-

1857 1545 2023 1609 sinat,
2067 1546 2224 1614 longe
2264 1547 2562 1600 mirabilior
2615 1547 2719 1601 erit
2772 1562 3061 1616 corporum
3119 1559 3429 1602 nostrorum

1857 1640 2087 1692 mutatio
2110 1679 2126 1703 ,
2164 1654 2282 1707 qua:
2318 1655 2424 1692 non
2459 1641 2631 1692 solum
2673 1639 2964 1708 acquirent
3009 1640 3433 1708 incorruptiouis

1855 1727 2043 1790 decus,
2077 1729 2172 1782 sed
2204 1729 2369 1782 etiam
2400 1742 2463 1783 ex
2510 1730 2738 1783 mortuis
2768 1739 2823 1781 et
2853 1727 3132 1782 dissolutis
3163 1743 3226 1782 ac
3255 1730 3304 1782 in
3338 1745 3433 1781 va-

1857 1818 1968 1873 rias
2002 1821 2188 1873 mundi
2224 1830 2408 1886 partes
2451 1819 2732 1887 dissipatis
2763 1819 2951 1873 eadem
2981 1820 3157 1887 quoad
3179 1821 3433 1874 substan-

181 1914 399 1960 terrena
423 1917 529 1971 est,
556 1908 671 1963 sive
713 1910 866 1976 panis
909 1912 1000 1980 qui
1042 1921 1118 1967 est
1146 1928 1178 1966 α
1210 1925 1382 1978 terra,
1411 1928 1518 1969 uno
1557 1918 1745 1982 νοτιιο,
1780 1885 1824 1945 Β
1858 1909 1989 1962 tiam
2041 1909 2178 1963 ﬁant
2227 1885 2480 1979 corpora,
2517 1885 2866 1977 superaddita
2902 1885 3433 1979 incorruptibilitatis

180 1997 324 2060 portis
361 1999 680 2064 communis,
737 2002 930 2054 deinde
975 2003 1030 2055 ﬁt
1091 2005 1448 2072 eucharistia,
1511 2009 1614 2063 hoc
1663 2017 1750 2064 est

179 2100 371 2155 corpus
401 2098 456 2141 et
485 2089 707 2155 sanguis
745 2089 984 2144 Domini.
1012 2092 1290 2160 Duplicem
1339 2093 1486 2147 illum
1529 2109 1594 2149 ex
1620 2111 1747 2150 suc-

179 2180 422 2234 cessione
464 2191 665 2234 statum
692 2183 952 2250 praeclare
984 2186 1038 2238 in
1074 2185 1182 2239 alio
1207 2185 1369 2240 etiam
1397 2185 1516 2241 loco
1541 2189 1748 2242 descri-

180 2271 252 2322 bit
273 2271 542 2326 lrenarus:
574 2274 683 2326 Καὶ
704 2274 874 2344 ὅνπερ
897 2275 1094 2348 τρόπον
1115 2275 1176 2329 τὸ
1203 2275 1356 2340 ξύλον
1381 2278 1481 2347 τῆς
1499 2278 1744 2348 ἀμπέλου

178 2361 352 2416 ultka
385 2365 465 2426 εξς
492 2364 588 2435 τὴν
621 2365 725 2435 γῆν
745 2365 821 2437 τῷ
845 2365 958 2437 ἰδίῳ
985 2366 1156 2438 καιρῷ
1185 2370 1620 2442 ὲκάρποφὸρησε,
1650 2371 1744 2425 καὶ

174 2457 201 2505 ὁ
223 2455 418 2517 κόκκος
441 2456 536 2508 τοῦ
560 2457 708 2510 σίτου
731 2457 913 2510 πεσὼν
942 2460 1020 2522 εἰς
1045 2460 1144 2531 τὴν
1183 2460 1306 2531 γῆν,
1323 2461 1416 2514 καὶ
1453 2461 1740 2526 διαλυθεὶς,

177 2547 461 2610 πολλοστὸς
486 2548 693 2620 ἠγέρθη
717 2549 808 2602 διὰ
844 2549 936 2601 τοῦ
969 2551 1281 2620 Πνεύματος
1323 2551 1415 2606 τοῦ
1456 2552 1610 2616 Θεοῦ,
1647 2554 1739 2606 τοῦ

178 2637 486 2705 συνέχοντος
514 2638 580 2690 τὰ
623 2639 827 2691 πάνταο
853 2638 1041 2690 ἔπειτα
1072 2639 1128 2691 δὲ
1169 2640 1258 2693 διὰ
1305 2641 1400 2711 τῆς
1438 2643 1626 2711 σοφίας
1660 2646 1740 2705 εἰς

176 2729 360 2799 χρῆσιν
385 2726 606 2780 ἐλθόντα
622 2727 941 2798 ἀνθρώπων,
966 2730 1057 2782 καὶ
1081 2730 1608 2802 προσλαμϐανόμενα
1650 2733 1740 2786 τὸν

173 2821 320 2889 λόγον
343 2819 439 2873 τοῦ
473 2819 608 2872 Θεοῦ
638 2821 953 2891 εὐχαριστία
991 2821 1230 2889 γίνεται,
1254 2824 1389 2895 ὅπερ
1424 2825 1541 2878 ἐστὶ
1581 2823 1739 2898 σῶμα

172 2914 258 2966 καὶ
286 2907 428 2983 αἷμα
456 2911 551 2965 τοῦ
588 2912 858 2984 Χριστοῦτ
892 2913 1064 2977 οὕτως
1101 2913 1194 2967 καὶ
1238 2917 1306 2970 τὰ
1345 2917 1587 2988 ἡμέτερα
1631 2916 1735 2970 σώ-

175 3021 312 3073 ματα
334 3003 394 3067 εξ
422 3003 589 3072 αὐτῆς
611 3004 936 3074 τρεφόμενα,
968 3005 1059 3057 καὶ
1100 3005 1320 3058 τεθέντα
1365 3011 1444 3070 εἰς
1471 3008 1567 3078 τὴν
1609 3011 1731 3080 γῆν,

171 3095 257 3146 καὶ
312 3093 628 3146 διαλυθέντσ.
685 3096 743 3148 ὲν
788 3095 924 3164 αὐτῇ
947 3137 960 3160 ,
1003 3098 1365 3168 ἀναστήσεται
1413 3101 1469 3151 ἐν
1505 3101 1579 3170 τῷ
1620 3100 1732 3173 ἰδίῳ

172 3184 358 3284 ἶαιιρῷ,
393 3184 486 3236 τοῦ
514 3183 670 3252 λόγου
711 3183 804 3237 τοῦ
838 3185 971 3238 Θεοῦ
999 3187 1096 3256 τὴν
1129 3186 1344 3258 ἔγερσιν
1371 3190 1548 3252 αὐτοῖς
1577 3208 1732 3263 χαρι-
1767 3226 1808 3284 C

1850 2000 2009 2054 dono.

1919 2089 2192 2143 Praeterea
2247 2091 2387 2144 duas
2434 2090 2770 2144 mutationes
2822 2092 2873 2144 in
2926 2105 3065 2160 pane
3110 2092 3428 2148 considerat

1848 2180 2081 2234 lrenams
2117 2179 2373 2249 :primam
2436 2192 2546 2248 qua
2609 2195 2677 2235 ex
2709 2180 2890 2236 tritico
2919 2179 3203 2236 decidente
3233 2183 3284 2236 in
3320 2195 3428 2238 ter-

1849 2288 1963 2326 ram
1999 2284 2055 2327 et
2083 2272 2342 2328 dissoluto
2382 2273 2655 2341 multiplex
2679 2275 2841 2344 surgit
2880 2290 2974 2343 per
3000 2273 3262 2345 Spiritum
3301 2276 3421 2342 Dei,

1846 2365 2021 2436 ﬁtque
2060 2368 2218 2436 panis
2243 2367 2311 2421 ad
2342 2367 2622 2420 hominum
2663 2383 2826 2434 usus;
2857 2369 3081 2424 alteram
3118 2387 3220 2440 qua
3251 2373 3427 2441 perci-

1845 2461 2001 2529 piens
2031 2459 2269 2512 Verbum
2297 2456 2388 2512 Dei
2425 2461 2483 2511 ﬁt
2517 2473 2713 2525 corpus
2733 2459 2959 2514 Christi.
2992 2461 3270 2516 Posterior
3301 2479 3423 2515 mu.

1847 2551 1980 2604 tatio
2024 2552 2177 2620 longe
2232 2552 2536 2605 mirabilior
2564 2565 2726 2619 quam
2777 2554 2974 2619 prima.
3027 2553 3157 2606 Nam
3201 2571 3421 2624 compa-

1845 2649 2033 2694 rantur
2075 2642 2292 2710 quidem
2339 2658 2459 2696 cum
2519 2651 2749 2711 utraque
2801 2653 2986 2698 nostra
3014 2660 3265 2714 corpora,
3305 2661 3424 2715 qui?

1840 2748 1905 2784 ea:
1948 2734 2269 2785 eucharistia
2302 2735 2528 2797 nutrita,
2564 2745 2612 2786 et
2653 2737 2885 2803 reposita
2928 2739 2981 2787 in
3022 2746 3216 2789 terram
3256 2747 3301 2790 et
3341 2754 3425 2792 re-

1839 2823 2014 2876 soluta
2037 2824 2090 2875 iu
2109 2839 2193 2887 ea,
2213 2835 2482 2892 resurgeut
2510 2839 2605 2876 suo
2641 2832 2886 2892 tempore.
2911 2823 2981 2878 At
3011 2827 3426 2880 resurrectionis

1839 2912 2084 2967 effectrix
2126 2923 2206 2966 est
2242 2914 2352 2968 sola
2384 2914 2473 2968 illa
2501 2914 2658 2983 panis
2688 2914 2740 2967 in
2789 2929 2988 2983 corpus
3013 2913 3215 2969 Christi
3248 2924 3421 2969 muta-

1839 3005 1937 3066 tio,
1972 3018 2092 3070 quaa
2132 3002 2279 3055 nulla
2331 3018 2556 3072 prorsus
2584 3006 2715 3070 erit,
2745 3005 2790 3059 si
2831 3005 2991 3073 panis
3030 3006 3266 3074 supersit
3289 3007 3420 3060 sub-

1837 3095 2061 3148 stantia.

1913 3184 2001 3242 Vl.
2034 3185 2206 3242 Locus
2261 3186 2582 3244 Tertulliani
2643 3188 2842 3258 legitur
2901 3189 2953 3244 in
3003 3189 3144 3244 libro
3191 3206 3245 3246 tv
3290 3191 3414 3245 adv.

171 3271 391 3341 ζομὲνου
423 3277 500 3339 είς
524 3276 679 3341 δόξαν
700 3275 835 3329 Θεοῦ
873 3278 965 3331 καὶ
994 3278 1228 3350 Πατρός,
1263 3298 1280 3330 t
1314 3280 1375 3332 Et
1396 3286 1738 3349 quemadmo-

1844 3276 2189 3342 Marciouem,
2216 3291 2266 3331 c.
2297 3279 2352 3342 4,
2385 3277 2472 3331 ubi
2500 3279 2581 3333 sic
2618 3278 2896 3349 loquitur:
2948 3300 2968 3332 ‹
2999 3280 3284 3337 Professus
3313 3283 3418 3338 ita-

171 3377 293 3419 itutn
318 3367 523 3434 lignum
560 3367 705 3434 vitis,
751 3369 921 3438 inquit
962 3369 1055 3424 lib.
1088 3385 1139 3433 v,
1164 3387 1283 3439 cap.
1317 3371 1374 3435 2,
1404 3389 1458 3426 η.
1488 3373 1545 3433 5.
1579 3374 1738 3442 ἀενοο

171 3461 328 3512 situm
365 3459 419 3512 in
453 3469 654 3513 terram
687 3476 785 3515 suo
810 3462 1104 3516 fructilicat
1129 3473 1394 3532 tempore,
1417 3476 1472 3518 et
1501 3481 1732 3534 granum

173 3551 326 3604 tritici
369 3551 620 3606 decidens
659 3552 713 3606 in
752 3562 960 3608 terram
992 3564 1048 3609 et
1086 3556 1413 3610 dissolutum
1448 3558 1734 3626 multiplex

175 3647 341 3712 surgit
383 3653 504 3715 per'
535 3643 796 3716 Spiritum
840 3645 957 3711 Dei,
985 3647 1074 3716 qui
1111 3648 1356 3702 continet
1381 3649 1585 3712 omnia,
1615 3663 1736 3718 quae

173 3738 360 3790 deinde
393 3753 490 3806 per
515 3737 834 3804 sapientiam
867 3740 920 3792 in
965 3754 1122 3792 usum
1161 3739 1399 3793 hominis
1437 3742 1653 3794 veniunt
1682 3751 1738 3797 et

176 3828 520 3894 percipientia
555 3826 785 3882 Verbum
820 3829 915 3884 Dei
944 3831 1274 3885 eucharistia
1305 3829 1463 3896 ﬁunt,
1483 3833 1624 3900 quod
1651 3843 1735 3888 est

180 3937 372 3988 corpus
403 3931 457 3975 et
483 3920 706 3988 sanguis
735 3919 967 3987 Christi;
1000 3921 1083 3976 sic
1113 3931 1169 3976 et
1203 3932 1385 3976 nostra
1417 3937 1644 3990 corpora
1667 3939 1734 3979 ex

182 4028 238 4065 ea
283 4011 486 4065 nutrita
519 4020 575 4064 et
601 4013 834 4080 reposita
879 4011 931 4065 in
959 4019 1182 4076 terram,
1219 4023 1272 4066 et
1316 4012 1552 4066 resoluta
1581 4012 1634 4066 iit
1670 4028 1733 4067 ea

182 4111 458 4171 resurgettt
491 4103 545 4155 in
582 4116 680 4156 suo
716 4111 960 4171 tempore
982 4139 997 4166 ,
1028 4100 1206 4157 Verbo
1243 4102 1336 4156 Dei
1376 4104 1731 4158 resurrectio-

178 4210 289 4249 nem
330 4198 416 4249 eis
445 4196 702 4257 donante,
732 4194 786 4246 in
815 4193 1042 4262 gloriam
1082 4193 1175 4246 Dei
1218 4191 1449 4248 Patrisa
1484 4192 1599 4246 Non
1634 4207 1731 4263 po-

179 4297 273 4338 test
306 4286 394 4338 hic
426 4285 702 4338 successio
723 4283 1061 4338 diversorum
1092 4293 1324 4336 statuum
1356 4297 1462 4337 non
1485 4283 1730 4337 animad-

177 4377 338 4440 verti,
375 4377 480 4429 nisi
529 4375 652 4444 quis
687 4375 955 4428 cecutiat.
1009 4373 1192 4428 Primo
1230 4388 1317 4429 res
1359 4382 1574 4428 terrena
1623 4383 1728 4440 est,

177 4483 356 4536 nempe
389 4470 443 4524 id
481 4467 619 4537 quod
650 4469 944 4537 depositum
975 4469 1033 4520 in
1095 4480 1290 4524 terram
1343 4483 1438 4520 suo
1498 4465 1728 4535 fructiﬁ-

1840 3382 1948 3437 que
1976 3383 2036 3422 se
2062 3370 2503 3439 concupiscentia
2546 3374 2874 3439 concupisse
2919 3374 3082 3429 edere
3125 3377 3322 3444 pascha
3362 3387 3417 3430 et

1840 3473 1998 3512 suum
2025 3459 2341 3530 (indignum
2380 3461 2525 3515 enim
2559 3471 2618 3515 ut
2642 3463 2772 3531 quid
2799 3463 3036 3518 alienum
3060 3469 3418 3536 concupisce-

1841 3560 1922 3604 ret
1954 3551 2118 3619 Deus)
2151 3561 2432 3621 acceptum
2458 3568 2652 3622 partem
2681 3563 2735 3608 et
2761 3555 3106 3610 distributum
3133 3557 3414 3628 discipulis

1840 3657 2035 3711 corpus
2067 3643 2212 3697 illum
2258 3659 2415 3699 suum
2457 3644 2615 3701 fecit;
2649 3645 2764 3699 Hoc
2795 3655 2870 3700 est
2899 3664 3088 3716 corpus
3121 3666 3292 3703 meum
3324 3652 3408 3710 di-

1839 3728 2032 3792 cendo,
2068 3730 2123 3784 id
2177 3740 2260 3784 est
2300 3733 2472 3798 ligura
2524 3735 2772 3801 corporis
2815 3735 2942 3789 mei.
2988 3735 3186 3804 Figura
3231 3749 3410 3794 autent

1840 3836 1944 3874 non
1971 3830 2137 3886 esset,
2171 3823 2277 3876 nisi
2311 3823 2561 3877 veritatis
2582 3834 2729 3878 esset
2760 3840 2981 3894 corpus.
3016 3827 3281 3884 Caeterum
3318 3848 3412 3886 va-

1836 3929 1936 3968 cua
1989 3929 2100 3980 res,
2147 3930 2268 3984 quae
2317 3925 2400 3970 est
2451 3917 2775 3985 phantasma
2816 3920 3042 3988 ﬁgurant
3072 3936 3268 3990 capere
3301 3939 3407 3980 non

1836 4017 2041 4076 posset.
2075 4008 2186 4062 Aut
2231 4009 2276 4062 si
2306 4019 2591 4078 propterea
2630 4025 2826 4080 panem
2863 4027 3061 4081 corpus
3105 4015 3207 4069 sibi
3253 4015 3408 4086 fecit,

1838 4099 1962 4166 quia
1993 4100 2241 4167 corporis
2279 4103 2501 4153 carebat
2540 4102 2801 4166 veritate;
2835 4118 2963 4171 ergo
2998 4119 3190 4172 panem
3223 4109 3406 4166 debuit

1835 4189 2054 4241 tradere
2077 4203 2174 4257 pro
2202 4189 2384 4244 nobis.
2411 4189 2667 4246 Faciebat
2697 4193 2764 4246 ad
2789 4196 3081 4250 vanitatem
3112 4196 3407 4256 Marcionis

1836 4288 1895 4332 ut
1921 4280 2079 4348 panis
2107 4297 2206 4350 pro
2237 4283 2394 4337 nobis
2429 4284 2858 4353 cruciﬁgeretur.
2893 4305 2912 4338 ι

1902 4367 2074 4440 Hujus
2113 4371 2217 4425 loci
2253 4371 2412 4426 aliam
2443 4374 2862 4441 explicationem
2893 4375 3210 4448 Perronius,
3237 4381 3400 4437 aliam

1834 4453 2085 4518 auctores
2115 4462 2491 4534 Perpetuitatis
2525 4466 2650 4534 ﬁdei
2684 4468 3016 4524 attulerunt:
3043 4453 3136 4525 Sed
3173 4481 3403 4541 utraque

174 4571 250 4611 cat
275 4571 498 4626 tempore
528 4569 579 4612 et
608 4561 754 4612 venit
780 4559 830 4610 in
855 4573 1010 4611 usum
1034 4557 1542 4625 hominum,estque
1561 4556 1716 4624 panis
1747 4565 1792 4619 ι)
1822 4556 2147 4612 Tertulliani
2174 4557 2510 4611 sententiam
2549 4561 2600 4612 in
2630 4569 2742 4614 tuto
2783 4564 2963 4629 posuit
2989 4572 3042 4617 et
3078 4563 3218 4618 illius
3251 4568 3401 4619 testi-

174 4653 490 4712 couunuuis,
531 4649 723 4703 deinde
765 4664 954 4716 corpus
997 4657 1046 4701 et
1090 4649 1305 4718 sanguis
1354 4647 1575 4713 Christi,
1607 4647 1721 4701 sive

172 4758 250 4794 res
280 4742 539 4796 (celestis.

236 4834 348 4901 Ipsa
379 4833 546 4886 etiam
571 4832 910 4887 eucharistia
936 4846 1057 4885 cum
1083 4829 1284 4900 duplici
1317 4843 1605 4899 corporum
1629 4846 1720 4885 no-

171 4939 399 4980 strorum
423 4935 568 4981 statu
599 4925 932 4994 comparatio
957 4933 1084 4978 ante
1105 4923 1292 4977 oculos
1315 4923 1466 4992 ponit
1489 4924 1716 4977 duorum

172 5023 220 5074 in
252 5021 578 5075 eucharistia
625 5027 856 5072 statuunt
901 5015 1324 5071 successionem.
1359 5014 1719 5085 Comparatur

173 5114 388 5167 mutatio
409 5126 533 5165 cum
559 5111 871 5173 mutatione,
894 5123 981 5163 res
1005 5119 1243 5175 terrena,
1271 5123 1392 5177 qua:
1413 5108 1475 5161 ﬁt
1501 5122 1587 5162 res
1608 5122 1720 5163 caa-

173 5206 334 5268 lestis,
361 5205 480 5257 sive
505 5203 658 5270 panis
689 5201 1015 5268 communis,
1048 5200 1139 5269 qui
1172 5200 1232 5254 ﬁt
1255 5215 1453 5269 corpus
1488 5200 1715 5267 Christi,

171 5312 280 5348 curn
309 5309 543 5362 corpore
569 5292 929 5362 corruptibili,
961 5293 1104 5361 quod
1139 5292 1200 5345 lit
1229 5307 1427 5360 corpus
1468 5292 1718 5346 incorru-

174 5387 374 5457 ptibile.
408 5386 518 5440 ﬂes
547 5393 722 5439 autem
745 5382 934 5438 eodem
967 5393 1209 5453 tempore
1233 5397 1296 5436 ac
1325 5383 1444 5437 sine
1469 5383 1574 5437 ulla
1595 5398 1719 5438 suc-

170 5481 403 5533 cessione
450 5487 666 5532 terrena
697 5485 752 5531 et
779 5475 1042 5538 caelestis,
1065 5474 1436 5546 corruptibilis
1466 5485 1520 5530 et
1547 5475 1718 5530 incor-

172 5570 429 5638 rnptibilis
461 5567 590 5635 quid
633 5565 850 5621 aﬁ'erret
884 5566 1141 5622 momenti
1170 5567 1237 5621 ad
1269 5580 1574 5634 corporum,
1597 5583 1718 5636 qua:

174 5679 297 5717 nunc
361 5659 736 5731 corruptibilia
795 5669 962 5726 sunt,
1011 5658 1245 5714 futuram
1294 5659 1715 5729 incorruptibili-

173 5755 353 5808 tatem?

227 5846 350 5900 illud
389 5846 606 5917 quidem
642 5845 778 5902 inest
807 5842 1144 5901 discriminis
1191 5844 1337 5899 inter
1365 5842 1511 5899 illam
1541 5854 1715 5899 muta-

1822 4652 2004 4704 monio
2047 4650 2306 4704 abutendi
2355 4649 2668 4705 facultatem
2721 4655 3050 4708 adversariis
3093 4657 3394 4727 praeripuit.

1819 4739 1962 4792 Nihil
1993 4739 2172 4793 obstat
2219 4739 2512 4808 quominus
2550 4744 2762 4794 tertiam
2810 4741 3102 4799 aﬁ‘erautus
3147 4759 3268 4814 quae
3309 4749 3394 4802 ei-

1819 4831 1940 4886 dell
1969 4830 2250 4900 proposito
2277 4831 2640 4886 communiter
2666 4835 2952 4889 conducat.

1895 4921 2152 4992 Figuram
2190 4923 2444 4993 intelligit
2476 4923 2839 4979 Tertullianus
2875 4928 2926 4980 id
2955 4931 3096 4997 quod
3137 4930 3394 4985 substan-

1822 5013 1948 5068 tiam
2007 5014 2245 5082 aliquam
2306 5015 2668 5070 exterioribus
2719 5017 2890 5086 signis
2951 5020 3383 5085 circumscribit;

1817 5105 1957 5159 uude
1985 5106 2092 5159 ait:
2148 5105 2323 5160 Vacua
2365 5125 2468 5175 res,
2508 5127 2627 5178 qua:
2670 5121 2744 5164 est
2789 5114 3122 5179 phantasma,
3161 5117 3384 5185 ﬁgurant

1817 5212 2001 5264 capere
2033 5213 2136 5252 non
2155 5209 2363 5267 posset:
2397 5200 2572 5254 solum
2603 5215 2800 5269 corpus
2826 5203 3055 5257 solidum
3083 5204 3184 5259 sub
3215 5206 3380 5275 ﬁgura

1815 5290 1986 5345 latere
2034 5299 2232 5360 potest.
2288 5289 2468 5357 Quare
2513 5291 2714 5347 Christi
2768 5294 2948 5349 verbis
2981 5296 3124 5350 hunc
3162 5311 3378 5357 sensum

1817 5382 2078 5453 assignat,
2125 5380 2242 5435 Hoc
2279 5390 2358 5436 est
2387 5398 2576 5450 corpus
2619 5399 2815 5449 meum,
2856 5385 2908 5438 id
2946 5395 3030 5439 est
3061 5385 3230 5456 ﬁgura
3261 5401 3382 5456 quae

1815 5489 2012 5546 corpus
2061 5489 2240 5530 meum
2293 5475 2724 5538 circumscribit,
2761 5486 2816 5530 et
2842 5489 3240 5533 sacramentum
3273 5495 3380 5549 quo

1815 5568 1918 5622 mei
1945 5567 2190 5637 corporis
2216 5566 2516 5622 substantia
2548 5568 2877 5621 continetur.

1883 5654 1993 5711 Cur
2021 5655 2163 5710 hanc
2191 5654 2394 5709 Christi
2433 5655 2623 5709 verbis
2668 5653 3085 5721 explicationem
3123 5652 3380 5722 subjiciat

1816 5746 2201 5812 Tertullianus,
2236 5746 2398 5802 facile
2441 5758 2604 5800 causa
2659 5744 2920 5813 repetitur
2973 5759 3039 5798 ex
3089 5742 3381 5799 Marcionis

1813 5855 2022 5910 errore,
2045 5854 2208 5912 quem
2234 5837 2593 5896 refellendum
2617 5845 2946 5908 susceperat.
2963 5836 3162 5892 Christi
3186 5849 3380 5904 corpus
