4120 6434
709 399 774 455 71
1622 392 1677 446 S.
1723 389 2058 445 JUSTINL’S
2099 389 2269 444 PlllLt

2374 387 2580 444 )PHUS
2611 385 2702 442 ΕΤ
2737 389 3047 442 MABTYR.
3876 394 3948 448 ἠ

707 515 950 571 Marcion
1004 514 1324 582 phantasma
1373 527 1494 565 esse
1538 511 1774 575 dieehat,
1830 527 1892 563 ac
1927 526 2148 564 carnem
2182 511 2283 562 hu-
2311 515 2354 569 Α
2389 516 2445 560 ut
2473 509 2628 574 panis
2676 509 2897 560 minime
2936 518 3198 575 mutatus,
3244 514 3336 566 sed
3377 530 3407 566 a
3441 512 3656 568 Christo
3698 519 3944 581 corporis

707 605 1240 674 manem-indignam
1277 617 1499 672 prorsus
1543 617 1666 655 esse
1717 603 2004 663 sentiebat,
2031 616 2150 668 qua:
2182 599 2277 653 Dei

706 713 838 752 caro
864 699 1049 750 ﬁeret:
1103 709 1261 749 error
1298 694 1500 763 impius
1543 703 1693 746 stare
1748 708 1851 745 non
1898 701 2107 759 peierat
2154 707 2277 745 cum

706 789 965 846 Ecclesia:
991 788 1099 842 ﬁde
1133 789 1199 841 de
1223 787 1572 846 eucharistia:
1601 797 1968 840 sacramento.
2000 787 2056 838 Si
2083 801 2280 852 corpus

705 881 942 936 animale
969 879 1192 936 Christo
1231 890 1285 933 et
1326 893 1545 933 carnem
1598 876 1896 942 ccelestem,
1939 887 1996 931 ut
2039 876 2279 931 Valenti-

704 973 879 1034 niani,
909 971 1250 1025 attribuisset
1273 967 1533 1027 Marcion,
1565 984 1672 1022 non
1702 979 1810 1021 tam
1838 968 2068 1022 absurde
2093 981 2275 1022 secum

704 1074 1000 1135 pugnasset
1049 1065 1102 1117 in
1149 1061 1477 1116 celebrando
1517 1060 1867 1114 eucharistiee
1911 1070 2273 1115 sacramento.

705 1156 812 1212 Sed
855 1171 978 1211 cum
1026 1153 1230 1209 Christi
1280 1167 1481 1221 corpus
1537 1166 1743 1211 merum
1791 1155 2110 1218 phantasma
2154 1165 2277 1205 esse

702 1249 1081 1310 contenderet,
1107 1245 1247 1299 idem
1282 1245 1348 1299 de
1396 1244 1491 1297 illo
1526 1246 1829 1301 asseverari
1861 1253 2092 1311 poterat,
2131 1242 2276 1310 quod

702 1338 771 1393 de
805 1336 1083 1398 haereticis
1112 1336 1254 1390 idem
1287 1335 1650 1389 sentientibus
1700 1335 1913 1388 dixerat
1953 1331 2010 1386 S.
2039 1333 2275 1401 lgnatius

701 1431 757 1485 in
804 1430 965 1498 epist.
1001 1429 1068 1483 ad
1123 1428 1376 1498 Smyrn.,
1423 1442 1519 1481 eos
1569 1442 1673 1479 non
1723 1425 1975 1480 conﬁteri
2027 1426 2272 1478 euchari-

699 1523 859 1576 stiam
885 1537 997 1575 suo
1025 1526 1245 1574 carnem
1261 1517 1557 1574 Saluatoris
1577 1519 1744 1570 nostri
1762 1517 1893 1570 Jesu
1914 1514 2134 1581 Christi,
2155 1531 2272 1586 quo

697 1628 790 1680 pro
817 1613 1041 1681 peccatis
1064 1613 1258 1666 nostris
1285 1626 1442 1678 passa
1469 1619 1568 1663 est.

772 1705 881 1760 Sed
914 1713 1098 1760 tamen
1128 1703 1393 1771 Marcion,
1417 1702 1670 1772 quamvis
1699 1701 1801 1755 sibi
1825 1701 1939 1769 ipse
1975 1699 2270 1754 necessita-

700 1806 812 1850 tem
859 1795 1212 1864 imposuisset
1264 1794 1405 1848 idem
1457 1791 1762 1857 sentiendi,
1812 1806 1876 1845 ac
1939 1791 2268 1845 vetustiores

701 1889 772 1942 illi
807 1887 1086 1952 haeretici,
1127 1888 1262 1942 nihil
1309 1887 1567 1941 tamenin
1600 1885 1707 1948 his,
1751 1897 1870 1952 qua:
1905 1886 1972 1936 ad
2017 1884 2270 1937 euchari.

698 1980 859 2033 stiam
890 1990 1167 2049 spectant,
1202 1979 1423 2032 turbare
1461 1977 1738 2031 audebat:
1776 1976 1974 2032 solitus
2000 1990 2067 2028 ex
2096 1975 2272 2030 Evan-

697 2073 841 2143 gelio
870 2072 1110 2126 recidere
1133 2069 1397 2140 quidquid
1442 2086 1566 2125 eum
1619 2069 1899 2122 erroribus
1947 2068 2063 2122 suis
2087 2069 2271 2124 conci-

698 2160 831 2213 liare
881 2172 1041 2226 posse
1092 2159 1442 2227 desperabat,
1486 2158 1752 2209 reveritus
1802 2155 1976 2209 fuerat
2028 2159 2188 2209 verba
2241 2174 2269 2210 a

697 2249 919 2304 Christo
975 2251 1027 2303 in
1080 2250 1452 2304 consecranda
1501 2249 1833 2305 eucliaristia
1887 2250 2267 2316 pronuntiata,

698 2353 758 2398 ut
785 2352 1019 2399 testatur
1045 2341 1438 2405 Tertullianus,
1463 2340 1557 2394 lib.
1591 2356 1672 2404 tu,
1700 2356 1750 2395 c.
1791 2342 1878 2395 l9.
1914 2343 2117 2395 Dubius
2143 2356 2272 2410 ergo

696 2447 752 2492 et
785 2436 1030 2492 incertus
1061 2433 1427 2488 Tertullianus
1469 2448 1706 2501 quonam
1753 2434 1952 2486 evadat
2007 2432 2271 2493 Marcion,

697 2526 899 2594 duplici
945 2525 1097 2578 illum
1126 2527 1268 2579 nodo
1299 2525 1683 2594 constringere
1723 2534 1977 2585 conatur,
2012 2523 2271 2590 illumque

699 2633 762 2674 eo
793 2618 1063 2688 redigece.
1095 2627 1152 2670 ut
1184 2617 1264 2670 vel
1298 2632 1542 2671 errorem
1572 2631 1728 2670 suum
1760 2617 1828 2669 de
1858 2615 2062 2668 Christi
2107 2629 2271 2668 carne

696 2710 896 2777 ejuret,
924 2710 970 2764 si
1014 2708 1338 2763 catholicam
1373 2710 1440 2761 de
1468 2709 1794 2763 eucharistia
1841 2707 1999 2760 ﬁdem
2039 2707 2267 2771 retinet;

696 2802 779 2856 vel
803 2804 847 2855 si
872 2801 1014 2855 illam
1040 2802 1292 2870 abnegat.
1315 2800 1651 2868 impietatem
1678 2814 1831 2854 suam
1852 2809 2035 2868 aperte
2056 2799 2269 2867 prodat.

771 2895 958 2963 Itaque
1005 2893 1257 2948 observat
1296 2892 1668 2946 Tertullianus
1718 2907 1916 2960 corpus
1966 2891 2168 2944 Christi
2217 2891 2270 2946 in

696 2987 1029 3041 eucharistia
1079 3003 1184 3038 non
1229 2987 1282 3038 in
1316 3001 1383 3039 eo
1409 2993 1553 3038 statu
1581 2983 1736 3038 nobis
1773 2983 2042 3047 exhiberi,
2081 2985 2131 3037 in
2165 2999 2272 3052 quo

701 3080 1005 3133 exhibitum
1033 3078 1231 3139 fuerat,
1261 3079 1385 3130 dum
1425 3079 1479 3130 in
1505 3077 1666 3131 terris
1691 3079 1757 3130 ab
1792 3077 2100 3130 hominibus
2122 3077 2274 3132 vide-

2386 597 2504 650 vice
2529 598 2820 665 adoptatus
2849 599 3099 654 dicatur:
3153 619 3171 651 ι
3213 603 3320 657 Aut
3359 606 3400 658 si
3439 617 3719 674 propterea
3753 623 3944 676 pauent

2381 701 2582 754 corpus
2613 689 2715 740 sibi
2753 688 2904 751 fecit,
2954 691 3079 758 quia
3132 696 3376 763 corporis
3422 697 3640 749 carebat
3673 700 3941 749 veritate:

2379 792 2512 848 ergo
2545 794 2737 848 panem
2769 783 2957 836 debuit
2987 785 3200 839 tradere
3235 803 3331 856 pro
3359 791 3536 843 nobis.
3586 790 3842 843 Faciebat
3877 791 3946 843 ad

2381 871 2681 923 vanitatem
2709 870 3024 940 Marcionis,
3060 888 3118 930 ut
3149 880 3307 946 panis
3337 896 3434 948 pro
3461 882 3616 934 nobis
3651 882 3947 951 cruciﬁge-

2381 973 2556 1016 retur.
2590 981 2608 1013 ι
2651 961 2993 1032 Suspicatur,
3029 985 3133 1022 non
3159 983 3440 1027 asseverat
3470 973 3835 1028 Tertullianus
3871 975 3947 1028 ita

2379 1051 2620 1105 sensisse
2645 1052 3002 1113 Marcionem:
3042 1061 3135 1112 sed
3179 1063 3308 1129 quid
3350 1064 3525 1117 valeat
3564 1064 3677 1118 haec
3704 1065 3947 1133 suspicio

2379 1145 2538 1200 nobis
2565 1151 2978 1214 expenilendum
3010 1166 3114 1206 est.
3167 1156 3220 1206 1⁸
3269 1158 3515 1210 Absurda
3567 1157 3654 1212 illa
3701 1160 3858 1228 panis
3889 1159 3946 1211 in

2379 1252 2580 1306 corpus
2611 1241 2814 1295 Christi
2854 1244 3074 1310 adoptio
3106 1263 3381 1316 nunquam
3410 1250 3664 1304 Marcioni
3697 1252 3751 1304 in
3790 1266 3947 1304 men-

2381 1334 2486 1380 tein
2517 1330 2779 1395 venisset,
2811 1334 2913 1387 nisi
2941 1335 3083 1390 hanc
3111 1337 3158 1390 ei
3189 1340 3565 1394 necessitatem
3597 1341 3948 1409 imposuisset

2379 1421 2603 1488 impium
2637 1427 2968 1492 phantastici
3017 1434 3267 1499 corporis
3295 1433 3496 1487 Christi
3537 1445 3942 1501 commentum;

2376 1529 2482 1568 non
2512 1517 2884 1574 existimasset
2923 1524 3080 1590 panis
3122 1527 3480 1580 substantiam
3528 1529 3578 1579 in
3615 1530 3946 1583 eucharistia

2375 1620 2619 1671 manere,
2673 1609 2717 1663 si
2760 1627 2913 1665 suam
2943 1613 3146 1668 Christi
3175 1619 3384 1685 corpori
3416 1619 3770 1672 substantiam
3811 1620 3945 1672 reli—

2374 1698 2612 1766 quisset.
2660 1700 2926 1755 Catholici
2960 1719 3088 1773 ergo
3118 1722 3328 1770 omnes,
3355 1711 3670 1775 quibuscum
3701 1710 3942 1764 Marcion

2381 1790 2610 1845 adversa
2642 1790 2823 1847 fronte
2851 1797 3142 1860 pugnabat,
3193 1813 3296 1852 non
3339 1815 3532 1869 panem
3584 1802 3635 1854 in
3687 1803 3946 1856 euchari-

2376 1878 2527 1942 stia,
2584 1880 2678 1932 sed
2735 1896 2919 1935 verum
2949 1883 3152 1938 Christi
3202 1902 3396 1957 corpus
3452 1905 3570 1943 esse
3623 1893 3942 1947 credebant.

2376 1969 2587 2024 Deinde
2618 1971 2748 2025 illud
2792 1973 2983 2034 saltem
3037 1980 3391 2037 concessisset
3431 1981 3688 2048 Marcion,
3733 1985 3774 2037 si
3811 1999 3943 2037 vera

2375 2061 2699 2120 Tertulliani
2726 2066 3059 2132 conjectura,
3113 2068 3347 2124 Verbum
3381 2075 3432 2124 in
3459 2075 3785 2128 cucbarislia
3813 2092 3946 2131 cum

2371 2168 2512 2220 pane
2570 2156 2915 2225 bypostatice
2972 2159 3319 2227 cotijunctutu
3377 2165 3608 2218 adorari.
3674 2168 3743 2219 At
3796 2171 3946 2222 unde

2374 2247 2515 2298 hanc
2566 2247 2874 2314 opinionem
2915 2263 3005 2302 aut
3037 2253 3268 2306 Marcion
3318 2258 3616 2324 suscipere,
3665 2269 3756 2312 aut
3792 2257 3946 2311 Mar-

2374 2335 2519 2389 cioni
2552 2339 2728 2406 potuit
2753 2341 3051 2395 attribuere
3079 2343 3467 2412 Tertullianus,
3502 2347 3601 2400 nisi
3634 2350 3757 2417 quia
3789 2364 3948 2403 uter-

2377 2442 2484 2496 que
2515 2430 2678 2483 verba
2712 2430 2933 2498 Christi,
2973 2433 3088 2487 Hoc
3113 2448 3186 2489 est
3215 2454 3400 2506 corpus
3449 2456 3637 2503 meum,
3664 2458 3725 2494 eo
3754 2457 3944 2504 sensu.

2375 2521 2466 2587 qui
2504 2521 2711 2590 primus
2761 2528 2928 2578 menti
2975 2530 3241 2591 occurrit,
3293 2530 3622 2598 accipiebat.
3676 2548 3739 2586 ac
3797 2536 3947 2587 inter

2376 2623 2675 2683 utrumque
2729 2620 3123 2687 conveniebat,
3173 2621 3324 2675 clara
3380 2639 3501 2678 esse
3551 2634 3605 2678 et
3654 2629 3943 2695 perspicua

2379 2705 2550 2758 verba
2579 2747 2595 2771 ,
2647 2721 2761 2761 rem
2809 2712 3066 2780 grandem
3104 2713 3186 2768 his
3235 2715 3412 2768 verbis
3456 2717 3696 2784 promitti
3741 2728 3793 2770 et
3839 2734 3948 2773 cx—

2377 2798 2594 2853 hiberi?

2446 2887 2763 2946 Tertulliani
2794 2894 3157 2961 conjecturam
3182 2898 3467 2951 conﬁrmat
3485 2897 3803 2969 Euthymius
3829 2900 3947 2952 Pa-

2375 2980 2541 3048 nopl.,
2565 2991 2703 3050 part.
2725 2998 2785 3045 tt,
2817 2987 2900 3037 tit.
2927 2987 2982 3039 2.
3025 2986 3073 3038 Is
3103 2990 3246 3040 enim
3279 2993 3802 3056 testaturArmenos,
3845 2993 3943 3059 qui

2373 3086 2534 3126 unam
2586 3073 2639 3126 in
2672 3075 2887 3129 Christo
2937 3089 3186 3131 naturam
3239 3082 3596 3134 admittebant
3639 3092 3693 3135 et
3741 3099 3946 3150 corpus

698 3161 869 3234 retur,
902 3172 994 3224 sed
1047 3171 1097 3222 in
1148 3170 1345 3238 ﬁgura,
1378 3168 1492 3222 sive
1543 3168 1596 3220 in
1645 3177 1988 3222 sacramento
2034 3167 2192 3234 panis
2217 3177 2338 3262 etc
2371 3160 2580 3217 Christi
2621 3166 2674 3218 in
2710 3167 3044 3222 divinitatem
3093 3186 3410 3226 conversum
3453 3188 3573 3228 esse
3605 3176 3940 3241 sentiebant,

697 3264 836 3315 vini.
859 3261 989 3315 Inde
1013 3263 1291 3330 aptissima
1322 3260 1539 3312 ducitur
1564 3259 1865 3320 conclusio.
1890 3258 2118 3312 solidum
2144 3274 2267 3312 cor-

698 3369 820 3420 pus,
843 3367 947 3406 non
982 3354 1308 3421 phantasma
1340 3350 1557 3404 Chrism
1590 3349 1971 3412 tribuendum;
1999 3349 2265 3418 siquidem

697 3445 1010 3509 phantasma
1036 3442 1266 3510 figuram
1292 3457 1473 3508 capere
1497 3457 1599 3492 non
1630 3452 1819 3506 potest,
1852 3455 1936 3493 res
1968 3455 2136 3494 vacua
2164 3439 2269 3492 cir-

699 3533 996 3585 cumscribi
1047 3549 1151 3584 non
1190 3541 1369 3598 potest
1409 3531 1580 3598 signis
1621 3531 1986 3584 exterioribus
2030 3530 2184 3598 panis
2213 3537 2268 3583 et

699 3625 948 3688 vini,nec
984 3625 1277 3692 quidquam
1312 3623 1602 3676 absurdius
1627 3621 1787 3684 foret,
1814 3637 1976 3690 quam
2025 3636 2052 3672 a
2096 3635 2265 3674 vacuo

704 3715 940 3770 hominis
990 3716 1371 3781 phantasmate
1418 3723 1473 3766 et
1522 3727 1695 3765 vacua
1745 3711 1991 3779 corporis
2044 3712 2264 3765 humani

698 3806 909 3876 eﬁigie,
943 3805 1102 3858 aliam
1149 3804 1376 3873 oiligietn
1419 3815 1473 3856 et
1517 3805 1769 3874 ﬁgurant,
1805 3805 1906 3855 sub
1941 3816 2047 3869 qua
2079 3803 2268 3857 delite-

700 3909 837 3962 scat,
863 3898 1086 3952 assumi.

772 4012 1041 4066 Intererat
1067 4025 1198 4077 ergo
1224 4009 1540 4063 Tertulliani
1573 4009 1867 4064 observare
1897 4021 1952 4062 et
1979 4009 2269 4061 admonere

699 4119 898 4172 corpus
931 4102 1138 4158 Christi
1163 4103 1585 4155 eucharisticum
1620 4115 1723 4154 non
1760 4103 1812 4154 in
1843 4117 1904 4155 ea
1941 4102 2130 4170 ﬁgura,
2157 4102 2269 4154 sive

700 4197 879 4265 eﬂigie
910 4207 964 4249 et
999 4196 1182 4264 spebie
1211 4195 1432 4262 apponi,
1463 4209 1623 4260 quam
1661 4194 1847 4246 habuit
1877 4195 1928 4245 in
1962 4193 2146 4255 terris,
2173 4192 2267 4244 sed

705 4290 758 4341 in
792 4292 957 4358 ﬁgura
990 4299 1043 4343 et
1075 4288 1255 4356 specie
1298 4288 1476 4354 panis.
1517 4287 1694 4353 Atque
1739 4289 1852 4339 haec
1880 4286 2023 4338 illius
2055 4284 2269 4337 ratioci-

702 4385 851 4434 natio
881 4397 988 4435 non
1025 4381 1202 4435 solum
1247 4379 1574 4433 Marcionem
1622 4380 1926 4432 art-tissime
1967 4377 2265 4447 premebat,

701 4476 794 4527 sed
845 4477 1010 4526 etiam
1061 4474 1169 4527 duo
1221 4471 1376 4525 nobis
1414 4471 1754 4524 observanda
1801 4459 1854 4523 ct
1896 4468 2265 4523 concludenda

2372 3271 2598 3326 negasse
2628 3261 3019 3315 eucharistiam
3053 3279 3172 3318 esse
3205 3281 3404 3334 corpus
3429 3267 3651 3333 Christi,
3680 3269 3770 3322 sed
3799 3270 3947 3323 divi-

2371 3349 2559 3402 uitatis
2594 3365 2789 3418 corpus
2817 3354 2995 3408 dicere
3023 3357 3208 3408 solitos
3240 3373 3379 3410 esse.

2441 3437 2552 3492 VII.
2584 3439 2640 3493 Si
2673 3457 2737 3494 ne
2767 3443 2842 3496 illi
2871 3448 3114 3513 quidem,
3153 3453 3240 3517 qui
3271 3451 3493 3504 Christo
3527 3455 3940 3520 phantasticum

2370 3546 2567 3600 corpus
2595 3533 2944 3605 aﬂingebant,
2977 3538 3246 3594 Christum
3274 3544 3325 3595 in
3351 3547 3677 3599 eucharistia
3706 3563 3943 3616 praesen-

2373 3635 2478 3676 tem
2511 3625 2724 3679 adorari
2758 3639 2808 3680 et
2838 3631 2973 3682 sumi
3009 3633 3308 3700 negabant;
3343 3648 3545 3703 quanto
3585 3641 3752 3707 magis
3781 3653 3939 3694 extra

2370 3721 2736 3789 suspicionem
2770 3738 2892 3776 esse
2921 3725 3078 3778 debet
3102 3731 3349 3796 egregius
3377 3731 3654 3799 religionis
3683 3732 3940 3786 defensor

2372 3814 2771 3882 Athenagoras,
2799 3817 3033 3881 etiamsi,
3068 3829 3124 3870 ut
3163 3822 3438 3874 contendit
3476 3822 3664 3876 Petrus
3700 3824 3938 3878 Allixius

2370 3907 2423 3959 iu
2457 3907 2674 3961 dissert.
2703 3907 2781 3962 De
2813 3912 3065 3978 sanguine
3097 3910 3159 3964 Ι).
3188 3910 3258 3962 Ν.
3288 3911 3344 3964 J.
3370 3914 3454 3977 (3.,
3489 3930 3714 3980 corpora
3750 3929 3936 3970 nostra

2369 4008 2495 4066 post
2544 4003 2996 4057 resurrectionem
3043 4005 3158 4057 sine
3208 4006 3472 4072 sanguine
3520 4005 3697 4059 futura
3741 4009 3933 4063 etisd-

2370 4093 2610 4144 masset?
2642 4091 2782 4157 Quin
2809 4095 2974 4148 etiam
3015 4098 3124 4164 ipse
3157 4098 3382 4150 Allixius
3433 4099 3575 4152 inter
3619 4115 3746 4162 eos,
3791 4115 3935 4168 quos

2371 4184 2690 4250 sanguinem
2752 4188 2806 4240 in
2854 4191 3170 4256 corporibus
3224 4193 3478 4247 redivivis
3546 4205 3707 4261 negat
3752 4195 3937 4247 admi~

2372 4275 2510 4329 sisse
2531 4314 2547 4340 ,
2601 4280 2730 4332 citat
2750 4279 2964 4335 Petrum
2985 4280 3226 4344 Mansur,
3247 4284 3338 4350 qui
3361 4285 3412 4337 in
3435 4285 3592 4354 epist.
3613 4287 3750 4340 inter
3768 4301 3940 4356 Opera

2371 4363 2430 4419 S.
2460 4364 2686 4421 Joannis
2722 4367 3036 4423 Damasceni
3086 4381 3213 4425 tom.
3253 4373 3269 4425 l
3308 4383 3552 4426 exstante
3595 4375 3789 4427 asserit
3818 4388 3946 4442 qui-

2370 4457 2490 4512 dem
2518 4475 2712 4529 corpus
2741 4462 3044 4515 immortale
3069 4466 3330 4531 sanguine
3357 4480 3563 4528 carere,
3599 4467 3689 4518 sed
3724 4478 3934 4532 tamen,

700 4566 1036 4635 suppeditat;
1066 4565 1264 4634 primo,
1290 4578 1476 4617 verum
1507 4563 1711 4617 Christi
1747 4578 1943 4630 corpus
1976 4563 2028 4614 in
2071 4563 2265 4615 eucha-
2301 4545 2345 4599 D
2378 4553 2430 4607 id
2476 4556 2621 4623 quod
2667 4566 2845 4609 astute
2899 4557 3065 4609 tacuit
3105 4559 3361 4624 Allitius,
3405 4561 3750 4614 deterrimam
3790 4563 3944 4618 hanc

700 4659 858 4712 ristia
911 4658 1072 4711 nobis
1115 4655 1332 4719 donari,
1368 4655 1632 4722 siquidem
1685 4657 1736 4706 in
1788 4655 1890 4707 hoc
1926 4665 2266 4708 sacramento

701 4751 929 4820 ﬁguram
960 4749 1210 4818 accipere
1249 4765 1358 4803 non
1389 4759 1587 4816 posset,
1631 4747 1673 4800 si
1703 4761 1789 4800 res
1823 4762 1988 4798 vacua
2021 4758 2074 4799 et
2107 4748 2268 4814 phan-

702 4853 877 4895 tasma
906 4850 1083 4895 esset:
1123 4842 1319 4894 deinde
1352 4839 1484 4893 nihil
1529 4841 1686 4908 panis
1739 4853 2023 4906 superesse
2072 4849 2267 4906 prteter

700 4934 1100 5003 speciem,sive
1126 4933 1389 5003 ﬁguram;
1425 4932 1469 4985 si
1499 4932 1720 4999 quidem
1748 4947 1811 4985 ex
1841 4930 2129 4984 Marcionis
2148 4945 2266 4983 sen-

704 5029 872 5083 tentia
902 5037 1224 5095 sequeretur
1247 5025 1475 5094 ﬁgurain
1501 5039 1731 5077 vacuam
1765 5025 1862 5077 sub
1891 5039 2060 5076 vacua
2096 5023 2264 5090 ﬁgura

705 5122 1067 5175 delitescere:
1122 5119 1266 5187 quod
1314 5117 1534 5186 quidem
1591 5133 1865 5184 nunquam
1916 5118 2268 5170 observasset

703 5212 1099 5275 Tertullianus,
1132 5210 1176 5262 si
1219 5210 1375 5278 panis
1403 5209 1764 5262 substantiam
1799 5223 1920 5264 cum
1955 5210 2070 5277 ipsa
2095 5208 2264 5280 ﬁgura

705 5319 756 5359 et
785 5302 966 5373 specie
993 5315 1276 5371 superesse
1305 5301 1588 5355 sensisset.

778 5395 888 5450 Sed
914 5396 1039 5462 quia
1067 5391 1366 5444 verisimile
1393 5409 1498 5446 non
1531 5402 1649 5447 erat
1673 5397 1738 5446 de
1764 5392 2090 5446 eueharistia
2127 5390 2268 5444 Mar-

704 5487 920 5544 ciouem
952 5498 1015 5538 ac
1043 5481 1340 5537 Ecclesiam
1374 5485 1598 5544 sentire,
1637 5485 1945 5550 suspicatur
1977 5481 2267 5536 Tertullia-

707 5594 810 5634 nus
835 5575 1034 5632 Christi
1065 5575 1253 5636 verba,
1285 5571 1402 5627 Hoc
1435 5585 1508 5628 est
1531 5592 1720 5639 corpus
1742 5590 1934 5638 meum,
1964 5575 2044 5629 sic
2073 5589 2102 5626 a
2135 5573 2269 5626 Mar-

707 5671 864 5724 cione
887 5667 1136 5735 intelligi,
1167 5664 1322 5732 quasi
1352 5682 1543 5734 panem
1581 5667 1682 5719 sibi
1712 5667 1968 5719 Christus
1990 5668 2039 5719 in
2071 5682 2268 5734 corpus

706 5762 1052 5829 adoptasset;
1099 5759 1242 5811 unde
1278 5757 1481 5814 colligit
1507 5774 1700 5826 panem
1735 5774 1831 5828 pro
1858 5761 2010 5812 nobis
2048 5760 2181 5811 tradi
2213 5770 2267 5810 et

710 5851 952 5921 cruciﬁgi
981 5849 1255 5923 debuisse,
1290 5850 1333 5906 si
1361 5851 1561 5906 Christi
1598 5853 1759 5906 verba
1792 5853 1870 5907 sic
1903 5852 2261 5920 accipiantur,

2370 4651 2690 4702 sententiam
2736 4666 2859 4703 cum
2903 4651 3165 4704 catholica
3215 4655 3279 4705 de
3329 4657 3655 4707 eueharistia
3699 4657 3799 4706 lide
3851 4657 3940 4710 sic

2369 4743 2654 4808 conciliat,
2705 4755 2764 4797 ut
2807 4760 2999 4814 corpus
3035 4746 3229 4800 ChriSti
3291 4750 3340 4800 in
3393 4751 3756 4813 eucharistia,
3817 4766 3934 4802 non

2369 4833 2528 4904 quale
2563 4837 2614 4889 in
2653 4838 2792 4892 omlo
2821 4849 2924 4904 est,
2951 4841 3046 4892 sed
3071 4841 3231 4908 quale
3261 4841 3309 4891 in
3341 4853 3493 4893 utero
3531 4842 3764 4910 Virginis
3806 4841 3934 4908 fuit,

2370 4933 2565 5001 apponi
2619 4933 2880 4987 declaret.
2937 4933 2994 4988 Si
3055 4935 3143 5003 qui
3198 4950 3325 5002 ergo
3375 4936 3578 5003 antiqui
3633 4937 3936 5003 scriptores

2370 5025 2422 5078 id
2457 5027 2778 5090 sensissent,
2821 5029 2965 5093 quod
2997 5045 3090 5082 eos
3127 5031 3357 5082 sensisse
3384 5030 3650 5096 pertendit
3677 5028 3935 5093 Allixius,

2371 5131 2475 5168 non
2503 5116 2707 5173 idcirco
2731 5129 3006 5171 constaret
3035 5136 3126 5172 eos
3156 5137 3182 5171 a
3213 5121 3474 5173 catholica
3515 5123 3580 5172 de
3600 5121 3935 5174 eucharisiia

2370 5207 2477 5261 ﬁde
2497 5207 2832 5262 discessisse.
2868 5210 2937 5260 At
2962 5210 3106 5260 nulla
3144 5211 3281 5264 ratio
3312 5212 3505 5278 probat
3529 5210 3933 5276 Athenagoram

2372 5299 2565 5353 hoede
2600 5300 2920 5368 corporibus
2954 5302 3211 5354 redivivis
3254 5315 3440 5354 errore
3470 5302 3767 5354 laborasse.
3815 5299 3935 5355 Hoc

2371 5405 2574 5447 tantum
2621 5395 2934 5459 contendit,
2971 5403 3029 5446 ut
3071 5395 3324 5447 observat
3361 5393 3412 5445 in
3453 5393 3671 5448 dissert.
3717 5398 3930 5448 advers.

2368 5487 2532 5538 Allix.
2566 5485 2650 5538 vir
2681 5486 3024 5539 doetissimus
3070 5483 3187 5539 Jac.
3221 5485 3462 5547 Boileau,
3494 5493 3597 5537 art.
3642 5485 3698 5544 2,
3743 5500 3792 5549 p.
3834 5484 3931 5550 30,

2370 5576 2690 5642 sanguinem
2719 5593 2849 5640 non,
2876 5578 3007 5630 utin
3042 5579 3146 5629 hac
3171 5578 3383 5631 mortali
3407 5577 3538 5640 vita,
3569 5577 3641 5629 ita
3673 5577 3836 5628 etiam
3873 5577 3934 5632 iu

2371 5668 2661 5723 immortali
2693 5669 2985 5723 obnoxium
3014 5672 3347 5738 corruptioni
3382 5670 3643 5722 futurum.

2439 5759 2691 5814 Occurrit
2731 5762 3106 5831 Athenagoras
3156 5764 3207 5814 in
3251 5763 3385 5816 libro
3419 5761 3491 5812 De
3536 5776 3706 5813 resur.
3743 5770 3930 5827 mort.,

2371 5868 2425 5905 n.
2452 5851 2504 5919 4,
2552 5853 2638 5920 iis,
2688 5853 2780 5920 qui
2819 5853 2943 5908 huic
2974 5854 3209 5922 deginati
3235 5863 3508 5923 opponunt
3555 5869 3784 5920 corpora
3829 5859 3931 5909 hu—
