4120 6482
175 454 242 511 73
1178 450 1238 505 D.
1271 449 1528 506 MARANI
1578 448 1734 503 PRJE

1835 447 1965 504 TlO.
2005 479 2071 490 —-—
2097 446 2276 502 PARS
2311 449 2375 504 ll.
3318 444 3384 496 ’14

173 581 370 631 mana,
411 581 529 635 quae
558 579 588 618 a
627 563 817 618 helluis
845 575 1030 618 vorata
1055 563 1180 617 inde
1207 565 1257 616 in
1292 565 1518 618 aliorum
1555 565 1727 619 homi-
1756 572 1800 622 Α
1831 564 1932 616 ﬁcii
1985 564 2245 617 rationem
2300 562 2548 615 attinent.
2609 559 2792 627 Neque
2838 560 2981 614 enim
3021 561 3164 615 aliud
3207 578 3384 619 causae

176 675 300 713 num
343 673 542 725 corpus
593 659 837 711 traducta
890 666 1055 718 sunt,
1100 656 1184 710 vel
1241 657 1368 724 ipsis
1415 657 1725 710 hominibus

177 751 388 819 tragico
424 749 603 817 aliquo
656 747 901 804 facinore
949 748 999 801 in
1049 762 1227 802 escam
1286 757 1580 801 cesserunt.
1647 747 1726 799 Ex

177 856 286 910 quo
323 842 653 895 concludunt
690 840 776 893 vel
821 840 920 904 iis,
967 841 1055 908 qui
1097 840 1173 892 sic
1215 840 1517 907 consumpti
1555 839 1723 900 fuere,

179 933 377 1001 aliquid
412 932 745 996 delaturum,
789 933 836 984 si
883 947 978 984 sua
1013 931 1117 984 illis
1160 946 1287 985 caro
1316 946 1419 983 non
1471 931 1724 984 restitua-

182 1034 296 1087 tur;
329 1023 416 1076 vel
455 1025 500 1077 si
532 1022 872 1086 restituatur,
899 1037 1104 1081 eorum,
1143 1024 1232 1089 qui
1259 1031 1723 1090 consumpserant,

183 1130 424 1168 mancam
453 1125 508 1168 et
539 1113 905 1182 imperfectam
937 1129 1152 1167 carnem
1189 1113 1446 1166 futuram.

249 1206 552 1276 Respondet
589 1207 957 1275 Athenagoras
980 1206 1267 1260 humanam
1310 1222 1526 1261 carnem
1549 1207 1724 1260 cibum

183 1312 296 1352 esse
326 1297 486 1350 alteri
517 1297 716 1350 homini
749 1305 934 1349 contra
971 1305 1214 1348 naturam
1250 1311 1266 1348 :
1310 1297 1489 1364 itaque
1525 1297 1567 1350 si
1604 1299 1726 1365 quis

185 1394 272 1440 aut
318 1386 541 1454 proprio
588 1386 791 1440 scelere
847 1395 934 1438 aut
969 1385 1139 1439 aliena
1192 1385 1379 1441 fraude
1434 1388 1724 1441 humanam

185 1488 400 1528 Carnem
442 1475 758 1538 comederit,
811 1490 1144 1543 nequaquam
1189 1476 1307 1530 fore
1355 1487 1410 1530 ut
1451 1487 1555 1531 tam
1601 1494 1726 1532 con-

189 1568 380 1620 trsrius
414 1576 620 1620 natura:
645 1567 798 1621 cibus
827 1584 947 1622 cum
975 1568 1218 1636 partibus
1251 1571 1580 1624 comedentis
1609 1586 1730 1625 coa-

187 1660 364 1723 lescat.
415 1662 510 1715 sed
557 1670 614 1714 ut
660 1663 877 1715 noxium
919 1672 972 1716 et
1005 1661 1280 1716 inimicum
1330 1664 1585 1730 rejectnm
1639 1665 1726 1718 iri.

185 1756 350 1820 Atque
381 1753 548 1806 etiam
575 1754 615 1806 si
646 1754 803 1808 detur
834 1753 972 1807 hunc
1007 1754 1493 1809 cibumimmutari
1528 1757 1584 1808 in
1631 1757 1730 1810 ali—

185 1847 302 1917 quid
345 1846 619 1898 humidum
663 1855 757 1897 aut
802 1845 1018 1909 siccum,
1060 1859 1151 1899 aut
1204 1849 1456 1912 calidum,
1497 1860 1586 1902 aut
1633 1852 1730 1918 [ri-

1824 654 2148 708 Lntheranis
2190 664 2244 706 et
2279 652 2595 709 Calvinistis
2634 652 2803 715 stetit,
2845 666 2944 705 cur
2996 654 3382 708 eucharistiam

1827 745 2152 799 sacriﬁcium
2181 760 2302 798 esse
2333 754 2610 814 negarent,
2653 743 2753 796 nisi
2794 742 2937 810 quod
2985 744 3071 796 isti
3105 745 3382 798 Christum

1826 838 2047 889 omnino
2087 837 2138 888 in
2181 836 2503 888 eucharistia
2546 850 2648 886 non
2690 834 2913 899 adesse,
2963 834 3014 886 hi
3059 847 3181 888 ante
3227 852 3382 888 usum

1829 943 1932 979 non
1987 928 2178 980 adesse
2227 928 2625 994 pertenderent.
2678 927 2745 978 At
2800 924 2846 978 si
2899 926 3020 992 quis
3085 927 3384 992 passionem

1827 1020 2028 1072 Christi
2065 1021 2144 1072 sic
2178 1021 2227 1070 in
2261 1018 2587 1071 encharistia
2622 1018 2994 1085 repraesentari
3035 1016 3287 1082 fateatur,
3329 1032 3384 1071 ut

1829 1113 1942 1177 ipsa
1981 1110 2068 1162 illa
2104 1110 2342 1172 victima,
2396 1100 2513 1176 qua!
2554 1124 2651 1178 pro
2699 1109 2854 1162 nobis
2891 1108 3018 1160 olim
3057 1109 3235 1161 occisa
3277 1117 3380 1166 est.

1828 1216 2063 1270 praesens
2092 1201 2142 1253 in
2180 1200 2336 1252 altari
2370 1202 2611 1262 sistatur,
2654 1201 2697 1253 is
2737 1200 3012 1267 ambigere
3049 1215 3154 1252 non
3189 1201 3382 1268 possit,

1828 1295 1954 1363 quin
1984 1292 2234 1346 Christus
2265 1293 2314 1345 in
2339 1294 2440 1346 hoc
2461 1300 2604 1345 statu
2622 1307 2739 1345 sese
2761 1289 2908 1344 Patri
2941 1307 3035 1345 suo
3065 1292 3115 1345 in
3142 1293 3386 1346 manibus

1829 1387 2166 1438 sacerdotum
2193 1382 2381 1436 oﬁ‘erat
2420 1401 2432 1435 :
2465 1383 2683 1435 minime
2711 1397 2838 1452 ergo
2867 1383 3058 1434 mirum
3085 1383 3128 1436 si
3154 1387 3208 1436 5.
3245 1399 3387 1436 mar-

1833 1481 1932 1541 tyr,
1984 1473 2072 1539 qui
2124 1487 2225 1524 non
2271 1471 2441 1540 magis
2485 1471 2805 1536 dubitabat,
2847 1486 2914 1524 an
2958 1473 3282 1525 ettcharlstia
3317 1473 3387 1526 sit

1828 1577 1957 1616 caro
1990 1572 2044 1616 et
2072 1565 2294 1632 sanguis
2325 1562 2552 1626 Christi,
2580 1579 2740 1633 quam
2771 1574 2948 1616 tttrum
2982 1562 3152 1617 Filius
3188 1565 3277 1617 Dei
3308 1565 3387 1617 in-

1831 1665 2084 1708 carnatus
2118 1657 2224 1719 sit,
2264 1655 2591 1710 sacriﬁcium
2630 1655 3060 1710 ChriStianorum
3119 1667 3199 1710 tot
3254 1657 3390 1711 locis

1831 1747 2192 1802 commendat.

1905 1836 2197 1906 Religionis
2221 1837 2540 1893 Christianae
2564 1840 2930 1906 praestantiam
2956 1853 3149 1896 contra
3173 1839 3389 1895 Judmos

185 1906 354 2003 gina:
377 1974 393 1997 ,
451 1945 610 1999 negat
662 1906 1030 2003 Athenagoras
1085 1935 1248 1989 ullam
1304 1906 1488 1991 earum
1542 1906 1723 1993 rerum
1758 1906 1799 1960 Β
1829 1943 1892 1984 ex
1918 1930 2169 1982 sacriﬁcii
2205 1932 2372 1983 nostri
2407 1933 2719 1998 praestantia
2753 1934 3107 1986 demonstrat.
3132 1953 3149 1984 ι
3184 1933 3389 1989 Simile

187 2034 270 2078 aut
299 2035 508 2094 partem
537 2040 675 2088 esse,
704 2035 794 2078 ant
826 2025 992 2094 partis
1021 2027 1252 2093 speciem
1281 2042 1584 2096 occupare;
1618 2031 1728 2084 imo

188 2132 284 2171 non
330 2133 550 2180 semper
594 2119 646 2170 in
690 2121 933 2187 partibus
974 2120 1287 2174 alimentum
1336 2122 1729 2187 accipientibus

188 2221 521 2276 permanere.
552 2224 652 2264 nec
676 2225 800 2264 cum
830 2211 1230 2279 resurgentibus
1256 2225 1562 2281 resurgere,
1597 2213 1730 2266 nihil

188 2308 284 2351 tum
311 2299 383 2350 ad
410 2300 568 2351 vitam
605 2299 900 2366 conferente
929 2302 1202 2370 sanguine,
1258 2303 1359 2355 sive
1389 2305 1600 2370 pituita,
1624 2306 1730 2357 sive

190 2388 304 2445 bili.
340 2389 450 2441 sive
491 2390 702 2453 spiritu.
745 2387 859 2443 Non
899 2406 1027 2460 ergo
1067 2407 1384 2463 sanguinem
1425 2411 1455 2446 a
1489 2409 1731 2449 resurre-

189 2483 360 2536 ctione
408 2493 649 2536 removet
691 2482 1103 2553 Athenagoras,
1161 2489 1254 2539 sed
1313 2496 1440 2540 tunc
1495 2485 1732 2542 futurum

189 2579 358 2638 negat,
390 2580 452 2624 ιιι
488 2572 597 2624 vita
643 2585 707 2625 ex
756 2574 1019 2642 sanguine
1055 2576 1318 2642 pendeat,
1344 2591 1505 2644 quem
1535 2577 1734 2632 idcirco

191 2675 406 2714 necesse
438 2661 511 2714 sit
533 2663 702 2716 variis
729 2661 1044 2717 humoribus
1085 2668 1392 2735 temperari.
1430 2667 1519 2723 Sic
1554 2670 1737 2736 Augu-

190 2752 382 2816 stinus,
443 2767 607 2820 quem
640 2753 869 2808 Allisius
896 2761 948 2808 in
989 2771 1116 2810 suas
1158 2769 1339 2825 partes
1377 2760 1589 2813 trahere
1641 2776 1736 2815 co-

190 2853 361 2904 natur,
399 2845 722 2912 sanguinein
753 2847 976 2899 minime
1022 2862 1180 2918 negat
1205 2849 1256 2902 in
1285 2850 1449 2917 epist.
1480 2850 1606 2918 205,
1643 2853 1737 2907 sed

188 2937 502 3004 sanguinem
537 2936 648 2988 vult
676 2938 793 2990 sine
823 2940 1199 3008 Corruptione:
1225 2958 1244 2992 ι
1273 2940 1410 3005 Non,
1437 2953 1494 2996 ut
1525 2945 1736 3011 opinor,

189 3027 359 3095 inquit
382 3043 532 3080 num.
569 3026 653 3091 15,
687 3028 1039 3083 dubitandum
1064 3041 1166 3095 est,
1202 3037 1494 3087 secundum
1527 3037 1629 3090 hoc
1656 3037 1740 3090 di-

187 3130 364 3172 ctum:
415 3116 557 3173 Caro
599 3128 647 3171 et
706 3123 920 3188 sanguis
961 3138 1175 3191 regnum
1222 3123 1317 3177 Dei
1365 3141 1466 3180 non
1513 3130 1744 3194 posside-

191 3211 400 3275 bunt",
462 3211 590 3280 quia
630 3225 735 3264 non
783 3210 855 3266 ibi
893 3214 999 3266 erit
1034 3216 1312 3284 corruptio
1349 3227 1405 3269 et
1442 3219 1741 3272 mortalitas

192 3303 365 3357 carnis
400 3313 460 3358 et
489 3304 789 3370 sanguinis.
825 3303 1132 3363 Secundum
1155 3308 1304 3362 enim
1328 3310 1424 3364 bas
1451 3312 1737 3378 qualitates

191 3409 404 3448 carnem
441 3403 498 3449 et
539 3394 859 3464 sanguinem
908 3394 1010 3450 hoc
1037 3398 1168 3452 loco
1202 3400 1520 3456 nominavit.
1556 3419 1576 3454 ο
1617 3400 1734 3455 Mos

192 3486 253 3538 de
297 3501 465 3540 carne
509 3485 652 3540 idem
695 3487 830 3540 dicit
873 3489 1264 3559 Athenagoras.
1301 3506 1492 3562 nempe
1522 3495 1737 3547 etiamsi

192 3579 468 3632 contraria
519 3590 728 3635 natura:
768 3578 1023 3636 alimonia
1063 3579 1136 3633 ita
1195 3584 1508 3654 digeratur,
1559 3595 1617 3638 ut
1670 3588 1735 3640 ad

194 3682 409 3722 carnem
454 3685 626 3740 usque
659 3685 932 3742 permeet;
982 3692 1049 3729 ne
1084 3676 1136 3728 id
1164 3677 1378 3744 quidem
1419 3674 1631 3731 diﬂicile
1671 3676 1740 3730 ad

193 3761 570 3829 explicandum
621 3764 769 3830 fore;
812 3768 996 3833 quippe
1021 3783 1138 3819 cum
1185 3782 1276 3820 nec
1316 3769 1427 3835 ipsa
1464 3784 1588 3820 caro
1622 3783 1738 3837 qua:

193 3853 416 3920 asciuit,
451 3865 570 3906 eam
607 3870 807 3922 semper
833 3857 1053 3911 retineat
1076 3874 1233 3920 quam
1274 3859 1477 3918 ascivit,
1505 3876 1596 3914 nec
1624 3876 1738 3930 quc

195 3946 351 3996 ascita
375 3956 477 4007 est,
505 3947 579 3998 ibi
611 3956 907 4001 constanter
925 3961 1222 4015 permaneat
1250 3966 1352 4018 quo
1373 3952 1604 4012 accessit,
1649 3951 1739 4004 sed

196 4039 402 4088 multum
430 4038 488 4088 iu
519 4037 722 4090 diversa
761 4041 1100 4094 mutationem
1127 4042 1371 4109 accipiat,
1415 4058 1471 4095 ιι.
1518 4041 1569 4095 ’1.
1609 4041 1740 4108 Quis

201 4127 312 4180 inde
342 4130 562 4198 colligat
585 4144 801 4184 carnem
825 4131 1218 4203 Athenagoram
1250 4135 1304 4187 in
1342 4135 1591 4189 redivivis
1615 4149 1738 4190 cor~

200 4221 411 4284 poribus
446 4234 554 4274 non
595 4223 924 4291 relinquere?
957 4221 1114 4276 Plura
1143 4240 1251 4278 non
1280 4226 1452 4282 dicam
1495 4229 1562 4281 de
1599 4225 1739 4281 illius

201 4312 490 4374 sententia;
535 4311 672 4365 satis
705 4320 787 4367 est
813 4312 989 4382 legere
1021 4328 1141 4382 qua:
1176 4315 1244 4369 ab
1273 4330 1338 4369 eo
1368 4316 1639 4379 dicuntur,
1679 4334 1737 4372 n.

201 4398 247 4458 Ξ,
274 4413 330 4453 ut
365 4416 598 4469 corpora
625 4413 808 4458 nostra
838 4405 1025 4459 eadem
1067 4407 1331 4474 potentia,
1365 4421 1468 4476 qua
1507 4411 1738 4476 primum

202 4490 340 4548 fuere
383 4511 413 4548 s
465 4497 576 4550 Deo
617 4507 1011 4566 coagmentata,
1060 4501 1257 4556 iterum
1299 4503 1367 4556 ad
1417 4502 1579 4557 vitam
1619 4512 1740 4573 post

203 4583 599 4643 dissolutionem
629 4603 937 4644 revocatum
964 4589 1032 4646 iri
1057 4594 1410 4648 demonstret.

797 4702 1024 4758 CAPUT
1060 4703 1126 4757 Χ.

205 4787 530 4867 Eucharistia
570 4808 746 4867 rerum
799 4810 862 4867 ac
899 4796 1110 4863 praprie
1149 4796 1346 4852 dictum
1393 4800 1732 4867 sacriﬁcium,

245 4863 387 4928 cujus
408 4865 690 4933 descriptio
719 4881 750 4914 a
788 4861 1002 4918 Justina
1034 4868 1266 4930 exposita
1301 4861 1683 4923 consideratur.

201 4948 238 5003 ι.
253 4953 468 5003 παῖδας
489 4955 746 5002 veritatem
769 4952 1024 5010 religionis
1054 4969 1118 5005 ex
1146 4969 1260 5009 vero
1279 4960 1514 5008 sacriﬁcio
1535 4962 1736 5010 demon-

251 5021 385 5076 strat.
413 5017 477 5064 ll.
499 5015 698 5076 Objecta
716 5030 742 5063 a
767 5009 935 5065 Pfatlio
957 5017 1233 5066 testimonia
1256 5020 1602 5070 defenduntur.
1646 5023 1734 5071 Ill.

252 5073 634 5124 Observationes
655 5080 702 5123 in
728 5080 969 5187 liturQ’am
995 5093 1022 5126 a
1041 5078 1092 5126 S.
1131 5080 1342 5139 Iartyre
1369 5090 1658 5143 expositam,
1682 5097 1740 5134 ac

252 5148 452 5187 ulmum
479 5141 540 5184 de
565 5138 819 5187 baptismo.
846 5155 857 5187 t
910 5142 1285 5187 .Deconventus
1307 5145 1410 5187 loco
1430 5150 1482 5187 et
1502 5147 1651 5187 nrima
1677 5147 1740 5187 li-

251 5148 452 5204 minum
479 5141 540 5184 de
565 5138 819 5204 baptismo.
846 5138 1285 5204 N.l)econventus
1307 5145 1410 5191 loco
1430 5138 1482 5191 ét
1502 5138 1655 5204 prima
1676 5147 1740 5193 li-

254 5203 419 5266 targias
439 5199 674 5266 parte.r_\'.
700 5199 770 5246 De
809 5203 1018 5266 secunda
1047 5203 1258 5266 liturgiie
1279 5215 1417 5265 parte
1444 5199 1742 5266 et'precibns

256 5216 419 5258 surgis
439 5216 644 5268 parte.)
662 5233 674 5242 .
700 5216 770 5246 ue
809 5216 1018 5272 secunda
1047 5216 1258 5311 {Iturius
1279 5216 1417 5265 parte
1444 5216 1496 5252 et
1514 5216 1741 5266 precmtts

256 5263 348 5304 tum
374 5261 732 5322 communibus,
755 5267 853 5310 tum
893 5267 1111 5322 pronus.
1133 5263 1168 5311 ν
1203 5302 1213 5311 .
1242 5266 1316 5313 De
1356 5278 1488 5314 sacra
1527 5275 1741 5315 commu-

253 5331 390 5384 nione
413 5330 468 5369 et
490 5321 798 5370 diaeonorum
813 5321 1235 5384 pertunctionibus
1262 5327 1442 5375 Justini
1482 5330 1628 5375 verba
1654 5342 1741 5376 ex-

253 5383 502 5440 pilantur.

263 5487 299 5541 Ι.
329 5488 630 5543 Constituta
655 5492 807 5560 panis
828 5501 884 5545 et
901 5492 1008 5545 vini
1033 5467 1084 5546 in
1103 5507 1322 5548 carnem
1345 5507 1400 5550 et
1422 5499 1734 5567 sanguinem

205 5578 384 5636 Christi
415 5586 734 5647 mutatione,
769 5587 982 5654 qualem
1017 5602 1046 5639 a
1083 5585 1294 5643 Iustino
1332 5592 1620 5647 stabilitam
1657 5594 1736 5647 vi-

205 5671 381 5736 diuus,
408 5673 540 5726 nihil
557 5674 668 5741 jam
701 5675 902 5728 habent
941 5672 1287 5740 diﬁicultatis,
1321 5691 1442 5746 qua
1471 5680 1536 5732 ad
1558 5680 1733 5736 sacri-

261 5806 300 5836 "
337 5805 513 5865 lCor.
545 5825 632 5876 sv,
665 5811 754 5866 50.
829 5812 874 5843 ”
899 5811 1128 5873 lalach.
1163 5831 1203 5881 t,
1232 5816 1298 5871 l0
1329 5817 1415 5872 ll.

419 5912 690 5969 Persae.
732 5909 849 5971 Gn.
903 5909 981 5969 Vl

1826 2033 2060 2088 quoque,
2109 2021 2302 2090 inquit.
2340 2021 2554 2092 Dialogi
2593 2040 2650 2077 n.
2689 2023 2782 2088 41,
2814 2025 3014 2078 oblatio
3050 2042 3148 2094 pro
3173 2026 3261 2090 iis,
3299 2028 3388 2094 qui

1828 2127 1856 2166 a
1905 2113 2048 2182 lepra
2102 2117 2500 2185 purgabantur,
2543 2119 2826 2181 instituta,
2870 2118 3048 2185 imago
3087 2127 3202 2170 erat
3233 2120 3390 2185 panis

1828 2205 1996 2260 eucba
2008 2205 2196 2269 ristize,
2221 2223 2380 2275 quem
2407 2207 2664 2262 Dominus
2682 2217 2867 2262 noster
2887 2207 3042 2262 Jesus
3065 2210 3312 2264 Christus
3338 2210 3390 2265 in

1829 2297 2098 2360 passionis
2126 2298 2555 2352 recordationem
2589 2313 2686 2366 pro
2727 2298 2835 2362 his,
2873 2300 2965 2367 qui
2994 2301 3060 2354 ab
3084 2303 3229 2354 omni
3268 2316 3392 2369 pra-

1829 2386 1995 2440 vitate
2031 2399 2352 2457 purgantur,
2385 2400 2653 2460 susceptae
2692 2392 2805 2444 tieri
2839 2393 3135 2460 praecepit;
3174 2402 3233 2446 ut
3274 2407 3393 2462 gra—

1833 2477 1936 2532 tias
1988 2479 2145 2533 simul
2200 2495 2422 2549 agamus
2477 2482 2618 2548 Deo,
2673 2490 2784 2535 tum
2842 2485 2986 2552 quod
3035 2485 3296 2538 mundum
3337 2495 3394 2537 et

1830 2571 2009 2624 omnia
2039 2586 2156 2639 qua:
2178 2572 2230 2624 in
2256 2587 2321 2625 eo
2355 2585 2502 2638 sunt,
2541 2583 2759 2644 propter
2796 2575 3068 2628 hominem
3103 2578 3390 2638 creaverit,

1836 2673 1946 2714 tum
1981 2665 2122 2730 quod
2152 2678 2248 2717 nos
2283 2680 2310 2716 a
2345 2666 2610 2733 nequitia,
2654 2667 2705 2718 in
2736 2681 2839 2733 qua
2871 2668 3088 2728 fuimus,
3134 2668 3395 2721 liberave-

1837 2754 1928 2818 rit,
1945 2764 2000 2809 et
2016 2755 2349 2823 principatus
2371 2766 2426 2810 et
2445 2767 2740 2825 potestates
2763 2759 3003 2812 funditus
3020 2761 3276 2813 deleverit
3300 2776 3396 2827 per

1837 2860 1998 2909 eum,
2041 2848 2130 2915 qui
2174 2847 2290 2915 ejus
2322 2849 2598 2904 voluntate
2628 2851 2901 2919 passibilis
2945 2853 3123 2906 factus
3167 2861 3273 2907 est.
3321 2850 3397 2904 De

1838 2939 2123 2994 sacriﬁciis
2163 2953 2374 3004 autem,
2416 2957 2536 3008 qua:
2572 2951 2698 2995 tuuc
2741 2957 2769 2994 a
2816 2943 2970 2996 vobis
3005 2941 3393 3006 oﬁerehantur,

1839 3031 1918 3083 sic
1944 3029 2102 3094 Deus,
2129 3040 2184 3083 ut
2206 3031 2316 3099 jam
2349 3032 2483 3098 dixi,
2516 3048 2610 3101 per
2633 3023 2950 3086 Malaclitam
2983 3049 3145 3087 unum
3171 3049 3236 3087 ex
3265 3035 3398 3086 duo-

1842 3123 2018 3175 decim
2061 3122 2326 3190 loquitur:
2388 3120 2512 3176 Non
2553 3133 2628 3176 est
2678 3123 2914 3177 voluntas
2963 3142 3076 3178 mea
3119 3127 3172 3179 in
3209 3128 3349 3180 vobis
3377 3167 3394 3193 ,

1843 3216 1966 3267 dicit
1993 3215 2269 3278 Dominus,
2287 3226 2331 3268 et
2361 3216 2623 3282 sacriﬁcia
2649 3233 2751 3268 nou
2775 3219 3055 3283 suscipiam
3077 3219 3140 3270 de
3160 3221 3396 3273 manibus

1837 3308 2040 3368 uestris,
2062 3317 2333 3372 propterea
2348 3309 2481 3375 quod
2499 3306 2562 3358 ab
2581 3319 2696 3359 ortu
2711 3307 2838 3360 solis
2859 3311 2927 3359 ad
2949 3324 3190 3361 occasum
3212 3327 3397 3366 nomen

1839 3413 2006 3452 meum
2041 3397 2390 3467 gloriﬁcatur»
2427 3408 2502 3451 est
2529 3401 2584 3451 in
2621 3400 2894 3468 gentibus;
2925 3413 2975 3453 et
3016 3403 3069 3454 in
3109 3405 3249 3455 omni
3282 3405 3398 3456 loco

1838 3489 2060 3558 olertur
2088 3492 2350 3542 incensum
2398 3490 2595 3543 nomini
2629 3505 2740 3542 meo
2764 3501 2811 3543 et
2838 3492 3048 3544 victima
3076 3508 3230 3558 pura,
3268 3508 3399 3561 quo-

1839 3583 1981 3633 uiam
2023 3595 2267 3648 magnum
2305 3589 2378 3632 est
2425 3595 2610 3632 nomen
2641 3582 2913 3660 meumin
2951 3584 3218 3650 gentibus,
3269 3584 3396 3635 dicit

1838 3672 2092 3730 Dominus
2120 3674 2188 3728 “.
2234 3672 2310 3726 De
2338 3671 2406 3725 iis
2431 3682 2633 3737 autem,
2676 3687 2796 3739 quae
2823 3673 2922 3741 ipsi
2957 3676 3010 3726 in
3045 3675 3189 3729 omni
3224 3674 3343 3729 loco
3365 3692 3395 3726 a

1840 3765 1998 3818 nobis
2025 3762 2351 3826 offeruntur,
2376 3763 2683 3828 sacriﬁciis,
2730 3763 2784 3817 id
2825 3775 2911 3818 est
2937 3765 3004 3818 de
3026 3781 3166 3834 pane
3194 3770 3397 3821 eucha-

1839 3855 2008 3908 ristim
2054 3862 2108 3909 et
2144 3853 2210 3907 de
2242 3855 2411 3908 calice
2458 3854 2707 3908 similiter
2748 3856 3089 3910 eucharistim
3128 3857 3239 3922 jam
3281 3867 3395 3912 tum

1840 3943 2101 4010 praedicit,
2153 3943 2282 3996 illud
2312 3945 2473 3998 etiam
2508 3947 2713 4000 addens
2748 3963 2945 4002 nomen
2972 3962 3128 4002 suum
3169 3966 3200 4003 a
3236 3951 3396 4007 nobis

1840 4035 2152 4103 gloriﬁcari,
2193 4051 2223 4088 a
2259 4039 2413 4091 vobis
2440 4049 2621 4092 autem
2653 4039 2951 4108 profanari.
2983 4060 3002 4092 ι

1907 4124 1965 4178 In
1989 4125 2090 4179 hoc
2122 4128 2433 4181 testimonio
2469 4129 2597 4183 illud
2639 4134 2690 4184 1⁸
2731 4132 3128 4188 observandum
3179 4146 3262 4189 est
3297 4134 3394 4188 Ju-

1841 4216 2023 4272 daicas
2054 4218 2357 4274 oblationes
2399 4221 2648 4276 umbram
2682 4230 2736 4275 et
2769 4223 3060 4290 imaginem
3109 4227 3277 4280 fuisse
3301 4241 3393 4280 sa-

1841 4309 2032 4364 criﬁcii
2059 4311 2520 4378 Christianorum;
2555 4314 2657 4368 hoc
2687 4315 3017 4370 sacriﬁcium
3050 4333 3240 4386 purum
3273 4332 3393 4372 esse

1840 4412 1896 4455 et
1942 4402 2050 4456 Deo
2085 4413 2364 4474 acceptum
2388 4448 2402 4469 ,
2435 4413 2489 4459 et
2514 4420 2546 4458 a
2592 4406 2701 4460 Deo
2739 4421 2840 4476 per
2876 4411 3192 4476 prophetam
3229 4410 3396 4464 Mala-

1841 4493 2016 4547 chiam
2047 4497 2488 4562 praenuntiatum.
2529 4496 2663 4562 Quis
2688 4513 2816 4565 ergo
2842 4513 3028 4554 verum
3062 4501 3190 4554 illud
3221 4504 3392 4556 sacri-

1769 4611 1814 4665 υ
1843 4583 2024 4638 ﬁcium
2047 4599 2169 4640 esse
2209 4587 2436 4649 dubitet,
2483 4590 2626 4656 quod
2665 4598 2718 4642 et
2743 4590 2929 4658 ﬁguris
2963 4591 3170 4645 Veteris
3200 4590 3392 4646 Testa-

1842 4677 2009 4730 menti
2053 4678 2401 4742 adumbrari,
2447 4688 2501 4733 et
2540 4683 2928 4748 prophetarum
2966 4683 3202 4738 oraculis
3248 4685 3394 4738 clare

1840 4777 1895 4821 et
1928 4772 2493 4838 aperteprzenuntiari
2531 4787 2751 4828 necesse
2785 4774 2920 4826 fuit?

1909 4860 1965 4912 2‘
1988 4859 2272 4928 Conceptis
2305 4863 2480 4918 verbis
2503 4865 2826 4919 sacriﬁcium
2852 4866 3280 4921 Christianorum
3305 4885 3390 4938 ap-

1839 4948 2000 5015 pellat
2051 4964 2242 5018 panem
2287 4953 2634 5008 eucharistiaa
2676 4967 2730 5009 et
2766 4957 2988 5010 calicem
3029 4959 3386 5015 eucharistite.

1839 5038 1915 5092 De
1939 5040 2216 5107 iisautem,
2238 5061 2355 5112 quia
2380 5045 2480 5114 ipsi
2510 5047 2563 5098 in
2590 5061 2729 5100 omni
2767 5046 2882 5099 loco
2911 5064 2942 5099 a
2976 5049 3124 5101 nobis
3155 5051 3390 5119 operuit-

1841 5139 1929 5184 tur
1945 5134 2240 5200 sacriﬁciis,
2267 5138 2321 5190 id
2349 5146 2426 5190 est
2459 5140 2522 5192 de
2552 5155 2684 5206 pane
2719 5140 3050 5194 eucharistia:
3074 5146 3210 5196 etde
3233 5145 3389 5198 calice

1842 5224 2083 5279 similiter
2129 5231 2498 5295 eucharistiaz,
2537 5244 2644 5286 etc.
2696 5233 2832 5297 Quid
2873 5234 2943 5286 sit
2983 5236 3143 5302 panis.
3170 5245 3225 5288 et
3254 5237 3391 5291 calta

1845 5318 2185 5373 eucharistiar
2201 5336 2362 5389 supra
2382 5321 2628 5387 vidimus,
2657 5323 2745 5376 ubi
2765 5323 3007 5378 Justinus
3029 5327 3183 5379 docet
3202 5327 3366 5380 alimo

1845 5409 1988 5462 niam
2035 5409 2539 5482 εὐχαριστηθεῖσαν,
2571 5416 2831 5468 iucarnati
2859 5417 2998 5470 illius
3020 5417 3146 5470 Jesu
3185 5432 3391 5470 carnem

1847 5505 1887 5550 et
1927 5500 2229 5568 sanguinem
2253 5519 2380 5559 esse.
2419 5504 2511 5557 Est
2545 5521 2674 5575 ergo
2699 5505 3026 5561 sacriﬁcium
3056 5507 3393 5561 Christiano.

1849 5605 1960 5644 rum
1986 5593 2256 5648 incarnati
2279 5592 2405 5650 Jesu
2436 5611 2562 5654 caro
2591 5608 2646 5652 et
2672 5601 2914 5669 sanguis,
2957 5609 3077 5669 qua:
3121 5599 3228 5654 Deo
3257 5597 3390 5654 olfe-

1846 5692 2050 5738 runtur.
