4120 6412
781 396 848 452 75
1151 396 1162 404 ’
1684 389 1742 442 S.
1776 385 2109 443 JUSTlNl‘S
2141 381 2615 441 PHILOSOPHUS
2651 379 2736 435 ΕΤ
2770 377 3075 434 HABTYR.
3933 373 4000 430 76

844 516 902 570 3'
934 511 1126 565 Panem
1164 508 1499 562 eucharistice
1530 506 1785 562 Dominus
1809 516 1982 561 noster
2011 507 2164 560 Iesus
2187 507 2338 560 Chri-
2363 513 2410 568 Α
2445 502 2787 571 possessione
2815 499 3102 560 excidisse,
3135 494 3258 563 quia
3285 507 3472 548 eorum
3501 490 3765 548 sacrificia
3801 503 3998 561 retecta

773 616 883 656 stus
925 603 980 654 in
1022 602 1280 669 passionis
1326 614 1435 650 sua:
1472 597 1882 650 recordationem
1921 596 2036 662 ﬁeri
2073 596 2333 663 pracepit.

777 693 915 744 Hinc
943 692 1131 751 etiam,
1170 706 1221 741 η.
1251 688 1372 752 117,
1409 686 1651 740 declarat
1682 684 1740 737 S.
1765 695 1972 753 martyr
2000 683 2337 738 Christianos

774 782 829 834 in
862 779 963 832 hoc
1002 769 1271 831 sacrificio
1293 773 1549 841 passionis
1586 772 1727 824 illius
1749 809 1764 833 ,
1808 787 1962 838 quam
2005 779 2214 838 propter
2250 784 2334 822 eo:

773 886 961 939 passus
986 876 1059 922 est
1093 866 1184 919 Dei
1215 864 1410 928 Filius,
1444 865 1731 918 recordari.
1772 866 1840 917 At
1864 861 2134 932 quomodo
2158 861 2336 929 passio

778 959 989 1014 Domini
1020 958 1072 1010 in
1107 957 1208 1010 hoc
1242 954 1511 1009 sacrificio
1541 954 1994 1024 reprzesentatur?
2023 953 2127 1005 Res
2154 962 2235 1004 est
2270 953 2335 1006 ad

775 1050 1092 1111 discendum
1142 1045 1418 1114 perfacilis
1467 1058 1533 1098 ex
1591 1043 1829 1099 Justino.
1900 1046 2033 1098 Nam
2085 1042 2137 1095 in
2181 1042 2333 1103 loco,

774 1155 934 1205 quem
985 1153 1145 1207 supra
1197 1137 1632 1205 deprompsimus
1673 1152 1739 1190 ex
1789 1137 1990 1206 majore
2039 1135 2332 1203 Apologia,

774 1241 1056 1301 postquam
1086 1229 1226 1282 dixit
1259 1228 1574 1282 alimoniam
1601 1238 1972 1282 consecratam
2005 1242 2123 1282 esse
2155 1229 2333 1280 incar-

777 1324 889 1374 nati
935 1321 1061 1374 Jesu
1116 1334 1334 1371 carnem
1380 1329 1435 1371 et
1478 1319 1834 1387 sanguinem,
1875 1320 2025 1372 addit
2063 1315 2335 1387 apostolos

775 1412 1066 1466 tradidisse
1095 1450 1109 1474 ,
1160 1409 1238 1462 sic
1293 1408 1394 1462 sibi
1436 1424 1463 1461 a
1505 1410 1724 1462 Christo
1762 1414 2094 1473 mandatum,
2131 1418 2188 1460 ut
2233 1408 2333 1461 hoc

774 1506 1024 1558 facerent
1054 1505 1106 1556 in
1141 1501 1255 1567 ejus
1279 1501 1869 1554 commemorationem.
1905 1501 2171 1553 Credebat
2207 1515 2334 1570 ergo

776 1597 834 1646 S.
870 1604 1074 1662 martyr
1103 1592 1405 1659 passionem
1441 1589 1656 1646 Domini
1691 1592 1742 1643 in
1775 1591 2101 1644 eucharistia
2139 1606 2334 1659 repra-

775 1686 1001 1747 sentari,
1049 1699 1169 1738 cum
1202 1685 1368 1752 ipsius
1399 1695 1529 1735 caro
1574 1691 1628 1735 et
1658 1682 1904 1750 sanguis,
1940 1695 2034 1750 per
2062 1681 2224 1733 verba
2267 1684 2332 1732 at.

777 1775 894 1842 ipso
927 1773 1300 1842 pronuntiata,
1338 1771 1392 1825 in
1426 1770 1583 1825 altari
1636 1770 1921 1833 sistuutur,
1966 1779 2020 1824 et
2053 1771 2161 1824 Deo
2197 1767 2330 1824 οπε-

777 1874 954 1916 ιὐιιιιιι
971 1902 985 1916 ο

846 1952 922 2006 Ex
962 1952 1048 2005 his
1081 1949 1238 2004 facile
1265 1947 1526 2004 refellitur
1545 1946 1716 2002 Pfaffii
1741 1948 2031 2014 sententia,
2063 1948 2163 2002 viri
2191 1949 2332 2004 inter

777 2045 1118 2098 Lutheranos
1159 2040 1480 2103 doctissimi,
1524 2041 1616 2094 sed
1650 2042 1740 2110 qui
1782 2039 1981 2094 frustra
2028 2052 2188 2095 sectae
2223 2055 2332 2098 sua:

773 2136 1140 2205 patrocinium
1189 2148 1218 2186 a
1273 2134 1479 2187 sanctis
1515 2132 1766 2188 Patribus
1801 2137 1938 2202 petit
2001 2135 2053 2186 in
2108 2135 2328 2188 dissert.

777 2229 851 2283 De
895 2227 1162 2282 oblatione
1191 2237 1418 2281 ueterum
1456 2229 1831 2286 eucharistica,
1882 2227 2004 2292 ubi,
2041 2243 2093 2280 τε.
2120 2226 2209 2290 27,
2251 2227 2332 2280 sic

773 2319 1047 2374 Justinum
1098 2319 1512 2386 interpretatur,
1547 2319 1700 2388 quasi
1732 2319 1783 2372 in
1817 2316 1935 2384 ejus
1986 2318 2327 2380 testimoniis,

774 2413 849 2464 vel
876 2411 990 2464 sola
1019 2410 1271 2462 laicorum
1301 2409 1496 2462 oblatio
1521 2411 1777 2478 episcopo,
1803 2427 1905 2463 non
1934 2409 2040 2463 Deo
2071 2409 2231 2478 facta,
2256 2409 2332 2463 vel

775 2503 969 2556 oblatio
1009 2501 1342 2556 sacerdotum
1392 2506 1834 2555 consecrationem
1877 2503 2196 2569 praveniens
2245 2502 2331 2554 in"-

776 2609 991 2650 nuntur.

849 2689 955 2742 Sed
988 2689 1101 2742 haec
1128 2687 1503 2756 interpretatio
1527 2685 1840 2755 longissime
1865 2685 2069 2739 abludit
2099 2701 2127 2738 a
2157 2693 2335 2741 mente

775 2777 997 2834 Justini.
1045 2777 1180 2832 Nam
1216 2793 1394 2846 neque
1435 2777 1641 2831 oblatio
1679 2777 1938 2832 laicorum
1979 2777 2117 2830 facta
2155 2791 2333 2831 sacer-

775 2871 913 2936 doti,
948 2885 1124 2938 neque
1158 2869 1510 2923 sacerdotalis
1541 2879 1665 2922 ante
1701 2868 2162 2922 consecrationem
2188 2867 2336 2922 obla-

777 2964 874 3025 tio,
908 2962 1121 3014 victima
1159 2972 1213 3014 et
1255 2961 1583 3014 sacrificium
1615 2959 2050 3014 Christianorum
2083 2960 2337 3013 dicuntur

776 3052 917 3119 apud
954 3049 1223 3104 Justimnn
1252 3089 1267 3113 ,
1323 3064 1420 3103 nec
1458 3053 1762 3118 passionem
1800 3049 2001 3104 Christi
2044 3064 2336 3118 reprmsen-

2439 605 2598 658 sunt,
2649 591 2992 646 Christianos
3038 596 3242 650 autem,
3272 599 3504 654 quorum
3553 585 3877 640 sacrificium
3931 585 4002 638 ab

2439 688 2555 755 ipso
2603 685 2714 739 Deo
2749 680 3184 742 commendatur,
3237 691 3404 747 genus
3457 689 3580 732 esse
3637 677 3997 734 sacerdotale.

2438 775 2700 839 Judati,ut
2723 773 2821 826 hoc
2854 778 3224 840 argumentum
3256 767 3556 834 eluderent,
3571 766 3651 820 sic
3677 766 3998 822 Malachiam

2438 869 2788 939 interpretari
2814 867 3079 931 solebant,
3095 872 3232 918 teste
3259 865 3456 919 ibidem
3473 861 3705 928 Justino,
3730 873 3788 917 ut
3809 877 3999 918 eorum

2439 962 2528 1030 qui
2560 955 2912 1027 Jerosolymis
2935 954 3270 1018 habitabant,
3300 953 3564 1008 sacrificia
3598 969 3627 1006 a
3661 953 3773 1008 Deo
3805 955 3998 1022 rejici;

2436 1064 2621 1103 eorum
2663 1056 2869 1112 autem,
2899 1045 2991 1114 qui
3031 1044 3084 1096 in
3122 1043 3370 1112 gentibus
3402 1042 3632 1110 dispersi
3664 1052 3842 1107 erant,
3873 1058 4003 1112 pre-

2436 1158 2527 1198 ces
2561 1142 2668 1195 Deo
2693 1145 2943 1206 acceptas
2971 1148 3096 1188 esse
3128 1141 3184 1186 et
3212 1133 3415 1186 ideirco
3443 1132 3712 1185 sacrificia
3739 1130 3999 1200 appellari

2437 1238 2696 1291 dicerent.
2733 1231 2842 1287 Soli
2869 1244 2998 1299 ergo
3021 1226 3190 1281 Judaei
3221 1239 3407 1293 preces
3426 1234 3480 1278 et
3506 1225 3806 1293 gratiarum
3834 1224 4004 1277 actio-

2436 1345 2533 1383 nes
2558 1327 2722 1381 etiam
2751 1325 2872 1378 sine
2899 1320 3170 1375 sacrificio
3218 1318 3493 1372 exteriore
3546 1316 3612 1369 ad
3653 1329 3835 1370 veram
3867 1313 3999 1368 reli-

2436 1421 2646 1490 gionem
2678 1428 2977 1482 verumque
3007 1408 3332 1464 sacrificium
3365 1407 3610 1462 sufﬁcere
3642 1404 3996 1460 contendunt.

2433 1513 2505 1564 At
2533 1525 2654 1562 cum
2680 1509 2763 1561 eis
2791 1514 2993 1575 pugnat
3046 1501 3245 1556 Justini
3292 1500 3590 1565 sententia,
3621 1499 3710 1568 qui
3743 1499 3843 1552 hoc
3883 1498 4002 1566 ipso

2437 1605 2489 1658 in
2526 1603 2646 1656 loco
2686 1598 2874 1668 objicit
2909 1597 2988 1650 eis
3023 1596 3266 1648 exterius
3301 1593 3629 1647 sacrificium
3659 1591 4001 1646 Christiano-

2439 1711 2582 1757 rum,
2616 1693 2668 1746 in
2704 1705 2811 1758 quo
2839 1687 3109 1757 passionis
3147 1685 3438 1740 Dominicze
3479 1685 3576 1738 sub
3615 1683 3768 1752 panis
3798 1694 3853 1737 et
3886 1683 4000 1736 vini

2436 1785 2720 1856 speciebus
2748 1779 3006 1838 memoria
3051 1776 3331 1830 recolitur.
3359 1776 3417 1828 2ο
3446 1776 3576 1829 Cum
3623 1776 3703 1828 eis
3751 1775 4004 1828 concedit

2363 1845 2404 1898 Β
2435 1845 2622 1943 preces
2648 1885 2704 1928 et
2738 1872 3038 1944 gratiarum
3086 1865 3330 1920 actiones
3362 1865 3474 1919 sola
3507 1878 3628 1918 esse
3658 1863 3898 1932 perfecta
3944 1871 4001 1916 et

2435 1967 2545 2020 Deo
2594 1970 2814 2032 accepta
2864 1960 3158 2022 sacrificia,
3191 1972 3295 2011 non
3341 1971 3402 2010 ea
3454 1966 3636 2009 niente
3667 1956 3719 2009 id
3761 1955 3908 2018 facit,
3943 1964 4002 2006 ut

2431 2055 2677 2111 excludat
2701 2053 2989 2107 exterioris
3021 2050 3096 2103 rei
3132 2049 3462 2103 oblationem
3484 2087 3497 2108 ,
3530 2048 3624 2100 sed
3656 2046 3781 2115 quia
3810 2059 4002 2114 preces

2432 2158 2486 2202 et
2506 2147 2802 2217 gratiarum
2830 2145 3072 2198 actiones
3098 2156 3218 2196 cum
3244 2142 3340 2195 hac
3368 2141 3642 2195 oblatione
3666 2138 4003 2208 coniungen-

2433 2244 2528 2295 das
2557 2252 2674 2294 esse
2704 2246 2951 2302 noverat,
2981 2236 3220 2302 alioquin
3260 2232 3564 2303 perfectum
3610 2247 3713 2287 non
3751 2231 3867 2286 fore
3911 2245 4003 2284 sa-

2433 2331 2718 2393 crificium,
2755 2345 2852 2383 nec
2886 2329 3050 2383 ullum
3091 2328 3198 2381 Deo
3227 2327 3488 2382 honorem
3519 2341 3547 2378 a
3575 2323 3731 2377 nobis
3764 2334 3999 2391 perven-

2435 2433 2637 2479 turum.
2660 2422 2835 2477 Simili
2858 2420 3269 2476 ratiocinatione
3291 2417 3540 2472 Clemens
3563 2415 3744 2477 Alex.,
3770 2411 4000 2475 Strom.,

2435 2530 2508 2580 tv,
2553 2528 2676 2582 pag.
2717 2511 2856 2576 481,
2902 2511 3153 2566 concedit
3192 2508 3483 2570 hazreticis,
3531 2506 3622 2574 qui
3676 2504 4000 2574 martyrium

2434 2603 2847 2672 vituperabant,
2897 2615 3082 2655 verum
3147 2598 3468 2669 martyrium
3533 2598 3585 2650 in
3662 2596 3755 2650 Dei
3803 2595 4001 2664 cogni-

2438 2695 2582 2747 tione
2612 2693 2843 2763 positum
2867 2705 3016 2746 esse:
3035 2690 3187 2752 Τινὲς
3213 2690 3268 2740 δὲ
3293 2689 3398 2740 τῶν
3427 2687 3732 2759 αἱρετικῶν,
3765 2685 3857 2740 τοῦ
3885 2689 4005 2740 Κυ-

2439 2787 2551 2858 ρίου
2580 2783 3008 2855 παρακηκοότες,
3039 2780 3250 2843 suaso;
3283 2781 3397 2850 ἅμα
3426 2780 3518 2833 καὶ
3545 2778 3732 2842 δειλῶς
3770 2777 4005 2847 φιλοζω-

2435 2876 2571 2940 οὖσι,
2604 2875 2902 2948 μαρτυρίαν
2925 2873 3169 2940 λέγοντες
3195 2871 3365 2941 ἀληθῆ
3399 2867 3536 2924 εἶναι
3567 2873 3663 2942 τὴν
3705 2870 3798 2924 τοῦ
3828 2870 4001 2933 ὅντως

2435 2970 2585 3032 δντος
2631 2968 2831 3036 γνῶσιν
2885 2965 3038 3018 Θεοῦ.
3089 2965 3294 3036 Ὥσπερ
3352 2964 3444 3016 καὶ
3491 2965 3651 3032 ἡμεῖς
3701 2961 3999 3032 ὁμολογοῦ-

2442 3080 2557 3133 μεν.
2595 3081 2614 3113 ς
2649 3061 2875 3128 Quidam
2904 3060 3169 3124 haeretici,
3196 3073 3313 3110 cum
3347 3057 3484 3111 male
3515 3058 3804 3110 Dominum
3835 3057 4003 3110 intci-

699 3199 707 3208 .
779 3153 930 3206 tam:
963 3142 1056 3195 sed
1089 3143 1245 3211 panis
1273 3143 1622 3196 eucharisliw
1645 3151 1699 3195 et
1722 3141 1863 3196 calix
1889 3141 2252 3204 eucharisﬁae.
2285 3140 2333 3193 id
2360 3169 2408 3231 ο
2439 3153 2688 3216 lexerint,
2717 3151 2882 3219 impie
2926 3147 3086 3203 simul
3132 3159 3185 3203 ei.
3225 3149 3420 3218 ignave
3458 3148 3625 3200 vitam
3669 3157 3874 3208 amant,
3903 3161 4002 3200 ve-

773 3241 881 3297 est,
921 3243 979 3286 ut
1016 3234 1131 3302 ipse
1156 3231 1400 3287 Justinus
1434 3234 1850 3302 interpretatur,
1883 3248 2010 3288 caro
2033 3242 2087 3286 et
2115 3233 2334 3301 sanguis

775 3321 900 3378 Jesu
948 3324 1214 3379 incarnati
1239 3365 1254 3388 ,
1287 3333 1413 3379 sunt
1448 3326 1664 3380 victima
1719 3338 1773 3380 et
1819 3326 2143 3380 sacrificium
2175 3323 2333 3379 Chri-

776 3414 1077 3468 stianorum
1113 3423 1168 3468 et
1219 3429 1285 3468 ex
1339 3415 1542 3468 Christi
1595 3423 1865 3483 praecepto
1911 3417 1978 3469 ad
2018 3415 2332 3470 memoriam

778 3506 923 3558 illius
951 3506 1216 3574 passionis
1255 3507 1638 3560 celebrandam
1675 3505 1828 3559 ﬁunt.

845 3595 960 3650 Non
996 3597 1188 3651 melius
1219 3598 1267 3650 ei
1312 3597 1556 3651 succedit
1600 3597 1652 3649 in
1700 3598 1807 3650 alio
1845 3596 2054 3667 Dialogi
2093 3599 2334 3654 testimo-

779 3689 900 3748 nio.
934 3703 988 3741 n.
1015 3687 1139 3750 117,
1178 3687 1265 3740 ubi
1304 3686 1548 3742 Justinus
1570 3688 1650 3741 sic
1674 3689 1948 3756 loquitur:
1985 3707 2003 3739 ι
2040 3687 2157 3756 Ipse
2185 3691 2336 3758 equi-

777 3780 897 3830 dem
928 3793 1121 3847 preces
1147 3786 1207 3832 et
1232 3779 1536 3847 gratiarum
1568 3778 1808 3832 actiones
1828 3819 1841 3842 ,
1873 3794 1991 3848 quae
2017 3779 2194 3850 dignis
2216 3795 2337 3851 per-

778 3879 1028 3938 aguntur,
1085 3869 1196 3923 sola
1239 3885 1362 3923 esse
1396 3869 1632 3939 perfecta
1664 3879 1719 3922 et
1762 3870 1873 3924 Deo
1914 3880 2132 3939 accepta
2169 3871 2338 3925 sacri-

779 3960 898 4013 licia
926 3959 1182 4013 concedo.
1216 3963 1396 4026 Atque
1423 3960 1538 4014 haec
1566 3959 1678 4014 sola
1717 3959 1902 4014 facere
1923 3959 2216 4016 Christiani
2247 3959 2335 4015 di-

775 4049 1048 4111 dicerunt,
1086 4062 1208 4102 cum
1257 4063 1355 4116 per
1394 4047 1703 4102 alimoniam
1756 4064 1908 4103 suam
1937 4051 2139 4104 siccam
2174 4049 2336 4103 simul

777 4149 833 4193 et
866 4139 1123 4208 liquidam
1157 4141 1438 4211 passionis
1477 4140 1642 4206 illius,
1677 4157 1838 4210 quam
1871 4151 2088 4211 propter
2126 4155 2221 4196 eos
2248 4140 2337 4194 Fi-

780 4230 883 4285 lius
911 4230 1006 4284 Dei
1036 4246 1229 4300 passus
1267 4241 1376 4296 est,
1411 4233 1843 4288 recordationem
1868 4232 2166 4289 celebrant.
2204 4252 2223 4284 ι
2259 4231 2334 4286 Ex

775 4320 863 4374 his
900 4321 1006 4376 duo
1034 4322 1308 4376 concludit
1355 4323 1438 4376 vir
1479 4323 1725 4378 eruditus
1779 4323 1835 4377 1⁸
1879 4321 2205 4376 Oblationem
2241 4339 2333 4376 ea-

776 4415 1109 4467 charisticam
1156 4431 1258 4468 non
1302 4431 1410 4468 esse
1447 4418 1715 4484 propriam
1740 4427 1833 4469 aut
1865 4416 2177 4485 perfectam,
2219 4431 2335 4469 curn

2441 3258 2555 3295 rum
2595 3256 2717 3298 esse
2749 3240 3120 3295 testimonium
3153 3240 3402 3295 dicentes
3430 3239 3793 3308 cognitionem
3823 3238 4001 3302 illius,

2437 3335 2528 3404 qui
2558 3347 2684 3388 vere
2704 3345 2787 3388 est
2805 3335 2943 3389 Deus
2965 3352 2977 3387 :
2996 3334 3136 3404 quod
3151 3333 3367 3402 quidem
3392 3341 3445 3384 et
3469 3347 3568 3385 nos
3590 3330 3937 3384 confitemur.
3975 3348 3997 3383 ι

2504 3424 2563 3477 5·
2604 3423 2802 3478 Panem
2840 3426 3284 3491 eucharisticum,
3318 3433 3375 3478 ut
3404 3422 3518 3491 jam
3546 3423 3680 3488 dixi,
3706 3423 4002 3492 conceptis

2435 3515 2618 3570 verbis
2650 3515 2888 3583 appellat
2916 3517 3268 3581 sacrificium,
3303 3530 3358 3568 n.
3399 3515 3491 3578 41,
3523 3529 3757 3584 eumque
3799 3514 4003 3568 distin-

2436 3605 2551 3671 guit
2591 3619 2620 3657 a
2658 3606 2930 3674 precibus,
2978 3621 3073 3675 per
3125 3620 3260 3674 quas
3307 3613 3697 3669 consecratur,
3743 3604 3896 3672 Apol.
3941 3607 4000 3671 1,

2438 3710 2492 3749 n.
2521 3694 2608 3748 66.

2506 3785 2564 3838 4ο
2602 3784 2798 3842 Preces
2841 3787 2965 3848 illae.
3006 3802 3140 3856 quas
3197 3787 3489 3842 Christiani
3554 3790 3608 3842 in
3668 3788 3999 3843 celebranda

2439 3877 2712 3945 passionis
2762 3879 3056 3933 Dominica:
3105 3880 3368 3934 memoria
3419 3880 3609 3936 facere
3656 3881 4001 3946 didicerunt,

2441 3968 2572 4022 nihil
2603 3969 2749 4024 aliud
2778 3980 2903 4025 sunt
2936 3987 3096 4042 quam
3124 3972 3329 4026 oblatio
3356 3974 3605 4042 corporis
3633 3983 3687 4027 et
3711 3973 4005 4040 sanguinis

2440 4059 2653 4114 Domini
2686 4077 2781 4128 pro
2817 4062 2954 4116 vivis
2983 4072 3038 4117 et
3070 4066 3320 4128 mortuis,
3347 4075 3404 4119 ut
3440 4065 3627 4119 videre
3657 4075 3742 4118 est
3771 4065 3823 4117 in
3855 4067 4004 4118 anti-

2437 4150 2695 4217 quissima
2732 4149 2943 4220 liturgia
2976 4151 3071 4206 lib.
3105 4167 3199 4206 viu
3247 4152 3530 4206 Constitut.
3563 4155 4002 4222 apostolicarum,

2439 4242 2595 4309 eique
2621 4242 2891 4295 simillima
2923 4257 3083 4311 quam
3116 4244 3168 4296 in
3197 4243 3351 4313 Apol.
3386 4247 3409 4298 1
3442 4245 3698 4299 describit
3721 4241 4000 4299 Justinus.

2440 4330 2531 4385 Sic
2555 4332 2699 4386 enim
2745 4332 2946 4387 habent
2971 4347 3181 4401 preces,
3216 4351 3336 4404 quae
3366 4346 3488 4406 post
3527 4338 4002 4392 consecrationem

2438 4420 2731 4474 funduntur
2769 4439 2786 4477 :
2826 4423 3208 4494 Προσφέρομέν
3252 4443 3355 4492 σοι,
3408 4427 3705 4495 (lfferimus
3757 4428 3853 4481 tibi
3899 4446 4002 4497 pro

777 4505 906 4557 sola:
947 4520 1123 4572 preces
1162 4506 1258 4558 hoc
1296 4524 1481 4561 nomen
1537 4517 1852 4562 mereantur.
1898 4510 1962 4561 2ο
2020 4507 2264 4561 Eamdem
2307 4525 2339 4561 a
2371 4502 2632 4579 DpOpulo
2662 4512 2782 4576 hoc,
2811 4525 2920 4571 etc.
2958 4514 3074 4568 Non
3109 4516 3227 4571 alia:
3254 4518 3497 4586 profecto
3532 4529 3654 4571 sunt
3683 4529 4006 4576 memorata

778 4593 1003 4647 Domino
1023 4605 1069 4648 et
1085 4598 1330 4661 apostolis
1349 4613 1448 4649 non
1467 4598 1768 4650 mandatam
1785 4609 1878 4651 aut
1893 4598 2184 4668 injunctam
2203 4614 2332 4654 esse.

847 4684 1006 4738 Ludit
1043 4700 1255 4755 semper
1289 4687 1339 4739 in
1379 4687 1626 4756 ambiguo
1656 4687 1894 4754 Pfaﬂius,
1922 4700 1976 4742 et
2006 4690 2332 4744 oblationem

778 4775 1192 4829 eucharisticam
1244 4777 1493 4847 intelligit
1536 4794 1678 4844 eam,
1711 4794 1830 4848 qua:
1877 4789 1970 4832 aut
2002 4794 2031 4833 a
2067 4780 2223 4834 laicis
2249 4796 2337 4835 sa-

779 4867 1003 4929 cerdoti,
1032 4877 1124 4920 aut
1149 4866 1218 4919 ab
1250 4869 1369 4936 ipso
1401 4878 1525 4923 ante
1551 4869 2027 4924 censecrationem
2066 4871 2123 4924 fit
2151 4885 2333 4924 sacer-

777 4955 922 5011 dote.
955 4955 1060 5010 Sed
1101 4958 1357 5010 alimonia
1389 4960 1534 5013 sicca
1579 4970 1635 5014 et
1665 4959 1891 5027 liquida,
1925 4975 2020 5028 per
2058 4976 2218 5028 quam
2248 4977 2335 5016 re-

778 5047 1030 5101 cordatio
1075 5049 1341 5115 passionis
1391 5050 1602 5104 Domini
1646 5051 1974 5114 celebratur,
2008 5052 2139 5104 nihil
2188 5052 2333 5105 aliud

777 5153 901 5192 esse
933 5148 1131 5207 potest,
1171 5151 1227 5194 ut
1256 5143 1390 5195 satis
1425 5143 1852 5198 demonstratum
1877 5155 1983 5210 est,
2011 5161 2171 5213 quam
2206 5161 2336 5201 caro

777 5235 833 5280 et
861 5227 1080 5298 sanguis
1107 5226 1230 5283 Jesu
1275 5231 1562 5286 iucarnati.
1595 5232 1699 5285 Sed
1746 5242 1922 5287 tamen
1953 5249 2021 5287 ne
2050 5236 2203 5290 nobis
2235 5239 2334 5290 ob-

782 5319 961 5372 trudat
985 5318 1202 5374 PfaiIius
1228 5321 1375 5376 solas
1409 5337 1598 5392 preces
1623 5325 1873 5379 sacrificii
1899 5341 2091 5380 nomen
2116 5327 2333 5390 mereri,

775 5411 964 5477 paucis
993 5411 1308 5480 explicanda
1339 5411 1538 5468 Justini
1566 5419 1858 5472 sententia.

845 5499 907 5553 ll.
947 5499 1068 5557 Non
1118 5504 1499 5558 animadvertit
1549 5506 1632 5561 Cl.
1679 5507 1898 5563 Pfafiius
1947 5509 2075 5579 quid
2114 5507 2335 5566 Justino

774 5593 1112 5662 propositum
1142 5596 1232 5649 sit.
1269 5595 1321 5648 1⁸
1357 5595 1613 5652 Utebatur
1664 5598 1720 5654 8.
1758 5611 1969 5670 martyr
2012 5613 2334 5671 argumento

774 5683 842 5733 ad
872 5679 1192 5737 refellendos
1225 5684 1440 5742 Judazos
1483 5688 1718 5744 maxime
1743 5692 2011 5760 apposito,
2045 5702 2101 5747 et
2122 5709 2186 5748 ex
2220 5693 2335 5748 Ma-

777 5771 960 5827 iachia
1008 5774 1266 5830 vaticinia
1318 5781 1658 5836 monstrabat
1713 5796 1807 5839 eos
1863 5798 2006 5839 vera:
2057 5784 2334 5850 religionis

2437 4617 2466 4655 a
2492 4601 2706 4657 Justino
2733 4619 2922 4673 preces
2949 4607 3002 4660 in
3023 4609 3273 4662 omnibus
3294 4610 3660 4664 oblationibus
3679 4627 3772 4679 pro
3789 4621 3998 4666 :eterna

2437 4695 2547 4747 vita
2585 4699 2983 4765 consequenda.
3005 4699 3158 4768 Apol.
3196 4701 3249 4765 l,
3288 4719 3342 4755 n.
3375 4701 3465 4756 66.

2504 4785 2587 4840 lll.
2631 4786 2860 4842 Gratum
2909 4805 2996 4845 me
3054 4792 3359 4863 legentibus
3403 4793 3674 4850 facturum
3724 4807 3889 4868 puto,
3947 4801 3998 4856 si

2437 4890 2621 4930 eorum
2670 4880 2842 4935 oculis
2889 4896 3158 4951 exponam
3205 4889 3506 4941 venerandi
3557 4889 4000 4946 Christianorum

2436 4969 2688 5023 sacrificii
2715 4971 3161 5041 descriptionem,
3191 4979 3371 5045 qualis
3403 4995 3431 5031 a
3456 4977 3676 5034 Justino
3699 4984 3800 5036 sub
3830 4983 4001 5039 linem

2435 5060 2588 5128 Apol.
2608 5061 2633 5113 1
2662 5057 2974 5118 summatim
3002 5068 3219 5125 texitur.
3248 5067 3462 5123 Initium
3482 5071 3628 5125 ducit
3655 5087 3684 5124 a
3703 5073 4000 5141 baptismo.

2442 5169 2460 5202 ι
2497 5151 2782 5217 Quomodo
2828 5166 3005 5211 autem
3044 5173 3141 5213 nos
3188 5159 3298 5214 Deo
3329 5166 3866 5230 consecraverimus,
3912 5167 4004 5220 in-

2435 5243 2576 5311 quit,
2617 5244 2771 5308 Apol.
2816 5246 2871 5308 1,
2910 5263 2965 5300 n.
3018 5248 3104 5310 6i,
3155 5265 3251 5317 per
3293 5249 3570 5304 Christum
3625 5254 3899 5321 renovati,
3939 5255 4004 5310 id

2437 5349 2655 5403 quoque
2682 5350 3040 5406 exponemus,
3074 5354 3140 5395 ne
3172 5341 3301 5409 quid
3347 5342 3611 5412 improbe,
3643 5343 3688 5398 si
3724 5343 3825 5399 hoc
3853 5359 4002 5413 prte-

2439 5427 2823 5498 termittamus,
2856 5430 2909 5484 in
2939 5433 3270 5488 enarrandis
3296 5435 3459 5490 rebus
3500 5450 3662 5501 agere
3687 5437 4000 5494 videamur.

2440 5515 2765 5588 Quicunque
2832 5535 3153 5590 persuasum
3209 5525 3502 5581 habuerint
3555 5537 3610 5582 et
3660 5529 3998 5582 crediderint

2437 5623 2568 5663 vera
2599 5623 2743 5677 esse,
2777 5626 2896 5680 qua:
2929 5627 2959 5666 a
2983 5613 3138 5668 nobis
3165 5615 3429 5670 docentur
3457 5627 3511 5672 et
3537 5618 4004 5687 dicuntur,seque

2435 5699 2510 5752 ita
2552 5699 2736 5754 vivere
2777 5717 2941 5770 posse
2990 5705 3370 5776 promiserint,
3413 5709 3449 5763 ii
3497 5708 3710 5778 precari
3754 5717 3810 5763 et
3845 5704 4000 5776 jeju-

2436 5799 2629 5846 nantes
2675 5791 2914 5861 priorum
2965 5804 3324 5865 peccatorum
3353 5799 3566 5856 veniam
3599 5815 3630 5853 a
3659 5800 3769 5856 Deo
3803 5808 3998 5869 petere
