4120 6458
230 450 289 503 77
1193 458 1251 514 D.
1292 455 1560 513 MARANI
1593 456 1987 516 PRAEFATIO.
2017 490 2089 503 —-
2123 461 2304 518 PARS
2336 461 2401 523 ll.
3391 479 3458 537 78

230 563 519 636 docentur,
548 569 704 627 nobis
750 587 858 627 una
906 577 1258 645 precantibus
1287 590 1343 635 et
1393 580 1780 650 iejunantibus.
1814 585 1862 641 Α
1892 581 1947 635 in
1992 584 2245 638 eumdem
2294 583 2474 641 locum
2514 587 2576 641 lit
2613 598 2937 656 conventus,
2975 598 3028 646 et
3066 602 3459 655 commentaria

230 654 427 714 Deinde
452 672 520 715 eo
546 664 817 720 ducuntur
841 683 873 721 a
894 667 1071 733 nobis,
1104 670 1195 724 ubi
1225 685 1363 741 aqua
1392 684 1495 737 est,
1514 686 1568 729 et
1592 675 1780 730 eodem

228 752 655 815 regenerationis
710 758 870 812 modo
922 771 1356 827 regenerantur,
1406 778 1515 832 quo
1574 776 1629 820 et
1678 768 1782 834 ipsi

224 856 412 899 sumus
434 848 765 915 regenerati.
794 847 925 902 Nam
955 848 1010 902 in
1041 852 1261 907 nomine
1293 854 1533 923 parentis
1564 855 1783 911 univer-

222 945 406 988 sorum
458 950 526 991 ac
570 937 776 993 Domini
825 939 920 995 Dei
962 956 1025 995 ac
1073 942 1376 999 Salvatoris
1429 948 1598 1001 nostri
1652 945 1779 1003 Jesu

224 1025 428 1082 Christi
470 1040 529 1084 et
559 1030 799 1099 Spiritus
841 1034 1015 1088 sancti
1062 1033 1342 1091 lavacrum
1385 1037 1437 1092 in
1483 1054 1621 1107 aqua
1653 1049 1780 1095 tunc

220 1120 544 1189 suscipiunt.
592 1140 611 1173 ι
648 1122 873 1181 Videtur
903 1123 1151 1182 Justinus
1196 1145 1305 1184 non
1343 1144 1405 1186 ea
1448 1130 1621 1186 solum
1666 1148 1780 1188 cre«

219 1210 375 1265 dendi
407 1220 464 1267 et
506 1214 723 1270 vivendi
764 1226 1039 1286 praecepta
1071 1220 1341 1287 indicare,
1370 1237 1487 1291 qua:
1534 1227 1777 1295 quotidie

218 1302 631 1359 catechumenis
660 1308 1031 1376 tradebantur,
1058 1312 1152 1366 sed
1174 1326 1236 1367 ea
1265 1313 1626 1383 potissimum,
1656 1332 1777 1386 quae

217 1408 335 1447 cum
364 1394 485 1462 ipso
514 1395 783 1464 baptismo
814 1398 1209 1470 iungebantur,
1253 1405 1512 1460 nimirum
1541 1408 1777 1463 interro-

214 1485 462 1558 gationes
489 1498 545 1542 et
579 1490 983 1558 responsiones.
1018 1494 1527 1554 abrenttntiationes
1570 1511 1623 1554 et
1648 1516 1775 1571 pro-

210 1576 510 1636 fessionem
538 1581 685 1638 ﬁdei.
726 1586 779 1641 id
812 1589 1097 1643 conﬁrmat
1136 1590 1403 1662 Justinus,
1442 1611 1497 1650 n.
1526 1595 1618 1653 65.
1648 1598 1770 1668 Ipsa

209 1669 296 1725 illa
324 1672 521 1737 verba,
552 1674 751 1731 Deinde
778 1696 838 1733 eo
865 1681 1132 1736 ducuntur
1153 1702 1184 1738 a
1218 1687 1363 1740 nobis
1386 1689 1474 1741 ubi
1501 1707 1640 1760 aqua
1667 1700 1768 1758 est,

206 1760 355 1816 aliud
388 1762 653 1833 suspicari
688 1780 794 1821 non
844 1770 1052 1825 sinunt.
1079 1770 1153 1825 Ex
1191 1775 1386 1842 quibus
1429 1775 1558 1829 illud
1598 1776 1763 1830 etiam

204 1840 356 1921 patet
400 1856 519 1911 hac
559 1859 739 1913 omnia
795 1860 847 1915 in
897 1862 1011 1931 ipsa
1073 1840 1307 1928 ecclesia
1359 1866 1549 1936 peragi
1605 1867 1763 1921 solita

203 1941 394 2010 fuisse,
435 1957 729 2017 antequam
766 1926 1126 2021 baptizandus
1172 1926 1239 2008 ad
1283 1926 1526 2010 sacrum"
1560 1956 1763 2011 fontem
1800 1926 1843 1986 Β

206 2039 530 2096 duceretur.
553 2038 645 2096 Sic
684 2043 849 2098 etiam
892 2043 1097 2115 jejunia
1135 2044 1224 2101 hic
1255 2056 1559 2102 memorata
1588 2048 1768 2118 bapti-

202 2140 382 2186 suum
421 2131 595 2203 ipsum
636 2140 883 2205 proxime
907 2137 1253 2203 antecedunt,
1289 2149 1344 2194 et
1373 2142 1440 2195 ab
1460 2139 1579 2195 aliis
1610 2142 1767 2197 Chri-

202 2221 399 2278 stianis
424 2238 533 2282 una
552 2240 673 2281 cum
707 2222 1035 2297 baptizando
1073 2229 1457 2298 observantur,
1489 2233 1650 2302 quale
1680 2242 1765 2289 est

200 2313 331 2368 illud
364 2315 639 2386 jejunium
669 2319 812 2387 quod
847 2318 1045 2375 Petrus
1074 2321 1251 2389 pridie
1287 2324 1536 2394 baptismi
1567 2324 1762 2380 indicit

201 2405 255 2461 in
294 2401 640 2463 Clementina
690 2410 880 2465 homil.
918 2411 1019 2476 13,
1065 2427 1122 2466 n.
1168 2413 1257 2467 12.
1306 2413 1425 2469 Vid.
1470 2415 1759 2475 Constitut.

198 2508 394 2567 epos!”
423 2500 520 2556 lib.
548 2515 641 2567 vn,
682 2516 732 2556 ιι.
755 2502 845 2558 22.

261 2588 408 2645 Nihil
456 2592 546 2647 hic
594 2593 665 2649 de
711 2607 1060 2655 sacramento
1106 2598 1549 2663 conﬁrmationis
1583 2599 1758 2658 Justi-

199 2697 298 2736 nus
330 2699 344 2736 :
382 2699 557 2755 neque
599 2686 653 2741 id
710 2688 930 2744 mirum.
967 2687 1084 2744 Non
1128 2691 1419 2747 catholicis
1464 2693 1756 2762 scribebat,

199 2776 291 2829 sed
324 2776 693 2845 imperatores
727 2781 973 2837 ethnicos
1003 2782 1406 2853 alloquebatur,
1439 2786 1580 2853 apud
1614 2800 1757 2855 quos

197 2865 420 2922 minime
444 2871 749 2924 necessaria
764 2882 886 2927 erat
911 2874 1071 2943 hujus
1100 2876 1177 2929 rei
1194 2876 1525 2931 enuntiatio.
1552 2875 1756 2933 Deinde

194 2969 320 3011 vero
348 2958 677 3028 baptismum
710 2962 785 3015 ita
816 2962 1356 3034 describitJustinus,
1374 2977 1433 3021 ut
1459 2968 1574 3035 ipse
1604 2967 1754 3022 illum

193 3045 592 3120 (presbyterum
620 3052 768 3108 enim
804 3052 971 3110 fuisse
996 3054 1272 3111 Justinutn
1314 3073 1421 3113 non
1454 3053 1590 3115 le'vis
1619 3075 1752 3115 con-

189 3137 396 3206 jectura
443 3141 550 3211 est)
592 3146 805 3201 solebat
845 3148 1274 3214 administrare;
1322 3149 1579 3204 nimirum
1633 3152 1753 3207 sine

192 3230 622 3299 conﬁrmatione,
652 3250 773 3305 qua
801 3238 1072 3309 episcopis
1108 3248 1389 3294 reservata
1424 3249 1563 3295 erat.
1594 3240 1749 3310 Saepe

191 3324 514 3379 eveniebant
541 3329 881 3399 presbyteris
924 3330 1235 3400 baptizandi
1280 3332 1620 3399 occasiones,
1649 3347 1747 3389 nec

192 3416 390 3472 maturi
413 3419 684 3488 baptismo
708 3422 777 3477 ob
800 3420 1062 3478 fervidam
1080 3424 1333 3495 pietatem
1365 3427 1747 3483 catechumeni

189 3506 453 3563 solemnes
477 3510 730 3579 baptismi
755 3511 872 3568 dies
895 3514 1310 3585 exspectabant.
1342 3505 1495 3571 Unde
1529 3516 1745 3573 Tertul-

189 3595 360 3653 liauus
396 3597 495 3653 lib.
536 3598 612 3655 De
655 3601 932 3670 baptismo,
966 3618 1016 3659 c.
1058 3604 1213 3659 19η
1258 3604 1524 3662 Ceterum
1568 3610 1747 3664 omnis

189 3688 301 3744 dies
332 3689 552 3748 Domini
581 3700 688 3758 est,
725 3694 906 3748 omnis
942 3694 1102 3761 hora,
1135 3710 1298 3751 omne
1324 3706 1535 3768 tempus
1559 3700 1744 3753 habile

189 3783 495 3853 baptismo:
519 3785 565 3839 si
592 3784 660 3841 de
680 3785 1023 3844 solemnitate
1048 3788 1297 3851 interest.
1323 3790 1390 3846 de
1405 3792 1577 3862 gratia
1608 3792 1741 3847 nihil

187 3872 431 3930 interest.
452 3893 472 3926 ι

250 3965 345 4022 ιν.
380 3966 625 4023 Necesse
656 3981 763 4022 non
798 3978 883 4024 est
911 3969 1206 4028 admonere
1244 3974 1295 4029 id
1333 3974 1476 4044 quod
1507 3976 1742 4047 quisque

184 4063 311 4117 satis
350 4060 637 4131 perspicit,
677 4060 950 4131 baptisma
1001 4074 1122 4131 post
1170 4065 1431 4122 dimissos
1482 4071 1743 4123 catechu-

186 4168 373 4207 menos
397 4162 456 4206 et
496 4151 821 4222 pmnltentes
857 4154 975 4209 dari
1020 4157 1237 4211 solitum
1268 4157 1455 4214 fuisse.
1489 4158 1648 4225 Nam,
1683 4170 1740 4215 ut

184 4255 324 4313 patet
378 4260 448 4301 ex
498 4244 847 4311 testimonio,
896 4247 1039 4317 quod
1091 4263 1219 4303 mox-
1269 4250 1593 4317 rel‘eremus,
1642 4255 1737 4323 qui

181 4337 483 4407 baptizatus
516 4335 709 4403 iuerat,
734 4338 915 4394 statim
942 4338 1308 4395 deducebatur
1332 4342 1399 4396 ad
1422 4344 1734 4417 ecclesiam,

180 4440 231 4482 et
262 4429 501 4499 liturgia:
528 4444 720 4499 preces
750 4429 968 4485 ﬁebant.
1007 4430 1269 4501 Synaxes.
1306 4432 1358 4486 in
1393 4435 1592 4503 quibus
1624 4453 1730 4490 non

178 4520 403 4574 dabatur
424 4520 757 4591 baptismus,
780 4523 859 4576 sic
878 4522 1112 4589 breviter
1133 4524 1412 4593 describit,
1444 4542 1498 4580 n.
1528 4528 1594 4581 67
1616 4544 1629 4583 :
1656 4529 1735 4601 Τῇ

176 4611 262 4665 τοῦ
306 4611 459 4683 ἡλίου
505 4609 771 4685 λεγομένῃ
810 4612 992 4684 ἡμέρᾳ
1044 4612 1258 4668 πάντων
1292 4616 1433 4669 κατὰ
1476 4616 1659 4681 πόλεις
1702 4618 1733 4689 ἢ
1769 4620 1812 4674 Ι)

175 4706 369 4777 ἀγροὺς
400 4704 669 4774 μενόντων
697 4703 789 4756 ἐπὶ
812 4703 870 4757 τὸ
896 4704 1025 4757 αὐτὸ
1060 4704 1363 4770 συνέλευσις
1391 4707 1619 4775 γίνεται,
1644 4711 1736 4762 καὶ

175 4798 234 4850 τὰ
260 4793 796 4866 ἀπομνημονεύματα
816 4794 923 4848 τῶν
950 4795 1280 4865 ἀποστόλων,
1304 4798 1335 4869 ἢ
1366 4798 1433 4852 τὰ
1453 4802 1736 4873 συγγράμ-

176 4906 310 4958 ματα
350 4887 462 4941 τῶν
493 4887 785 4960 προφητῶν
815 4887 1242 4956 ἀναγινώσκεται
1267 4891 1458 4963 μέχρις
1480 4894 1729 4965 ἐγχωρεῖ.

173 4976 295 5033 Εἶτα
340 4979 693 5048 παυσαμένου
730 4978 821 5032 τοῦ
870 4979 1357 5049 ἀναγινώσκοντος,
1402 4983 1429 5036 ὁ
1455 4984 1734 5055 προεστὼς

170 5070 248 5126 διὰ
272 5072 432 5140 λόγου
455 5071 554 5142 τὴν
573 5067 849 5125 νουθεσίαν
870 5073 963 5125 καὶ
990 5072 1287 5144 πρόκλησιν
1310 5074 1406 5145 τῆς
1424 5076 1533 5129 τῶν
1556 5076 1733 5129 καλῶν

173 5157 364 5213 τούτων
386 5160 671 5229 μιμήσεως
698 5162 947 5213 ποιεῖται.
965 5161 1195 5216 Ἔπειτα
1224 5163 1559 5237 ἀνιστάμεθα
1579 5170 1729 5238 κοινῇ

172 5254 381 5315 πάντες,
402 5254 495 5305 καὶ
511 5252 995 5325 εὐχὰςπέμπομεν·
1012 5255 1128 5321 καὶ,
1142 5255 1217 5317 ὼς
1241 5256 1573 5327 προὲφημεν,
1593 5275 1732 5312 παυ-

174 5347 410 5415 σαμένων
424 5348 456 5415 ἡ
466 5344 581 5416 μῶν
596 5344 695 5417 τῆς
710 5346 893 5418 εὐχῆς,
910 5348 1072 5417 ἄρτος
1086 5348 1451 5419 προσφέρεται
1480 5350 1573 5403 καὶ
1590 5347 1732 5416 οἶνος

172 5437 432 5509 nitidum,
458 5438 552 5490 καὶ
574 5434 892 5509 ὁπροεστὼς
922 5439 1089 5509 εὐχὰς
1119 5439 1317 5510 ὁμοίως
1358 5441 1448 5493 καὶ
1480 5444 1726 5518 εὐχαρισ-

171 5528 298 5593 τίας,
314 5531 418 5601 ὅση
431 5528 660 5598 δύναμις
674 5529 837 5605 αἰνιτῷἲ
851 5530 1185 5601 ἀναπέμπει,
1198 5530 1327 5585 καὶὸ
1345 5530 1470 5596 λαὸς
1490 5536 1730 5605 ἐπευφη-

176 5623 252 5691 μεῖ
264 5622 437 5690 λέγων
454 5620 515 5673 τὸ
530 5621 729 5689 Ἀμήν
747 5622 839 5676 καὶ
854 5624 889 5694 ἡ
903 5622 1135 5685 διάδοσις
1150 5622 1242 5677 καὶ
1307 5622 1604 5695 μετάληψις
1623 5628 1654 5678 ὰ
1666 5627 1730 5679 πὸ

173 5711 263 5764 τῶν
280 5713 777 5786 εὐχαριστηθέντων
794 5714 1008 5786 ἑκάστῳ
1018 5714 1249 5783 γίνεται,
1262 5716 1356 5770 καὶ
1371 5718 1482 5781 τοῖς
1497 5718 1555 5769 οὐ
1588 5731 1729 5790 παρ-

174 5800 273 5857 οῦσι
298 5807 389 5860 eis
420 5803 530 5860 τῶν
565 5807 825 5863 διακόνων
856 5809 1157 5880 πέμπεται.
1197 5826 1217 5860 t
1260 5809 1427 5876 Solis,
1474 5820 1531 5865 ut
1584 5812 1723 5866 dici-

182 5902 272 5963 tur,
295 5901 403 5966 die,
430 5902 673 5957 omnium
698 5901 810 5957 sive
834 5904 1015 5971 urbes,
1046 5907 1158 5959 sive
1182 5919 1339 5977 agros
1371 5905 1723 5963 incolentium

1886 672 2284 742 apostolorum,
2336 689 2431 732 aut
2480 681 2685 750 scripta
2731 684 3124 755 prophetarum
3177 689 3454 761 leguntur,

1885 768 2066 832 quoad
2097 767 2225 824 licet
2255 784 2352 840 per
2372 779 2606 841 tempus.
2633 774 2836 831 Deinde
2866 777 2958 832 ubi
2988 778 3161 835 lector
3191 783 3375 850 desiit,
3410 794 3458 839 ‘ts

1882 858 1974 925 qui
2006 868 2202 927 praeest
2230 861 2663 921 admonitionem
2698 870 2882 925 verbis
2913 880 2969 925 et
3014 872 3449 933 adhortationem

1883 948 1949 1001 ad
1982 965 2072 1004 res
2121 962 2227 1005 tam
2274 955 2567 1022 praeclaras
2614 959 2909 1017 imitandas
2965 967 3213 1035 suscipit.
3259 966 3453 1025 Postea

1880 1051 2070 1094 omnes
2116 1042 2280 1096 simul
2325 1049 2707 1118 consurgimus
2758 1062 2813 1106 et
2862 1068 3055 1122 preces
3108 1060 3449 1127 emittimus,

1879 1142 2062 1201 atque,
2091 1144 2148 1188 ut
2176 1135 2289 1205 jam
2323 1138 2586 1206 diximus,
2623 1142 2711 1197 ubi
2741 1145 3001 1202 desiimus
3033 1154 3269 1218 precari,
3297 1158 3453 1222 panis

1881 1224 2111 1281 ail‘ertur
2133 1239 2188 1284 et
2217 1230 2405 1285 vinum
2440 1243 2496 1287 et
2523 1248 2687 1303 aqua,
2720 1246 2773 1289 et
2798 1238 2889 1307 qui
2919 1251 3137 1308 praeest,
3174 1261 3366 1315 preces
3394 1262 3448 1303 et

1879 1321 2182 1387 gratiarum
2209 1324 2454 1377 actiones
2487 1328 2617 1381 totis
2645 1330 2855 1385 viribus
2885 1334 3108 1402 emittit,
3132 1346 3185 1390 et
3218 1342 3450 1408 populus

1878 1406 2179 1463 acclamat:
2220 1410 2408 1477 Amen,
2435 1424 2489 1469 et
2520 1430 2731 1485 eorum,
2769 1422 2820 1474 in
2856 1425 3055 1491 quibus
3093 1406 3451 1498 gratimiacta:

1875 1508 2045 1565 sunt,
2098 1501 2414 1561 distributio
2464 1506 2523 1561 lit
2572 1520 2629 1563 et
2681 1516 3105 1573 communicatio
3151 1523 3449 1596 Unicuique

1874 1592 2253 1661 praesentium,
2287 1606 2341 1651 et
2366 1598 2688 1656 absentibus
2718 1618 2813 1671 per
2844 1606 3102 1666 diaconos
3135 1592 3391 1670 mittitur.
3423 1638 3443 1671 ο

1872 1681 2013 1739 Huic
2047 1686 2283 1758 liturgia:
2322 1690 2601 1747 simillima
2633 1706 2716 1751 est
2749 1714 2835 1755 ea.
2860 1714 2981 1768 quae
3010 1703 3060 1756 in
3097 1703 3447 1763 Constitutio-

1872 1775 2025 1829 nibus
2048 1779 2350 1845 apostolicis
2385 1793 2567 1838 exstat
2600 1786 2696 1841 lib.
2724 1804 2843 1857 vm,
2872 1801 2926 1845 et
2961 1796 3222 1866 quidquid
3248 1798 3320 1855 ibi
3355 1818 3445 1856 ar-

1874 1863 2099 1923 ticulate
2122 1874 2438 1939 exponitur,
2475 1873 2525 1929 id
2542 1873 2789 1934 Justinus
2811 1863 3126 1941 summatim
3148 1888 3371 1948 indicat.

1939 1979 2032 2035 ille
2071 1984 2309 2039 omnium
2354 1988 2464 2041 sive
2511 1990 2664 2046 urbes
2698 1994 2803 2049 sive
2834 2012 2990 2066 agros
3018 2000 3357 2058 incolentium
3387 2008 3444 2062 in

1865 2076 2103 2129 eumdem
2151 2076 2324 2132 locum
2356 2091 2663 2151 conventus,
2721 2102 2827 2142 non
2876 2090 2994 2146 sine
3042 2094 3222 2165 aliqua
3280 2112 3444 2155 eme-

1869 2166 2055 2232 ptione
2102 2168 2504 2241 intelligendus.
2535 2170 2671 2229 Nam
2702 2179 2791 2233 ubi
2819 2182 3115 2240 vehemens
3165 2199 3285 2243 erat
3314 2205 3444 2259 per-

1865 2259 2098 2323 secutio,
2138 2260 2190 2315 id
2228 2258 2345 2317 ﬁeri
2376 2278 2483 2318 non
2528 2275 2744 2334 poterat
2780 2284 2794 2323 :
2824 2272 2967 2327 unde
3013 2258 3379 2347 interrogatus
3409 2299 3440 2335 a

1864 2351 2122 2420 praelecto
2169 2350 2416 2412 Justinus
2458 2374 2608 2430 quem
2647 2363 2703 2416 in
2733 2362 2905 2419 locum
2940 2366 3231 2426 Christiani
3256 2386 3439 2431 conos-

1864 2446 2059 2508 nirent,
2108 2434 2399 2517 respondet
2441 2468 2501 2506 eo
2537 2470 2959 2528 unumquemque
3007 2465 3290 2521 convenire
3336 2480 3438 2539 quo

1862 2535 1983 2589 velit
2039 2548 2132 2593 aut
2204 2542 2391 2609 possit.
2458 2561 2477 2595 ι
2536 2544 2644 2611 An,
2675 2546 2873 2618 inquit,
2902 2552 3188 2609 existimas
3243 2535 3437 2615 omnes

1862 2641 1961 2682 nos
2007 2629 2063 2685 in
2102 2633 2352 2688 eumdem
2404 2635 2578 2691 locum
2628 2652 2921 2697 convenire
2946 2643 3174 2701 solitos?
3208 2647 3434 2705 Minium

1861 2732 1950 2773 res
1978 2719 2052 2775 ita
2104 2737 2163 2777 se
2213 2723 2396 2781 habet.
2435 2745 2454 2779 ι
2486 2726 2753 2787 Praeterea
2788 2732 2841 2786 in
2880 2738 3089 2804 magnis
3119 2739 3434 2801 civitatibus

1860 2824 2001 2867 unus
2056 2828 2247 2871 omnes
2294 2816 2635 2877 Christianos
2678 2822 2833 2880 locus
2871 2828 3123 2898 excipere
3163 2846 3271 2887 non
3330 2851 3433 2906 pos

1860 2904 2071 2964 luisset.
2112 2908 2423 2976 Quinetiam
2453 2913 2643 2970 Romae
2683 2918 2935 2975 videntur
2959 2925 3234 2981 nonnullae
3266 2932 3433 2985 exsti-

1862 2997 1990 3051 tisse
2020 3002 2291 3067 ecclesiae,
2331 3004 2387 3058 in
2414 3007 2614 3074 quibus
2640 3010 2708 3064 ad
2738 3015 3080 3071 commodum
3107 3033 3319 3086 eorum,
3338 3026 3431 3094 qui

1857 3099 1921 3139 ex
1950 3086 2174 3145 Oriente
2211 3091 2445 3149 Romam
2477 3100 2792 3167 veniebant,
2840 3104 3061 3178 liturgia
3095 3110 3285 3167 Graeco
3321 3086 3432 3171 ritu

1857 3187 1912 3232 et
1950 3178 2141 3235 Graeca
2193 3184 2373 3257 lingua
2428 3190 2822 3250 celebraretur.
2878 3195 3011 3254 Nam
3064 3203 3432 3275 interrogatus

1778 3281 1820 3338 ο
1857 3286 1885 3325 a
1933 3274 2212 3342 praelecto,
2245 3292 2305 3333 ut
2337 3282 2499 3340 modo
2529 3287 2781 3355 vidimus,
2812 3288 3061 3353 Justinus
3087 3274 3332 3356 declarat
3371 3319 3430 3359 se

1857 3381 2087 3423 manere.
2098 3386 2259 3437 prope
2283 3373 2497 3441 domum
2524 3362 2744 3435 Martini
2773 3386 3059 3453 cujusdam
3074 3393 3143 3444 ad
3170 3393 3421 3450 balneum

1853 3469 2195 3527 cognomento
2236 3459 2603 3534 Timiotinum,
2629 3488 2693 3525 ac
2720 3489 2813 3544 p‘er
2834 3488 3000 3533 totum
3023 3490 3251 3551 tempus,
3281 3490 3427 3555 quod

1855 3548 2049 3606 Romae
2087 3552 2345 3617 traduxit.
2385 3558 2550 3614 alium
2580 3578 2859 3622 conventus
2882 3568 3055 3625 lorum
3083 3548 3187 3629 non
3219 3589 3426 3648 cogno-

1850 3640 2013 3699 visse.
2032 3642 2087 3699 in
2114 3646 2218 3701 hac
2244 3662 2375 3719 ergo
2402 3652 2565 3708 domo
2583 3661 2839 3727 mysteria
2857 3663 3072 3719 celebra
3084 3668 3125 3722 ri
3152 3668 3423 3739 solebant,

1852 3736 2014 3807 idque
2051 3738 2255 3797 Graecae
2300 3744 2561 3801 Ecclesia:
2593 3749 2698 3802 ritu
2753 3760 2806 3806 et
2853 3752 3073 3821 lingua;
3106 3766 3297 3828 utpote
3348 3736 3419 3818 ab

1850 3826 1968 3896 ipso
2018 3823 2256 3898 Justino,
2306 3844 2365 3886 ut
2414 3836 2711 3894 verisimile
2754 3850 2856 3906 est,
2890 3823 3187 3902 celebrata.
3240 3852 3422 3920 Atque

1849 3918 1907 3991 id
1932 3935 2111 3979 causa:
2138 3938 2260 3979 esse
2280 3935 2430 3994 puto,
2466 3942 2565 3983 cur
2604 3930 2823 4003 liturgia
2851 3950 2879 3989 a
2908 3936 2966 3991 S.
2992 3948 3230 4010 martyre
3253 3918 3422 4013 expo-

1846 4010 1975 4076 sita,
2004 4028 2113 4068 non
2155 4009 2439 4084 Romamn,
2470 4022 2563 4075 sed
2594 4023 2671 4089 ei,
2692 4038 2814 4095 quae
2844 4038 2928 4084 est
2975 4029 3028 4083 in
3071 4009 3417 4091 Constitui—io-

1846 4102 2000 4157 nibus
2028 4106 2355 4174 apostolicis,
2387 4111 2583 4167 similis
2618 4114 2709 4173 sit.
2737 4116 2841 4183 Qui
2868 4133 2993 4176 cum
3020 4116 3235 4178 Justino
3265 4140 3415 4181 com-

1844 4194 2097 4263 prehensi
2121 4211 2248 4254 sunt
2278 4210 2335 4255 et
2366 4215 2538 4258 morte
2563 4204 2826 4275 damnati,
2856 4212 3112 4269 videntur
3135 4211 3410 4274 Justinum

1844 4282 2102 4342 habuisse
2157 4289 2463 4345 animarum
2524 4308 2747 4351 suarum
2804 4308 3071 4357 rectorem
3124 4316 3181 4361 et
3224 4321 3292 4361 ex
3345 4310 3419 4369 iis

1843 4375 1997 4443 locis,
2023 4380 2322 4442 ubiGrzeca
2365 4385 2551 4459 lingua
2604 4391 2842 4460 vigebat,
2883 4392 3110 4451 Romam
3173 4401 3413 4457 venisse.

1842 4469 2046 4536 Qumrit
2119 4477 2263 4531 enim
2319 4493 2385 4533 ex
2438 4480 2506 4535 iis
2573 4484 2861 4549 praefectus
2904 4503 2972 4542 an
3023 4506 3127 4546 non
3165 4508 3261 4549 eos
3315 4495 3411 4549 Ju-

1842 4559 2021 4617 stinus
2085 4562 2428 4623 Christianos
2490 4554 3059 4641 ieceritiEvelpistus
3098 4595 3152 4632 se
3202 4580 3408 4637 Justini

1839 4667 2101 4709 sermones
2140 4674 2333 4729 magna
2365 4678 2484 4715 cum
2514 4664 2777 4733 voluptate
2799 4669 2985 4725 audire
3016 4671 3234 4728 solitum
3256 4676 3409 4735 dicit.

1834 4754 1887 4804 ιε
1945 4760 1975 4799 e
2021 4746 2388 4820 Cappadocia,
2423 4753 2625 4810 Hierax
2669 4756 2850 4815 Iconio
2894 4760 3127 4818 Romam
3160 4779 3405 4823 venerat.

1905 4883 2251 4955 Legebantur
2297 4886 2598 4956 Scriptum
2634 4887 2850 4947 Veteris
2906 4903 2962 4948 et
3024 4894 3158 4951 Novi
3210 4895 3409 4954 Testa-

1838 4980 2031 5038 menti.
2062 4990 2244 5046 atque,
2278 4990 2337 5033 nt
2375 4977 2751 5047 praescribitur
2779 4984 2875 5041 lib.
2909 5001 3037 5051 tt,c.
3068 4988 3160 5053 57,
3190 5006 3410 5048 earum-

1836 5071 1956 5123 dem
1999 5070 2285 5126 Gonstitut.
2316 5072 2577 5142 populum
2629 5075 2991 5132 hortabantur
3044 5081 3239 5153 singuli
3279 5100 3405 5154 pre-

1833 5165 2036 5249 sbyteri
2086 5176 2140 5219 et
2188 5176 2459 5235 postremo
2508 5169 2813 5237 episcopus.
2845 5171 2979 5226 Cum
3013 5174 3116 5229 hoc
3148 5181 3405 5245 praescri-

1836 5264 1929 5321 pto
1962 5269 2065 5308 non
2086 5265 2291 5325 pugnat
2319 5254 2586 5322 Justinus,
2617 5259 2709 5327 qui
2738 5274 2948 5315 summa
2978 5278 3157 5317 rerum
3184 5265 3401 5336 fastigia

1832 5354 2075 5407 enarrat,
2106 5354 2161 5399 et
2194 5344 2398 5399 idcirco
2425 5345 2560 5400 nihil
2590 5348 2656 5401 de
2704 5350 3107 5407 catechumenis
3148 5364 3203 5408 et
3229 5361 3405 5424 pteni-

1834 5436 2070 5489 tentibus
2090 5436 2290 5491 dimitti
2312 5438 2489 5492 solitis
2504 5438 2602 5503 ait,
2626 5455 2688 5493 ac
2715 5451 2974 5509 praeterea
2998 5459 3117 5500 eam
3148 5447 3401 5505 edisserit

1831 5525 2122 5597 liturgiam,
2156 5544 2274 5597 quae
2317 5530 2482 5584 etiam
2531 5532 2776 5587 ecclesiis
2806 5549 2969 5588 unum
3026 5542 3401 5595 tantummodo

1830 5620 2202 5690 presbyteenm
2228 5620 2948 5693 habentibus‘conveniebat,
2969 5628 2997 5679 ὁ
3019 5632 3319 5699 προεστώς,
3354 5632 3399 5685 is

1828 5719 1919 5786 qui
1935 5730 2144 5787 praeest,
2163 5720 2277 5774 sive
2296 5722 2583 5788 prwsidens
2601 5735 2741 5789 saepe
2762 5721 2900 5790 apud
2918 5724 3171 5794 antiquos
3185 5727 3400 5795 episco-

1828 5825 1954 5878 pum
1994 5812 2259 5883 designat,
2301 5813 2572 5868 interdum
2616 5815 2781 5869 etiam
2817 5816 3116 5885 presbyteri
3153 5818 3255 5871 hoc
3302 5819 3397 5870 do»

1830 5914 2028 5961 nantur
2058 5906 2294 5974 nomine,
2317 5908 2427 5961 imo
2454 5906 2632 5963 clerus
2650 5907 2949 5977 generatim
2977 5910 3389 5979 comprehendi-
