4120 6414
733 364 804 425 79
1641 361 1696 414 S.
1733 357 2061 414 JUSTINUS
2101 354 2578 410 PHILOSOPHUS
2617 356 2702 410 ET
2741 353 3048 409 MARTYB.
3879 348 3949 401 80

735 495 843 552 tur,
874 498 931 541 ut
958 489 1135 541 videre
1165 497 1247 540 est
1273 484 1410 553 apud
1444 482 1664 544 Euseb,
1687 482 1852 539 Hist..
1875 481 1968 532 lib.
2005 494 2118 538 vui,
2158 497 2205 528 c.
2236 478 2290 528 6.
2324 485 2366 537 Α
2400 478 2832 544 terrumpebatur
2894 471 3281 532 admonitione,
3309 481 3408 520 nec
3460 466 3683 534 papulus
3728 477 3954 532 respou-

799 581 859 634 ν.
895 579 1196 632 Secundam
1229 577 1456 640 liturgize
1507 583 1712 641 partem
1766 573 2073 626 indicathis
2113 569 2294 622 verbis

733 671 981 724 Justinus
1016 688 1029 722 :
1066 667 1255 720 Postea
1290 682 1462 718 omnes
1483 665 1636 717 simul
1662 664 2023 731 consurgimus
2045 679 2104 713 ac
2122 676 2293 728 preces

735 762 1038 813 emittimus.
1092 759 1291 810 Preces
1331 757 1432 808 illa!
1485 764 1746 807 vocantur
1791 752 2140 822 κηρύγματα,
2186 753 2295 804 sive

735 850 1155 919 praedicationes
1181 849 1234 900 in
1266 847 1424 915 epist.
1457 846 1558 899 155
1597 846 1653 898 5.
1687 843 1894 897 Basilii.
1927 842 2296 894 Aununtiahat

735 957 828 995 eas
879 940 1162 1000 diaconus,
1194 948 1249 991 ut
1293 939 1475 991 videre
1534 947 1616 988 est
1659 936 1709 987 in
1754 934 1847 985 lib.
1877 949 1966 986 vui
2011 932 2298 984 Constitut.

734 1043 929 1102 apost.,
956 1033 1043 1085 ubi
1085 1031 1162 1083 sic
1205 1030 1600 1090 describuntur,
1633 1038 1692 1079 ut
1721 1041 1812 1079 eas
1849 1024 2002 1078 facile
2027 1025 2098 1077 sit
2136 1039 2295 1090 agno-

735 1138 888 1179 scere
941 1125 989 1176 in
1033 1124 1116 1175 his
1161 1119 1354 1174 Justini
1398 1120 1579 1173 verbis
1615 1136 1667 1170 n.
1702 1119 1770 1171 65
1810 1137 1821 1169 :
1875 1136 1892 1167 ‹
1954 1116 2062 1170 Nos
2117 1127 2294 1171 autem

733 1227 1018 1287 postquam
1051 1232 1196 1277 eum,
1229 1216 1318 1283 qui
1356 1214 1514 1268 [idem
1563 1227 1716 1265 suam
1765 1220 1820 1265 et
1857 1225 2136 1264 assensum
2204 1209 2297 1261 do-

733 1313 924 1365 ctrinre
973 1321 1168 1363 nostra:
1221 1318 1446 1361 testatus
1499 1314 1603 1368 est,
1645 1307 1721 1358 sic
1762 1304 2055 1367 abluimus,
2082 1303 2146 1354 ad
2179 1317 2295 1361 eos.

733 1402 822 1470 qui
857 1403 1109 1455 dicuntur
1143 1399 1360 1460 fratres,
1379 1398 1716 1459 deducimus,
1745 1398 1831 1449 ubi
1870 1396 1943 1448 illi
1982 1395 2292 1464 congregati

733 1505 878 1555 sunt,
936 1509 1248 1547 communes
1303 1506 1491 1559 preces
1532 1500 1586 1543 et
1638 1505 1736 1555 pro
1767 1489 2194 1554 nobismeIipsis.
2243 1495 2297 1540 et

734 1600 834 1650 pro
853 1599 916 1638 eo
944 1584 1032 1652 qui
1071 1582 1395 1636 illmninatus
1426 1590 1596 1643 est,et
1619 1594 1713 1647 pro
1750 1577 1868 1631 aliis
1895 1578 2090 1644 ubique
2123 1575 2295 1627 omni-

736 1676 834 1729 bIs
874 1676 1085 1728 intento
1119 1674 1300 1725 animo
1333 1672 1550 1734 tacturi,
1579 1681 1634 1723 ut
1660 1669 1902 1723 veritatis
1932 1666 2296 1733 cognitionem

734 1766 918 1833 adepti
963 1765 1062 1816 hac
1107 1764 1268 1818 etiam
1314 1762 1489 1831 gratia
1519 1760 1824 1828 dignemur,
1857 1752 1921 1808 'ut
1949 1765 2147 1810 rectam
2173 1768 2297 1822 ope-

2398 571 2556 625 debat
2594 570 2792 630 Amen,
2835 565 2935 619 nisi
2989 563 3208 617 omnino
3259 559 3504 612 absoluta
3561 564 3724 610 esset.
3771 554 3957 607 Utras-

2399 675 2501 729 que
2555 673 2776 728 preces,
2836 657 2884 708 id
2939 663 3055 716 est,
3109 661 3159 705 et
3209 665 3339 714 eas,
3379 643 3776 717 quaedimissis
3811 650 3957 696 cate-

2398 749 2677 802 chumenis
2715 756 2766 800 et
2806 743 3218 815 paenitentibus.
3258 748 3312 792 et
3350 753 3469 800 eas,
3510 750 3629 803 quze
3667 735 3734 786 ad
3774 745 3959 787 conse-

2398 843 2694 895 crationem
2751 835 3091 892 eucharistia:
3143 832 3365 894 licbant,
3420 827 3621 882 indicat
3660 825 3718 877 S.
3761 821 3959 876 Firmi-

2397 931 2572 984 lienus
2631 930 2682 982 in
2740 926 2963 995 epistola
3018 925 3154 977 inter
3212 918 3557 988 Cyprianicas
3597 913 3700 976 75,
3744 910 3833 963 ubi
3890 909 3958 963 de

2397 1019 2624 1088 quadam
2683 1017 2904 1068 muliere
2967 1010 3296 1081 nequissima
3356 1015 3407 1060 et
3461 1001 3792 1073 prophetiam
3846 998 3956 1052 sibi

2397 1119 2675 1179 arrogante
2729 1109 2807 1161 sic
2865 1107 3102 1174 loquitur
3147 1121 3213 1156 ε(
3262 1100 3434 1153 Etiam
3487 1097 3589 1149 hoc
3642 1093 3958 1159 frequenter

2401 1217 2528 1254 ausa
2571 1210 2670 1264 est,
2709 1208 2765 1250 ut
2801 1210 2852 1251 et
2891 1197 3225 1250 invocatione
3263 1206 3369 1244 non
3409 1183 3795 1253 contemptibili
3833 1195 3961 1234 san-

2399 1293 2632 1346 ctiﬁcare
2671 1306 2728 1344 se
2769 1304 2957 1359 panem
2997 1296 3049 1340 et
3087 1283 3468 1339 eucharistiam
3513 1277 3688 1330 lacere
3728 1271 3958 1328 simula-

2400 1396 2497 1446 ret,
2537 1393 2589 1438 et
2642 1382 2963 1434 sacriﬁcium
3021 1376 3247 1431 Domino
3299 1387 3405 1426 non
3461 1370 3576 1424 sine
3613 1373 3957 1420 sacramento

2397 1477 2566 1532 solita}
2604 1471 3001 1543 praedicationis
3050 1467 3284 1522 offerret.
3330 1484 3347 1516 ι
3392 1460 3666 1517 lnvocatio
3705 1457 3794 1510 illa
3845 1469 3956 1509 non

2395 1563 2810 1633 contemptibilis
2878 1559 3164 1628 respondet
3239 1553 3461 1626 prolixis
3527 1551 3596 1605 ad
3663 1562 3956 1604 consecra-

2399 1659 2596 1711 tionem
2657 1651 2992 1707 eucharistia:
3059 1648 3339 1717 precibus;
3399 1648 3796 1697 sacramentum
3863 1647 3958 1691 so-

2390 1751 2493 1803 lita:
2534 1744 2929 1819 praedicationis
2969 1739 3215 1808 congruit
3252 1734 3633 1791 communibus
3673 1727 3956 1799 precibus,

736 1823 888 1910 ribus
925 1858 1090 1907 vitam
1125 1823 1352 1922 agentes
1394 1861 1446 1905 et
1492 1823 1885 1919 praeceptorum
1931 1846 2178 1898 custodes
2215 1845 2296 1897 in-
2327 1831 2527 1912 Bquas
2557 1841 2668 1911 jam
2707 1835 2815 1891 disi
2869 1850 2899 1889 s
2939 1841 3124 1888 sancto
3162 1829 3361 1883 Basilio
3400 1823 3814 1898 praedicationes
3849 1827 3958 1873 ω-

732 1950 1032 2012 veniamur,
1065 1961 1172 2016 quo
1217 1946 1442 1999 salutem
1499 1951 1760 1994 aeternam
1848 1952 2222 2006 assequamur.
2273 1956 2291 1988 ι

732 2039 902 2094 Recte
925 2077 937 2092 .
959 2038 1088 2091 dicit
1129 2035 1369 2088 Justinus
1414 2049 1506 2101 pro
1556 2031 1677 2084 aliis
1707 2030 1895 2097 ubique
1919 2029 2158 2081 omnibus
2201 2028 2298 2083 has

732 2148 924 2204 preces
977 2131 1110 2184 ﬁeri.
1147 2127 1316 2191 Nam,
1355 2136 1413 2179 ut
1447 2126 1629 2178 videre
1657 2133 1740 2178 est
1788 2123 1880 2175 lib.
1923 2137 1959 2175 ll
1993 2120 2298 2188 Constitut.,

732 2236 783 2276 c.
815 2220 1156 2282 57,0rabant
1183 2235 1278 2283 pro
1309 2217 1549 2269 uniuersa
1581 2213 1945 2279 Ecclesia,pro
1966 2222 2070 2265 toto
2104 2216 2299 2266 mundo

729 2323 778 2367 et
830 2316 945 2380 ejns
986 2310 1248 2379 partibus,
1282 2317 1333 2360 et
1361 2306 1597 2374 frugibus
1623 2317 1798 2371 terra’,
1822 2322 1915 2373 pro
1949 2305 2301 2357 sacerdotibus

731 2412 781 2457 et
815 2401 1121 2461 rectoribus,
1141 2414 1233 2465 pro
1259 2411 1460 2449 summo
1487 2395 1777 2460 sacerdote,
1817 2411 1910 2462 pro
1943 2409 2060 2462 rege
2083 2409 2144 2444 ac
2169 2410 2295 2459 pace

733 2491 1036 2544 uniuersali.
1055 2487 1213 2540 Plura
1231 2487 1349 2539 vide
1368 2486 1459 2538 lib.
1485 2501 1599 2548 vIII,
1621 2502 1671 2538 c.
1689 2485 1708 2537 l
1723 2485 1745 2537 l
1763 2496 1814 2538 et
1831 2485 1989 2553 epist.
2009 2484 2108 2538 l55
2139 2481 2298 2536 Basil.

801 2579 1275 2635 Consecratiouem
1303 2577 1664 2638 eucharistize,
1689 2591 1808 2644 qua:
1854 2576 2124 2643 prmcipua
2179 2589 2304 2642 pars

732 2680 814 2726 est
855 2671 1105 2740 liturgise.
1137 2670 1216 2722 sic
1243 2667 1459 2720 uberius
1498 2668 1748 2720 edisserit
1784 2683 1836 2718 n.
1867 2666 1933 2718 65
1961 2680 1976 2718 :
2023 2665 2304 2735 Ἀλλήλους

733 2763 997 2833 φιλήματι
1021 2759 1378 2830 ἀσπαζόμεθα
1404 2757 1740 2827 παυσάμενοι
1769 2756 1876 2809 τῶν
1905 2756 2096 2825 εὐχῶν.
2127 2757 2307 2808 Ἐπει-

733 2874 802 2909 ea.
835 2855 1198 2927 προσφέρεται
1231 2852 1307 2922 τῷ
1342 2851 1640 2922 προεστῶτι
1691 2849 1800 2902 τῶν
1846 2849 2086 2918 ἀδελφῶν
2123 2849 2302 2919 ἄρτος,

735 2947 829 2999 καὶ
863 2951 1115 3015 ποτήριον
1143 2943 1330 3004 ὓδατος
1364 2944 1455 2994 καὶ
1489 2943 1786 3012 κράματος,
1808 2941 1898 2993 καὶ
1926 2936 2074 3004 οὗτος
2108 2939 2303 3003 λαϐὼν,

733 3033 883 3090 αἶνον
933 3036 1026 3088 καὶ
1067 3033 1223 3098 δόξαν
1256 3033 1332 3104 τῷ
1365 3034 1536 3106 Harp).
1571 3033 1674 3086 τῶν
1706 3033 1840 3086 ὅλων
1872 3033 1957 3086 διὰ
1988 3032 2078 3085 τοῦ
2111 3033 2306 3102 ὀνόμα-

733 3143 824 3189 τος
856 3126 947 3178 τοῦ
971 3123 1099 3178 Υἱοῦ
1146 3124 1238 3176 καὶ
1271 3123 1364 3177 τοῦ
1398 3123 1711 3193 Πνεύματος
1753 3123 1844 3174 τοῦ
1882 3122 2031 3190 ἁγίου
2073 3122 2308 3190 ἀναπέμ-
2333 3153 2375 3208 C

734 3233 828 3270 πει
852 3234 863 3244 ·
903 3216 994 3267 καὶ
1047 3213 1396 3284 εὐχαριστίαν
1430 3212 1570 3282 ὑπὲρ
1599 3210 1692 3264 τοῦ
1714 3208 2076 3278 κατηξιῶσθαι
2108 3207 2306 3260 τούτων

736 3311 866 3380 παρ’
893 3306 1056 3359 αὐτοῦ
1091 3308 1182 3359 ἐπὶ
1215 3307 1353 3359 πολὺ
1389 3307 1640 3356 ποιεῖται.
1679 3297 1752 3356 Ob
1789 3301 2192 3361 συντελέσαντος
2211 3300 2304 3360 τὰς

735 3397 901 3467 εὐχὰς
936 3399 1030 3450 καὶ
1064 3394 1158 3466 τὴν
1195 3394 1564 3468 εὐχαριστίαν,
1601 3393 1754 3455 πᾶ.ςὸ
1787 3391 1976 3458 παρὼν
2006 3389 2129 3451 λαὸς
2149 3392 2309 3441 ἐπευ-

737 3491 910 3559 φημεῖ
931 3488 1121 3554 λέγων,
1138 3485 1340 3555 Ἀμήν.
1361 3487 1432 3537 Τὸ
1457 3485 1512 3537 δὲ
1546 3483 1802 3554 ἀμήν-,τῇ
1819 3482 2050 3553 Ἐὁραίδι
2065 3483 2234 3550 φωνῇ,
2251 3481 2309 3532 τὸ

737 3580 967 3648 γένοιτο
983 3578 1253 3650 σημαίνει.
1309 3575 1811 3646 Εὑχαριστήσαντος
1839 3573 1895 3624 δὲ
1924 3572 2014 3625 τοῦ
2037 3570 2310 3642 προεστῶ-

737 3686 828 3731 to;
858 3671 950 3722 καὶ
983 3673 1191 3739 ὲπευφη
1201 3671 1467 3738 μήσαντος
1486 3665 1681 3727 παντὸς
1701 3665 1791 3718 τοῦ
1811 3663 1960 3726 λαοῦ,
1985 3666 2032 3717 οἱ
2054 3662 2311 3731 καλούμε-

738 3776 820 3812 νοι
842 3759 968 3827 παρ’
986 3760 1118 3827 ἡμῖν
1139 3757 1392 3817 διάκονοι,
1409 3755 1638 3806 διδόασιν
1658 3754 1869 3820 ἑκάστῳ
1888 3753 1992 3804 τῶν
2031 3752 2308 3820 παρόντων

744 3848 1065 3920 μεταλαϐεῖν
1087 3847 1193 3900 ἀπὸ
1221 3847 1314 3899 τοῦ
1337 3842 1815 3916 εὐχαριστηθέντος
1838 3843 2000 3912 ἄρτου
2029 3841 2120 3894 καὶ
2144 3841 2306 3903 οἴνου,

742 3941 836 3993 καὶ
854 3940 1065 4001 ὓδατος,
1081 3938 1174 3991 καὶ
1192 3941 1301 4000 τοῖς
1325 3938 1383 3990 οὐ
1407 3935 1666 4006 παροῦσιν
1683 3933 2028 4003 ἀποφέρουσι.
2042 3951 2058 3981 ι
2080 3931 2307 3985 Invicem

748 4030 937 4085 osculo
978 4031 1301 4091 salutamus,
1326 4029 1411 4081 ubi
1438 4027 1694 4079 desiimus
1737 4025 1962 4091 precari.
2001 4023 2198 4074 Deinde
2236 4022 2307 4082 ei,

741 4121 834 4190 qui
862 4119 1120 4173 fratribus
1136 4128 1350 4182 praeest,
1373 4117 1525 4184 panis
1553 4114 1774 4168 aﬂ‘ertur
1803 4123 1854 4167 et
1887 4114 2134 4181 poculum
2158 4127 2308 4181 aqua:

743 4221 799 4264 et
827 4211 962 4274 viui,
982 4210 1182 4278 quibus
1209 4209 1296 4262 ille
1319 4207 1584 4276 acceptis,
1613 4207 1825 4258 laudem
1854 4216 1906 4257 et
1937 4205 2160 4272 gloriatur
2191 4205 2310 4255 uni-

743 4317 1030 4355 versorum
1076 4299 1288 4368 parenti
1320 4313 1420 4365 per
1457 4312 1651 4350 nomen
1685 4296 1807 4348 Filii
1832 4306 1888 4349 et
1915 4295 2151 4361 Spiritus
2183 4312 2309 4348 sau-

746 4393 820 4446 cti
867 4391 1091 4451 emittit,
1127 4399 1181 4442 et
1222 4388 1632 4450 eucharistiam,
1669 4388 1782 4440 sive
1815 4387 2110 4456 gratiarum
2143 4389 2310 4440 actio~

2391 1949 2636 2071 carII’iIulo
2666 2012 2937 2067 dillicilius
2964 2011 3028 2064 ad
3060 2008 3435 2080 explicandum
3470 2008 3708 2071 videtur,
3733 2019 3832 2060 cur
3867 2001 3966 2058 Ju-

2400 2110 2578 2163 stinus
2609 2120 2905 2159 communes
2939 2117 3114 2169 preces
3156 2098 3385 2171 appellet
3418 2113 3533 2163 eas,
3580 2112 3698 2166 quae
3723 2095 3968 2150 dimissis

2402 2195 2805 2252 catechumenis
2845 2201 2903 2246 et
2947 2192 3334 2263 ptenitentibus
3371 2189 3593 2253 ﬁebant,
3623 2201 3822 2256 easque
3858 2185 3969 2239 hac

2403 2295 2621 2347 notione
2673 2299 2918 2346 secernat
2967 2290 3034 2343 ab
3086 2290 3172 2354 iis,
3204 2303 3323 2357 qua:
3369 2289 3437 2342 ad
3491 2286 3970 2346 consecrationem

2403 2385 2745 2440 eucharistia:
2774 2386 3062 2452 pertinent.
3085 2379 3384 2448 Utrumque
3405 2381 3550 2433 enim
3583 2381 3970 2447 precationum

2403 2491 2571 2545 genus
2599 2472 2959 2527 communiter
2991 2469 3147 2522 [lebat
3167 2467 3422 2522 Ecclesia
3443 2467 3692 2531 nomine;
3719 2467 3785 2520 ad
3815 2479 3971 2519 com-

2407 2581 2594 2622 munes
2631 2577 2821 2633 preces
2858 2561 3119 2615 diaconus
3151 2558 3414 2612 invitabat
3457 2558 3711 2627 p0pulum
3739 2559 3975 2627 ejusque

2406 2656 2568 2709 animi
2599 2652 2948 2707 attentionem
2979 2648 3314 2714 suscitabat;
3341 2648 3406 2702 ad
3433 2648 3828 2704 eucliaristicas
3851 2648 3975 2716 ipse

2407 2748 2660 2804 sacerdos
2709 2745 2954 2804 dicendo,
2998 2743 3224 2798 Sursum
3272 2741 3453 2795 corda.
3494 2741 3797 2795 Discrimen
3841 2739 3976 2793 inde

2407 2854 2585 2897 ortum
2638 2847 2768 2910 puto
2817 2838 2957 2905 quod
2998 2836 3174 2906 populi
3211 2851 3305 2890 vos
3347 2836 3399 2889 in
3432 2835 3610 2903 primo
3632 2835 3977 2905 precationis

2409 2948 2606 3005 genere
2627 2930 2926 2991 audiretur,
2949 2929 3003 2980 in
3029 2929 3200 2980 altero
3224 2938 3402 2980 autem
3433 2927 3606 2981 solius
3628 2928 3934 2982 sacerdotis
3956 2945 3975 2983 :

2410 3025 2550 3076 unde
2590 3020 2649 3075 S.
2683 3020 2969 3090 Dionysius
3017 3017 3420 3070 Alexandrinus
3462 3018 3528 3070 de
3553 3017 3791 3084 quodam
3829 3015 3977 3071 laico

2408 3116 2486 3169 ait
2538 3114 2674 3182 apud
2729 3109 2922 3164 Euseb.
2956 3109 3049 3162 lib.
3079 3123 3175 3172 vn,
3205 3122 3254 3161 c.
3285 3107 3342 3169 9,
3365 3122 3486 3160 eum
3533 3105 3851 3175 frequenter
3873 3123 3980 3161 au-

2412 3206 2610 3260 vidisse
2644 3201 3048 3262 eucharistiam,
3110 3199 3226 3252 sive
3258 3197 3555 3266 gratiarum
3596 3197 3889 3262 actionem,
3918 3208 3982 3253 et

2411 3295 2755 3364 respondisse
2782 3291 2963 3344 Amen.
2987 3290 3092 3343 Sed
3116 3289 3256 3342 aliud
3285 3298 3388 3354 est,
3408 3287 3549 3356 quod
3581 3287 3633 3341 in
3659 3287 3760 3340 hoc
3783 3288 3985 3340 discri-

2409 3388 2550 3438 mine
2600 3383 2935 3437 observando
2968 3379 3028 3433 S.
3057 3389 3348 3448 martyrem
3401 3386 3646 3431 secutum
3690 3377 3978 3432 existimo.

2410 3475 2626 3532 Sciebat
2674 3487 2864 3542 preces
2917 3472 3054 3534 illas,
3087 3485 3220 3538 quas
3253 3484 3571 3524 communes
3600 3479 3779 3534 vocat,
3804 3482 3872 3521 ex
3903 3482 3979 3522 eo

2409 3579 2526 3618 esse
2546 3577 2760 3633 genere.
2779 3561 2921 3630 quod
2953 3560 3342 3613 sacerdotalem
3369 3560 3744 3612 characterem
3778 3571 3980 3613 neces-

2409 3657 2554 3708 sario
2605 3669 2708 3707 non
2765 3653 3035 3720 requirat;
3069 3651 3472 3705 eucharisticas
3518 3660 3699 3703 autem
3730 3650 3884 3703 nullo
3918 3652 3976 3702 in

2410 3753 2674 3800 conventu
2719 3742 2969 3796 eﬂ'ectum
3007 3756 3163 3810 posse
3197 3742 3402 3807 sortiri,
3432 3741 3532 3794 nisi
3557 3755 3654 3809 per
3680 3755 3805 3793 eum
3828 3740 3985 3793 cele-

2411 3836 2657 3900 brentur,
2691 3834 2783 3902 qui
2814 3833 2918 3889 hoc
2956 3835 3277 3888 charactere
3304 3833 3546 3901 signatus
3581 3839 3637 3885 et
3669 3831 3979 3900 impressus

2411 3926 2504 3981 sit.

2485 4018 2568 4072 Vl.
2609 4019 2683 4071 De
2714 4031 2868 4070 sacra
2920 4015 3297 4070 communione
3349 4029 3452 4068 non
3503 4015 3979 4082 pmtermittenda

2411 4119 2536 4164 sunt
2577 4111 2690 4162 hare
2734 4106 2928 4161 Justiui
2979 4108 3140 4159 verba
3181 4122 3194 4157 :
3228 4123 3247 4155 ι
3284 4107 3464 4174 Atque
3495 4107 3597 4160 hoc
3647 4107 3976 4160 alimentum

2413 4205 2549 4270 apud
2604 4214 2703 4254 nos
2747 4207 2974 4252 vocatur
3032 4195 3364 4251 eucharistia
3405 4196 3560 4264 cujus
3611 4197 3817 4251 nemini
3844 4197 3983 4253 licet

2411 4307 2530 4346 esse
2573 4289 2843 4359 participi,
2880 4287 2982 4340 nisi
3010 4287 3100 4356 qui
3137 4287 3322 4340 credat
3345 4301 3474 4340 vera
3514 4301 3636 4341 esse
3661 4302 3784 4356 qua:
3806 4287 3981 4343 doce-

2415 4398 2554 4446 mus,
2574 4391 2734 4451 atque
2763 4379 2854 4432 illo
2878 4381 2942 4432 ad
2973 4378 3346 4431 remissionem
3371 4387 3718 4446 peccatorum
3740 4388 3798 4432 et
3821 4393 3982 4448 rege-

746 4498 896 4546 nem,
937 4497 1034 4551 pro
1078 4481 1164 4533 his
1217 4481 1284 4532 ab
1320 4479 1410 4532 illo
1443 4478 1681 4545 acceptis
1714 4477 1868 4530 donis
1913 4476 2124 4545 prolixe
2149 4491 2303 4529 exse-
2338 4492 2382 4545 υ
2416 4473 2749 4527 nerationem
2806 4470 3023 4524 lavacro
3072 4469 3292 4522 ablutus
3324 4467 3506 4531 fuerit,
3544 4479 3601 4522 et
3632 4472 3707 4526 ita
3738 4470 3888 4524 vivat
3917 4481 3984 4528 ut

743 4576 957 4646 quitur.
992 4571 1285 4638 Postquam
1318 4582 1508 4637 preces
1539 4577 1590 4618 et
1623 4568 2006 4620 eucharistiam
2056 4565 2303 4627 absolvit,

745 4665 976 4734 populus
1027 4663 1206 4714 omnis
1248 4661 1555 4714 acclamat:
1587 4657 1769 4710 Amen.
1801 4660 1970 4711 Amen
1998 4667 2175 4710 autem
2209 4656 2297 4711 lle-

743 4761 888 4809 braaa
923 4754 1105 4822 lingua
1143 4752 1280 4804 idem
1324 4750 1468 4802 valet
1498 4763 1559 4800 ac
1586 4745 1730 4801 Fiat.
1760 4748 2048 4816 Postquam
2081 4762 2210 4801 vero
2241 4748 2295 4799 is.

743 4847 835 4915 qui
868 4851 1092 4912 praeest,
1119 4857 1310 4908 preces
1339 4839 1570 4893 absolvit
1598 4848 1651 4891 et
1684 4839 1912 4908 populus
1932 4838 2110 4891 omnis
2132 4839 2306 4891 accla-

746 4937 944 4998 mavit;
995 4935 1085 5003 qui
1139 4933 1279 4999 apud
1342 4946 1440 4984 nos
1470 4931 1725 4983 dicuntur
1759 4930 1971 4983 diaconi
2000 4943 2220 4995 panem,
2256 4939 2310 4982 et

745 5028 958 5092 vinum,
981 5037 1035 5079 et
1088 5040 1304 5092 aquam,
1333 5024 1382 5075 in
1408 5022 1604 5091 quibus
1646 5023 1829 5091 gratim
1855 5031 1991 5074 acta:
2015 5031 2160 5083 sunt,
2188 5023 2307 5073 uui-

745 5117 942 5185 cuique
991 5115 1340 5179 praesentium
1392 5111 1762 5179 participamla
1799 5113 2132 5165 distribuunt
2162 5120 2215 5164 et
2243 5112 2308 5165 ad

748 5206 1004 5257 absentes
1037 5202 1336 5270 perierunt.
1371 5220 1388 5250 ι
1422 5201 1536 5253 Non
1569 5201 1781 5255 diﬂicile
1806 5212 1890 5255 est
1914 5202 2184 5268 explicare
2212 5217 2310 5255 cur

747 5296 892 5348 dicat
944 5292 1193 5347 Justinus
1253 5292 1590 5345 sacerdotem
1647 5292 2033 5345 eucharistiam
2111 5292 2310 5359 prolixe

747 5385 994 5453 exsequi.
1031 5382 1160 5436 Erat
1209 5382 1355 5434 enim
1405 5383 1517 5435 hazc
1551 5381 1728 5434 oratio
1767 5382 1939 5435 multo
1969 5381 2179 5447 longior
2223 5381 2308 5446 iis,

749 5491 869 5544 qua:
922 5483 1338 5544 praecesserant,
1375 5483 1430 5526 ut
1473 5478 1585 5527 suis
1617 5474 1846 5542 quisque
1893 5472 2064 5525 oculis
2093 5486 2314 5525 cernere

750 5576 926 5636 potest
962 5566 1058 5621 lib.
1092 5580 1183 5618 Vill
1215 5565 1523 5627 Constitut.,
1551 5578 1670 5631 cap.
1705 5565 1790 5625 12,
1827 5575 1881 5617 et
1921 5563 2167 5631 quamvis
2195 5563 2312 5630 plu-

751 5659 889 5710 rima
929 5665 984 5710 et
1014 5667 1138 5709 ante
1166 5665 1221 5709 et
1262 5667 1380 5724 post
1417 5655 1883 5709 consecrationem
1922 5654 2309 5721 complectere.

753 5758 858 5813 tur,
892 5747 1035 5801 nullo
1086 5757 1264 5801 tamen
1309 5748 1663 5801 diaconorum
1707 5746 2033 5812 ministerio,
2057 5745 2199 5798 nulla
2231 5747 2314 5799 in«

2409 4566 2654 4619 Christus
2703 4562 2938 4617 tradidit.
2973 4582 2991 4614 ι
3019 4562 3244 4616 Videtur
3290 4562 3348 4616 S.
3387 4561 3594 4632 Martyr
3633 4578 3741 4618 non
3796 4564 3979 4620 solum

2409 4659 2748 4710 sacerdotum
2794 4656 3035 4710 indicare
3059 4667 3244 4706 curam
3281 4663 3341 4707 et
3371 4654 3804 4709 sollicitudinem
3839 4665 3901 4709 ut
3948 4673 3983 4712 ι

2409 4749 2786 4802 communione
2841 4755 3160 4800 arcerentur
3224 4745 3454 4815 indigni,
3482 4745 3576 4798 sed
3614 4746 3781 4799 etiam
3810 4748 3880 4800 ad
3908 4763 3979 4802 ea

2412 4840 2698 4907 respicere.
2716 4853 2833 4906 qua:
2857 4839 3104 4907 proxime
3133 4845 3261 4889 ante
3278 4838 3719 4891 communionem
3745 4838 3982 4903 ﬂebant,

2411 4948 2534 4987 cum
2575 4933 2830 4984 sacerdos
2864 4930 3102 4983 diceret:
3129 4927 3330 4983 Sancta
3379 4929 3686 4992 sanctis,aet
3741 4931 3986 5000 populus

2413 5021 2771 5089 responderet
2805 5042 2815 5073 :
2851 5017 2996 5072 Unus
3043 5030 3280 5085 sanctus,
3314 5035 3451 5074 unus
3502 5019 3763 5074 Dominus
3813 5020 3984 5078 Jesus

2411 5110 2676 5166 Christus.

2483 5198 2673 5270 Magno
2707 5201 2908 5255 bonore
2931 5198 3188 5254 diaconos
3217 5209 3379 5270 auget
3408 5199 3674 5269 Justinus,
3694 5205 3738 5258 si
3770 5215 3989 5261 utram-

2411 5306 2515 5360 que
2541 5293 2773 5360 speciem
2803 5302 3176 5346 consecratam
3205 5293 3271 5346 ab
3300 5293 3381 5347 eis
3409 5293 3668 5347 distribui
3699 5306 3936 5352 testatur
3968 5327 3981 5356 ι

2412 5383 2502 5452 qui
2539 5382 2751 5450 quidem
2812 5384 2944 5436 ritus
2970 5397 3070 5436 nec
3107 5383 3160 5435 in
3202 5381 3443 5437 Romana
3467 5384 3710 5440 Ecclesia
3735 5390 3984 5460 vigebat,

2415 5488 2511 5527 nec
2543 5473 2594 5525 in
2621 5470 3088 5544 Jerosolymitaua,
3120 5490 3222 5528 nec
3250 5476 3303 5528 in
3343 5491 3409 5530 ea
3443 5478 3526 5531 cui
3553 5479 3808 5535 addictus
3855 5497 3986 5539 erat

2415 5565 2460 5617 is
2500 5565 2589 5632 qui
2631 5566 2889 5632 aposwlis
2934 5562 3347 5621 Constitutiones
3381 5573 3688 5638 supposuit.
3725 5573 3832 5626 Sed
3872 5576 3986 5631 duo

2415 5654 2550 5718 loca,
2605 5655 2657 5707 in
2705 5657 2898 5723 quibus
2944 5653 3190 5710 Justinus
3231 5660 3296 5712 de
3326 5661 3675 5717 eucharistia:
3709 5664 3981 5720 distribu-

2417 5747 2562 5801 tione
2596 5745 2859 5815 loquitur,
2894 5748 2975 5803 sic
3015 5749 3268 5804 videntur
3299 5752 3663 5823 intelligenda,
3692 5766 3750 5809 ut
3779 5772 3985 5823 panem
