4120 6460
242 440 300 496 8i

1258 451 1317 506 D.
1361 452 1623 509 MARANl
1651 454 2032 512 PBAEFATIO.
2071 488 2139 499 -
2175 457 2354 514 PARS
2386 457 2448 515 ll.

3388 470 3468 523 ετ

242 571 613 614 consecratum
659 562 871 617 diaconi
919 570 984 620 ad
1031 571 1283 625 absentes
1314 575 1629 640 pertulisse,
1663 579 1794 631 cali-
1822 584 1865 638 Α
1895 587 1975 632 εει
2036 591 2128 631 €05
2174 579 2651 649 dispensandam”
2682 578 3012 637 οδίδίίοηωη
3039 593 3220 652 panes
3247 585 3452 656 aliquas

239 665 346 702 cem
406 655 762 720 prmsentibus
816 661 1159 717 distribuisse
1193 666 1457 728 dicantur.
1493 673 1632 736 quod
1667 673 1788 739 qui-

238 741 347 793 dem
385 742 640 800 Ecclesia:
683 751 1058 807 consuetudini
1093 767 1512 812 consentaneum
1547 763 1782 829 reperie-

237 839 316 881 tur
369 829 641 904 Restringi
698 839 940 905 profecto
992 842 1182 898 debent
1215 844 1272 898 S.
1307 850 1556 918 martyris
1597 851 1780 916 verba,

233 917 313 969 ubi
344 920 410 972 de
432 924 745 980 absentibus
764 929 961 998 agitur,
993 940 1046 984 et
1075 933 1140 988 de
1161 933 1272 987 solo
1298 951 1435 1004 pane
1465 950 1780 996 consecrato

232 1009 631 1078 intelligendum
690 1022 831 1086 quod
880 1022 1000 1075 ait:
1038 1021 1139 1087 Qui
1197 1029 1336 1092 apud
1392 1045 1484 1081 nos
1532 1031 1779 1084 dicuntur

227 1099 432 1153 diaconi
461 1119 668 1168 panem,
691 1117 739 1159 et
769 1109 957 1175 vinum,
986 1122 1030 1163 et
1057 1128 1270 1181 aquam,
1294 1115 1347 1166 in
1377 1117 1564 1184 quibus
1595 1123 1778 1187 gratia:

225 1201 352 1242 acte:
385 1202 529 1258 sunt,
553 1197 831 1266 unicuique
854 1204 1182 1266 praesentium
1205 1207 1569 1274 participanda
1597 1212 1776 1264 distri-

225 1279 385 1333 buunt
436 1295 486 1335 et
536 1287 605 1338 ad
650 1291 885 1344 absentes
914 1295 1204 1361 perferunt.
1235 1297 1311 1350 Ad
1343 1300 1594 1356 absentes
1622 1305 1768 1358 enim

222 1371 358 1423 solus
404 1375 560 1439 panis
613 1391 962 1434 consecratus
1008 1383 1238 1451 perferri
1303 1387 1537 1444 solebat.
1592 1393 1767 1449 Simili

219 1461 425 1515 ratione
456 1467 884 1537 restringendum
939 1471 992 1526 id
1023 1477 1162 1542 quod
1193 1477 1256 1530 de
1286 1483 1640 1546 praesentibus
1685 1488 1770 1541 di-

214 1551 380 1614 citur;
428 1553 482 1606 hi
521 1557 665 1609 enim
723 1559 790 1612 ad
843 1561 1021 1617 altare
1075 1569 1404 1624 accedebant
1438 1581 1493 1627 et
1539 1578 1766 1644 primam

210 1640 439 1705 speciem
473 1642 542 1696 de
570 1660 730 1698 manu
755 1649 1054 1706 sacerdotis
1079 1660 1387 1723 sumebant;
1417 1660 1559 1713 calix
1584 1664 1768 1717 distri-

210 1727 474 1784 bnebatur
506 1747 537 1786 a
577 1735 842 1795 diaconis.
876 1741 1087 1797 Usitata
1120 1748 1469 1807 eratJustino
1495 1753 1606 1807 haec
1638 1757 1766 1809 duo-

208 1834 318 1872 rum
377 1825 665 1878 verborum
705 1834 770 1882 ad
802 1847 888 1885 res
934 1833 1175 1892 diversas
1220 1843 1606 1907 pertinentium
1633 1861 1761 1900 con-

198 1908 428 1975 junctio;
469 1918 772 1986 exemplum
807 1935 968 1990 supra
1021 1928 1258 1984 vidimus
1299 1947 1421 2000 cap.
1451 1935 1504 1996 4,
1553 1938 1639 1988 ubi
1689 1937 1754 1991 de

203 2002 402 2068 angelis
425 2003 626 2060 Justini
657 2012 1020 2068 testimonium
1048 2020 1424 2088 expendimus.
1458 2026 1614 2080 Aliud
1652 2030 1752 2082 ha-

201 2091 385 2148 bemus
414 2097 501 2151 his
535 2099 586 2151 in
621 2102 798 2158 verbis
831 2104 1064 2176 Dialog.,
1092 2126 1146 2164 n.
1177 2110 1266 2164 82.
1299 2130 1316 2163 t
1339 2113 1416 2168 Ne
1438 2115 1751 2186 Scripturas

197 2194 247 2234 et
275 2184 552 2242 Christum
584 2190 932 2261 blasphemiis
963 2204 1229 2268 appetatis
1262 2214 1354 2258 aut
1392 2184 1748 2274 prave—inter-

197 2278 394 2341 pretari
444 2282 729 2339 studeatis.
771 2307 790 2338 ι
831 2285 901 2341 Ut
955 2289 1294 2361 blasphemia:
1339 2299 1405 2352 ad
1447 2298 1745 2368 Christum,

196 2377 358 2429 prava
395 2368 772 2439 interpretatio
803 2379 868 2430 ad
903 2380 1214 2449 Scripturas
1242 2388 1556 2457 referenda,
1592 2395 1662 2446 ita
1692 2395 1744 2448 in

193 2455 536 2514 diaconorutn
589 2467 782 2521 muniis
829 2472 1015 2525 eadem
1069 2477 1374 2534 adhibenda
1438 2483 1741 2551 distinctio,

191 2546 258 2596 ita
309 2558 364 2599 ut
413 2553 639 2607 calicem
691 2563 1049 2624 prtestntibus
1101 2570 1464 2637 distribuisse,
1514 2575 1742 2634 alteram

189 2639 415 2698 speciem
442 2642 509 2693 ad
550 2643 801 2702 absentes
832 2655 1117 2718 pertulisse
1145 2658 1415 2716 dicantur.
1453 2663 1543 2718 Sic
1577 2668 1740 2720 etiam

188 2723 548 2786 Tertullianus
578 2733 652 2786 De
675 2740 876 2803 pudia,
910 2757 959 2797 c.
989 2746 1008 2797 Ι
1043 2763 1055 2798 :
1089 2745 1171 2801 Ex
1193 2763 1330 2804 metu
1355 2761 1400 2804 et
1427 2766 1540 2808 toto
1562 2759 1741 2810 (τιενηὶ

186 2818 312 2886 ignis
351 2833 400 2873 et
435 2826 596 2893 regni.
622 2827 805 2884 Altero
831 2833 882 2885 in
921 2835 1038 2891 loco
1075 2855 1177 2893 non
1214 2844 1605 2903 dicitJustinus
1641 2865 1739 2903 eu-

186 2911 495 2965 charistiam
549 2923 902 2984 praesentibus
947 2928 1195 2983 distribui
1241 2949 1269 2986 a
1311 2937 1578 3000 diaconis,
1640 2943 1736 2996 sed

188 3008 388 3052 tantum
433 3004 501 3056 ad
555 3008 807 3063 absentes
856 3013 1007 3081 ferri,
1034 3022 1172 3085 quod
1207 3026 1423 3090 quidem
1457 3030 1616 3085 facile
1649 3043 1736 3086 est

186 3089 244 3138 de
275 3091 444 3156 prima
473 3098 655 3162 specie
683 3102 998 3172 intelligere.
1031 3110 1117 3163 Ait
1139 3115 1282 3166 cnitn
1320 3135 1332 3168 :
1379 3135 1396 3168 t
1430 3120 1646 3186 Eorum,
1682 3125 1733 3178 in

194 3181 388 3247 quibus
411 3188 598 3250 gratiae
634 3202 770 3245 acta:
818 3209 959 3259 sunt,
996 3202 1304 3259 distributio
1334 3209 1390 3265 fit
1413 3220 1464 3262 et
1491 3227 1733 3267 commn-

187 3273 378 3329 nicatio
435 3281 731 3351 unicuique
786 3295 1233 3358 prmsentium,et
1273 3302 1590 3358 absentibus
1636 3323 1732 3374 per

184 3367 434 3423 diaconos
484 3374 734 3431 mittitur.
773 3398 790 3428 ι
821 3383 991 3436 Allata
1044 3401 1071 3438 a
1127 3387 1341 3445 Valesio
1380 3398 1623 3465 exempla
1677 3402 1729 3453 itt

185 3460 317 3512 notis
351 3461 418 3513 ad
459 3461 597 3518 (list.
626 3466 844 3538 Enseb.,
876 3489 924 3541 p.
953 3475 1053 3530 136
1081 3488 1130 3530 et
1163 3480 1288 3545 518,
1323 3487 1384 3536 de
1425 3460 1732 3545 solo‘calice

183 3549 346 3615 accipi
388 3553 604 3608 debent.
639 3558 788 3624 Quod
840 3569 982 3619 enim
1016 3570 1092 3622 ait
1137 3583 1325 3626 auct0r
1349 3576 1515 3631 libelli
1544 3579 1616 3632 De
1652 3598 1731 3635 se-

180 3656 305 3700 prem
337 3646 589 3709 gradibus
637 3650 900 3719 Ecclesiae,
938 3668 975 3711 t.
1022 3660 1063 3714 V
1107 3661 1441 3736 Hieronymi,
1491 3686 1542 3736 p.
1582 3673 1681 3725 £02
1715 3697 1726 3729 :

178 3725 316 3780 Sicut
366 3734 420 3784 in
462 3741 732 3793 sacerdote
768 3753 1111 3814 consecratio,
1138 3754 1208 3805 ita
1265 3758 1317 3810 in
1368 3761 1605 3814 ministro
1652 3777 1724 3818 est

177 3830 482 3880 sacramenti
533 3832 916 3899 dispensatio...
941 3843 1029 3896 ille
1070 3848 1244 3900 oblata
1283 3855 1594 3918 sanctiﬁcat,
1640 3856 1724 3909 hic

177 3918 501 3982 sanctiﬁcata
573 3924 868 3993 dispensat;
950 3934 999 3987 id
1048 3937 1159 4003 ipse
1232 3944 1391 4007 paulo
1467 3955 1590 4012 post
1662 3949 1726 4001 de

176 4009 334 4061 calice
377 4015 617 4078 exponit,
660 4031 816 4083 quem
860 4036 971 4089 post
1017 4036 1458 4087 consecrationem
1497 4039 1726 4091 omnium

177 4114 614 4160 sacramentorum
660 4126 687 4162 a
735 4112 962 4169 diacono
1019 4123 1154 4172 tradi
1202 4133 1443 4178 testatur.

242 4215 507 4272 Diaconos
550 4220 789 4279 Justinus
841 4233 1125 4286 excludere
1174 4236 1383 4291 videtur
1431 4241 1497 4295 ab
1537 4256 1722 4299 earum

177 4319 345 4359 rerum
392 4310 792 4377 dispensatione
814 4357 827 4381 ,
859 4335 991 4386 quas
1033 4322 1214 4377 ﬁdeles
1248 4326 1312 4376 ad
1356 4329 1486 4382 cieri
1519 4332 1718 4388 victum

170 4405 219 4446 et
249 4399 454 4452 cultum
497 4403 810 4461 oﬂ'erehant.
868 4409 957 4464 Sic
1013 4415 1153 4466 enim
1214 4415 1479 4486 loquitur,
1526 4440 1577 4475 n.
1608 4423 1718 4476 67:

175 4507 189 4535 ι
226 4489 322 4555 Qui
358 4495 710 4552 abundantet
765 4501 971 4565 volunt,
1010 4520 1106 4559 suo
1133 4508 1359 4564 arbitrio
1398 4516 1535 4580 quod
1570 4518 1718 4582 quis-

169 4595 264 4647 que
293 4585 408 4637 vult
439 4587 681 4657 largitur,
715 4602 764 4646 et
793 4597 930 4662 quod
963 4597 1229 4665 colligitur
1255 4605 1390 4670 apud
1431 4621 1551 4658 eum
1579 4647 1592 4671 ,
1626 4612 1718 4678 qui

169 4685 374 4735 praeest.
407 4678 709 4744 deponitur,
737 4699 800 4736 ac
846 4684 958 4751 ipse
1011 4691 1259 4741 subvenit
1311 4696 1522 4762 pupillis
1552 4711 1608 4750 et
1638 4705 1718 4752 vi-

167 4764 296 4827 duis,
329 4778 384 4819 et
414 4771 479 4823 iis
512 4775 599 4838 qui
628 4777 705 4828 vel
741 4781 809 4831 ob
851 4786 1113 4848 morbum,
1149 4789 1229 4840 vel
1281 4791 1438 4843 aliam
1479 4793 1546 4843 ob
1594 4809 1720 4846 cau-

167 4865 272 4902 sam
304 4868 484 4925 egent,
540 4872 648 4914 tum
679 4868 838 4919 etiam
898 4872 964 4924 iis
1018 4877 1107 4941 qui
1145 4876 1196 4929 in
1235 4879 1463 4935 vinculis
1494 4895 1619 4935 sunt
1665 4897 1719 4939 et

163 4944 567 5002 advenientibus
617 4968 839 5024 peregre
879 4960 1210 5030 hospitibus;
1260 4983 1365 5022 uno
1412 4973 1572 5024 verbo
1601 4988 1718 5025 om-

165 5035 303 5087 nium
345 5039 700 5105 indigentium
741 5064 926 5102 curam
956 5056 1202 5123 suscipit.
1223 5079 1241 5110 ι
1284 5061 1406 5115 ΙΙωο
1438 5073 1614 5116 tamen
1640 5069 1716 5120 sic

165 5127 413 5191 explicari
447 5144 688 5197 possunt,
725 5148 780 5190 ut
810 5157 1013 5197 sutnma
1065 5155 1358 5205 auctoritas
1412 5171 1575 5220 penes
1606 5157 1716 5224 cpi-

166 5231 344 5284 scopus
380 5218 548 5275 fuisse
577 5227 804 5289 dicatur,
848 5233 1240 5292 administratio
1289 5245 1581 5313 episcopali
1618 5264 1712 5299 att-

166 5309 395 5359 t-toritati
450 5312 689 5380 subjecta
741 5335 904 5387 penes
964 5329 1245 5383 diaconos.
1301 5331 1428 5386 Nam
1485 5352 1603 5389 cum
1656 5341 1707 5393 in

164 5395 374 5450 tenuit.
405 5414 598 5469 etpost,
629 5407 717 5462 lib.
746 5429 805 5477 tt,
842 5432 893 5471 c.
934 5418 1022 5484 ‘25,
1055 5424 1239 5474 eadem
1282 5426 1548 5480 tribuatur
1599 5433 1710 5499 epi-

163 5499 311 5552 scopo
352 5502 612 5561 potestas,
641 5516 701 5553 ac
729 5505 778 5556 in
814 5507 911 5560 hac
934 5507 1124 5566 Justini
1179 5521 1486 5574 narratione
1515 5539 1526 5584 ;
1558 5536 1706 5590 post-

163 5587 236 5634 ελ,
264 5593 312 5630 c.
347 5579 409 5632 3|
446 5595 500 5635 et
530 5587 614 5649 5'2,
645 5599 1008 5658 praescribitur
1031 5603 1278 5660 diaconis
1307 5618 1361 5660 ttt
1389 5613 1517 5664 niltil
1553 5632 1706 5681 pror-

167 5685 241 5717 aus
289 5672 498 5739 iniussu
549 5682 780 5753 episcopi
828 5688 1162 5760 largiantur;
1196 5702 1334 5766 quod
1386 5717 1701 5772 argumento

219 5828 411 5883 "’lsai.
445 5850 488 5889 ι.
528 5834 609 5888 ΞΟ.

1895 667 2233 724 sustinuisse.

2485 780 2711 837 CAPUT
2752 782 2839 837 Xl.

1896 885 1970 939 De
1996 890 2183 943 aniniae
2223 893 2615 946 immortalitate
2654 906 2700 947 et
2742 897 3034 952 dwmonum
3085 916 3146 952 ac
3185 903 3442 958 malorum

2064 961 2328 1013 hominum
2357 975 2478 1016 ante
2507 974 2788 1020 extremum
2812 968 3074 1036 judicium
3103 981 3263 1026 statu.

1881 1089 1918 1136 l.
1941 1090 2122 1155 Justini
2159 1096 2431 1144 testimonia
2450 1096 2511 1143 de
2535 1098 2896 1146 immortalitate
2932 1099 3212 1150 animarum.
3237 1102 3296 1152 Il.
3321 1107 3438 1155 Cum

1941 1151 2018 1222 his
2047 1166 2141 1200 non
2160 1163 2388 1222 pugnant
2430 1171 2541 1222 quae
2569 1160 2798 1222 leguntur
2838 1161 2977 1208 initio
3004 1161 3212 1222 Dialogi.
3237 1151 3438 1214 mir";

1943 1213 2101 1277 tianus
2144 1213 2420 1264 defenditur
2449 1213 2690 1267 'adversvus
2728 1221 3058 1270 doctissimum
3103 1213 3328 1273 abbatem
3351 1213 3435 1277 ide

1939 1271 2261 1360 hoaguerqeé‘
2381 1279 2644 1360 Scriptura
2668 1271 3245 1360 etfatrumJtestimonia
3260 1271 3437 1360 itaSi/eiii:

1934 1328 2128 1383 Justino
2151 1335 2441 1408 et'Tatiano.
2552 1328 3042 1408 [gemonesnondum
3066 1347 3178 1406 igne
3219 1351 3433 1408 torqueri

1934 1397 2179 1445 existimat
2200 1399 2436 1448 Justinus.
2459 1399 2541 1448 Vl.
2563 1401 2636 1449 De
2662 1400 2799 1451 malis
2820 1397 3241 1456 hominibusvaliud
3263 1397 3429 1458 sentit.

1941 1523 1982 1576 I.
2015 1523 2304 1592 Postquam
2338 1529 2566 1584 disserui
2603 1530 2666 1585 de
2699 1532 2954 1587 subsidiis
2978 1550 3005 1588 a
3045 1537 3263 1592 Christo
3309 1538 3429 1594 Sal-

1871 1623 2054 1667 vatore
2099 1617 2165 1668 ad
2207 1626 2468 1670 aeternam
2516 1620 2678 1672 vitam
2738 1625 3046 1690 concessis,
3077 1630 3322 1696 sequitur
3371 1643 3430 1686 ut

1867 1703 1993 1770 quid
2020 1702 2268 1759 Justinus
2294 1706 2358 1759 de
2377 1709 2680 1762 animarum
2707 1721 2852 1765 statu
2876 1725 2998 1782 post
3026 1729 3274 1784 mortem,
3298 1722 3426 1787 qttid

1866 1794 1929 1847 de
1961 1794 2228 1862 justorum
2280 1811 2710 1865 resurrectione,
2767 1806 2884 1860 sive
2937 1809 3003 1861 de
3071 1825 3233 1878 regno
3278 1815 3424 1868 mille

1791 1908 1833 1962 Β
1863 1901 2125 1942 annorum
2180 1892 2448 1955 senserit,
2506 1895 2833 1950 examinem.
2886 1897 2991 1954 Sed
3036 1903 3161 1969 quia
3209 1914 3426 1960 exstant

1856 1979 2106 2032 nonnulla
2134 1996 2254 2034 cum
2281 1983 2418 2050 apud
2455 1982 2512 2036 S.
2534 1994 2842 2054 martyrem,
2875 1998 2980 2042 ttnn
3016 1994 3154 2060 apud
3187 1995 3424 2064 discipu-

1854 2067 1959 2120 lum
1992 2067 2108 2135 ejus
2136 2069 2442 2139 'l‘atianum,
2499 2089 2617 2142 qua
2650 2090 2770 2129 cum
2801 2079 3102 2133 animarum
3139 2082 3426 2139 immorta-

1852 2158 2000 2211 litate
2023 2174 2262 2229 pugnare
2291 2176 2396 2216 non
2424 2165 2578 2230 pauci
2625 2165 2960 2233 existiment,
2989 2171 3123 2226 nihil
3151 2174 3299 2240 prius
3332 2175 3416 2229 fa-

1850 2248 2121 2312 ciendum,
2147 2265 2304 2317 quam
2331 2259 2387 2304 ut
2433 2263 2680 2306 accurate
2716 2257 2993 2325 vestigem,
3024 2264 3151 2330 quid
3192 2274 3420 2334 uterque

1851 2332 1933 2386 his
1961 2334 2024 2388 de
2061 2337 2219 2390 rebus
2248 2339 2496 2403 senserit;
2531 2359 2596 2394 an
2638 2345 2918 2412 suppliciis
2966 2353 3177 2407 animas
3211 2355 3282 2408 ita
3316 2356 3418 2409 im-

1853 2423 2115 2478 minutum
2136 2427 2200 2480 iri
2235 2429 2664 2500 crediderint,ut
2683 2437 2902 2490 tandem
2921 2442 3209 2510 aliquando
3239 2447 3305 2500 ad
3330 2449 3415 2502 ni-

1850 2512 2016 2566 hilum
2046 2516 2288 2571 redeant.

1917 2603 2068 2669 Quod
2101 2617 2307 2675 spectat
2338 2619 2404 2664 ad
2428 2610 2718 2680 Justinutn,
2751 2618 3013 2676 didicerat
3056 2626 3121 2680 ab
3154 2627 3267 2696 ipso
3293 2629 3416 2685 Pla-

1846 2703 1971 2749 tone
2012 2697 2468 2755 immortalitatem
2525 2709 2849 2775 animarum,
2877 2729 2974 2766 nec
3002 2718 3278 2783 probabile
3332 2732 3416 2777 est

1841 2805 1961 2844 eum
1999 2793 2049 2845 in
2081 2795 2383 2851 Christiana
2410 2799 2663 2868 religione
2685 2804 3022 2875 dedidicisse,
3049 2813 3090 2864 si
3122 2815 3250 2878 quid
3285 2817 3413 2870 boni

1841 2897 1869 2935 e
1901 2883 2188 2941 l’latonicis
2223 2891 2421 2946 scholis
2467 2896 2758 2952 attulisset.
2809 2899 2946 2964 Quin
2973 2905 3154 2970 potius
3194 2908 3410 2959 aeterni-

1843 2983 2005 3029 tatem
2035 2992 2332 3045 poenarum,
2366 3000 2484 3052 qua:
2529 2990 2704 3058 impiis
2741 2992 2793 3044 in
2821 2994 2988 3048 altera
3015 2997 3119 3049 vita
3156 2999 3410 3068 inﬂigun-

1843 3074 1948 3128 tur,
2003 3076 2057 3118 ut
2105 3072 2380 3138 proprium
2414 3075 2737 3134 Christianas
2771 3083 3049 3153 religionis
3082 3089 3306 3157 dogma,
3340 3108 3408 3147 ne

1839 3153 2042 3208 Platoni
2077 3161 2295 3226 quidem
2332 3167 2606 3234 cognitum
2639 3171 2898 3230 defendit.
2940 3193 2958 3226 ‹
2993 3153 3254 3235 Similiter
3285 3187 3405 3250 qui-

1761 3238 1801 3293 C
1836 3245 1953 3298 dem
1985 3247 2156 3311 Plato,
2179 3254 2310 3308 dicit
2335 3257 2384 3309 in
2415 3259 2667 3330 Apologia
2703 3265 2750 3329 l,
2805 3283 2858 3320 n.
2891 3269 2942 3332 8,
2974 3271 3251 3340 improbos
3275 3238 3398 3332 clum

1836 3341 1901 3392 ad
1928 3338 2392 3401 Rhadamanthum
2422 3360 2473 3402 et
2500 3352 2725 3410 Minoem
2762 3362 3022 3428 venerint,
3053 3369 3294 3433 punitum
3328 3372 3393 3426 iri

1834 3429 1900 3481 ab
1949 3431 2055 3485 illis
2081 3434 2239 3487 dixit.
2280 3435 2386 3492 Nos
2419 3452 2598 3497 autem
2640 3448 2778 3500 idem
2815 3450 2920 3504 illis
2946 3466 3267 3512 eventurum
3315 3463 3397 3516 di-

1833 3520 2022 3586 cimus,
2047 3525 2139 3578 sed
2169 3541 2196 3577 a
2225 3525 2474 3595 Christo;
2517 3533 2678 3602 idque
2713 3541 3099 3600 exsistentibus
3123 3549 3172 3600 in
3207 3550 3395 3606 iisdem

1831 3614 2147 3680 corporibus
2172 3633 2271 3670 una
2299 3633 2420 3672 cum
2446 3623 2557 3676 suis
2583 3630 2887 3697 animabus,
2921 3649 2983 3687 ac
3010 3646 3207 3689 aeterna
3231 3656 3390 3708 poena

1830 3698 2141 3766 plectendis,
2170 3723 2275 3759 non
2318 3711 2462 3764 mille
2493 3729 2754 3769 annorum
2803 3721 3053 3786 circuitu,
3082 3736 3139 3778 ut
3189 3730 3287 3782 iste
3311 3732 3395 3783 di-

1833 3792 1923 3847 xit.
1953 3793 2190 3848 definita.
2219 3816 2236 3847 ι
2276 3799 2468 3867 Docet,
2495 3818 2548 3858 ο.
2588 3806 2680 3870 i7,
2711 3810 3048 3868 Christianos
3093 3820 3315 3874 credere
3341 3833 3395 3876 et

1832 3897 2142 3950 persuasum
2178 3891 2376 3946 habere
2405 3910 2838 3970 unumquemque
2861 3923 2952 3972 pro
2987 3912 3182 3963 meritis
3215 3915 3385 3966 actio-

1831 3990 1954 4025 num
1987 3995 2201 4032 suarum
2228 3998 2402 4048 parmas
2451 3988 2566 4054 igne
2598 4001 2793 4045 (eterna
2843 3997 3122 4066 daturum,
3163 4012 3274 4055 tum
3312 4007 3390 4060 sic

1831 4065 2183 4134 imperatores
2220 4074 2549 4144 alloquitur,
2593 4097 2645 4134 η.
2702 4084 2808 4138 18ε
2857 4111 2871 4137 ε
2918 4065 3190 4158 Respicite
3227 4097 3387 4150 linem

1828 4162 2088 4232 cujusque
2115 4171 2454 4234 superiorum
2488 4173 3001 4249 imperatornm,qni
3045 4201 3385 4242 communem

1825 4256 2071 4310 omnibus
2110 4270 2333 4312 mortem
2357 4263 2604 4318 obierunt
2637 4284 2648 4319 :
2681 4283 2797 4335 qnte
2840 4274 2882 4324 si
2926 4274 2974 4325 in
3016 4288 3216 4330 statum
3263 4297 3386 4332 sen-

1828 4359 1919 4399 sus
1945 4357 2226 4413 expertem
2251 4355 2522 4417 evaderet,
2553 4357 2616 4410 de
2647 4359 2794 4413 lucro
2825 4376 2965 4416 esset
2996 4367 3250 4434 improbis
3270 4388 3384 4424 ont-

1825 4436 2003 4490 nibus.
2051 4437 2154 4492 Sed
2176 4441 2299 4509 quia
2344 4457 2535 4500 sensus
2594 4462 2773 4505 manet
2813 4455 2862 4507 in
2910 4459 2972 4509 iis
3006 4463 3256 4515 omnibus
3295 4468 3381 4530 qui

1826 4530 2184 4595 exstiti-runt,
2215 4548 2278 4587 ac
2318 4539 2578 4605 supplicia
2612 4557 2813 4597 aeterna
2851 4552 3083 4614 reposita
3131 4567 3287 4616 sunt;
3321 4573 3384 4608 ne

1827 4633 1921 4671 vos
1954 4621 2132 4687 pigeat
2161 4623 2274 4676 hmc
2308 4640 2430 4678 vera
2465 4645 2584 4683 esse
2633 4636 2939 4699 persuaderi
2969 4655 3031 4692 ac
3088 4647 3330 4697 credere.
3360 4667 3376 4695 ι

1825 4707 2057 4764 Eterno
2088 4715 2193 4781 igni
2229 4717 2430 4769 nullum
2458 4721 2681 4775 omnino
2722 4724 2876 4778 linem
2919 4740 3155 4785 statncrc
3188 4738 3379 4800 potuit,

1823 4814 1944 4852 cum
1973 4803 2111 4855 hunc
2135 4820 2372 4860 errorem
2427 4812 2477 4863 in
2508 4813 2733 4867 Platone
2778 4822 3011 4887 exagitet
3044 4862 3058 4882 ,
3090 4842 3150 4876 ac.
3186 4828 3381 4894 impro-

1820 4890 1903 4944 bis
1934 4891 1997 4946 de
2026 4893 2176 4948 lucro
2210 4898 2453 4953 futurum
2483 4903 2647 4967 dicat,
2673 4909 2713 4959 si
2749 4909 2799 4961 itt
2831 4921 3025 4964 Statum
3061 4931 3250 4968 sensus
3280 4934 3378 4971 ex-

1820 4991 2026 5046 pertem
2052 4987 2363 5043 evaderent.
2407 4992 2526 5046 ila-c
2569 5000 2960 5053 cotilirmantur
2988 5021 3051 5055 ex
3095 5023 3147 5057 n.
3171 5009 3257 5063 5.2.
3287 5011 3374 5063 ubi

1817 5071 1895 5122 sic
1924 5074 1999 5125 ait
2025 5090 2037 5124 :
2088 5097 2104 5125 ι
2129 5078 2283 5142 Quod
2306 5089 2485 5136 autem
2507 5083 2706 5141 dictum
2726 5099 2800 5144 est
2823 5094 2888 5122 ὀ·
2927 5112 2938 5143 :
2971 5092 3190 5147 Gladius
3218 5100 3375 5157 depa-

1815 5173 1916 5214 sret
1946 5179 2050 5229 vos,
2080 5182 2182 5218 non
2220 5167 2359 5220 hanc
2385 5173 2488 5223 vim
2532 5183 2581 5226 et
2615 5180 2934 5232 sententiam
2970 5183 3150 5246 habet,
3185 5199 3240 5237 nt
3270 5190 3374 5254 gl..-

1814 5251 1902 5306 dio
1947 5260 2170 5311 necandi
2204 5263 2314 5315 sint
2363 5265 2453 5330 qtti
2481 5281 2584 5318 non
2650 5273 2958 5336 paruerint;
3017 5278 3107 5328 sed
3164 5279 3372 5345 gladius

1813 5345 1905 5398 Dei
1941 5347 2081 5415 ignis
2107 5361 2209 5416 est,
2238 5355 2386 5420 cujus
2423 5372 2541 5410 esca
2586 5360 2740 5424 fiunt,
2769 5364 2856 5429 qui
2902 5367 3035 5417 tnala
3069 5380 3288 5432 patrate
3319 5375 3368 5424 in

1810 5437 2046 5490 animum
2087 5443 2367 5509 inducunt.
2406 5447 2542 5503 llinc
2573 5453 2642 5503 ait
2681 5471 2690 5504 :
2723 5453 2943 5508 Gladius
2990 5461 3224 5525 (lc-pascet
3261 5480 3364 5516 ros.

1813 5525 1884 5580 Os
1918 5533 2055 5583 enim
2086 5535 2294 5588 Domini
2317 5539 2544 5594 lociitmn
2584 5556 2679 5598 est.
2712 5549 2862 5610 Quod
2905 5553 2946 5604 si
2987 5553 3049 5604 tle
3078 5569 3294 5608 secantt-
3318 5571 3369 5609 et

1807 5622 2090 5678 confestim
2117 5629 2419 5685 dimittente
2453 5636 2629 5702 gladio
2653 5640 2982 5711 loqueretur,
3012 5662 3112 5700 non
3143 5651 3362 5704 diceret.

1807 5713 2058 5779 deposcet.
2093 5742 2106 5768 ι
