4120 6406
726 362 795 417 83
1631 361 1687 416 S.
1730 360 2064 417 JUSTINUS
2101 359 2575 418 PHILOSOPHUS
2612 361 2699 417 ET
2737 358 3045 415 MARTYR.
3882 363 3949 416 84

796 481 852 535 In
886 481 1115 537 exordio
1155 482 1426 552 Apologia:
1455 482 1675 537 alterius
1701 485 2035 539 Christianos
2066 484 2290 553 appellat
2324 492 2369 547 Α
2399 495 2542 539 stras
2574 499 2678 538 non
2713 499 2742 537 a
2770 484 2985 553 seipsis,
3015 483 3110 537 sed
3147 496 3175 534 a
3215 480 3324 535 Deo
3356 479 3810 535 immortalitatem
3854 497 3950 534 ac-

727 587 818 626 eos
846 574 1044 642 quibus
1075 589 1392 643 persuasum
1437 589 1521 628 est
1577 576 1838 642 improbos
1886 587 1933 629 et
1984 579 2289 630 libidinoso:

728 674 925 716 αἰενηο
956 666 1073 732 igne
1103 666 1463 718 excruciatum
1498 668 1588 729 iri,
1622 669 1830 720 uirtutis
1850 677 2024 720 autem
2062 669 2290 721 cultores

727 763 874 808 extra
905 770 1105 810 omnem
1138 758 1518 822 perpessionem
1570 773 1687 810 cum
1741 757 1848 812 Deo
1895 759 2142 812 victuros.
2176 757 2290 810 Non

731 845 904 914 rnagis
930 860 1060 915 ergo
1092 846 1460 914 improborum
1511 850 1793 918 suppliciis
1840 848 2000 904 linem
2039 852 2295 904 statuisse

730 933 992 990 dicendus
1017 947 1122 1001 est,
1154 953 1312 1005 quam
1351 941 1613 993 bonorum
1640 941 1893 1006 praemiis.
1920 939 2120 994 Ibidem
2143 955 2294 994 com-

727 1038 997 1080 memorat
1027 1027 1293 1083 laudanda
1329 1032 1572 1086 mulieris
1593 1031 1915 1086 Christiana
1943 1034 2141 1095 studia.
2175 1047 2295 1100 qua:

728 1123 786 1167 ut
816 1118 1070 1171 maritum
1121 1133 1153 1173 e
1192 1119 1416 1190 ﬂagitiis
1452 1123 1795 1188 retraheret,
1833 1123 2189 1177 denuntiabat
2245 1124 2295 1176 ei

727 1204 910 1272 future
934 1206 1211 1266 libidinose
1236 1228 1298 1265 ac
1321 1223 1512 1271 printer
1534 1223 1730 1266 rectam
1746 1214 2000 1266 rationem
2018 1212 2296 1266 viventibus

727 1297 782 1347 in
815 1308 1010 1351 teterno
1034 1302 1152 1368 igne
1181 1303 1460 1370 supplicia.

800 1383 865 1439 ll.
889 1387 1024 1440 Cum
1049 1389 1150 1443 hac
1179 1389 1380 1444 Justinl
1410 1392 1656 1446 doctrina
1687 1394 1984 1448 conciliare
2017 1395 2298 1462 aggrediar

731 1490 851 1542 quae
892 1479 945 1531 in
989 1482 1232 1548 speciem
1260 1484 1553 1553 pugnantia
1612 1485 1868 1552 leguntur
1897 1485 2050 1540 initio
2095 1485 2297 1552 Dialogi

724 1581 846 1621 cum
878 1567 1185 1644 Tryphone,
1237 1587 1340 1628 non
1395 1573 1480 1626 illa
1532 1577 1749 1643 quidem
1813 1578 1884 1630 ab
1920 1577 2035 1646 ipso
2081 1574 2291 1629 Justino

726 1671 1026 1738 disputata,
1060 1667 1151 1721 sed
1195 1682 1222 1720 a
1266 1670 1497 1734 quodam
1551 1683 1680 1722 sene
1722 1667 2048 1732 Christiano,
2077 1682 2139 1720 ex
2187 1681 2293 1734 quo

723 1763 909 1814 audita
943 1759 1108 1813 refert
1136 1768 1189 1812 et
1223 1760 1413 1828 probat
1442 1758 1501 1816 S.
1524 1770 1750 1830 martyr.
1765 1758 2054 1828 Postquam
2084 1757 2296 1812 Justino

2391 578 2589 646 cipere.
2626 578 2689 630 1ο
2721 576 2850 630 Eam
2898 584 3104 629 tantum
3144 573 3607 628 immortalitatem
3665 572 3950 626 animabus

2389 669 2620 737 denegat
2655 665 2892 722 lustinus
2914 707 2929 730 ,
2962 681 3082 736 quae
3118 680 3239 720 cum
3293 666 3367 719 rei
3410 677 3607 718 creata
3642 663 3955 718 conditione

2391 761 2686 815 consistere
2736 775 2839 814 non
2897 758 3088 826 possit.
3134 776 3154 810 ι
3190 756 3372 825 Neque
3410 759 3574 810 etiam
3631 753 3954 810 immortalis

2392 852 2569 904 anima
2596 850 2847 904 dicenda.
2884 847 3014 901 Nam
3035 848 3077 902 si
3116 847 3469 910 immortalis,
3500 847 3664 900 etiam
3712 846 3955 915 profecto

2396 942 2649 1012 ingenita.
2688 961 2706 992 ι
2743 941 2856 994 Non
2907 955 3025 995 eam
3074 954 3204 1008 ergo
3238 939 3700 994 immortalitatem
3754 937 3952 1006 rejicit,

2393 1051 2513 1103 quae
2539 1051 2604 1090 ex
2664 1036 2755 1090 Dei
2800 1037 3070 1090 voluntate
3111 1035 3331 1104 pendet,
3359 1035 3450 1089 sed
3482 1049 3602 1088 eam
3645 1049 3804 1102 quam
3845 1033 3951 1086 sibi

2396 1127 2702 1195 philosophi
2730 1128 2970 1182 nonnulli
2995 1127 3344 1196 arrogabant,
3372 1127 3497 1194 qui,
3532 1135 3591 1180 ut
3617 1134 3774 1179 antea
3804 1123 3950 1178 dice-

2397 1221 2505 1280 bat,
2539 1237 2557 1270 t
2594 1236 2712 1272 cum
2776 1217 3138 1273 immortalem
3169 1227 3224 1272 et
3281 1216 3656 1284 incorpoream
3714 1213 3952 1267 animam

2395 1323 2513 1364 esse
2534 1320 2758 1378 ponant,
2789 1326 2884 1364 nec
2911 1326 3097 1379 poenas
3128 1312 3350 1363 daturos
3387 1321 3447 1361 se
3489 1315 3700 1377 putant,
3751 1307 3794 1358 si
3822 1305 3956 1374 quid

2398 1403 2521 1457 mali
2560 1402 2783 1458 fecerint
2816 1405 2946 1473 (pati
2977 1403 3119 1458 enim
3149 1418 3252 1457 non
3286 1410 3460 1471 potest
3488 1398 3744 1468 quidquid
3775 1399 3960 1452 incor-

2398 1509 2614 1561 poreum
2645 1494 2777 1563 est),
2803 1509 2901 1548 nec
2923 1494 3036 1560 jam
3067 1493 3194 1558 Deo,
3224 1509 3344 1548 cum
3379 1491 3698 1548 immortalis
3739 1491 3806 1545 sit
3838 1488 3960 1543 ani-

2397 1598 2502 1644 ma,
2536 1583 2824 1652 quidquam
2859 1583 3119 1654 indigent.

2467 1673 2530 1726 2°
2563 1673 2686 1729 Haec
2721 1674 3116 1730 conﬁrmantur
3161 1691 3223 1731 ex
3266 1678 3348 1731 his
3390 1690 3509 1745 quas
3551 1674 3698 1728 addit
3746 1687 3955 1726 senex:

2401 1782 2418 1813 ι
2459 1763 2515 1816 Si
2547 1765 2776 1818 mundus
2800 1764 3013 1833 genitus
3053 1773 3158 1829 est,
3201 1778 3423 1818 necesse
3461 1771 3544 1819 est
3572 1763 3781 1816 animas
3823 1775 3962 1829 quo-

731 1850 1006 1921 persuasit
1045 1865 1211 1903 senex
1245 1851 1588 1919 philosophos
1630 1851 1682 1904 in
1733 1852 1847 1904 suis
1889 1856 1954 1904 de
1985 1850 2160 1903 anima
2191 1850 2293 1902 dis-
2328 1843 2368 1896 Β
2397 1870 2500 1924 que
2535 1856 2744 1924 genitas
2770 1869 2913 1918 esse,
2945 1869 3007 1910 ac
3037 1870 3194 1924 posse
3221 1869 3326 1909 non
3360 1855 3644 1909 exsistere.
3679 1851 3793 1906 Non
3829 1861 3963 1908 sunt

723 1941 1098 2010 putationibus
1133 1949 1272 1995 totos
1297 1957 1513 2007 errare,
1540 1957 1640 1995 nec
1684 1942 1813 2010 quid
1862 1942 1933 1996 sit
1969 1944 2148 1996 anima
2193 1955 2291 1994 ex-

728 2033 934 2100 plicare
965 2045 1145 2101 posse,
1180 2033 1293 2086 hac
1319 2033 1467 2086 addit
1497 2051 1509 2085 :
1546 2052 1564 2084 ι
1599 2033 1784 2101 Neque
1825 2033 1988 2087 etiam
2019 2034 2294 2086 immorta-

722 2123 790 2176 lis
817 2124 991 2176 anima
1026 2123 1249 2178 dicenda
1273 2133 1387 2189 est;
1410 2139 1532 2177 nam
1555 2123 1595 2178 si
1623 2124 1938 2177 immortalis
1964 2125 2127 2178 etiam
2165 2139 2293 2190 pro-

722 2218 867 2274 tecto
896 2219 1156 2288 ingenita.
1186 2236 1203 2269 ι
1249 2217 1383 2270 Tum
1425 2219 1620 2285 quaerit
1666 2231 1729 2270 ex
1775 2215 1988 2270 Justino
2016 2233 2083 2268 an
2139 2233 2292 2269 mun-

725 2312 852 2364 dum
891 2312 1188 2380 ingenitum
1221 2310 1426 2363 credat.
1471 2307 1764 2378 Negantem
1799 2310 2073 2364 collaudat
2105 2325 2293 2373 senex,

727 2418 792 2456 ac
821 2404 893 2456 ita
924 2403 1325 2456 ratiocinator:
1367 2419 1385 2452 ι
1423 2402 1577 2467 Quod
1603 2402 1647 2454 si
1678 2402 1911 2456 mundus
1938 2401 2148 2470 genitus
2189 2411 2293 2465 cst,

723 2507 946 2549 necesse
978 2503 1060 2547 est
1089 2496 1301 2546 animas
1349 2507 1565 2562 quoque
1606 2493 1818 2558 genitas
1848 2507 1999 2554 esse,
2029 2507 2091 2546 ac
2138 2506 2294 2560 posse

723 2599 826 2636 non
860 2586 1141 2638 exsistere.
1173 2584 1308 2637 Sunt
1337 2584 1481 2637 enim
1515 2582 1669 2636 facta!
1721 2583 2000 2638 hominum
2045 2598 2109 2637 ac
2135 2594 2293 2637 caete-

723 2690 908 2728 rorum
959 2674 1268 2728 animalium
1321 2689 1518 2735 causa,
1549 2675 1593 2727 si
1644 2675 1866 2727 omnino
1913 2675 2202 2741 separatim
2234 2687 2294 2726 ac

722 2782 828 2820 non
878 2782 981 2820 una
1023 2781 1143 2820 cum
1206 2767 1439 2835 propriis
1487 2766 1811 2834 corporibus
1863 2767 2072 2832 genitas
2124 2766 2291 2819 dices.

724 2857 839 2910 Non
867 2874 995 2925 ergo
1025 2858 1357 2913 immortales
1386 2866 1531 2911 sunt.
1563 2876 1581 2907 ι
1630 2857 1940 2911 Assentitur
1968 2855 2210 2910 Justinus
2239 2866 2294 2910 et

726 2950 916 3015 quaerit
937 2964 1000 3002 ex
1031 2963 1157 3003 sene
1187 2958 1369 3002 utrum
1390 2948 1530 3001 idem
1561 2950 1627 3002 de
1655 2950 1946 3002 animabus
1970 2949 2132 3008 dicat.
2151 2948 2294 3015 quod

723 3038 879 3095 Plato
909 3042 974 3094 de
1004 3041 1224 3100 mundo.
1255 3056 1416 3109 quem
1451 3040 1784 3107 corruptioni
1819 3038 2133 3103 obnoxium,
2163 3053 2294 3107 qua-

726 3141 882 3186 tenus
907 3143 1121 3187 crcatus
1152 3144 1252 3198 est,
1273 3133 1366 3186 sed
1400 3142 1576 3186 tamen
1608 3134 1698 3184 Dei
1735 3130 2008 3185 voluntate
2033 3144 2288 3200 perman-

721 3240 908 3280 Surum
942 3226 1164 3290 statuit;
1193 3240 1258 3278 an
1295 3239 1428 3278 vero
1460 3225 1573 3279 haec
1609 3222 1887 3278 Platonem
1925 3233 1980 3277 ct
2019 3221 2291 3292 Pythago-

722 3329 836 3368 ram
883 3315 1106 3369 latuisse
1145 3315 1291 3367 velit.
1341 3312 1476 3366 Tum
1525 3327 1735 3367 senex:
1782 3331 1800 3364 ι
1836 3312 1975 3365 Nihil
2013 3311 2288 3366 Platonem

722 3419 906 3458 moror
954 3419 1054 3456 nec
1112 3403 1500 3472 Pythagoram,
1535 3418 1634 3457 nec
1691 3417 2019 3471 quemquam
2048 3401 2288 3464 omnino,

722 3497 812 3564 qui
848 3497 976 3550 talia
1011 3498 1283 3565 opinetur.
1323 3496 1411 3550 Sic
1443 3506 1625 3549 autem
1660 3511 1718 3548 se
1746 3495 1951 3548 veritas
1982 3494 2176 3547 habet:
2209 3492 2288 3545 id-

722 3601 826 3656 que
857 3587 978 3641 inde
1005 3589 1303 3656 perspicies
1336 3605 1348 3640 :
1389 3589 1565 3640 anima
1617 3587 1700 3639 vel
1733 3587 1844 3640 vita
1877 3596 1980 3649 est,
2011 3585 2094 3639 vel
2127 3585 2288 3636 vitam

724 3679 900 3733 habet.
939 3680 1090 3744 Quod
1116 3680 1158 3733 si
1199 3681 1309 3732 vita
1349 3687 1454 3742 est,
1491 3693 1595 3731 non
1625 3679 1735 3746 ipsa
1761 3695 1788 3730 a
1819 3693 1906 3742 se,
1932 3678 2024 3730 sed
2053 3674 2194 3727 aliud
2225 3673 2293 3726 ab

721 3789 787 3828 eo
815 3776 980 3829 vitam
1013 3774 1229 3841 accipit,
1259 3774 1709 3842 (ptetnadmodutn
1757 3783 1934 3825 motus
1965 3769 2107 3822 aliud
2135 3769 2293 3837 quid-

721 3862 868 3932 piam
899 3872 1098 3926 movet,
1130 3878 1290 3930 quam
1314 3863 1576 3930 seipsum.
1625 3861 1874 3915 Animam
1906 3870 2084 3912 autem
2110 3859 2293 3911 vivere

722 3971 877 4009 nemo
909 3957 1204 4025 negaverit.
1237 3957 1338 4009 Sed
1378 3956 1421 4008 si
1452 3955 1601 4016 vivit,
1646 3969 1753 4006 non
1805 3953 1924 4006 ideo
1971 3952 2121 4014 vivit,
2147 3953 2290 4020 quod

724 4049 829 4102 vita
868 4049 959 4112 sit,
1009 4048 1102 4102 sed
1152 4049 1294 4115 quod
1347 4048 1470 4101 vita:
1503 4048 1793 4115 particeps.
1845 4044 2003 4098 Atiud
2032 4052 2211 4096 autem
2242 4043 2291 4094 id

722 4141 862 4208 quod
908 4140 1136 4209 alicujus
1193 4149 1276 4193 est
1332 4140 1624 4207 particeps.
1661 4137 1803 4191 aliud
1840 4135 1890 4189 id
1937 4136 2108 4202 ipsum
2141 4135 2291 4201 cujus

718 4242 802 4285 est
827 4232 1120 4300 particeps.
1155 4232 1286 4284 Vita:
1318 4242 1494 4284 autem
1535 4231 1713 4282 anima
1761 4237 1844 4282 est
1893 4229 2180 4297 particeps,
2227 4243 2292 4281 eo

721 4324 864 4390 quod
901 4338 1018 4376 eam
1054 4324 1190 4375 Dens
1223 4325 1404 4376 vivere
1435 4323 1601 4387 velit;
1636 4321 1882 4375 similiter
1903 4322 2170 4390 particeps
2195 4321 2292 4371 ali-

719 4416 937 4480 quando
966 4429 1070 4467 non
1102 4415 1225 4477 erit,
1264 4430 1385 4467 cum
1419 4430 1539 4468 eam
1590 4414 1732 4467 Deus
1766 4414 1948 4468 vivere
2000 4412 2161 4466 nolet.
2190 4411 2293 4465 Nc.-

2395 1959 2522 2014 ergo
2554 1947 2905 2000 immortales.
2938 1965 2956 1996 ›
2999 1946 3054 1998 In
3086 1963 3151 2000 eo
3188 1961 3317 2014 ergo
3361 1944 3694 1999 immortales
3751 1944 3965 1999 animas

2398 2046 2575 2103 negat,
2603 2039 2745 2106 quod
2769 2046 2986 2106 possent
3011 2053 3116 2091 non
3139 2047 3431 2100 exsistere;
3459 2050 3557 2088 nec
3588 2034 3823 2087 futurum
3847 2044 3960 2088 sta-

2398 2129 2520 2193 tuit,
2547 2138 2606 2180 ut
2637 2128 2925 2196 aliquando
2965 2130 3227 2184 exsistere
3298 2128 3567 2192 desinant,
3617 2127 3710 2180 sed
3757 2125 3808 2179 id
3845 2124 3969 2179 ﬁeri

2401 2235 2558 2289 posse
2584 2221 2874 2275 contendit.

2463 2316 2520 2370 3°
2555 2315 2687 2372 Cum
2745 2316 2980 2370 animam
3030 2313 3297 2368 victuram
3353 2320 3536 2382 negat,
3570 2312 3613 2364 si
3664 2308 3806 2362 Deus
3836 2321 3962 2361 eam

2397 2407 2580 2463 vivere
2654 2408 2920 2468 noluerit,
3003 2414 3111 2461 tota
3189 2405 3483 2473 disputatio
3572 2411 3818 2456 versatur
3894 2403 3968 2454 de

2395 2501 2590 2555 animae
2659 2511 2886 2565 natura,
2958 2514 3059 2553 nec
3129 2497 3299 2568 magis
3373 2497 3440 2550 de
3515 2496 3776 2549 malorum
3841 2494 3965 2547 ani-

2399 2592 2586 2644 .nabus
2664 2589 2886 2645 disserit
2971 2596 3182 2653 senex,
3255 2599 3419 2656 quam
3497 2585 3564 2640 de
3648 2583 3963 2653 iustorum;

2395 2684 2488 2735 sed
2541 2681 2831 2749 cujuslibet
2881 2681 3077 2734 animae
3136 2679 3215 2733 sic
3265 2686 3638 2746 comparatam
3691 2686 3812 2728 esse
3855 2687 3962 2725 na—

2397 2784 2572 2827 turam
2598 2773 2910 2837 contendit,
2944 2782 3004 2825 ut
3045 2786 3144 2825 nec
3190 2770 3297 2824 vita
3347 2771 3459 2833 sit,
3508 2782 3606 2822 nec
3643 2767 3753 2821 vita
3791 2764 3966 2833 ipsius

2394 2868 2613 2938 propria
2671 2869 2760 2921 sit.
2801 2866 3165 2933 Quamobrem
3230 2879 3338 2918 non
3386 2861 3558 2924 magis
3614 2860 3718 2912 dici
3776 2865 3962 2923 potest

2397 2961 2657 3014 malorum
2693 2959 2972 3028 suppliciis
3005 2959 3164 3012 linem
3211 2957 3488 3017 statuisse,
3517 2968 3678 3022 quam
3712 2951 3967 3006 felicitati

2390 3055 2678 3123 justorum.

2459 3207 2516 3261 ιο
2546 3207 2836 3275 Conceptis
2890 3205 3074 3260 verbis
3133 3203 3374 3260 declarat
3419 3217 3585 3257 senex
3621 3200 3796 3256 nullas
3841 3199 3966 3253 ani-

2393 3313 2510 3354 mas
2569 3299 2728 3353 mori.
2781 3297 2874 3352 Sic
2931 3299 3075 3352 enim
3126 3297 3407 3352 reddenda
3460 3303 3586 3349 sunt
3640 3294 3754 3347 haec
3813 3291 3967 3345 illius

2391 3392 2576 3450 verba.
2599 3392 2729 3444 utin
2755 3390 3031 3445 notatione
3053 3391 3118 3445 ad
3144 3389 3288 3444 hunc
3311 3389 3483 3442 locum
3502 3382 3984 3450 observavi,m&'

2395 3483 2499 3555 μὴν
2567 3482 2688 3537 οὐδὲ
2757 3481 3116 3552 ἀποθνήσκειν
3178 3481 3321 3551 φημὶ
3385 3480 3562 3542 πάσας
3623 3475 3722 3540 τὰς
3781 3476 3966 3546 ψυχὰς

2391 3576 2533 3646 ἐγώ,
2589 3586 2693 3630 etc.
2730 3594 2746 3625 ι
2777 3574 2890 3630 Νοη
2918 3585 3100 3628 tamen
3135 3574 3316 3642 perire
3364 3573 3491 3626 dico
3537 3570 3674 3624 ullas
3712 3571 3960 3632 animas;

2394 3684 2523 3723 vere
2557 3669 2702 3723 enim
2740 3668 2808 3721 de
2837 3666 2988 3722 lucro
3014 3667 3067 3721 id
3093 3676 3242 3720 esset
3278 3665 3560 3734 improbis.
3593 3663 3729 3730 Quid
3765 3662 3964 3732 igitur?

2395 3760 2614 3816 Piorum
2662 3761 2885 3832 quidem
2935 3758 3146 3811 animas
3184 3757 3237 3810 in
3278 3756 3504 3810 meliore
3549 3755 3668 3809 loco
3713 3770 3961 3820 manere,

2393 3853 2705 3920 iniquorum
2737 3861 2912 3904 autem
2944 3861 3000 3904 et
3043 3849 3307 3904 malorum
3364 3849 3416 3902 in
3448 3847 3740 3908 deteriore,
3761 3845 3965 3914 iudicii

2399 3957 2613 4015 tempus
2647 3953 3045 4013 exspectantes.
3067 3943 3159 3997 Sic
3191 3943 3306 3997 ista:
3335 3957 3456 3995 eum
3476 3940 3650 4010 digna;
3679 3941 3786 3993 Deo
3810 3939 3963 4008 judi-

2394 4050 2530 4093 catae
2592 4038 2818 4102 iuerint,
2875 4051 2980 4092 non
3030 4035 3144 4104 jam
3201 4034 3433 4103 amplius
3484 4033 3818 4094 moriuntur;
3871 4031 3959 4086 ita:

2395 4145 2523 4185 vero
2575 4130 2878 4198 puniuntur
2929 4129 3171 4196 quandiu
3205 4142 3298 4180 eas
3351 4140 3471 4179 esse
3503 4135 3558 4176 et
3599 4123 3779 4192 puniri
3812 4121 3962 4177 Deus

2397 4223 2688 4277 voluerit.»
2730 4220 2786 4275 Si
2815 4223 2879 4275 de
2905 4220 3058 4274 lucro
3089 4227 3235 4276 esset
3292 4217 3560 4287 improbis
3600 4215 3767 4278 mori;
3799 4213 3962 4267 nulla:

2393 4331 2522 4384 ergo
2567 4314 2760 4370 animo:
2786 4317 3131 4378 moriuntur;
3165 4325 3284 4364 nam
3311 4310 3478 4381 justis
3507 4310 3771 4362 astruitur
3798 4317 3959 4360 aeter-

2396 4413 2558 4463 nitas.
2615 4405 2882 4475 Usurpata
2911 4421 2939 4458 a
2977 4420 3109 4460 sene
3162 4403 3418 4471 loquendi
3472 4403 3610 4455 ratio
3637 4415 3778 4469 saepe
3810 4399 3960 4453 idem

721 4518 824 4571 que
846 4505 991 4560 enim
1028 4515 1085 4557 ut
1112 4504 1228 4566 Dei,
1263 4503 1332 4556 ita
1365 4505 1529 4557 etiam
1569 4507 1762 4557 anima:
1793 4506 2008 4573 propria
2037 4506 2145 4556 vita
2180 4514 2280 4556 est.
2316 4517 2359 4570 ι)
2395 4501 2668 4569 significat
2721 4515 2783 4552 ac
2837 4498 3068 4556 nullum.
3137 4497 3228 4549 Sic
3270 4498 3409 4565 apud
3461 4493 3727 4559 Paulum,
3793 4491 3957 4549 Rom.

719 4596 823 4650 Sed
853 4596 1312 4665 quemadmodum
1346 4596 1505 4650 homo
1551 4613 1656 4650 non
1686 4611 1901 4666 semper
1927 4607 2155 4658 constat,
2188 4612 2283 4649 ne-

718 4704 823 4757 que
861 4698 1118 4758 perpetuo
1156 4704 1350 4759 corpus
1401 4705 1522 4742 cum
1575 4689 1754 4741 anima
1804 4689 2149 4755 conjunctum
2179 4698 2284 4747 est,

716 4782 834 4846 sed,
866 4796 986 4833 cum
1015 4779 1148 4835 solvi
1175 4793 1386 4850 Oportet
1417 4783 1776 4840 harmoniam,
1813 4782 2065 4849 relinquit
2090 4795 2282 4845 corpus

718 4875 926 4937 anima,
975 4889 1074 4928 nec
1115 4873 1224 4941 jam
1275 4883 1452 4927 exstat
1488 4875 1679 4937 homo;
1737 4874 2010 4936 similiter,
2068 4872 2285 4942 quando

716 4965 953 5018 animam
1004 4980 1110 5018 non
1154 4964 1264 5031 jam
1307 4980 1425 5018 esse
1483 4974 1772 5035 oporteat,
1829 4965 2054 5019 discedit
2114 4965 2181 5017 ab
2223 4978 2282 5016 ea

716 5060 943 5128 spiritus
984 5057 1186 5122 vitalis,
1235 5073 1332 5111 nec
1369 5059 1486 5126 jam
1530 5067 1710 5112 exstat
1751 5057 1952 5120 anima,
1998 5060 2090 5110 sed
2145 5058 2286 5110 unde

715 5152 910 5204 educta
947 5159 1053 5213 est,
1079 5164 1142 5202 eo
1179 5149 1489 5201 revertitur.

789 5242 846 5298 Si
892 5244 996 5297 rite
1043 5243 1406 5303 attendamus,
1435 5258 1539 5296 non
1598 5241 1778 5297 favent
1821 5242 1932 5296 haec
1976 5242 2283 5296 testimonia

716 5337 964 5390 absurdae
995 5335 1260 5403 Opinioni,
1292 5349 1454 5402 quam
1483 5335 1786 5388 Dodwellus
1819 5350 1924 5387 non
1970 5333 2041 5387 ita
2075 5335 2284 5402 pridem

713 5427 853 5494 apud
883 5424 1084 5492 Anglos
1127 5423 1368 5478 defendit
1397 5438 1460 5478 ac
1512 5426 1716 5477 sanctis
1764 5423 2012 5477 Patribus
2062 5422 2283 5487 afﬁnxit,

715 5517 929 5569 animas
957 5529 1143 5568 eorum
1179 5516 1271 5584 qui
1304 5532 1330 5567 a
1363 5515 1564 5583 Spiritu
1616 5525 1804 5571 sancto
1845 5517 2147 5584 regenerati
2193 5529 2286 5581 per

717 5607 1044 5672 baptismum
1094 5621 1198 5658 non
1247 5605 1419 5669 fuere,
1474 5607 1788 5659 interituras
1829 5607 2120 5673 aliquando
2151 5616 2201 5658 et
2233 5607 2282 5657 in

717 5697 946 5752 nihilum
1006 5699 1292 5751 redituras.
1336 5698 1480 5750 Nihil
1535 5699 1678 5750 aliud
1736 5697 1839 5751 hoc
1889 5702 2006 5752 loco
2040 5695 2284 5750 Justinus

719 5800 812 5848 aut
838 5805 999 5848 senex
1040 5791 1125 5847 ilic
1162 5791 1500 5846 Christianus
1543 5793 1757 5856 docent,
1795 5793 1894 5846 nisi
1944 5792 2154 5846 animas
2187 5807 2280 5848 no-

2393 4610 2447 4646 m
2476 4634 2490 4656 ,
2549 4592 2651 4647 20:
2703 4592 2790 4657 ἘΞ
2826 4592 2998 4662 ἔργων
3050 4591 3216 4658 νόμου
3245 4591 3304 4634 ηιί
3345 4587 3762 4654 δικαιωθήσεται
3805 4586 3959 4638 πᾶσα.

2389 4685 2542 4755 σάρξ.
2599 4684 2682 4737 E1:
2733 4685 2970 4752 operibus
3029 4683 3154 4752 legis
3200 4698 3303 4733 non
3344 4679 3729 4749 jnstiﬁcabilur
3784 4679 3958 4731 omnis

2390 4794 2532 4832 ξατο.
2573 4777 2726 4841 Quod
2782 4776 2918 4829 dixit
2955 4790 3183 4843 serpens
3231 4772 3444 4825 mulieri
3487 4771 3596 4823 :Tl
3637 4772 3717 4822 ὅτι
3750 4764 3901 4820 εἶπεν
3927 4770 3959 4822 ὁ

2387 4870 2540 4932 Θεὸς,
2571 4870 2630 4920 οὐ
2677 4867 2752 4939 μὴ
2797 4869 3006 4936 φάγητε
3062 4867 3168 4920 ἀπὸ
3221 4865 3419 4926 παντὸς
3456 4862 3610 4928 ξύλου
3656 4860 3746 4922 τοῦ
3779 4877 3959 4930 παρα.-

2387 4961 2602 5024 δεὶσου;
2639 4960 2746 5013 Cur
2781 4959 3028 5027 prwcepil
3062 4959 3202 5011 vobis
3239 4957 3381 5010 Deus
3412 4966 3467 5008 ut
3493 4971 3595 5009 non
3617 4954 3956 5010 comederetis

2389 5054 2450 5105 de
2483 5054 2625 5106 omni
2653 5051 2794 5121 ligno
2816 5049 3243 5118 paradisilGen.
3287 5064 3368 5112 tu,
3412 5049 3463 5110 ι,
3504 5048 3555 5099 in
3613 5047 3716 5100 hoc
3749 5046 3954 5100 menti-

2391 5157 2500 5198 tum
2534 5159 2655 5198 esse
2704 5154 3017 5213 serpentem
3067 5142 3384 5196 existimant
3447 5138 3705 5204 lrenarus,
3754 5137 3846 5193 lib.
3897 5151 3954 5200 v,

2387 5252 2506 5305 cap.
2543 5237 2642 5300 23;
2676 5233 2928 5296 Tcrlnll.,
2963 5234 3054 5287 lib.
3105 5248 3142 5288 ll
3199 5243 3384 5286 contra
3435 5230 3794 5292 Marcionent,
3826 5243 3953 5295 cap.

2388 5327 2484 5392 10;
2535 5327 2817 5388 Ambros.,
2864 5323 2957 5378 lib.
3003 5323 3080 5377 De
3132 5326 3357 5391 parad.;
3398 5321 3705 5390 Cltt'ySOSI.,
3757 5319 3952 5374 homil.

2388 5421 2454 5472 16
2481 5423 2534 5471 in
2562 5419 2773 5480 Cenes.,
2798 5431 3028 5485 eumque
3061 5416 3231 5486 prima
3257 5415 3548 5467 avocanda:
3567 5427 3594 5464 a
3621 5412 3728 5465 Deo
3759 5409 3954 5464 mulie-

2389 5513 2461 5564 ris
2492 5518 2822 5565 tentatnenta
2858 5510 2937 5562 sic
2989 5509 3233 5561 molitum
3287 5522 3430 5569 esse,
3466 5506 3620 5574 quasi
3656 5505 3798 5558 Deus
3827 5504 3955 5556 nul-

2393 5606 2493 5658 lius
2525 5603 2652 5671 ligni
2682 5617 2837 5655 usum
2868 5600 3249 5655 concessisset.

2459 5697 2514 5748 5°
2539 5697 2841 5760 Qua‘sicrat
2880 5693 3124 5748 Justinus
3153 5706 3217 5743 ex
3244 5706 3372 5745 sene
3411 5706 3478 5741 an
3521 5704 3650 5749 non,
3683 5695 3738 5742 ut
3795 5701 3957 5759 munt

2388 5790 2512 5845 dum
2543 5787 2724 5852 l‘lato,
2781 5787 2858 5840 sic
2918 5785 3030 5854 ipse
3082 5784 3292 5837 animas
3342 5796 3437 5836 sua
3499 5779 3719 5850 quidem
3755 5788 3947 5846 sponte
