4120 6458
177 409 245 465 85
1187 418 1246 473 D.
1292 421 1556 477 ΜΑΒΔΝΙ
1596 422 1742 478 PRx!

1846 423 1985 480 ΤΙΟ.
2024 455 2093 467 —-
2126 425 2308 481 PARS
2343 427 2408 480 ll.
3362 431 3431 485 86

181 530 521 590 immortales
576 551 683 592 non
731 551 872 604 esse,
933 541 1026 595 sed
1086 550 1270 598 tamen
1335 546 1428 600 Dei
1471 546 1742 604 voluntate

1859 566 2057 616 γνωσιν
2079 549 2174 604 τοῦ
2210 549 2344 604 Θεοῦ
2380 551 2744 621 πεποιημένη.
2782 569 2799 602 t
2834 550 2946 605 Non
2978 561 3062 606 est
3102 551 3432 607 immortalis

180 631 415 678 cternas
446 623 563 681 fore
588 627 808 684 diceret.
842 631 1088 686 Addebat
1119 635 1259 687 idem
1318 634 1563 692 Justinus
1616 636 1742 690 Pla—

185 710 395 766 tonicus
419 714 595 769 solum
629 717 794 771 Deum
829 734 926 773 inec
963 723 1200 790 genitqu
1250 740 1374 781 esse
1426 743 1525 783 nec
1563 743 1750 783 corru-

185 801 354 870 ptioni
385 805 710 872 obnoxium,
744 820 938 866 caetera
975 829 1105 869 vero
1151 827 1272 884 post
1303 834 1424 872 eum
1484 821 1664 890 genita
1695 829 1751 874 et

179 897 519 964 eorruptioni
568 900 823 965 obnoxia,
857 914 912 956 et
946 904 1070 958 talia
1109 917 1168 960 ut
1216 908 1426 964 aboleri
1459 914 1672 978 possint
1697 919 1752 966 et

175 983 286 1053 jam
320 989 471 1043 nulla
501 1005 641 1056 esse,
682 1002 843 1063 atque
885 998 986 1052 hoc
1031 998 1202 1068 ipsum
1242 1015 1420 1057 causa:
1454 1015 1605 1068 esse,
1653 1018 1752 1056 cur

181 1080 380 1136 anima
423 1086 728 1142 moriantur
772 1100 827 1143 et
865 1091 1178 1158 puniantur.
1221 1092 1353 1148 Nam
1390 1095 1435 1150 si
1497 1095 1750 1164 ingenitae

182 1184 389 1238 essent,
417 1189 526 1229 non
561 1176 802 1233 futurum
838 1190 895 1234 ut
922 1193 1251 1250 peccarent,
1303 1194 1358 1239 et
1407 1187 1636 1240 stultitia
1668 1203 1744 1241 re-

183 1266 510 1336 dundarcnt,
534 1285 590 1326 et
617 1275 822 1344 ignavae
853 1289 944 1330 aut
1001 1278 1212 1334 feroces
1262 1291 1467 1347 essent,
1503 1293 1597 1337 aut
1653 1300 1748 1338 sua

182 1371 378 1426 sponte
406 1363 459 1416 in
490 1377 618 1422 sues
676 1368 972 1436 migrarent
1025 1380 1079 1424 et
1128 1382 1409 1441 serpentes
1457 1386 1512 1431 et
1561 1392 1748 1432 canes.

180 1448 237 1501 lu
273 1455 378 1503 hac
412 1455 685 1506 sententia
715 1457 850 1511 nihil
883 1457 950 1514 de
979 1461 1280 1516 animarum
1335 1465 1750 1524 immortalitate

181 1541 517 1602 detrahitur:
569 1547 662 1600 sed
711 1550 910 1616 genitas
963 1561 1092 1607 sunt
1145 1569 1212 1608 ac
1249 1556 1383 1612 tales
1437 1569 1498 1613 ut
1541 1560 1748 1615 aboleri

180 1638 414 1701 possint.
461 1637 596 1693 Mori
631 1651 810 1696 autem
844 1642 1120 1709 dicuntur,
1156 1660 1428 1716 quatenus
1463 1653 1748 1708 mutationi

181 1743 244 1783 ac
271 1729 424 1784 vitiis
471 1731 720 1788 obnoxiae
767 1744 910 1791 sunt.
947 1736 1103 1796 Hunc
1140 1743 1505 1811 corruptionis
1545 1755 1746 1800 statum

179 1837 322 1890 saepe
357 1835 588 1878 mortem
621 1828 884 1897 appellari
920 1830 1079 1885 modo
1134 1830 1436 1891 videbimus
1469 1854 1484 1890 :
1520 1836 1634 1907 ipse
1660 1852 1750 1893 se-

181 1929 284 1968 nex
311 1915 476 1982 paulo
512 1927 671 1972 antea
707 1920 929 1976 dicebat
991 1923 1204 1978 animas
1239 1927 1535 1993 iustorum,
1595 1938 1743 1999 post-

178 2020 338 2073 quam
369 2017 634 2062 aeternum
675 2011 954 2067 felicitatis
982 2023 1183 2068 statum
1216 2018 1430 2086 adeptae
1462 2029 1614 2086 sunt,
1641 2037 1744 2076 non

176 2100 283 2165 jam
335 2099 572 2167 amplius
633 2104 796 2157 mori.
849 2102 1001 2160 Nulla
1055 2121 1185 2177 ergo
1222 2110 1424 2165 residet
1487 2127 1662 2181 neque
1691 2114 1742 2167 in

182 2188 281 2242 hoc
304 2204 460 2255 sene,
488 2207 662 2260 neque
687 2194 738 2247 in
795 2194 1011 2251 Justino
1063 2201 1270 2256 erroris
1331 2204 1591 2273 suspicio.
1626 2205 1744 2260 Jam

180 2278 364 2332 citatis
413 2277 613 2334 Justini
664 2285 997 2340 testimoniis
1055 2287 1186 2342 illud
1242 2288 1449 2346 addere
1501 2293 1635 2350 libet
1680 2309 1747 2350 ex

183 2365 428 2436 Dialogo,
462 2386 518 2421 n.
551 2371 675 2424 1'50.
732 2391 751 2423 ι
779 2375 854 2428 Ex
887 2375 1018 2431 Isaia
1046 2379 1338 2434 didicimus
1395 2383 1656 2449 l'uturum,
1692 2395 1749 2440 ut

182 2458 425 2511 membra
451 2463 929 2527 pmvaricatorum
963 2482 992 2522 a
1026 2484 1212 2523 verme
1243 2482 1297 2526 et
1327 2473 1447 2543 igne
1478 2474 1743 2529 inexsttn-

180 2557 268 2601 cto
295 2562 586 2617 verentur,
615 2553 940 2611 immortalia
996 2565 1390 2628 permanentia,
1430 2567 1503 2618 ita
1540 2576 1598 2620 ut
1624 2581 1747 2634 spe-

179 2640 396 2694 ctaculo
429 2643 544 2695 sint
576 2647 719 2697 omni
752 2649 924 2702 carni.
953 2669 972 2701 ι
1005 2651 1104 2716 Qui
1134 2655 1348 2724 corpori
1380 2656 1748 2712 immortalita-

179 2739 282 2784 tem
321 2741 434 2786 tam
461 2748 845 2794 asseveranter
896 2744 1168 2807 attribuit,
1225 2763 1292 2800 an
1340 2749 1532 2804 anima:
1573 2751 1749 2818 potuit

179 2824 488 2892 denegare?

247 2910 331 2964 llt.
367 2913 582 2967 Tatiani
620 2919 942 2982 sententiam
983 2923 1242 2989 praeclare
1278 2940 1595 2996 expressam
1653 2929 1744 2983 ha-

178 3002 372 3057 bemus
406 3004 458 3058 in
493 3004 748 3061 Oratione
776 3014 1024 3066 adversus
1055 3013 1291 3079 Cra'cos,
1321 3019 1372 3071 in
1406 3035 1513 3087 qua
1553 3022 1632 3075 sic
1669 3021 1744 3075 lo-

180 3093 380 3159 quitur,
435 3112 491 3147 n.
539 3097 611 3149 25
643 3119 653 3150 ;
683 3097 872 3176 ,Σώμά
916 3119 1004 3167 τις
1058 3100 1196 3158 εἶναι
1243 3106 1388 3176 λέγει
1435 3111 1592 3163 Θεόν·
1638 3114 1748 3181 ἐγὼ

1853 642 2051 704 anima,
2085 658 2116 697 o
2153 643 2352 706 Graeci,
2385 658 2481 712 per
2503 645 2761 710 seipsam,
2793 643 2886 698 sed
2938 644 3216 710 mortalis;
3252 655 3432 714 potest

1854 743 2033 788 tamen
2062 737 2251 790 eadem
2301 750 2408 788 non
2453 737 2618 789 mori.
2647 735 2879 790 Moritur
2907 738 3050 791 enim
3087 745 3141 792 et
3180 739 3433 793 dissolvi-

1856 834 1943 877 tur
1970 841 2094 880 cum
2118 842 2350 895 oorpore
2401 827 2654 882 veritatis
2707 828 2930 898 ignara;
2981 829 3428 897 resurgitautem

1855 927 2045 986 postea
2075 918 2127 972 in
2154 918 2261 973 ﬁne
2285 919 2471 974 mundi
2503 936 2610 974 una
2640 935 2764 974 cum
2788 936 3040 989 corpore,
3082 932 3308 976 mortem
3336 937 3431 990 per

1853 1010 2118 1081 supplicia
2151 1012 2205 1066 in
2242 1012 2661 1067 immortalitate
2695 1013 2992 1080 accipiens.
3021 1013 3226 1068 Rursus
3247 1025 3434 1068 autem

1853 1117 1960 1155 non
1991 1102 2241 1166 moritur,
2276 1102 2494 1156 etiamsi
2531 1103 2778 1157 solvatur
2805 1104 2873 1158 ad
2922 1111 3168 1168 tempus,
3206 1103 3300 1159 Dei
3334 1119 3427 1159 co-

1854 1193 2099 1263 gnitione
2136 1192 2422 1248 instructa.
2437 1210 2456 1246 ι

1926 1280 2034 1336 Sed
2071 1281 2246 1349 liquet
2280 1282 2475 1335 mortis
2506 1281 2728 1335 nomine
2765 1297 2874 1336 non
2922 1283 3352 1338 destructionem
3378 1293 3434 1338 et

1853 1370 2151 1424 abitionem
2177 1369 2232 1423 in
2261 1371 2490 1424 nihilum
2515 1371 2815 1439 designari,
2838 1372 2932 1426 sed
2958 1373 3215 1426 miserum
3238 1374 3432 1427 anima:

1854 1478 1883 1516 a
1917 1463 2027 1516 Deo
2060 1461 2253 1517 aliena:
2307 1472 2531 1518 statum.
2568 1461 2702 1516 Nam
2738 1463 2908 1532 ipsam
2969 1463 3429 1521 inmortalitatem

1855 1553 2207 1622 reproborum
2273 1563 2491 1608 mortem
2566 1556 2625 1609 in
2679 1555 3078 1612 immortalitate
3145 1560 3428 1627 appellare

1854 1661 1961 1698 non
1994 1647 2227 1701 dubitat.
2279 1645 2410 1712 Quae
2453 1658 2758 1716 sequuntur
2810 1649 3153 1719 expressiora
3203 1661 3330 1706 sunt
3364 1654 3430 1705 ad

1853 1737 1997 1790 illius
2047 1745 2280 1791 mentem
2328 1739 2763 1808 perspiciendam
2809 1757 2824 1792 :
2892 1740 3029 1793 Καθ’
3078 1741 3278 1812 ἑαυτὴν
3325 1742 3431 1812 γὰρ

1854 1826 2045 1889 σκότος
2085 1825 2222 1888 ἐστὶ,
2264 1826 2356 1886 καὶ
2392 1826 2543 1880 οὐδὲν
2584 1828 2641 1880 ὲν
2674 1828 2809 1899 αὐτῇ
2840 1828 3122 1897 φωτεινόν,
3159 1829 3253 1883 καὶ
3274 1831 3431 1885 τοῦτό

1846 1924 1991 1975 ἐστιν
2023 1922 2128 1994 ἄρα
2157 1922 2216 1974 τὸ
2243 1922 2549 1993 εἰρημένον
2585 1943 2603 1974 t
2652 1923 2716 1976 Ἦ
2742 1925 2929 1977 σκοτία
2957 1926 3017 1977 τὸ
3039 1925 3153 1994 φῶς
3184 1927 3244 1977 οὐ
3267 1943 3433 1979 καταο

1848 2014 2130 2084 λαμϐάνει.
2167 2035 2185 2066 ι
2220 2015 2379 2087 Ψυχὴ
2428 2015 2536 2089 γὰρ
2597 2017 2699 2070 οὐκ
2753 2017 2892 2088 αὑτὴ
2941 2018 3000 2070 τὸ
3045 2016 3259 2087 πνεῦμα
3293 2018 3431 2070 ἔσω-

1852 2121 1962 2167 σεν,
2005 2104 2181 2176 ἐσώθη
2254 2106 2311 2158 δὲ
2345 2106 2436 2158 ὑπ’
2495 2106 2683 2171 αὑτοῦ,
2725 2109 2816 2160 καὶ¹
2849 2107 2908 2159 τὸ
2936 2106 3050 2175 φῶς
3075 2108 3172 2177 τὴν
3214 2109 3432 2160 σκοτίαν

1850 2196 2164 2250 κατέλαϐεν.
2226 2198 2282 2250 Ὀ
2328 2200 2497 2266 Λόγος
2544 2200 2640 2269 μὲν
2678 2199 2790 2251 ἔστι
2837 2201 2897 2253 τὸ
2963 2201 3056 2252 τοῦ
3108 2201 3241 2253 Θεοῦ
3293 2201 3429 2270 φῶς,

1851 2290 2040 2351 σκότος
2090 2291 2146 2341 δὲ
2191 2294 2223 2359 ή
2290 2291 2683 2362 ἀνεπιστήμων
2716 2291 2884 2367 ψυχή.
2944 2292 3042 2345 Διὰ
3095 2292 3252 2346 τοῦτο
3295 2294 3430 2365 μόνη

1852 2379 1948 2448 μὲν
1989 2381 2339 2452 διαιτωμένη,
2381 2382 2517 2453 πρὸς
2556 2382 2653 2452 τὴν
2709 2383 2841 2452 ὕλην
2894 2384 3039 2436 νεύει
3084 2388 3253 2449 κάτω,
3310 2402 3431 2437 συν-

1850 2473 2263 2542 αποθνήσκουσα
2286 2476 2352 2544 τῇ
2389 2474 2571 2544 σαρκί.
2603 2473 2868 2543 Συζυγξαν
2898 2476 2953 2528 δὲ
2988 2477 3300 2547 κεκτημένη
3330 2478 3430 2547 τὴν

1847 2567 1939 2618 τοῦ
1971 2566 2111 2618 θείου
2158 2566 2491 2636 Πνεύματος,
2533 2568 2632 2619 οὐκ
2673 2567 2818 2620 ἔστιν
2861 2568 3182 2639 ἀϐοήθητος
3207 2569 3430 2639 ἀνέρχεο

1847 2675 1936 2709 ται
1964 2658 2017 2709 δὲ
2052 2659 2186 2728 πρὸς
2235 2658 2379 2728 ἅπερ
2440 2658 2608 2729 αὐτὴν
2659 2659 2842 2728 ὁδηγεῖ
2874 2661 3048 2731 χωρία
3080 2660 3139 2712 τὸ
3183 2659 3427 2732 Πνεῦμα.

1856 2769 1873 2800 ι
1907 2749 2008 2803 Per
2036 2765 2093 2803 se
2132 2751 2276 2803 enim
2319 2751 2498 2803 anima
2557 2751 2694 2804 nihil
2723 2751 2871 2805 aliud
2926 2762 3030 2819 est,
3065 2768 3229 2821 quam
3277 2763 3428 2807 tene-

1849 2842 1978 2908 brae,
2013 2857 2112 2896 nec
2155 2843 2448 2911 quidquam
2514 2843 2568 2901 in
2624 2856 2687 2895 ea
2750 2842 3098 2898 luminosum.
3162 2847 3340 2916 Atque
3377 2849 3428 2900 id

1852 2938 2024 3003 ipsum
2067 2945 2146 2988 est
2181 2936 2326 3003 quod
2380 2935 2581 2988 dicitur
2617 2957 2626 2988 :
2656 2933 2903 2990 Tenebraz
2936 2937 3105 2990 lucem
3136 2955 3238 2993 non
3281 2955 3425 2992 com-

1847 3010 2171 3094 prehendunt
2197 3021 2477 3095 "'.Neque
2501 3026 2646 3080 enim
2670 3027 2852 3080 anima
2881 3029 3132 3097 spiritum
3161 3031 3426 3093 servavit,

1851 3119 1942 3173 sed
1988 3120 2099 3187 ipsa
2127 3122 2194 3172 ab
2227 3133 2292 3173 eo
2325 3128 2542 3173 servata
2577 3131 2682 3184 est,
2723 3130 2780 3175 et
2828 3120 2920 3174 lux
2958 3122 3214 3177 tenebras
3242 3139 3430 3191 appre-

179 3185 229 3236 δὲ
257 3185 579 3255 ἀσώματον·
640 3189 830 3244 ἄλυτον
893 3190 1032 3246 εἶναι
1065 3196 1158 3248 τὸν
1205 3198 1424 3270 κόσμον,
1475 3203 1586 3270 ἐγὼ
1629 3203 1742 3257 λυό‹

1854 3185 2061 3262 heudit.
2097 3210 2189 3262 Est
2243 3218 2422 3262 autem
2473 3209 2713 3263 Verbum
2769 3209 2952 3263 divina
3016 3211 3144 3274 lux;
3183 3214 3429 3266 tenebrae

185 3292 333 3344 μενον
355 3294 366 3304 ·
403 3277 716 3349 ὲκττᾶρωσιν
751 3284 1067 3338 ἀποϐαίνειν
1103 3288 1242 3342 κατὰ
1292 3294 1533 3363 καιροὺς,
1563 3295 1673 3362 ἐγὼ
1699 3295 1751 3348 δὲ

181 3368 426 3433 εἰσάπαξ.
466 3371 673 3440 Κριτὰς
721 3371 856 3428 εἶναι
902 3379 1060 3432 ’Μίνω
1087 3382 1179 3433 καὶ
1225 3383 1606 3456 Ῥαδάμανθον,
1643 3390 1752 3457 ἐγὼ

182 3456 232 3509 δὲ
264 3460 432 3512 αὑτὸν
483 3463 574 3513 τὸν
603 3464 754 3517 Θεὸν·
791 3468 1283 3535 ἀπαθανατίζεσθαι
1323 3477 1489 3547 μόνην
1517 3481 1614 3548 τὴν
1651 3456 1752 3548 ψυ-

183 3550 292 3619 χὴνς
327 3552 439 3618 ἐγὼ
463 3555 518 3605 δὲ
547 3557 724 3609 καὶτὸ
752 3561 846 3611 σὺν
868 3561 1002 3631 αὐτῇ
1032 3565 1271 3642 σαρκίον.
1302 3585 1320 3616 ι
1345 3568 1436 3622 Est
1461 3573 1552 3639 qui
1584 3571 1747 3629 Deum

187 3656 379 3708 corpus
407 3658 530 3698 esse
567 3646 736 3707 dicat,
767 3665 865 3716 ego
895 3653 1306 3721 incorporeum;
1346 3662 1605 3714 mundum
1628 3677 1748 3720 esse

185 3735 639 3803 indissolubilem,
675 3757 774 3813 ego
802 3746 1238 3810 dissolvendum;
1267 3752 1745 3821 conﬂagrationem

185 3833 345 3884 variis
373 3834 714 3899 temporibus
759 3836 1004 3901 evenire,
1054 3854 1153 3909 ego
1181 3845 1349 3897 semel
1389 3858 1742 3915 eventuram;

179 3922 382 3988 judices
419 3937 542 3977 esse
577 3923 805 3979 Minoem
836 3939 889 3980 et
924 3929 1411 3999 Rhadamanthum,
1445 3953 1547 4010 ego
1573 3939 1742 3995 Deum

183 4015 382 4081 ipsum;
419 4014 595 4068 solam
645 4017 882 4073 animam
938 4021 1348 4081 innuortalitate
1387 4029 1608 4095 donari,
1641 4048 1743 4103 ego

182 4120 396 4159 carnem
429 4117 644 4175 qimque
697 4124 818 4163 cum
849 4113 1052 4166 anima.
1095 4133 1113 4164 ι
1156 4113 1261 4170 Sed
1309 4131 1488 4173 tamen
1543 4123 1742 4178 animae

182 4198 639 4253 immortalitatem
664 4215 692 4252 a
711 4201 941 4257 Tatiauo
970 4207 1151 4274 negari
1173 4218 1357 4263 censet
1387 4213 1739 4271 doctissimus

183 4288 346 4342 abbas
383 4289 448 4343 de
506 4289 826 4360 Longuerue
879 4295 929 4347 iu
991 4296 1416 4368 dissertatione,
1469 4319 1592 4371 qua:
1620 4317 1742 4374 post

180 4383 474 4436 orationem
517 4381 730 4437 Tatiani
766 4395 947 4439 exstat
987 4387 1038 4440 in
1089 4391 1218 4443 edit.
1262 4390 1433 4448 Oxon.
1507 4416 1525 4446 ι
1557 4396 1741 4452 Tatia-

182 4488 293 4534 nos,
325 4474 522 4541 inquit,
572 4475 788 4531 indocte
815 4477 968 4547 juxta
999 4496 1060 4535 ac
1085 4482 1247 4550 impie
1298 4496 1460 4555 negat
1495 4490 1731 4544 animam

1855 3319 1983 3357 vero
2016 3303 2264 3372 imperita
2326 3306 2524 3356 anima.
2583 3302 2935 3373 Quapropter
2959 3306 3002 3358 si
3037 3306 3200 3375 degat
3239 3306 3424 3359 solita-

1853 3395 1953 3458 ria,
1996 3397 2248 3449 deorsum
2278 3395 2344 3447 ad
2377 3396 2666 3450 materiam
2724 3398 2920 3466 vergit,
2953 3413 3059 3450 una
3104 3412 3228 3450 cum
3261 3413 3428 3454 carne

1853 3487 2115 3540 moriens.
2148 3487 2284 3539 Cum
2321 3487 2505 3541 divino
2546 3498 2725 3541 autem
2771 3490 2976 3558 Spiritu
3011 3491 3284 3558 eupulata,
3319 3507 3424 3544 non

1848 3589 1998 3630 caret
2024 3577 2251 3639 auxilio,
2279 3577 2370 3630 sed
2405 3594 2470 3631 eo
2496 3579 2769 3643 ascendit,
2793 3595 2902 3649 quo
2929 3581 3215 3635 deducitur
3240 3601 3268 3635 a
3302 3583 3423 3652 Spi-

1853 3672 2009 3724 ritu.»
2047 3670 2159 3725 Huc
2191 3686 2322 3738 ergo
2371 3673 2510 3725 redit
2553 3673 2641 3726 illa
2677 3688 2827 3728 mors
2874 3674 3072 3729 animae
3111 3677 3199 3730 Dei
3236 3680 3422 3746 cogni-

1849 3763 1994 3817 tione
2024 3763 2318 3830 destitutae,
2383 3777 2443 3819 ut
2504 3767 2756 3820 deorsum
2808 3778 3014 3840 vergat,
3050 3787 3148 3826 nec
3181 3770 3420 3840 Spiritus

1847 3855 2052 3909 auxilio
2109 3871 2324 3911 sursum
2385 3857 2610 3912 feratur.
2641 3860 2711 3914 At
2760 3860 2806 3914 si
2854 3861 3109 3916 deorsum
3163 3865 3333 3933 vergit
3367 3875 3419 3917 et

1846 3949 2128 4001 materiam
2168 3950 2389 4018 quaerit,
2418 3966 2525 4005 non
2572 3962 2660 4005 est
2683 3953 2928 4021 profecto
2972 3965 3186 4008 mortua
3219 3963 3275 4008 et
3324 3959 3416 4011 dc-

1843 4045 2073 4091 slructa.
2108 4037 2240 4093 Sine
2276 4058 2437 4096 eausa
2474 4059 2604 4110 ergo
2635 4049 2721 4097 vir
2771 4047 3122 4103 doctissimus
3155 4051 3260 4103 dno
3292 4054 3415 4104 ani-

1848 4144 2057 4182 marum
2095 4146 2293 4200 genera
2351 4135 2603 4189 distinxit
2655 4139 2796 4207 apud
2834 4137 3156 4205 Tatianntn,
3189 4157 3416 4210 quarum

1844 4219 1964 4273 alia:
1995 4223 2319 4284 moriantur,
2381 4224 2504 4279 alia:
2562 4226 2871 4281 solvantur.
2928 4228 3113 4284 Nullas
3173 4237 3421 4297 agnosUt

1844 4309 2126 4376 Tatianus,
2158 4330 2279 4382 qua:
2304 4331 2408 4368 non
2441 4317 2772 4373 solvantura
2793 4337 3018 4391 corpore:
3054 4340 3066 4389 ;
3103 4325 3278 4379 nullas
3300 4343 3418 4394 qua:

1842 4405 2146 4458 moriantur
2174 4423 2296 4459 cum
2330 4423 2584 4478 corpore.

1911 4492 2093 4549 Multis
2121 4496 2245 4550 aliis
2275 4497 2433 4552 rebus
2460 4499 2994 4559 declarat-Tatiauus
3021 4505 3230 4559 animas
3249 4509 3414 4561 etiam

184 4566 468 4622 humanam
518 4579 710 4625 natura
775 4573 1133 4632 immortalem
1198 4595 1336 4636 esse.
1414 4583 1742 4641 Pronuntiat
1770 4575 1820 4635 Ι)
1847 4584 2115 4638 malorum
2136 4602 2308 4654 usque
2330 4588 2396 4641 ad
2429 4594 2886 4647 resurrectionem
2925 4598 3414 4663 permaneretlum

181 4661 314 4713 enim
351 4668 710 4730 quorumdam
741 4667 1015 4723 hominum
1054 4673 1266 4727 animas
1311 4679 1449 4730 mori
1483 4693 1588 4732 una
1615 4696 1735 4734 cum

179 4755 523 4820 corporibus;
554 4756 778 4811 aliorum
831 4775 964 4817 vero
1013 4763 1146 4817 solvi
1190 4766 1438 4835 quidem,
1474 4771 1570 4824 sed
1623 4787 1732 4824 non

179 4846 330 4899 mori.
365 4846 544 4915 Atque
573 4850 675 4904 hoc
727 4864 1088 4908 commentum
1142 4873 1312 4913 novus
1363 4861 1734 4918 inconsidera-

180 4947 363 5006 tusque
405 4941 662 5008 magister
697 4941 914 4999 Grtrcos
961 4950 1173 5002 docet.»
1209 4950 1383 5006 Locus
1418 4956 1486 5008 ab
1522 4958 1733 5011 erudito

179 5029 285 5081 viro
315 5033 518 5084 citatus
570 5037 825 5098 occurrit,
857 5054 907 5090 ιι.
938 5039 1024 5102 i5,
1065 5041 1150 5094 ubi
1203 5043 1282 5097 sic
1338 5044 1575 5114 legitur:
1619 5049 1731 5102 Οὐκ

177 5118 310 5171 ἐστιν
333 5121 616 5186 ἀθάνατος,
649 5124 835 5194 ἄνδρες
858 5127 1129 5200 Ἕλληνες,
1191 5135 1223 5204 ἠ
1272 5135 1415 5206 ψυχὴ
1461 5139 1582 5191 καθ’
1605 5143 1729 5194 ἐαυ-

175 5213 282 5281 τὴν,
314 5211 484 5284 θνητὴ
519 5215 594 5267 δέ.
639 5216 792 5270 Ἀλλὰ
813 5219 1030 5273 δύναται
1072 5224 1103 5293 ὴ
1149 5224 1285 5294 αὐτὴ
1339 5229 1431 5280 mi.
1468 5231 1541 5300 μὴ
1593 5233 1728 5284 ἀπο-

177 5305 439 5374 Θνήσκειν.
467 5307 700 5379 Θνήσκει
730 5312 837 5384 γὰρ
871 5315 964 5369 καὶ
1020 5315 1202 5370 λύεται
1246 5320 1383 5390 μετὰ
1414 5323 1507 5376 τοῦ
1541 5325 1727 5395 σώμα-

175 5413 271 5459 τος,
299 5400 374 5469 μὴ
404 5398 742 5467 γινώσκουσα
775 5406 872 5477 τὴν
915 5407 1187 5477 ἀλήθειαν,
1224 5414 1505 5468 ἀνίσταται
1545 5416 1601 5470 δὲ
1650 5419 1728 5482 εἰς

177 5489 388 5561 ὕστερον
427 5494 521 5546 ἐπὶ
556 5496 831 5568 συντελείᾳ
884 5500 977 5553 τοῦ
1012 5504 1214 5574 κόσμου
1251 5510 1347 5560 σὺν
1391 5509 1469 5580 τῷ
1494 5512 1725 5582 σώματι,

177 5577 385 5635 θάνατον
410 5584 500 5637 διὰ
537 5589 803 5658 τιμωρίας
831 5593 888 5644 ἐν
912 5593 1181 5666 ἀθανασίᾳ
1214 5577 1588 5670 λαμϐάνουσαί
1620 5607 1724 5659 πά-

177 5665 242 5721 ὶιν
272 5689 327 5724 τε
360 5674 421 5726 οὐ
461 5674 700 5746 θνήσκει,
737 5680 837 5734 κᾶν
884 5684 1035 5757 πρὸς,
1058 5688 1246 5759 καιρὸν
1291 5689 1458 5761 λυθῇ,
1493 5694 1592 5768 τὴν
1618 5697 1728 5749 ἐπί-

231 5826 458 5885 πλοέιο.
501 5847 538 5884 t.
565 5832 598 5886 5

1840 4675 2082 4729 nonnulli
2131 4678 2417 4734 animabus
2457 4697 2688 4751 corpore
2745 4685 2938 4739 solutis
2986 4703 3047 4741 ea
3085 4689 3408 4744 tribueret...

1839 4782 1956 4834 qua:
1978 4768 2276 4822 daemonum
2338 4773 2659 4837 operatione
2698 4774 2814 4827 lieri
2847 4777 3026 4831 solent
3062 4799 3071 4846 ε
3106 4780 3185 4833 sic
3219 4791 3410 4838 eorum

1836 4857 2143 4924 opinionem
2181 4860 2398 4923 refellit,
2440 4877 2588 4916 lltllll.
2621 4865 2702 4916 ib.
2741 4885 2756 4915 ι
2788 4865 2958 4921 Porro
2992 4872 3289 4936 dtemones,
3315 4875 3404 4941 qui

1838 4946 2148 5001 hominibus
2199 4952 2489 5018 imperant,
2542 4969 2651 5007 non
2703 4966 2828 5010 sunt
2873 4960 3071 5014 animae
3105 4963 3404 5019 hominum.

1836 5036 1950 5102 Quo
1980 5040 2126 5092 enim
2160 5052 2320 5109 pacto
2378 5042 2630 5099 efﬁcaces
2687 5048 2850 5100 etiam
2894 5061 3015 5116 post
3060 5062 3290 5108 mortem
3323 5057 3409 5110 lie.

1837 5133 1996 5183 rent?
2027 5130 2144 5186 Nisi
2178 5134 2318 5188 forte
2350 5135 2534 5202 homo,
2565 5140 2804 5206 quandiu
2860 5143 3015 5207 vivit,
3056 5145 3325 5214 insipiens
3356 5162 3410 5203 et

1831 5215 2108 5281 invalidus
2134 5236 2254 5294 est;
2292 5239 2543 5283 mortuus
2583 5239 2763 5285 autem
2801 5233 3112 5291 eliicaciore
3148 5242 3408 5307 praeditus

1831 5313 2092 5371 facultate
2118 5321 2382 5373 creditur.
2422 5322 2527 5376 Sed
2570 5337 2747 5392 neque
2807 5341 2894 5379 res
2942 5329 3012 5382 ita
3039 5345 3098 5383 se
3127 5332 3310 5399 habet,
3352 5347 3405 5389 ut

1829 5410 1957 5464 alibi
1991 5411 2526 5484 demonstravimus;
2549 5427 2604 5472 et
2630 5419 2950 5482 perditlicile
2976 5433 3062 5477 est
3092 5427 3407 5484 existimare

1830 5502 2069 5556 animam
2093 5506 2483 5573 immortalem,
2523 5525 2644 5563 cum
2674 5525 2704 5564 e
2735 5527 2987 5581 corpore,
3050 5517 3206 5586 cujus
3236 5535 3394 5572 mem-

1831 5593 1946 5648 bris
1993 5596 2314 5666 impeditur.
2346 5600 2686 5668 migraverit,
2731 5607 3070 5673 sagaciorem
3107 5611 3277 5664 lieriu
3312 5610 3405 5665 Vi-

1830 5685 1924 5738 des
1956 5683 2244 5741 Tatiauum
2285 5689 2372 5745 hic
2397 5705 2560 5762 agere
2595 5694 2658 5749 de
2693 5696 2983 5755 animabus
3029 5700 3344 5775 impiorum,
3372 5723 3400 5759 a
