4120 6404
776 399 843 455 87
1711 395 1769 452 S.
1805 394 2133 452 JUSTINUS
2169 393 2641 450 PHILOSOPHUS
2669 394 2753 448 ET
2782 393 3094 451 HADTYR.
3902 389 3969 445 88

774 521 972 589 quibus
999 518 1238 574 nonnulli
1288 518 1519 588 plurima
1558 517 1610 571 in
1667 517 1955 571 humanum
1986 532 2154 587 genus
2184 518 2320 569 mala
2351 532 2395 588 Α
2430 518 2647 571 aeternis
2672 515 3002 570 cruciatibus
3036 512 3272 575 ducitur,
3308 511 3440 565 nihil
3487 509 3657 581 magis
3683 518 3967 563 consents-

775 614 1039 679 proticisci
1095 612 1500 667 existimabant.
1552 609 1722 679 Negat
1774 610 2034 663 Tatianus
2054 609 2313 674 ejusmodi

774 705 983 757 animas
1007 704 1197 757 eadem
1226 718 1289 755 ac
1318 704 1589 755 daemones
1618 714 1897 767 praestare,
1925 702 2017 753 sed
2048 702 2100 753 in
2129 700 2318 753 certis-

774 794 893 846 simi
920 793 1174 861 principii
1214 794 1333 845 loco
1357 791 1546 844 statuit
1576 806 1691 849 eas.
1736 804 1855 843 cum
1897 804 1926 842 e
1970 803 2193 855 corpore
2226 788 2316 839 mi-

773 884 1067 952 graverint,
1099 894 1378 949 superesse
1407 892 1460 933 et
1491 882 1822 934 immortales
1848 895 1988 933 esse.
2035 880 2313 932 llominem

771 975 1182 1026 immortalitatis
1226 974 1503 1044 imaginem
1554 989 1582 1026 a
1639 970 1817 1027 Verbo
1868 982 2107 1027 creatum
2162 973 2311 1037 dicit,

773 1081 921 1117 num.
963 1065 1012 1119 7.

838 1152 953 1207 Non
1014 1154 1171 1205 aliam
1223 1170 1352 1223 ergo
1385 1167 1607 1208 mortem
1661 1155 1853 1207 anima:
1898 1154 2200 1222 suspicatus
2231 1161 2312 1206 est

771 1244 1049 1309 Tatianus,
1108 1256 1300 1313 praater
1342 1262 1483 1310 eam,
1531 1263 1648 1313 quae
1698 1262 1725 1298 a
1762 1248 1999 1315 peccatis
2051 1245 2308 1313 Spiritum

769 1348 1012 1393 sanetum
1047 1339 1357 1394 arcentibus
1382 1339 1763 1409 proﬁciscitur.
1825 1340 1914 1393 Sic
1950 1340 2093 1391 enim
2122 1337 2307 1392 statuit

768 1432 1061 1497 hominem,
1090 1433 1134 1486 si
1171 1432 1425 1499 templum
1478 1432 1649 1485 sancti
1702 1432 1933 1500 Spiritus
1977 1446 2080 1482 non
2121 1429 2302 1490 fuerit,

765 1522 878 1578 aola
910 1540 1023 1578 voce
1053 1540 1083 1575 a
1116 1524 1296 1576 beic'nis
1320 1524 1551 1593 diﬂ'erre.
1580 1534 1765 1577 ca’tem
1799 1541 1911 1577 vero
1938 1524 2166 1589 ejusdem
2196 1538 2305 1573 esse

765 1630 827 1666 ac
870 1614 991 1667 illus
1040 1616 1375 1677 conditionis,
1428 1625 1482 1666 ut
1513 1616 1601 1680 qui
1630 1631 1731 1666 non
1758 1616 1824 1666 sit
1867 1614 2154 1666 similitudo
2186 1611 2300 1666 Dei.

769 1704 991 1759 Minime
1020 1721 1151 1775 ergo
1181 1706 1434 1759 nimirum
1462 1705 1506 1759 si
1535 1716 1775 1758 mortuos
1810 1704 2102 1763 existimat,
2130 1704 2217 1768 qni
2247 1718 2305 1755 se

763 1812 792 1848 a
829 1796 1029 1862 Spiritu
1070 1810 1256 1849 sancto
1304 1797 1701 1850 abstraxerunt.
1742 1797 1817 1849 De
1841 1795 2097 1861 citismodi
2132 1804 2302 1848 morte

2421 623 2579 662 nomn
2612 607 2905 675 Scriptura!
2935 616 2988 659 et
3012 605 3232 661 Patrum
3282 604 3536 674 loquendi
3567 600 3961 657 consuetudini.

2417 700 2559 755 Nihil
2594 701 2736 753 aliud
2767 699 2866 753 sibi
2929 699 3039 751 vult
3082 698 3315 752 secunda
3376 710 3522 749 mors
3554 694 3607 748 in
3642 691 3962 762 Apocalypsi

2417 793 2658 861 pluribus
2714 792 2846 844 locis
2907 802 3204 844 memorata
3265 791 3333 843 “.
3372 788 3515 842 Mors
3558 786 3672 851 illa,
3710 800 3825 854 qua!
3861 799 3965 853 per

2416 900 2577 938 unum
2638 884 2909 937 hominem
2980 884 3292 946 intravit",
3325 896 3468 935 mors
3529 890 3615 937 est
3662 878 3852 930 anima
3904 884 3961 929 et

2414 975 2675 1043 c0rporis.
2710 995 2727 1025 s
2747 974 3000 1028 Diabolus
3030 976 3095 1026 ad
3122 973 3448 1038 operandam
3480 970 3693 1039 duplam
3726 976 3959 1022 mortem

2413 1075 2673 1126 nostram,
2706 1065 2881 1132 inquit
2911 1065 3262 1133 Augustinus.
3288 1064 3380 1118 lib.
3410 1078 3460 1116 tr
3491 1061 3568 1114 De
3601 1058 3768 1122 Trim,
3798 1054 3958 1118 n.l5,

2412 1155 2657 1222 simplam
2713 1156 2893 1207 attulit
2944 1171 3119 1209 suam.
3179 1154 3283 1208 Per
3341 1155 3674 1221 impietatem
3722 1161 3960 1215 namqne

2411 1257 2656 1299 mortuus
2720 1256 2804 1299 est
2856 1250 2908 1299 iu
2967 1249 3183 1314 spiritu.
3215 1266 3231 1297 ι
3296 1246 3461 1309 Idem,
3498 1246 3596 1300 lib.
3643 1262 3755 1309 xiv,
3798 1264 3852 1299 u.
3883 1240 3955 1300 ϐξ
4024 1286 4027 1287 ν

2412 1356 2429 1387 ι
2459 1336 2633 1391 Habet
2660 1338 2857 1406 quippe
2893 1348 2946 1391 et
2970 1339 3147 1391 anima
3202 1351 3430 1393 mortem
3463 1354 3634 1403 suam,
3672 1354 3791 1392 cum
3842 1340 3955 1392 vita

2406 1427 2559 1481 beata
2593 1439 2761 1483 caret.
2782 1448 2799 1479 ι
2868 1430 2934 1483 Et
2957 1430 3049 1483 lib.
3080 1446 3141 1495 ω,
3169 1446 3225 1485 n.
3257 1431 3363 1483 15:
3429 1449 3447 1481 σ
3471 1429 3585 1499 Ipsa
3620 1430 3956 1485 mutabilius

2406 1536 2509 1574 non
2550 1520 2987 1573 inconvenienter
3041 1519 3340 1575 mortalitas
3390 1522 3609 1587 dicitur,
3656 1522 3955 1576 secundum

2405 1627 2561 1679 quam
2601 1619 2654 1663 et
2680 1610 2854 1663 anima
2897 1610 3095 1662 dicitur
3139 1610 3297 1663 mori.
3330 1629 3349 1662 ι
3380 1609 3539 1665 Plura
3571 1610 3822 1681 colligere
3848 1626 3955 1667 non

2406 1703 2534 1755 libet
2570 1703 2623 1755 in
2650 1717 2709 1756 re
2740 1698 3021 1755 manifesta
3063 1711 3119 1753 et
3162 1701 3458 1771 explorata.

764 1886 1134 1952 accipiendum
1183 1888 1323 1956 quod
1362 1888 1458 1948 ait,
1502 1900 1557 1940 η.
1600 1888 1654 1939 9.
1718 1906 1735 1933 ι
1763 1886 1901 1951 Quid
1932 1897 2011 1939 est
2049 1887 2189 1953 quod
2237 1901 2298 1939 ex

2481 1858 2539 1911 ν.
2577 1859 2720 1913 Satis
2746 1874 3015 1927 superque
3045 1871 3402 1915 monstratum
3429 1877 3588 1930 spero
3617 1862 3754 1917 nihil
3784 1861 3956 1918 Justi-

762 1974 871 2030 fato
906 1993 1012 2044 pne
1044 1978 1271 2031 avaritia
1306 1978 1537 2049 vigilas?
1559 1978 1666 2032 Cur
1689 1994 1753 2033 ex
1788 1978 1899 2032 fato
1923 1994 2061 2048 saepe
2083 1978 2305 2045 cupidus

761 2084 900 2137 smpe
940 2070 1207 2123 moreris?
1230 2090 1247 2121 ι

830 2202 883 2256 ln
907 2202 1147 2255 eamdem
1202 2204 1526 2256 sententiam
1568 2201 1643 2253 ait
1689 2202 1954 2255 daemones
1985 2212 2039 2256 et
2066 2204 2305 2272 quotidie

757 2294 894 2349 mori
925 2308 1043 2345 cum
1086 2294 1328 2346 homines
1361 2308 1589 2360 peccare
1622 2293 1833 2352 docent.
1860 2304 1913 2346 et
1940 2306 2047 2347 tum
2076 2296 2305 2349 maxime

756 2385 1078 2447 morituros,
1110 2400 1230 2437 eum
1276 2387 1327 2438 in
1358 2384 1617 2453 supplicia
1649 2385 2018 2437 tletrudentur.
2059 2404 2076 2435 ο
2100 2386 2305 2438 Damio-

758 2492 853 2530 nes
887 2492 989 2531 non
1021 2475 1177 2528 facile
1206 2476 1533 2535 moriuntur,
1570 2476 1762 2541 inquit,
1802 2490 1853 2526 n.
1880 2474 1975 2536 Η,
2012 2484 2133 2527 sunt
2162 2476 2302 2528 enim

756 2566 938 2621 carnis
982 2574 1269 2633 expertes,
1332 2566 1423 2617 sed
1496 2564 1743 2617 viventes
1805 2566 1992 2617 mortis
2054 2566 2299 2620 instituta

756 2666 1041 2720 exercent;
1104 2667 1261 2709 lOllCS
1311 2656 1561 2708 nimirum
1594 2666 1646 2708 et
1679 2656 1777 2723 ipsi
1825 2658 2136 2721 morientes,
2170 2672 2303 2724 quo-

757 2747 858 2800 ties
882 2748 945 2799 ad
973 2748 1303 2815 peccandum
1345 2754 1646 2797 set-latores
1677 2761 1801 2799 suos
1843 2747 2160 2801 erudit-rint.
2198 2747 2303 2801 Ita-

753 2853 858 2906 que
894 2839 1033 2905 quod
1060 2853 1196 2891 nunc
1242 2836 1344 2891 illis
1374 2837 1699 2905 prmcipuum
1732 2847 1835 2898 est,
1872 2848 1928 2889 ut
1955 2838 2201 2891 similiter
2241 2855 2302 2891 ac

755 2930 1002 2983 homines
1041 2944 1145 2983 non
1179 2929 1500 2989 moriantur,
1542 2928 1593 2980 id
1624 2928 1839 2979 minime
1869 2927 2150 2995 ellugient,
2178 2945 2297 2983 cum

756 3020 1010 3089 incipient
1036 3022 1238 3087 puniri,
1285 3036 1382 3075 nec
1434 3022 1558 3071 vitae
1598 3030 1810 3071 mlernac
1839 3020 2130 3089 participes
2159 3036 2301 3074 mor~

756 3118 860 3162 tem
916 3111 1199 3175 quamdam
1239 3112 1289 3163 in
1323 3111 1727 3163 immortalitate
1752 3112 2070 3165 sortientur.
2102 3112 2299 3177 Quem-

2407 1965 2533 2003 num
2562 1952 2628 2003 de
2668 1950 3067 2005 immortalitate
3096 1952 3393 2004 animarum
3414 1952 3663 2019 sensisse,
3679 1955 3815 2020 quod
3849 1969 3957 2008 non

2404 2041 2602 2095 Christi
2635 2054 2872 2112 martyre
2902 2042 3276 2109 dignissimum
3307 2053 3406 2101 sit:
3437 2054 3493 2096 at
3525 2044 3628 2096 alla
3673 2060 3775 2096 non
3817 2044 3956 2098 levis

2403 2142 2648 2201 superest
2675 2134 2934 2201 quaestio,
2971 2150 3038 2187 an
3081 2135 3355 2188 daemones
3393 2144 3445 2188 et
3491 2134 3661 2190 malos
3704 2138 3953 2192 homines

2399 2224 2507 2291 jam
2537 2240 2676 2279 nunc
2708 2225 2830 2293 igne
2865 2226 3104 2292 torqueri
3132 2225 3442 2281 crediderit.

2476 2387 2573 2440 Vix
2610 2385 2829 2438 dubium
2884 2386 3014 2452 quin
3049 2382 3293 2438 Justinus
3334 2385 3591 2454 supplicia
3643 2385 3955 2439 dzrmonum

2403 2479 2469 2530 ad
2506 2487 2804 2531 extremum
2828 2487 2879 2529 et
2903 2477 3147 2545 generale
3178 2476 3429 2541 iudicium
3458 2477 3619 2529 dilata
3657 2479 3957 2545 putaverit.

2404 2567 2457 2620 Id
2481 2569 2675 2621 diserte
2690 2566 2843 2620 docet
2870 2567 2921 2618 in
2953 2566 3084 2619 locis
3108 2567 3266 2618 modo
3283 2567 3463 2620 citatis
3486 2565 3778 2634 discipulus
3803 2566 3959 2621 illius

2404 2658 2661 2711 Tatianus
2686 2697 2701 2722 ,
2728 2658 2818 2726 qui
2850 2659 3085 2711 nondum
3120 2673 3147 2709 a
3177 2658 3416 2728 magistri
3449 2659 3693 2711 doctrina
3730 2658 3954 2711 defece-

2406 2758 2521 2808 rat,
2572 2763 2691 2800 cnm
2737 2748 3037 2801 orationem
3092 2750 3351 2802 adversus
3396 2746 3611 2803 Grzecos
3656 2747 3955 2802 scriberet.

2404 2838 2460 2891 S.
2496 2838 2749 2908 martyris
2779 2839 3047 2891 sententia
3082 2854 3145 2892 ex
3185 2838 3266 2891 his
3295 2838 3470 2891 verbis
3506 2838 3735 2907 perspici
3768 2845 3957 2906 potest

2406 2930 2456 2976 in
2491 2925 2666 2990 Apol.,
2689 2926 2736 2988 l,
2765 2941 2821 2978 n.
2856 2925 2962 2979 9.8:
2995 2944 3013 2976 ι
3043 2927 3196 2993 Apud
3226 2942 3321 2980 nos
3344 2928 3519 2991 enim,
3556 2926 3768 2995 inquit,
3801 2927 3959 2991 prin-

2402 3032 2525 3084 ceps
2560 3026 2822 3070 malorum
2858 3018 3154 3071 daemonum
3189 3032 3412 3085 serpens
3441 3027 3662 3071 vocatur
3702 3026 3756 3069 et
3786 3017 3955 3071 Sata-

2404 3124 2501 3162 nas
2553 3118 2608 3163 et
2651 3108 2927 3174 diabolus,
2977 3120 3034 3161 ut
3082 3110 3307 3177 potestis
3366 3124 3430 3163 ex
3494 3110 3692 3163 litteris
3745 3110 3957 3162 nostris

753 3202 1036 3255 admodum
1089 3204 1229 3255 enim
1288 3218 1416 3265 nos,
1473 3204 1665 3271 quibus
1745 3218 1885 3256 nunc
1951 3204 2081 3257 mori
2141 3204 2298 3256 facile
2328 3193 2368 3249 C
2404 3201 2693 3254 scrutando
2740 3203 3065 3269 perspicere.
3108 3202 3257 3255 llunc
3306 3202 3743 3269 prtemonstravit
3789 3200 3955 3255 Chri-

751 3294 1043 3359 contingit,
1101 3304 1283 3361 postea
1319 3310 1438 3348 cum
1492 3295 1764 3361 voluptate
1810 3296 2293 3360 immm-talitatem,

751 3384 836 3435 vel
874 3386 1114 3439 dolorem
1146 3401 1266 3439 cum
1309 3388 1717 3442 immortalitate
1766 3388 2164 3456 percipiemus;
2220 3388 2299 3442 sic

751 3484 806 3527 et
839 3476 1105 3530 (temones
1135 3479 1225 3545 qui
1261 3481 1511 3545 pra-senti
1562 3481 1673 3532 vita
1708 3482 1772 3532 ad
1811 3487 2138 3548 peccandum
2166 3482 2296 3535 abu-

754 3582 961 3632 tuntur,
992 3588 1053 3625 ac
1081 3587 1175 3639 per
1199 3583 1364 3625 totam
1406 3576 1568 3627 vitam
1607 3578 1932 3638 moriuntur.
1976 3593 2161 3631 rursus
2195 3579 2297 3631 im-

751 3663 1131 3715 mortalitatem
1174 3664 1447 3716 habebunt
1476 3676 1661 3717 natura
1704 3668 1918 3733 quidem
1950 3670 2194 3722 eamdem
2228 3686 2296 3723 ac

750 3750 876 3802 dmn
910 3752 1167 3809 viverent.
1212 3756 1457 3821 supplicii
1489 3766 1667 3810 autem
1721 3759 1927 3812 ratione
1966 3761 2196 3813 similem
2234 3762 2295 3814 il-

750 3842 922 3895 lorum
969 3845 1265 3909 hominum,
1322 3848 1409 3914 qui
1441 3864 1504 3901 ex
1541 3850 1702 3901 animi
1748 3852 1827 3902 sui
1884 3854 2147 3905 sententia
2174 3868 2296 3920 ges-

750 3946 902 3996 sere,
946 3934 1202 4002 quidquid
1267 3936 1538 3993 daunoues
1594 3941 1899 3994 viventibus
1957 3944 2294 4011 prxscripsc-

749 4032 925 4078 rant.»

818 4157 908 4212 IV.
948 4159 1057 4211 lluc
1097 4161 1261 4229 redigi
1297 4172 1472 4228 potest
1512 4172 1621 4215 tota
1654 4162 1847 4216 .lnstini
1889 4175 1942 4217 et
1974 4165 2179 4221 Tatiani
2228 4169 2296 4224 de

752 4253 941 4305 animre
976 4253 1378 4307 immortalitate
1408 4257 1646 4308 doctrina
1673 4275 1684 4307 :
1708 4258 2057 4325 hancnegant
2083 4275 2175 4312 sua
2209 4277 2295 4313 na-

750 4356 865 4397 tura
903 4345 1260 4399 immortalem
1309 4362 1447 4407 esse,
1480 4348 1569 4400 sed
1604 4359 1809 4400 tantum
1852 4349 1943 4403 Dei
1980 4352 2291 4419 voluntate;

748 4436 1027 4488 mortalem
1083 4436 1225 4488 illam
1266 4436 1451 4488 dicunt
1482 4448 1747 4501 quatenus
1798 4438 1851 4490 in
1911 4441 2034 4491 vitia
2074 4441 2289 4495 labitur.

753 4525 990 4591 Utraque
1014 4525 1260 4589 loquendi
1310 4532 1447 4581 ratio
1501 4532 1696 4583 usitata
1757 4531 1892 4598 apud
1928 4534 2195 4599 antiquos.
2234 4534 2291 4589 S.
2324 4522 2367 4575 Ῑ)

750 4611 982 4668 lrcnzeus
1019 4617 1225 4667 animas
1260 4616 1347 4668 Dei
1381 4618 1669 4677 voluntate,
1706 4634 1810 4671 non
1849 4635 1943 4672 sua
1976 4631 2165 4674 natura
2196 4622 2292 4674 itu-

751 4706 1004 4760 mortales
1039 4723 1157 4761 esse
1190 4711 1367 4761 docet.
1429 4711 1929 4774 (Quemadmodum
1987 4714 2127 4766 e'nim
2184 4730 2294 4769 ca:-

750 4795 878 4855 lum,
924 4799 1116 4863 inquit,
1150 4799 1242 4850 lib.
1282 4816 1339 4861 ll,
1378 4816 1423 4852 c.
1462 4801 1553 4863 54,
1597 4816 1651 4857 n.
1685 4802 1736 4867 ‘2,
1768 4814 1821 4856 et
1848 4805 2066 4871 reliqum
2100 4806 2284 4870 stellm,

748 4896 802 4940 et
827 4890 1004 4940 omnia
1050 4902 1371 4942 ornamenta
1427 4892 1683 4959 ipsorum,
1731 4909 1849 4946 cum
1901 4906 2024 4949 ante
2065 4911 2169 4949 non
2201 4913 2285 4949 es-

748 4989 887 5040 sent,
918 4979 1053 5031 facta
1090 4993 1232 5040 sunt,
1267 4991 1318 5033 et
1346 4984 1517 5037 multo
1551 4996 1789 5050 tempore
1831 4998 2179 5053 perseverant
2206 5004 2290 5041 se—

748 5070 981 5122 cundum
1015 5072 1343 5123 voluntatem
1380 5075 1500 5137 llci;
1533 5077 1610 5129 sic
1634 5088 1687 5128 et
1720 5078 1785 5129 de
1808 5079 2111 5141 animabus,
2143 5089 2194 5131 et
2226 5082 2291 5134 de

745 5160 1044 5223 Spiritibus.
1083 5172 1133 5213 et
1177 5164 1394 5215 omnino
1428 5166 1491 5216 de
1544 5166 1792 5217 omnibus
1840 5168 1942 5231 his,
1992 5184 2110 5236 qua:
2149 5170 2287 5224 facta

744 5256 899 5306 sunt,
934 5249 1183 5312 cogitans
1213 5252 1330 5312 quis
1361 5251 1583 5304 minime
1634 5256 1901 5319 peccabit,
1937 5258 2149 5323 quando
2174 5274 2283 5310 0m-

743 5336 851 5398 tiia,
884 5352 1001 5403 qua?
1045 5338 1184 5389 facta
1219 5349 1360 5398 sunt.
1391 5344 1602 5395 initium
1638 5348 1851 5411 quidem
1915 5350 2137 5402 factum
2176 5368 2285 5405 sua:

742 5427 995 5490 habeant,
1032 5443 1384 5491 perseverant
1430 5446 1602 5489 autem
1654 5440 2005 5507 quoadusque
2049 5458 2109 5495 ca
2147 5442 2284 5497 Deus

742 5526 794 5569 et
824 5534 941 5572 esse
968 5534 1019 5571 et
1065 5537 1414 5588 perseverare
1449 5529 1728 5581 voluerit.»
1772 5534 1922 5595 Quod
1954 5545 2129 5586 autem
2165 5551 2282 5603 spc-

739 5619 848 5663 ctat
892 5613 959 5665 ad
995 5613 1136 5666 illam
1177 5620 1366 5670 animm
1404 5634 1660 5681 mortem.
1715 5639 1831 5688 quae
1861 5639 1921 5677 ex
1957 5630 2194 5694 nequitia
2226 5639 2279 5685 ct

812 5769 854 5794 "
884 5770 1025 5834 Apoc
1087 5790 1171 5826 ιι,
1226 5776 1319 5826 lL'
1364 5796 1470 5844 xxi,
1504 5782 1549 5833 .‘5.
1634 5782 1674 5809 ⁵³
1706 5781 1856 5833 Rom.
1891 5797 1939 5845 π,
1974 5786 2053 5835 li.

2399 3305 2515 3347 stus
2538 3311 2657 3349 cum
2687 3296 2851 3363 ipsius
2873 3294 3113 3349 exercitu
3142 3305 3196 3349 et
3219 3294 3610 3347 assectantibus
3638 3292 3955 3348 hominibus

2401 3384 2451 3435 in
2490 3384 2665 3455 ignem
2703 3384 2924 3437 missum
2957 3382 3053 3445 iri,
3084 3392 3143 3436 ut
3171 3383 3224 3437 in
3254 3383 3517 3436 inﬁnitum
3550 3398 3719 3436 rerum
3748 3397 3949 3435 excru-

2399 3471 2626 3524 cientur.
2668 3470 2981 3536 Interposita
3007 3472 3149 3524 enim
3189 3487 3335 3525 mora
3357 3513 3372 3534 ,
3402 3473 3689 3540 quominus
3719 3472 3769 3525 id
3806 3472 3954 3528 Deus

2399 3563 2663 3637 hactenus
2695 3562 3007 3630 perliceret,
3046 3572 3268 3631 propter
3298 3564 3585 3615 humanum
3620 3578 3786 3630 genus
3810 3578 3951 3617 con-

2400 3654 2534 3723 tigit.
2570 3674 2587 3705 ι
2622 3653 2678 3707 In
2702 3655 2942 3707 eamdem
2971 3655 3288 3707 sententiam
3319 3665 3527 3718 spectat
3553 3656 3693 3723 quod
3717 3655 3774 3709 S.
3801 3670 3953 3711 mar-

2400 3756 2481 3816 lyr
2509 3746 2711 3800 Irenaeo
2734 3754 2867 3798 teste
2893 3745 3124 3807 dicebat,
3143 3745 3757 3815 «iremonem,antequam
3785 3745 3950 3799 Chrl-

2396 3849 2511 3892 stus
2543 3840 2775 3902 veniret,
2798 3838 3027 3890 nondum
3068 3845 3214 3890 certo
3241 3838 3464 3891 SCiVlSSB
3488 3854 3605 3892 sese
3632 3839 3949 3893 damnatum

2396 3950 2513 3988 esse
2538 3977 2551 3997 ,
2588 3937 2659 3987 ita
2686 3945 2739 3987 ut
2774 3934 2947 4001 seipse
2972 3934 3131 3988 stulta
3162 3934 3248 3986 illa
3283 3934 3536 4001 opinione
3568 3932 3949 3993 frustraretur,

2396 4030 2545 4095 quasi
2582 4027 2744 4080 Deum
2774 4027 3034 4080 latuisset.
3065 4044 3083 4072 σ
3120 4026 3264 4078 Bene
3284 4065 3299 4086 ,
3330 4025 3504 4092 inquit
3530 4061 3543 4087 ,
3570 4024 3661 4076 lib.
3690 4038 3743 4082 ν.
3774 4038 3821 4075 c.
3849 4019 3947 4085 26,

2396 4121 2657 4181 lrenmus,
2726 4118 2967 4172 Justinus
3032 4117 3171 4169 dixit
3230 4116 3483 4185 quoniam
3550 4125 3675 4167 ante
3732 4113 3948 4169 Domini

2395 4216 2678 4265 adventum
2741 4226 3011 4278 nunquam
3079 4224 3241 4262 ausus
3281 4218 3362 4261 est
3426 4209 3653 4262 Satanas
3696 4207 3949 4275 blasphe-

2396 4321 2541 4357 mare
2574 4306 2731 4357 Deum
2769 4322 2782 4357 :
2814 4304 3008 4372 quippe
3042 4304 3279 4356 nondum
3310 4302 3487 4355 sciens
3526 4314 3678 4354 suam
3713 4300 3946 4352 damna-

2394 4395 2615 4447 tionem.
2656 4413 2673 4443 ι
2711 4394 2969 4448 Oliservat
3017 4391 3288 4453 Petavius,
3324 4392 3416 4445 lib.
3462 4407 3545 4454 tu,
3584 4390 3659 4444 De
3707 4392 3945 4459 angelis,

2396 4501 2444 4539 c.
2475 4487 2507 4539 5
2535 4495 2586 4537 et
2612 4484 2675 4540 4.
2733 4484 2871 4537 hanc
2912 4480 3106 4537 .lustini
3148 4484 3457 4551 opinionem
3501 4483 3673 4550 quoad
3722 4483 3946 4549 ignora-

2399 4578 2592 4631 tionem
2628 4576 2987 4628 damnationis
3020 4587 3231 4629 secutos
3260 4589 3378 4627 esse
3424 4584 3695 4627 auctorem
3738 4574 3943 4627 carmi-

2397 4683 2523 4719 num
2558 4668 2613 4719 in
2664 4668 3016 4727 Marciouem,
3046 4666 3082 4719 l.
3114 4683 3167 4729 ι,
3198 4680 3248 4718 c.
3281 4665 3345 4729 3;
3396 4665 3718 4726 Eusebium,
3763 4664 3857 4719 lib.
3885 4682 3944 4718 tv

2396 4758 2563 4821 Hist,
2587 4774 2634 4812 c.
2674 4760 2772 4821 l8;
2812 4759 3161 4825 Epiphantum
3200 4758 3390 4809 lncres.
3421 4755 3514 4821 59;
3552 4755 3809 4808 lsidorum
3840 4754 3944 4808 Pe-

2394 4850 2641 4903 lu~iotam
2688 4851 2807 4903 libr.
2853 4866 2910 4912 ιι,
2941 4852 3095 4917 epist.
3134 4848 3232 4911 90;
3270 4847 3655 4901 (Ecumenium
3709 4845 3762 4897 in
3813 4860 3941 4914 cap.

2390 4940 2550 5001 ult.,l
2582 4940 2722 4993 Petr.
2750 4958 2763 5004 ;
2795 4956 2891 4993 nec
2926 4941 3191 4993 immerito
3212 4940 3332 4991 inde
3364 4938 3509 5004 sequi
3542 4938 3812 4989 existimat
3840 4937 3943 4990 bos

2393 5035 2679 5101 scriptores
2713 5033 2911 5087 diaboli
2948 5036 2998 5085 in
3029 5044 3231 5088 aeterno
3278 5035 3397 5096 igne
3442 5032 3699 5102 supplicia
3751 5031 3804 5083 iu
3843 5045 3942 5083 ex-

2391 5133 2621 5177 tremum
2646 5122 2904 5189 judicium
2942 5125 3105 5177 dilata
3146 5124 3458 5178 credidisse.

2458 5263 2525 5316 At
2548 5266 2687 5332 quod
2724 5264 2908 5317 iisdem
2944 5264 3193 5318 Patribus
3220 5266 3461 5317 attribuit
3489 5265 3579 5318 lib.
3611 5280 3662 5329 ι,
3714 5279 3833 5333 cap.
3866 5264 3899 5318 8
3920 5306 3939 5331 ,

2390 5354 2687 5407 Dromonem
2735 5372 2873 5422 spem
2925 5356 3227 5409 nonnullam
3256 5358 3498 5410 habuisse
3523 5358 3814 5409 obtinenda:
3847 5373 3941 5420 per

2389 5446 2655 5500 Christum
2684 5450 2892 5512 salutis,
2932 5451 2980 5502 id
3016 5450 3313 5517 Epiphanio
3344 5450 3559 5517 quidem
3589 5449 3807 5500 attribui
3843 5463 3934 5516 p0-

2390 5548 2485 5591 tcst
2513 5556 2527 5602 ;
2573 5540 2622 5591 id
2650 5545 2792 5593 enim
2826 5552 3008 5609 aperte
3037 5543 3306 5607 declarat;
3334 5552 3382 5593 at
3409 5539 3602 5594 Justini
3630 5548 3683 5592 et
3706 5554 3891 5593 eorum
3913 5580 3929 5602 .

2388 5632 2474 5699 qui
2536 5632 2676 5686 illius
2742 5635 2905 5686 verba
2958 5643 3050 5685 aut
3113 5633 3425 5697 retulerunt,
3486 5641 3545 5686 ut
3605 5631 3837 5686 lt'enmus
3878 5644 3938 5687 et
