4120 6474
197 479 261 538 89
1221 475 1285 530 D.
1312 473 1580 529 MARA'NI
1605 472 1754 529 ΡΒΑΞ

1849 471 1994 528 .TIO.
2029 503 2097 514 —
2129 470 2313 526 PARS
2329 467 2398 526 11.
3334 471 3403 527 90

199 601 486 664 Eusebius,
520 609 650 665 aut,
681 608 742 652 ut
775 606 968 652 auctor
1001 595 1260 651 carminis
1295 596 1349 649 in
1383 595 1706 649 Marcionetn
1729 638 1745 661 ,
1775 602 1822 660 Α
1853 595 1918 648 ad
1951 602 2249 647 extremum
2272 591 2533 661 iudicium
2564 588 2811 661 reiiciunt
2831 629 2850 656 ,
2876 604 2981 645 non
3010 589 3212 645 idcirco
3234 591 3398 643 videri

200 692 428 748 Isidorus
469 699 524 744 et
544 688 937 747 (Ecumeuius.
969 685 1162 740 imitati
1195 694 1360 750 sunt,
1397 686 1502 738 alia
1531 687 1744 740 videtur

199 799 308 839 esse
331 796 522 836 causa.
558 780 707 835 Hanc
736 780 879 832 enim
910 779 1168 831 rationem
1202 774 1356 830 aﬂert
1381 776 1616 830 lrenaus
1647 791 1744 831 cur

199 876 400 928 diabolo
438 872 677 926 Justinus
718 869 952 922 nondum
1002 867 1070 921 de
1104 882 1198 920 sua
1247 866 1599 920 damnatione
1645 881 1741 919 ex-

199 966 456 1034 ploratum
507 964 670 1017 fuisse
697 963 950 1020 dixisset.
992 979 1012 1012 ι
1047 960 1301 1028 quoniam
1335 966 1392 1012 et
1422 959 1476 1011 in
1513 958 1742 1026 parabo-

198 1058 262 1114 lis
293 1069 348 1112 et
389 1056 660 1124 allegoriis
697 1070 724 1106 a
765 1053 1038 1121 prophetis
1081 1052 1163 1105 sic
1197 1050 1264 1104 de
1295 1065 1361 1104 eo
1390 1051 1591 1103 dictum
1635 1061 1742 1103 est.

199 1152 318 1205 Post
339 1160 522 1204 autem
552 1148 833 1201 adventum
859 1143 1068 1197 Domini
1090 1158 1156 1198 ex
1180 1143 1519 1198 sermonibus
1538 1141 1742 1195 Christi

207 1251 260 1295 et
313 1239 683 1308 apostolorum
725 1236 843 1304 eius
875 1234 1084 1288 discens
1127 1232 1444 1298 manifeste,
1487 1231 1743 1299 quoniam

201 1330 334 1398 ignis
375 1337 614 1382 aeternus
658 1325 710 1380 ei
763 1333 1098 1395 preparatus
1131 1331 1210 1376 est
1245 1336 1310 1376 ea
1344 1333 1438 1374 sua
1473 1317 1744 1374 νυιυιιιειθ

201 1417 502 1475 abacedenti
531 1433 561 1470 a
598 1417 741 1480 Deo,
773 1423 828 1470 et
857 1414 1103 1467 omnibus
1129 1412 1230 1480 qui
1259 1412 1382 1465 sine
1419 1410 1737 1479 pmnltentia

200 1513 540 1575 perseverant
579 1504 632 1556 in
672 1501 980 1571 apostasia:
1008 1514 1103 1569 per
1133 1499 1436 1566 huiusmodi
1491 1500 1743 1555 homines

199 1598 532 1666 blaspbentat
577 1611 700 1648 eum
755 1594 951 1658 Deum,
999 1595 1090 1662 qui
1141 1591 1400 1660 iudicium
1453 1594 1741 1661 importat,

199 1692 342 1759 quasi
367 1689 477 1758 iam
503 1689 905 1744 condemnatus.
926 1695 980 1740 et
1003 1694 1279 1755 peccatum
1306 1700 1418 1739 sua:
1449 1685 1740 1752 apostasia:

197 1777 469 1832 Conditori
523 1791 619 1829 suo
666 1775 924 1844 imputat,
978 1785 1034 1827 et
1085 1787 1192 1826 non
1239 1788 1351 1827 suae
1375 1775 1637 1829 voluntati
1688 1787 1742 1831 et

200 1867 987 1934 sententiatquemadmodum
1028 1876 1084 1921 et
1124 1867 1216 1935 qui
1255 1868 1744 1935 supergrediuntur

1848 685 2044 740 debent
2083 683 2357 738 diabolum
2395 683 2609 737 interim
2655 683 2897 736 cruciatu
2944 683 3095 736 omni
3127 683 3394 738 eximere.

1842 775 1995 842 Quod
2035 774 2251 844 quidem
2295 789 2360 829 ex
2402 774 2490 828 his
2528 775 2587 828 S.
2640 773 2831 828 Hilarii
2877 774 3060 828 verbis
3094 775 3397 842 probatur:

1847 881 1864 915 ς
1905 863 2146 916 Adventu
2175 862 2319 916 enim
2363 862 2604 924 Domini,
2655 853 2830 929 induit
2873 861 2926 914 in
2963 863 3154 930 psalm.
3200 875 3401 924 cunt,

1841 954 2116 1006 confracta
2143 959 2198 1027 et
2221 951 2454 1005 contrita
2489 949 2688 1004 diaboli
2722 959 2958 1019 potestas
2984 959 3098 1014 est,
3123 967 3246 1004 cutn
3278 951 3402 1006 ﬁdei

1842 1055 2156 1097 sanctorum
2203 1041 2480 1096 hominum
2511 1041 2787 1109 subjectus
2822 1049 2936 1107 est,
2959 1057 3074 1096 non
3116 1044 3263 1110 quod
3298 1059 3406 1099 non

1844 1134 2020 1187 adhuc
2069 1134 2321 1203 potentis
2371 1147 2486 1188 sure
2526 1132 2792 1187 maximas
2842 1133 3038 1187 habeat
3087 1133 3264 1197 vires,
3311 1136 3406 1188 sed

1841 1241 1940 1297 per
1999 1227 2051 1280 id
2095 1227 2236 1293 quod
2305 1236 2580 1295 utcumue
2627 1227 2902 1295 subjectus
2948 1236 3066 1291 est,
3124 1227 3408 1296 praesentis

1843 1318 2192 1385 Subiectionis
2234 1319 2544 1373 conditione
2590 1319 2779 1373 uitiaui
2826 1329 2882 1373 et
2940 1334 3116 1388 ρατηερ
3153 1319 3408 1386 legitima

1840 1417 2175 1475 praeparatur
2206 1424 2219 1460 :
2260 1417 2317 1460 ut
2340 1421 2483 1461 nunc
2513 1421 2607 1476 per
2636 1408 2778 1463 hanc
2813 1409 3062 1462 eamdem
3105 1408 3404 1478 subiectio-

1844 1512 1967 1552 nem
1999 1507 2174 1552 tactus
2203 1497 2393 1562 fumet,
2435 1497 2560 1551 licet
2595 1497 2834 1553 nondum
2865 1507 3008 1554 totus
3044 1507 3235 1552 uratur
3267 1515 3284 1554 :
3312 1499 3408 1554 sed

1841 1604 1938 1658 per
1985 1588 2036 1641 id
2080 1589 2220 1656 quod
2261 1588 2479 1642 interim
2517 1587 2730 1642 fumare
2775 1589 2984 1655 potuit,
3023 1599 3078 1645 et
3121 1590 3202 1642 uri
3250 1603 3410 1656 posse

1846 1678 2283 1737 noscendusvest.
2327 1696 2346 1728 ι
2381 1675 2477 1731 His
2507 1677 2804 1748 adiungere
2837 1694 3123 1749 possumus
3149 1680 3293 1748 quod
3334 1680 3412 1734 ait

1843 1769 1981 1822 idem
2031 1767 2268 1821 Hilarius
2307 1767 2400 1821 Ιώ.
2429 1778 2609 1821 contra
2654 1767 3022 1824 Constantium
3048 1811 3062 1834 ,
3092 1788 3146 1826 n.
3179 1773 3214 1823 8
3236 1811 3252 1834 ,
3299 1773 3412 1826 daa-

1842 1873 2030 1915 mones
2060 1860 2126 1912 ad
2161 1870 2457 1929 martyrum
2488 1861 2788 1917 veneranda
2821 1875 2941 1914 ossa
2971 1862 3208 1929 mugire,
3239 1870 3288 1914 et
3322 1862 3410 1914 ari

199 1958 338 2028 leges
359 1998 376 2021 ,
401 1969 458 2012 et
483 1972 669 2027 ptnnas
697 1958 862 2020 dant,
894 1968 1197 2026 queruntur
1223 1959 1290 2012 de
1321 1959 1739 2027 legislatoribus,
1773 1969 1814 2023 Β
1842 1951 1953 2006 sine
1981 1951 2188 2019 ignibus
2215 1966 2234 2003 :
2273 1951 2414 2020 quod
2445 1953 2668 2021 quidem
2701 1953 2856 2005 multi
2904 1951 2994 2005 alii
3031 1953 3241 2020 antiqui
3273 1952 3411 2006 scri-

200 2051 283 2104 aed
333 2065 437 2102 non
489 2052 555 2102 de
599 2049 920 2116 semetipsis.
984 2067 1002 2099 t
1055 2047 1270 2102 Nullum
1318 2050 1407 2104 hic
1451 2051 1743 2117 vestigium

199 2141 305 2211 spei
352 2140 406 2194 itt
439 2138 712 2194 Christum
748 2137 1030 2192 Dominum
1059 2155 1074 2202 ;
1109 2138 1498 2194 dubitationem
1529 2139 1747 2194 Satanae

198 2247 254 2285 ac
301 2231 467 2285 sortis
517 2246 631 2289 sua:
677 2230 1069 2298 ignorationem
1113 2246 1180 2284 ex
1223 2243 1287 2283 eo
1335 2231 1555 2300 repetit,
1602 2236 1746 2292 quod

200 2323 335 2376 illius
357 2322 736 2376 condemnatio
765 2335 868 2374 non
901 2335 1006 2374 tam
1035 2329 1218 2387 aperte
1247 2322 1300 2374 in
1336 2322 1516 2378 Veteri
1543 2322 1739 2378 Testa-

200 2423 393 2472 mento.
417 2427 579 2478 quam
611 2413 662 2463 in
687 2410 839 2465 Novo
867 2411 1058 2464 luisset
1078 2411 1386 2479 pradicata.
1411 2412 1551 2479 Quin
1584 2414 1747 2468 etiam

202 2505 447 2558 Satanam
479 2505 712 2559 lrenteus
734 2520 800 2560 eo
841 2505 1084 2560 stultitia:
1108 2508 1384 2562 exiStimat
1417 2513 1746 2578 pervenisse,

200 2608 252 2649 ut
281 2597 445 2650 Deum
471 2596 640 2650 latere
672 2606 937 2661 tentaret,
967 2613 1072 2652 non
1100 2615 1197 2668 per
1227 2607 1460 2669 seipsum
1483 2643 1500 2666 ,
1525 2602 1618 2660 sed
1651 2617 1750 2671 per

202 2688 478 2742 haereticos
526 2688 969 2756 blasphemando.
1018 2707 1039 2741 ι
1090 2690 1222 2745 Nam
1269 2693 1382 2760 ipse
1411 2707 1508 2761 per
1551 2702 1748 2747 semet-

201 2780 403 2847 ipsum,
449 2779 624 2848 inquit
671 2780 866 2832 ibidem
917 2779 1191 2845 lrenaaus,
1261 2785 1400 2839 node
1446 2799 1553 2839 non
1589 2791 1750 2839 audet

200 2869 571 2937 blasphemare
621 2881 775 2923 suum
828 2868 1109 2925 Dominum
1139 2915 1154 2932 .
1191 2877 1644 2943 quemadmodum
1698 2886 1752 2931 et

201 2961 344 3013 initio
385 2975 485 3028 per
528 2972 838 3028 serpentem
872 2962 1087 3016 seduxit
1132 2963 1432 3029 hominem,
1469 2968 1620 3034 quasi
1670 2971 1749 3020 la—

200 3061 310 3103 tens
340 3050 534 3104 Deum.
577 3071 595 3102 »
649 3050 929 3120 Nunquam
970 3069 1100 3124 ergo
1149 3053 1394 3109 Justinus
1434 3067 1489 3110 et
1516 3059 1752 3111 [remeas

197 3140 395 3207 opinati
433 3147 562 3193 sunt
612 3141 868 3194 Satanam
921 3156 1169 3209 sperasse
1217 3143 1270 3195 in
1311 3141 1623 3205 Christum;
1657 3143 1750 3196 sed

200 3233 370 3299 potius
415 3246 682 3284 summam
733 3231 877 3285 illius
919 3233 1204 3294 stultitiam
1249 3243 1514 3303 arguunt,
1551 3234 1643 3302 qui
1693 3249 1750 3287 se

203 3323 362 3376 Deum
398 3323 567 3375 latere
604 3339 758 3391 posse.
791 3324 1202 3379 existimaverit.
1241 3327 1390 3392 Quod
1426 3336 1604 3379 autem
1655 3327 1751 3380 de-

201 3415 303 3468 bita
344 3415 420 3468 illi
464 3416 606 3481 ignis
635 3417 895 3484 supplicia
926 3420 992 3470 ad
1028 3429 1332 3472 extremum
1359 3419 1629 3486 judicium
1665 3434 1752 3472 re-

201 3505 418 3573 iiciunt;
459 3507 600 3560 hanc
627 3509 930 3575 opinionem
962 3509 1237 3570 Petavius.
1279 3513 1376 3566 lib.
1410 3527 1495 3575 tu,
1542 3511 1614 3564 De
1653 3527 1754 3564 an-

205 3597 354 3663 gelis,
394 3610 513 3664 cap.
555 3596 624 3661 4,
677 3601 1087 3665 spectatissimis
1117 3602 1417 3670 quibusque
1464 3599 1751 3666 Patribus,

206 3687 338 3739 inter
354 3703 494 3756 quos
518 3702 802 3742 recensere
820 3699 1026 3755 poterat
1046 3691 1304 3744 Hilarium
1328 3693 1380 3744 in
1401 3691 1542 3744 Psal.
1565 3706 1749 3755 cxun,

202 3775 511 3842 probatam,
556 3791 584 3828 a
614 3777 672 3829 S.
716 3777 922 3832 Tboma
976 3782 1091 3835 sine
1134 3782 1340 3836 erroris
1381 3790 1507 3834 nota
1543 3796 1751 3835 memo-

205 3879 365 3920 ratam
417 3879 472 3920 et
523 3883 552 3920 a
595 3868 850 3935 Caietano
878 3866 1009 3925 'sine
1051 3874 1255 3927 erroris
1305 3873 1533 3927 crimine
1581 3871 1752 3925 fuisse

205 3970 588 4028 propugnatam
621 3964 914 4016 contendit.
948 3979 968 4012 ί
1005 3962 1254 4016 Veterum
1295 3963 1510 4032 opinio,
1552 3962 1752 4030 inquit,

204 4054 290 4106 etsi
323 4052 427 4104 hoc
464 4062 703 4118 tempore
753 4065 962 4122 recepta
1002 4071 1105 4109 non
1152 4062 1267 4118 est,
1303 4054 1431 4124 quia
1481 4054 1754 4109 tlmmones

203 4145 562 4198 damnationis
606 4160 716 4198 sua:
766 4160 950 4214 poenas
1003 4161 1190 4201 omnes
1247 4149 1584 4215 expendere,
1634 4160 1755 4215 quae

202 4239 414 4304 quidem
439 4240 760 4293 essentiales
784 4247 1068 4302 vocantur,
1094 4237 1324 4307 theologi
1353 4237 1467 4292 fere
1491 4239 1750 4301 sentiunt;

202 4347 298 4384 non
327 4343 413 4386 est
446 4342 624 4386 tamen
656 4333 896 4395 erroris,
929 4332 1120 4384 nedum
1155 4331 1376 4384 lueresis
1411 4332 1752 4385 accusandus

202 4427 284 4489 qui
332 4431 547 4477 asserat
595 4423 901 4490 diabolum,
948 4423 1152 4490 eteius
1204 4422 1462 4491 angelos,
1514 4422 1752 4474 nondum

202 4527 441 4568 extremo
475 4531 542 4569 ac
576 4530 786 4569 summo
829 4516 1093 4583 supplicio
1140 4513 1414 4574 cruciari,
1450 4513 1566 4567 sive
1616 4513 1756 4580 ignis

203 4606 540 4662 eﬂicientiam
573 4609 840 4673 experiri,
875 4607 926 4659 in
962 4621 1066 4674 qua
1098 4606 1465 4659 damnationis
1499 4604 1711 4658 illorum
1735 4643 1750 4667 ,
1791 4629 1829 4683 ο

203 4703 334 4766 quod
366 4703 434 4752 ad
468 4715 688 4754 sensum
740 4708 791 4751 et
830 4700 1226 4767 perpeSsionem
1275 4699 1504 4760 attinet,
1542 4713 1750 4751 summa

203 4793 462 4844 consistit.
488 4811 506 4840 ι
533 4790 673 4843 Idem
696 4790 759 4842 de
784 4789 1040 4858 Caietano
1068 4793 1143 4846 sic
1172 4792 1436 4859 loquitur:
1462 4807 1480 4840 t
1511 4788 1752 4855 Caietani

202 4881 522 4935 sententiam
573 4881 850 4934 Catholica:
906 4881 1024 4934 ﬁdei
1077 4883 1407 4936 contrariant
1475 4896 1582 4935 non
1637 4893 1756 4934 esse

203 4983 403 5024 certum
443 4980 547 5024 est.
597 4969 726 5022 Nam
767 4986 936 5038 neque
970 4973 1253 5040 Scriptura
1282 5011 1298 5036 ,
1350 4987 1524 5040 neque
1568 4972 1753 5024 conci-

205 5064 325 5118 lium
358 5065 530 5117 ullum
567 5065 823 5118 hactenus
857 5065 1041 5118 docuit
1077 5067 1347 5120 daemones
1385 5075 1626 5119 extrema
1664 5066 1752 5118 illa

205 5159 458 5224 supplicia
497 5160 737 5224 perpeti,
767 5171 884 5224 quae
934 5168 1121 5223 parata
1164 5159 1228 5210 iis
1271 5174 1392 5212 esse
1440 5160 1556 5224 ipse
1589 5157 1752 5222 iudex

206 5248 346 5301 dicit.
390 5268 408 5297 ι
470 5247 618 5300 Unde
665 5248 903 5300 eruditus
952 5261 1174 5315 operum
1226 5249 1284 5303 S.
1339 5249 1524 5302 Irenasi
1577 5249 1752 5300 editor

208 5335 264 5388 Ι).
299 5338 541 5390 Benatus
574 5335 842 5399 Massuet,
877 5339 1093 5392 dissert.
1119 5340 1188 5403 5,
1220 5347 1323 5391 art.
1356 5339 1390 5392 9
1414 5379 1426 5396 .
1459 5346 1670 5405 captum
1701 5337 1752 5387 in

211 5428 488 5480 manifesta
510 5426 778 5479 calumnia
811 5427 1069 5482 Grabium
1100 5440 1156 5485 et
1179 5431 1533 5482 constrictum
1569 5437 1750 5490 tenet,

213 5517 499 5571 Romanam
557 5517 846 5572 Ecclesium
894 5523 1287 5589 reprehendere
1339 5537 1560 5585 ausum,
1609 5520 1751 5586 quod

213 5621 260 5661 at
286 5613 336 5661 in
365 5613 511 5676 aliis,
537 5613 609 5663 ita
636 5623 683 5664 at
714 5613 766 5665 in
791 5615 887 5664 hoc
928 5632 958 5664 a
985 5624 1286 5667 sanctorum
1320 5613 1538 5666 Patrum
1560 5654 1575 5676 ,
1609 5613 1753 5674 ipso-

214 5717 415 5770 ranqu
433 5706 514 5755 sui
541 5704 904 5768 fundatorum,
927 5704 1073 5758 Petti
1102 5717 1148 5758 et
1174 5703 1354 5770 Pauli,
1375 5706 1626 5757 sententia
1645 5704 1752 5756 dis-

217 5809 428 5849 τωρωι.

275 5888 539 5943 tia-terum
592 5887 762 5944 sancti
819 5887 1029 5957 Patres,
1067 5893 1193 5944 dum
1242 5889 1382 5960 ignis
1427 5888 1751 5957 supplicium

1846 2054 2029 2111 ptores
2063 2044 2237 2097 testati
2269 2052 2435 2106 sunt,
2470 2053 2527 2095 ut
2569 2044 2796 2098 eruditae
2836 2045 2900 2097 ad
2949 2044 3095 2098 hunc
3129 2045 3188 2098 S.
3223 2042 3410 2097 Hilarii

1846 2132 2021 2188 locum
2051 2136 2426 2188 adnotationes
2457 2136 2710 2204 probant.

1925 2267 2009 2322 Vl.
2044 2267 2103 2322 S.
2139 2276 2347 2338 martyr
2393 2281 2733 2336 nequaquam
2772 2278 2830 2321 ut
2864 2269 3197 2336 daemonum,
3232 2269 3305 2329 ita
3357 2274 3413 2323 et

1849 2361 2112 2416 malorum
2171 2360 2454 2413 hominum
2506 2360 2782 2414 cruciatus
2825 2360 2878 2414 in
2930 2368 3234 2414 extremum
3267 2359 3415 2426 iudi-

1847 2452 1993 2506 cium
2025 2450 2223 2518 reiicit.
2261 2448 2442 2503 Videri
2479 2458 2658 2504 tamen
2692 2461 2876 2520 posset
2906 2449 3137 2517 reiicere
3179 2454 3234 2504 in
3264 2453 3417 2507 testi-

1847 2543 2046 2598 moniis
2070 2558 2229 2613 supra
2258 2542 2467 2608 allatis,
2502 2541 2554 2595 in
2586 2542 2791 2610 quibus
2807 2542 2980 2596 malos
3008 2541 3258 2595 homines
3289 2556 3412 2596 cum

1849 2633 2178 2687 daemonibus
2207 2630 2519 2702 coniungit,
2551 2641 2606 2687 et
2635 2631 2880 2700 utrisque
2906 2643 3092 2696 parata
3125 2647 3248 2686 esse
3274 2632 3415 2700 ignis

1849 2727 2114 2796 supplicia
2149 2727 2413 2781 decernit.
2449 2729 2516 2779 At
2559 2724 2687 2778 alibi
2724 2725 2930 2778 diserte
2972 2722 3214 2776 declarat
3247 2724 3416 2778 malo.

1849 2834 1967 2872 rum
1990 2820 2199 2873 animas
2225 2819 2382 2874 modo
2405 2817 2672 2885 torqueri.
2703 2815 2796 2868 Sic
2826 2814 3066 2882 loquitur
3091 2815 3144 2867 in
3169 2811 3413 2879 Cohort...

1850 2923 1904 2960 n.
1937 2907 2044 2960 55:
2082 2926 2101 2959 ι
2137 2905 2280 2961 Nihil
2315 2908 2460 2963 enim
2497 2908 2548 2959 in
2584 2903 2816 2971 majores
2855 2909 3068 2957 vestr’os
3094 2906 3412 2971 pet-cabitis,

1849 2999 1893 3052 si
1934 3015 2074 3052 nunc
2107 2999 2158 3051 in
2205 2999 2533 3052 contrariam
2570 2996 2777 3049 illorun
2823 2996 3002 3048 errori
3045 3003 3251 3063 partem
3283 2993 3415 3047 ferri

1850 3089 2062 3156 velitis;
2092 3104 2227 3158 quos
2255 3090 2468 3157 quidem
2493 3087 2783 3140 verisimile
2821 3095 2904 3142 est
2932 3100 3073 3141 nunc
3105 3086 3156 3154 in
3198 3084 3416 3141 inferno

1851 3198 1970 3236 sera
2003 3183 2314 3251 pmnitetttia
2346 3181 2538 3233 ductos
2566 3179 2769 3246 lugere;
2802 3193 2864 3231 ac
2896 3177 2940 3231 si
2980 3178 3093 3229 ﬁeri
3125 3185 3308 3244 posset
3354 3183 3414 3228 ttt

1778 3293 1820 3350 ρ
1855 3273 1975 3324 inde
2005 3273 2155 3326 vobis
2198 3271 2537 3334 nuntiarent,
2569 3285 2688 3338 quae
2738 3270 2839 3323 sibi
2892 3278 3013 3337 post
3065 3269 3223 3321 ﬁnem
3258 3267 3418 3336 huius

1854 3368 1974 3421 vita:
2020 3374 2346 3427 evenerunt,
2402 3367 2705 3418 nosceretis
2759 3363 2999 3432 profecto
3050 3363 3270 3432 quantis
3321 3377 3417 3417 vos

1853 3459 2008 3513 malis
2039 3459 2292 3512 liberatos
2321 3456 2507 3510 velint.
2548 3475 2567 3508 ι
2608 3456 2672 3509 Ει
2722 3455 2776 3508 in
2812 3454 3062 3523 Apologia
3109 3456 3163 3518 1,
3209 3471 3261 3508 n.
3299 3454 3366 3508 I2
3398 3473 3411 3507 :

1859 3567 1878 3600 ι
1905 3548 2066 3602 Vobis
2091 3555 2270 3601 autem
2299 3548 2574 3617 adiutores
2596 3547 2837 3600 omnium
2871 3547 3146 3600 hominum
3184 3546 3417 3599 masime

1856 3652 1906 3696 3t
1941 3640 2206 3694 auxiliarii
2258 3639 2326 3693 ad
2368 3654 2558 3708 pacem
2587 3654 2798 3700 sumus,
2829 3639 2923 3706 qui
2973 3640 3087 3692 haec
3139 3637 3413 3698 docemus,

1854 3734 1966 3786 ﬁeri
1994 3732 2217 3785 omnino
2249 3746 2352 3784 non
2382 3745 2563 3798 posse,
2593 3741 2651 3783 ut
2677 3729 2845 3782 Deum
2890 3729 3058 3781 lateat
3099 3727 3414 3786 maleﬁcus.

1854 3832 1946 3876 aut
1989 3836 2202 3880 avarus,
2240 3829 2333 3872 aut
2380 3819 2700 3884 insidiator,
2755 3828 2849 3870 aut
2892 3819 3090 3870 virtute
3131 3817 3416 3886 praeditus,

1854 3926 1917 3965 ac
1971 3925 2410 3978 unumquemque
2439 3910 2504 3962 ad
2548 3919 2810 3963 aeternum
2865 3909 2977 3961 sive
3021 3923 3264 3976 poenam,
3302 3909 3416 3960 sive

1853 4001 2079 4055 salutem
2106 4017 2204 4069 pro
2229 4003 2438 4056 meritis
2463 4002 2739 4052 actionum
2767 3997 3057 4068 proﬁcisci.
3085 4017 3102 4049 ι
3136 3998 3199 4051 Et
3230 4015 3283 4050 n.
3310 3998 3412 4050 ἓως

1860 4113 1878 4144 t
1911 4089 2044 4148 Cum
2074 4104 2251 4146 autem
2285 4092 2590 4159 iniquorum
2617 4094 2826 4146 animas
2853 4091 3032 4161 pttniri
3063 4105 3222 4144 sensu
3252 4091 3413 4142 etiam

1855 4196 1976 4257 post
2012 4198 2240 4240 mortem
2283 4185 2537 4254 praaditas
2566 4185 2801 4238 dicimus
2822 4225 2837 4248 ,
2869 4185 3134 4237 bonorum
3164 4191 3340 4235 autem
3388 4195 3418 4233 a

1854 4279 2133 4348 Sltppliciis
2178 4278 2435 4330 liberatas
2479 4277 2740 4345 praeclare
2774 4291 2832 4329 se
2863 4275 3065 4328 habere
3091 4315 3104 4337 ,
3134 4278 3323 4327 eadem
3356 4288 3421 4329 ac

1854 4382 2027 4440 poetae
2049 4380 2102 4424 et
2133 4369 2432 4437 philosophi
2476 4368 2661 4421 dicere
2695 4368 3024 4421 videbimur.
3062 4386 3079 4418 ›
3099 4364 3292 4434 Liquet
3322 4363 3419 4418 Ju-

1857 4463 2055 4516 stinum
2111 4463 2176 4516 de
2231 4464 2539 4514 animarum
2588 4471 2714 4513 ante
2767 4460 3219 4512 resurrectionem
3271 4465 3420 4509 statu

1857 4572 2016 4624 agere
2043 4556 2262 4625 iamque
2300 4555 2514 4620 iniquos
2547 4553 2879 4606 cruciatibus
2909 4551 3150 4604 addictos
3180 4564 3422 4617 pronun-

1882 4650 2013 4704 iare.
2057 4651 2147 4705 Sic
2180 4653 2340 4705 etiam
2373 4666 2534 4704 senex
2565 4649 2652 4701 ille
2675 4647 3039 4706 Christianus,
3071 4644 3226 4712 cuius
3257 4641 3414 4694 testi-

1858 4743 2091 4796 monium
2127 4759 2286 4812 supra
2316 4745 2493 4810 attuli,
2522 4743 2782 4796 malormn
2811 4739 3018 4791 animus
3053 4738 3102 4787 iu
3137 4734 3411 4788 deteriore

1858 4832 1974 4886 loco
2001 4833 2262 4900 iudicium
2293 4834 2507 4887 diccbat
2531 4841 2875 4899 exspectare.
2904 4826 3268 4893 Quamobrem
3294 4839 3417 4878 cum

1855 4925 1930 4974 ait
1971 4921 2214 4975 Justinus
2251 4923 2421 4975 malos
2473 4923 2721 4974 homines
2761 4934 2886 4972 cum
2925 4915 3264 4970 dazmonibus
3297 4922 3420 4980 post

1849 5014 2108 5080 iudicium
2136 5024 2435 5066 extremum
2465 5022 2670 5065 teterno
2702 5011 2810 5080 igni
2842 5011 3118 5063 addictum
3151 5008 3245 5070 iri,
3275 5006 3327 5058 id
3353 5005 3420 5058 de

1857 5120 1994 5157 novo
2023 5105 2113 5158 illo
2155 5116 2298 5158 statu
2345 5105 2716 5174 accipiendum
2741 5143 2754 5166 ,
2790 5103 2842 5156 in
2873 5117 2980 5170 quo
3030 5116 3137 5154 non
3164 5099 3274 5168 iam
3304 5096 3420 5152 sola

1856 5197 2053 5262 anima,
2084 5197 2178 5250 sed
2209 5196 2380 5264 ipsum
2412 5197 2572 5249 etiam
2597 5210 2796 5264 corpus
2826 5208 2948 5248 cum
2974 5195 3152 5246 anima
3187 5202 3410 5258 torque—

1856 5289 2022 5344 bitur.

1924 5427 2042 5496 ipsa
2066 5425 2259 5481 Justini
2292 5427 2555 5480 sententia
2583 5427 2649 5482 de
2677 5437 2901 5479 venturo
2925 5424 2989 5476 ad
3025 5418 3419 5475 Antichristum

1855 5521 2230 5574 debellandum
2269 5521 2510 5582 Christo,
2553 5537 2612 5571 ac
2658 5519 2807 5571 illum
2847 5527 2894 5569 et
2944 5515 3236 5567 obedientea
3271 5511 3316 5562 ei
3364 5511 3421 5561 in

1855 5625 2098 5681 stagnum
2141 5615 2310 5682 ignis,
2353 5622 2410 5664 ut
2462 5612 2538 5664 ait
2579 5611 2842 5672 Irenaaus,
2887 5608 2978 5661 lib.
3025 5621 3108 5668 IV,
3161 5618 3277 5669 cap.
3311 5602 3414 5665 '50,

1859 5705 2127 5766 tnissuro,
2183 5714 2502 5771 argumento
2555 5710 2636 5756 est
2682 5701 2830 5753 illum
2883 5697 3167 5766 agnovisse
3215 5690 3414 5744 inﬂicta

1858 5793 2013 5846 malis
2062 5794 2368 5847 hominibus
2426 5800 2551 5844 ante
2605 5799 2912 5844 extremum
2957 5785 3220 5855 iudicium
3275 5779 3416 5850 ignis

1857 5885 2141 5955 supplicia.
