4120 6408
730 398 789 456 91
1681 386 1736 441 S.
1775 382 2103 440 JliSTlNUS
2141 375 2618 435 PHILOSOPHUS
2645 375 2732 430 ET
2773 370 3083 429 MARTYR.
3888 363 3956 420 9'2

1321 505 1554 562 CAPUT
1593 503 1704 559 XII.

768 599 847 658 De
881 602 960 656 Itis
991 615 1110 667 qua:
1144 599 1214 654 ad
1245 615 1464 669 regnum
1506 597 1648 651 mille
1681 611 1938 649 annorum
1975 594 2258 663 pertinent.

733 718 768 768 Ι.
791 717 868 767 De
891 719 1159 765 animarum
1178 718 1308 763 statu
1331 725 1488 773 usque
1510 712 1585 773 ad_
1610 709 2020 773 resurrectionem
2053 713 2298 773 sententia

791 778 988 829 Justini.
1018 777 1076 826 ﬂ.
1102 778 1176 824 De
1204 768 1516 824 Antichristo.
1545 771 1623 821 ΙΗ,
1647 771 1721 820 De
1749 771 1866 819 Elia)
1905 770 2111 829 adventu
2138 774 2192 815 et
2213 768 2299 814 Ju~

789 828 1005 889 deorum
1048 839 1387 886 conversione.
1413 836 1493 884 IV.
1517 834 1591 882 De
1615 831 1829 882 secundo
1869 828 2041 877 Christi
2064 829 2294 880 adventu.

793 902 875 950 Sic
920 902 1136 956 loquitur
1181 899 1420 951 Justinus,
1467 896 1605 956 quasi
1645 891 1805 956 statim
1826 891 2058 956 judicium
2083 890 2297 956 futurum

792 965 874 1012 sit.
901 961 958 1010 V.
979 952 1110 1008 Nihil
1133 961 1353 1008 Justinus
1372 952 1601 1016 admittit,
1617 954 1746 1018 quod
1763 954 1996 1002 redivivis
2016 952 2297 1013 corporibus

795 1038 894 1074 non
916 1027 1170 1085 congruat.

801 1125 848 1183 1.
875 1124 1244 1181 Celeberritna
1281 1120 1712 1177 Millenariorum
1758 1119 2055 1184 sententia,
2088 1118 2142 1171 in
2188 1133 2294 1186 qua

734 1216 1074 1279 defendenda
1107 1215 1374 1271 secundas
1417 1223 1544 1282 post
1571 1211 1793 1279 Papiam
1840 1210 2100 1264 sustinuit
2128 1208 2293 1263 Justi-

736 1323 859 1371 nus,
891 1306 1045 1375 plura
1079 1304 1322 1359 continet
1362 1302 1682 1370 opinionum
1707 1305 2037 1365 commenta,
2063 1312 2293 1367 quorum

735 1400 839 1453 alia
874 1399 932 1452 S.
967 1397 1193 1468 martyri
1224 1395 1401 1464 aii‘mgi
1441 1409 1546 1448 non
1573 1394 1792 1454 debent.
1823 1393 1928 1445 alia
1965 1392 2034 1446 ab
2063 1405 2129 1446 eo
2169 1405 2292 1459 pro-

733 1490 940 1559 pulsari
991 1505 1096 1544 non
1145 1497 1392 1558 possunt.
1436 1486 1777 1539 Accusantur
1823 1483 2109 1537 Millenarii
2148 1481 2290 1551 quod

735 1582 940 1637 sanctis
968 1581 1061 1636 Dei
1095 1581 1359 1636 visionem
1399 1588 1527 1632 ante
1561 1577 1872 1648 generalem
1912 1576 2153 1629 omnium
2205 1587 2291 1628 re—

731 1673 1130 1728 surrectionem
1177 1673 1478 1740 denegem;
1523 1670 1666 1738 quod
1711 1679 1839 1722 ante
1881 1669 2020 1722 hanc
2062 1680 2290 1736 genera-

734 1764 841 1818 lem
886 1763 1344 1816 resurrectionem
1385 1760 1562 1829 justos
1601 1773 1791 1812 omnes
1839 1757 1891 1811 in
1942 1757 2082 1811 hanc
2119 1757 2285 1809 vitam

2325 505 2371 562 Α
2398 498 2488 552 nio
2529 512 2634 551 non
2684 495 2901 549 videtur
2939 490 3151 550 Justino
3178 487 3482 556 praecipuus
3510 498 3628 539 esse
3664 482 3952 537 heretico-

2401 603 2518 642 rum
2549 601 2705 641 error
2732 603 2744 638 :
2783 585 2909 640 inde
2939 582 3085 636 illlus
3114 579 3456 650 potissimum
3483 584 3600 633 orta
3637 574 3950 642 indignatio,

2397 680 2543 750 quod
2576 677 2996 734 resurrectionis
3035 687 3092 730 et
3142 671 3420 728 Creatoris
3467 671 3594 722 odio
3643 669 3760 722 hac
3808 666 3952 720 dice-

2399 780 2538 825 rent.
2592 769 2652 823 in
2696 769 2840 822 Actis
2870 765 3117 836 martyrii
3163 762 3223 819 S.
3265 760 3470 815 λιιιιὶιή
3518 759 3635 812 haec
3683 757 3946 826 legimus:

2404 863 2582 918 «Tum
2627 862 2914 932 prafectus
2969 872 3268 914 conversus
3314 854 3379 908 ad
3438 851 3712 907 Justinum
3765 849 3950 904 dixit:

2397 956 2534 1010 Audi
2567 964 2620 1008 tu
2664 954 2755 1021 qui
2786 953 3046 1021 eloquens
3079 965 3198 1004 esse
3229 947 3453 1008 diceris,
3485 956 3540 999 et
3570 954 3730 1014 putas
3760 953 3809 996 te
3852 956 3950 992 ve-

2397 1061 2513 1100 ram
2561 1041 2908 1110 disciplinam
2943 1049 3150 1095 tenere.
3181 1035 3240 1091 Si
3288 1034 3515 1104 ﬂagellis
3550 1047 3722 1086 caesus
3768 1032 3948 1096 capite

2395 1135 2672 1206 plectaris,
2730 1143 3116 1202 persuasumne
3160 1129 3328 1183 habes
3375 1127 3491 1180 fore
3547 1135 3606 1178 ut
3653 1125 3704 1176 in
3749 1121 3949 1176 calum

2395 1225 2755 1282 ascendas?»
2786 1223 2884 1277 Cui
2923 1222 3206 1275 Justinus:
3235 1238 3254 1271 t
3281 1219 3473 1288 Spero,
3505 1217 3697 1283 inquit,
3737 1229 3821 1267 me
3848 1213 3950 1265 hac

2392 1320 2629 1374 biturum
2655 1317 2801 1390 quod
2838 1314 3041 1370 habent
3070 1313 3165 1382 qui
3194 1310 3397 1366 Christi
3456 1310 3709 1379 dogmata
3760 1319 3953 1360 serva-

2391 1411 2590 1476 verint,
2621 1411 2668 1465 si
2698 1411 2812 1464 haec
2842 1409 2958 1478 ipsa
2989 1419 3110 1474 qua:
3139 1403 3274 1458 dicis
3305 1417 3591 1472 perpessus
3615 1402 3789 1453 fuero.
3822 1397 3953 1452 Seio

2389 1498 2534 1554 enim
2575 1497 2826 1552 omnibus
2873 1495 2964 1565 qui
3015 1496 3087 1548 ita
3135 1491 3394 1554 vixerint,
3434 1492 3669 1544 divinam
3717 1489 3947 1558 gratiam

2387 1589 2726 1649 conservari,
2772 1587 2951 1656 quoad
2993 1595 3138 1640 totus
3187 1585 3418 1638 mundus
3461 1587 3885 1636 consummetur.
3927 1598 3946 1629 ι

2387 1681 2467 1733 Λα
2507 1681 2620 1733 haec
2670 1678 2958 1747 praefectus
2997 1676 3292 1731 Rusticus:
3326 1696 3343 1725 ι
3369 1672 3510 1743 Ergo
3540 1672 3787 1725 futurum
3832 1671 3960 1738 opi-

2389 1771 2558 1836 naris,
2588 1781 2648 1824 ut
2686 1771 2737 1822 in
2775 1769 2976 1824 etclam
3023 1767 3310 1828 ascendas,
3361 1764 3667 1818 mercedem
3716 1763 3953 1830 aliquam

733 1855 1029 1919 redituros,
1067 1863 1120 1908 et
1162 1853 1307 1906 mille
1352 1853 1512 1906 annis
1542 1866 1666 1907 cum
1698 1850 1913 1904 Christo
1942 1846 2292 1916 Jerosolymis
2323 1865 2365 1920 Β
2394 1862 2744 1932 recepturus?
2813 1860 2926 1915 Non
2970 1861 3180 1929 opinor,
3217 1859 3388 1924 inquit
3421 1857 3688 1921 ιαειίιιυε,
3719 1859 3811 1910 θεά
3839 1857 3961 1908 scio

733 1944 976 1998 victuros
1007 1944 1226 2009 dicant;
1255 1945 1402 2013 quod
1432 1944 1486 1998 in
1518 1945 1621 1997 hoc
1649 1954 1868 1995 terreno
1893 1938 2092 1993 Christi
2128 1952 2292 2007 regno

731 2036 1207 2094 circumcisionem
1245 2045 1300 2090 et
1338 2035 1599 2097 Sabbata,
1627 2045 2006 2099 summamque
2050 2030 2292 2099 volupta-

729 2139 843 2186 tum
872 2133 1040 2185 etiam
1072 2143 1461 2198 corporearum
1488 2127 1700 2196 copiam
1745 2126 2041 2179 sonmient.
2076 2123 2290 2191 Expen-

731 2223 964 2278 dendutn
1001 2223 1160 2277 nobis
1197 2232 1280 2277 est
1318 2223 1400 2277 his
1437 2222 1503 2275 de
1541 2221 1702 2275 rebus
1728 2220 1856 2289 quid
1885 2217 2134 2272 Justinus
2181 2226 2290 2269 sta-

732 2323 908 2366 tutum
956 2311 1240 2374 habuerit;
1302 2327 1402 2366 nec
1455 2311 1585 2365 illud
1644 2310 2028 2372 omittendum,
2061 2323 2129 2360 an
2187 2308 2289 2360 hoc

730 2415 996 2468 erratum,
1026 2406 1170 2473 quod
1199 2408 1246 2458 ei
1279 2420 1399 2456 cum
1444 2403 1689 2472 pluribus
1722 2401 1972 2455 Patribus
2003 2413 2291 2455 commune

731 2505 837 2560 est,
869 2496 1006 2548 tanti
1033 2495 1452 2550 existimandum
1486 2495 1576 2562 sit,
1606 2504 1665 2547 ut
1688 2509 1877 2549 eorum
1908 2494 1958 2545 in
1986 2491 2106 2546 aliis
2131 2493 2291 2546 rebus

733 2588 1030 2642 testimonii
1053 2589 1357 2641 auctoritas
1389 2588 1684 2640 minuatur.

799 2678 928 2745 Quae
950 2679 1016 2733 de
1039 2689 1357 2734 sanctorum
1383 2688 1508 2730 ante
1525 2676 1960 2730 lncarnationem
1986 2686 2130 2730 statu
2157 2675 2291 2728 dixit

728 2769 1000 2836 Justinus,
1048 2787 1112 2826 ea
1165 2773 1439 2828 immerito
1490 2774 1735 2828 nonnulli
1789 2772 2191 2829 existimarunt,
2226 2769 2289 2820 de

732 2863 816 2914 his
841 2864 1026 2928 etiam,
1059 2865 1148 2932 qui
1185 2876 1304 2926 post
1343 2864 1548 2919 Christi
1585 2864 1963 2919 ascensionem
2014 2861 2284 2920 obierunt,

729 2954 878 3008 dicta
910 2970 1052 3009 esse.
1085 2956 1216 3010 Cum
1263 2958 1362 3011 sibi
1414 2958 1778 3024 persuasisset
1824 2955 1880 3009 S.
1936 2965 2143 3023 martyr
2174 2953 2290 3004 ani-

732 3063 874 3101 mam
909 3048 1179 3104 Samuelis
1210 3067 1339 3105 vere
1385 3052 1518 3104 artis
1563 3051 1785 3120 magicae
1809 3064 1974 3119 opera
2005 3054 2286 3102 evocatam

735 3141 922 3204 fuisse,
957 3142 1079 3195 inde
1128 3143 1417 3212 colligebat
1469 3145 1681 3197 animas
1713 3142 1987 3210 jnstorum
2043 3139 2280 3192 nondum

732 3232 801 3287 ab
846 3234 992 3286 omni
1045 3232 1310 3286 malarum
1343 3234 1600 3287 virtutum
1627 3233 1905 3287 dominatu
1933 3227 2134 3282 liberas
2163 3238 2290 3279 ante

733 3323 1160 3377 lncarnationem
1196 3323 1380 3378 fuisse.
1424 3343 1442 3375 ι
1467 3324 1706 3391 Apparet
1733 3330 1933 3384 autem,
1968 3315 2290 3386 inquitDia-

732 3411 865 3479 log.,
905 3429 958 3464 ιι.
987 3413 1107 3476 lilii,
1143 3414 1352 3466 animas
1384 3412 1651 3482 ejusmodi
1678 3413 1950 3481 jnstorum
1981 3419 2034 3461 et
2057 3406 2289 3475 prolihe-

734 3510 935 3566 tarum,
973 3502 1074 3555 Sili)
1127 3513 1452 3571 potestatem
1489 3503 1677 3558 talium
1711 3503 1971 3556 virtutum
2009 3499 2287 3563 cecidisse,

733 3594 949 3665 qualem
983 3595 1238 3648 virtutem
1272 3605 1326 3649 et
1358 3597 1408 3650 in
1445 3595 1786 3663 ventriloqua
1823 3594 1909 3647 illa
1937 3593 2102 3646 luisse
2131 3593 2292 3645 rebus

735 3686 865 3755 ipsis
908 3685 1235 3738 declaratur.
1263 3703 1281 3735 ι
1317 3685 1564 3739 Absurda
1617 3700 1752 3738 sane
1786 3683 1992 3750 opinio,
2029 3681 2120 3736 sed
2167 3696 2290 3749 qua:

733 3775 904 3830 multo
933 3776 1224 3830 absurdior
1255 3775 1418 3839 foret,
1460 3775 1530 3838 si,
1563 3775 1615 3828 id
1649 3775 1795 3844 quod
1849 3788 2027 3841 neque
2055 3771 2288 3833 Justino,

737 3881 911 3936 neque
952 3868 1096 3931 aliis,
1127 3869 1216 3935 qui
1256 3869 1457 3923 similia
1495 3867 1774 3932 dixerunt,
1815 3865 1993 3936 aliingi
2034 3865 2212 3929 debet,
2248 3866 2292 3919 is

735 3958 1066 4014 tribueretur
1097 3961 1256 4014 malis
1283 3960 1575 4013 virtutibus
1608 3959 1657 4012 itt
1691 3969 1916 4012 sanctos
1959 3958 2288 4021 dominatus,

733 4056 792 4101 ut
817 4063 910 4103 eos
935 4050 1167 4103 arbitrio
1200 4065 1300 4104 suo
1332 4060 1589 4104 vexarent
1613 4059 1661 4103 et
1686 4049 1997 4104 multarent.
2033 4048 2142 4102 Hoc
2171 4058 2289 4101 tan-

738 4150 848 4195 tum
884 4156 954 4195 ex
984 4139 1179 4195 Justiui
1211 4143 1391 4196 verbis
1433 4141 1723 4210 colligitur,
1753 4142 1804 4195 id
1837 4141 2172 4195 dtenmuihns
2206 4143 2290 4194 in-

737 4235 970 4298 terdum,
1021 4234 1130 4289 Deo
1179 4235 1557 4302 permittente,
1611 4234 1663 4288 in
1717 4243 2031 4289 sanctorum
2083 4233 2292 4287 animas

735 4326 977 4389 licuisse,
1004 4327 1144 4396 quod
1187 4327 1353 4380 semel
1385 4325 1605 4380 diabolo
1630 4327 1681 4380 in
1732 4327 1902 4395 ipsius
1929 4324 2129 4380 Christi
2165 4339 2290 4378 cor-

736 4436 857 4489 pus,
885 4437 990 4474 non
1022 4422 1138 4474 sine
1164 4420 1363 4474 Christi
1405 4421 1694 4487 permissu,
1724 4419 1897 4474 licuit.

805 4512 958 4578 Quod
983 4522 1161 4565 autem
1193 4514 1477 4581 spectatad
1498 4521 1714 4566 sanctos
1735 4512 2072 4581 postChristi
2102 4528 2290 4568 ascen-
2321 4544 2364 4598 ι)

735 4605 939 4657 sionem
993 4614 1254 4667 mortuos,
1292 4604 1585 4658 vehemens
1635 4618 1764 4658 sane
1810 4605 2022 4658 exstitit
2049 4603 2292 4660 Justinus

737 4693 788 4745 in
823 4693 1092 4746 hwreticis
1141 4695 1246 4749 illis
1306 4693 1636 4760 refellendis,
1673 4696 1763 4765 qtti
1821 4697 2053 4759 animas,
2109 4697 2291 4750 statim

735 4793 896 4852 atque
923 4799 953 4867 εξ
979 4799 1207 4852 corpore
1261 4787 1454 4840 soluta:
1503 4799 1706 4848 essent.
1761 4789 1812 4840 in
1851 4789 2112 4842 ccelorum
2147 4789 2293 4857 apsi-

736 4875 854 4928 detn
882 4875 1206 4941 evehebant,
1254 4878 1324 4932 ita
1363 4889 1418 4931 ut
1447 4879 1581 4932 nihil
1621 4895 1844 4947 prorsus
1877 4882 1942 4934 ad
1995 4881 2292 4935 beatitudi-

737 4980 856 5020 nem
903 4982 1250 5022 accessnrum
1285 4969 1550 5033 dicerent,
1589 4987 1685 5024 nec
1716 4971 1880 5026 ullam
1929 4975 2293 5027 resurrectio~

737 5059 820 5112 nis
849 5073 999 5126 spem
1031 5069 1121 5113 aut
1146 5060 1472 5114 desiderium
1506 5062 1894 5132 relinquerent.
1924 5065 2013 5118 Sic
2050 5065 2290 5133 loquitur

739 5150 973 5218 Dialog.,
1007 5168 1062 5204 ιι.
1100 5155 1212 5207 80:
1250 5170 1269 5204 t
1294 5153 1352 5207 Si
1403 5154 1666 5209 incidistis
1724 5155 1776 5209 in
1842 5158 2151 5225 nonnullos,
2197 5161 2287 5226 qui

735 5246 1030 5300 Christiani
1078 5247 1300 5315 quidem
1350 5258 1636 5312 vocantur,
1671 5251 1785 5304 haec
1833 5260 2015 5305 autem
2070 5252 2290 5306 minime

739 5347 941 5402 tenent,
974 5341 1068 5393 sed
1098 5342 1260 5394 etiam
1289 5343 1458 5396 Deum
1487 5344 1737 5412 Abrahae,
1770 5356 1823 5400 et
1847 5346 2012 5399 Deum
2039 5346 2209 5407 Isaac,
2235 5356 2290 5400 et

739 5426 905 5481 Deum
935 5427 1102 5484 Jacob
1145 5431 1496 5501 blasphemiis
1548 5447 1800 5504 appetere
1824 5436 2046 5498 audent.
2072 5451 2135 5490 ac
2167 5436 2287 5490 nul-

739 5516 846 5570 lam
879 5534 1000 5574 esse
1046 5532 1386 5577 tnortuorum
1436 5528 1917 5592 resurrectionem,
1965 5529 2059 5582 sed
2103 5529 2285 5581 statim

742 5621 900 5678 atque
958 5615 1280 5678 moriantur,
1311 5617 1520 5671 animas
1567 5634 1694 5672 suas
1731 5620 1782 5672 iu
1835 5619 2032 5672 coelum
2083 5619 2287 5687 suscipi

743 5702 963 5767 dicunt;
1009 5717 1200 5758 cavete
1255 5722 1322 5760 ne
1370 5723 1463 5762 eos
1517 5708 1842 5764 existimetis
1873 5710 2232 5765 Christianos.
2262 5731 2279 5763 ι

747 5795 837 5848 Illa
870 5797 934 5851 dc
969 5800 1253 5854 animabus
1278 5800 1454 5855 statim
1483 5801 1536 5855 in
1563 5801 1757 5857 cmlutn
1798 5802 2139 5860 avolautibus
2167 5803 2283 5873 opi-

2393 1965 2446 2008 et
2478 1954 2581 2009 hoc
2605 1965 2714 2006 tam
2745 1962 2952 2007 certum
2983 1954 3174 2013 habeo,
3211 1962 3268 2004 ut
3296 1949 3430 2003 nihil
3458 1950 3722 2004 dubitem.
3752 1967 3773 2000 ι
3805 1946 3958 2000 Dilli-

2393 2047 2495 2102 cile
2528 2060 2631 2100 non
2664 2057 2748 2100 est
2779 2047 3218 2100 animadvertere
3251 2043 3380 2111 quid
3411 2041 3625 2095 intersit
3651 2040 3795 2094 inter
3817 2054 3960 2107 prae-

2393 2135 2522 2191 fecti
2541 2135 3026 2205 interrogationem
3053 2145 3108 2190 et
3127 2134 3534 2203 responsionem
3559 2130 3776 2186 Justini.
3807 2130 3958 2184 Prte-

2393 2227 2567 2282 t'ectus
2608 2227 2837 2294 putabat
2874 2237 3145 2295 martyres
3171 2240 3392 2294 sperare
3421 2240 3479 2278 se
3518 2225 3571 2277 in
3603 2223 3804 2277 ccelum
3843 2231 3962 2274 sta-

2394 2322 2487 2374 tim
2516 2320 2849 2382 evolaturos,
2873 2334 2936 2372 ac
2955 2320 3095 2374 scire
3121 2328 3244 2372 avet
3267 2334 3334 2370 an
3352 2315 3598 2370 Justinus
3634 2316 3822 2368 eadem
3856 2327 3960 2380 spe

2393 2421 2662 2464 teneatur.
2693 2409 2943 2463 Justinus
2972 2425 3084 2462 non
3115 2410 3354 2463 obscure
3386 2412 3691 2461 mercedem
3722 2404 3866 2458 illam
3903 2404 3959 2457 in

2393 2510 2611 2570 tempus
2656 2501 3079 2554 resurrectionis
3129 2498 3330 2566 rejicit,
3361 2515 3422 2550 ac
3453 2499 3682 2550 divitum
3728 2496 3962 2565 gratiam

2393 2594 2710 2658 conservari,
2746 2593 2842 2654 ait,
2877 2594 3054 2660 quoad
3085 2601 3222 2644 totus
3246 2592 3475 2642 mundus
3510 2597 3919 2642 consummelur.

2463 2683 2570 2738 Sed
2601 2698 2922 2751 quocunque
2959 2684 3008 2735 in
3045 2683 3164 2735 loco
3216 2682 3424 2734 animas
3471 2690 3782 2733 sanctorum
3831 2687 3964 2730 ante

2394 2775 2852 2828 resurrectionem
2883 2775 3114 2827 collucet
3136 2771 3402 2836 Justinus,
3427 2771 3535 2839 jam
3571 2781 3681 2824 tum
3713 2785 3803 2825 eas
3824 2772 3962 2824 bea-

2395 2865 2625 2918 titudine
2653 2873 2858 2917 aeterna
2893 2875 2949 2917 et
2994 2862 3087 2916 Dei
3121 2863 3330 2916 visione
3359 2865 3564 2928 perl'rui
3599 2877 3704 2914 non
3729 2862 3967 2930 qbscurc

2390 2959 2629 3013 declarat
2678 2960 2733 3012 in
2782 2970 3013 3026 utraque
3052 2956 3328 3025 Apologia.
3372 2956 3522 3008 lianc
3564 2957 3708 3009 enim
3738 2970 3962 3008 causam

2391 3051 2550 3105 aﬂert
2582 3067 2679 3104 cur
2704 3051 3003 3104 Christiani
3043 3049 3274 3103 libenter
3303 3058 3530 3102 mortem
3558 3055 3816 3118 oppetant
3843 3062 3948 3115 pro

2392 3144 2608 3197 Christo
2633 3143 2814 3211 Apol.,
2847 3144 2898 3207 i,
2933 3158 2988 3196 ιι.
3024 3145 3094 3197 8:
3129 3162 3146 3192 ι
3188 3140 3383 3196 Vivere
3417 3141 3672 3196 nolumus
3704 3141 3957 3195 obstricti

2395 3236 2691 3289 mendacio.
2721 3233 2962 3288 :EIerna:
2991 3235 3134 3288 enim
3181 3249 3244 3287 ac
3279 3248 3429 3302 purae
3481 3235 3607 3287 vitae
3657 3233 3840 3302 cupidi
3890 3233 3963 3284 ad

2389 3325 2718 3379 domicilium
2753 3340 2876 3378 cum
2912 3326 3020 3378 Deo
3053 3325 3438 3378 universorum
3474 3324 3636 3378 Patre
3677 3334 3732 3378 et
3760 3325 3967 3392 apilice

2391 3418 2715 3484 promissum
2747 3417 3127 3469 contendimus
3173 3430 3236 3469 ac
3287 3431 3640 3484 preperamus
3683 3423 3748 3467 ad
3789 3415 3966 3468 conli-

2395 3509 2635 3570 tendum,
2669 3525 2790 3562 cum
2846 3523 3167 3576 persuasum
3214 3508 3512 3562 habeamus
3564 3517 3618 3560 ct
3674 3507 3968 3560 credamus

2393 3599 2505 3652 inec
2537 3602 2677 3652 bona
2707 3600 2771 3652 ab
2814 3599 2923 3652 illis
2955 3602 3262 3666 comparari
3295 3611 3471 3668 posse,
3501 3599 3592 3667 qui
3639 3598 3798 3651 lactis
3843 3598 3966 3650 suis

2395 3690 2573 3744 testati
2605 3689 2714 3744 Deo
2753 3689 2958 3744 fuerint
2992 3707 3051 3745 se
3104 3690 3253 3744 illum
3290 3689 3527 3744 set-talos
3564 3705 3700 3751 esse,
3736 3704 3798 3742 ac
3826 3687 3962 3741 illud

2393 3782 2534 3851 apud
2571 3798 2694 3837 eum
2740 3782 3075 3837 domicilium
3107 3783 3415 3847 adamasse,
3447 3785 3532 3835 ubi
3565 3783 3705 3835 nulla
3751 3783 3966 3834 vitiosi-

2396 3883 2476 3927 tas
2503 3873 2819 3928 reluctatur.
2843 3892 2860 3923 ι
2899 3873 2953 3926 ln
3002 3875 3184 3943 capite
3236 3874 3561 3941 praecedenti
3611 3876 3717 3926 duo
3750 3873 3853 3925 alia
3887 3889 3961 3927 ex

2393 3966 2580 4018 eadem
2609 3966 2863 4035 Apologia
2897 3967 3055 4018 retuli
3087 3966 3662 4033 testimonia,quurum
3697 3965 3749 4016 in
3783 3964 3961 4018 altero

2395 4056 2472 4109 ait
2498 4055 2564 4109 ab
2600 4057 2701 4110 hac
2728 4058 2840 4110 vita
2872 4070 3292 4124 unumquemque
3321 4056 3388 4106 ad
3430 4065 3678 4107 (uernam
3721 4053 3826 4106 siue
3850 4068 3962 4119 pae-

2393 4165 2537 4214 nam,
2570 4150 2675 4202 sive
2703 4149 2927 4202 salutent
2966 4164 3059 4217 pro
3108 4148 3309 4199 meritis
3354 4149 3620 4199 actionum
3649 4146 3961 4215 proﬁcisci;

2393 4241 2447 4294 in
2476 4240 2646 4294 altero
2677 4241 2890 4296 animas
2922 4241 3188 4294 bonorum
3219 4256 3250 4293 e
3277 4253 3504 4308 corpore
3540 4249 3801 4291 exeuntes
3824 4239 3951 4291 bea-

2395 4341 2476 4386 tas
2504 4347 2626 4386 esse
2661 4333 2996 4400 pronuntiat.
3029 4331 3082 4385 In
3117 4331 3270 4399 Apol.
3312 4329 3367 4392 2,
3417 4347 3469 4382 ιι.
3501 4329 3552 4393 2,
3586 4332 3662 4384 sic
3694 4331 3758 4384 de
3786 4328 3961 4385 Lucio

2395 4436 2651 4496 martyre,
2685 4428 2856 4495 abripi
2876 4426 3027 4492 jusso
3054 4425 3119 4477 ad
3145 4424 3488 4494 supplicium,
3516 4422 3756 4491 loquitur
3787 4441 3800 4476 :
3842 4443 3859 4474 ι
3885 4425 3963 4478 Αι

2395 4518 2484 4572 ille
2534 4519 2739 4583 gratias
2786 4518 2951 4572 etiam
3008 4517 3224 4586 agebat,
3276 4529 3396 4568 cum
3453 4528 3512 4567 se
3562 4514 3631 4565 ab
3689 4513 3964 4581 improbis

2394 4608 2656 4674 ejusmodi
2697 4607 2932 4661 dominis
2980 4605 3045 4658 ad
3089 4605 3306 4658 Patrem
3359 4619 3422 4657 ac
3473 4618 3649 4671 regem
3686 4602 3958 4656 rmlorum

2397 4697 2666 4766 proﬁcisci
2695 4705 3063 4768 cognosceret.
3091 4715 3110 4747 ι
3149 4693 3274 4748 Vid.
3302 4711 3356 4746 ιι.
3377 4695 3430 4748 4,
3482 4693 3596 4745 Νοιι
3633 4693 3782 4747 solus
3809 4694 3961 4747 inter

2395 4805 2507 4851 eos,
2541 4790 2632 4858 qui
2666 4790 2810 4842 mille
2837 4803 3098 4842 annorum
3131 4801 3358 4855 regnum
3389 4786 3698 4849 admittunt,
3727 4786 3796 4836 ita
3824 4800 3958 4838 sen-

2395 4879 2750 4934 sitJustinus.
2787 4878 3056 4948 Martyres
3085 4877 3320 4932 eximios
3362 4876 3565 4929 habere
3602 4875 3815 4928 videtur
3850 4874 3962 4927 ire-

2396 4987 2563 5024 nzeus.
2595 4971 2683 5026 Sic
2708 4970 2851 5024 enim
2899 4970 2964 5024 de
3010 4968 3116 5022 illis
3152 4968 3395 5038 loquitur
3433 4967 3528 5021 lib.
3562 4983 3638 5032 tv,
3673 4983 3723 5021 c.
3769 4968 3863 5030 55,
3893 4983 3956 5021 ιι.

2393 5065 2467 5118 9:
2501 5081 2519 5115 t
2545 5063 2788 5116 Ecclesia
2838 5061 2983 5115 omni
3042 5063 3093 5114 iu
3147 5061 3268 5114 loco
3301 5059 3370 5112 ob
3413 5074 3530 5112 eam
3575 5075 3734 5127 quam
3793 5059 3962 5114 habet

2392 5171 2521 5225 erga
2573 5157 2737 5208 Deum
2785 5155 3151 5216 dilectionem,
3204 5151 3598 5206 multitudinem
3653 5160 3958 5220 martyrum

2393 5249 2671 5319 praemittit
2724 5249 2790 5301 ad
2849 5247 3086 5301 Patrem.
3119 5264 3136 5294 ι
3176 5245 3251 5299 De
3298 5244 3552 5298 omnibus
3602 5244 3810 5298 sanctis
3851 5242 3960 5295 La-

2393 5343 2624 5397 stantius
2657 5339 2752 5393 lib.
2789 5354 2871 5404 Ill,
2903 5353 3023 5406 cap.
3059 5338 3154 5390 ηε
3188 5355 3205 5388 t
3228 5337 3302 5391 Illi
3335 5347 3532 5399 tamen,
3559 5337 3751 5404 inquit,
3776 5336 3864 5403 qui
3889 5336 3961 5390 tle

2392 5433 2810 5488 immortalitate
2851 5432 3133 5501 disputant
3161 5431 3352 5498 animi,
3399 5429 3700 5498 intelligere
3746 5428 3959 5482 debue-

2393 5537 2523 5580 runt
2551 5526 2671 5580 ideo
2713 5525 3051 5594 propositam
3098 5523 3256 5577 nobis
3283 5536 3405 5576 esse
3429 5523 3705 5583 virtutem,
3730 5529 3788 5572 ut
3828 5533 3958 5587 per-

2391 5618 2611 5673 domitis
2629 5617 2957 5681 libidinibus,
2985 5631 3274 5684 rerumque
3292 5613 3631 5668 terrestrium
3653 5612 3957 5678 cupiditate

2393 5721 2669 5780 superata,
2702 5725 2846 5778 pura:
2877 5724 2943 5765 ac
2965 5709 3216 5762 victrices
3242 5708 3433 5762 anima:
3457 5709 3521 5763 ad
3545 5706 3735 5770 Deum,
3766 5707 3818 5759 id
3842 5719 3952 5769 est,

2392 5804 2458 5857 ad
2493 5803 2758 5873 originem
2797 5816 2952 5856 suam
2983 5809 3346 5856 revertantur.
3371 5820 3388 5852 ι
3418 5798 3476 5854 S.
3509 5797 3831 5865 Methodius,
3857 5802 3953 5868 qui
