4120 6456
163 439 234 496 83
1199 439 1261 498 Ι).
1300 441 1563 501 MARANI
1608 443 1731 501 PRA

1833 446 2002 504 ιτιο.
2042 476 2111 488 -
2137 440 2318 502 PARS
2355 445 2419 500 Π.
3325 449 3394 507 94

165 557 220 610 in
253 559 505 613 oratione
532 572 671 613 nona
716 573 942 629 regnum
996 559 1143 615 mille
1191 575 1456 617 annorum
1486 565 1728 634 adoptat,
1763 572 1808 630 Α

169 652 222 705 in
269 661 465 707 octava
510 653 708 708 ccelum
756 653 1057 724 virginibus
1087 669 1117 708 e
1144 669 1376 724 corpore
1421 658 1614 713 solutis
1647 658 1732 712 di-

164 754 308 798 serte
337 744 581 814 promitti
589 754 629 803 ι.

233 833 300 890 il.
328 834 486 901 Quod
512 845 724 904 spectat
753 837 819 892 ad
855 850 1078 909 regnum
1109 837 1256 894 mille
1282 855 1571 906 annorum,
1596 857 1732 896 non-

164 925 307 978 nulla
336 926 389 979 in
419 927 522 981 hoc
544 938 823 996 perperam
851 940 1161 999 exspectato
1178 941 1370 985 eventu
1395 933 1734 987 observanda

164 1027 219 1069 et
245 1017 632 1088 distinguenda
663 1031 809 1082 sunt,
839 1029 898 1073 ut
939 1021 1182 1076 doctrina
1225 1021 1448 1085 Justini,
1498 1038 1616 1091 quae
1647 1039 1736 1079 ne-

166 1123 436 1178 quaquam
469 1111 662 1166 ordine
679 1112 981 1181 exponitur,
1013 1114 1109 1168 sed
1133 1113 1298 1169 variis
1328 1112 1460 1169 locis
1488 1113 1732 1184 inspersa

167 1212 266 1264 est,
296 1201 591 1272 colligatur
609 1213 665 1257 et
697 1204 1022 1260 illustretur.

230 1294 539 1363 Antequam
583 1293 832 1350 Christus
883 1298 1118 1365 gloriose
1165 1309 1198 1352 e
1239 1297 1480 1355 nubibus
1525 1297 1731 1360 veniat,

170 1387 568 1442 Antichristum
607 1387 661 1441 in
713 1388 875 1443 terris
945 1391 1242 1445 crudeliter
1284 1400 1630 1460 regnaturum
1679 1399 1734 1444 et

169 1478 451 1533 horribilia
487 1479 542 1533 in
581 1480 671 1534 Dei
705 1494 890 1535 servos
933 1481 1069 1533 mala
1117 1494 1182 1535 ac
1221 1481 1484 1550 supplicia
1515 1480 1733 1550 excogi-

169 1577 402 1624 taturnm
436 1570 725 1641 putabant.
765 1569 882 1625 Jatn
935 1570 1083 1626 illum
1134 1587 1230 1640 pro
1280 1571 1490 1627 foribus
1542 1572 1734 1626 adesse

164 1663 518 1717 existimabat
536 1660 805 1724 Justinus,
826 1661 1065 1731 Dialog.,
1091 1679 1148 1716 n.
1180 1662 1268 1717 52.
1308 1663 1382 1717 Ex
1415 1679 1524 1732 quo
1550 1665 1735 1732 sequi-

167 1764 250 1821 tur
279 1769 628 1824 nequaquam
685 1753 754 1808 ab
789 1769 855 1810 eo
914 1754 1204 1809 adventum
1263 1755 1464 1810 Christi
1507 1755 1732 1809 dilatum

166 1845 330 1900 fuisse
361 1847 415 1900 in
445 1846 666 1916 longum
708 1854 937 1917 tempus.
973 1845 1106 1900 Nam
1139 1861 1364 1917 regnum
1401 1847 1730 1901 Antichristi

166 1939 317 1992 annis
344 1939 528 1993 tribus
567 1947 622 1992 et
650 1951 744 1992 sex
772 1937 1045 1993 mensibus
1084 1939 1392 2002 coercebat,
1419 1938 1550 1993 ibid.
1579 1937 1730 1994 Tunc

167 2039 342 2082 sulem
383 2028 666 2083 Christum
698 2044 728 2083 e
752 2029 894 2084 caelo
921 2045 1042 2085 cum
1067 2030 1238 2100 gloria
1271 2041 1554 2086 venturum
1583 2047 1730 2086 asse-

169 2123 252 2182 rit,
284 2123 500 2189 quando
524 2131 572 2175 et
604 2121 911 2188 defectionis
937 2122 1092 2177 homo
1115 2125 1339 2192 grandia
1364 2126 1520 2178 etiam
1547 2126 1730 2178 adver-

164 2230 248 2267 sus
281 2215 614 2266 Altissimum
637 2213 691 2266 in
719 2215 872 2267 terris
899 2214 1133 2284 loquens,
1162 2214 1391 2281 nefanda
1423 2215 1636 2268 audebit
1672 2220 1729 2269 in

169 2321 255 2356 nos
279 2303 639 2366 Christianos,
674 2321 730 2356 n.
758 2304 882 2359 ΗΟ.
918 2305 1120 2358 Eadem
1155 2305 1414 2360 habemus
1439 2307 1579 2375 apud
1610 2307 1730 2361 lre-

168 2412 360 2460 arum,
401 2397 502 2450 lib.
533 2412 588 2459 v,
619 2413 670 2450 c.
714 2396 806 2460 30,
847 2397 1049 2453 num.4
1077 2412 1091 2450 :
1124 2416 1142 2447 ‹
1166 2394 1300 2450 Cum
1336 2404 1517 2451 autem
1551 2406 1729 2451 vasta-

167 2490 300 2543 verit
326 2489 708 2544 Antichristus
734 2489 821 2543 hic
848 2489 1031 2544 omnia
1052 2489 1103 2543 in
1133 2490 1234 2544 hoc
1261 2490 1728 2558 mundo,rcgnans

167 2581 315 2635 annis
345 2580 525 2635 tribus
558 2591 614 2635 et
646 2583 930 2636 mensibus
957 2596 1075 2647 sex,
1107 2591 1163 2636 et
1197 2579 1408 2636 sederit
1444 2580 1508 2633 in'
1533 2580 1730 2648 templo

166 2670 581 2744 Hierosolymis,
609 2683 736 2726 tunc
767 2675 950 2726 veniet
980 2673 1243 2726 Dominus
1280 2672 1346 2726 de
1367 2673 1521 2726 cwlis
1545 2672 1597 2725 in
1627 2687 1726 2724 nu-

164 2763 340 2830 hihus,
373 2766 427 2817 in
457 2762 633 2836 gloi-ia
679 2763 882 2828 Patris,
907 2763 1054 2817 illum
1085 2764 1301 2831 quidem
1333 2776 1387 2819 et
1416 2764 1729 2819 obedientcs

163 2857 207 2908 ei
240 2858 291 2908 in
318 2864 578 2924 stagnum
610 2855 750 2926 ignis
775 2855 1026 2921 mittens;
1061 2855 1340 2909 adducens
1370 2855 1731 2924 autemjustis

167 2947 315 3016 regni
347 2955 622 3014 tempora,
671 2946 771 2999 hoc
815 2955 898 2999 est
961 2946 1380 3016 requietionem,
1443 2947 1728 3016 septimam

165 3038 303 3090 diem
345 3036 773 3101 sanctiﬁcatam,
805 3045 860 3089 et
894 3036 1193 3091 restituens
1230 3035 1461 3090 Abrahae
1499 3037 1730 3104 promis-

164 3131 368 3183 sionem
416 3128 752 3183 hareditatis
790 3129 888 3182 :in
926 3143 1034 3198 quo
1085 3143 1278 3198 regno,
1321 3127 1398 3181 ait
1449 3128 1728 3193 Dominus,

1909 567 1995 622 III.
2029 567 2151 623 Hinc
2177 567 2481 622 Iudaeorum
2519 580 2800 622 conversio
2841 577 2895 622 et
2937 568 3065 624 Elite
3109 570 3293 626 missio
3324 573 3391 627 ad

1835 662 1940 715 hoc
1977 675 2110 729 opus
2140 661 2544 729 exsequendum
2575 657 2776 714 diserte
2803 675 2832 713 a
2865 660 2924 715 S.
2953 660 3164 718 Justino
3189 679 3394 720 memo-

1837 758 2051 808 rantur.
2110 750 2358 805 Declarat
2391 750 2582 816 Eliam,
2634 767 2755 804 cum
2803 751 2974 822 gloria
3017 761 3070 808 et
3109 754 3394 822 splendore

1836 848 2152 904 venturum,
2229 849 2288 894 ut
2349 840 2800 909 quemadmodum
2871 842 2989 911 ejus
3040 845 3270 913 spiritus
3337 843 3390 900 in

1835 928 2042 985 Joanne
2075 931 2234 998 primi
2267 940 2320 986 et
2350 931 2567 986 humilis
2603 934 2864 987 adventus
2898 948 3199 1002 praeursor
3223 936 3393 990 exsti-

1836 1022 1921 1086 tit,
1957 1023 2026 1075 ita
2053 1022 2166 1093 ipse
2193 1023 2420 1077 secundi
2452 1033 2506 1077 et
2543 1023 2763 1090 gloriosi
2807 1032 3107 1094 pt'mcursor
3136 1027 3225 1081 sit.
3256 1025 3391 1082 Cum

1837 1110 2047 1166 diceret
2095 1110 2318 1181 Trypho
2368 1114 2600 1167 nondum
2661 1114 2874 1168 venisse
2913 1115 3202 1182 Christum,
3265 1117 3391 1186 quia

1835 1205 2072 1258 nondum
2109 1205 2256 1257 venit
2286 1203 2427 1259 Elias
2458 1205 2549 1273 qui
2581 1204 2727 1258 illum
2761 1215 3018 1260 uucturus
3044 1215 3145 1274 est,
3171 1224 3394 1278 respon-

1836 1295 1926 1350 det
1976 1294 2223 1350 Justinus
2253 1294 2429 1348 Eliam
2467 1297 2716 1350 terribilis
2748 1306 2799 1350 et
2841 1299 3184 1366 magnidici,
3222 1300 3277 1352 id
3316 1310 3394 1354 est

1837 1387 2054 1441 secundi
2103 1386 2382 1451 adventus,
2432 1403 2806 1455 pra'cursorem
2834 1388 3092 1454 futurum.
3145 1405 3164 1440 ι
3220 1390 3396 1459 Atque

1834 1478 1939 1536 hoc
1968 1481 2163 1548 ipsum,
2201 1479 2393 1548 inquit,
2429 1495 2482 1532 n.
2518 1478 2608 1545 49,
2653 1479 2906 1536 Dominus
2941 1489 3122 1534 noster
3163 1481 3302 1536 inter
3329 1497 3393 1536 ea

1834 1586 1955 1641 qua:
1987 1571 2185 1638 docuit,
2217 1569 2454 1624 futurum
2486 1585 2606 1625 esse
2637 1572 2875 1635 tradidit,
2905 1587 3024 1626 cum
3065 1573 3229 1626 Eliatn
3258 1589 3394 1642 quo-

1835 1679 1942 1735 que
1987 1664 2130 1718 dixit
2174 1678 2294 1718 esse
2341 1673 2646 1716 venturum.
2686 1663 2836 1728 Quod
2884 1664 3104 1732 quidem
3156 1662 3392 1718 futurum

1833 1768 1934 1809 nos
1962 1769 2084 1810 esse
2115 1754 2340 1814 scimus,
2374 1769 2494 1808 eum
2522 1768 2552 1808 e
2587 1753 2738 1808 ccelis
2763 1754 2992 1824 gloriose
3019 1754 3271 1810 Dominus
3299 1771 3395 1809 no.

1837 1854 1951 1902 ster
1992 1844 2149 1900 Jesus
2200 1845 2448 1901 Christus
2494 1855 2753 1899 venturus
2797 1855 2916 1914 est;
2970 1847 3122 1914 cujus
3173 1847 3390 1915 quidem

1833 1938 1988 2007 primi
2024 1937 2184 1991 etiam
2213 1938 2475 1991 adventus
2503 1937 2735 2005 Spiritus
2759 1935 2874 2000 Dei,
2907 1938 2995 2007 qui
3024 1947 3142 1991 erat
3172 1938 3223 1991 in
3252 1937 3389 2001 Elia,

1831 2043 2011 2098 praeco
2043 2031 2319 2099 praecessit
2355 2029 2406 2082 in
2445 2027 2654 2084 Joanne
2703 2030 2866 2084 vestri
2917 2029 3128 2098 generis
3161 2030 3392 2098 propbe«

1833 2131 1905 2177 ta.
1932 2140 1951 2173 ι
1991 2121 2057 2176 Ει
2083 2120 2242 2190 paulo
2278 2131 2400 2190 post
2433 2135 2448 2174 :
2487 2140 2506 2172 ‹
2543 2122 2999 2186 Quemadmodum
3029 2135 3150 2174 cum
3184 2120 3392 2190 Moyses

1831 2215 2010 2269 adhuc
2041 2216 2183 2268 inter
2209 2214 2458 2268 homines
2492 2225 2821 2278 versaretur,
2851 2213 3118 2267 transtulit
3161 2213 3301 2267 Deus
3337 2213 3390 2266 in

1829 2305 2014 2361 Jesum
2042 2322 2106 2360 ex
2135 2320 2200 2360 eo
2237 2306 2454 2375 spiritu,
2487 2306 2576 2374 qui
2625 2313 2740 2359 erat
2769 2305 2822 2358 in
2852 2305 2995 2359 Mose
3021 2323 3034 2371 ;
3067 2307 3137 2359 ita
3180 2305 3248 2358 ab
3274 2305 3392 2359 Elia

1829 2401 1882 2452 in
1937 2397 2200 2452 Joannem
2246 2397 2542 2451 transferre
2593 2397 2762 2465 potuit
2818 2398 2984 2462 Deus;
3038 2406 3094 2452 ut
3132 2397 3392 2467 quemad-

1831 2492 2046 2546 modum
2076 2490 2323 2546 Christus
2348 2492 2526 2560 priore
2564 2492 2792 2544 adventu
2827 2491 3087 2560 inglorius
3112 2493 3386 2560 apparuit.

1832 2581 1902 2636 ita
1930 2582 2093 2636 etiam
2134 2582 2276 2636 illius
2305 2582 2551 2650 spiritus,
2586 2582 2678 2651 qui
2712 2582 2764 2636 in
2804 2582 2919 2635 Elia
2968 2597 3132 2650 purus
3175 2596 3393 2651 semper

1829 2683 1886 2728 et
1935 2674 2143 2746 integer
2193 2677 2465 2738 manebat,
2510 2675 2692 2728 itidem
2757 2683 2817 2727 ut
2873 2674 3075 2728 Christi
3126 2673 3390 2743 inglorius

1832 2767 2040 2836 primus
2079 2766 2341 2820 adventus
2372 2766 2782 2834 intelligeretur.

1905 2856 2017 2911 Hoc
2050 2857 2178 2910 Elia:
2204 2856 2562 2911 ministerium
2590 2855 2896 2910 Judieorum
2927 2858 2979 2911 in
3030 2857 3218 2927 primis
3255 2874 3390 2914 con-

1834 2950 2067 3003 versioni
2120 2949 2447 3003 destinatum
2479 2949 2782 3004 videbatur.
2826 2947 2940 3002 Non
2984 2949 3126 3002 enim
3162 2950 3389 3004 dubium

1830 3049 1950 3095 erat
1977 3039 2212 3106 Justiuo,
2241 3042 2370 3110 quin
2410 3039 2624 3095 Judaaos
2657 3040 2908 3095 Christus
2932 3041 3229 3096 adveniens
3265 3058 3390 3096 sus-

1832 3144 2091 3202 cepturus
2145 3145 2310 3201 esset,
2337 3145 2392 3189 et
2436 3150 2560 3188 cum
2606 3133 2727 3189 aliis
2769 3134 3013 3190 ﬁdelibus
3044 3135 3308 3190 bonorum
3338 3137 3391 3189 in

168 3220 368 3272 multos
405 3217 475 3271 ab
516 3216 739 3272 Oriente
766 3225 821 3272 et
859 3215 1154 3272 Occidente
1188 3217 1490 3281 venientes,
1518 3232 1731 3272 recuui-
1758 3257 1800 3315 C
1835 3228 1970 3280 urbe
2000 3226 2301 3282 Jerusalem
2347 3227 2738 3296 promissorum
2782 3229 3077 3298 participes
3119 3229 3390 3288 facturus,

166 3311 290 3365 bere
327 3326 454 3365 cum
494 3311 769 3364 Abraham
811 3319 867 3364 et
939 3309 1087 3364 Isaac
1118 3319 1173 3365 et
1201 3309 1366 3366 Jacob
1418 3329 1438 3364 ι
1481 3311 1551 3365 At
1589 3311 1733 3363 inter

167 3405 484 3458 Antichristi
518 3420 746 3473 regnum
789 3415 842 3458 et
867 3403 1071 3458 Christi
1103 3403 1394 3458 adventum
1427 3403 1535 3456 duo
1565 3404 1734 3456 inter-

169 3496 362 3550 cedunt
394 3495 779 3550 memorabiles
802 3506 1047 3562 eventus,
1074 3494 1203 3548 Eiiie
1234 3495 1419 3548 missio
1444 3507 1498 3549 et
1521 3492 1733 3549 Judieo-

169 3606 282 3643 rum
309 3591 624 3644 conversio.

236 3682 497 3750 Quamvis
525 3681 726 3737 Judasis
745 3682 966 3738 minime
989 3681 1295 3738 dissimulet
1316 3679 1560 3734 Justinus
1578 3679 1735 3748 quid-

166 3777 289 3846 quid
332 3790 527 3829 eorum
583 3775 888 3829 obstinatus
937 3778 992 3828 in
1041 3789 1232 3828 errore
1283 3773 1499 3826 animus
1537 3772 1732 3825 merito

169 3869 456 3932 audiebat;
499 3880 766 3936 nusquam
794 3874 973 3919 tamen
1005 3864 1085 3918 eis
1107 3865 1405 3934 exprobrat
1429 3884 1446 3917 ι
1501 3871 1729 3916 tremum

170 3961 291 4013 illud
341 3961 549 4022 scelus,
594 3958 736 4027 quod
785 3956 1184 4011 Antichristum
1243 3957 1522 4010 adoratum
1567 3968 1733 4023 seque

171 4055 314 4109 illius
345 4054 562 4124 legibus
609 4051 948 4121 subjiciendo
978 4049 1269 4104 admissuri
1304 4049 1642 4105 ferebantrr.
1673 4047 1732 4103 Id

170 4148 443 4215 conceptis
479 4145 662 4199 verbis
686 4143 927 4198 declarat
963 4141 1216 4206 irenzeus,
1246 4141 1340 4195 lib.
1367 4155 1448 4204 tu,
1473 4155 1523 4194 c.
1547 4143 1573 4192 ‘.
1674 4155 1727 4192 n.

169 4240 200 4292 ι
229 4258 241 4291 :
279 4257 298 4289 ‹
333 4238 398 4292 Et
432 4237 698 4292 Dominus
725 4243 905 4289 autem
955 4234 1058 4288 hoc
1089 4233 1217 4288 item
1249 4248 1355 4286 non
1383 4231 1732 4286 credentibus

169 4334 263 4387 s‘bi
287 4331 514 4386 dicebat
546 4347 560 4382 :
593 4328 704 4399 Ego
736 4328 849 4381 veni
873 4331 926 4380 in
973 4326 1181 4380 nomine
1214 4324 1395 4378 Patris
1425 4325 1524 4377 mei
1552 4335 1598 4376 et
1629 4339 1731 4376 non

169 4424 432 4492 recepistis
471 4435 588 4482 nte;
623 4435 738 4470 cum
772 4417 910 4470 alius
942 4417 1138 4470 uenerit
1171 4417 1228 4468 in
1259 4415 1465 4467 nomine
1503 4429 1620 4480 suo,
1663 4414 1730 4465 il-

167 4516 270 4568 lam
314 4512 670 4581 recipietis“;
720 4510 883 4563 alium
936 4509 1126 4562 dicens
1175 4507 1574 4560 Antichristunt
1638 4506 1728 4575 qui

1840 3343 1858 3368 ς
1899 3318 1995 3372 llis
2027 3318 2228 3381 verbis,
2277 3318 2471 3386 inquit,
2506 3333 2653 3372 num.
2685 3317 2785 3382 35,
2815 3317 3026 3371 Iuravit
3063 3317 3314 3374 Dominus
3343 3328 3394 3373 et

1837 3425 1939 3462 non
1970 3409 2234 3478 paenitebit
2261 3424 2418 3470 eum;
2455 3416 2510 3459 tu
2541 3424 2592 3460 es
2627 3411 2872 3460 sacerdos
2915 3409 2967 3462 in
3017 3420 3267 3462 wternum
3306 3425 3391 3463 se-

1835 3504 2070 3554 cundum
2100 3500 2333 3553 ordinem
2360 3497 2737 3552 Melchisedech
2771 3499 2837 3563 “,
2868 3498 3221 3567 jurejurando
3252 3500 3392 3553 Deus

1834 3600 2054 3660 propter
2077 3589 2511 3644 incredulitatem
2550 3599 2786 3641 vestram
2830 3587 3172 3654 interposito,
3208 3589 3391 3657 ponti-

1835 3683 1990 3737 ﬁcem
2034 3681 2180 3735 illum
2215 3681 2512 3733 secundum
2552 3679 2798 3733 ordinem
2845 3678 3239 3733 Melchisedech
3270 3693 3392 3734 esse

1834 3771 2127 3829 declaravit
2161 3787 2175 3824 :
2212 3771 2316 3826 hoc
2353 3779 2456 3834 est,
2495 3771 2944 3839 quemadmodum
2999 3770 3389 3826 Melchisedech

1836 3866 2088 3921 sacerdos
2115 3864 2376 3919 Altissimi
2400 3863 2567 3917 fuisse
2606 3878 2635 3916 a
2667 3861 2814 3916 Mose
2843 3863 3076 3930 scriptus
3108 3872 3209 3931 est,
3240 3863 3402 3931 isque

1834 3974 2046 4024 eorum,
2077 3957 2167 4026 qui
2208 3955 2260 4010 in
2307 3954 2589 4025 przeputio,
2636 3954 2890 4010 Sacerdos
2927 3964 3068 4016 erat,
3113 3968 3176 4008 ac
3216 3953 3392 4006 Abra-

1835 4052 1996 4107 hamo
2030 4049 2272 4104 decimas
2320 4047 2420 4116 ipsi
2471 4045 2522 4099 in
2575 4043 2989 4100 circumcisione
3025 4041 3271 4097 oil'erenti
3300 4041 3394 4096 be-

1835 4144 2072 4206 nedixit;
2111 4142 2191 4195 sic
2214 4140 2354 4192 Deus
2373 4146 2633 4191 internum
2664 4151 2818 4189 suum
2849 4134 3184 4190 sacerdotem
3213 4134 3307 4203 qui
3337 4141 3392 4187 et

1837 4234 2096 4290 Dominus
2137 4250 2167 4286 a
2206 4230 2410 4300 Spiritu
2455 4237 2642 4282 sancto
2687 4236 2908 4281 vocatus
2938 4236 3060 4292 est,
3091 4239 3276 4280 eorum
3300 4226 3392 4294 qui

1832 4329 1885 4382 in
1937 4326 2199 4398 prmputio
2252 4323 2590 4378 sacerdotem
2648 4320 2905 4382 futurum,
2939 4328 2992 4373 et
3042 4318 3395 4372 circumcisus

1833 4433 2045 4488 quoque
2098 4417 2244 4485 ipsos
2279 4416 2346 4468 ad
2395 4429 2521 4469 eum
2569 4411 2910 4470 accedentes,
2946 4409 2995 4463 id
3037 4419 3120 4464 est
3168 4410 3220 4463 in
3269 4424 3393 4463 eum

1835 4512 2120 4566 credentes
2150 4519 2201 4563 et
2232 4507 2658 4563 benedictionem
2685 4504 2752 4557 ab
2783 4518 2848 4556 eo
2875 4512 3180 4572 quaerentes
3209 4515 3395 4554 susce-

169 4607 372 4662 aiienus
395 4615 484 4660 est
513 4619 542 4656 a
575 4603 821 4667 Domino,
852 4612 907 4656 et
936 4602 1051 4670 ipse
1075 4610 1161 4654 est
1188 4597 1616 4668 iniquusjudex,
1640 4600 1730 4666 qui
1767 4597 1808 4652 D
1841 4613 2056 4673 piarum
2095 4610 2150 4655 et
2180 4601 2284 4656 illis
2313 4600 2720 4654 benedicturqu
2760 4595 3075 4652 declaravit.
3117 4612 3136 4645 ι
3178 4592 3393 4647 Tertul-

171 4717 197 4753 a
221 4699 450 4755 Domino
484 4699 664 4750 dictus
685 4705 790 4760 est,
817 4695 1071 4764 quoniam
1099 4693 1266 4747 Deum
1295 4709 1396 4745 non
1429 4693 1638 4744 timebat
1662 4693 1728 4754 ’⁸,

173 4808 340 4861 neque
373 4791 652 4846 hominem
693 4789 1067 4852 reverebatur,
1105 4788 1168 4839 ad
1206 4800 1366 4854 quem
1404 4784 1541 4855 fugit
1571 4785 1730 4838 vidua

169 4887 330 4938 oblita
378 4883 499 4944 Dei,
536 4891 754 4934 terrena
806 4877 1102 4934 Jerusalem
1159 4878 1226 4932 ad
1255 4877 1626 4932 ulciscendum
1663 4876 1730 4930 de

169 4976 403 5029 inimico.
428 4972 588 5038 Quod
615 4980 668 5023 et
703 4969 867 5024 faciet
891 4970 944 5022 in
979 4979 1221 5037 tempore
1239 4967 1390 5034 regni
1415 4968 1496 5020 sui
1519 4979 1533 5018 :
1556 4976 1732 5019 trans-

169 5067 297 5120 feret
329 5078 554 5133 regnum
588 5061 640 5114 in
679 5076 795 5114 eam
837 5069 890 5116 et
934 5061 986 5114 in
1015 5062 1214 5128 templo
1243 5060 1335 5113 Dei
1367 5059 1542 5124 sedet,
1569 5059 1729 5112 sedu-

168 5173 292 5213 cens
319 5171 415 5211 eos
441 5154 535 5223 qui
570 5157 795 5207 adorant
817 5167 964 5218 eum,
993 5152 1149 5222 quasi
1179 5153 1295 5219 ipse
1317 5152 1390 5205 sit
1413 5150 1720 5206 Christus.»

171 5252 504 5318 Hieronymo
539 5257 695 5312 teste,
736 5245 1020 5300 hlilienarii
1063 5245 1277 5300 Judinos
1323 5245 1722 5299 Antichristum

169 5352 496 5403 secuturos,
528 5355 593 5394 ac
637 5349 826 5408 postea
862 5338 1012 5392 illum
1056 5338 1353 5392 relicturos
1385 5337 1720 5392 sentiebant.

169 5432 290 5489 [liud
329 5434 480 5487 enim
505 5431 667 5495 Osee,
691 5432 940 5485 seducam
961 5447 1099 5494 eam,
1124 5445 1191 5485 ex
1221 5444 1341 5499 cap.
1373 5445 1436 5492 ll,
1467 5431 1556 5494 14,
1587 5429 1726 5484 reie-

172 5530 350 5581 rtbaut
375 5527 447 5578 ad
475 5524 791 5579 Antichristi
819 5533 1044 5591 tempus,
1072 5533 1128 5575 ut
1159 5524 1247 5593 qui
1281 5521 1480 5576 Christi
1510 5539 1615 5576 non
1644 5538 1728 5576 re-

169 5618 386 5681 ceperint
448 5615 748 5678 ueritatem,
793 5615 939 5666 illius
990 5615 1245 5681 recipiant
1295 5615 1647 5680 mendacium,
1678 5623 1727 5668 et

171 5723 334 5772 natea
366 5707 579 5763 Christo
608 5708 909 5760 adueniente
929 5707 1214 5760 solventur.

228 5857 267 5887 '°
291 5854 449 5912 Joan.
487 5872 540 5922 γ,
571 5856 660 5911 45.
742 5857 784 5888 ³³
810 5854 938 5911 Luc.
971 5870 1127 5924 xt‘ttt,
1151 5856 1197 5909 2.
1289 5853 1489 5910 "Psal.
1511 5870 1620 5921 εις,
1657 5855 1707 5910 ι.

1839 4696 2016 4751 lianus
2052 4695 2118 4748 ad
2145 4695 2289 4748 hunc
2317 4693 2492 4747 locum
2531 4692 2725 4746 citatus
2755 4690 2867 4743 haec
2902 4691 2969 4743 de
3006 4686 3244 4741 Judaicm
3273 4700 3399 4755 gen-

1839 4789 1909 4842 tis
1959 4787 2140 4840 l'utura
2181 4785 2534 4840 conversione
2570 4781 2854 4836 intellexit.

1909 4877 2033 4932 llaec
2074 4875 2386 4931 confirmari
2423 4885 2646 4943 possunt
2675 4874 2782 4928 alio
2803 4888 2864 4927 ex
2894 4871 3036 4935 loco,
3065 4869 3154 4923 ubi
3177 4867 3397 4940 Trypho

1842 4969 1950 5034 his,
1987 4985 2108 5039 quae
2142 4984 2207 5023 ex
2234 4967 2446 5021 Justiuo
2481 4966 2729 5020 audierat
2759 4962 2824 5017 de
2856 4977 2994 5016 nova
3028 4960 3271 5015 terrestri
3301 4956 3394 5010 Je-

1837 5061 2070 5116 rusalem
2115 5062 2309 5115 mirum
2363 5060 2414 5113 in
2475 5058 2691 5113 modum
2739 5057 3060 5118 delectatus,
3102 5051 3395 5120 quaeritan

1833 5166 1959 5206 vere
1988 5161 2042 5205 et
2065 5166 2132 5204 ex
2169 5151 2348 5203 animo
2378 5147 2622 5204 Justinus
2654 5149 2723 5200 ita
2770 5146 2982 5199 locutus
3024 5141 3187 5198 fuerit
3217 5157 3231 5195 :
3261 5139 3398 5194 Εἰπὲ

1830 5243 1888 5298 δέ
1938 5258 2066 5313 μοι’
2111 5241 2324 5312 ἀληθῶς
2369 5243 2523 5313 ὑμεῖς
2568 5237 3043 5308 ἀνοικοῶμηθῆναι
3097 5233 3186 5286 τὸν
3237 5234 3396 5286 τόπον

1839 5336 2006 5409 Ἰερου
2015 5338 2191 5410 σαλὴμ
2209 5337 2392 5391 τῡῦτον
2407 5337 2734 5408 ὁμολογεῖτε,
2754 5335 2846 5390 καὶ
2866 5329 3286 5402 συναχθήσεσθαι
3304 5326 3401 5379 τὸν

1830 5429 1958 5484 λαὸν
2007 5429 2158 5502 ὑμῶν
2190 5431 2285 5484 σὺν
2313 5429 2389 5498 τῷ
2409 5428 2625 5498 Χριστῴ
2649 5427 2764 5496 ἅμα.
2789 5429 2896 5488 τοῖς
2921 5422 3279 5493 πατριάρχαις
3302 5418 3396 5471 καὶ

1825 5525 1938 5586 τοῖς
1961 5523 2285 5594 προφήταις,
2312 5522 2404 5576 καὶ
2428 5524 2538 5584 τοῖς
2569 5519 2675 5572 ἀπὸ
2703 5519 2794 5572 τοῦ
2826 5517 3091 5588 ἡμετέρου
3127 5513 3334 5581 γένους,
3358 5508 3393 5579 ἢ

1829 5615 1921 5668 κα)⁵
1951 5615 2058 5668 τῶν
2097 5614 2448 5686 προσηλύτων
2501 5613 2802 5683 γενομένων
2846 5610 2975 5682 πρὶν
3022 5608 3193 5660 ἐλθεῖν
3241 5603 3395 5675 ὑμῶν

1829 5706 1918 5760 τὸν
1969 5709 2198 5778 Χριστὸν
2239 5708 2600 5778 προσδοκᾶτε,
2644 5705 2676 5775 ἢ
2729 5705 2815 5759 ἵνα
2854 5702 3008 5776 δόξῃς
3050 5697 3393 5770 περικρατεῖν
