4120 6408
799 410 870 465 95
1598 348 1607 351 ﬁ
1733 407 1791 462 S’.
1824 403 2155 461 JUSTINUS
2186 396 2663 457 PHILOSOPHUS
2698 395 2785 453 ET
2818 396 3127 453 MARTYR.
3932 415 3999 473 95

798 528 953 600 ἡμῶν
998 528 1054 580 ὲν
1094 530 1211 591 ταῖς
1263 526 1548 597 ζητήσεσι,
1582 527 1714 599 πρὸς
1761 528 1821 581 τὸ
1858 528 2028 582 ταῦτα
2072 529 2322 598 ὁμολογεῖ

2420 576 2422 584 λ
2449 530 2502 574 et
2533 536 2720 574 omnes
2751 535 2969 589 prorsus
3001 518 3333 589 principatus
3362 525 3413 572 et
3441 524 3735 587 potestates
3769 524 3946 574 terra.
3970 534 3997 575 υ

797 617 1114 690 ἐχώρησας;
1152 636 1171 668 t
1232 616 1336 671 Sed
1388 632 1483 686 age
1526 618 1612 670 dic
1647 619 1772 671 mibi
1824 617 2011 674 :Vere
2061 619 2203 672 hunc
2254 633 2347 672 vos

795 704 1254 778 Jerosolymorum
1291 707 1463 762 locum
1499 707 1853 760 instauratum
1880 709 1943 760 iri
1975 708 2249 774 fatemini;
2284 725 2347 765 ac

797 796 1053 865 populum
1078 809 1314 851 vestrum
1349 808 1732 869 congregatum
1760 799 1860 863 iri,
1888 809 1942 852 et
1976 815 2096 853 cum
2130 800 2346 856 Christo

798 887 958 944 beate
991 888 1261 942 victurum
1295 890 1624 957 exspectatis
1652 906 1755 943 una
1788 905 1907 943 cum
1937 892 2264 959 patriarchis
2292 902 2346 947 et

794 980 1093 1049 prophetis,
1121 995 1182 1034 ac
1210 981 1515 1035 hominibus
1535 982 1703 1034 nostri
1731 984 1963 1051 generis,
1991 993 2084 1036 aut
2108 986 2220 1054 qui,
2245 1001 2341 1037 an-

795 1080 1007 1137 tequam
1038 1068 1285 1123 Christus
1317 1080 1493 1124 vester
1520 1071 1794 1134 adveniat,
1826 1074 2073 1127 conversi
2106 1074 2337 1142 fuerint;

792 1176 860 1215 an
894 1171 949 1215 ut
980 1177 1075 1215 nos
1108 1161 1344 1214 videaris
1395 1162 1605 1215 abunde
1656 1162 1708 1214 in
1756 1166 2145 1217 controversiis
2178 1180 2338 1235 supe-

791 1266 936 1316 rare,
974 1267 1039 1305 eo
1062 1251 1348 1320 confugisti
1379 1262 1435 1305 ut
1467 1253 1577 1306 hare
1618 1250 1906 1306 fatereris?
1941 1271 1960 1303 θ
1992 1252 2337 1310 Credideram

786 1340 901 1396 hac
936 1343 1118 1407 verba,
1148 1341 1275 1410 πρὶν
1308 1340 1477 1393 ἐλθεῖν
1500 1341 1651 1411 ὑμῶν
1680 1340 1770 1393 τὸν
1791 1339 2041 1412 Χριστόν,
2075 1344 2139 1395 de
2168 1345 2336 1410 primo

784 1431 1014 1485 adventu
1052 1432 1195 1485 dicta
1225 1446 1364 1494 esse,
1395 1446 1457 1485 ac
1487 1430 1713 1498 proinde
1738 1445 1857 1497 qua:
1883 1432 2217 1499 praecedunt,
2256 1433 2334 1485 in-

786 1521 1071 1589 telligenda
1107 1522 1174 1576 de
1198 1521 1398 1575 Judais
1428 1537 1724 1591 eorumque
1754 1521 2063 1592 proselytis,
2103 1524 2192 1589 qui
2232 1523 2336 1579 llde

782 1622 915 1665 ante
940 1612 1372 1667 lncarnationetn
1402 1613 1535 1665 salvi
1580 1613 1705 1667 facti
1750 1625 1904 1678 sunt;
1936 1614 2031 1667 sed
2072 1630 2129 1668 re
2163 1628 2331 1669 accu-

784 1706 955 1759 ratius
984 1706 1351 1769 considerata,
1386 1705 1724 1775 Tryphonem
1770 1706 2004 1758 locutum
2042 1720 2165 1760 esse
2206 1716 2331 1775 puto

783 1799 845 1850 de
878 1797 1113 1849 secundo
1142 1796 1372 1849 adventu
1403 1811 1467 1849 ac
1492 1797 1557 1849 de
1599 1795 1819 1847 Judaica
1866 1808 2023 1865 gente
2065 1797 2131 1850 ad
2170 1796 2327 1852 Chri-

2448 610 2550 673 Et,
2583 625 2731 662 num.
2768 610 2860 663 ηε
2895 626 2908 661 :
2941 629 2959 660 ι
2992 609 3048 678 lp
3083 610 3097 663 i
3142 610 3303 662 etiam
3341 610 3608 663 daemones
3648 608 3765 675 ejus
3792 610 3997 665 nomini

2447 700 2825 765 subjiciuntur,
2852 715 2916 753 ac
2947 701 3278 767 principatus
3305 713 3493 753 omnes
3519 707 3571 752 et
3602 713 3764 767 regna
3797 715 3996 755 nomen

2444 791 2561 861 ejus
2606 805 2768 859 supra
2816 806 3007 844 omnes
3060 788 3343 845 defunctos
3402 788 3777 843 reformidant.
3824 808 3843 842 ι
3896 790 3995 855 Et,

2446 899 2502 935 n.
2536 882 2592 935 ll
2626 896 2641 933 :
2676 898 2695 932 ι
2736 880 2831 935 Est
2858 880 3002 933 enim
3034 890 3087 935 et
3135 888 3250 934 erat
3292 889 3347 934 et
3375 880 3478 934 crit
3510 882 3668 933 unius
3718 896 3783 934 ac
3829 879 4001 938 solius

2443 971 2544 1025 ista
2572 972 2675 1034 vis,
2709 972 2863 1039 cujus
2898 974 2981 1027 vel
3021 988 3212 1026 nomen
3243 971 3579 1043 principatus
3609 974 3786 1027 omnis
3815 972 3995 1027 refor—

2444 1065 2633 1126 midat,
2666 1065 2951 1118 tabescens
2985 1065 3123 1135 quod
3173 1079 3269 1131 per
3310 1063 3455 1117 illum
3486 1067 3808 1119 evertendus
3840 1065 3927 1119 sit.
3970 1082 3990 1115 ι

2442 1154 2563 1209 Vid.
2596 1172 2650 1209 n.
2686 1154 2807 1209 151.

2511 1246 2639 1301 Illud
2669 1256 2850 1300 autem
2881 1246 3111 1301 maxime
3153 1247 3546 1301 observandum
3587 1259 3667 1301 est
3695 1244 3991 1313 Justinum,

2438 1341 2536 1393 etsi
2584 1338 2726 1393 mille
2757 1353 2926 1392 annos
2960 1340 3252 1407 interponit
3296 1339 3437 1393 inter
3466 1339 3755 1393 secundum
3782 1338 3995 1395 Christi

2437 1432 2747 1492 adventum,
2788 1442 2841 1483 et
2873 1441 3173 1484 extremum
3199 1429 3484 1499 judicium,
3526 1431 3601 1484 sic
3627 1440 3802 1484 tamen
3840 1430 3990 1498 loqui

2436 1519 2615 1573 solere
2647 1521 2802 1589 quasi
2841 1520 2972 1573 nihil
3022 1520 3285 1574 intervalli
3334 1522 3473 1575 inter
3505 1530 3791 1590 utrumque
3821 1538 3993 1577 even-

2434 1619 2547 1663 tum
2594 1610 2912 1664 intercedat.
2945 1610 3169 1672 Jtidmis,
3220 1626 3273 1664 n.
3318 1610 3407 1674 55,
3452 1612 3677 1665 salutem
3722 1622 3989 1667 aeternam

2432 1701 2781 1756 credentibus
2809 1702 3077 1770 promittit
3112 1703 3167 1755 in
3210 1703 3433 1755 secundo
3473 1702 3715 1766 adventu,
3744 1704 3832 1771 qui
3863 1702 3986 1772 glo-

2432 1792 2602 1843 riosus
2633 1790 2843 1857 futurus
2876 1798 2983 1855 est;
3016 1806 3120 1844 non
3148 1792 3487 1845 credentibus
3512 1802 3769 1846 aeternum
3802 1793 3989 1862 ignem

782 1898 951 1950 stmn,
984 1886 1112 1939 Elia:
1146 1886 1470 1947 ministerio,
1514 1887 1901 1949 convertenda,
1934 1896 1987 1941 et
2027 1887 2093 1941 iis
2122 1888 2215 1956 qui
2270 1903 2322 1943 se

2434 1856 2687 1929 minatur.
2718 1876 2808 1931 Sic
2833 1878 3021 1939 etiam,
3053 1892 3107 1929 u.
3135 1877 3230 1939 J5,
3255 1878 3495 1932 futurum
3522 1879 3623 1943 ait,
3663 1890 3723 1932 ut
3755 1856 3897 1933 mors
3927 1881 3993 1935 in

779 1993 843 2031 ex
879 1977 965 2030 illa
1016 1987 1174 2047 gent-.2
1216 1988 1343 2031 ante
1385 1976 1683 2046 generalem
1733 1976 1877 2029 illam
1921 1978 2330 2034 conversionem

776 2069 1101 2124 Christianis
1128 2068 1503 2136 adjunxerant,
1528 2076 1620 2120 aut
1646 2066 1952 2135 adjuncturi
1976 2079 2153 2122 erant.
2179 2070 2329 2135 Quod

776 2160 917 2212 enim
968 2168 1314 2212 concesserat
1364 2156 1627 2221 Justinus,
1686 2159 1738 2211 id
1794 2158 2137 2229 Tryphonem
2184 2170 2329 2215 tanta

775 2243 958 2297 la'titia
1013 2242 1267 2312 perfudit,
1319 2254 1377 2297 ut
1430 2245 1521 2297 vix
1569 2244 1697 2299 illud
1746 2248 1977 2301 credat:
2026 2249 2330 2317 suspicatur

772 2330 1042 2388 Justinum
1099 2336 1167 2387 ita
1214 2336 1390 2402 egisse
1444 2336 1636 2389 ﬁducia
1685 2336 1880 2391 virium
1930 2353 2173 2404 suarum,
2222 2356 2326 2394 non

772 2423 917 2490 quod
954 2436 1080 2475 vere
1108 2432 1161 2477 et
1189 2438 1255 2477 ex
1289 2425 1473 2479 animo
1504 2427 1576 2479 ita
1617 2428 1864 2481 sentiret.
1911 2429 1980 2481 At
2010 2430 2252 2498 profecto
2279 2432 2324 2487 si

773 2512 878 2566 hoc
924 2521 1130 2565 tantum
1182 2516 1539 2570 concessisset
1589 2515 1871 2583 Justinus,
1934 2517 2323 2590 Jerosolymam

770 2600 987 2669 quidem
1039 2603 1395 2657 instauratum
1439 2606 1529 2668 iri,
1578 2618 1633 2659 at
1678 2606 1889 2661 Judaeos
1942 2609 1997 2662 in
2050 2624 2169 2663 eam
2217 2626 2322 2665 non

770 2690 1133 2759 ingressuros,
1174 2693 1268 2746 sed
1297 2709 1418 2748 cum
1444 2694 1778 2749 Antichristo
1822 2697 1872 2748 in
1906 2711 2173 2750 summum
2208 2699 2324 2752 exi-

771 2781 903 2835 tium
935 2792 1220 2850 venturos;
1273 2785 1538 2853 ejusmodi
1584 2790 1767 2854 Opinio
1819 2789 2046 2845 delinire
2070 2790 2320 2861 Trypho-

770 2891 891 2929 nem
925 2890 1031 2929 non
1062 2876 1264 2941 debuit,
1295 2880 1388 2933 sed
1420 2880 1598 2947 potius
1634 2881 1714 2933 ira
1741 2892 1796 2934 et
1825 2880 1979 2936 furiis
2009 2881 2317 2939 incendere.

770 2966 875 3021 Sed
906 2984 1027 3020 cum
1056 2967 1223 3024 Judaei
1258 2981 1541 3039 sperarent
1588 2986 1647 3025 se
1681 2972 1982 3026 Jerusalem
2034 2989 2100 3028 ex
2145 2976 2320 3044 capti-

767 3059 962 3121 vitate,
994 3059 1046 3111 in
1079 3075 1238 3127 quam
1286 3062 1609 3125 inciderant,
1651 3072 1962 3117 revocatum
2012 3065 2102 3128 iri,
2135 3067 2319 3136 ibique

767 3160 888 3201 cum
913 3161 976 3201 eo
1018 3162 1174 3215 quem
1224 3150 1327 3202 sibi
1361 3149 1630 3219 fingebant
1657 3150 1871 3205 Christo
1892 3193 1905 3215 ,
1930 3154 2178 3207 omnibus
2213 3156 2314 3207 im-
2341 3180 2384 3237 ο

766 3246 1049 3306 peraturos
1090 3241 1375 3307 gentibus;
1430 3258 1535 3295 non
1582 3245 1753 3311 potuit
1795 3245 2064 3314 Tryphoni
2105 3257 2311 3317 gratum

768 3344 875 3380 non
910 3331 1153 3383 accidere
1185 3331 1442 3397 quidquid
1482 3332 1545 3383 ad
1581 3333 1718 3387 hanc
1747 3336 2069 3389 sententiam
2098 3350 2316 3390 accom—

764 3418 1249 3474 modate-Justinus
1292 3430 1347 3473 et
1387 3421 1476 3474 alii
1508 3421 1793 3477 Millenarii
1839 3425 1904 3477 de
1931 3423 2131 3480 Judaeis
2159 3426 2313 3481 Jero-

765 3508 1026 3577 solymam
1059 3511 1381 3564 revocandis
1416 3512 1619 3581 opinati
1651 3524 1795 3567 sunt.
1838 3515 2037 3570 Deinde
2070 3533 2197 3572 vero
2226 3535 2314 3573 re-

765 3598 924 3665 spicit
960 3597 1176 3667 Trypho
1219 3600 1285 3652 ad
1329 3615 1390 3652 ea
1419 3615 1538 3669 quas
1581 3600 1826 3656 Justinus
1871 3605 2100 3664 dixerat.
2132 3624 2185 3660 n.
2220 3608 2311 3673 28,

763 3704 886 3743 cum
910 3689 986 3742 sic
1007 3687 1220 3743 Judmos
1247 3691 1649 3747 adhortaretur.
1686 3712 1705 3743 ι
1747 3692 1823 3748 Ne
1858 3696 2137 3761 dill‘eratis,
2182 3713 2313 3754 neve

765 3780 1024 3834 dubitetis
1092 3782 1255 3841 mibi,
1321 3783 2009 3851 homini‘incircnmciso,
2070 3790 2308 3845 credere.

764 3871 934 3925 Breve
962 3872 1101 3925 enim
1142 3874 1243 3927 hoc
1272 3876 1421 3929 vobis
1455 3878 1777 3944 relinquitur
1799 3880 1864 3933 ad
1896 3895 1997 3934 nos
2025 3883 2309 3935 accedendi

766 3971 998 4031 tempus.
1051 3963 1107 4016 Si
1165 3965 1410 4018 Christus
1452 3969 1637 4021 venire
1690 3969 2067 4037 occupaverit,
2108 3970 2309 4026 frustra

764 4069 861 4109 vos
911 4056 1215 4121 ptenitebit,
1256 4054 1456 4108 frustra
1507 4057 2019 4128 plorabitis;neque
2040 4063 2182 4115 enim
2216 4079 2313 4119 vos

764 4148 1036 4202 exaudiet.
1072 4166 1090 4197 ι
1138 4146 1259 4201 Haec
1309 4149 1359 4201 in
1410 4156 1665 4201 memoria
1717 4150 1918 4205 habens
1970 4152 2205 4222 Trypho.
2237 4155 2309 4209 ita

762 4251 823 4290 se
871 4239 937 4290 ad
980 4236 1177 4291 Justini
1230 4240 1430 4292 monita
1478 4241 1871 4307 accommodat,
1923 4252 1982 4297 ut
2017 4260 2080 4298 ex
2112 4244 2310 4299 Judaais

761 4339 887 4382 ante
931 4328 1107 4397 gentis
1155 4328 1562 4382 conversionem
1614 4334 1841 4386 mortuis
1888 4344 1980 4386 aut
2030 4336 2309 4389 morituris

762 4418 965 4471 nullum
1018 4420 1069 4470 in
1125 4434 1312 4472 novam
1366 4417 1659 4475 Jerusalem
1714 4424 1998 4487 admittat,
2055 4425 2157 4477 nisi
2217 4427 2305 4493 qui

2430 1970 2655 2021 secundo
2690 1968 2852 2033 ipsius
2888 1966 3083 2021 Christi
3128 1969 3352 2021 adventu
3384 1970 3448 2021 ab
3495 1970 3597 2031 his,
3640 1972 3731 2041 qui
3776 1972 3828 2023 in
3864 1987 3992 2025 estus

2430 2054 2647 2107 credant
2673 2062 2723 2106 et
2759 2057 2833 2107 ita
2865 2057 3039 2108 vivunt
3071 2066 3125 2107 ut
3156 2057 3255 2125 ipsi
3285 2056 3548 2123 placeant,
3577 2060 3781 2125 penitus
3809 2058 3990 2127 faces-

2428 2155 2532 2207 sat,
2564 2162 2655 2198 nec
2670 2146 2785 2213 jam
2816 2146 3038 2213 antplius
3063 2145 3171 2198 ulla
3201 2148 3303 2211 sit,
3333 2164 3453 2199 cum
3499 2148 3592 2200 alii
3629 2150 3684 2201 in
3717 2148 3989 2217 judicium

2428 2248 2476 2291 et
2510 2240 2992 2291 condemnationem
3024 2239 3156 2305 ignis
3192 2249 3436 2304 perpetuo
3471 2240 3743 2292 cruciandi
3769 2241 3991 2293 mitten-

2427 2336 2533 2391 tur,
2561 2327 2652 2381 alii
2685 2346 2797 2382 vero
2829 2330 3191 2396 perpessionis,
3219 2338 3269 2382 et
3291 2333 3665 2397 corruptionis,
3697 2342 3743 2385 et
3779 2332 3984 2386 doloris

2426 2431 2687 2487 expertem
2708 2428 2903 2472 statum
2927 2429 3082 2489 atque
3108 2421 3551 2475 immortalitatem
3578 2432 3986 2492 consequentur.

2425 2507 2563 2564 Hinc
2591 2525 2731 2579 sape
2767 2508 3100 2572 Judaaorum,
3129 2512 3221 2580 qui
3263 2511 3535 2566 Christum
3572 2514 3985 2579 crucifixerunt,

2427 2614 2603 2657 seram
2637 2606 2691 2655 in
2722 2605 2961 2657 secundo
2993 2605 3221 2657 adventu
3269 2605 3638 2671 penitentiam
3671 2615 3725 2658 et
3756 2606 3986 2662 inutiles

2421 2693 2665 2761 planctus
2698 2703 3104 2748 commemorat.
3146 2693 3287 2762 Agit,
3319 2711 3371 2748 n.
3420 2695 3482 2748 14
3503 2736 3517 2759 ,
3551 2696 3617 2750 de
3653 2697 3849 2764 duplici
3886 2701 3991 2751 ad-

2421 2795 2611 2847 ventu,
2642 2800 2870 2853 quorum
2921 2785 2972 2837 iu
3010 2784 3183 2839 altero
3224 2785 3476 2856 plangent
3524 2784 3689 2841 Judmi
3747 2789 3985 2844 iuterl‘co

2419 2885 2599 2930 ctores
2636 2875 2861 2928 l‘bristi.
2897 2876 2981 2938 Et,
3012 2892 3063 2928 n.
3113 2876 3182 2929 32
3205 2917 3217 2938 ,
3256 2891 3520 2932 revocans
3573 2878 3627 2931 in
3662 2881 3983 2937 memoriam

2419 2978 2482 3017 ea
2510 2980 2652 3032 quae.
2685 2980 2738 3018 η.
2777 2964 2863 3027 lt,
2898 2965 3131 3026 dixerat,
3164 2966 3244 3019 sic
3277 2966 3512 3033 loquitur
3539 2984 3552 3019 :
3584 2986 3604 3020 ι
3649 2967 3707 3023 Si
3741 2985 3844 3023 non
3875 2985 3981 3024 ex-

2420 3054 2717 3120 posuissem
2765 3053 3033 3122 duplicem
3087 3056 3229 3109 illins
3281 3060 3591 3123 adventum,
3643 3058 3872 3113 alterum
3921 3060 3979 3115 in

2418 3156 2525 3210 quo
2553 3145 2853 3211 aguoscetis
2882 3145 2933 3197 in
2967 3161 3125 3212 quem
3157 3148 3474 3216 pupugistis,
3505 3158 3558 3202 et
3589 3150 3844 3218 plangent
3880 3151 3983 3205 tri-

2417 3234 2516 3288 bus
2540 3244 2753 3300 vestrae,
2787 3238 2955 3292 tribus
2993 3240 3057 3291 ad
3091 3240 3289 3293 tribuni
3317 3281 3330 3303 ,
3359 3241 3613 3295 mulieres
3646 3257 3889 3296 seorsum
3919 3254 3980 3299 et

2416 3326 2515 3377 viri
2546 3342 2824 3390 seorsum;
2860 3330 3092 3385 obscura
3124 3342 3177 3384 et
3202 3332 3403 3387 incerta
3450 3334 3630 3387 dicere
3668 3336 3903 3389 viderer.
3947 3354 3971 3387 ι

2415 3416 2690 3472 Planctnm
2736 3419 2981 3475 Justinus
3025 3440 3127 3477 non
3177 3440 3295 3478 eum
3331 3425 3601 3494 intelligit,
3625 3441 3783 3495 quem
3808 3431 3978 3481 edent

2413 3507 2579 3563 Judaei
2642 3512 2705 3564 ad
2757 3512 3028 3566 Christum
3088 3519 3425 3577 accedentes,
3458 3518 3549 3570 sed
3592 3517 3881 3585 ploratum,
3917 3528 3978 3573 et

2414 3599 2666 3669 ejulatus,
2700 3618 2834 3671 quos
2862 3605 3161 3669 Christum,
3187 3608 3231 3658 si
3261 3609 3433 3661 venire
3455 3612 3775 3677 ocupaverit,
3800 3624 3978 3663 exau-

2414 3695 2648 3746 diturum
2682 3707 2861 3763 negat,
2895 3712 2946 3749 η.
2974 3696 3065 3750 28.
3095 3698 3352 3751 llortatur
3392 3696 3628 3762 Judaros,
3665 3718 3719 3754 n.
3750 3702 3871 3765 HS,
3907 3712 3972 3757 ut

2412 3788 2785 3855 pmnitentiam
2834 3801 3023 3857 agant,
3075 3801 3350 3859 antequam
3407 3793 3575 3845 veniat
3616 3808 3835 3861 magnus
3874 3795 3974 3849 ille

2404 3878 2596 3945 judicii
2643 3879 2774 3939 dies,
2828 3880 2881 3932 in
2913 3896 3013 3948 quo
3059 3880 3307 3948 plangent
3335 3884 3627 3952 quicunque
3654 3899 3717 3937 ea:
3751 3884 3969 3939 illorum

2412 3968 2647 4019 tribubus
2677 3968 2943 4021 Christum
2967 3982 3316 4037 pupugerunt.

2484 4056 2519 4103 \'
2538 4058 2702 4109 detur
2728 4055 2972 4111 Justinus
3002 4060 3476 4126 idcircojudicium
3507 4071 3806 4116 extremum
3837 4079 3965 4120 cum

2411 4150 2647 4202 secundo
2696 4150 2926 4202 adventu
2976 4150 3323 4220 conjungere,
3377 4154 3623 4220 quamvis
3674 4166 3965 4223 utrumque

2410 4251 2710 4309 separaret,
2737 4243 2883 4309 quia,
2913 4252 3199 4310 antequam
3230 4243 3368 4296 hanc
3400 4245 3465 4297 de
3497 4260 3659 4313 regno
3690 4247 3836 4299 mille
3859 4264 3965 4301 an-

2412 4347 2601 4385 norum
2648 4334 2947 4386 doctrinam
2997 4334 3314 4403 adoptaret,
3345 4336 3417 4388 ita
3448 4336 3591 4404 loqui
3620 4350 3963 4400 assueverat,

2410 4440 2507 4478 nec
2557 4440 2681 4478 eum
2734 4440 2865 4477 nova
2920 4425 3104 4492 opinio
3154 4443 3181 4478 a
3226 4429 3615 4483 consuetudine
3658 4435 3967 4487 communis

760 4509 975 4564 Christo
1004 4526 1195 4563 nomen
1221 4512 1447 4565 dederit.
1476 4514 1653 4578 Quare
1679 4515 1795 4582 ejus
1820 4516 1999 4576 verba.
2029 4516 2060 4585 ἦ
2086 4516 2175 4568 καὶ
2203 4516 2306 4569 τῶν
2338 4508 2383 4562 Ι)
2412 4518 2674 4569 sermonis
2723 4519 3009 4570 abstraxit.
3041 4516 3157 4569 Non
3204 4533 3347 4571 enim
3397 4520 3690 4575 verisimile
3719 4533 3802 4576 est
3831 4538 3964 4576 eum

761 4599 1109 4669 προσηλύτων
1139 4601 1460 4669 γενομένων,
1494 4619 1594 4655 non
1627 4605 1691 4656 de
1724 4603 2027 4657 Judasorum
2068 4616 2191 4657 ante
2225 4607 2309 4657 ln-

760 4691 1129 4743 carnationem
1181 4691 1468 4761 proselytis
1524 4694 1858 4761 accipienda,
1914 4695 2007 4747 sed
2057 4696 2121 4748 de
2178 4697 2308 4763 ipsis

758 4782 960 4835 Judzcis
992 4782 1427 4836 Christianorum
1463 4785 1618 4837 factis
1645 4786 1929 4853 pruselylis
1962 4799 2084 4840 ante
2115 4803 2307 4841 secun-

758 4872 884 4925 dum
913 4874 1202 4927 adventum
1232 4883 1396 4941 atque
1435 4876 1575 4928 illam
1606 4876 1783 4944 populi
1811 4876 2016 4929 Judaici
2046 4880 2146 4933 sub
2178 4878 2307 4933 Eiiaa

759 4964 1061 5020 ministerio
1096 4966 1529 5019 conversionem.

829 5052 919 5107 IV.
957 5054 1025 5109 Ut
1049 5055 1114 5108 de
1140 5056 1462 5109 Antichristi
1498 5055 1654 5111 bellis
1681 5068 1731 5111 et
1776 5059 2036 5122 victoriis,
2066 5060 2134 5113 ita
2164 5073 2217 5115 et
2240 5063 2305 5117 de

756 5146 955 5215 poenis,
985 5162 1117 5214 quas
1143 5149 1392 5204 Christus
1422 5150 1655 5217 gloriose
1691 5164 1721 5201 e
1750 5151 1888 5204 coelo
1912 5153 2203 5207 adveniens
2239 5154 2304 5206 ab

754 5239 1091 5293 Antichristo
1117 5250 1171 5291 et
1200 5254 1227 5291 a
1277 5242 1495 5310 regibus
1540 5258 1661 5295 cum
1708 5244 2041 5297 Anticliristo
2081 5244 2304 5310 conjun-

756 5330 858 5383 ctis
889 5330 1214 5399 repetiturus
1248 5343 1385 5396 erat,
1423 5349 1527 5386 non
1566 5334 1730 5386 multa
1765 5336 2022 5389 habemus
2044 5338 2183 5399 apud
2209 5336 2304 5390 Ju-

755 5417 980 5471 stinum.
1014 5416 1115 5472 Vix
1149 5430 1324 5473 tamen
1370 5422 1592 5476 dubium
1634 5426 1766 5490 quin
1814 5440 1875 5478 ea
1918 5428 2152 5479 senserit
2184 5443 2304 5494 qua:

753 5507 992 5563 lrenaeus
1044 5521 1099 5563 et
1152 5510 1462 5566 Lactantius
1508 5513 1594 5567 bis
1637 5516 1703 5568 de
1750 5516 1902 5570 bellis
1950 5530 2003 5571 et
2056 5519 2303 5574 victoriis

756 5598 1092 5663 scripserunt
1124 5616 1136 5650 :
1170 5600 1245 5653 ait
1291 5601 1431 5653 enim
1455 5641 1468 5663 ,
1508 5617 1562 5654 n.
1613 5602 1711 5666 39,
1745 5602 1857 5655 fore
1884 5611 1944 5655 ut
1968 5604 2218 5657 Christus
2249 5606 2299 5657 iu

760 5686 999 5754 glorioso
1040 5688 1270 5741 adventu
1312 5691 1528 5746 excidat
1561 5706 1749 5743 omnes
1794 5692 2057 5746 inimicos.
2098 5713 2115 5745 ι
2145 5696 2301 5748 ΕΙπὶο

756 5784 900 5830 stum
935 5776 1254 5832 cruciﬁxum
1277 5820 1289 5844 ,
1320 5780 1525 5847 inquit,
1556 5794 1608 5833 n.
1652 5778 1741 5847 49,
1776 5788 2008 5834 tremunt
2040 5782 2297 5837 daemonia

2407 4607 2513 4657 duo
2552 4606 2835 4658 admisisse
2871 4606 3099 4672 judicia,
3148 4608 3332 4659 itidem
3374 4619 3430 4660 ttt
3464 4609 3827 4671 Lactantiunt,
3862 4612 3965 4669 lib.

2408 4715 2504 4761 vn,
2533 4714 2583 4752 c.
2613 4698 2702 4762 20,
2730 4700 2957 4766 primum
3001 4700 3053 4752 iii
3086 4702 3201 4768 ipso
3237 4701 3435 4755 Christi
3470 4703 3723 4765 adventu,
3758 4705 3807 4756 in
3848 4720 3965 4771 quo

2399 4791 2779 4858 judicabunmr
2822 4791 2861 4841 ii
2900 4801 3123 4855 tantum,
3170 4794 3257 4860 qui
3302 4806 3420 4846 sunt
3473 4796 3526 4846 in
3572 4795 3666 4847 Dei
3708 4796 3964 4864 religione

2404 4881 2611 4943 versati,
2641 4880 2868 4932 alterum
2903 4890 3022 4949 post
3063 4882 3207 4937 mille
3239 4898 3430 4939 annos.

2485 4970 2642 5024 Valde
2678 4973 2864 5025 dubito
2893 4988 2960 5025 an
2994 4974 3096 5028 hac
3132 4976 3280 5041 regni
3333 4979 3532 5031 terreni
3566 4979 3817 5045 opinione
3851 4980 3961 5033 im-

2404 5061 2563 5114 butus
2597 5062 2757 5115 fuerit
2782 5062 3045 5127 Justinus,
3076 5082 3197 5119 cum
3224 5068 3451 5133 primam
3476 5071 3783 5137 Apologimn
3816 5074 3953 5125 scri-

2404 5151 2525 5217 psit.
2556 5149 2608 5203 ln
2634 5152 2735 5204 hac
2757 5154 2900 5206 enim
2929 5155 3135 5207 nullum
3165 5155 3318 5222 hujus
3344 5161 3631 5212 commenti
3660 5163 3954 5230 vestigium

2405 5243 2637 5309 reperio,
2667 5244 2916 5311 quamvis
2944 5246 3121 5299 multa;
3150 5247 3467 5302 occasiones
3497 5262 3851 5304 occurrerent
3883 5255 3957 5309 de

2403 5333 2487 5386 his
2520 5333 2678 5385 rebus
2719 5334 3047 5399 disserendi,
3086 5338 3352 5406 prmcipue
3395 5354 3521 5392 vero
3551 5340 3615 5393 de
3664 5342 3805 5394 tristi
3846 5343 3960 5397 Ro-

2403 5426 2546 5478 mani
2592 5424 2799 5493 imperii
2830 5426 2995 5486 exitu,
3034 5443 3101 5480 ex
3132 5443 3239 5495 quo
3291 5438 3468 5481 terror
3516 5431 3679 5484 incuti
3739 5445 3958 5500 poterat

2402 5516 2856 5583 persecutoribus.
2914 5516 3094 5585 Neque
3143 5520 3187 5571 is
3234 5530 3349 5571 erat
3402 5520 3675 5584 Justinus,
3712 5525 3800 5589 qui
3857 5539 3959 5582 aut

2404 5616 2547 5657 metu
2578 5605 2855 5657 veritatem
2889 5606 3269 5670 dissimularet,
3297 5610 3609 5678 autjustam
3641 5612 3954 5670 libertatem

2401 5708 2521 5744 cum
2566 5694 2742 5746 debita
2795 5696 3102 5762 imperatori
3159 5682 3456 5752 reverentia
3506 5702 3797 5755 conciliare
3840 5718 3952 5757 non

2403 5794 2602 5853 posset.
2636 5782 2771 5849 Quin
2797 5786 2961 5841 etiam
2991 5787 3043 5840 in
3076 5788 3175 5843 hac
3207 5789 3457 5857 Apologia
3490 5796 3952 5847 resurrectionem
