4120 6408
773 404 846 462 99
1719 397 1777 454 S.
1818 397 2149 454 JUSTINUS
2186 394 2669 454 PHILOSOPHUS
2699 395 2786 450 ET
2823 396 3138 453 MARTYR.

3910 400 4009 456 100

778 530 924 588 nino,
951 527 1044 580 sed
1067 538 1251 579 verum
1279 535 1494 591 semper
1527 520 1788 585 dicamus,
1818 523 1896 577 sic
1940 522 2195 593 praecepit
2221 536 2236 575 :
2266 519 2347 574 Ne
2377 524 2422 578 Α
2452 521 2641 575 tertius
2689 520 2906 588 quidam
2960 521 3348 589 superveniens
3401 528 3458 577 et
3499 520 3688 576 eodem
3747 519 4012 590 supplicio

770 620 963 688 juretis
1005 619 1237 679 omnino,
1293 615 1384 668 sed
1454 615 1523 664 sit
1583 623 1829 675 uestrum,
1894 611 2006 674 Est,
2059 625 2165 676 est;
2215 628 2340 676 non,

761 725 886 778 non
916 709 986 771 ”,
1029 726 1047 759 ι
1082 717 1192 760 etc.
1220 704 1337 759 Non
1391 709 1620 763 obsnure
1670 707 1827 758 docet
1870 703 2113 760 Justinus
2140 704 2341 757 nullum

776 797 1258 867 forejurisiurandi
1293 813 1471 860 usum,
1492 797 1534 850 si
1565 813 1690 852 vera
1732 811 1946 866 semper
1989 798 2231 852 homines
2259 797 2341 849 di-

775 902 981 954 cerent,
1009 906 1108 945 nec
1127 889 1269 944 ullus
1290 899 1436 943 esset
1460 888 1747 942 mendacio
1773 887 1941 945 locus.
1975 887 2064 943 Sic
2088 888 2232 942 enim
2262 888 2340 942 in-

775 992 1102 1054 terpretatur
1130 982 1290 1036 verba
1315 979 1539 1044 Christi,
1572 983 1722 1049 quasi
1760 980 1961 1033 dictum
2010 992 2155 1034 esset
2187 998 2200 1032 :
2229 980 2339 1034 No-

774 1070 870 1127 lite
891 1072 1333 1142 omninojurane,
1365 1072 1457 1125 sed
1489 1085 1674 1124 verum
1709 1085 1926 1138 semper
1947 1072 2126 1126 dicite.
2156 1071 2340 1141 Itaque

766 1160 1146 1233 jusjurandum
1175 1163 1246 1215 ob
1293 1163 1523 1232 vigentia
1576 1162 1718 1216 inter
1767 1161 2010 1216 homines
2058 1165 2337 1219 mendacia

773 1255 1016 1311 adhiberi
1044 1255 1236 1310 statuit
1268 1275 1282 1310 :
1313 1254 1685 1308 consuetudini
1703 1253 1917 1322 jttrandi
1949 1259 2172 1325 opponit
2211 1275 2338 1313 con-

773 1346 1114 1405 suetudinem
1143 1363 1268 1402 vera
1310 1349 1363 1402 in
1408 1348 1657 1402 omnibus
1691 1363 1902 1418 semper
1927 1350 2170 1417 dicendi;
2202 1352 2338 1407 alte-

775 1448 891 1489 ram
925 1453 953 1489 a
979 1436 1196 1490 Christo
1217 1438 1428 1507 penitus
1455 1439 1715 1492 sublatam
1747 1449 1915 1508 putat,
1946 1443 2040 1495 sed
2068 1453 2336 1510 quatenus

774 1525 998 1582 alteram
1020 1528 1268 1582 Christus
1293 1529 1467 1583 sancit
1489 1537 1544 1583 et
1569 1530 1895 1600 praescribit.
1923 1532 2022 1599 Qui
2061 1535 2130 1588 ita
2174 1537 2335 1590 ratio-

775 1619 1006 1683 eluatur,
1031 1635 1136 1675 non
1173 1631 1293 1674 eam
1335 1619 1686 1689 jurisjurandi
1735 1626 1968 1696 speciem
2017 1626 2332 1683 damnatam

771 1710 1067 1772 existimat,
1119 1711 1274 1781 cujus
1314 1714 1685 1768 necessitatem
1728 1731 2111 1786 nonnunquam
2159 1720 2335 1788 impo-

770 1809 906 1854 nunt
930 1799 1090 1870 justas
1112 1805 1451 1876 suspiciones
1475 1820 1540 1860 ex
1569 1806 1706 1862 dolis
1729 1818 1782 1862 et
1811 1811 2108 1866 mendaciis
2154 1814 2330 1867 socie-

769 1899 933 1946 tatem
962 1895 1304 1948 turbantibus
1328 1901 1548 1950 exortae.

837 1985 1118 2057 Vltuperat
1151 1997 1338 2043 auctor
1363 1987 1646 2059 fragmenti
1675 1990 1740 2044 de
1758 1993 2169 2056 resurrectione,
2190 1995 2333 2062 quod

768 2077 822 2133 iu
844 2080 1142 2148 Appendicc
1179 2080 1467 2146 edidimus,
1502 2098 1519 2131 ι
1547 2081 1786 2149 iniquum
1811 2099 1875 2137 ex
1899 2085 2196 2153 cupiditate
2221 2102 2336 2138 ma-

767 2170 1101 2235 trimonium,
1135 2187 1154 2220 ι
1187 2165 1276 2224 τὸν
1309 2171 1375 2222 δι’
1405 2170 1694 2240 ἐπιθυμίας
1719 2173 1918 2242 ἄνομον
1946 2175 2140 2246 γάμον.
2192 2176 2337 2243 Quu-

766 2260 1086 2318 Inodobanc
1103 2263 1429 2317 sententiam
1443 2277 1668 2331 carpere
1693 2266 1868 2334 potuit
1893 2267 2030 2321 idem
2064 2268 2336 2339 scriptor?

761 2353 906 2423 Quid
938 2356 1081 2408 enim
1115 2353 1287 2423 magis
1321 2365 1741 2409 consentaneum
1793 2359 1918 2412 huic
1959 2370 2245 2428 praecepto,
2279 2370 2337 2415 ut

763 2446 946 2502 omnia
977 2445 1030 2499 in
1052 2445 1320 2499 cbaritate
1359 2444 1490 2498 ﬂant
1535 2454 1590 2500 et
1629 2447 1743 2500 sive
1780 2450 2185 2512 manducamus,
2223 2450 2336 2504 sive

765 2537 1022 2600 bibimus,
1045 2537 1158 2591 sive
1187 2536 1332 2594 aliud
1364 2537 1492 2606 quid
1527 2536 1776 2605 facimus,
1805 2541 1981 2592 omnia
2010 2540 2064 2594 in
2112 2541 2334 2610 glorians

761 2631 863 2690 Dei
888 2634 1152 2690 faciamus
1175 2632 1222 2665 ³⁸
1245 2633 1270 2687 ?

834 2725 988 2791 Quod
1017 2737 1224 2796 spectat
1252 2725 1319 2778 ad
1342 2725 1625 2779 audaciam
1657 2723 1802 2778 illius
1840 2721 2201 2778 adolescentis
2241 2726 2332 2794 qui

765 2816 1073 2884 prazfectum
1105 2817 1444 2871 Alexandriae
1469 2816 1650 2872 libello
1671 2816 1852 2869 ubato
1882 2817 2108 2885 rogavit,
2138 2825 2194 2869 ut
2228 2833 2336 2871 me-

762 2910 884 2964 dico
919 2909 1187 2962 licentiam
1220 2909 1371 2962 daret
1399 2917 1564 2962 testes
1604 2907 1703 2976 ipsi
1729 2908 2008 2962 resecandi
2032 2925 2047 2973 ;
2069 2909 2172 2963 hoc
2190 2908 2332 2963 facto

763 3005 935 3056 utitur
955 2998 1217 3061 Justinus,
1254 2999 1484 3067 Apol..l,
1511 3016 1568 3053 n.
1607 2999 1702 3062 29,
1735 3011 1790 3052 ut
1829 3011 2151 3071 argumento
2179 3001 2333 3056 iuno-

765 3095 962 3150 ccutiat
992 3094 1461 3158 Christianorum;
1491 3106 1602 3146 rem
1647 3085 1818 3162 ipsam
1847 3092 1949 3162 legi
1983 3094 2176 3149 divina
2206 3109 2332 3148 con-

2446 615 2750 666 damnatus.
2778 612 3059 680 Quomodo
3084 612 3344 680 ejusmodi
3372 622 3634 682 martyres
3658 613 4012 679 vituperasset

2443 700 2704 768 Justinus,
2730 704 2820 771 qui
2843 719 2946 757 non
2969 704 3138 758 solum
3155 704 3524 759 Christianum
3565 718 3625 758 se
3649 716 3768 758 esse
3789 718 3820 758 ι
3843 704 4011 758 uomi-

2445 807 2510 846 ne
2554 794 2605 846 in
2648 793 2910 860 judicium
2956 806 3178 850 vocatus
3227 795 3370 850 ultro
3419 795 3694 865 professus
3745 804 3848 859 est,
3916 797 4012 850 sed

2443 883 2603 938 etiam
2633 885 3062 942 Christianorum
3090 890 3449 952 defensorem,
3489 903 3555 944 ac
3606 890 3753 957 ipsus
3779 889 4014 956 impera-

2446 983 2590 1027 tores
2618 991 2714 1044 pro
2736 979 2988 1032 tribunali
3023 982 3278 1034 sedentes.
3299 982 3450 1034 adire
3490 995 3596 1034 non
3636 979 3943 1034 dubitavit?

2513 1065 2715 1136 Fugam
2772 1072 2823 1125 iu
2871 1073 3336 1140 persecutionibus
3395 1071 3724 1127 laudabilem
3774 1085 3899 1128 esse
3947 1087 4010 1126 ac

2440 1177 2581 1229 stupe
2610 1165 2829 1219 omnino
2859 1168 3246 1230 necessariam,
3276 1181 3363 1221 res
3388 1176 3472 1221 est
3498 1166 3791 1234 Scriptura:
3824 1175 3878 1220 et
3897 1174 4014 1219 tra-

2439 1254 2655 1308 ditionis
2684 1259 2968 1325 prazceptis
2985 1269 3040 1312 et
3058 1259 3323 1326 exemplis
3349 1259 3422 1312 ita
3452 1267 3601 1312 certa
3625 1267 3678 1310 et
3702 1257 4010 1325 explorata,

2438 1358 2496 1402 ut
2523 1362 2681 1402 nemo
2705 1349 2963 1420 refragari
2996 1352 3184 1420 possit.
3209 1351 3311 1404 nisi
3356 1366 3515 1420 quem
3545 1363 3638 1405 aut
3663 1349 4011 1404 Montanistis

2436 1451 2524 1494 aut
2549 1445 2985 1510 persecutoribus
3006 1444 3067 1499 S.
3093 1445 3370 1499 Athanasii
3397 1445 3610 1514 adjungi
3637 1458 3744 1497 nou
3786 1441 4008 1510 pudeat.

2435 1531 2542 1588 Sed
2575 1543 2752 1590 tamen
2805 1535 2941 1607 fuga:
2991 1550 3257 1608 praecepto
3297 1554 3401 1594 non
3445 1551 3636 1592 omnes
3667 1550 3882 1604 semper
3913 1534 4015 1588 ob-

2433 1625 2609 1679 stricti
2648 1635 2897 1682 tencntur
2932 1647 2944 1681 :
2991 1630 3191 1699 alioqui
3241 1644 3340 1686 nec
3381 1644 3614 1699 magnus
3675 1626 4013 1698 Polycarpus

2432 1718 2754 1787 vituperium
2781 1720 3064 1790 effugeret,
3099 1737 3196 1778 nec
3226 1723 3379 1777 multi
3421 1722 3537 1786 alii,
3583 1721 3682 1791 qui
3722 1737 3846 1777 cum
3884 1719 4012 1791 fuga

2432 1810 2533 1865 sibi
2565 1811 2848 1866 consulere
2883 1825 3120 1881 possent,
3155 1823 3206 1870 in
3252 1829 3445 1870 manus
3482 1815 3772 1870 satellitum
3822 1815 4014 1869 venire

2437 1903 2761 1958 maluerunt.
2789 1905 2877 1959 Sic
2915 1907 3076 1960 etiam
3137 1907 3316 1961 debita
3376 1917 3455 1964 tot
3503 1909 3856 1978 martyribus,
3912 1908 4010 1976 qul

2436 1996 2640 2065 scipsos
2686 1998 3018 2061 obtulerunt,
3058 1999 3383 2063 reverentia,
3432 2015 3526 2055 eos
3575 2009 3784 2054 tantum
3827 1999 4010 2055 notari

2437 2098 2490 2142 et
2543 2089 2748 2158 culpari
2805 2093 2952 2155 sinit,
2997 2108 3134 2162 quos
3191 2094 3510 2150 temerarius
3553 2095 3721 2164 magis
3756 2096 4008 2164 impetus,

2435 2191 2596 2250 quam
2628 2183 2866 2238 charitas
2903 2186 3136 2255 impulit.

2511 2273 2656 2330 Talis
2677 2277 2885 2330 exstitit
2918 2276 3148 2345 Quintus
3173 2279 3410 2349 quidam,
3439 2279 3506 2335 de
3531 2296 3637 2351 quo
3662 2279 4014 2351 Smyrnensis

2438 2364 2687 2421 Ecclesia
2711 2368 2791 2422 sic
2815 2368 3080 2438 judicium
3109 2387 3264 2426 suum
3300 2373 3588 2440 interponit
3615 2373 3668 2427 in
3693 2371 3919 2442 epistola
3942 2371 4015 2425 dc

2438 2459 2697 2525 martyrio
2727 2455 2783 2511 S.
2808 2457 3110 2529 Pulycarpi,
3141 2478 3192 2514 n.
3219 2462 3284 2515 ιε
3312 2458 3405 2526 Εἷς
3427 2464 3483 2516 δὲ
3506 2463 3728 2534 ὀνόματι
3758 2463 4009 2526 Κοϊντος,

2435 2547 2597 2617 Φρὺξ,
2618 2551 2943 2618 προσφάτως
2969 2551 3239 2623 ἐληλυθὼς
3265 2557 3372 2609 ἀπὸ
3393 2558 3493 2628 τῆς
3517 2558 3771 2628 Φρυγίας,
3789 2558 3912 2610 ἰδὼν
3940 2557 4016 2611 τὰ

2437 2637 2598 2709 θηρία
2650 2640 2965 2696 ὲδειλίασεν.
3019 2639 3186 2708 Οὗτος
3241 2648 3296 2700 δὲ
3343 2645 3410 2718 ἦν
3452 2650 3481 2700 ὁ
3529 2649 4014 2721 παρασιασάμενος

2436 2729 2596 2782 αὐτόν
2623 2747 2680 2782 τε
2708 2732 2798 2784 καί
2825 2750 2976 2796 τινας
2991 2735 3302 2806 προσελθεῖν
3325 2737 3563 2801 ἑκόντας,
3590 2737 3789 2791 Τοῦτον
3820 2740 3848 2790 ὁ
3878 2738 4014 2792 ἀνθ-

2437 2823 2640 2887 ύπατος
2685 2826 2856 2878 πολλὰ
2889 2828 3259 2900 ὲκλιπαρήσας
3304 2829 3516 2884 ἔπεισεν
3541 2831 3731 2901 ὀμόσαι
3763 2831 3854 2883 καὶ
3887 2831 4017 2883 ἑπι-

2437 2915 2612 2970 Θῦσαι.
2665 2918 2763 2970 Διὰ
2814 2919 2970 2972 τοῦτο
3023 2916 3146 2984 οὖν,
3211 2921 3464 2992 ἀδελφοὶ,
3526 2923 3627 2976 οὐκ
3678 2921 4013 2993 ἐπαινοῦμεν

2433 3010 2558 3071 τοὺς
2589 3010 2906 3080 προσιόντας
2945 3013 3171 3075 ἑαυτοῖς,
3226 3013 3415 3084 ἐπειδὴ
3443 3015 3542 3084 οὐχ
3565 3013 3738 3077 οὕτως
3764 3013 4012 3067 διδάσκει

2437 3102 2495 3152 τὸ
2530 3101 2877 3170 Εὑαγγέλιον.
2919 3123 2936 3154 ι
2963 3104 3192 3169 Quidam
3219 3121 3350 3160 vero
3380 3102 3598 3161 nomine
3624 3107 3876 3173 Quintus,
3904 3123 4013 3160 na-

760 3195 1075 3242 seutaneam
1123 3199 1244 3239 esse
1296 3198 1400 3237 non
1443 3183 1612 3246 dicit;
1669 3181 2066 3237 adolescentem
2120 3181 2326 3245 laudat,
2359 3217 2404 3280 ο
2441 3192 2586 3246 tione
2625 3192 2832 3265 Phryx,
2863 3198 2955 3264 qui
2987 3211 3243 3266 πωροι-ει
3270 3196 3503 3270 Phuygia
3535 3200 3848 3267 advenerat,
3877 3215 4013 3254 cum

759 3277 906 3348 quod
943 3286 1131 3348 negata
1182 3276 1282 3330 hac
1328 3275 1541 3331 licentia
1594 3280 1909 3342 perpetuam
1956 3273 2327 3344 virginitatem

759 3364 1008 3434 coluerit,
1040 3367 1261 3421 minime
1289 3380 1417 3420 vero
1441 3365 1583 3435 quod
1613 3365 1748 3434 ipse,
1780 3374 1838 3418 ut
1862 3380 2042 3434 prava:
2072 3366 2331 3430 interpre-

761 3458 996 3513 tationes
1049 3457 1293 3526 pluribus
1337 3466 1743 3526 persuaserant,
1787 3465 2077 3512 exsecutus
2131 3456 2329 3512 luisset

756 3549 901 3620 quod
927 3549 1117 3605 medici
1143 3558 1487 3619 negaverant.

826 3660 890 3718 ιι.
941 3661 1108 3718 Paulo
1153 3663 1413 3717 attentius
1463 3660 1855 3717 consideranda
1910 3660 1969 3716 S.
2013 3659 2212 3717 Justiui
2261 3662 2327 3717 de

756 3754 1017 3825 martyrio
1038 3753 1334 3818 sententia,
1357 3769 1475 3822 qua!
1501 3753 1740 3819 ejusdem
1768 3753 1968 3808 eruditi
1996 3753 2097 3807 viri
2138 3769 2329 3810 censu.

755 3851 871 3899 ram
899 3858 1004 3900 non
1030 3843 1233 3914 eﬂugit.
1257 3842 1474 3898 Probati
1507 3843 1655 3899 fuere
1707 3848 1837 3916 (non
1879 3844 2024 3900 enim
2072 3845 2324 3901 dissimu-

753 3935 915 3994 lauda
945 3953 1032 3993 res
1057 3938 1165 4007 est)
1193 3935 1250 3990 S.
1300 3938 1552 4007 martyri,
1585 3936 1678 4006 qui
1729 3938 2004 3994 charitate
2048 3939 2320 3996 ferventes

751 4040 809 4088 et
829 4031 1030 4100 Spiritu
1072 4041 1264 4085 sancto
1293 4029 1504 4100 repleti,
1536 4031 1877 4100 semetipsos,
1919 4032 2134 4087 nemine
2162 4047 2323 4088 accu-

750 4133 930 4188 sante,
960 4119 1298 4177 Christianos
1320 4135 1441 4176 esse
1459 4122 1734 4190 judicibus
1757 4123 2093 4178 nuntiarunt.
2121 4123 2321 4180 Horum

750 4215 964 4270 virtutis
1010 4215 1368 4270 admiratione
1409 4217 1700 4270 adductum
1748 4215 1948 4270 fatetur
1993 4231 2051 4272 se
2094 4233 2235 4282 esse,
2267 4228 2324 4273 ut

750 4306 1113 4361 innocentiam
1157 4305 1596 4361 Christianorum
1647 4317 1980 4377 agnosceret.
2039 4327 2060 4362 ι
2103 4309 2233 4363 Nam
2265 4321 2322 4365 et

753 4397 866 4470 ipse
894 4413 1015 4466 ego,
1047 4399 1243 4468 inquit,
1275 4400 1428 4466 Apol.
1461 4399 1516 4460 2,
1549 4416 1604 4453 n.
1654 4400 1742 4465 t2,
1781 4414 1902 4454 cum
1959 4401 2198 4457 Platonis
2225 4403 2322 4459 do-

745 4493 920 4547 ctrina
961 4492 1282 4557 delectarer,
1326 4507 1390 4545 ac
1440 4493 1506 4545 de
1531 4492 1849 4547 criminibus
1890 4494 1941 4548 in
1982 4492 2318 4550 Christianos

2436 3284 2662 3340 vidisset
2711 3288 2934 3353 bestias,
2968 3289 3163 3344 timore
3211 3292 3494 3360 perculsus
3540 3302 3643 3347 est.
3693 3291 3791 3346 Hic
3839 3308 4014 3360 porro

2432 3387 2550 3430 erat
2569 3379 2661 3447 qui
2690 3381 2930 3450 seipsum
2963 3391 3018 3437 et
3054 3382 3190 3437 alios
3212 3385 3442 3453 quodam
3473 3385 3766 3440 temerario
3797 3385 4010 3455 impetu

2433 3467 2705 3534 incitavit,
2734 3482 2794 3526 ut
2822 3473 2966 3528 ultro
3006 3474 3351 3531 accederent.
3381 3474 3515 3530 Huic
3544 3477 3831 3545 proconsul
3857 3478 4011 3532 mul-

2432 3562 2503 3617 tis
2531 3563 3011 3624 obsecrationibus
3038 3572 3310 3638 persuasit
3349 3569 3536 3638 iurare
3581 3579 3636 3625 et
3669 3570 4007 3626 sacriﬁcare.

2430 3651 2663 3724 Propter
2695 3656 2798 3714 hoc
2824 3658 3009 3728 igitur,
3044 3660 3262 3725 fratres,
3288 3676 3396 3715 non
3429 3661 3719 3729 probamus
3743 3677 3856 3731 eos,
3906 3678 4008 3732 qui

2429 3755 2622 3813 sponte
2660 3762 2719 3803 se
2759 3746 3026 3816 oﬂ‘erunt;
3078 3751 3516 3821 quandoquidem
3565 3767 3672 3808 non
3714 3754 3788 3806 ita
3841 3752 4012 3807 docet

2430 3838 2803 3910 Evangelium.
2843 3861 2863 3896 ι
2901 3843 3063 3899 Solus
3107 3846 3194 3901 hic
3237 3845 3466 3912 Quintus
3496 3844 3855 3913 vituperatur,
3899 3858 4010 3900 nec

2428 3945 2552 3986 cum
2589 3946 2655 3987 eo
2682 3935 2938 4002 probrum
2991 3934 3324 4004 partiuntur,
3371 3937 3462 4004 qui
3514 3936 3660 3991 illius
3711 3937 4004 4006 impetum,

2429 4035 2535 4076 non
2564 4022 2770 4092 lapsum
2811 4027 2978 4080 secuti
3015 4035 3162 4082 sunt.
3199 4025 3437 4080 Verbum
3476 4025 3606 4081 illud
3651 4029 4011 4098 παραϐιασὰ-

2430 4131 2589 4185 μινος
2634 4131 2734 4171 sua
2779 4127 2970 4185 sponte
3019 4120 3369 4174 temerarium
3403 4120 3668 4188 impetum
3712 4120 4003 4187 declarat;

2426 4209 2520 4263 sed
2549 4209 2765 4265 accedit
2810 4210 3108 4265 auctoritas
3140 4210 3380 4278 Eusebii,
3404 4213 3496 4282 qui
3531 4213 3687 4282 hujus
3730 4214 3832 4268 loci
3870 4227 4004 4268 sen-

2427 4312 2546 4353 sum
2579 4313 2685 4354 nou
2722 4301 2889 4354 verba
2919 4301 3167 4358 referens
3199 4301 3368 4368 Hist.,
3395 4319 3466 4366 iv,
3501 4301 3588 4366 15,
3619 4304 3695 4356 ait
3726 4304 3868 4359 hunc
3896 4305 4007 4358 ho-

2427 4392 2624 4447 minem
2656 4396 3107 4467 προπετέστερον,
3135 4396 3252 4450 ἀλλ’
3279 4397 3342 4448 οὐ
3371 4397 3488 4450 κατ’
3520 4395 3824 4462 εὐλάϐειαν,
3856 4415 3874 4448 ι
3910 4408 4002 4452 te-

2425 4486 2676 4539 meritate
2700 4487 2934 4556 quadam
2967 4503 3030 4542 ac
3061 4489 3280 4543 levitate
3325 4489 3544 4544 ductum
3565 4529 3581 4554 ,
3612 4504 3720 4544 non
3751 4506 3872 4544 cum
3903 4492 4002 4559 pio

745 4584 1009 4654 conjectis
1031 4585 1296 4646 audirem,
1316 4600 1407 4638 eos
1437 4593 1616 4644 autem
1646 4584 1711 4638 ad
1753 4594 1980 4639 mortem
2017 4597 2071 4641 et
2111 4588 2176 4641 ad
2209 4589 2313 4641 alia

2429 4591 2483 4632 ac
2527 4576 2782 4648 religioso
2829 4587 2998 4642 motu,
3036 4595 3138 4633 una
3172 4594 3294 4634 cum
3325 4581 3534 4649 aliquot
3579 4581 3702 4636 aliis
3727 4582 3790 4635 ad
3818 4584 4002 4636 tribu-

743 4675 944 4738 omnia,
981 4690 1102 4743 qua:
1154 4676 1404 4729 videntur
1435 4676 1740 4740 metuenda,
1799 4676 2095 4746 impavidos
2122 4691 2313 4733 cerne-

745 4781 892 4833 rem;
924 4768 1043 4821 ﬁeri
1067 4784 1170 4821 non
1197 4783 1356 4834 posse
1382 4769 1769 4838 intelligebam,
1815 4779 1872 4823 ut
1904 4770 1955 4824 in
1988 4770 2229 4840 nequitia
2255 4779 2312 4825 et

745 4863 798 4916 iu
825 4860 1162 4929 voluptatum
1191 4875 1377 4916 amore
1404 4864 1664 4916 viverent.
1722 4863 1855 4930 Quis
1891 4863 2035 4917 enim
2061 4862 2312 4916 libidino-

741 4967 836 5009 sus
855 4963 910 5008 et
941 4955 1329 5023 intemperans,
1359 4968 1420 5008 ac
1449 4955 1696 5008 humana:
1723 4954 1902 5008 carnis
1927 4953 2111 5022 epulas
2139 4953 2190 5006 in
2217 4953 2312 5007 bu-

744 5047 826 5101 uis
851 5060 1165 5110 numerans,
1197 5055 1423 5099 mortem
1458 5045 1711 5114 amplecti
1742 5047 1907 5114 possit
1933 5056 1990 5098 ut
2013 5045 2172 5099 bonis
2197 5045 2312 5098 suis

740 5145 944 5200 careat,
970 5150 1034 5191 ac
1056 5150 1160 5191 non
1191 5137 1370 5206 potius
1399 5137 1452 5189 in
1481 5136 1584 5190 hac
1620 5136 1726 5189 vita
1756 5151 1966 5204 semper
2006 5136 2211 5189 versari
2257 5148 2311 5190 et

741 5230 1098 5302 magistratus
1122 5229 1293 5284 latere
1324 5238 1586 5294 conetur;
1621 5229 1814 5284 nedum
1843 5231 2075 5298 seipsum
2100 5229 2308 5281 deferat

741 5334 916 5376 morte
935 5319 1340 5376 damnandum?
1378 5340 1397 5372 ι
1430 5319 1647 5374 Minime
1674 5337 1804 5391 ergo
1835 5323 2029 5374 mirum
2053 5320 2096 5375 si
2124 5317 2307 5372 laudes

741 5414 882 5469 illius
909 5414 960 5468 in
991 5409 1177 5467 eadem
1215 5412 1393 5480 ΑροΙ..
1437 5428 1494 5465 n.
1539 5410 1597 5475 2,
1646 5424 1892 5466 meruere
1931 5426 2051 5464 cum
2106 5408 2306 5464 Lucius

739 5518 968 5577 martyr,
1018 5508 1106 5574 qui
1158 5506 1218 5561 S.
1287 5504 1630 5559 Ptolemaeum
1660 5508 1724 5558 ad
1777 5503 2097 5574 supplicium
2123 5501 2304 5572 abripi

737 5597 929 5652 videns
959 5597 1294 5666 iniquitatem
1322 5597 1522 5664 judicia
1546 5596 1838 5666 redarguit,
1861 5605 1918 5650 et
1944 5597 2128 5651 statim
2169 5610 2301 5650 con-

739 5688 912 5744 fessus
937 5701 997 5742 se
1034 5703 1155 5746 esse
1181 5689 1550 5745 Christianum
1581 5689 1738 5743 simul
1766 5689 2020 5760 abreptus
2046 5699 2160 5756 est;
2188 5697 2299 5744 tum

810 5843 852 5878 "
877 5842 1064 5900 Matth.
1090 5861 1118 5898 v
1175 5844 1263 5901 38.
1338 5845 1381 5877 "
1417 5845 1432 5900 I
1468 5845 1591 5901 Cor.
1638 5863 1692 5910 x,
1726 5846 1812 5901 5|.

2419 4667 2508 4720 nal
2535 4667 2877 4736 prosiluisse.
2917 4689 2935 4720 ι
2973 4669 3078 4724 Pro
3105 4685 3170 4724 eo
3199 4675 3340 4740 quod
3393 4674 3446 4726 in
3495 4673 3724 4742 epistola
3770 4672 3994 4740 legitur,

2415 4761 2515 4813 οὐκ
2555 4761 2884 4839 ἐπαινοῦμεν
2927 4765 3050 4826 τοὺς
3079 4766 3399 4834 προσιόντας
3441 4767 3686 4829 ἑαυτοῖς,
3739 4767 4000 4822 observat

2416 4853 2722 4921 Eusebius,
2754 4873 2773 4906 ‹
2821 4871 2927 4909 non
2974 4856 3139 4910 licere
3182 4857 3378 4911 talibus
3431 4858 3736 4911 hominibus
3773 4876 3793 4909 ι
3837 4857 3996 4928 ῥιψο-

2414 4945 2674 5009 κινδύνως
2720 4947 2812 4999 καὶ
2860 4947 3170 5011 ἀνευλαὸὦς
3218 4932 3597 5021 κατατολεῖᾷν,
3648 4966 3667 5000 ι
3722 4950 3992 5020 praecipiti

2415 5039 2643 5094 audacia
2673 5055 2736 5093 ac
2767 5041 2886 5096 sine
2916 5043 3026 5098 ullo
3052 5043 3389 5097 inﬁrmitatis
3418 5058 3529 5098 suae
3559 5052 3802 5111 respectu
3833 5043 3991 5112 peri-

2413 5131 2555 5186 culis
2594 5146 2653 5185 se
2695 5133 2955 5201 ubjicere.
2991 5152 3009 5186 i
3065 5133 3214 5189 Unde
3245 5135 3357 5188 hmc
3389 5136 3594 5189 notavit
3631 5134 3982 5190 Cotelerius:

2416 5245 2435 5277 ι
2474 5225 2530 5278 In
2560 5225 2644 5279 his
2681 5229 3007 5282 enarrandis
3049 5227 3205 5297 paqu
3242 5228 3484 5295 liberius,
3519 5243 3617 5283 nec
3640 5229 3774 5284 satis
3809 5228 3990 5284 fideli-

2410 5325 2499 5372 ter
2528 5331 2778 5372 versatus
2827 5329 2909 5374 est
2958 5321 3268 5386 Eusebius,
3321 5332 3601 5388 metuens,
3647 5321 3861 5391 opinor,
3913 5338 3989 5378 ne

2411 5411 2748 5480 martyribus
2776 5411 3046 5480 plurimis,
3086 5413 3178 5480 qui
3209 5426 3271 5465 se
3309 5412 3612 5479 judicibus,
3666 5413 3777 5467 Deo
3817 5412 3984 5467 insti—

2411 5513 2611 5572 gante,
2659 5503 3016 5569 obtulerunt,
3053 5505 3425 5574 praejudicium
3475 5505 3649 5559 lieret.
3684 5522 3704 5555 ο
3759 5503 3818 5558 S.
3848 5503 3982 5561 Cle-

2407 5596 2608 5651 mentis
2653 5597 3006 5652 Alexandrini
3060 5598 3367 5660 sententia,
3416 5598 3518 5653 nisi
3569 5597 3757 5652 eodem
3817 5600 3982 5654 modu

2405 5690 2740 5760 explicetur,
2796 5706 2903 5759 quo
2953 5690 3236 5760 epistolam
3281 5690 3668 5762 Smyrneuscm
3714 5689 3986 5761 explicuit
