4120 6458
203 444 302 498 illi
1256 442 1319 499 D.
1364 443 1627 498 MARANI
1660 440 1830 499 ΡΒΑΞ]

1826 444 2049 500 FATlO.
2083 477 2148 486 -—
2181 446 2361 502 PARS
2398 448 2456 503 ll.
3348 464 3449 520 10‘2

199 565 487 631 machina,
525 568 886 622 immoderata
922 564 1213 630 videbitur,
1244 582 1307 621 ac
1340 582 1443 621 non
1475 583 1569 623 eos
1599 569 1771 621 solum
1804 574 1849 628 Α
1948 567 2098 622 Mira:
2131 569 2377 637 profecto
2426 568 2660 623 hominis
2706 569 2907 625 eruditi
2959 575 3444 638 ratiocinationes!

197 658 519 727 vituperare
552 658 644 728 qui
677 659 889 727 seipsos
926 658 1186 723 offerunt,
1219 656 1309 713 sed
1340 672 1433 712 eos
1462 659 1649 721 etiam,
1684 660 1775 726 qui
1879 658 2063 714 Sancti
2092 660 2279 715 Patres
2299 662 2502 715 critica:
2519 663 3021 731 praesidiodestituti
3047 674 3312 727 autmalae
3328 674 3449 743 phi—

201 764 307 804 non
342 752 582 820 fugiunt,
622 748 849 814 διν-σπι..
889 766 941 814 v,
972 766 1024 820 p.
1052 747 1177 804 508.
1218 749 1536 806 Accuratins
1566 750 1777 803 videtur
1875 754 2136 822 losophim
2158 754 2429 822 mysteriis
2458 754 2652 809 initiati
2673 755 2727 808 in
2756 758 3028 814 nonnullis
3052 762 3211 817 rebus
3228 779 3449 822 errave-

201 844 260 897 S.
293 842 498 897 Petrus
535 842 943 897 Alexandrinus
972 856 1035 896 ea
1067 844 1133 897 de
1161 858 1220 897 re
1252 843 1525 899 statuisse.
1574 842 1633 896 ln
1668 844 1772 908 eis,
1878 856 2004 900 runt
2036 863 2049 897 :
2080 844 2279 898 nullius
2329 858 2463 913 ergo
2508 845 2765 913 ponderis
2812 848 2864 900 in
2906 848 3026 903 aliis
3060 853 3219 907 rebus
3256 869 3443 912 eorum

199 936 291 1003 qui
320 950 419 989 sua
454 944 651 1003 sponte
678 936 997 1003 prodierant
1021 936 1089 988 ad
1116 934 1503 1000 conﬁtendum,
1534 936 1773 1005 pruden-
1877 952 2175 992 consensus
2203 937 2287 990 vel
2318 936 2552 991 maxime
2581 940 2873 997 unanimis.
2908 939 3046 1007 Quid
3076 943 3361 1003 absurdius
3387 948 3443 1004 in

200 1029 336 1081 tiatn
361 1026 571 1081 Christi
592 1037 646 1081 et
669 1027 1032 1094 apostolorum
1057 1025 1321 1096 exemplis
1350 1038 1771 1082 consentaneam
1878 1039 2113 1083 mentem
2152 1029 2339 1083 venire
2375 1030 2627 1098 poterat?
2669 1030 2909 1098 Quorum
2950 1036 3095 1089 enim
3134 1038 3441 1109 dogmatum

204 1122 460 1191 requirit,
481 1121 575 1175 sed
602 1130 780 1174 tamen
809 1135 933 1174 cum
958 1119 1037 1175 eis
1060 1120 1570 1175 communicandum
1595 1120 1773 1174 declac
1874 1127 2039 1174 testes
2069 1121 2302 1173 citamus
2331 1128 2551 1173 sanctos
2583 1119 2791 1188 Patres,
2829 1124 2895 1177 ah
2927 1125 3011 1180 his
3042 1128 3259 1195 quidem
3286 1145 3445 1187 aver.

204 1226 310 1279 rat,
343 1233 361 1265 ι
410 1223 470 1266 ιιι
498 1214 588 1283 qui
624 1214 678 1267 in
705 1212 907 1267 Christi
936 1216 1155 1268 nomine
1196 1217 1297 1268 hoc
1335 1214 1586 1279 fecerint,
1624 1233 1642 1267 ι
1676 1216 1770 1268 ἅτε
1875 1224 1989 1269 tere
2028 1220 2327 1281 potuerunt
2358 1214 2565 1270 critica:
2612 1214 2851 1270 defectus
2883 1226 2937 1271 et
2962 1219 3157 1275 vitiosa
3200 1224 3444 1291 philoso-

200 1306 264 1377 δὴ
309 1309 368 1359 ὲν
408 1306 629 1376 ὀνόματι
689 1306 928 1377 Χριστοῦ
978 1307 1403 1378 παρερχομένοις
1449 1310 1527 1371 εις
1579 1308 1767 1373 τοῦτο,

1873 1302 1998 1369 phia
2036 1322 2048 1355 :
2090 1300 2313 1353 minime
2345 1314 2475 1355 vero
2516 1302 2581 1355 ad
2613 1318 2675 1357 ea
2715 1308 3071 1376 excogitanda
3118 1313 3434 1381 perducere.

204 1414 328 1451 can,
378 1398 433 1451 9,
1872 1391 2208 1446 Testimonia
2230 1390 2465 1459 petimus
2488 1406 2514 1443 a
2542 1393 2743 1447 sanctis
2774 1393 3045 1464 Patribus,
3064 1408 3122 1452 ut
3151 1401 3440 1468 probemus

274 1489 557 1544 Nonnulla:
604 1498 754 1543 certe
796 1490 1059 1544 exstitere
1106 1490 1428 1544 occasiones
1471 1490 1524 1544 in
1572 1491 1770 1561 quibus
1874 1483 2159 1537 materiam
2201 1497 2266 1535 ex
2302 1480 2473 1535 nihilo
2504 1494 2772 1550 creatam,
2799 1502 2964 1541 unum
3012 1505 3132 1546 esse
3178 1493 3230 1547 in
3267 1494 3439 1550 tribus

204 1586 439 1652 geipsum
474 1580 670 1636 oﬂ’erre
712 1580 983 1635 laudabile
1018 1582 1275 1636 omnibus
1305 1582 1613 1650 videretur;
1647 1598 1767 1638 cum
1872 1574 2120 1646 personis
2152 1575 2343 1640 Deum,
2368 1590 2555 1630 omnes
2580 1578 2825 1633 homines
2852 1580 3040 1635 Adami
3065 1595 3291 1651 peccato
3314 1600 3438 1640 con-

202 1674 461 1727 nimirum
488 1673 547 1740 ii,
582 1674 671 1742 qui
697 1674 871 1743 primo
893 1675 1193 1729 certamine
1219 1676 1455 1743 superati
1493 1676 1771 1731 sacriﬁca-

1872 1670 2180 1733 demnatos,
2210 1669 2335 1736 quia
2379 1683 2567 1723 omnes
2600 1670 2652 1723 in
2685 1672 2893 1726 Adatno
2922 1688 3315 1741 peccaverunt;
3344 1678 3435 1732 Fi-

203 1775 418 1826 verant,
457 1766 725 1834 reparatis
758 1766 967 1820 viribus
995 1766 1062 1819 ad
1088 1781 1320 1837 pugnam
1366 1768 1619 1823 redirent.
1660 1768 1767 1823 La-
1871 1762 2000 1815 lium
2028 1762 2118 1815 Dei
2154 1771 2353 1816 nostra?
2382 1763 2574 1818 salutis
2597 1778 2761 1818 causa
2790 1779 2857 1819 ex
2892 1763 3105 1836 Virgine
3132 1782 3258 1823 vere
3283 1770 3438 1839 geni-

201 1859 313 1926 psis
342 1860 782 1913 communionem
806 1858 957 1927 justo
993 1859 1157 1914 citius
1199 1861 1549 1928 poscentibus
1573 1870 1768 1917 auctor
1799 1924 1829 1928 λ
1873 1864 2022 1919 tum.
2067 1868 2365 1924 verumque
2417 1854 2584 1909 Deum
2630 1866 2686 1910 ει
2731 1871 2918 1914 verum
2966 1860 3233 1915 hominem
3279 1876 3428 1927 esse;

200 1924 283 2003 est
324 1948 386 2004 S.
417 1950 723 2021 Cyprianus
762 1924 821 2004 in.
853 1953 1009 2022 epist.
1044 1948 1129 2017 M,
1176 1924 1232 2004 u—t
1271 1953 1338 2006 ad
1381 1968 1611 2023 pugnam
1640 1957 1765 2010 red-
1798 1924 1840 1979 Β
1869 1950 2141 2003 neminem
2170 1948 2461 2017 justiﬂcari
2495 1965 2675 2021 posse,
2705 1950 2808 2005 nisi
2856 1966 2952 2019 per
2990 1950 3147 2005 tidem
3180 1966 3299 2021 quae
3322 1924 3435 2024 ’per

197 2040 372 2094 eundo
444 2051 683 2108 optatam
758 2056 947 2112 pacem
993 2054 1415 2112 consequantur.
1466 2044 1521 2099 S.
1570 2045 1765 2103 Petrus
1864 2042 2190 2097 cbaritatern
2222 2042 2276 2097 in
2308 2044 2471 2097 corda
2504 2051 2688 2097 nostra
2726 2058 2754 2095 a
2790 2041 2998 2110 Spiritu
3045 2052 3236 2099 sancto
3272 2042 3432 2101 diﬂ‘u-

197 2132 598 2188 Alexandrinus
619 2174 634 2198 ,
663 2147 787 2186 can.
821 2132 876 2196 8,
912 2134 1013 2199 eis,
1048 2134 1138 2203 qui
1188 2134 1427 2189 secundo
1454 2136 1662 2205 praelia,
1697 2139 1764 2193 ad
1865 2148 1980 2188 sam
2004 2134 2348 2201 operatur";
2375 2150 2535 2189 unam
2560 2133 3086 2203 prorsusEcclesiam
3111 2148 3253 2199 esse,
3275 2136 3432 2205 cuius

197 2226 339 2295 quod
367 2226 509 2279 ultro
534 2226 872 2293 prodierant,
904 2227 1139 2283 victores
1163 2227 1396 2293 fuerant,
1422 2233 1763 2287 communio-
1865 2239 1963 2278 nec
2002 2226 2180 2279 unitas
2218 2241 2451 2296 unquam
2482 2224 2677 2295 rumpi,
2713 2240 2813 2280 nec
2842 2225 2977 2279 ﬁdes
3006 2226 3246 2295 perverti
3274 2236 3431 2295 pote-

200 2332 318 2373 nem
350 2318 642 2383 concedit,
672 2332 975 2390 eorumque
1020 2320 1287 2375 actionem
1329 2322 1761 2393 perfectissimam
1867 2317 1970 2382 rit;
1999 2327 2153 2371 extra
2181 2333 2344 2387 Quam
2371 2317 2607 2386 Spiritus
2634 2327 2855 2372 sanctus
2881 2317 3067 2372 haberi
3101 2334 3204 2375 non
3233 2328 3425 2389 potest.

196 2412 550 2477 penitentiam
589 2428 701 2466 esse
728 2412 987 2469 declarat.
1030 2409 1285 2468 Testatur
1309 2416 1391 2468 vir
1418 2417 1763 2473 doctissimus
1865 2408 1991 2466 Ilaec
2022 2419 2079 2464 et
2122 2410 2225 2464 alia
2267 2408 2527 2476 ejusmodi
2571 2411 2823 2477 dogmata
2870 2424 2936 2462 ex
2976 2409 3249 2463 mentibus
3287 2409 3427 2465 elabi

197 2501 459 2556 Eusebius
487 2502 776 2557 Renaudot
802 2501 1011 2568 Perpct.
1042 2504 1135 2571 fid.
1157 2546 1171 2572 ,
1211 2505 1421 2573 tom.\l,
1446 2506 1482 2561 l.
1512 2523 1598 2573 tn,
1628 2524 1676 2563 c.
1705 2509 1759 2571 7,
1864 2510 2141 2571 poterant,
2173 2502 2297 2556 dum
2332 2510 2425 2554 aut
2459 2498 2580 2555 libri
2606 2500 2843 2554 haeretici
2875 2501 2972 2553 sub
3001 2499 3174 2553 sancti
3200 2499 3429 2570 alicujus

197 2593 360 2664 lapsis
395 2596 538 2666 apud
580 2597 817 2664 Copbtas
863 2608 917 2651 et
964 2598 1239 2654 Jacohitas
1283 2600 1559 2669 praescribi
1603 2610 1661 2655 ut
1697 2604 1763 2657 ad
1864 2595 2083 2648 nomine
2108 2594 2401 2649 inscienter
2431 2592 2701 2662 leguntur,
2730 2600 2823 2645 aut
2848 2590 3152 2660 philosophi
3192 2592 3426 2647 audiun-

192 2696 469 2743 certamen
498 2690 741 2744 redeant.
764 2689 965 2746 Leuius
994 2701 1221 2762 egerunt
1250 2692 1424 2747 sancti
1447 2691 1634 2749 Patres
1663 2709 1763 2748 nec

1866 2698 1953 2742 tur
1998 2688 2281 2743 incautius.
2327 2685 2396 2739 At
2440 2685 2561 2754 quis
2588 2697 2824 2753 unquam
2878 2692 2969 2736 aut
3023 2684 3308 2739 haereticos
3352 2683 3426 2738 le-

196 2781 299 2846 iis,
336 2783 428 2852 qui
469 2782 712 2838 luetuosa
765 2784 1093 2840 infirmitatis
1142 2786 1439 2856 specimina
1477 2785 1760 2851 dederant,

1864 2779 2062 2849 gendo,
2098 2786 2192 2831 aut
2227 2776 2577 2847 philos0phos
2622 2777 2891 2831 audiendo
2926 2778 2992 2829 ad
3036 2777 3175 2830 hanc
3221 2776 3427 2832 doctri-

196 2881 401 2927 tantum
434 2890 577 2930 onus
620 2876 1002 2946 imponendum
1051 2880 1342 2932 duxerunt.
1389 2876 1497 2932 Cur
1541 2878 1759 2947 probari
1864 2888 2021 2938 nam,
2053 2872 2141 2927 cui
2179 2872 2541 2941 patrocinium
2584 2887 2613 2925 a
2648 2870 2853 2926 sanctis
2888 2870 3135 2925 Patribus
3166 2871 3421 2941 petimus,

195 2979 294 3016 ann
327 2965 595 3029 solerent,
629 2970 719 3035 qui
756 2983 815 3023 se
846 2967 988 3023 ultro
1017 2966 1344 3033 oﬂ'erebant,
1379 2970 1429 3025 in
1464 2986 1625 3026 causa
1661 2970 1761 3024 fuit
1863 2966 2174 3034 pervenisse
2202 2964 2454 3019 dicetur?

194 3053 375 3108 eadem
401 3055 655 3109 humana:
679 3058 1071 3113 imbecillitatis
1087 3060 1471 3127 consideratio,
1492 3077 1609 3130 quae
1627 3076 1760 3115 non-
1936 3058 2091 3113 Scire
2117 3058 2281 3113 etiam
2310 3058 2470 3113 velim
2509 3071 2757 3126 quaenam
2793 3056 2864 3115 sit
2904 3053 2993 3111 illa
3023 3071 3268 3112 errorum
3303 3055 3425 3112 iuli-

196 3160 464 3216 nnnquam
501 3149 554 3202 in
589 3150 673 3215 iis,
705 3150 797 3219 qui
830 3162 1019 3223 sponte
1045 3155 1112 3207 ad
1143 3162 1418 3208 certamen
1446 3155 1758 3224 prodibant,
1864 3151 1979 3206 uita
2007 3150 2314 3215 multitudo,
2347 3164 2507 3219 quam
2557 3162 2625 3203 ex
2673 3147 3025 3219 Septuaginta
3063 3148 3423 3218 interpretum

195 3237 431 3293 infelices
462 3240 643 3295 exitus
680 3242 960 3298 habuerat.
1783 3269 1830 3332 ο
1856 3241 2057 3310 iactata
2104 3240 2459 3311 inspiratione
2501 3256 2599 3311 par
2640 3249 2759 3294 erat
2806 3240 3088 3309 perﬂuere.
3134 3239 3267 3295 Nam
3300 3255 3422 3296 eum

259 3328 543 3399 Pra>cipne
576 3346 701 3385 vero
726 3333 779 3385 in
802 3330 1069 3388 Justinum
1096 3336 1315 3404 iniquus
1342 3347 1426 3391 est
1454 3337 1597 3391 idem
1622 3338 1758 3392 scri-
1797 3328 1827 3332 ’
1864 3336 2037 3405 ipsum
2088 3334 2380 3404 Scriptura:
2430 3341 2741 3387 contextum
2791 3333 3055 3388 divinitus
3099 3332 3421 3403 inspiratum

194 3428 333 3487 pter,
368 3438 494 3477 cum
538 3438 663 3477 eum
708 3423 767 3477 in
802 3428 987 3480 eadem
1019 3428 1301 3501 Apologia,
1334 3446 1386 3487 n.
1429 3429 1487 3494 ι,
1522 3430 1755 3485 ethnicis
1862 3442 1983 3482 esse
2029 3426 2177 3481 inter
2220 3439 2411 3485 omnes
2456 3426 2811 3491 conveniret;
2860 3425 3217 3495 periculosius
3254 3426 3424 3481 multo

194 3510 530 3569 Christianos
563 3517 629 3568 ad
665 3528 894 3571 mortem
937 3516 1041 3578 sibi
1088 3518 1218 3587 ipsis
1249 3519 1583 3575 inferendam
1631 3522 1759 3575 hor~
1862 3535 1969 3574 non
1992 3526 2113 3573 erat
2140 3517 2659 3587 interpretationem
2681 3517 2941 3573 divinitus
2970 3516 3285 3586 inspiratam
3307 3530 3424 3574 cre~

195 3606 424 3659 tantibus
454 3608 525 3658 ita
563 3608 889 3676 respondere
922 3610 1019 3673 ait,
1061 3623 1120 3665 ut
1159 3611 1430 3666 actionem
1469 3612 1616 3667 illam
1648 3628 1755 3668 nou
1861 3612 2011 3674 dere,
2043 3625 2203 3679 quam
2242 3618 2497 3664 accurate
2542 3618 2598 3663 et
2644 3608 2934 3677 diligenter
2962 3608 3316 3665 elaboratam.
3361 3609 3420 3664 ltt

192 3699 482 3766 vituperet.
521 3697 841 3769 Litigiosum
875 3700 1034 3769 hujus
1058 3703 1294 3757 hominis
1322 3704 1561 3759 animum
1591 3719 1759 3773 agno-
1862 3710 2095 3768 utraque
2116 3702 2267 3756 enim
2302 3702 2557 3769 Opinione
2596 3713 2812 3763 sensus,
2854 3716 3013 3768 quem
3046 3700 3421 3770 interpretatio

193 3799 301 3841 seet
331 3788 583 3857 quisquis
623 3789 797 3843 locum
836 3791 1014 3862 legere
1046 3808 1149 3849 non
1188 3794 1523 3861 gravabitur.
1554 3793 1757 3849 Couce-
1860 3793 1912 3845 in
1949 3792 2122 3846 aliena
2169 3792 2346 3862 lingua
2386 3791 2833 3859 repraesentabat,
2861 3805 3012 3860 aeque
3044 3806 3072 3844 a
3106 3792 3216 3847 Deo
3250 3793 3419 3848 tradi-

196 3881 297 3947 ptis
325 3880 474 3933 enim
504 3882 685 3935 verbis
718 3882 965 3937 declarat
988 3880 1240 3939 Justinus
1266 3883 1605 3939 Christianos
1628 3898 1757 3939 con-
1860 3892 1945 3937 tus
1976 3882 2147 3936 videri
2174 3882 2379 3935 debuit.
2402 3879 2517 3936 Non
2550 3882 2723 3952 major
2753 3897 2882 3953 ergo
2904 3884 3121 3937 inducta
3152 3884 3420 3953 pernicies

194 3981 270 4024 tra
299 3972 392 4025 Dei
423 3972 755 4027 voluntatem
791 3985 1061 4040 venturos,
1086 3977 1132 4030 si
1166 3978 1235 4030 ita
1261 3991 1320 4031 se
1350 3986 1558 4047 gerant.
1856 3974 1925 4027 ab
1954 3973 2037 4029 bis
2068 3975 2158 4043 qui
2194 3972 2545 4043 Septuaginta
2578 3974 2905 4043 interpretes
2930 3988 2959 4028 a
2994 3974 3197 4044 Spiritu
3228 3986 3419 4031 sancto

259 4060 343 4115 ΙΙΙ.
387 4061 499 4115 Sed
539 4063 811 4118 fatendum
859 4076 942 4121 est
985 4067 1240 4121 nonnulla
1283 4084 1433 4135 esse,
1476 4069 1530 4123 in
1560 4069 1753 4143 quibus
1862 4064 2071 4119 aﬂlatos
2094 4066 2261 4122 fuisse
2288 4069 2565 4133 dixerunt,
2597 4084 2758 4139 quam
2787 4071 2856 4123 ab
2886 4068 2971 4123 his
3000 4069 3093 4138 qui
3127 4067 3339 4123 illorum
3364 4068 3417 4125 in

195 4166 373 4207 verum
397 4152 649 4210 Justinus
680 4171 784 4211 non
810 4158 964 4212 vidit.
997 4158 1199 4216 Praeter
1228 4175 1452 4229 regnum
1484 4161 1629 4215 mille
1656 4176 1756 4216 ano
1859 4162 2271 4233 interpretando
2292 4163 2626 4233 diligentiam
2652 4164 2961 4220 laudarunt.

194 4262 402 4313 eorum,
437 4248 666 4316 angelos
694 4262 815 4303 cum
851 4250 1168 4305 mulieribus
1206 4252 1375 4320 stupri
1404 4252 1753 4309 consuetudi-
1928 4252 2009 4307 iV.
2059 4254 2205 4309 Citat
2250 4256 2410 4310 etiam
2450 4271 2569 4325 cap.
2605 4257 2651 4323 i,
2692 4257 2827 4310 idem
2872 4258 3106 4328 scriptor
3147 4273 3247 4327 ea,
3296 4272 3418 4329 qua:

196 4356 309 4395 netu
341 4342 623 4403 habuisse,
658 4344 957 4397 versionem
989 4342 1133 4398 LXX
1167 4344 1526 4414 interpretum
1554 4344 1753 4398 divini-
1856 4355 2113 4401 auctores
2140 4344 2369 4427 Europe
2395 4348 2613 4401 eruditm
2638 4348 2705 4401 ad
2727 4363 2926 4403 annum
2959 4349 3119 4415 1718,
3148 4354 3213 4405 de
3248 4366 3416 4422 regno

192 4442 275 4487 tus
307 4434 630 4500 inspiratam
682 4433 848 4489 fuisse
886 4436 1259 4499 existimavit,
1308 4446 1471 4504 atque
1512 4435 1565 4490 hi
1618 4436 1751 4491 nazvi
1863 4439 2006 4492 mille
2041 4453 2306 4493 annorum
2332 4455 2359 4491 a
2391 4439 2635 4509 pluribus
2655 4441 3040 4497 ecclesiasticis
3062 4443 3415 4513 scriptoribus

193 4538 505 4579 communes
541 4526 590 4579 ei
633 4542 750 4579 cum
780 4526 1023 4596 pluribus
1048 4526 1172 4580 aliis
1205 4528 1483 4582 veteribus
1517 4528 1750 4597 scripto-
1854 4534 2105 4602 adoptato
2132 4534 2211 4587 sic
2262 4533 2614 4601 pronuntiant
2644 4546 2660 4585 :
2697 4550 2716 4584 ι
2748 4533 2939 4588 Annon
2984 4534 3099 4588 ﬂeri
3139 4537 3313 4603 potuit
3358 4546 3416 4591 ut

196 4616 330 4671 ribus
372 4618 618 4671 lucrum.
649 4617 785 4683 Quid
816 4619 938 4673 inde
962 4619 1183 4688 colliget
1218 4619 1299 4674 Cl.
1341 4614 1751 4691 Barbeyracus?
1782 4606 1826 4661 Ῑ)
1854 4624 1945 4695 qui
1974 4641 2094 4679 cum
2123 4626 2379 4693 apostolis
2409 4626 2675 4691 vixerunt,
2704 4640 2889 4681 eorum
2918 4628 3415 4685 sententiam/male

197 4729 212 4762 ι
250 4711 302 4764 Si
337 4721 447 4763 tam
477 4712 777 4764 oscitanter
800 4712 903 4764 labi
935 4721 1181 4781 potuere,
1213 4713 1405 4781 inquit,
1428 4727 1478 4765 c.
1500 4712 1556 4774 Ξ,
1587 4711 1746 4781 μη.
1855 4716 2246 4782 intellexerint,
2281 4716 2495 4784 sibique
2527 4716 2625 4771 visi
2670 4718 2778 4770 sint
2808 4720 2873 4771 ab
2904 4719 2983 4772 eis
3017 4721 3292 4788 accepisse
3318 4722 3415 4773 do.

194 4803 239 4856 in
264 4804 531 4871 ejusmodi
566 4802 755 4868 rebus;
790 4804 916 4869 quid
968 4804 1311 4859 auctoritatis
1350 4804 1589 4857 tribuere
1624 4816 1749 4871 pos.
1850 4811 2103 4871 clrinam,
2136 4822 2253 4877 quze
2303 4815 2483 4861 tamen
2521 4821 2746 4861 erronea
2793 4810 2972 4862 esset?
3018 4806 3131 4863 Hoc
3168 4808 3413 4879 profecto

192 4910 364 4948 sumus
384 4909 577 4948 eorum
603 4896 884 4949 consensui
907 4896 993 4950 vel
1023 4897 1258 4949 maxime
1282 4896 1520 4948 unanimi
1550 4896 1601 4947 in
1628 4895 1747 4948 aliis
1850 4902 1964 4956 ﬁeri
2013 4912 2188 4972 potest
2229 4917 2243 4952 :
2289 4914 2393 4953 non
2437 4901 2579 4952 enim
2629 4900 2824 4953 desunt
2862 4901 3108 4968 exempla
3152 4901 3409 4955 similium

194 4989 378 5051 rebus,
413 4989 468 5040 in
501 4990 696 5055 qntbus
731 5002 881 5057 aettue
925 4988 1123 5041 saltem
1162 4988 1381 5041 obnoxii
1420 4987 1567 5039 fuere
1598 4988 1747 5041 aber-
1848 5008 2114 5047 errorum.
2152 4992 2371 5047 Dicebat
2407 4991 2597 5059 Papias
2630 5005 2689 5044 se
2728 4992 2794 5045 ab
2839 4992 3097 5059 apostolis
3137 4993 3412 5061 accepisse

194 5086 489 5139 rationibus
534 5084 682 5138 falsa:
718 5084 923 5139 critica:
952 5101 1016 5140 ac
1036 5085 1324 5140 deterioris
1355 5084 1748 5155 philosophiae?
1849 5085 2098 5154 (Euseb.,
2132 5084 2301 5149 Hist.,
2335 5100 2385 5151 ν,
2420 5084 2513 5153 59)
2538 5124 2553 5147 ,
2586 5094 2801 5138 sanctos
2830 5082 3120 5151 aliquando
3154 5082 3207 5137 in
3246 5083 3410 5137 terris

193 5176 278 5232 γά
307 5179 409 5231 hoc
444 5192 614 5229 unum
644 5178 951 5245 exemplum
988 5178 1360 5245 inspirationis
1394 5177 1745 5246 Septuaginta
1851 5184 2169 5243 regnaturos
2212 5190 2335 5227 cum
2388 5173 2606 5228 Christo
2653 5188 2750 5240 per
2796 5172 2946 5227 mille
2992 5187 3195 5238 annos;
3248 5182 3409 5243 atque

191 5270 559 5338 interpretum,
585 5284 704 5337 qua!
726 5270 1023 5338 generatim
1048 5270 1252 5322 credita
1283 5268 1382 5321 fuit
1403 5276 1525 5321 ante
1553 5268 1608 5320 S.
1630 5267 1748 5320 Hie-
1848 5266 1954 5321 ltoc
1990 5266 2204 5336 dogma,
2237 5267 2338 5321 etsi
2368 5266 2584 5329 falsum,
2612 5268 2927 5332 adoptatum
2961 5264 3062 5319 fuit
3091 5280 3120 5318 a
3152 5278 3409 5337 praestan-

190 5377 487 5433 ronymum,
516 5363 587 5415 ita
612 5377 805 5414 nexum
836 5370 890 5415 et
912 5362 1218 5431 colligatum
1244 5370 1328 5413 est
1354 5375 1475 5414 cum
1501 5362 1746 5413 iunume-
1848 5360 2072 5415 tissitnis
2104 5358 2507 5414 Christianismi
2551 5360 2706 5421 viris,
2748 5356 2979 5419 Justino,
3025 5357 3249 5421 lrenzeo,
3296 5356 3405 5413 Ne-

193 5454 443 5507 rabilibus
476 5453 779 5515 erroribus,
816 5467 953 5520 quos
982 5454 1105 5506 inde
1138 5450 1465 5506 naturaliter
1486 5451 1742 5517 consequi
1845 5462 1998 5523 pote,
2025 5452 2326 5519 Victorino,
2353 5452 2657 5516 Lactantio,
2686 5451 2923 5521 Sulpicio
2954 5449 3185 5516 Severo,
3208 5449 3406 5519 Quinto

190 5563 268 5613 par
298 5557 440 5609 erat,
466 5557 526 5599 ut
546 5546 679 5600 nihil
707 5544 939 5616 amplius
968 5546 1279 5616 requiratur
1303 5546 1370 5599 ad
1397 5546 1743 5599 evertendam
1844 5542 1989 5597 Julio
2017 5545 2319 5611 Hilarione,
2349 5545 2758 5611 Commodiano,
2791 5545 2880 5613 qui
2913 5542 3042 5598 illud
3068 5542 3407 5598 defendendo

192 5641 415 5696 [auditus
446 5641 671 5693 Patrum
710 5649 766 5692 et
814 5639 1120 5696 traditionis
1146 5638 1547 5703 auctoritatem,
1583 5651 1741 5707 quam
1842 5638 2171 5691 videbantur
2193 5636 2297 5693 sibi
2327 5636 2682 5707 apostolicam
2720 5635 3062 5691 traditionem
3092 5634 3399 5690 defendere.

192 5734 463 5803 Scriptura
494 5736 695 5789 audent
722 5735 1029 5803 adaequare.
1844 5731 2035 5805 Opera:
2078 5748 2205 5802 ergo
2254 5736 2485 5807 pretium
2531 5741 2678 5790 esset
2727 5733 2883 5789 nobis
2927 5732 3169 5789 indicare
3210 5731 3404 5803 quibus

252 5895 288 5925 ”
320 5893 475 5949 Rom.
513 5907 564 5958 ν,
595 5892 648 5947 5.
