4120 6412
780 369 888 426 I05
1717 359 1772 416 S.
1809 358 2139 418 JUSTINUS
2172 349 2652 416 PHILOSOPBUS
2673 356 2762 413 ET
2793 355 3075 412 IARTYB
3897 357 3996 414 IN

769 490 914 544 notis
958 484 1211 556 cognosci
1260 483 1434 553 possit
1475 479 1663 536 Patres
1701 496 1806 536 non
1852 498 2070 546 errare,
2103 498 2226 537 cum
2256 499 2320 536 ea
2352 492 2397 546 Α
2429 480 2670 544 locum,
2700 496 2748 534 c.
2779 480 2826 534 Ι.
2863 480 2996 546 Quis
3037 493 3142 532 non
3169 477 3314 532 videt
3337 475 3600 544 ejusmodi
3627 474 3995 543 conjecturam

769 591 870 632 nos
895 577 1110 640 docent,
1127 588 1248 644 qua:
1269 576 1337 628 ab
1360 573 1617 641 apostolis
1641 573 1915 640 accepisse
1937 589 1994 627 se
2025 575 2206 628 dicunt
2238 585 2332 628 aut
2432 570 2660 626 eruditis
2704 570 3083 638 scriptoribus,
3125 577 3189 622 ut
3230 575 3315 620 est
3355 566 3634 621 hominum
3671 564 3948 635 ingenium
3976 606 3992 630 ,

767 669 837 722 ab
863 667 1170 738 apostolicis
1199 665 1352 720 viris.
1380 663 1518 719 Ecce
1544 665 1686 718 enim
1710 665 1900 730 dogma
1925 663 2137 727 falsum,
2165 666 2331 718 tradi.
2433 659 2577 714 aiiud
2630 660 2916 729 agentibus
2971 657 3274 714 excidisse?
3319 657 3627 723 Quinetiam
3679 657 3731 710 in
3760 656 3848 717 iis,
3878 670 3998 724 quae

770 759 913 812 tione
943 757 1174 810 maxime
1197 755 1490 810 venerabili
1513 754 1816 808 fundatum.
1852 773 1870 804 ο
1893 753 2181 823 Postquam
2215 759 2329 810 haec
2431 751 2704 804 traditioni
2736 761 2791 804 et
2823 749 3117 817 Scriptura:
3144 751 3379 803 maxime
3425 758 3789 802 consentanea
3820 747 3998 801 disse-

768 846 948 902 retulit
977 846 1357 915 Barbeyracus,
1387 845 1453 900 de
1488 860 1586 898 suo
1627 846 1776 898 addit
1801 863 1812 896 :
1845 865 1868 897 ε
1907 847 2003 900 Diu
2046 859 2327 916 exspecta-
2431 850 2576 901 runt,
2605 842 2648 894 si
2679 849 2858 894 tamen
2894 855 2980 895 res
3003 840 3111 895 sint
3141 841 3374 893 nondum
3404 841 3472 893 ab
3494 841 3746 893 omnibus
3768 840 4000 908 cognita:

765 933 840 989 bit
864 944 1050 988 auctor
1082 933 1252 987 Diarii
1283 933 1600 988 solutionem
1644 947 1753 986 sua:
1781 933 2128 988 dilicultatis.
2161 955 2181 987 ι
2426 942 2483 986 et
2537 930 2867 998 diiudicata,
2898 947 3004 985 non
3043 934 3289 985 eamdem
3337 932 3588 985 fiduciam
3641 931 4002 999 prasefcrunt

843 1023 901 1078 Si
943 1025 1087 1091 quod
1128 1037 1362 1091 unquam
1391 1024 1599 1076 exstitit
1629 1023 1928 1091 sophisma.
1957 1026 2070 1079 sive
2095 1031 2327 1094 quatuor
2426 1037 2487 1077 ac
2520 1023 2572 1075 in
2606 1026 2766 1076 rebus
2797 1022 3052 1077 Ecclesia:
3073 1023 3277 1092 judicio
3308 1023 3558 1077 ﬁrmatis.
3587 1021 3878 1077 Consultus
3924 1023 3993 1076 ab

765 1131 836 1171 ex
880 1116 1128 1170 terminis
1153 1124 1412 1169 constans
1443 1114 1813 1185 syllogismus;
1851 1117 1935 1168 hic
1966 1115 2204 1185 profecto
2229 1135 2322 1172 οι.
2425 1111 2702 1166 Houorato
2731 1115 2982 1182 episcopo
3015 1115 3075 1168 ὃ.
3106 1114 3464 1184 Augustinum,
3501 1129 3625 1167 num
3657 1117 3912 1183 episcopo
3942 1120 3999 1165 et

771 1217 883 1263 stat
932 1217 987 1260 et
1035 1206 1317 1260 manifeste
1369 1207 1802 1276 deprehenditur.
1848 1207 2004 1263 Falsa
2054 1211 2319 1278 reperitur
2422 1202 2639 1257 clericis
2670 1202 2856 1270 fugere
2887 1203 3066 1267 liceat,
3113 1204 3426 1259 imminente
3451 1203 3748 1258 obsidionis
3778 1214 4000 1256 antes-

765 1299 970 1368 opinio,
998 1313 1160 1366 quam
1193 1297 1261 1350 ad
1287 1311 1347 1352 se
1369 1311 1510 1352 unus
1532 1297 1724 1367 aliquis
1753 1300 1987 1369 scriptor
2016 1301 2083 1354 ab
2111 1311 2321 1369 aposto-
2419 1294 2546 1348 cidii
2579 1295 2840 1362 periculo,
2876 1296 3088 1362 regulas
3119 1297 3308 1350 statuit
3352 1296 3403 1349 in
3436 1297 3597 1364 epist.
3628 1295 3752 1357 2‘28,
3787 1296 3840 1347 in
3875 1294 3996 1364 qni-

762 1389 883 1444 licis
904 1389 1038 1442 viris
1063 1389 1373 1456 pervenisse
1399 1389 1534 1442 dicit
1557 1407 1570 1442 :
1599 1405 1727 1455 ergo
1757 1391 1807 1443 in
1833 1393 2195 1460 suspicionem
2227 1409 2297 1446 se

2419 1382 2520 1437 bus
2561 1398 2772 1438 summa
2821 1387 2986 1455 ipsius
3019 1387 3282 1454 sapientia
3313 1386 3603 1450 enitescit;
3655 1388 3748 1440 sed
3798 1397 3983 1441 tanton

761 1479 882 1536 nire
908 1479 1068 1534 debet
1095 1487 1205 1533 tota
1233 1478 1321 1531 illa
1346 1479 1569 1531 traditio
1593 1489 1648 1532 et
1669 1479 1976 1548 dogmatum
1997 1482 2312 1550 complexio,
2421 1475 2501 1528 sic
2539 1476 2738 1529 desinit
2775 1494 2787 1528 :
2825 1494 2843 1526 ι
2875 1476 2998 1531 llaec
3030 1478 3147 1542 tibi,
3175 1477 3298 1546 quia
3327 1491 3410 1530 me
3439 1479 3782 1541 consuluisti,
3816 1477 3993 1530 frater

763 1587 930 1642 quam
979 1571 1208 1640 apostoli
1241 1585 1270 1622 a
1320 1570 1536 1624 Christo
1576 1581 1852 1641 acceptam
1903 1575 1996 1626 toti
2039 1574 2311 1640 Ecclesia,
2416 1567 2792 1631 dilectissime,
2812 1583 2917 1636 qua
2948 1570 3261 1624 existimavi
3293 1569 3522 1630 veritate
3550 1581 3603 1624 et
3636 1581 3784 1624 certa
3811 1570 3998 1623 chari-

761 1677 872 1717 non
905 1662 1115 1730 privato
1145 1659 1328 1723 alicui,
1360 1662 1756 1728 praedicandam
1782 1673 1836 1714 et
1867 1665 2113 1717 omnibus
2143 1679 2311 1718 saecu-
2415 1668 2525 1712 tate
2556 1661 2832 1728 rescripsi,
2886 1661 2980 1712 sed
3020 1678 3086 1715 ne
3118 1663 3420 1728 meliorem,
3465 1666 3510 1718 si
3558 1663 3856 1724 inveneris,
3901 1676 3995 1714 se-

759 1753 827 1807 lis
856 1757 1282 1808 conservandam
1313 1754 1722 1806 commiserunt.
1758 1751 1906 1807 Unus
1937 1768 2002 1807 ex
2033 1756 2311 1822 scriptori-
2345 1823 2375 1826 _
2411 1751 2599 1820 quaris
2627 1753 2949 1805 sententiam
2982 1768 3086 1806 non
3113 1757 3441 1826 praescripsi.
3470 1776 3489 1809 ι

755 1845 859 1899 bus
886 1843 1272 1899 ecclesiasticis
1308 1845 1514 1897 erravit
1553 1854 1611 1899 et
1649 1860 1891 1898 errorem
1920 1844 2039 1898 aliis
2062 1848 2315 1914 propina-
2344 1823 2389 1882 Β
2483 1842 2542 1895 2ο
2581 1842 2684 1909 Qui
2737 1854 2844 1897 tant
2896 1843 3112 1900 diﬂicile
3154 1861 3277 1901 esse
3315 1823 3506 1918 putant
3537 1864 3698 1903 veras
3727 1857 3783 1903 et
3817 1848 3997 1903 falsas

754 1936 853 1997 vit,
884 1933 1010 1989 dum
1046 1935 1302 1989 nonnulla
1343 1949 1403 1989 se
1450 1937 1724 2004 accepisse
1751 1937 1818 1989 ab
1848 1937 2159 2005 apostolicis
2187 1939 2318 1992 viris
2419 1934 2730 1988 traditiones
2759 1937 3148 1999 internoscere,
3184 1940 3376 1992 borum
3424 1940 3684 2007 iniquitas
3720 1954 3784 1993 eo
3813 1942 3994 1992 niani-

755 2027 874 2091 ait;
907 2034 1160 2091 suspecta
1191 2038 1322 2093 ergo
1349 2025 1607 2079 universa
1642 2025 1907 2091 Ecclesia,
1940 2027 2066 2080 dum
2104 2043 2316 2083 summo
2415 2023 2626 2088 festior,
2657 2027 2801 2096 quod
2829 2027 2928 2096 ipsi
2974 2029 3268 2094 scriptores
3297 2031 3680 2095 ecclesiastici,
3708 2031 3754 2084 si
3779 2045 3890 2098 qua
3926 2030 3986 2083 in

753 2131 1025 2170 consensu
1083 2115 1328 2169 declarat
1385 2130 1446 2169 se
1486 2117 1553 2169 ab
1599 2118 1856 2185 apostolis
1897 2119 2168 2184 accepisse
2213 2119 2313 2171 do-
2416 2128 2474 2168 re
2520 2115 2776 2170 aberrent
2823 2133 2850 2168 a
2898 2134 3047 2186 vero,
3093 2121 3364 2189 opinionis
3411 2133 3779 2176 commentum
3823 2125 3993 2192 longe

752 2207 1007 2260 ctrinam.
1034 2205 1224 2260 Plures
1250 2205 1612 2261 ecclesiastici
1638 2209 1940 2276 scriptores
1978 2209 2153 2262 minus
2178 2208 2314 2264 belle

752 2300 1064 2355 ratiocinati
1095 2310 1241 2360 sunt,
1279 2301 1407 2353 dum
1450 2315 1614 2353 unum
1661 2301 1896 2370 aliquem
1947 2300 2310 2368 antiquiorem

752 2402 1054 2461 sequuntur
1099 2392 1290 2444 ducem
1345 2392 1398 2444 in
1447 2390 1608 2446 rebus
1651 2393 1903 2447 obscuris
1941 2401 1997 2446 et
2045 2390 2306 2445 incertis:

754 2481 911 2535 nulla‘
931 2497 1064 2552 ergo
1096 2481 1205 2535 illis
1231 2481 1583 2536 attribuenda
1615 2484 1927 2544 auctoritas,
1951 2483 2075 2536 dum
2105 2482 2158 2534 in
2199 2494 2314 2534 ma-

753 2570 971 2626 nifestis
995 2580 1050 2626 et
1087 2573 1408 2627 certissimis
1449 2587 1548 2642 pro
1596 2575 1862 2627 universae
1907 2573 2162 2628 Ecclesia:
2208 2572 2309 2626 fide

751 2659 1058 2716 decertant.

820 2750 975 2806 ﬂaud
1003 2752 1221 2822 quidem
1240 2752 1400 2807 facile
1421 2753 1624 2807 veritas
1649 2754 2002 2819 inveniretur,
2025 2754 2107 2808 vel
2134 2753 2309 2823 potius

751 2843 983 2899 inveniri
1030 2844 1252 2898 omnino
1285 2859 1392 2897 non
1438 2855 1639 2914 posset,
1686 2846 1731 2899 si
1769 2845 1910 2900 illam
1941 2847 2168 2915 apostoli
2196 2847 2309 2914 pri-

746 2936 891 2991 vatis
931 2937 1245 2991 hominibus
1295 2937 1731 3002 commisissent,
1777 2938 1871 3007 qui
1915 2953 2033 2992 eam
2082 2937 2306 2992 arbitrio

747 3044 890 3091 suo,
933 3037 991 3082 ut
1039 3029 1092 3082 in
1135 3029 1300 3082 sectis
1342 3030 1784 3099 philosophorum
1809 3067 1826 3093 ,
1879 3039 2177 3084 tractarent
2209 3050 2220 3082 :
2251 3037 2307 3082 at

745 3121 1046 3189 pretiosum
1094 3120 1226 3174 illud
1265 3121 1568 3190 depositum
1610 3119 1863 3176 Ecclesia
1891 3134 1988 3190 per
2014 3129 2184 3174 totum
2207 3133 2301 3174 or-
2329 3156 2372 3213 ο

744 3211 1108 3267 hem—diﬂusas
1139 3214 1500 3269 tradiderunt.
1526 3216 1656 3269 Illud
1682 3225 1861 3268 autem
1887 3214 2210 3282 depositum,
2233 3213 2302 3268 de

743 3316 858 3372 quo
886 3303 1128 3358 Ecclesia
1160 3320 1260 3360 nec
1301 3306 1511 3361 detrahi
1558 3307 1850 3375 quidquam
1882 3321 1981 3360 nec
2010 3305 2297 3374 superaddi

742 3395 969 3463 patitur,
998 3410 1106 3450 non
1152 3395 1223 3450 ita
1246 3412 1460 3468 semper
1501 3400 1754 3453 omnibus
1781 3399 1896 3452 suis
1927 3400 2168 3468 partibus
2189 3400 2301 3455 cla-

745 3498 865 3538 rem
907 3495 964 3540 et
1005 3487 1348 3556 perspicuum
1375 3499 1478 3552 est,
1511 3489 1640 3555 quin
1672 3487 1916 3542 diﬂlciles
1939 3491 2186 3542 oriantur
2215 3490 2300 3543 in-

743 3576 958 3629 terdum
989 3579 1318 3645 quaestiones
1343 3617 1360 3642 ,
1400 3590 1466 3633 ac
1509 3581 1762 3648 dogmata
1815 3581 2070 3636 nonnulla
2113 3582 2181 3636 ab
2216 3584 2300 3637 his

745 3666 900 3734 ipsis,
933 3667 1030 3735 qni
1061 3669 1230 3723 totius
1255 3667 1562 3725 traditionis
1590 3673 1985 3727 servantissimi
2016 3683 2168 3735 sunt,
2201 3674 2300 3727 mi-

743 3771 848 3811 nus
871 3757 1223 3811 considerate
1261 3757 1548 3812 ledantur.
1593 3757 1707 3814 Hoc
1750 3775 1915 3814 unum
1961 3777 2092 3831 ergo
2127 3763 2297 3832 queri

741 3846 987 3910 deberet,
1012 3845 1209 3916 quibus
1233 3849 1378 3904 notis
1401 3849 1747 3918 diguoscatur
1786 3853 2004 3922 propria
2037 3854 2300 3922 cujusque

740 3938 1020 4008 scriptoris
1053 3939 1242 4007 opinio
1267 3940 1336 3993 ab
1362 3941 1464 4002 bis,
1502 3954 1624 4008 qua
1653 3946 2001 3998 commissam
2042 3945 2300 4000 Ecclesia:

740 4027 1092 4083 traditionem
1121 4030 1438 4100 pradicant.
1471 4035 1541 4085 At
1568 4033 1712 4088 hunc
1742 4035 1983 4090 laborem
2011 4037 2111 4106 ipsi
2141 4038 2298 4092 nobis

736 4122 916 4175 sancti
949 4119 1138 4175 Patres
1167 4122 1503 4176 minuerunt.

807 4211 866 4264 1·
905 4210 1081 4279 Ipsam
1113 4211 1402 4283 dogmatis
1453 4227 1718 4267 summam
1782 4212 1964 4268 sedulo
1988 4215 2300 4271 discernunt

737 4303 914 4357 sancti
970 4302 1160 4359 Patres
1197 4303 1265 4355 ab
1296 4303 1395 4368 iis,
1426 4317 1546 4371 qua:
1573 4315 1667 4356 aut
1695 4308 1762 4359 ad
1791 4297 2113 4375 explicanda
2154 4305 2298 4360 Βαι-

735 4402 908 4462 pturae
925 4393 1239 4448 obscuriora
1276 4393 1393 4450 loca
1421 4403 1515 4448 aut
1537 4397 1601 4449 ad
1629 4397 1910 4451 solvendas
1926 4398 2297 4450 haereticorum

2412 2205 2571 2261 aliter
2597 2206 2890 2262 defendant
2932 2225 2998 2265 ac
3037 2211 3362 2266 catholicam
3399 2214 3750 2268 traditionem
3785 2213 3986 2267 defen-

2413 2297 2542 2353 dere
2571 2299 2765 2353 solent.
2800 2299 2870 2355 Ut
2911 2316 3081 2370 pauca
3111 2303 3176 2358 de
3203 2305 3500 2360 innumeris
3536 2305 3757 2359 aﬂ’eram
3789 2321 3990 2360 exem-

2413 2388 2538 2457 pla;
2571 2405 2698 2442 num
2732 2388 2975 2444 Justinus
3006 2392 3360 2464 Septuaginta
3395 2396 3750 2463 interpretum
3783 2397 3983 2449 eodem

2411 2479 2570 2533 modo
2596 2495 2661 2534 ac
2685 2481 3071 2550 prophetarum
3107 2484 3516 2552 inspirationem
3563 2487 3861 2555 praedicat?
3890 2486 3992 2540 Ju-

2409 2571 2554 2625 da‘os
2601 2572 2654 2624 in
2703 2573 2805 2626 hoc
2847 2583 3055 2626 tantum
3097 2576 3345 2644 castigat,
3396 2593 3451 2629 η.
3479 2576 3567 2639 68,
3601 2577 3686 2639 Ἠ,
3717 2578 3803 2640 72,
3837 2581 3991 2648 quod

2409 2659 2741 2716 elaboratam
2771 2663 2910 2730 apud
2961 2662 3308 2717 Ptolemaeum
3341 2666 3844 2735 interpretationem
3873 2671 3986 2721 im-

2409 2762 2619 2806 mutare
2649 2764 2702 2806 et
2733 2754 3043 2822 vituperare
3078 2755 3350 2820 audeant;
3397 2757 3618 2811 minime
3649 2773 3801 2822 vero,
3832 2760 3985 2827 quod

2409 2843 2670 2898 divinitus
2703 2845 3020 2913 inspiratam
3067 2863 3170 2900 non
3201 2847 3447 2902 credant.
3484 2848 3825 2904 Christianos
3858 2865 3988 2906 esse

2406 2945 2565 3004 negat
2593 2950 2708 2999 eos,
2751 2937 2843 3004 qui
2893 2939 3344 2992 resurrectionem
3375 2954 3478 2992 non
3514 2940 3766 3007 credunt,
3797 2941 3983 3008 Dick,

2405 3040 2460 3078 n.
2491 3023 2580 3078 80.
2609 3028 2682 3079 At
2737 3025 2934 3080 ibidem
2986 3028 3137 3097 regni
3179 3030 3459 3082 terrestris
3498 3042 3863 3086 commentum
3898 3035 3985 3088 sic

2406 3111 2674 3176 defendit,
2710 3125 2766 3168 ut
2792 3131 2939 3183 purze
2968 3127 3023 3171 et
3053 3118 3276 3186 integrae
3321 3118 3440 3172 fidei
3473 3122 3837 3176 testimonium
3873 3125 3977 3177 ad-

2404 3205 2658 3260 versariis
2692 3207 2913 3260 tribuat.
2947 3207 3239 3263 Prolltetur
3265 3211 3485 3279 quidem
3517 3226 3576 3265 se
3617 3222 3671 3267 et
3722 3229 3982 3271 resurre-

2403 3297 2638 3349 ctionem
2675 3305 2730 3350 et
2759 3312 2984 3365 regnum
3011 3300 3157 3354 mille
3195 3316 3460 3354 annorum
3489 3319 3807 3373 agnoscere,
3832 3317 3885 3360 et
3921 3311 3982 3361 ss'

2399 3386 2490 3454 qui
2536 3397 2672 3442 recte
2721 3390 2776 3442 in
2825 3391 3066 3445 omnibus
3098 3393 3335 3446 sentiunt
3363 3395 3678 3460 Christiani,
3711 3397 3762 3450 id
3802 3407 3888 3452 est
3917 3399 3979 3454 in

2403 3479 2470 3531 iis
2489 3479 2678 3544 etiam,
2704 3493 2824 3547 quae
2845 3482 3077 3536 obscura
3101 3492 3156 3536 et
3179 3485 3401 3541 minime
3424 3487 3628 3542 decisa.
3654 3486 3785 3540 Nam
3817 3488 3976 3555 alibi,

2402 3584 2595 3638 nempe
2625 3586 2680 3623 n.
2714 3570 2806 3635 39,
2832 3573 3136 3628 catholicos
3185 3573 3388 3630 fatetur
3437 3579 3603 3632 totius
3649 3580 3913 3634 doctrina:
3938 3597 3973 3635 a

2398 3657 2615 3711 Christo
2665 3660 2874 3713 traditae
2922 3661 3375 3719 retinentissimos
3425 3680 3567 3720 esse.
3612 3668 3743 3736 Quis
3792 3670 3971 3724 nescit

2397 3745 2722 3816 Cyprianum
2772 3757 2829 3801 et
2879 3746 3249 3805 Firmilianum
3306 3754 3360 3807 in
3411 3769 3474 3808 ea
3524 3759 3956 3821 concertatione,

2398 3853 2558 3906 quam
2590 3851 2711 3892 cum
2742 3837 3015 3908 Stephano
3059 3842 3387 3909 habuerunt,
3416 3848 3494 3901 sic
3527 3851 3801 3916 propriam
3841 3852 3972 3918 opi-

2400 3929 2616 3986 nionem
2655 3931 2918 3994 tenuisse,
2949 3942 3006 3985 ut
3049 3933 3213 3988 aliter
3251 3939 3456 3991 sentire
3493 3937 3576 3991 fas
3609 3954 3733 3992 esse
3761 3954 3970 3995 conceo

2398 4021 2608 4084 derent,
2633 4029 2796 4089 atque
2820 4022 2870 4074 id
2898 4038 3061 4076 unum
3090 4027 3396 4082 arctissime
3418 4028 3792 4095 defenderent,
3818 4033 3969 4098 quod

2398 4109 2466 4164 ab
2495 4111 2822 4166 adversariis
2851 4129 2953 4168 non
2985 4116 3166 4184 negari
3197 4117 3436 4186 quidem,
3464 4121 3556 4173 sed
3582 4131 3758 4174 tamen
3781 4123 3970 4191 suspi-

2397 4206 2589 4260 ciendo
2615 4205 2990 4261 haereticorum
3020 4209 3341 4278 baptismate
3370 4211 3488 4266 laedi
3518 4223 3572 4267 et
3602 4214 3771 4268 everti
3804 4223 3963 4282 puta-

2398 4295 2549 4362 bant,
2577 4311 2770 4367 nempe
2799 4296 3059 4365 Spiritum
3081 4311 3325 4354 sanctum
3353 4313 3507 4356 extra
3529 4301 3831 4358 Ecclesiam
3862 4305 3965 4359 ba-

2397 4385 2513 4440 beri
2547 4402 2651 4440 non
2685 4388 2881 4456 posse?

739 4481 902 4536 tricas
967 4491 1024 4536 et
1089 4482 1465 4538 cavillationes
1536 4485 1827 4540 disserunt.
1881 4485 2290 4555 Primogenitum
2322 4497 2366 4549 ι)
2465 4477 2524 4530 ‘3'
2561 4475 2782 4542 Ουοιίεε
2829 4479 3063 4533 hare-$68
3107 4481 3390 4549 pI‘Odiel’e.
3453 4497 3704 4551 magnum
3746 4499 3967 4556 semper

735 4570 905 4623 omnis
933 4580 1189 4627 creatum
1217 4570 1414 4625 Filium
1447 4571 1539 4626 Dei
1569 4587 1711 4626 nunc
1741 4573 1810 4628 ob
1837 4585 2083 4649 naturam
2105 4574 2291 4626 huma-

733 4674 885 4724 nam,
920 4675 1068 4714 nnnc
1097 4663 1166 4715 ob
1193 4661 1432 4715 divinam
1459 4663 1660 4722 dictum
1690 4664 2033 4728 existimant;
2059 4662 2292 4716 Ariano-

731 4761 938 4816 nmet
967 4751 1428 4808 Eunomianorum
1454 4757 1923 4825 sophismata‘non
1946 4770 2161 4823 semper
2183 4768 2289 4806 uno

730 4854 788 4899 et
831 4844 1025 4902 eodem
1075 4844 1235 4898 modo
1284 4845 1353 4898 ab
1401 4840 1652 4900 omnibus
1703 4847 2016 4909 solvuntur;
2069 4847 2134 4899 de
2181 4844 2283 4897 diei

732 4935 1072 5004 ignoratione
1107 4952 1252 4991 nunc
1298 4937 1425 5000 hoc,
1472 4952 1613 4990 nunc
1644 4937 1772 4990 illud
1811 4938 1915 4991 dici
1964 4936 2282 5004 patiuntur;

731 5025 897 5080 modo
936 5025 1070 5079 nihil
1097 5026 1319 5082 Christo
1355 5024 1662 5096 aiﬁngatur,
1693 5029 1832 5095 quod
1871 5027 1978 5081 Deo
2011 5018 2282 5096 indignum

732 5119 826 5172 sit.
843 5115 983 5172 Num
1001 5117 1218 5172 diliicile
1243 5127 1328 5172 est
1348 5120 1400 5172 in
1424 5118 1686 5184 ejusmodi
1713 5119 1872 5172 rebus
1892 5120 2064 5186 ipsum
2092 5120 2282 5184 dogma

733 5212 914 5275 abiis,
942 5225 1062 5278 quas
1090 5211 1155 5264 ad
1182 5209 1337 5265 illius.
1352 5209 1716 5264 defensionem
1745 5209 2059 5273 aﬂ‘eruntur,
2091 5207 2282 5262 distin-

727 5303 929 5372 guere?
959 5301 1248 5373 Origenes,
1293 5303 1418 5357 dum
1449 5301 1785 5369 conjiciendo
1809 5302 2067 5364 luxuriat,
2097 5299 2282 5356 nescio

727 5411 837 5465 quo
853 5405 1027 5464 :pacto
1061 5396 1114 5448 in
1143 5393 1362 5464 Virgine
1397 5393 1648 5462 Deipara,
1682 5408 1802 5462 quae
1847 5393 2000 5447 cruci
2035 5402 2143 5446 tam
2191 5407 2282 5462 ge-

726 5505 924 5545 nerose
966 5499 1183 5558 tamque
1227 5497 1543 5542 constanter
1593 5488 1785 5552 astitit,
1814 5485 2172 5541 constantiam
2215 5501 2280 5540 ac

728 5581 940 5635 llrmam
969 5578 1102 5633 Filio
1145 5578 1383 5648 patiente
1412 5576 1565 5632 iidem
1597 5578 1886 5641 desiderat,
1913 5573 2193 5630 homil.'27
2227 5578 2279 5628 in

727 5667 946 5724 Lucam.
977 5668 1267 5736 Origenem
1307 5670 1548 5722 imitatus
1587 5667 1842 5731 Basilius,
1875 5666 2030 5735 epist.
2057 5664 2184 5732 260,
2215 5681 2279 5720 ac

732 5758 970 5813 nonnulli
1023 5757 1139 5826 alii,
1165 5773 1300 5824 quos
1348 5770 1595 5815 recenset
1626 5757 1901 5824 Petavius,
1943 5758 2033 5812 lib.
2080 5772 2168 5811 xiv
2201 5755 2277 5810 De

2390 4566 2607 4620 veritati
2657 4566 2964 4636 praesidium
3028 4567 3080 4618 in
3134 4568 3371 4636 antiquis
3419 4566 3672 4625 Patribus
3719 4573 3959 4639 positum

2389 4655 2518 4719 fuit;
2556 4670 2657 4710 nec
2685 4667 2872 4709 eorum
2912 4655 3220 4709 testimonio
3265 4660 3646 4712 auctoritatem
3693 4660 3956 4728 detraxit,

2387 4747 2432 4800 si
2458 4747 2585 4815 quid
2613 4747 2734 4801 aliis
2766 4749 2818 4801 in
2853 4748 3013 4800 rebus
3056 4760 3148 4800 aut
3192 4747 3370 4802 minus
3404 4751 3683 4814 vidissent,
3722 4763 3816 4806 aut
3851 4756 3959 4808 mi-

2386 4851 2487 4891 nus
2513 4847 2765 4892 accurate
2803 4839 3204 4892 disseruissent.
3238 4837 3505 4890 Nonnulla
3536 4841 3588 4892 in
3615 4842 3850 4910 Origene
3885 4844 3952 4902 S.

2384 4926 2708 4980 Athanasius
2735 4941 2840 4979 non
2876 4929 3167 4995 probabat;
3196 4927 3287 4980 sed
3309 4935 3487 4981 tamen
3520 4929 3662 4984 illius
3695 4933 3951 4989 testiino-

2383 5018 2530 5070 nium
2573 5018 2640 5072 de
2665 5018 2838 5072 Verbo
2870 5018 3340 5084 consubstantiali,
3375 5029 3432 5071 ut
3476 5020 3641 5074 telum
3675 5023 3950 5080 inelucta-

2381 5110 2510 5174 bile,
2557 5111 2610 5164 in
2647 5111 2877 5165 Arianos
2912 5112 3158 5176 vibravit,
3190 5121 3320 5164 tom.
3351 5111 3390 5176 Ι,
3423 5128 3476 5180 p.
3507 5113 3632 5168 252.
3669 5115 3726 5168 S.
3758 5117 3951 5187 Augu—

2378 5204 2555 5257 Stinus
2579 5203 2632 5254 ln
2661 5217 2720 5256 re
2747 5205 2974 5256 obscura
3012 5216 3074 5254 ac
3106 5204 3342 5256 nondum
3387 5204 3568 5257 decisa
3595 5219 3697 5259 non
3733 5209 3951 5274 patitur

2379 5293 2504 5355 sibi,
2539 5291 2808 5360 Origeuis,
2852 5292 3079 5363 Didymi,
3113 5293 3330 5345 Eusebii
3380 5294 3636 5362 Emiseni,
3669 5297 3946 5356 Theodori

2379 5383 2708 5438 Heracleam
2738 5393 2794 5437 et
2827 5381 2888 5437 S.
2917 5381 3140 5436 Joannis
3167 5384 3541 5453 Chrysostomi
3584 5389 3943 5457 testimoniis,

2379 5473 2549 5544 legem
2587 5476 2784 5544 imponi
2811 5490 2874 5528 ac
2902 5489 3018 5529 eam
3041 5474 3344 5530 libertatem
3373 5479 3528 5545 eripi,
3561 5492 3682 5546 qua:
3709 5482 3762 5532 in
3790 5480 3944 5548 ejus-

2379 5567 2522 5620 modi
2553 5567 2712 5620 rebus
2735 5567 3074 5622 concedenda
3107 5578 3209 5631 est,
3240 5581 3326 5636 ep.
3359 5570 3448 5634 82,
3486 5585 3538 5622 n.
3577 5570 3612 5622 ‘5
3655 5581 3712 5623 et
3747 5573 3837 5626 25.
3867 5575 3947 5629 At

2379 5659 2433 5711 in
2463 5658 2790 5712 defendenda
2829 5660 3032 5725 peccnt-i
3066 5659 3345 5730 originalis
3388 5671 3442 5715 et
3472 5663 3661 5729 gratia
3687 5663 3943 5720 doctrina

2377 5754 2695 5825 Pelagianos
2742 5754 2938 5822 premit
2989 5754 3308 5810 testimoniis
3359 5755 3658 5824 Cypriani,
3723 5757 3942 5829 liilarii,
