4120 6482
199 446 305 502 105

1202 426 1264 489 D.
1298 431 1560 489 MARANI
1586 422 1978 489 PREFATIO.
2016 463 2081 473 -
2114 427 2297 485 PARS
2330 428 2419 485 Ill.

3350 436 3449 496 106

197 562 441 630 Gregorii
468 573 518 617 et
553 559 844 623 Ambrosii,
873 570 1071 627 eosque
1115 558 1197 613 sic
1233 558 1529 627 alloquitur
1560 573 1574 609 :
1611 573 1632 607 ι
1666 555 1773 609 Νο-
1801 561 1847 617 Α
1878 566 2069 610 omnes
2105 555 2157 607 in
2191 555 2507 609 Creatorem
2539 552 2917 611 universarum
2951 554 3119 612 Deum
3152 560 3449 629 credimus,

200 671 294 711 vos
346 655 628 710 haereticos
680 667 776 707 vos
823 651 1043 720 antiqua
1081 649 1347 704 catholica
1402 650 1558 715 lides,
1607 663 1768 718 quam

199 748 361 802 modo
407 760 719 817 oppugnare
776 743 1041 814 cmpiStis,
1092 759 1121 801 a
1177 744 1635 814 praeclarissimis,
1676 744 1770 814 qui

199 840 419 894 luerunt
440 850 565 894 ante
588 855 705 901 nos,
728 839 1038 893 doctoribus
1065 838 1349 909 praedicata
1376 837 1730 890 demonstrat.
1747 854 1767 886 ι

202 930 303 999 ορ.
336 931 547 1001 ξηραί.
583 930 675 984 lib.
708 934 759 995 ἰ,
790 948 845 983 ιι.
874 931 928 984 9.
964 928 1155 999 Neque
1178 942 1306 998 ergo
1334 929 1463 982 nixa
1491 928 1648 980 unius
1679 936 1768 979 aut

196 1022 418 1081 alterius
442 1024 675 1077 hominis
696 1023 1003 1077 testimonio
1032 1022 1254 1074 traditio
1280 1018 1573 1087 fundatam
1600 1020 1769 1073 totius

198 1115 457 1171 Ecclesiae
508 1130 783 1173 consensu
828 1114 1170 1169 traditionem
1231 1112 1498 1177 debilitat,
1544 1124 1648 1187 nec
1702 1110 1769 1164 de

196 1220 382 1261 eorum
413 1208 675 1276 pondere,
708 1221 830 1275 quae
874 1208 941 1259 ad
968 1202 1250 1261 catholica:
1284 1203 1548 1257 doctrinae
1584 1200 1771 1255 delen-

195 1302 401 1355 sionem
434 1300 639 1368 antiqui
673 1300 968 1367 scriptores
989 1298 1314 1361 docuerunt,
1351 1295 1645 1354 detrahere
1676 1296 1767 1347 de-

194 1393 284 1446 bet
310 1392 425 1462 lere
448 1392 663 1461 aliquod
690 1392 740 1444 in
770 1390 933 1444 rebus
974 1388 1223 1443 obscuris
1244 1397 1510 1451 erratum,
1542 1395 1635 1439 aut
1670 1386 1771 1439 nti-

197 1502 293 1538 nus
308 1488 594 1541 commoda
622 1483 855 1538 diﬂicilis
886 1482 1183 1551 Scriptura:
1221 1479 1323 1535 loci
1362 1478 1764 1550 interpretatio.

260 1579 321 1631 4·
359 1578 415 1634 Si
443 1579 572 1647 quid
620 1577 796 1633 sancti
828 1576 1018 1633 Patres
1062 1577 1241 1631 minus
1266 1577 1552 1631 commode
1579 1590 1769 1630 seuse-

193 1672 298 1726 rint
345 1680 434 1725 aut
466 1670 727 1735 dixerint,
775 1668 829 1723 id
881 1682 1053 1736 neque
1098 1667 1374 1722 bereticis
1407 1668 1547 1722 tradi
1580 1666 1764 1731 debet,

193 1780 369 1833 neque
420 1765 487 1817 ab
536 1763 809 1817 haereticis
847 1760 971 1829 jure
1023 1761 1189 1831 arripi
1240 1770 1439 1831 potest.
1491 1761 1766 1815 Docucrat

190 1855 494 1926 Cyprianus
528 1855 857 1923 baptismum
887 1862 1040 1907 extra
1070 1852 1633 1907 Ecclesiamvalidum
1657 1868 1762 1905 non

191 1966 312 2005 esse
348 1967 364 2003 ε
392 1952 531 2003 idem
562 1954 855 2005 senserunt
881 1946 1173 2001 Donatistae
1199 1956 1253 2001 et
1284 1945 1539 2017 Cypriani
1570 1961 1793 1999 nomen.

190 2044 397 2098 erroris
423 2042 507 2096 sui
536 2040 1003 2111 propugnaculum
1040 2053 1163 2093 esse
1191 2039 1500 2093 voluerunt.
1548 2037 1653 2093 Sed
1691 2049 1771 2091 ta-

191 2150 313 2189 men
376 2134 436 2187 S.
478 2132 737 2202 martyris
788 2131 1156 2185 testimonium
1189 2130 1523 2199 Augustinus
1559 2132 1770 2198 eripere

189 2227 490 2281 Donatistis
537 2242 643 2281 non
692 2227 924 2287 dubitat,
971 2235 1026 2279 et
1070 2225 1365 2280 secundum
1400 2224 1476 2278 De
1505 2225 1765 2291 baptismo

190 2320 388 2373 librum
415 2319 494 2372 sic
511 2318 795 2372 exorditur
822 2335 838 2372 :
878 2336 897 2368 ι
919 2320 1192 2385 Quantum
1225 2332 1322 2386 pro
1356 2318 1531 2380 nobis,
1568 2318 1790 2389 inquit.~

188 2415 290 2469 hoc
321 2426 405 2469 est
427 2430 523 2483 pro
546 2429 678 2486 pace
703 2415 973 2470 catholica
1002 2414 1206 2469 faciant
1228 2430 1315 2474 ea.
1347 2428 1468 2483 qua!
1503 2423 1763 2484 tanquam

186 2526 248 2561 os
285 2512 609 2565 auctoritate
637 2509 780 2563 beati
814 2508 1068 2580 Cypriani
1098 2508 1361 2562 adversus
1389 2523 1491 2562 nos
1537 2522 1564 2559 a
1611 2517 1767 2575 parte

187 2604 381 2658 Donati
432 2604 804 2673 proferuntur.
839 2614 893 2657 et
927 2611 1190 2671 quantum
1244 2603 1353 2656 sint
1387 2604 1648 2655 adversus
1674 2614 1766 2653 eos

186 2718 214 2747 ει
247 2698 449 2765 quibus
487 2696 860 2763 proferuntur,
895 2694 1185 2762 adjuvante
1240 2693 1489 2757 Domino,
1538 2694 1765 2747 demon-

186 2804 365 2843 strare
410 2791 725 2859 preposuin
783 2787 838 2841 Si
887 2790 1009 2857 quis
1062 2790 1224 2859 igitur
1272 2794 1457 2856 spreto
1502 2785 1764 2840 Ecclesia!

187 2898 453 2937 consensu
487 2885 537 2937 id
569 2899 713 2937 nunc
740 2882 1035 2937 defendere
1061 2883 1282 2947 audeat,
1327 2883 1472 2953 quod
1504 2880 1629 2934 olim
1670 2879 1765 2934 Ju‘

184 2977 361 3028 sticus
413 2974 479 3029 de
520 2989 687 3045 regno
723 2973 868 3027 mille
910 2987 1176 3025 annorum
1209 2975 1460 3043 opinatus
1496 2983 1598 3033 est,
1638 2971 1761 3025 huic

184 3069 424 3122 maxime
453 3066 827 3121 adversabitur
857 3063 1124 3129 JuStinus,
1156 3067 1242 3116 cui
1280 3074 1429 3118 tanto
1480 3066 1532 3117 in
1585 3064 1760 3132 pretio

183 3163 280 3214 luit
334 3160 589 3215 Ecclesiae
638 3160 956 3214 auctoritas.
989 3158 1259 3227 Quidquid
1295 3158 1437 3211 enim
1491 3158 1556 3211 de
1603 3156 1760 3209 Chri-

1874 662 1973 717 pcr
2005 663 2200 701 nomen
2227 647 2573 717 primogeniti
2602 646 2747 702 illius
2774 647 2899 702 Filii
2930 649 3162 705 sordidis
3189 652 3449 721 vestibus,

1875 741 1929 794 id
1982 748 2063 794 est
2090 740 2348 809 peccatis,
2379 742 2526 795 exuti
2556 749 2608 793 et
2636 754 2733 811 per
2764 742 2989 797 verbum
3037 744 3339 800 vocationis
3372 749 3447 801 iu-

1872 832 2156 900 llammati,
2197 849 2387 889 verum
2437 848 2610 903 genus
2656 836 2995 890 sacerdotale
3034 835 3127 891 Dei
3177 853 3385 894 sumus.
3425 857 3446 893 ι

1874 926 1971 981 His
2018 937 2199 981 autem
2249 927 2449 993 verbis,
2479 928 2649 980 instar
2692 929 2847 982 unius
2889 929 3136 994 hominis,
3184 933 3450 988 unitatem

1874 1014 2130 1069 Ecclesia:
2160 1015 2440 1070 catholica!
2467 1018 2739 1086 designari
2765 1034 2887 1071 eum
2924 1034 3021 1087 per
3050 1037 3109 1075 se
3136 1032 3307 1091 patet,
3336 1034 3449 1079 tum

1872 1122 1936 1161 ex
1972 1108 2096 1163 aliis
2131 1109 2266 1163 locls
2313 1110 2633 1164 conﬁrmari
2676 1119 2873 1178 potest.
2901 1113 3018 1177 Ait,
3052 1131 3102 1167 ιι.
3131 1114 3223 1179 η,
3254 1132 3452 1186 pravos

1870 1200 2121 1257 homines
2151 1209 2436 1269 postquam
2460 1200 2683 1256 Christo
2709 1204 2965 1259 submissi
3001 1215 3058 1260 et
3093 1206 3295 1264 dociles
3321 1208 3450 1267 facti

1869 1304 2016 1359 sunt,
2047 1310 2223 1349 omnes
2248 1296 2419 1349 instar
2443 1298 2599 1350 unius
2620 1297 2783 1366 puelli
2811 1298 2983 1366 facta:
3005 1316 3133 1365 esse,
3164 1318 3229 1357 ac
3260 1304 3449 1359 addit:

1874 1407 1893 1440 ι
1921 1387 2093 1454 Quale
2119 1397 2203 1443 est
2229 1392 2396 1445 etiam
2416 1392 2558 1459 quod
2591 1392 2642 1444 in
2670 1406 2905 1461 corpore
2934 1392 3124 1448 videre
3160 1394 3308 1461 licet,
3328 1412 3451 1452 cum

1869 1480 2035 1533 multa
2081 1485 2325 1533 membra
2363 1491 2737 1545 numerentur,
2766 1482 2947 1537 omnia
3005 1499 3169 1538 unum
3222 1496 3349 1541 sunt
3397 1498 3452 1543 et

1867 1581 2133 1625 vocantur
2158 1587 2380 1641 corpus.
2416 1592 2434 1623 ι
2470 1573 2669 1627 Eadem
2697 1575 2765 1629 de
2799 1589 2990 1639 causa,
3039 1594 3095 1631 ιι.
3127 1579 3220 1643 65,
3268 1581 3451 1635 Eccle-

1866 1663 1999 1717 siam
2031 1664 2080 1717 in
2109 1664 2317 1733 psalmo
2344 1680 2467 1719 thv
2495 1667 2574 1720 sic
2606 1668 2918 1736 compellari
2944 1669 3197 1723 observat
3226 1689 3239 1723 :
3288 1674 3452 1739 Audi,

1866 1756 2000 1824 ﬁlia,
2040 1768 2086 1811 et
2113 1760 2252 1810 cide.
2289 1759 2437 1811 Adeo
2466 1768 2646 1812 autem
2696 1760 3039 1830 exploratum
3070 1772 3189 1817 erat
3232 1763 3453 1820 Justiuo

1870 1867 1969 1905 nec
1999 1852 2260 1906 unitatem
2291 1851 2543 1907 Ecclesia:
2572 1856 2746 1922 rumpi
2777 1870 2961 1923 posse,
2991 1871 3090 1913 nec
3117 1861 3369 1915 traditam
3401 1864 3449 1917 ei

1873 1944 2154 1999 veritatem
2191 1945 2258 1997 ab
2295 1959 2485 1998 errore
2514 1947 2781 2013 superari,
2821 1957 2878 2001 ut
2907 1965 3242 2021 quzecunque
3268 1957 3449 2008 orian-

1874 2045 1963 2090 tur
1990 2046 2170 2099 sectaz,
2209 2036 2307 2091 has
2338 2035 2624 2091 catholicis
2659 2054 2762 2091 non
2792 2042 3071 2095 metuendi
3101 2054 3156 2097 et
3185 2047 3448 2113 halreudi,

1871 2129 1966 2183 sed
2018 2130 2226 2185 lirmlus
2274 2140 2330 2185 et
2379 2134 2563 2185 acrius
2608 2131 2662 2184 in
2709 2130 2813 2185 lidc
2841 2146 2895 2188 et
2926 2134 3137 2190 unitate
3166 2117 3447 2206 perstandi

1868 2224 2213 2277 occasionem
2256 2239 2379 2279 esse
2427 2226 2687 2281 declaret.
2743 2245 2760 2277 ι
2789 2226 2865 2280 Es
2936 2244 3000 2283 eo
3040 2230 3223 2293 etiam,
3276 2232 3450 2301 inquit

1870 2315 2083 2387 Dialog.
2121 2334 2173 2370 ιι.
2210 2319 2303 2379 55,
2337 2321 2476 2387 quod
2506 2320 2769 2387 ejusmodi
2802 2332 3019 2377 exstent
3049 2323 3312 2389 homines,
3358 2328 3448 2394 qui

1868 2424 1927 2463 se
1948 2424 2070 2464 esse
2096 2410 2435 2467 Christianos
2474 2414 2854 2483 profiteantur,
2889 2425 2943 2469 et
2968 2412 3177 2481 Iesum,
3204 2419 3293 2487 qui
3322 2434 3450 2473 cru-

1869 2504 2063 2562 cilixus
2117 2517 2223 2573 est,
2269 2507 2556 2560 Dominum
2606 2520 2662 2563 et
2705 2510 2980 2562 Christum
3029 2512 3302 2574 conﬁteri,
3350 2529 3449 2569 nec

1870 2604 2050 2648 tamen
2085 2595 2228 2652 illius
2258 2598 2565 2653 doctrinam
2599 2609 2840 2662 teneant,
2866 2602 2959 2654 sed
2993 2617 3137 2664 eam,
3163 2618 3281 2672 quae
3313 2614 3394 2657 est
3416 2622 3448 2661 ει

1867 2687 2150 2756 spiritibus
2178 2691 2418 2755 erroris;
2453 2706 2549 2744 nos
2583 2694 2673 2761 qui
2708 2707 2846 2746 verte
2877 2708 2940 2747 ac
2963 2708 3113 2763 pura:
3134 2694 3259 2749 Jesu
3288 2697 3447 2751 Chri—

1866 2782 1933 2833 sti
1966 2782 2232 2837 doctrince
2265 2784 2515 2853 discipuli
2563 2800 2771 2851 sumus,
2818 2786 3092 2842 ﬁrmiores
3138 2790 3191 2843 in
3241 2790 3348 2846 ﬂde
3394 2802 3445 2847 et

1866 2875 2266 2930 constantiores
2314 2880 2485 2931 simus
2531 2878 2582 2930 in
2636 2892 2732 2946 spe
2776 2881 2843 2932 ab
2894 2894 2960 2933 eo
3014 2882 3285 2936 nuntiata.
3318 2883 3449 2950 Quae

1865 2969 2009 3020 enim
2040 2969 2090 3020 in
2128 2982 2227 3022 suo
2267 2969 2486 3023 nomine
2511 2980 2772 3025 eventura
2804 2973 3076 3041 praedixit,
3109 2989 3171 3027 ea
3190 2977 3362 3030 oculis
3388 2986 3444 3031 et

1863 3059 2055 3115 eti'ectu
2084 3061 2147 3113 ad
2177 3062 2384 3114 exitum
2427 3066 2687 3132 perducta
2722 3066 3021 3122 cernimus.
3067 3067 3215 3121 Dixit
3245 3070 3388 3125 enim
3425 3087 3441 3125 :

1864 3150 2024 3204 Multi
2073 3154 2272 3206 venient
2328 3154 2382 3207 in
2434 3158 2642 3208 nomine
2702 3158 2899 3223 meo",
2949 3169 3061 3215 etc.
3120 3160 3186 3214 Et
3222 3176 3235 3212 :
3268 3159 3443 3217 Erunt

194 3254 390 3306 stiana
449 3252 724 3322 religionis
768 3252 1104 3306 ornamentis
1156 3260 1211 3304 et
1267 3250 1423 3303 donis
1478 3247 1755 3318 prmdicat,
1787 3251 1830 3309 ο
1861 3243 2145 3297 schismata
2173 3255 2219 3298 et
2250 3247 2553 3299 hwreses”.
2589 3266 2606 3297 ι
2632 3245 2777 3303 Nihil
2812 3250 2958 3304 aliud
2995 3266 3125 3323 ergo
3155 3257 3444 3313 catholicis

180 3344 446 3412 quidquid
475 3345 689 3410 eumue
712 3344 1059 3397 dietinctione
1104 3341 1226 3395 novi
1261 3350 1313 3395 et
1362 3341 1559 3392 veteris
1592 3348 1759 3393 testa-

180 3435 377 3497 menti,
410 3434 671 3502 quidquid
718 3433 787 3487 de
840 3448 978 3486 nova
1032 3432 1120 3486 illa
1169 3431 1469 3495 creatione,
1511 3445 1671 3499 quam
1724 3446 1752 3482 a

176 3528 402 3580 Chrism
447 3526 768 3593 accipimus,
809 3526 1164 3579 disserentem
1208 3526 1258 3577 in
1310 3523 1543 3577 secunda
1593 3521 1753 3591 hujus

179 3617 516 3688 prcfationis
547 3628 700 3685 parte
730 3618 987 3683 vidimus,
1040 3616 1092 3670 id
1146 3614 1401 3670 Ecclesiae
1448 3614 1753 3676 catholicae,

180 3711 421 3765 exclusis
450 3710 707 3763 omnibus
738 3712 919 3774 sectis,
955 3709 1232 3781 proprium
1262 3724 1383 3762 esse
1409 3710 1659 3762 ducebat.
1696 3707 1751 3760 id

182 3810 290 3875 ipse
327 3817 563 3859 testatur
612 3806 662 3858 in
707 3803 955 3873 Diulogo,
998 3820 1054 3856 ιι.
1083 3802 1205 3867 H6,
1240 3802 1327 3856 ubi
1360 3803 1439 3856 sic
1473 3801 1748 3871 loquitur:

184 3921 199 3949 ι
238 3903 343 3954 Sos
391 3902 482 3967 qui
536 3916 633 3969 per
670 3913 863 3952 nomen
916 3895 1043 3951 Jesu
1097 3897 1269 3950 instar
1319 3895 1477 3948 unius
1517 3893 1750 3948 hominis

1863 3333 2101 3389 alierum
2131 3335 2421 3390 schismata
2454 3346 2508 3392 et
2537 3339 2807 3405 haereses,
2841 3342 2943 3395 nisi
2978 3352 3035 3395 ιιι
3068 3347 3442 3411 prmdictiones

1859 3428 2061 3481 Christi
2090 3432 2157 3483 ad
2188 3430 2395 3483 exitum
2446 3432 2671 3499 perduci
2703 3434 3017 3503 intelligant
3050 3440 3183 3491 etin
3215 3439 3316 3495 lide
3347 3441 3443 3494 lir-

1862 3522 2062 3574 miores
2109 3524 2361 3576 evadant.
2389 3521 2543 3589 Quod
2573 3524 2616 3578 si
2654 3526 2834 3579 unitas
2881 3536 2975 3580 aut
3022 3531 3225 3585 veritas
3254 3532 3305 3586 iu
3340 3535 3439 3589 Ec-

1862 3614 2025 3669 clesia
2055 3616 2289 3670 deiicere
2320 3627 2564 3685 possent,
2616 3620 2796 3674 nullus
2825 3630 2968 3676 esset
2996 3638 3173 3690 error,
3208 3628 3297 3695 qui
3334 3643 3438 3681 nun

1861 3704 2115 3760 Ecclesiae
2145 3708 2445 3761 doctrinam
2475 3708 2527 3760 in
2557 3710 2848 3764 discrimen
2872 3712 3197 3782 adduceret;
3233 3716 3437 3769 nullum

1858 3798 2118 3865 schisma,
2153 3814 2181 3851 a
2212 3814 2318 3868 quo
2367 3813 2474 3854 non
2507 3812 2652 3854 esset
2684 3806 2993 3858 evertendis
3038 3806 3260 3860 unitatis
3291 3809 3439 3876 peri-

1855 3890 2052 3945 culum.

199 4091 3429 4115 Mm

1062 4273 1913 4365 PREFATIONIS
1986 4274 2274 4367 PARS
2349 4280 2544 4368 lli.

470 4464 564 4523 De
595 4459 793 4540 gestis
825 4467 885 4522 et
920 4459 1169 4537 scriptis
1202 4459 1467 4533 Justini,
1500 4458 1774 4531 'l‘utiani,
1810 4460 2229 4539 Athenagorae
2256 4469 2315 4523 et
2347 4463 2686 4541 TheOphili
2722 4468 3132 4532 Antiocheni.

698 4756 778 4811 CA
791 4757 923 4811 PUT
963 4757 1124 4813 PRIM
1137 4757 1252 4814 UM.

254 4870 323 4921 De
352 4867 559 4921 Justini
585 4868 761 4935 patria
798 4876 845 4920 et
888 4878 1029 4948 orm,
1062 4867 1392 4920 instimtione
1420 4867 1610 4936 puerili
1638 4876 1686 4921 et

791 4954 1142 4990 τοηυενειοηε.

190 5032 215 5075 l.
243 5030 291 5078 S.
313 5032 543 5079 Justinus
563 5031 612 5076 in
638 5026 894 5075 Palaestina
920 5028 1121 5088 gentilis
1140 5033 1299 5077 natus.
1330 5028 1391 5077 ῙῙ.
1417 5029 1553 5080 Circa
1574 5042 1754 5079 annum

244 5094 327 5141 ιιι
348 5102 517 5141 natum
541 5092 839 5150 conﬁcimus.
872 5089 953 5137 Ill.
984 5091 1057 5139 De
1082 5090 1185 5153 ejus
1217 5090 1392 5153 studiis
1415 5105 1470 5140 ac
1490 5092 1752 5153 magistris.

244 5154 313 5201 ιν.
348 5154 590 5202 lirabi‘is
630 5152 962 5200 conversionis
1005 5152 1193 5199 modus.
1244 5152 1303 5201 V.
1334 5154 1438 5211 Qua
1464 5155 1514 5201 in
1557 5152 1678 5202 urbe
1702 5159 1755 5200 et

238 5229 329 5272 quo
352 5230 484 5264 anno
508 5226 788 5261 CODVCI‘SUS.

248 5322 283 5373 Ι.
309 5323 381 5375 De
425 5320 705 5391 plerisque
728 5318 786 5373 S.
818 5316 1015 5373 Justini
1057 5320 1223 5391 gestis
1262 5328 1315 5372 ct
1360 5318 1598 5387 scriptis,
1630 5333 1751 5373 cum

190 5426 283 5466 tam
332 5416 517 5467 multa:
577 5412 687 5466 sint
737 5425 956 5480 tamque
997 5412 1369 5482 discrepantes
1416 5412 1753 5465 eruditorum

187 5505 478 5567 sententiae,
518 5503 681 5557 facile
725 5502 965 5573 intelligo
995 5518 1081 5557 me
1121 5505 1175 5557 in
1218 5503 1427 5558 lubrico
1458 5512 1511 5558 et
1550 5502 1749 5557 difficili

186 5600 293 5651 loco
322 5598 558 5652 versari.
587 5598 925 5667 Quapropter
948 5606 1111 5651 totam
1140 5614 1248 5651 rem
1276 5596 1351 5651 sic
1370 5598 1751 5651 administrare

186 5700 228 5739 et
260 5696 602 5755 pertractare
650 5685 905 5750 conabor,
952 5694 1010 5737 ut
1065 5700 1164 5738 nec
1210 5692 1585 5738 asseveranter
1623 5696 1750 5751 pro-

242 5862 284 5891 "
310 5860 507 5914 Matth.
541 5873 691 5919 xxiv,
726 5858 777 5910 5.
854 5857 897 5887 ³³
928 5857 942 5909 1
976 5856 1097 5909 Cor.
1134 5874 1207 5921 ιι,
1241 5858 1300 5911 l‘J

493 5955 762 6013 PATROL.
794 5954 911 6013 Gn.
962 5951 1066 6011 Vl.

1790 4774 1834 4827 ι)
1863 4772 2060 4830 ponam
2090 4770 2211 4827 quae
2240 4754 2397 4809 dubia
2424 4763 2477 4808 et
2510 4757 2717 4809 incerta
2747 4764 2893 4822 sunt,
2926 4770 3024 4810 nec
3047 4772 3167 4823 qua
3203 4764 3438 4813 maxime

1860 4848 2164 4923 probabilia
2198 4847 2407 4901 levibus
2456 4848 2776 4901 ratiunculis
2808 4848 3182 4918 posthabeam.
3217 4848 3273 4904 Si
3308 4851 3440 4920 quid

1857 4951 2035 4997 autem
2065 4939 2201 4996 certi
2228 4946 2281 4994 et
2314 4938 2579 5008 explorati
2606 4949 2877 5003 occurrat,
2905 4939 2957 4993 id
2986 4941 3158 4995 instar
3186 4943 3436 5012 principii

1858 5030 2227 5087 adhibendum
2278 5030 2417 5093 erit,
2478 5038 2587 5081 tum
2637 5030 2704 5081 ad
2766 5028 3057 5083 refellenda
3116 5032 3433 5098 Opinionum

1855 5132 2186 5187 commenta,
2222 5132 2334 5176 tum
2374 5123 2440 5175 ad
2478 5121 2871 5185 confirmanda,
2916 5136 3034 5190 quae
3074 5123 3254 5177 minus
3296 5124 3435 5177 belle

1858 5216 1909 5269 in
1943 5215 2163 5268 dubium
2197 5221 2385 5269 vocata
2422 5210 2659 5265 fuerant.

1926 5308 1985 5364 S.
2029 5318 2233 5378 martyr
2285 5306 2441 5360 initio
2478 5303 2702 5373 majoris
2749 5302 3021 5371 Apologia:
3060 5307 3293 5375 patriam
3334 5321 3432 5374 ap-

1857 5401 2021 5471 pellat
2053 5399 2296 5453 Flaviam
2332 5397 2612 5468 Neapolim
2655 5395 2827 5467 Syriae
2872 5396 3195 5463 Palmstinie,
3234 5414 3297 5451 ac
3337 5415 3435 5467 pu-

1859 5502 1993 5546 trem
2040 5492 2141 5547 sihi
2186 5493 2432 5546 Priscum
2480 5492 2668 5555 fuisse,
2721 5506 2879 5543 avum
2930 5488 3221 5545 Bacchium
3264 5499 3433 5543 testa-

1858 5593 1944 5639 tur
1966 5585 2010 5615 "
2038 5604 2051 5637 :
2080 5584 2327 5639 Justinus
2360 5585 2532 5639 Prisci
2562 5585 2727 5654 ﬁlius,
2761 5584 2981 5636 Buccliii
3010 5599 3187 5649 nepos,
3226 5580 3428 5634 l-‘lat'irc

1860 5678 2111 5748 Neipolis
2153 5682 2206 5734 in
2256 5680 2409 5750 Syria
2466 5681 2764 5735 l’ala'stina:
2786 5680 2997 5734 civium.
3050 5678 3174 5733 Haec
3212 5679 3435 5744 civitas,

1401 5858 1443 5887 ³ἰ
1480 5857 1665 5923 Autiq.
1698 5855 1791 5908 lib.
1830 5869 1905 5919 xi,
1934 5869 1981 5907 c.
2025 5855 2074 5907 8.

3146 5940 3179 5995 is
