4120 6408
729 374 829 431 107

1613 366 1669 419 S.
1704 358 2044 420 JUSTINUS
2080 360 2561 418 PHILOSOPHUS
2593 361 2681 416 ET
2719 360 3030 417 MARTYR.

3883 361 3982 421 £08

729 509 849 564 qua
878 493 1009 546 olim
1050 489 1271 546 Sichem
1303 487 1606 550 dicebatur,
1639 495 1716 551 et,
1755 493 1893 539 teste
1922 483 2178 552 Josepbo,
2220 498 2314 539 ca-
2343 489 2385 546 Α
2416 485 2573 554 gicis.
2606 484 3014 555 Papebrochins
3046 484 3316 552 duplicem
3360 499 3569 539 naevum
3597 485 3787 540 tollere
3819 499 3983 541 cona-

728 595 826 655 put
853 582 1118 638 Samaria:
1142 585 1318 635 fuerat
1346 577 1645 632 Alexandri
1679 576 1856 646 Magni
1893 586 2156 645 tempore,
2190 573 2310 627 Fla-

727 677 831 730 via
868 671 1124 742 Neapolis
1165 685 1362 725 nomen
1403 685 1465 723 ac
1501 668 1592 736 jus
1633 667 1877 722 civitatis
1907 666 2122 720 videtur
2151 680 2308 719 acce-

728 765 878 836 pisse
904 781 935 818 a
961 763 1154 818 Flavio
1179 761 1536 830 Vespasiano.
1559 757 1745 827 Neque
1774 758 1920 812 enim
1947 756 2157 810 colonia
2181 755 2309 809 illuc

725 859 960 912 deducta
997 864 1080 910 est
1116 855 1184 908 ab
1209 852 1326 920 ejus
1356 852 1501 915 ﬁliis,
1536 866 1660 905 cum
1686 849 1800 917 jam
1834 847 2086 917 Neapolis
2121 856 2306 900 vocata

729 950 896 1005 fuerit
922 948 1083 1018 paulo
1132 955 1253 1014 post
1280 945 1549 999 excidium
1567 941 2133 1012 Hierosolymitanum,
2157 949 2216 992 ut
2241 953 2307 993 es

729 1041 886 1098 libris
935 1038 1153 1106 Iosephi
1220 1041 1290 1091 de
1348 1035 1490 1091 bello
1538 1033 1767 1090 Judaico
1804 1033 1904 1087 sub
1951 1031 2052 1086 hoc
2098 1039 2309 1101 tempus

728 1133 954 1204 scriptis
1003 1129 1330 1200 perspicitur
1380 1126 1447 1180 ³⁵.
1499 1124 1649 1181 Unus
1696 1138 1764 1178 ex
1817 1123 1910 1178 bis
1954 1123 2162 1178 colonis
2211 1123 2311 1178 fuit

730 1224 1016 1289 Bacchius,
1059 1221 1213 1290 cujus
1261 1232 1430 1287 nepos
1472 1215 1748 1272 Justinus.
1789 1214 2166 1270 Samaritanos
2210 1229 2307 1283 po-

725 1317 949 1388 pulares
977 1329 1107 1370 suos
1136 1310 1394 1384 appellat,
1423 1325 1529 1366 non
1576 1311 1718 1379 quod
1763 1308 1929 1362 ullam
1963 1316 2174 1375 partem
2214 1321 2308 1361 eo-

730 1425 852 1465 rum
907 1407 1147 1467 instituti
1198 1404 1492 1474 attigisset.
1533 1405 1629 1456 sed
1671 1401 1815 1471 quod
1856 1399 1910 1454 in
1953 1400 2057 1454 hac
2085 1399 2217 1454 urbe
2238 1413 2303 1451 ex

730 1501 938 1557 Graecis
961 1497 1166 1554 colonis
1197 1506 1355 1551 natus
1384 1504 1550 1550 esset.
1581 1493 1793 1562 Ubique
1835 1493 1978 1546 enim
2010 1505 2131 1546 sese
2166 1491 2307 1545 inter

727 1599 978 1654 ethnicos
1018 1595 1084 1651 ad
1133 1593 1414 1649 Christum
1463 1604 1760 1645 conversos
1801 1595 2083 1650 numerat;
2139 1586 2306 1639 incir-

727 1692 1032 1746 cumcisum
1073 1702 1136 1743 se
1179 1699 1299 1741 esse
1343 1684 1587 1740 declarat
1639 1683 1692 1736 in
1751 1680 1972 1749 Dialogo
2021 1694 2138 1731 cum
2174 1677 2305 1747 Try-

725 1783 918 1851 phon.
967 1797 988 1831 ι
1021 1777 1100 1832 Ne
1127 1775 1405 1841 dubitetis,
1461 1775 1657 1842 inquit,
1708 1786 1857 1824 num.
1890 1770 1980 1833 28,
2023 1768 2153 1822 mihi
2203 1768 2303 1822 ho-

2414 582 2534 639 tur;
2562 584 2836 643 postrema
2885 573 3048 629 verba
3092 574 3441 629 librariorum
3490 575 3818 646 negligentia
3866 576 3982 630 loco

2412 680 2512 718 suo
2541 665 2835 729 excidisse,
2874 675 2927 719 et
2966 667 3032 719 ad
3068 668 3476 721 conversionem
3527 667 3722 722 Justlui
3767 684 3875 722 non
3912 670 3980 722 ad

2413 758 2737 827 martyrium
2779 757 2966 810 referri
3001 758 3205 812 debere
3240 761 3597 828 pronuntiat;
3636 775 3734 826 pro
3771 776 3836 813 eo
3881 774 3980 812 au-

2413 859 2518 903 tem
2547 850 2691 918 quod
2728 850 3119 917 interpretatur
3151 850 3431 915 Petavius,
3469 853 3563 904 sub
3607 851 3821 905 Rustico
3848 856 3984 918 prte-

2410 941 2567 1009 fecto,
2598 943 2836 994 Adriano
2861 944 3178 1008 imperante,
3213 943 3327 1011 ipse
3381 946 3458 998 sic
3499 945 3674 998 reddit
3711 960 3728 997 :
3776 946 3981 999 Consu-

2412 1033 2548 1086 libus
2604 1032 2818 1087 Rustico
2871 1043 2919 1086 et
2964 1037 3198 1088 Adriano
3253 1037 3588 1102 imperatore.
3654 1034 3809 1089 Unde
3869 1037 3984 1090 haec

2411 1123 2678 1178 conflatur
2707 1126 2976 1178 sententia
3010 1141 3022 1176 :
3059 1125 3308 1179 Justinus
3332 1143 3450 1179 cum
3478 1129 3532 1180 in
3571 1124 3838 1180 Christum
3868 1141 3983 1180 cre-

2407 1215 2627 1268 didisset
2655 1216 2750 1269 sub
2783 1218 3064 1269 consulatu
3104 1215 3306 1269 Rustici
3333 1227 3382 1270 et
3419 1219 3665 1280 Adriani,
3691 1234 3861 1270 annos
3889 1234 3987 1269 na-

2409 1317 2494 1358 tus
2531 1308 2772 1376 triginta,
2816 1320 2968 1360 (etate
2990 1309 3169 1376 ﬁrma,
3210 1319 3319 1362 etc.
3359 1307 3618 1376 Sequitur
3651 1323 3717 1362 ex
3747 1311 3851 1362 hac
3895 1312 3982 1361 in-

2410 1399 2743 1464 terpretandi
2791 1411 2844 1451 et
2891 1400 3214 1454 emendandi
3262 1402 3476 1454 ratione
3515 1397 3787 1452 Justinqu
3837 1414 3988 1454 anno

2410 1489 2531 1551 H9,
2581 1505 2687 1557 quo
2737 1490 3013 1543 Adrianus
3065 1499 3119 1542 et
3161 1491 3414 1544 Rusticus
3450 1490 3699 1546 consules
3741 1491 3984 1551 fuerunt,

2409 1591 2612 1630 annum
2663 1580 2840 1632 aetatis
2890 1579 3228 1633 tricesimum
3289 1579 3571 1648 attigisse,
3630 1594 3694 1634 ac
3755 1580 3990 1648 proinde

2409 1682 2552 1722 anno
2581 1668 2650 1722 89
2688 1669 2741 1722 itt
2767 1669 2946 1722 lucem
2971 1671 3177 1724 editum
3210 1670 3402 1726 fuisse.

2481 1760 2588 1814 Sed
2623 1761 2878 1815 assentiri
2909 1776 3013 1815 non
3050 1777 3266 1830 possum
3301 1762 3693 1832 Papebrocbio.
3732 1762 3860 1817 Hec
3903 1762 3991 1816 in-

729 1875 861 1928 mitti
897 1872 1284 1927 incircumciso
1327 1867 1574 1922 credere.
1621 1885 1638 1916 ι
1685 1864 1822 1918 Hinc
1862 1863 2024 1918 etiam
2070 1862 2122 1914 in
2162 1862 2302 1928 Apo-

2422 1853 2744 1919 Lerpretatio,
2802 1852 2895 1904 ἐπὶ
2917 1851 3230 1905 Ῥουστικοῦ
3266 1855 3534 1924 ἡγεμόνος
3574 1854 3666 1906 καὶ
3705 1853 3993 1924 Ἀδριανοῦ

727 1967 834 2035 tog.
878 1967 932 2031 Ι,
967 1981 1022 2020 n.
1047 1963 1163 2018 5'5:
1203 1978 1226 2013 s
1260 1960 1370 2015 Nos
1419 1960 1568 2028 ipsos
1610 1957 1890 2012 cernimus
1939 1970 2006 2008 ex
2058 1952 2308 2025 gentibus

725 2059 912 2130 plures
952 2070 1016 2111 ac
1055 2053 1302 2109 veriores
1335 2066 1460 2106 esse
1500 2049 1866 2112 Christianos,
1911 2060 2072 2115 quam
2115 2058 2181 2098 ex
2218 2042 2309 2097 Ju-

727 2149 858 2206 dzris
886 2159 941 2206 et
969 2145 1352 2201 Samaritanis.
1391 2162 1414 2195 ι
1451 2141 1707 2198 Graviter
1737 2154 1868 2210 ergo
1904 2147 2146 2194 errasset
2179 2134 2308 2206 Epi-

729 2243 988 2315 phanius,
1039 2240 1086 2296 si
1134 2238 1407 2294 Justinum
1455 2249 1486 2289 a
1541 2232 1893 2289 Samaritano
1944 2231 2192 2285 instituto
2243 2228 2310 2283 ad

729 2337 1046 2404 religionem
1091 2330 1460 2386 Christianam
1505 2339 1832 2382 conversum
1895 2323 2072 2376 fuisse
2117 2320 2309 2375 existi-

727 2435 958 2482 masset.
998 2424 1107 2478 Sed
1146 2423 1294 2477 hanc
1320 2421 1368 2476 ei
1398 2420 1715 2488 opinionem
1747 2415 2023 2470 immerito
2067 2411 2312 2480 Scaliger

729 2530 780 2575 et
838 2518 1094 2572 Petavius
1139 2514 1490 2568 aﬂinxerunt.
1544 2509 1636 2564 Sic
1704 2508 1849 2562 enim
1912 2505 2153 2574 loquitur
2192 2503 2236 2536 ³⁸
2294 2516 2308 2554 :

732 2610 993 2664 Tatianus
1054 2605 1257 2660 Justini
1318 2601 1621 2670 philosophi
1697 2597 2022 2651 sanctissimi
2074 2611 2136 2646 ac
2186 2594 2311 2646 reli-

730 2700 1016 2773 giosissimi
1058 2698 1160 2752 uiri
1199 2694 1580 2750 consuetudine
1605 2708 1732 2745 usus
1772 2699 1870 2755 est,
1901 2690 1987 2759 qui
2017 2706 2044 2741 e
2071 2684 2312 2740 Samari-

731 2796 872 2851 tanis
911 2796 979 2849 ad
1022 2792 1222 2847 Christi
1260 2790 1419 2859 [idem
1466 2787 1778 2840 transierat.
1837 2782 1970 2835 Erat
2012 2783 2152 2835 enim
2210 2777 2308 2832 Ju-

732 2889 900 2944 stinus
928 2901 1112 2956 genere
1150 2880 1552 2938 Samaritanus.
1593 2875 1855 2930 Numerat
1883 2889 2014 2944 ergo
2037 2872 2311 2927 Justinum

733 2983 879 3034 inter
909 2976 1308 3037 Samaritanos,
1340 2987 1448 3026 non
1479 2971 1622 3039 quod
1646 2983 1835 3023 eorum
1864 2966 2116 3020 instituta
2139 2974 2315 3017 secta-

735 3083 822 3126 tus
851 3078 1019 3133 esset,
1051 3069 1146 3123 sed
1180 3067 1309 3136 quia
1343 3067 1396 3119 in
1445 3064 1546 3118 hac
1598 3072 1760 3131 gente
1801 3069 1963 3114 natus
2004 3067 2146 3112 erat.
2198 3056 2315 3122 Quo

2415 1943 2696 2014 βασιλέως,
2726 1946 2819 1998 sub
2848 1963 2920 1999 cs.
2982 1943 3200 2000 Rustico
3265 1957 3314 1999 et
3360 1947 3596 2000 Adriano
3649 1949 3989 2015 imperatore,

2409 2037 2628 2106 penitus
2663 2048 2952 2108 repugnat,
2977 2041 3230 2108 quamvis
3261 2038 3470 2093 Grabio
3503 2047 3558 2095 et
3593 2039 3867 2094 Dodwello
3892 2056 3996 2094 ve-

2410 2130 2695 2182 hementer
2741 2131 3024 2198 probetur.
3085 2132 3262 2199 Atque
3308 2131 3522 2184 etiamsi
3579 2145 3687 2198 quo
3737 2131 3997 2199 exemplo

2413 2219 2617 2273 ﬁrmari
2657 2231 2872 2288 posset,
2916 2221 3120 2274 nullum
3147 2237 3278 2275 sane
3315 2220 3497 2275 alferri
3546 2223 3735 2289 possit,
3787 2231 3844 2274 ut
3893 2222 3996 2274 ob-

2413 2320 2594 2363 servat
2639 2310 3037 2372 Tillemontius,
3109 2311 3160 2362 in
3213 2326 3320 2380 quo
3386 2311 3707 2379 imperatori
3777 2309 3994 2363 consuli

2412 2399 2615 2468 collega
2641 2409 3008 2469 prasponatur.
3045 2398 3210 2453 Multa
3236 2401 3344 2454 alia
3374 2408 3719 2453 concurrunt
3741 2414 3862 2464 qua:
3889 2400 3998 2452 Ρο-

2413 2491 2690 2560 pebrocltii
2739 2491 3053 2558 opinionem
3114 2492 3381 2546 minuant.
3432 2491 3762 2546 Credibilius
3805 2491 3987 2545 multo

2413 2596 2492 2639 est
2522 2580 2718 2638 Justini
2752 2584 3075 2647 martyrium
3115 2582 3354 2652 praafecti
3391 2587 3670 2639 notatione
3700 2593 3998 2656 consigna-

2417 2685 2528 2728 tum
2558 2673 2750 2739 fuisse,
2777 2690 2939 2745 quam
2970 2677 3385 2732 conversionem
3429 2691 3493 2730 ex
3527 2680 3844 2734 consulibus
3887 2697 3997 2734 no-

2417 2777 2605 2822 tatam.
2639 2766 2773 2820 Eum
2806 2779 2955 2822 certe
2982 2772 3081 2823 sub
3117 2767 3341 2823 Rustico
3370 2772 3628 2836 praefecto
3667 2788 3888 2839 passum
3925 2790 3997 2825 ex

2415 2860 2566 2913 Actis
2612 2860 3004 2929 perspicimus;
3065 2862 3168 2914 sub
3216 2875 3292 2914 cs.
3367 2861 3594 2915 Rustico
3639 2873 3696 2916 et
3744 2862 4000 2916 Adriano

2415 2966 2739 3005 conversum
2770 2951 2957 3005 nullibi
2994 2953 3223 3022 legimus
3257 2970 3272 3006 :
3314 2953 3551 3022 denique
3591 2954 3737 3008 illius
3764 2969 4005 3007 conver-

2418 3045 2501 3096 sio
2525 3043 2700 3096 serius
2733 3043 3004 3110 ponenda,
3037 3044 3082 3096 si
3112 3045 3304 3097 ducem
3345 3043 3634 3098 Eusebium
3674 3061 4002 3114 sequantur,

737 3179 897 3218 sensu
930 3163 1047 3230 ipse
1078 3134 1329 3214 Justinus
1371 3153 1749 3210 Samaritanos
1775 3159 1935 3204 vocat
1967 3149 2019 3202 in
2061 3146 2314 3214 Dialogo,
2343 3195 2384 3250 ϐ
2419 3149 2525 3204 quo
2550 3134 2797 3204 profeCto
2836 3135 2923 3189 his
2965 3135 3020 3188 in
3063 3137 3228 3191 rebus
3284 3137 3539 3191 tutiorem
3583 3137 3790 3190 nullum
3825 3137 4001 3192 babe-

737 3274 792 3310 n.
831 3253 950 3321 120,
975 3266 1148 3322 genus
1177 3265 1358 3309 suum,
1386 3259 1441 3301 ct
1474 3248 1526 3300 in
1562 3245 1715 3314 Apol.
1767 3243 1823 3309 2,
1865 3257 1920 3296 n.
1971 3240 2060 3304 15,
2101 3249 2315 3304 gentem

739 3365 915 3402 suam.

807 3442 873 3499 ιι.
916 3441 1034 3510 Quo
1065 3453 1209 3493 anno
1256 3443 1420 3489 natus
1473 3432 1546 3486 sit
1587 3428 1834 3484 Justinus
1873 3425 2146 3496 conjicere
2197 3437 2320 3493 pos-

741 3551 954 3598 sumus,
1013 3547 1119 3586 non
1173 3537 1515 3582 asseverare.
1566 3521 1867 3575 Plurimum
1919 3517 2057 3571 lucis
2103 3512 2322 3568 afferret

743 3625 1100 3698 Epiphanius,
1153 3622 1196 3676 si
1225 3621 1341 3689 ejus
1369 3618 1537 3671 verba
1585 3624 1681 3668 aut
1723 3612 1888 3667 navis
1927 3619 2205 3672 carerent,
2231 3614 2322 3659 aut

744 3734 868 3793 apte
924 3717 1375 3773 emendarentur.
1429 3712 1524 3765 Sic
1576 3719 1759 3762 autem
1814 3706 2056 3775 loquitur
2109 3705 2178 3793 in_
2214 3704 2319 3757 hae-

746 3791 856 3868 res.
876 3811 986 3865 46:
1023 3802 1188 3870 Οὗτος
1239 3805 1347 3875 γὰρ
1395 3803 1424 3854 ὁ
1468 3802 1750 3862 Ἰουστῖνος
1778 3796 2122 3868 Σαμαρείτης
2150 3791 2216 3865 ἦν
2264 3794 2325 3845 τὸ

745 3907 919 3972 γένος,
957 3903 1035 3964 εἰς
1068 3898 1300 3970 Χριστὸν
1329 3891 1732 3957 πεπιστευκὼς,
1769 3891 1861 3943 καὶ
1892 3888 2142 3959 μεγάλως
2174 3884 2325 3950 seqq-

747 3994 952 4067 κηθεὶς,
997 3990 1196 4060 ἀρετῆς
1236 4001 1297 4038 τε
1340 3984 1450 4055 βίον
1493 3983 1888 4052 ἐνδειξάμενος,
1926 3979 1985 4032 τὸ
2009 3978 2159 4041 τέλος
2187 3978 2325 4048 ὑπὲρ

748 4086 978 4160 Χριστοῦ
1014 4083 1364 4155 μαρτυρήσας
1413 4077 1618 4130 τελείου
1672 4077 1932 4143 στεφάνου
1983 4072 2327 4136 καταξιοῦται

751 4171 838 4230 ἐπὶ
849 4175 946 4243 τῆς
963 4170 1265 4240 Ῥωμαίων,
1287 4169 1376 4220 ἐπὶ
1393 4165 1707 4219 Ῥουστικοῦ
1729 4165 1993 4235 ἡγεμόνος
2011 4165 2104 4216 καὶ
2128 4163 2330 4234 Ἀδρια-

747 4265 840 4319 νοῦ
889 4262 1169 4334 βασιλέως,
1225 4258 1361 4310 ὲτῶν
1408 4258 1702 4328 τριάκοντα
1761 4256 2019 4325 ὑπάρχων
2073 4256 2128 4308 ὲν
2170 4254 2329 4309 καθε-

751 4355 933 4426 στώσῃ
962 4351 1170 4424 ἡλικίᾳ.
1210 4369 1226 4401 ι
1271 4348 1370 4402 Hic
1395 4349 1541 4401 enim
1574 4344 1821 4400 Justinus
1855 4360 2051 4414 genere
2094 4345 2330 4398 Samari-

755 4461 934 4512 tanus,
973 4460 1094 4499 cum
1125 4444 1178 4496 in
1214 4442 1493 4496 Christum
1526 4439 1868 4501 credidisset,
1910 4454 1973 4491 ac
2001 4450 2329 4506 magnopere

2421 3239 2558 3278 mus.

2491 3322 2660 3388 Igitur
2691 3323 2862 3375 satius
2889 3328 2972 3375 est
3002 3321 3161 3376 fateri
3198 3320 3559 3391 Epiphanium
3597 3335 3833 3386 errasse,
3862 3326 4002 3377 dum

2421 3412 2617 3467 Justini
2672 3415 2989 3483 martyrium
3055 3415 3159 3467 sub
3210 3413 3452 3468 Adriano
3499 3414 3764 3479 collocat,
3827 3430 4003 3483 quam
4055 3439 4058 3444 -

2421 3507 2567 3561 illius
2595 3508 2755 3561 verba
2784 3508 3019 3561 absurde
3065 3507 3438 3575 interpretari.
3482 3507 3797 3561 Sanabilior
3847 3509 4007 3563 vide-

2426 3608 2512 3653 tur
2534 3599 2674 3653 alter
2706 3613 2888 3653 naevus
2913 3615 2928 3664 ;
2956 3613 3055 3653 nec
3080 3609 3259 3652 tamen
3294 3613 3519 3653 necesse
3550 3610 3633 3653 est
3662 3601 3777 3654 haec
3804 3599 4005 3666 verba,

2423 3694 2577 3761 firma
2605 3704 2654 3748 et
2693 3695 2955 3748 constanti
2985 3701 3164 3757 (etate,
3207 3710 3345 3747 anno
3388 3694 3558 3747 (etatis
3605 3695 3888 3759 tricesimo,
3919 3697 4009 3748 ab

2430 3787 2535 3840 tius
2568 3785 2889 3851 transferre,
2913 3787 3071 3856 quasi
3112 3785 3178 3840 ad
3208 3788 3623 3841 conversionem
3665 3789 4004 3857 pertineant,

2427 3887 2480 3931 et
2511 3877 2626 3932 loco
2656 3893 2753 3932 suo
2791 3893 2821 3932 a
2861 3879 3102 3933 librariis
3135 3879 3345 3948 dejeeta
3390 3877 3615 3933 fuerint.
3667 3878 3814 3934 Nihil
3862 3894 4009 3936 sane

2428 3970 2699 4038 prohibet,
2736 3971 3027 4038 quominus
3055 3969 3302 4024 Justinus
3328 3981 3492 4024 aetate
3521 3971 3698 4026 adhuc
3725 3972 3878 4026 ﬁrma
3921 3975 4011 4027 vi-

2431 4071 2539 4114 tam
2581 4075 2678 4130 pro
2727 4060 2942 4116 Christo
2999 4061 3307 4130 profudisse
3361 4065 3607 4131 dicatur;
3648 4079 3824 4134 neque
3874 4066 4011 4123 huic

2430 4152 2720 4222 Epiphanii
2751 4153 3063 4208 testimonio
3117 4153 3409 4223 quidquam
3463 4157 3601 4210 inest
3631 4156 3958 4211 incommodi
3990 4177 4007 4212 :

2433 4247 2486 4299 id
2518 4256 2727 4300 tantum
2755 4246 2874 4299 vitii
2903 4247 3146 4300 occurrit
3184 4246 3237 4298 in
3273 4247 3389 4315 ejus
3422 4248 3624 4314 verbis,
3661 4249 3802 4318 quod
3833 4248 4016 4304 Justi-

2435 4355 2537 4393 nus
2571 4354 2714 4393 anno
2737 4342 2913 4392 aetatis
2949 4340 3221 4393 tricesimo
3259 4355 3453 4406 passus
3484 4341 3717 4398 dicatur.
3742 4342 3813 4394 At
3843 4340 4013 4396 facile

2436 4431 2538 4485 fuit
2581 4432 2818 4486 librariis
2845 4446 3030 4486 errare
3072 4434 3123 4483 in
3177 4433 3322 4485 notis
3369 4433 3758 4495 numeralibus,
3803 4442 3858 4487 et
3909 4434 4014 4487 tri-

754 4539 1086 4593 exercitatus
1135 4544 1190 4588 et
1241 4532 1574 4586 sanctiorem
1618 4529 1788 4583 vitam
1835 4529 2114 4600 professus
2162 4538 2326 4592 esset,
2360 4530 2404 4584 D
2435 4523 2579 4591 ginta
2613 4539 2709 4591 pro
2733 4523 3127 4593 quinquaginta
3161 4537 3396 4592 ponere;
3441 4540 3560 4579 cum
3592 4526 3893 4594 przesenim
3919 4525 4019 4578 lit-

757 4633 973 4686 tandem
1003 4644 1102 4698 pro
1124 4625 1344 4681 Christo
1377 4623 1643 4693 martyrio
1666 4621 2002 4692 perfunctus,
2033 4622 2327 4690 perfectam

757 4738 1013 4777 coronam
1051 4720 1278 4788 adeptus
1315 4728 1401 4773 est
1431 4717 1617 4772 Romae
1651 4721 1751 4772 sub
1782 4716 2009 4771 Rustico
2051 4715 2325 4784 praefecto,

757 4815 997 4868 Adriano
1027 4813 1356 4881 imperante,
1395 4811 1546 4864 ﬁrma
1585 4819 1638 4864 et
1671 4809 1936 4863 constanti
1969 4817 2149 4871 aetate,
2190 4822 2332 4860 anno

763 4910 1020 4964 videlicet
1057 4908 1358 4963 tricesimo.
1415 4925 1432 4958 ι
1492 4906 1608 4961 Duo
1649 4905 1740 4959 hic
1784 4911 2081 4958 occurrunt
2130 4902 2266 4956 ηαξνί
2316 4919 2329 4954 :

763 5002 972 5072 primus
1008 5001 1150 5070 quod
1189 4999 1289 5054 sub
1318 4997 1595 5062 Adriano;
1631 4996 1770 5050 alter
1813 4997 1959 5064 quod
1989 5009 2130 5048 anno
2160 4993 2336 5047 aetatis

767 5092 1046 5147 tricesimo
1080 5103 1275 5160 passus
1313 5088 1514 5142 dicitur
1555 5087 1825 5142 Justinus.
1875 5085 2179 5140 Verisimile
2229 5100 2332 5138 non

768 5191 850 5237 est
896 5192 952 5235 ut
992 5180 1263 5235 Justinum
1293 5179 1628 5247 Epiphanius
1655 5194 1800 5232 anno
1844 5179 2022 5231 astatis
2057 5177 2335 5230 tricesimo

771 5286 986 5340 passum
1017 5270 1272 5340 opinatus
1295 5270 1387 5333 sit,
1429 5286 1551 5323 cum
1600 5279 1678 5323 tot
1711 5270 1879 5324 libros
1903 5271 1971 5323 ab
2010 5285 2075 5324 eo
2106 5270 2338 5338 scriptos

772 5362 913 5417 haud
947 5363 1252 5432 ignoraret,
1295 5375 1529 5429 eumque
1577 5376 1684 5415 non
1736 5363 1978 5416 obscure
2026 5362 2227 5415 indicet
2285 5362 2339 5413 in

771 5454 1043 5507 sanctiore
1085 5451 1193 5504 vita
1237 5452 1328 5505 diu
1364 5452 1699 5522 multumque
1740 5449 2123 5505 exercitatum.
2163 5449 2339 5504 Minus

775 5542 968 5594 mirum
1000 5540 1142 5608 quod
1165 5541 1307 5595 illius
1331 5544 1651 5612 martyrium
1677 5542 1777 5596 sub
1801 5541 2039 5596 Adriano
2068 5541 2300 5595 collucet
2325 5557 2339 5606 ;

775 5647 881 5685 non
912 5631 1051 5686 enim
1083 5645 1295 5700 semper
1328 5644 1613 5687 accuratus
1648 5643 1726 5689 est
1761 5635 1811 5687 in
1852 5635 2012 5688 rebus
2052 5632 2343 5687 chronolo-

847 5802 890 5832 “
924 5801 1036 5856 Lib.
1075 5819 1125 5870 v,
1153 5817 1200 5857 c.
1229 5801 1281 5860 ι.
1361 5803 1403 5834 ³⁸
1441 5802 1639 5859 flueres.
1672 5803 1755 5857 46.

2437 4625 2671 4671 terarum
2696 4617 2742 4668 Λ
2765 4625 2818 4668 et
2842 4615 2888 4667 N
2919 4631 3039 4686 qua
3075 4616 3161 4670 his
3203 4618 3442 4672 numeris
3468 4617 3814 4687 designandis
3845 4617 4017 4671 adhi-

2433 4705 2650 4768 bentur,
2700 4704 3088 4760 dissimilitudo
3147 4706 3335 4762 oeulos
3390 4721 3498 4760 non
3553 4707 3711 4761 valde
3769 4715 4018 4762 attentos

2436 4797 2608 4850 latere
2639 4796 2897 4864 potuerit.
2927 4797 2982 4850 Si
3015 4811 3145 4867 ergo
3193 4795 3439 4852 Justinus
3467 4811 3612 4851 anno
3637 4797 3812 4851 aetatis
3844 4797 4017 4853 circi-

2439 4897 2518 4940 ter
2542 4885 2610 4940 50
2638 4897 2731 4939 aut
2771 4886 2840 4940 54
2869 4902 3062 4957 passus
3105 4897 3189 4944 est
3222 4891 3424 4959 (neque
3455 4890 3600 4943 enim
3628 4889 3744 4943 haec
3773 4888 4022 4959 Epipha-

2438 4979 2561 5031 nius
2610 4978 2837 5031 nimium
2878 4978 3074 5033 stricte
3112 4980 3177 5032 ad
3233 4979 3478 5034 calculos
3529 4979 3848 5050 revocabat)
3887 4995 4020 5036 cum

2439 5065 2603 5121 facile
2652 5067 3042 5137 intelligemus,
3097 5084 3196 5123 cur
3243 5079 3405 5124 aetate
3447 5069 3601 5123 ﬁrma
3644 5078 3698 5124 et
3736 5075 4022 5126 constanti

2439 5173 2633 5228 passus
2667 5158 2904 5225 dicatur,
2953 5163 3005 5214 id
3053 5171 3137 5215 est
3183 5163 3420 5216 nondum
3467 5178 3658 5228 senex,
3705 5171 3814 5216 tum
3849 5164 4023 5217 etiam

2441 5268 2547 5321 quo
2589 5269 2732 5308 anno
2785 5263 2944 5309 natus
2983 5256 3074 5322 sit,
3114 5256 3371 5308 nimirum
3412 5272 3518 5311 non
3551 5257 3722 5310 multo
3759 5265 3881 5326 post
3919 5273 4028 5310 an-

2443 5363 2571 5400 nutu
2605 5347 2726 5401 114.
2765 5346 2899 5400 Nam
2951 5347 3098 5402 illius
3149 5349 3475 5416 martyrium
3521 5350 3690 5402 multa
3744 5348 4025 5402 rationum

2452 5451 2725 5494 momenta
2769 5441 3028 5494 addicuut
3059 5455 3197 5494 anno
3229 5441 3449 5494 circiter
3480 5441 3601 5496 168.

2517 5529 2603 5584 lll.
2647 5531 2916 5585 Traduxit
2947 5533 3372 5587 adolescentiam
3406 5533 3656 5587 Justinus
3708 5531 3759 5584 in
3807 5530 4032 5584 littera-

2447 5640 2563 5678 rum
2591 5625 2814 5692 studiis;
2859 5640 2921 5680 ac
2951 5627 3145 5696 poetis,
3177 5627 3492 5683 oratoribus
3526 5636 3588 5683 et
3626 5626 3929 5692 historicis,
3967 5639 4037 5682 ut
