4120 6468
239 428 342 483 ιω

1212 424 1274 484 D.
1316 425 1578 483 MARANI
1615 425 2006 481 PREFATIO.
2040 456 2112 469 —
2145 424 2321 482 PARS
2359 425 2446 480 ΠΙ.

3393 436 3494 487 ΗΟ

237 565 358 603 mos
379 558 518 611 erat,
553 562 771 617 operam
804 548 952 604 dedit
981 549 1173 603 utilem
1205 549 1498 618 aliquando
1529 551 1597 604 ad
1639 551 1815 605 ethni-
1842 561 1890 618 Α
1916 562 2106 610 senex,
2133 549 2203 602 ita
2240 547 2666 618 contemplaris?
2707 569 2724 602 ι
2761 549 2953 606 Mirari
3003 567 3060 608 se
3092 554 3374 623 respondit
3396 555 3484 610 Ju-

234 653 331 693 cos
369 638 698 694 refellendos
719 636 982 694 futuram.
1012 640 1323 693 Rhetorica:
1357 641 1494 693 artis
1521 658 1623 695 non
1650 641 1806 694 valde

234 731 538 784 studiosum
573 731 738 785 fuisse
780 733 953 796 dicas,
1003 734 1047 785 si
1097 733 1354 800 pleraque
1408 733 1555 788 illius
1599 735 1801 802 scripta

234 824 576 883 consideres,
626 825 678 876 in
733 826 929 893 quibus
973 827 1256 880 veritatem
1299 843 1404 880 non
1439 828 1528 881 ille
1583 829 1802 896 quidem

233 917 353 969 sine
383 918 590 978 nervis,
627 931 724 969 nec
772 919 890 972 sine
927 934 1137 972 summa
1185 920 1232 972 vi
1281 919 1482 989 ingenii
1526 919 1800 986 defendit;

231 1016 288 1060 at
323 1008 471 1062 nulla
507 1025 734 1077 prorsus
771 1011 1037 1066 orationis
1079 1021 1399 1066 ornamenta
1431 1014 1496 1066 ad
1536 1013 1680 1067 illius
1712 1014 1802 1067 de-

229 1098 536 1156 fensionem
588 1101 890 1157 adhibenda
927 1105 1282 1159 existimavit.
1323 1105 1464 1172 Quid
1515 1114 1696 1160 tamen
1746 1107 1797 1160 in

233 1191 335 1245 hoc
357 1207 560 1264 genere
581 1202 785 1261 posset,
813 1195 1009 1250 indicio
1031 1205 1115 1250 est
1137 1195 1444 1251 Cohortatio
1469 1200 1537 1252 ad
1564 1197 1800 1264 ercos,

229 1299 348 1351 qua
375 1283 725 1354 elegantiori,
756 1301 923 1355 quam
944 1287 1050 1342 alia
1094 1288 1212 1356 ejus
1241 1304 1426 1358 opera,
1461 1292 1671 1346 dicendi
1709 1307 1799 1362 ge-

227 1389 355 1430 nere
391 1377 744 1445 splendescit.
794 1379 864 1433 At
911 1380 1112 1436 nullius
1155 1381 1459 1452 disciplinae
1511 1385 1800 1440 vehemen-

227 1469 334 1522 tius
356 1484 524 1538 quam
550 1470 912 1542 philosophia
933 1474 1127 1528 studiis
1149 1476 1360 1529 exarsit
1389 1490 1406 1530 :
1435 1483 1491 1529 et
1521 1491 1642 1530 cum
1687 1481 1797 1532 exi-

227 1563 392 1613 mium
430 1576 675 1615 amorem
719 1564 965 1617 veritatis
999 1565 1308 1630 considero,
1356 1581 1517 1636 quem
1576 1568 1795 1637 pericli-

225 1653 402 1708 tandis
437 1653 888 1724 phiiosophorum
943 1658 1111 1711 sectis
1170 1657 1505 1724 declaravit,
1556 1660 1793 1716 divinam

228 1738 632 1798 Providentiam
662 1746 926 1811 admiror,
972 1762 1092 1815 quae
1132 1749 1209 1802 sic
1262 1748 1404 1803 illius
1453 1751 1695 1805 animum
1727 1754 1792 1807 ad

225 1835 510 1887 amandam
552 1838 836 1893 veritatem
890 1839 1208 1904 inclinabat,
1250 1851 1310 1894 ut
1358 1858 1480 1896 cum
1519 1859 1637 1898 eam
1681 1845 1794 1899 fru-

1909 637 2103 692 stinus.
2133 638 2275 706 quod
2309 639 2381 692 ibi
2405 639 2747 709 potissimum
2783 641 2884 695 sibi
2927 645 3276 708 occurrisset,
3305 646 3392 699 ubi
3433 663 3492 701 se

1908 740 1936 778 a
1963 728 2181 782 nemine
2202 729 2375 782 visum
2413 731 2480 782 iri
2520 733 2793 799 sperabat.
2834 750 2853 784 t
2889 733 3168 789 Sollicitus
3217 752 3358 800 sum,
3405 740 3493 793 in-

1905 819 2025 885 quit
2048 833 2235 884 senex,
2266 823 2332 876 de
2357 837 2602 876 meorum
2637 825 2916 878 nonnullis
2947 841 2959 876 :
2992 825 3044 877 hi
3078 841 3306 896 peregre
3352 830 3488 883 mihi

1905 908 2195 972 abierunt;
2228 911 2583 978 quamobrem
2616 925 2922 982 spectatqu
2958 933 3077 969 vent
3106 933 3173 971 an
3200 932 3325 974 sese
3352 923 3485 977 mihi

1904 999 2154 1054 alicunde
2185 1005 2460 1057 ostensuri
2489 1007 2618 1060 sint.
2646 1007 2723 1061 Tu
2755 1023 2882 1062 vero
2913 1013 3172 1077 quidnam
3200 1015 3288 1066 hic
3309 1029 3491 1068 rerum

1906 1092 2095 1159 geris?
2134 1111 2152 1143 ι
2192 1093 2489 1164 Postquam
2524 1095 2924 1154 demonstravit
2954 1101 3204 1158 Justinus
3235 1121 3293 1159 se
3316 1107 3494 1175 philo-

1902 1183 2107 1246 sophiae
2141 1187 2451 1241 studiosum
2484 1203 2608 1243 esse
2633 1206 2696 1244 ac
2729 1189 3022 1246 meditandi
3053 1209 3216 1248 causa
3254 1197 3379 1253 illuc
3403 1214 3492 1254 ve-

1901 1275 2089 1341 nisse;
2123 1287 2234 1330 tum
2267 1293 2430 1333 senex
2466 1281 2647 1334 oblata
2677 1284 2967 1338 occasione
2995 1300 3056 1338 ea
3091 1287 3330 1352 disserit,
3370 1304 3491 1357 quae

1901 1383 1965 1422 ex
2000 1384 2066 1422 eo
2096 1369 2279 1424 audita
2314 1371 2493 1426 retulit
2515 1371 2764 1428 Justinus
2793 1375 2948 1429 initio
2967 1375 3184 1444 Dialogi
3212 1395 3332 1431 cum
3358 1380 3492 1449 Try—

1898 1459 2088 1526 phone.
2118 1461 2361 1533 Longius
2403 1464 2733 1534 colloquium
2767 1482 2928 1535 quam
2960 1476 3015 1522 ut
3064 1469 3193 1522 illud
3230 1471 3332 1524 hoc
3371 1472 3491 1526 loco

1899 1550 2153 1607 referam.
2200 1552 2346 1609 Satis
2392 1565 2475 1609 est
2527 1558 2822 1613 observare
2854 1560 3114 1613 eximiam
3159 1565 3308 1616 senis
3354 1579 3486 1632 pru—

1898 1644 2157 1709 dentiam,
2199 1646 2294 1715 qui
2334 1662 2456 1700 cum
2487 1648 2760 1703 Justinum
2796 1652 3006 1707 videret
3050 1656 3116 1709 de
3148 1656 3489 1727 phil050pltis

1897 1734 2132 1791 inflatius
2164 1739 2512 1805 sentientem,
2552 1742 2632 1795 sic
2657 1741 2777 1805 ejus
2801 1745 3041 1798 animum
3083 1750 3484 1816 pertractavit,

1898 1835 1954 1878 ut
1980 1828 2158 1895 primo
2189 1829 2333 1884 illius
2357 1831 2620 1895 scientiae,
2647 1833 2713 1886 de
2735 1848 2839 1901 qua
2881 1844 3164 1904 tantopere
3213 1838 3485 1906 gloriaba-

228 1937 332 1978 ειη
379 1928 526 1996 ,μηδ
577 1930 931 2000 philosophos
975 1933 1301 2000 qumiissel,
1358 1936 1607 2004 malum,
1640 1937 1796 1991 ειη-ί,
1823 1920 1866 1974 Β
1897 1929 2004 1984 tur,
2037 1921 2353 1976 inanitatem
2386 1926 2733 1989 ostenderet;
2766 1926 2962 1980 deinde
3004 1929 3203 1995 quibus
3240 1945 3308 1985 ex
3359 1930 3483 1986 lon-

225 2019 292 2070 sti
338 2018 483 2073 dono
537 2024 604 2074 ad
652 2022 826 2090 ipsius
873 2024 1062 2078 oculos
1124 2023 1474 2096 aﬂ‘ulgcntem
1530 2028 1800 2097 arriperet

224 2111 399 2174 avide,
430 2123 753 2169 constanter
787 2115 1129 2170 defenderet.

291 2201 534 2256 Primum
581 2205 935 2274 philosophia:
971 2210 1293 2278 magistrum
1337 2210 1528 2264 habuit
1555 2212 1793 2269 Stoicum

223 2297 534 2360 quemdam,
595 2313 659 2352 ac
708 2300 844 2354 satis
890 2301 978 2353 diu
1012 2317 1134 2354 cum
1162 2317 1227 2357 eo
1253 2314 1502 2359 versatus
1539 2317 1645 2361 est.
1687 2307 1793 2363 Sed

224 2404 342 2440 cum
386 2404 445 2442 se
481 2390 652 2445 nihilo
701 2392 855 2461 plura
898 2393 963 2446 de
998 2393 1107 2448 Deo
1143 2394 1288 2448 scire
1331 2398 1793 2452 animadverteret

224 2489 368 2542 (nam
398 2498 503 2537 nec
532 2484 742 2537 sciebat
793 2484 909 2552 ipse
946 2486 1184 2551 Stoicus,
1222 2502 1395 2556 neque
1439 2489 1579 2543 hanc
1617 2491 1793 2544 scien-

224 2575 350 2626 tiam
399 2578 768 2630 necessariam
817 2577 1171 2648 putabat),ab
1215 2595 1280 2634 eo
1311 2580 1599 2647 discessit,
1629 2597 1792 2651 seque

221 2665 283 2714 ad
323 2665 492 2720 alium
544 2669 804 2731 contulit,
858 2685 1017 2736 quem
1061 2670 1480 2740 Peripateticum
1513 2673 1786 2741 dicebant,

222 2758 518 2824 hominem,
558 2771 617 2814 ut
652 2760 757 2816 sibi
794 2763 912 2830 ipse
951 2762 1259 2830 videbatur,
1295 2777 1638 2832 peracutum.
1683 2769 1788 2825 Sed

217 2865 335 2903 eum
379 2851 568 2919 paucis
613 2864 735 2920 post
771 2853 962 2908 diebus
989 2855 1054 2906 de
1089 2856 1337 2908 mercede
1380 2867 1627 2925 agentem
1661 2863 1790 2916 mis-

218 2954 335 2993 sum
381 2940 543 3008 fecit,
607 2959 675 2998 ne
735 2944 1115 3015 phil050phum
1173 2947 1389 3014 quidem
1440 2949 1782 3010 existimans.

215 3030 330 3085 Non
361 3042 543 3088 tamen
585 3035 905 3100 deterritus,
940 3037 1082 3104 quod
1127 3037 1230 3091 sibi
1266 3041 1319 3089 in
1369 3039 1578 3093 duobus
1623 3045 1789 3112 magi-

217 3125 343 3177 stris
372 3126 644 3179 adeundis
679 3143 867 3195 parum
909 3129 1291 3191 successisset,
1321 3129 1567 3201 confugit
1603 3137 1668 3187 ad
1697 3152 1788 3191 ce-

217 3217 562 3272 leberrimum
612 3219 1036 3288 Pythagoreum,
1092 3222 1365 3276 hominem
1410 3225 1475 3277 de
1520 3228 1782 3295 sapientia

217 3311 369 3364 valde
399 3309 740 3380 gloriantem.
775 3311 878 3368 Sed
911 3314 956 3367 is
996 3314 1136 3369 hanc
1167 3319 1530 3374 conditionem
1566 3319 1778 3376 Justino

218 3401 362 3465 tulit,
391 3414 448 3455 ut
477 3414 766 3472 antequam
802 3407 867 3459 ad
901 3407 1070 3476 ipsius
1096 3409 1242 3473 boni,
1268 3426 1333 3464 ac
1366 3412 1533 3481 ipsius
1566 3415 1775 3482 pulchri

217 3493 709 3548 considerationem
755 3510 1087 3568 assurgeret,
1133 3503 1375 3568 musicae,
1432 3509 1778 3562 astronomize

216 3596 269 3641 et
291 3589 606 3657 geometriae
639 3591 794 3645 daret
835 3609 1080 3661 operam.
1118 3595 1510 3656 Permolestum
1548 3601 1598 3654 id
1641 3605 1778 3656 acci-

217 3681 292 3733 dit
315 3679 553 3748 Justino,
583 3686 672 3751 qui
711 3701 830 3739 cum
864 3695 1075 3757 tempus
1108 3690 1159 3741 in
1203 3691 1288 3744 his
1325 3692 1627 3760 disciplinis
1656 3710 1780 3747 con-

219 3783 391 3826 terere
412 3775 599 3839 nollet,
627 3775 928 3832 Platonicos
958 3781 1112 3844 adiit,
1151 3797 1316 3851 seque
1355 3785 1468 3839 viro
1504 3778 1778 3852 prudenti,

217 3867 302 3932 qui
335 3883 536 3934 recens,
579 3870 777 3939 inquit,
809 3873 865 3924 in
905 3871 1086 3927 urbem
1126 3887 1359 3930 nostram
1391 3877 1695 3947 advenerat,
1727 3881 1779 3935 in

220 3959 556 4028 disciplinam
587 3963 829 4017 tradidit.

282 4048 369 4104 IV.
404 4051 710 4108 Plurimum
759 4056 1080 4122 proﬁciebat
1107 4059 1158 4112 in
1206 4061 1305 4115 hoc
1335 4063 1590 4119 instituto
1613 4065 1783 4121 Justi-

219 4158 352 4207 nus;
382 4146 472 4199 sed
505 4147 648 4200 illius
678 4147 729 4200 in
763 4148 1189 4219 contemplandis
1237 4153 1399 4208 rebus
1451 4155 1783 4225 incorporeis

217 4250 532 4305 progressus
562 4253 628 4294 eo
669 4239 942 4304 redibant,
975 4250 1035 4295 ut
1059 4243 1274 4312 sapiens
1301 4247 1402 4301 sibi
1431 4247 1544 4315 ipse
1572 4250 1785 4304 videre-

221 4341 305 4383 tur
327 4332 589 4396 evasisse,
625 4349 688 4388 ac
711 4351 821 4404 prae
850 4337 1142 4391 stoliditate
1171 4338 1221 4392 in
1253 4353 1400 4408 spem
1424 4341 1637 4394 videndi
1657 4357 1782 4410 pro-

220 4421 356 4477 tinus
395 4424 488 4479 Dei
524 4426 750 4480 veniret.
793 4426 904 4482 Nun
945 4431 992 4483 ei
1023 4429 1263 4499 profecto
1304 4431 1473 4501 magis
1506 4431 1777 4487 Platonica

217 4516 423 4569 decreta
453 4557 468 4580 ,
515 4534 678 4586 quam
721 4519 948 4575 aliorum
1009 4522 1456 4592 philosophorum
1505 4536 1664 4579 sect-.e
1712 4528 1777 4580 ad

1811 3270 1853 3322 C

1903 2012 2048 2066 tibus
2092 2013 2393 2068 haurienda
2446 2017 2518 2069 sit
2584 2019 2788 2071 veritas
2854 2020 3132 2075 edoceret.
3190 2024 3484 2093 Postquam

1893 2105 2043 2158 enim
2085 2104 2332 2162 Justinus
2372 2122 2471 2162 nec
2523 2107 2887 2180 Pythagoram
2939 2129 3040 2169 nec
3092 2114 3371 2171 Platonem
3415 2121 3484 2173 ad

1900 2201 2010 2252 veri
2059 2202 2418 2268 cognitionem
2461 2204 2780 2273 pervenisse
2819 2209 3094 2276 cognovit,
3126 2211 3380 2278 quaesivit
3416 2226 3484 2266 ex

1898 2305 2029 2346 sene
2059 2293 2258 2360 quibus
2306 2295 2523 2348 tandem
2562 2297 2837 2362 magistris
2877 2301 3130 2354 utendum
3181 2302 3270 2366 sit,
3301 2304 3343 2357 si
3387 2319 3482 2358 ve-

1897 2401 2016 2436 rum
2044 2399 2110 2438 ne
2143 2385 2230 2438 isti
2270 2386 2486 2447 quidem
2529 2387 2784 2441 viderint.
2830 2388 3010 2453 Quare
3044 2405 3212 2446 senex
3256 2398 3483 2461 praecla-

1895 2491 2013 2528 rum
2047 2477 2258 2532 dicendi
2301 2493 2556 2547 campum
2607 2477 2907 2548 ingressus,
2949 2483 3237 2537 veritatem
3287 2501 3314 2536 τι
3354 2501 3486 2554 pro-

1893 2565 2068 2634 phetis
2099 2567 2385 2635 petendam
2412 2583 2534 2622 esse
2577 2568 2935 2635 demonstrat,
2980 2587 3181 2641 eosque
3211 2574 3397 2630 laudat
3426 2590 3482 2634 et

1893 2660 2328 2716 commendatab
2380 2663 2708 2731 antiquitate
2756 2680 2862 2733 qua
2914 2666 3266 2734 philosophos
3318 2671 3481 2740 longe

1891 2763 2171 2820 superant,
2207 2769 2236 2806 a
2265 2753 2480 2824 Spiritu
2526 2767 2718 2810 sancto
2765 2772 2873 2825 quo
2923 2756 3146 2813 afllante
3192 2761 3477 2818 vaticinati

1891 2854 2036 2909 sunt,
2081 2847 2148 2898 ab
2192 2857 2386 2900 eventu
2423 2847 2808 2915 praedictarum
2851 2864 3050 2914 rerum,
3095 2866 3124 2904 a
3175 2867 3384 2906 summa
3427 2856 3478 2908 in

1890 2939 2117 2993 edendis
2142 2940 2380 2996 oraculis
2407 2941 2662 2998 libertate
2692 2952 2748 2996 et
2771 2947 3104 3008 constantia,
3139 2961 3168 2998 a
3197 2949 3477 3002 miraculis

1889 3030 2085 3095 quibus
2125 3033 2382 3086 vaticinia
2418 3049 2511 3087 sua
2555 3035 2966 3099 conﬁrmarunt,
3000 3038 3068 3089 ab
3102 3039 3216 3106 ipsa
3244 3038 3478 3108 denique

1889 3122 2232 3176 oraculorum
2259 3125 2557 3178 sanctitate
2590 3124 2758 3179 Deum
2793 3127 2976 3179 mundi
3011 3137 3310 3182 creatorem
3342 3129 3479 3194 ejus-

1887 3228 1992 3282 que
2024 3213 2300 3269 Christum
2352 3217 2514 3271 unice
2553 3217 2974 3271 celebrantium.
3016 3218 3255 3272 Tandem
3302 3222 3474 3273 disce-

1885 3305 2020 3360 dens
2051 3307 2321 3361 Justinum
2370 3309 2642 3374 hortatur,
2681 3320 2739 3363 ut
2781 3314 2893 3365 hazc
2937 3313 3248 3365 meditando
3301 3329 3479 3380 persc-

1879 3409 2096 3466 quatur,
2131 3416 2429 3470 eorumque
2454 3404 2868 3474 intelligentiam
2903 3423 2928 3455 ει
2971 3407 3076 3459 Deo
3117 3408 3358 3475 postulet
3391 3426 3405 3472 ς
3445 3430 3476 3464 a

1880 3493 2095 3546 nemine
2118 3493 2263 3547 enim
2285 3497 2519 3563 perspici
2543 3507 2597 3549 et
2623 3497 2845 3566 intelligi
2882 3513 3063 3566 posse,
3095 3499 3196 3553 uisi
3222 3501 3308 3554 cui
3333 3502 3476 3556 Deus

1881 3583 2186 3654 intelligere
2214 3585 2425 3640 dederit
2454 3598 2510 3640 et
2535 3588 2792 3642 Christus
2822 3590 2961 3657 ejus.

1961 3676 2079 3729 Non
2119 3678 2350 3745 amplius
2385 3681 2518 3734 vidit
2547 3680 2689 3735 hunc
2724 3698 2909 3736 senem
2955 3683 3202 3742 Justinus
3225 3727 3238 3748 ,
3285 3688 3379 3741 sed
3416 3701 3477 3741 so

1879 3769 1995 3837 ejus
2017 3771 2287 3840 colloquio
2321 3775 2618 3829 adductum
2653 3775 2877 3834 fatetur.
2911 3789 2968 3832 ιιι
2999 3781 3326 3836 Christiana:
3354 3784 3476 3852 phi-

1881 3863 2140 3932 losophiae
2163 3880 2361 3919 nomen
2396 3868 2570 3921 daret.
2607 3885 2626 3919 ι
2659 3868 2782 3922 Πᾶξο
2809 3870 2918 3935 ille,
2949 3872 3125 3942 inquit
3148 3875 3199 3926 in
3224 3874 3473 3939 Dialoqo,

1877 3967 1938 4032 et
1965 3957 2130 4010 multa
2168 3958 2272 4012 alia
2299 3974 2422 4012 cum
2456 3961 2707 4024 dixisset,
2735 3979 2855 4032 qua:
2889 3965 3095 4020 referre
3131 3982 3238 4020 non
3267 3980 3347 4021 est
3374 3969 3476 4021 hu-

1876 4051 1965 4120 jus
1997 4052 2275 4120 temporis,
2302 4053 2491 4108 abiens
2527 4057 2783 4124 praecepit
2812 4066 2869 4108 ιιι
2905 4072 2966 4110 ea
3005 4059 3316 4112 meditando
3342 4077 3468 4130 per—

1883 4157 2185 4212 sequerer;
2213 4159 2390 4214 neque
2414 4146 2566 4200 illttm
2604 4149 2841 4217 amplius
2877 4149 3007 4203 vidi.
3043 4150 3172 4204 Mihi
3205 4166 3336 4208 vero
3361 4165 3475 4208 sta-

1887 4237 1979 4288 tim
2012 4238 2064 4288 in
2092 4238 2272 4290 anima
2308 4238 2448 4307 ignis
2479 4239 2709 4306 exarsit,
2742 4255 2934 4311 meque
2978 4258 3134 4297 amor
3181 4251 3476 4314 propheta-

1887 4344 2001 4381 rum
2048 4341 2101 4383 et
2147 4329 2351 4386 Christi
2410 4332 2710 4386 amicorum
2763 4334 2984 4388 invasit.
3035 4334 3283 4404 Cumque
3330 4338 3474 4392 illius

1886 4436 2166 4476 sermones
2212 4423 2353 4493 apud
2397 4424 2639 4477 animum
2683 4439 3070 4494 proponerem,
3110 4430 3251 4482 hanc
3299 4429 3470 4483 solam

1885 4515 2223 4582 reperiebam
2249 4517 2672 4587 philosophiam,
2709 4533 2828 4586 quae
2860 4520 3078 4586 quidem
3116 4531 3228 4574 tuta
3277 4533 3330 4576 et
3377 4527 3472 4577 uti-

216 4607 484 4663 interioris
548 4612 868 4681 corruptelae
927 4615 1327 4684 cognitionem,
1390 4616 1457 4669 ad
1524 4617 1774 4670 vitiorum

1889 4608 1948 4660 lis
1976 4607 2133 4660 foret.
2170 4609 2250 4662 Ad
2279 4610 2421 4662 hunc
2463 4623 2564 4676 ego
2607 4612 2822 4664 modum
2856 4623 3018 4678 atque
3051 4613 3154 4667 hac
3201 4617 3266 4669 de
3306 4633 3473 4670 causa

217 4703 641 4757 emendationem
696 4703 1060 4772 profuissent,
1117 4707 1216 4760 nisi
1261 4723 1383 4761 eum
1425 4707 1677 4763 Christus
1709 4711 1774 4764 ad

217 4794 480 4848 saniorem
507 4794 900 4866 philosophiam
933 4808 1197 4854 vocasset.
1246 4799 1526 4865 Quomodo
1558 4800 1610 4854 id
1641 4816 1773 4854 con-

219 4885 387 4952 tigerit
424 4902 493 4940 ex
541 4888 694 4942 initio
721 4888 952 4960 Dialogi,
985 4892 1440 4960 quemadmodum
1463 4903 1516 4946 et
1552 4909 1614 4947 ea
1654 4908 1772 4962 quae

217 4977 361 5030 modo
385 4978 631 5040 narravi,
659 4982 1052 5049 cognoscimus.

279 5067 464 5124 Elatus
515 5071 760 5125 idearum
815 5074 1269 5143 contemplatione
1305 5077 1572 5143 Justinus,
1624 5093 1776 5131 com-

218 5162 484 5215 mentandi
510 5177 670 5216 causa
696 5163 746 5217 in
778 5179 967 5233 agrum
999 5182 1103 5218 non
1137 5178 1400 5223 remotum
1431 5186 1460 5224 a
1488 5171 1624 5224 mari
1649 5186 1770 5238 pro-

218 5246 372 5304 hctus
428 5262 555 5316 est;
606 5268 834 5322 cumque
874 5254 1087 5324 fugiens
1135 5259 1411 5314 hominum
1453 5263 1675 5330 vestigia
1721 5263 1770 5315 ei

219 5341 323 5397 loco
353 5345 769 5414 propinquaret,
801 5347 891 5400 ubi
928 5362 1111 5402 secum
1158 5351 1272 5419 ipse
1301 5351 1418 5406 sine
1465 5353 1771 5423 interpella-

219 5434 348 5490 tione
373 5446 687 5494 versaturus
705 5453 847 5495 esset
873 5458 887 5507 ;
918 5455 1113 5512 praeter
1143 5443 1285 5498 illius
1308 5447 1768 5514 exspectationem

217 5529 444 5599 contigit,
483 5540 537 5584 ut
569 5545 692 5585 eum
719 5532 930 5589 modico
981 5534 1266 5592 intervallo
1295 5547 1661 5592 assectaretur
1687 5554 1772 5594 se-

217 5634 306 5673 nex
332 5623 578 5691 quidam,
613 5623 766 5692 cujus
795 5625 846 5678 in
885 5625 1034 5680 vultu
1061 5628 1231 5682 comis
1277 5628 1545 5683 residebat
1588 5631 1768 5700 gravi-

218 5723 307 5765 tas.
347 5715 656 5770 Conversus
686 5715 930 5774 Justinus
958 5721 1216 5786 substitit,
1251 5736 1314 5776 ac
1351 5723 1402 5775 in
1427 5737 1548 5776 eum
1580 5726 1770 5779 oculos

219 5807 378 5860 acrius
415 5809 628 5863 deﬁxit.
662 5807 796 5863 Tum
828 5825 990 5867 senex
1019 5829 1031 5864 :
1066 5832 1083 5863 ι
1115 5812 1285 5880 Mene,
1320 5814 1527 5884 inquit,
1569 5830 1768 5885 cogno-

221 5899 346 5953 scis?
388 5922 406 5953 ι
459 5900 686 5971 Negavit
730 5903 994 5963 Justinus.
1038 5905 1223 5974 «ρυεά
1268 5923 1353 5965 mc
1381 5909 1563 5980 igitur,
1590 5910 1764 5978 inquit

1882 4701 2260 4768 philosophus.
2293 4719 2312 4752 ι
2363 4701 2529 4755 Multa
2564 4702 2728 4771 igitur
2773 4703 2875 4755 alia
2907 4701 3240 4759 disseruerat
3282 4722 3469 4771 senex,

1881 4807 2002 4860 quae
2029 4791 2276 4846 Justinus
2323 4794 2426 4847 hoc
2466 4793 2587 4847 loco
2621 4793 2902 4849 relerenda
2948 4811 3055 4849 non
3097 4796 3305 4864 judicat
3333 4816 3346 4863 ;
3374 4816 3473 4854 nec

1880 4886 2185 4953 generatim
2219 4895 2276 4939 et
2298 4887 2656 4949 subobscure,
2680 4897 2737 4940 ut
2762 4889 3040 4942 existimat
3063 4889 3467 4958 Tillemontius,

1881 4978 1946 5031 de
1985 4979 2208 5032 Christo
2260 4979 2477 5034 locutus
2525 4979 2742 5046 fuerat;
2782 4983 2876 5036 sed
2923 4986 3331 5039 ad‘accuratam
3378 4991 3471 5042 de-

1878 5072 2170 5124 scenderat
2197 5073 2478 5144 religionis
2504 5075 2932 5142 expositionem,
2965 5076 3037 5130 ita
3067 5085 3122 5128 ut
3144 5074 3397 5131 Justinus
3417 5080 3466 5130 ei

1878 5171 2156 5230 acceptum
2189 5164 2396 5219 referre
2432 5180 2539 5218 non
2584 5166 2814 5229 dubitet,
2842 5168 2986 5233 quod
3019 5169 3072 5221 in
3105 5166 3330 5237 Dialogo
3373 5186 3472 5222 ex-

1875 5256 2091 5321 quisitis
2123 5258 2422 5312 rationibus
2448 5259 2799 5320 demonstrat,
2841 5275 2945 5312 non
2983 5261 3050 5312 ah
3081 5263 3342 5328 operibus
3380 5265 3468 5315 le-

1876 5350 1977 5415 gis,
2016 5356 2107 5402 sed
2133 5351 2201 5402 ab
2232 5351 2502 5405 incarnati
2537 5351 2660 5406 Filii
2697 5354 2791 5408 Dei
2833 5356 3006 5422 gratia
3037 5355 3264 5410 salutem
3300 5359 3466 5426 proﬁ-

1875 5442 2030 5508 cisci,
2066 5443 2278 5514 Dialog.
2314 5461 2368 5498 ιι.
2395 5445 2487 5498 ‘23.

1947 5533 2265 5607 Suspicatus
2285 5550 2364 5592 est
2406 5539 2703 5593 llalloixius
2731 5539 3052 5609 angelorum
3085 5539 3321 5608 aliquem
3363 5543 3464 5594 sub

1877 5626 2053 5682 forma
2089 5631 2238 5684 senis
2268 5630 2483 5685 Justino
2517 5634 2690 5684 visum
2737 5633 2926 5687 fuisse.
2977 5631 3033 5685 ld
3064 5647 3194 5684 vero
3247 5631 3463 5684 simini-

1878 5739 2022 5776 mum
2054 5725 2224 5779 videri
2258 5727 2458 5781 debere
2485 5725 3226 5796 pronuntiatTillemontius,
3263 5725 3307 5778 si
3333 5742 3467 5780 con-

1877 5819 2148 5873 sideretur
2177 5822 2391 5875 subitus
2426 5822 2512 5875 ille
2545 5831 2598 5876 et
2623 5822 2951 5891 impr0visus
2987 5822 3225 5875 hominis
3269 5836 3425 5874 occur
3449 5854 3463 5860 -

1877 5927 1968 5968 sus
1993 5914 2042 5966 in
2067 5914 2184 5968 loco
2211 5914 2370 5968 nullis
2396 5915 2672 5969 hominum
2697 5915 2942 5983 vestigiis
2965 5917 3115 5975 trito.
3135 5914 3463 5982 colloquium.
