4120 6482
228 501 340 560 N3

1223 497 1284 553 Ι).
1324 495 1587 551 ΜΑΙὶΑΝΙ
1622 495 1994 552 ΡΒᾹΞΕΔΤΙΟ
2023 527 2091 536 ——
2125 494 2306 550 PARS
2339 494 2425 549 1-11.

3375 498 3478 554 111

224 622 670 678 Christianorum
727 621 1016 691 agnovisse
1077 634 1136 675 se
1189 621 1366 684 dicat,
1427 637 1542 673 cum
1597 638 1682 674 eos
1726 623 1795 674 ad

1903 619 2150 690 μεγάλως
2201 618 2552 690 ὲξασκηθεὶς,
2604 632 2728 671 eum
2776 633 2843 672 ex
2901 627 3205 673 ascetarum
3253 635 3478 675 numero

223 728 448 770 mortem
475 727 518 770 et
546 716 614 769 ad
641 716 822 769 omnia
850 731 966 784 qui:
995 713 1252 766 terribilia
1278 715 1670 778 existimamur,
1700 716 1799 766 im-

225 806 450 873 pavidos
481 806 697 859 videret.

301 899 408 951 Sed
447 901 494 950 l°
537 899 636 953 etsi
679 895 985 966 persecutio
1016 894 1220 949 resedit
1243 907 1386 949 anno
1410 892 1537 956 126,
1567 893 1682 947 ﬁeri
1717 904 1798 946 ta-

225 1004 359 1044 men
387 989 582 1059 potuit,
618 989 764 1059 quod
795 1002 936 1057 saepe
981 987 1115 1043 alias
1159 986 1360 1042 factum
1395 997 1510 1051 est,
1559 997 1617 1042 ut
1659 1001 1798 1056 prae-

224 1084 381 1136 sides
409 1082 492 1137 vel
529 1080 712 1150 populi
742 1079 1072 1134 clamoribus
1098 1079 1340 1147 adducti,
1368 1079 1454 1133 vel
1482 1079 1609 1134 odio
1637 1078 1798 1134 Chri-

227 1175 432 1228 stiana:
481 1173 761 1244 religionis
811 1171 1058 1236 incitati,
1104 1171 1159 1225 in
1208 1171 1547 1226 Christianos
1590 1171 1800 1242 injussu

226 1265 583 1334 imperatoris
611 1265 887 1319 saevirent.
938 1261 996 1316 2°
1048 1263 1278 1318 Etiamsi
1321 1264 1530 1318 nullum
1578 1277 1800 1334 prorsus

224 1358 529 1411 exstitisset
564 1358 902 1428 martyrium,
930 1371 1051 1410 cum
1084 1355 1331 1411 Justinus
1361 1371 1660 1411 conversus
1689 1365 1795 1422 est,

224 1449 668 1506 Christianorum
715 1450 1079 1503 constantiam
1130 1448 1183 1501 in
1237 1447 1576 1504 cruciatibus
1625 1463 1796 1518 agno-

224 1555 392 1595 scere
415 1550 468 1593 et
496 1540 719 1595 laudare
754 1540 946 1608 potuit,
973 1554 1078 1593 non
1108 1539 1283 1593 solum
1312 1539 1437 1608 quia
1469 1553 1661 1593 recens
1693 1552 1800 1592 me-

227 1630 408 1685 moria
448 1645 670 1694 eorum,
711 1645 829 1698 qua:
872 1630 926 1682 in
963 1630 1343 1697 persecutione
1376 1629 1520 1700 passi
1557 1629 1794 1694 fuerant,

225 1721 378 1774 hanc
421 1719 502 1774 eis
547 1719 758 1774 laudem
804 1720 1046 1773 omnium
1087 1717 1298 1787 judicio
1344 1719 1660 1785 tribuebat;
1701 1719 1794 1774 sed

222 1815 395 1868 etiam
423 1814 548 1883 quia
576 1815 629 1868 in
661 1815 772 1884 ipsa
802 1829 934 1884 pace
963 1815 1291 1886 impavidum
1319 1830 1430 1886 prae
1461 1829 1521 1870 se
1551 1815 1793 1868 animum

224 1899 501 1964 ferebant,
534 1901 852 1971 religionem
884 1903 1030 1956 illam
1066 1907 1408 1974 profitentes,
1434 1919 1555 1973 qua:
1583 1904 1795 1973 gravis-

223 1992 385 2046 simis
425 2007 636 2062 semper
669 1994 880 2060 objecta
907 2006 1028 2050 crat
1059 1996 1333 2066 procellis.
1367 1995 1504 2050 Hinc
1543 1994 1795 2051 Justinus

223 2084 278 2138 in
331 2085 576 2155 Dialogo,
609 2101 768 2156 quem
815 2102 934 2142 cum
974 2087 1176 2144 Jnda-is
1214 2088 1403 2144 habuit
1456 2091 1608 2158 pacis
1663 2101 1797 2144 tem-

221 2191 385 2246 pore,
410 2179 773 2232 constantiam
814 2179 1251 2234 Christianorum
1299 2183 1352 2234 iu
1393 2191 1568 2235 morte
1615 2179 1795 2248 perle-

223 2269 398 2322 renda
438 2278 696 2338 perpetuo
723 2269 926 2336 laudat,
957 2287 1057 2325 nec
1082 2271 1326 2327 futurum
1354 2282 1537 2340 sperat
1566 2285 1624 2326 ut
1655 2274 1798 2326 hanc

225 2361 546 2429 religionem
598 2363 876 2432 principes
921 2364 1214 2433 aliquando
1263 2379 1466 2419 vexare
1511 2364 1792 2424 desinant,

224 2468 280 2504 n.
305 2451 399 2505 50.
432 2451 553 2520 Ipse
583 2452 836 2524 Tryphon
882 2455 1037 2509 fateri
1087 2456 1320 2525 cogitur.
1358 2472 1412 2508 n.
1439 2455 1527 2520 15,
1573 2455 1794 2509 mirabi-

224 2544 333 2600 lem
367 2559 486 2598 esse
533 2545 674 2598 hanc
714 2543 1143 2601 Christianorum
1189 2547 1590 2612 constantiam;
1634 2546 1797 2617 quin-

225 2637 396 2690 etiam
427 2636 480 2688 in
523 2651 618 2690 eos
648 2637 886 2706 jocalur,
917 2655 974 2691 n.
1002 2639 1053 2699 7,
1084 2639 1224 2708 quod
1267 2638 1472 2695 Christi
1500 2654 1664 2694 causa
1699 2640 1791 2694 mi-

223 2743 352 2783 sere
400 2739 645 2797 pereant.
690 2728 885 2782 Mirum
931 2744 1063 2799 ergo
1097 2731 1272 2784 videri
1317 2745 1426 2785 non
1457 2731 1711 2797 deberet,
1746 2732 1799 2786 si

223 2821 475 2878 Justinus
519 2824 670 2890 pacis
703 2833 946 2893 tempore
981 2824 1122 2879 hanc
1163 2824 1218 2880 in
1249 2823 1576 2881 Christianis
1620 2827 1797 2880 virtu-

225 2925 334 2968 tem
381 2914 716 2982 agnovisset.

853 3032 1080 3088 CAPUT
1119 3031 1182 3090 11.

225 3121 300 3176 Bc
327 3121 531 3178 Justini
574 3126 778 3179 uisendi
807 3142 1015 3192 genere,
1059 3128 1352 3180 sacerdotio
1392 3137 1440 3180 et
1476 3129 1662 3197 primis
1700 3127 1796 3179 od-

679 3213 852 3250 versus
883 3197 1096 3265 gentiles
1122 3198 1350 3252 scriptis.

217 3298 255 3346 l.
291 3301 752 3370 Videtur_Justinus
774 3312 937 3355 asceta
964 3314 1017 3356 et
1036 3307 1298 3370 presbyter
1341 3308 1506 3370 fuisse,
1529 3308 1592 3357 il.
1621 3309 1797 3358 Astru-

1901 710 2096 775 l’uisse,
2146 711 2236 779 qui
2289 708 2672 763 communibus
2728 709 3167 763 Christianorum
3231 712 3474 766 omnium

1902 800 2189 867 praeceptis
2227 799 2445 869 propria
2489 801 2735 868 quaedam
2784 801 3113 856 austerioris
3144 801 3269 856 vitae
3319 804 3474 857 insti~

1904 899 2015 944 tuta
2044 893 2427 962 adjungebant,
2455 903 2512 945 ut
2539 903 2768 946 testatur
2795 893 3083 960 Origenes,
3111 894 3208 950 lib.
3233 912 3264 945 v
3292 907 3474 950 contra

1902 981 2129 1036 Celsum.
2159 980 2292 1036 Cum
2323 981 2609 1052 Epiphanii
2660 985 2977 1040 testimonio
3016 987 3152 1041 satis
3198 988 3474 1042 consentit
3542 984 3544 987 ’

1902 1079 2013 1125 tota
2043 1070 2241 1126 Justini
2271 1074 2404 1138 vita,
2447 1087 2566 1141 quae
2599 1074 2651 1127 in
2686 1075 2982 1129 scribendo
3026 1085 3082 1130 et
3131 1077 3381 1133 docendo
3413 1094 3477 1131 ac

1901 1162 2160 1231 augendis
2189 1162 2447 1218 Ecclesia:
2481 1164 2808 1219 utilitatibus
2842 1177 3169 1237 consumpta
3212 1169 3465 1222 civilibus

1899 1254 2060 1307 undis
2096 1255 2323 1310 mersari
2352 1271 2456 1310 non
2494 1258 2688 1326 potuit.
2721 1259 2886 1313 Forte
2925 1260 3086 1330 hujus
3120 1261 3248 1314 vitae
3290 1273 3472 1316 auste-

1902 1345 2064 1400 rioris
2094 1345 2302 1416 insigne
2337 1347 2435 1401 fuit
2466 1350 2688 1417 pallium
2729 1351 2880 1418 illud,
2913 1354 3058 1421 quod
3095 1351 3347 1409 Justinus
3389 1373 3474 1426 ge-

1902 1440 2073 1493 rebat.
2100 1436 2253 1493 Illum
2280 1441 2422 1494 enim
2454 1442 2610 1496 annis
2646 1453 2766 1511 post
2797 1444 3215 1499 conversionem
3249 1447 3475 1500 circiter

1900 1531 2090 1600 viginti
2131 1533 2184 1585 in
2230 1532 2489 1600 Ephesini
2536 1534 2689 1604 Xysti
2740 1537 2936 1605 spatiis
2986 1540 3358 1593 ambulantem
3407 1555 3473 1593 ex

1901 1624 2002 1677 hoc
2030 1633 2228 1678 ornatu
2264 1625 2644 1695 philosophum
2673 1643 2798 1684 esse
2830 1629 3049 1701 Trypho
3076 1641 3131 1686 et
3160 1633 3253 1685 alii
3300 1633 3471 1686 Judmi

1894 1713 2230 1783 judicarnnt.
2280 1714 2548 1771 Observat
2596 1717 2981 1776 Tillemoutius
3043 1739 3146 1776 non
3199 1726 3471 1778 insuetum

1905 1804 2076 1860 fuisse
2111 1806 2328 1876 pallium
2369 1799 2723 1865 austEriorcm
2759 1813 2925 1866 vitam
2978 1814 3383 1883 proﬁtentibus,
3417 1833 3475 1873 ut

1899 1896 2255 1962 Tertolliano,
2284 1911 2343 1954 ut
2380 1905 2607 1972 martyri
2642 1903 2952 1976 Porphyrio
2996 1909 3137 1975 apud
3180 1907 3472 1964 Eusebium

1827 2032 1868 2085 Β
1899 1986 1974 2040 De
2003 2001 2160 2043 mort.
2193 1988 2443 2057 Palmm,
2472 2007 2592 2062 cap.
2622 1995 2708 2049 11.
2739 1997 2793 2049 Si
2831 1997 2957 2064 quis
2990 2007 3172 2052 tamen
3199 1997 3471 2053 Justiuum

1903 2082 2003 2135 hoc
2050 2081 2392 2150 indumento,
2433 2091 2492 2138 ut
2545 2085 2902 2155 philosophia:
2948 2089 3088 2159 signi
3142 2105 3300 2143 usum
3354 2105 3476 2144 esse

1900 2174 2060 2238 velit;
2094 2186 2255 2240 negat
2281 2176 2424 2231 idem
2457 2179 2695 2247 scriptor
2739 2180 2790 2233 id
2827 2194 2987 2249 posse
3029 2181 3378 2248 reprehendi,
3411 2199 3474 2237 ac

1899 2263 2100 2320 Justiui
2130 2267 2234 2322 hac
2264 2268 2317 2322 in
2357 2283 2418 2323 re
2449 2269 2784 2327 imitatorem
2832 2273 3040 2341 profert
3079 2286 3335 2343 maguum
3369 2274 3473 2330 lle-

1901 2357 2127 2420 raclam,
2175 2359 2611 2418 Alexandrinum
2645 2364 3052 2432 patriarcham,
3096 2379 3187 2434 qui
3234 2365 3476 2434 philoso-

1899 2451 2117 2518 phicum
2181 2450 2400 2518 pallium
2449 2468 2572 2506 cum
2623 2454 2826 2509 Christi
2877 2457 3186 2512 sacerdotio
3247 2458 3475 2524 conjun-

1899 2544 2077 2612 gebat.
2125 2543 2268 2600 Idem
2318 2555 2444 2600 ante
2488 2543 2762 2601 Justiuum
2806 2563 2835 2601 a
2878 2549 2938 2602 S.
2965 2549 3203 2603 Aristide
3268 2549 3472 2602 factum

1901 2642 2132 2690 testatur
2164 2635 2532 2709 Hieronymus
2562 2639 2615 2694 in
2645 2638 2788 2694 libro
2821 2639 2895 2693 De
2932 2642 3280 2712 scriptoribus
3312 2642 3475 2695 eccle-

1899 2725 2147 2781 siasticis.

1968 2818 2354 2892 Presbyterum
2390 2823 2558 2877 fuisse
2585 2823 2862 2878 Justinum
2898 2825 3154 2892 Opinatur
3180 2822 3476 2879 Tillemon-

1903 2912 2031 2979 tius,
2064 2926 2353 2984 propterea
2397 2916 2537 2984 quod
2586 2917 2839 2984 baptismi
2884 2919 3243 2972 cmremonias
3270 2919 3349 2972 sic
3377 2919 3472 2972 de-

1899 3006 2126 3070 scribit,
2163 3017 2221 3061 ut
2254 3007 2400 3061 illius
2450 3009 2867 3064 administrandi
2906 3026 3106 3064 munus
3148 3011 3473 3064 sustinuisse

1901 3097 2165 3152 videatur.
2199 3099 2357 3154 «Nos
2387 3110 2589 3164 autem,
2618 3102 2791 3171 inquit
2825 3103 2979 3170 Apol.
3004 3103 3056 3168 1,
3093 3118 3147 3155 11.
3185 3102 3288 3166 65,
3325 3113 3474 3164 post-

1901 3206 2063 3260 quam
2092 3205 2239 3257 eum,
2274 3194 2365 3262 qui
2401 3194 2629 3248 credidit
2654 3205 2710 3247 et
2745 3209 3000 3249 assensus
3038 3203 3139 3257 est,
3171 3197 3251 3249 sic
3296 3197 3468 3250 ablui—

1901 3298 2042 3347 mus,
2068 3284 2135 3337 ad
2161 3299 2255 3338 eos
2280 3287 2374 3354 qui
2399 3285 2653 3339 dicuntur
2679 3286 2906 3351 fratres,
2935 3288 2988 3340 in
3019 3287 3200 3342 locum
3231 3289 3319 3342 ubi
3351 3304 3476 3343 cou-

283 3366 925 3448 Eturltlj‘dnga‘dve‘rs‘us
944 3359 1417 3448 qrécgsgiatione‘s.
1434 3359 1801 3448 potirier};-
1824 3371 1869 3432 α
1902 3375 2108 3443 gregali
2154 3387 2303 3440 sunt,
2348 3377 2687 3442 adducimus,
2730 3394 3046 3434 communes
3075 3395 3262 3448 preces
3292 3383 3475 3438 animo

283 3437 406 3487 pore
430 3429 612 3487 scripta
643 3427 935 3479 Cohortatio.
968 3430 1046 3479 IV.
1079 3431 1341 3480 [1010111101-
1363 3427 1623 3482 Casimirus
1648 3432 1802 3484 Oudi-

284 3501 397 3535 nus.
421 3487 481 3534 γ.
509 3491 617 3538 Alia
645 3490 803 3538 oratio
825 3495 985 3539 minus
1028 3492 1163 3540 belle
1210 3493 1402 3542 Justino
1429 3493 1622 3541 videtur
1665 3494 1804 3541 attri-

282 3548 419 3597 buta.
445 3550 529 3598 Vl.
560 3551 712 3600 Liber
739 3553 805 3601 De
827 3551 1102 3602 monarcltia
1121 3556 1321 3604 minime
1344 3556 1560 3603 mutilus.
1610 3554 1804 3603 Eusebii

283 3613 443 3678 locus,
462 3614 814 3678 quirmutilum
840 3627 952 3664 esse
977 3624 1310 3678 persuaserat,
1337 3631 1463 3666 nova
1501 3619 1804 3678 interpreta-

279 3672 414 3721 tione
436 3672 498 3722 ei
505 3673 734 3736 plicatur.

295 3754 334 3806 Ι.
367 3755 670 3824 Postquam
701 3757 759 3811 S.
800 3767 1008 3829 martyr
1045 3759 1483 3815 Christianorum
1522 3760 1801 3832 mysteriis

232 3846 473 3903 initiatus
503 3860 628 3913 est,
675 3866 781 3903 non
829 3866 1045 3921 segnem
1076 3869 1296 3922 operam
1352 3856 1531 3924 posuit
1568 3856 1619 3909 in
1655 3854 1803 3909 evol-

231 3939 415 3996 vendis
445 3940 754 4010 Scripturis
780 3945 974 4009 sacris,
1001 3955 1057 3998 et
1085 3960 1148 4000 ea
1176 3946 1506 4001 Christiana:
1540 3949 1802 4001 doctrina:

233 4036 541 4104 cognitione
565 4039 954 4106 comparanda,
982 4053 1106 4107 qua:
1132 4055 1241 4094 non
1272 4041 1446 4095 cuivis
1471 4058 1500 4095 e
1531 4041 1801 4096 Christia-

234 4141 422 4180 norum
462 4127 646 4198 vulgo,
690 4129 784 4183 sed
828 4129 1034 4184 homini
1079 4132 1293 4186 erudito
1336 4142 1390 4187 et
1423 4135 1489 4187 ad
1524 4133 1802 4203 religionis

237 4219 608 4273 defensionem
661 4229 790 4274 nato
829 4231 1172 4290 congrueret.
1218 4223 1492 4289 Quantum
1545 4224 1802 4279 habuerit

239 4330 384 4368 mum
421 4312 724 4382 Scriptura:
758 4329 947 4380 sacrae,
979 4316 1221 4370 declarat
1261 4317 1408 4371 illius
1453 4333 1577 4372 cum
1613 4318 1804 4374 Judaeo

237 4405 525 4478 Tryphoue
560 4408 845 4478 Dialogus,
892 4410 944 4463 in
990 4426 1097 4478 quo
1145 4423 1197 4464 et
1237 4411 1555 4465 immensam
1608 4427 1804 4481 pr0pe-

239 4504 449 4555 modam
479 4502 915 4556 testimoniorum
948 4502 1142 4556 silvam
1172 4503 1460 4570 depromit,
1491 4519 1651 4570 quam
1683 4504 1803 4572 qui-

238 4594 350 4646 dun
382 4594 703 4648 memoriter
744 4593 796 4646 iu
835 4594 952 4662 ipso
979 4608 1275 4664 congressu
1314 4603 1369 4647 et
1402 4594 1674 4664 colloquio
1708 4611 1804 4649 ne-

241 4701 387 4739 cesse
419 4684 528 4738 fuit
558 4684 802 4749 recitari,
827 4694 881 4738 et
909 4683 1252 4754 Scripturam
1282 4687 1453 4756 ipsam
1503 4689 1581 4740 sic
1629 4688 1801 4742 inter-
1836 4714 1879 4769 Β

242 4787 500 4843 pretatur,
535 4787 593 4830 ut
632 4775 914 4830 Judaicam
946 4778 1300 4848 pertinaciam
1327 4779 1650 4848 perfringat.
1683 4778 1800 4832 Non

243 4868 429 4922 desunt
458 4881 643 4922 tamen
671 4870 760 4936 qui
789 4880 1033 4923 sanctum
1065 4877 1355 4937 martyrem
1387 4869 1439 4923 in
1476 4870 1579 4925 hoc
1607 4885 1805 4940 genere

243 4963 383 5030 parvi
417 4963 649 5022 faciant.
674 4971 727 5016 et
763 4960 1059 5031 Scriptum:
1089 4961 1497 5030 intelligentiam
1528 4962 1582 5016 iu
1619 4979 1684 5016 eo
1712 4965 1806 5017 de-

242 5058 497 5122 siderent,
536 5065 822 5125 propterea
862 5057 1006 5124 quod
1059 5056 1360 5124 allogoricis
1403 5055 1802 5116 interpretatio-

244 5148 394 5202 nibus
424 5147 673 5209 nimium,
715 5157 775 5201 ut
806 5148 904 5216 ipsi
940 5147 1279 5211 existimant,
1316 5148 1616 5217 indulgeat.
1651 5147 1805 5201 [laud

243 5243 484 5310 equidem
527 5256 796 5312 negavero
832 5230 1092 5304 nonnulla
1134 5240 1274 5309 apud
1311 5240 1584 5296 Justinum
1613 5257 1805 5295 occur-

251 5347 382 5396 rere,
408 5347 534 5401 qua:
572 5331 786 5402 longius
831 5341 1004 5386 tracta
1050 5331 1364 5398 videantur;
1405 5338 1501 5388 sed
1533 5336 1677 5388 inter
1705 5334 1806 5388 has

245 5426 460 5480 umbras
481 5425 735 5478 eminent
762 5435 924 5493 atque
950 5426 1256 5482 enitescth
1278 5426 1380 5481 alia
1412 5425 1668 5491 plurima,
1687 5441 1806 5494 quae

251 5517 469 5571 miriﬁce
500 5518 878 5586 comprobant,
925 5519 1204 5572 hominum
1237 5517 1675 5572 doctissimorum
1713 5518 1804 5587 ju—

249 5608 400 5673 dicio,
426 5610 480 5663 id
507 5608 652 5678 quod
684 5607 742 5663 S.
772 5619 978 5680 martyr
1002 5610 1141 5680 grati
1168 5610 1332 5663 animi
1361 5626 1524 5665 causa
1555 5621 1804 5671 testatur,

249 5701 372 5754 hanc
414 5702 646 5770 gratiam
692 5701 794 5753 sibi
836 5719 868 5754 a
898 5703 1008 5754 Deo
1048 5718 1344 5756 concessam
1392 5720 1530 5767 esse,
1563 5714 1620 5756 ut
1663 5704 1807 5756 illius

252 5793 540 5857 bcriptaras
569 5792 906 5857 intelligeret,
931 5791 1139 5863 Dialog.
1173 5810 1226 5847 11.
1255 5795 1342 5848 58.

314 5884 423 5940 Non
456 5888 637 5941 minus
670 5887 793 5939 vitae
834 5887 1122 5940 sanctitate
1156 5902 1316 5954 quam
1349 5887 1590 5941 doctrina
1623 5887 1809 5940 micuit

253 5975 504 6039 lustinus.
555 5980 670 6038 Non
708 5982 943 6037 obscure
984 5979 1225 6036 indicant
1275 5979 1562 6052 Epiphanii
1614 5981 1800 6050 verba,

1906 3466 2112 3522 intento
2141 3468 2357 3524 facturi.
2384 3491 2403 3524 1
2440 3471 2570 3525 Erat
2611 3488 2740 3542 ergo
2773 3471 3022 3528 Justinus
3053 3489 3118 3527 ex
3150 3487 3338 3527 eorum
3375 3492 3476 3529 nu-

1906 3576 2058 3616 mero
2098 3563 2188 3630 qui
2219 3562 2602 3630 baptizabant,
2650 3574 2702 3618 et
2747 3563 3083 3634 baptizatum
3131 3565 3474 3622 deducebant

1906 3655 1970 3707 ad
2004 3656 2177 3709 locum
2213 3656 2301 3711 ubi
2338 3656 2534 3711 fratres
2557 3659 2874 3729 congregati
2911 3669 3093 3714 erant.
3123 3659 3240 3712 Alio
3270 3660 3324 3712 in
3357 3660 3476 3714 loco

1905 3758 2154 3801 recenset
2177 3764 2236 3802 se
2262 3750 2407 3803 inter
2437 3751 2713 3819 principes
2744 3751 2925 3819 populi
2953 3751 3271 3817 Christiani,
3302 3768 3470 3821 seque

1905 3838 1956 3892 in
2005 3842 2105 3894 hoc
2152 3840 2524 3910 pel-fungendo
2571 3858 2796 3897 munere
2842 3858 2872 3896 a
2915 3844 3250 3912 principibus
3292 3844 3474 3913 populi

1903 3930 2112 3986 Judaici
2155 3932 2309 4001 longe
2345 3935 2660 4002 discrepare
2693 3935 2994 4003 proﬁtetur.
3042 3953 3060 3986 1
3091 3935 3156 3988 Ει
3183 3952 3283 3990 nos
3311 3937 3478 4004 igitur

1907 4024 2100 4078 timore
2128 4025 2366 4088 adducti,
2397 4027 2571 4096 inquit
2608 4026 2819 4098 Dialog.
2848 4044 2902 4082 n.
2946 4029 3035 4093 82,
3079 4043 3360 4084 sermones
3390 4046 3478 4084 se-

1904 4120 2139 4174 cundum
2172 4119 2486 4190 Scripturas
2517 4119 2769 4175 conferre
2793 4123 3094 4188 studemus,
3126 4124 3349 4178 minime
3379 4139 3474 4179 au-

1907 4219 2011 4265 tem
2049 4213 2291 4278 pecunia:
2325 4223 2415 4266 aut
2447 4213 2631 4281 gloria:
2661 4215 2978 4280 cupiditate,
3014 4230 3105 4269 aut
3148 4233 3337 4272 amore
3383 4233 3478 4272 vo-

1905 4303 2142 4370 luptatis.
2186 4303 2397 4358 Nullum
2442 4307 2587 4360 enim
2626 4322 2694 4361 ex
2731 4308 2815 4362 his
2860 4319 2942 4362 est
2975 4309 3144 4375 vitiis,
3175 4309 3331 4376 cujus
3380 4327 3476 4365 nos

1904 4399 2191 4466 quisquam
2221 4414 2450 4465 arguere
2483 4403 2674 4468 possit.
2717 4401 2900 4470 Neque
2929 4405 3076 4457 enim
3127 4405 3380 4459 similiter
3412 4419 3477 4459 ac

1905 4493 2170 4562 principes
2197 4494 2374 4563 p0pnli
2405 4495 2570 4548 vestri
2600 4496 2781 4550 vivere
2805 4497 3074 4562 volumus,
3103 4499 3299 4566 quibus
3328 4498 3477 4552 Deus

1904 4585 2007 4640 hoc
2050 4588 2305 4653 probrum
2333 4587 2560 4656 objicit:
2605 4587 2876 4658 Principes
2913 4592 3071 4643 vestri
3118 4592 3248 4643 socii
3274 4590 3475 4658 furum,

1905 4678 2182 4748 diligentes
2213 4697 2453 4744 munero,
2483 4692 2842 4750 persequentes
2871 4683 3286 4739 retributionem.
3313 4703 3332 4734 1
3377 4685 3478 4736 Sa-

1909 4773 2212 4825 cerdotium
2253 4770 2454 4828 Justini
2495 4790 2561 4827 ex
2594 4775 2712 4842 ejus
2739 4775 2888 4829 Actis
2915 4777 3224 4829 conlirmari
3278 4785 3478 4844 potest,

1907 4881 1971 4918 ex
2016 4865 2213 4934 quibus
2249 4866 2376 4918 illud
2427 4867 2618 4920 saltem
2669 4869 2941 4939 colligitur
2985 4869 3269 4922 ecclesiam
3317 4869 3367 4920 in
3416 4883 3477 4920 ea

1907 4961 2090 5024 domo,
2135 4960 2188 5012 in
2231 4975 2337 5028 qua
2370 4961 2624 5030 degebat,
2671 4962 2856 5023 fuisse,
2900 4977 2998 5016 nec
3045 4979 3193 5028 eum,
3241 4963 3478 5030 quandiu

1907 5051 2090 5107 Romae
2123 5053 2239 5116 fuit,
2285 5056 2448 5108 alium
2493 5065 2792 5110 conventus
2837 5057 3010 5111 locum
3059 5057 3214 5110 obire
3262 5055 3478 5109 solitum

1909 5145 2098 5199 fuisse.
2144 5146 2416 5212 Quareuti
2474 5151 2616 5201 enim
2669 5148 2922 5216 praefecto
2975 5164 3134 5217 quem
3187 5149 3237 5201 111
3302 5149 3477 5202 locum

1909 5238 2204 5293 Christiani
2237 5241 2614 5302 convenirent,
2647 5253 2700 5294 et
2733 5257 2862 5297 suos
2893 5240 3139 5297 Justinus
3186 5243 3481 5309 discipulos

1909 5342 2289 5401 congregaret,
2341 5334 2626 5400 respondet
2675 5333 2919 5387 Justinus
2962 5351 3022 5388 se
3063 5333 3267 5386 nullum
3309 5335 3479 5387 alium

1909 5435 2184 5477 conuentus
2228 5426 2399 5477 locum
2439 5438 2764 5493 cognoscere
2799 5435 2996 5494 praeter
3031 5426 3249 5480 domum
3279 5425 3333 5480 in
3373 5440 3480 5494 qua

1912 5517 2190 5571 manebat.
2235 5518 2453 5571 Videtur
2495 5518 2611 5587 ipse
2650 5518 2935 5585 praefectus
2988 5519 3378 5574 sacerdotalem
3427 5519 3479 5571 in

1908 5609 2122 5664 Justino
2150 5611 2469 5679 dignitatem
2513 5627 2829 5680 agnoscere.
2865 5612 2993 5664 dum
3029 5613 3146 5680 ejus
3188 5613 3366 5666 socios
3401 5613 3480 5665 sic

1911 5704 2209 5774 interrogat
2235 5723 2246 5758 :
2289 5705 2736 5759 Christianos'ros
2764 5707 2887 5771 fecit
2915 5704 3161 5758 Justinus
3180 5706 3205 5757 ?
3232 5703 3482 5759 Gratiam

1912 5797 2201 5850 sacerdotii
2234 5797 2286 5851 111
2329 5795 2545 5851 Justiuo
2580 5813 2806 5850 vacuam
2844 5812 2948 5849 non
2997 5796 3164 5850 fuisse
3206 5796 3485 5850 declarant

1911 5888 2111 5942 eximia
2155 5888 2210 5941 in
2258 5887 2558 5943 Ecclesiam
2589 5890 2805 5952 merita,
2843 5905 3005 5957 quam
3056 5904 3160 5942 11011
3214 5887 3386 5942 solum
3431 5897 3486 5939 et

1911 5982 2032 6035 viva
2061 5963 2193 6037 voce
2219 5989 2272 6038 et
2301 5981 2517 6052 scriptis
2550 5981 2803 6053 j‘iietatent
2838 5979 3192 6049 spirantibus,
3232 5989 3290 6033 ut
3323 5978 3495 6036 multi.
