4120 6408
696 365 797 420 liii

1587 355 1641 408 S.
1677 350 2010 410 JUSTINUS
2045 351 2526 410 PHILOSOPHUS
2559 353 2646 408 ΕΤ
2681 354 2988 412 ΜΑΗΤῚΒ.

3851 363 3950 418 "tl

698 489 787 540 alii
823 485 1030 547 Patres,
1077 481 1315 536 defendit
1360 488 1412 532 et
1443 480 1681 542 ornavit,
1706 480 1800 533 sed
1833 479 2020 542 etiam,
2054 479 2104 531 id
2135 481 2277 547 quod
2309 484 2352 538 Α
2385 482 2542 531 detur
2574 478 2955 545 ahjudioanda.
2979 478 3253 548 Scriptam
3293 478 3465 534 fuisse
3500 494 3604 535 non
3632 480 3799 534 multo
3824 495 3947 552 post

698 577 985 648 perpaucis
1018 575 1277 643 conligit,
1316 572 1698 626 molestissimo
1748 583 1989 639 tempore
2020 571 2272 625 afﬂictam

697 680 750 723 et
786 679 1074 729 vastatam,
1109 680 1172 718 ex
1212 679 1422 718 summa
1454 678 1634 716 rerum
1682 663 2115 730 perturbatione,
2147 666 2273 716 dum

699 761 1084 831 imperatorem
1146 758 1329 812 oblata
1399 756 1640 825 apologia
1698 754 1894 824 placat,
1954 757 2006 809 in
2055 766 2274 825 portum

701 853 1263 922 tranquillitatemque
1325 864 1424 917 pro
1483 865 1578 902 sua
1636 858 1790 916 parte
1849 849 2111 902 restituit.
2166 850 2274 903 Sed

698 945 822 1012 quia
864 944 930 997 de
981 943 1255 1013 plerisque
1310 941 1455 993 illius
1502 941 1759 1007 operibus
1806 941 1986 993 multa:
2033 957 2271 1011 magna:-

698 1051 804 1102 que
846 1043 968 1087 sunt
993 1035 1343 1102 questiones,
1375 1045 1442 1083 an
1480 1031 1752 1098 genuinus
1796 1031 1906 1084 siut
1936 1030 2080 1084 illius
2109 1030 2270 1096 fetus,

697 1145 766 1181 an
803 1129 1010 1195 integra
1061 1126 1127 1180 ad
1181 1139 1278 1179 nos
1328 1125 1717 1193 pervenerint,
1761 1133 1816 1177 et
1865 1138 1972 1192 quo
2029 1133 2273 1192 tempore

700 1223 751 1273 in
780 1221 954 1276 lucem
989 1221 1164 1284 edita;
1195 1233 1375 1287 Opera:
1420 1219 1652 1286 pretium
1683 1226 1766 1272 est
1812 1219 1864 1271 in
1901 1217 1984 1271 his
2014 1219 2196 1281 rebus,
2227 1216 2268 1270 si

698 1329 805 1379 qua
852 1314 1062 1367 ratione
1131 1312 1368 1380 possim,
1424 1309 1765 1380 explicandis
1825 1319 1881 1364 et
1933 1309 2272 1363 illustrandis

700 1406 928 1459 inunora
939 1408 1002 1461 ri.

771 1493 835 1550 ll.
871 1494 1071 1548 Praeter
1099 1496 1234 1548 duas
1275 1494 1584 1563 Apologias,
1613 1494 1682 1548 de
1723 1494 1922 1564 quibus
1957 1493 2116 1547 modo
2145 1506 2272 1562 age-

698 1602 843 1654 mus,
868 1587 988 1641 dua:
1027 1586 1144 1640 alia
1168 1595 1385 1640 exstant
1417 1587 1474 1639 S.
1505 1587 1763 1656 martyris
1790 1588 2052 1639 adversus
2088 1585 2270 1639 ethni-

695 1693 793 1732 cos
832 1678 1304 1741 elucuhrationes,
1349 1693 1581 1746 quarum
1624 1679 1792 1732 altera
1835 1692 2009 1748 eaque
2055 1679 2268 1734 brevis-

695 1773 832 1825 sima
888 1772 1208 1826 inscribitur
1249 1773 1432 1826 Oratio
1481 1777 1734 1825 adversus
1790 1771 2047 1835 Grccos;
2099 1773 2267 1826 altera

695 1865 869 1917 multo
913 1864 1146 1933 longior,
1177 1862 1488 1916 Cohortatio
1524 1866 1592 1916 ad
1625 1864 1860 1918 Gnaeos.
1897 1865 2143 1920 Totidem
2179 1865 2270 1920 Ju-

695 1953 840 2007 stino
882 1954 1144 2008 adversus
1191 1956 1444 2010 ethnicos
1478 1955 1624 2019 libri,
1667 1965 1864 2025 preter
1893 1957 2027 2011 duas
2067 1957 2267 2025 Αροιοο

696 2047 832 2114 gias,
868 2047 1177 2100 tribuuntur
1207 2047 1274 2100 ab
1307 2047 1558 2111 Eusebio,
1597 2047 1921 2118 Hieronymo
1953 2058 2006 2102 et
2041 2048 2263 2109 Pbutio;

695 2138 791 2191 sed
841 2147 1022 2192 utrum
1071 2139 1236 2191 iidem
1285 2140 1443 2192 hodie
1481 2149 1724 2203 exstent,
1760 2143 1848 2209 qui
1890 2140 2017 2194 olim
2058 2155 2086 2193 a
2119 2151 2268 2194 vete-

697 2230 848 2283 ribus
890 2232 1296 2286 commemorati
1335 2241 1500 2295 sunt,
1545 2232 1992 2286 examinandum.
2045 2232 2138 2286 Sic
2185 2233 2268 2286 lo-

696 2327 878 2390 quitur
910 2323 1173 2378 Eusebius
1201 2326 1267 2378 de
1300 2326 1384 2380 his
1413 2326 1620 2379 duobus
1665 2326 1819 2378 libris
1846 2345 1860 2379 :
1896 2327 2005 2378 Kal.
2039 2324 2196 2387 ἄλλος
2240 2327 2268 2376 ὁ

694 2414 832 2486 πρὸς
850 2415 1111 2484 Ἓλληνας
1131 2420 1188 2473 ὲν
1207 2415 1250 2490 ᾦ
1267 2418 1476 2488 μακρὸν
1488 2418 1612 2488 περὶ
1635 2418 1899 2470 πλείστων
1920 2418 2047 2488 παρ’
2063 2419 2192 2486 ἡμῖν
2209 2434 2267 2468 τε

695 2509 787 2560 καὶ
817 2511 926 2570 τοῖς
961 2508 1226 2578 Ἐλλήνων
1252 2509 1556 2577 φιλοσόφοις
1580 2509 1923 2579 ζητουμένων
1948 2510 2269 2572 κατατείνας

693 2601 868 2668 λόγον,
903 2601 1030 2672 περὶ
1060 2601 1158 2669 τῆς
1188 2601 1294 2653 τῶν
1336 2601 1604 2670 δαιμόνων
1644 2601 1995 2672 διαλαμϐάνει
2033 2602 2265 2669 φύσεως,

691 2694 905 2746 ἃοὺδὲν
949 2693 1013 2747 ἂν
1045 2695 1250 2760 ἐπείγοι
1295 2693 1457 2746 τανῦν
1490 2693 1905 2764 παρατίθεσθαι.
1949 2695 2057 2747 Καὶ
2113 2690 2268 2759 αὖθις

692 2783 881 2855 ἕτερον
911 2787 1045 2856 πρὸς
1071 2786 1333 2857 ’Έλληνας
1365 2788 1443 2849 είς
1479 2789 1623 2856 ἡμᾶς
1663 2785 1920 2857 ἐλήλυθεν
1951 2785 2114 2839 αὐτοῦ
2141 2785 2268 2853 σύγε

697 2895 948 2949 γραμμα,
993 2879 1022 2931 ὃ
1069 2880 1161 2932 καὶ
1195 2879 1504 2951 ἐπέγραψεν
1528 2880 1804 2950 Ἔλεγχον.
1845 2901 1863 2933 t
1896 2881 1993 2935 Est
2036 2890 2090 2934 et
2131 2881 2270 2935 alius

691 2975 806 3040 ejus
839 2973 976 3029 liber
1020 2977 1283 3029 adversus
1330 2975 1583 3045 gentiles,
1626 2977 1679 3030 in
1725 2991 1833 3045 quo
1875 2987 2158 3045 postquam
2200 2978 2269 3032 de

693 3065 944 3133 plurimis
968 3066 1377 3134 quaestionibus,
1414 3081 1533 3134 quae
1567 3075 1672 3119 tam
1707 3081 1735 3119 a
1769 3067 1996 3130 nostris,
2043 3083 2204 3136 quam
2237 3082 2268 3119 a

2384 572 2795 625 conversionem
2831 570 3028 626 Justiui
3069 572 3357 642 conjicitur
3382 587 3448 625 ex
3479 573 3595 641 ipso
3625 573 3945 642 primordio,

2383 665 2529 730 quod
2563 664 2644 718 sic
2674 665 2837 719 habet
2870 683 2881 717 :
2922 683 2939 714 ε
2973 665 3049 718 Ne
3079 666 3409 731 existimate,
3438 664 3612 720 Graeci
3634 707 3650 731 ,
3683 665 3827 720 nulla
3862 681 3947 720 me

2377 771 2498 809 eum
2531 758 2742 811 ratione
2771 767 2866 812 aut
2896 758 3046 811 nullo
3073 774 3195 812 cum
3221 757 3429 827 judicio
3458 774 3487 812 a
3522 759 3717 814 vestris
3752 759 3946 814 ritibus

2380 849 2691 903 descivisse.
2733 869 2750 900 s

2451 942 2602 1007 Quod
2650 951 2831 996 autem
2882 953 3093 1011 spectat
3140 953 3203 996 ad
3264 944 3562 1015 longiorem
3608 945 3945 1011 cntionem,

2377 1049 2494 1101 qum
2525 1047 2669 1086 nunc
2701 1034 3056 1100 inscribitur,
3097 1034 3406 1091 Cohortatio
3446 1036 3516 1090 ad
3545 1033 3790 1099 θνητοί,
3822 1053 3945 1090 eam

2377 1135 2427 1177 et
2447 1125 2687 1192 antiquis
2716 1136 2896 1178 notam
2926 1125 3097 1181 fuisse
3121 1137 3176 1180 et
3206 1129 3256 1181 in
3287 1129 3722 1198 germanissimis
3745 1131 3948 1184 Justiui

2376 1217 2593 1285 scriptis
2626 1218 3016 1272 numerandam
3048 1219 3232 1273 multis
3271 1220 3580 1276 rationibus
3607 1221 3951 1277 demonstra-

2378 1318 2483 1361 tur.
2514 1308 2657 1361 Nihil
2694 1310 2744 1362 in
2785 1309 2873 1363 illa
2919 1311 3138 1380 quidem
3168 1311 3367 1380 legitur
3398 1314 3465 1366 de
3500 1312 3805 1368 daemonum
3845 1329 3950 1367 na-

2376 1410 2517 1463 tura,
2539 1400 2672 1454 nihil
2705 1400 2769 1454 de
2794 1402 3194 1470 quaestionibus
3222 1413 3330 1456 tam
3361 1405 3504 1473 apud
3529 1414 3762 1471 nostros,
3784 1422 3949 1475 quam

2374 1493 2513 1562 apud
2561 1493 2791 1562 gentiles
2843 1495 3199 1564 philosophos
3264 1495 3462 1566 agitari
3518 1497 3713 1552 solitis.
3769 1498 3954 1566 Quane

2373 1585 2559 1639 eadem
2590 1599 2712 1640 esse
2739 1599 2845 1639 non
2895 1595 3074 1656 potest
3096 1602 3159 1641 ac
3187 1587 3276 1641 illa
3303 1591 3683 1658 pertractatio,
3716 1606 3840 1660 qua
3879 1591 3951 1646 de

2375 1679 2673 1732 damonum
2708 1687 2903 1733 natura
2939 1678 3267 1735 disserebat.
3313 1682 3384 1735 At
3431 1683 3565 1735 nihil
3609 1693 3753 1738 vetat
3803 1700 3958 1738 eam-

2375 1767 2494 1822 dem
2525 1785 2746 1840 prorsus
2773 1785 2895 1826 esse
2934 1787 2998 1825 ac
3043 1786 3163 1824 eam
3183 1811 3199 1836 ,
3229 1787 3349 1842 quae
3383 1773 3644 1830 Elenclms
3674 1775 3791 1829 sive
3817 1774 3956 1829 Con-

2373 1860 2564 1928 futatio
2599 1862 3018 1917 inscribebatur.
3075 1863 3448 1934 Praeterquam
3499 1867 3640 1934 quod
3683 1865 3953 1922 librorum

2376 1952 2517 2004 tituli
2574 1962 2651 2007 tot
2697 1956 3030 2010 mutationes
3082 1955 3434 2012 librariorum
3480 1957 3700 2014 licentia
3739 1971 3954 2029 experts

2373 2054 2537 2111 sunt,
2587 2056 2646 2098 ut
2674 2062 2738 2101 ex
2771 2049 2914 2102 tituli
2957 2050 3229 2104 varietate
3274 2047 3406 2105 nihil
3455 2051 3706 2106 concludi
3740 2052 3952 2120 possit;

2373 2146 2523 2190 certe
2559 2152 2625 2192 ex
2676 2140 2839 2194 rebus
2888 2141 2942 2194 in
2990 2143 3094 2196 hac
3146 2145 3399 2198 oratione
3429 2145 3785 2213 pertractatis
3825 2161 3958 2216 per-

2374 2230 2605 2296 spicitur
2659 2246 2777 2285 eam
2830 2236 3036 2302 optime
3079 2236 3305 2291 inscribi
3359 2238 3606 2307 potuisse
3658 2237 3958 2292 Elsnchmss

2373 2323 2489 2376 sive
2532 2318 2985 2391 Confututionem.
3022 2326 3171 2381 Nihil
3211 2328 3355 2381 enim
3387 2327 3533 2382 aliud
3567 2329 3714 2400 agit,
3746 2330 3848 2384 nisi
3892 2340 3960 2385 ut

2371 2413 2606 2480 gentiles
2635 2416 2950 2474 domesticis
2982 2421 3321 2490 argumentis
3361 2419 3634 2490 proﬂiget,
3665 2433 3720 2476 et
3753 2438 3821 2478 ex
3850 2437 3954 2478 eo—

2372 2520 2490 2558 rum
2525 2509 2884 2576 scriptoribus
2938 2513 3259 2569 inanitatem
3310 2523 3366 2569 et
3415 2514 3687 2570 insaniam
3718 2516 3958 2571 elhniczn

2373 2600 2804 2666 superstitionis,
2833 2604 3216 2673 antiquitatem
3243 2619 3388 2660 verte
3419 2607 3704 2675 religionis
3727 2606 3958 2663 demou-

2371 2697 2526 2744 stret.
2575 2689 2744 2745 Nemo
2795 2710 2900 2748 non
2934 2696 3078 2750 videt
3129 2712 3291 2766 quam
3343 2706 3468 2765 apte
3507 2708 3780 2768 congruat
3819 2699 3958 2756 huic

2372 2780 2676 2836 disserendi
2712 2786 2913 2839 rationi
2954 2785 3174 2841 Elenchi
3216 2789 3330 2843 sive
3376 2787 3776 2858 Coufutationt's
3817 2792 3957 2846 titu-

2373 2870 2474 2925 lus.
2520 2871 2657 2927 Hinc
2708 2889 2830 2929 cum
2879 2876 3192 2946 Stephanus
3239 2880 3492 2934 Gobarus
3520 2880 3824 2946 Tritheita,
3852 2883 3956 2950 qui

2368 2966 2571 3020 sarculo
2599 2976 2756 3021 sexto
2786 2971 3085 3037 scribebat,
3117 2987 3280 3026 unam
3311 2973 3545 3042 aliquam
3599 2972 3655 3026 S.
3691 2974 3957 3045 martyris

2372 3061 2698 3116 sententiam
2734 3063 2996 3126 citasset,
3038 3080 3159 3134 qua:
3209 3066 3262 3119 in
3297 3065 3399 3120 hac
3429 3065 3682 3120 oratione
3727 3066 3952 3136 legitur,

693 3158 978 3225 gentilium
1012 3159 1350 3229 philosophis
1382 3158 1574 3227 agitari
1621 3157 1818 3224 solent,
1853 3159 2133 3214 uberrime
2162 3160 2266 3215 dis-
2293 3169 2334 3224 c
2367 3166 2543 3223 eaque
2597 3154 2792 3206 mirum
2844 3157 2898 3209 in
2949 3159 3166 3212 modum
3203 3157 3546 3224 abuteretur,
3585 3158 3784 3213 refellit
3820 3174 3955 3215 eum

695 3251 942 3318 putavit,
974 3265 1128 3304 suam
1163 3251 1230 3304 de
1261 3258 1456 3304 natura
1483 3251 1787 3305 daemonum
1819 3251 2142 3305 sententiam
2176 3265 2270 3305 ex-

693 3344 866 3411 ponit,
894 3357 1054 3412 quam
1099 3342 1313 3410 quidem
1349 3342 1438 3396 hic
1467 3342 1712 3398 inserere
1742 3342 1880 3398 nihil
1906 3357 2130 3399 necesse
2157 3355 2263 3399 est.

691 3433 845 3488 Alius
875 3444 1136 3504 praeterea
1181 3433 1424 3501 ejusdem
1459 3436 1595 3490 liber
1621 3436 1881 3490 adversus
1924 3435 2158 3504 gentiles
2199 3437 2267 3490 ad

695 3541 796 3580 nos
841 3528 1110 3596 pervenit,
1145 3543 1302 3595 quem
1339 3529 1428 3582 ille
1458 3527 1886 3595 Confutationem
1919 3528 2216 3596 inscripsit.
2243 3548 2262 3581 ι

696 3618 961 3672 Similiter
999 3618 1367 3691 Hieronymus
1410 3621 1462 3674 in
1506 3621 1647 3674 libro
1678 3619 1756 3672 De
1804 3621 2149 3688 scriptoribus
2187 3635 2270 3674 ec-

696 3710 1003 3766 clesiasticis
1027 3727 1046 3766 :
1084 3731 1102 3765 ι
1132 3713 1318 3767 Exstat
1344 3715 1462 3783 ejus
1498 3723 1555 3767 et
1597 3713 1744 3766 aliud
1786 3712 2037 3768 volumen
2079 3723 2266 3768 contra

690 3810 904 3868 gentes,
933 3804 1024 3858 ubi
1059 3804 1126 3857 de
1154 3803 1463 3859 daemonum
1506 3817 1724 3873 quoque
1769 3812 1963 3858 natura
1991 3802 2266 3872 disputat;

691 3901 748 3944 et
773 3904 1027 3960 quartum
1055 3895 1319 3950 adversus
1350 3904 1560 3965 gentes,
1587 3897 1677 3950 cui
1707 3895 1920 3948 titulum
1946 3894 2269 3965 praznotavit

696 3984 1008 4054 Ἔλεγχος.
1037 4005 1054 4036 ι
1113 3987 1176 4040 Ει
1225 3986 1471 4052 Pltotius,
1519 3989 1640 4043 cod.
1689 3987 1792 4040 125
1831 4004 1844 4040 :
1888 3987 2174 4058 Τέσσαρας
2212 3985 2269 4038 δὲ

692 4077 1074 4146 πραγματείας
1108 4078 1249 4132 κατὰ
1279 4079 1386 4132 τῶν
1435 4079 1603 4132 ὲθνῶν
1637 4077 1981 4146 συνέταξε....
2019 4081 2076 4131 ὲν
2106 4079 2163 4132 δὲ
2201 4081 2265 4149 τῇ

690 4167 852 4242 τρίτῃ
879 4170 1006 4240 περὶ
1033 4169 1244 4238 φύσεως
1271 4172 1541 4242 δαιμόνων
1567 4171 1875 4225 διείλεκται.
1914 4173 1972 4226 Ὁ
1992 4172 2049 4225 δὲ
2079 4173 2269 4245 τέταρ-

689 4276 780 4323 τος
813 4260 960 4332 αὐτῷ
988 4262 1143 4331 λόγος
1168 4264 1369 4334 ὁμοίως
1397 4265 1536 4317 κατὰ
1565 4264 1673 4317 τῶν
1701 4263 1869 4318 ὲθνῶν
1894 4267 2266 4336 συγκείμενος,

695 4351 989 4422 Ἔλεγχος
1010 4356 1322 4426 ἐπιγραφὴν
1341 4355 1473 4426 ἔχει.
1506 4376 1524 4408 t
1553 4357 1723 4412 Porro
1747 4366 1980 4426 quatuor
2007 4359 2268 4413 adversus

691 4455 881 4514 gentes
914 4455 1176 4502 tractatus
1223 4451 1619 4520 composuit....
1649 4451 1702 4504 in
1749 4452 1912 4505 tertio
1953 4452 2022 4507 de
2062 4453 2263 4506 damo-

2375 3244 2712 3299 Photius"“
2743 3262 2807 3300 ex
2845 3249 3126 3318 proposito
3157 3248 3215 3306 S.
3249 3247 3476 3315 Justini,
3514 3266 3675 3321 quem
3707 3254 3808 3305 hoc
3825 3252 3955 3308 loco

2372 3337 2660 3392 Elenchum
2711 3341 2827 3394 sive
2867 3338 3300 3410 Confutatt'onem
3346 3342 3621 3407 Platonis,
3652 3341 3954 3398 Elenclmm

2369 3432 2714 3486 ethnicorum
2746 3434 2971 3504 aggredi
3021 3437 3381 3490 demonstrat.
3414 3433 3644 3490 Videtur
3667 3449 3799 3505 ergo
3829 3435 3954 3490 hac

2371 3525 2485 3594 ipsa
2517 3540 2639 3580 esse
2668 3528 2848 3580 oratio
2877 3543 3040 3596 quam
3071 3528 3284 3596 antiqui
3318 3525 3611 3582 Elenchtsm
3637 3529 3946 3600 appellant,

2369 3628 2420 3672 et
2451 3628 2650 3688 quarto
2683 3617 2802 3673 loco
2829 3620 2972 3674 inter
3001 3618 3201 3675 Justini
3232 3631 3422 3677 contra
3463 3621 3714 3676 ethnicos
3741 3621 3945 3690 scripta

2370 3719 2824 3765 commemorant.

2442 3800 2622 3855 Testis
2671 3812 2853 3857 autem
2904 3813 2987 3858 est
3032 3804 3340 3874 Stephanus
3375 3807 3466 3861 ille
3509 3806 3760 3863 Gobarus
3800 3805 3950 3860 hanc

2371 3892 2673 3946 orationem
2701 3902 2858 3947 sexto
2885 3894 3086 3948 saeculo
3128 3899 3272 3950 inter
3311 3899 3552 3968 genuina
3585 3898 3647 3952 S.
3689 3897 3950 3965 martyris

2372 4000 2538 4053 opera
2564 3996 2903 4040 numeratam
2939 3986 3122 4042 fuisse.
3156 3989 3262 4045 Sed
3296 3991 3442 4060 quod
3473 4006 3590 4044 rem
3612 4004 3951 4059 causamque

2373 4076 2610 4131 maxime
2643 4078 2907 4141 continet,
2942 4077 3055 4148 ipsa
3087 4079 3264 4134 oratio
3292 4095 3400 4133 non
3434 4094 3604 4150 pauca
3633 4077 3948 4147 suppeditat

2369 4185 2435 4223 ex
2464 4170 2660 4238 quibus
2681 4181 2963 4240 parentem
2992 4171 3267 4227 Justinum
3296 4189 3583 4245 agnoscas.
3618 4172 3835 4241 Scripta
3859 4181 3951 4227 est

2372 4263 2442 4317 ab
2499 4263 2720 4317 homine
2779 4262 2845 4317 ab
2911 4264 3260 4320 ethnicorum
3327 4264 3806 4335 superstitionibus
3876 4265 3950 4319 ad

2371 4353 2740 4408 Christianam
2796 4355 3118 4426 religionem
3170 4369 3473 4413 converso:
3549 4356 3739 4424 objicit
3795 4355 3946 4410 enim

2371 4446 2638 4508 ethnicis,
2677 4461 2798 4516 quae
2836 4449 2988 4516 prius
3028 4447 3334 4516 didicerat,
3362 4465 3488 4503 cum
3526 4449 3668 4503 inter
3695 4463 3788 4504 eos
3814 4462 3946 4502 ver-

692 4555 821 4593 num
854 4550 1049 4595 natura
1082 4543 1361 4597 disseruit.
1388 4543 1628 4610 Quartus
1650 4544 1816 4597 etiam
1844 4551 2037 4598 contra
2070 4554 2261 4615 gentes

2372 4550 2609 4594 saretur.
2681 4559 2698 4591 σ
2727 4541 3164 4596 Consentaneum
3213 4543 3484 4608 arbitror,
3533 4543 3710 4611 inquit
3750 4556 3806 4598 η.
3850 4541 3945 4609 il,

691 4633 761 4688 ab
787 4648 853 4688 eo
881 4637 1214 4704 compositus
1246 4636 1566 4693 inscribitur
1597 4635 1926 4705 Con/utatio.
1953 4657 1973 4692 s

765 4724 839 4783 Ex
880 4729 1092 4782 duabus
1129 4727 1332 4783 Justini
1364 4731 1627 4784 adversus
1664 4738 1853 4799 gentes
1891 4732 2261 4796 orationibus,

693 4831 814 4883 qua:
840 4818 908 4870 ad
955 4833 1054 4872 nos
1082 4830 1484 4886 pervenerunt,
1518 4829 1712 4874 neutra
1763 4821 2084 4876 inscribitur
2121 4821 2260 4875 Con-

689 4907 920 4970 ]utatio.
958 4916 1150 4960 neutra
1183 4909 1406 4964 disserit
1433 4911 1499 4964 de
1534 4921 1728 4963 natura
1773 4911 2265 4979 dtemonum.-Qua3

690 5000 912 5055 brevior
940 5009 1044 5066 est,
1067 5000 1303 5056 Eusebio
1327 5011 1451 5057 nota
1479 5012 1572 5057 aut
1600 5003 1793 5057 saltem
1832 5014 2126 5058 memorata
2153 5019 2262 5060 non

691 5093 794 5150 fuit
827 5111 842 5143 :
877 5108 1002 5146 nam
1049 5107 1226 5162 neque
1264 5095 1330 5148 de
1360 5105 1556 5149 natura
1600 5097 1942 5160 daemonum‘,
1981 5112 2156 5166 neque
2195 5098 2263 5152 de

690 5182 812 5238 aliis
861 5183 1259 5254 quaestionibus
1311 5184 1379 5238 ab
1437 5184 1672 5240 Eusebio
1719 5187 1972 5241 indicatis
2035 5197 2258 5242 tractat.

689 5274 834 5330 Deos
858 5275 1141 5344 gentilium
1167 5285 1324 5330 acute
1343 5279 1614 5348 exagitat;
1637 5277 1730 5332 sed
1757 5292 1948 5333 eorum
1976 5279 2261 5347 opiniones

689 5367 815 5418 data
892 5379 1058 5434 Opera
1117 5379 1225 5420 non
1281 5367 1546 5422 confutat.
1611 5367 1793 5434 Quare
1867 5384 1974 5424 non
2026 5382 2113 5425 est
2172 5370 2264 5426 ille

692 5457 981 5524 Ἔλεγχος
1023 5456 1090 5510 ab
1121 5455 1355 5513 Eusebio
1389 5458 1655 5514 laudatus.
1711 5459 1903 5515 Mirum
1938 5470 2114 5516 autem
2154 5477 2258 5517 non

690 5557 798 5611 est,
833 5549 877 5601 si
917 5546 1061 5602 illius
1086 5547 1416 5618 diligentiam
1453 5551 1608 5622 fugit,
1641 5568 1765 5608 cum
1801 5554 1875 5609 sit
1905 5556 2256 5610 brevissima.

691 5639 864 5697 Nemo
896 5640 1039 5693 illam
1079 5640 1349 5708 abjudicut
1383 5644 1442 5702 S.
1475 5646 1735 5706 martyri:
1769 5661 1868 5701 nec
1901 5647 2145 5709 profecto
2183 5649 2261 5702 vi-

764 5794 852 5829 ⁸⁶’”
883 5803 1017 5853 Ωοα.
1040 5801 1167 5852 252.

2371 4645 2492 4699 quae
2527 4633 2677 4701 prius
2708 4635 2851 4703 apud
2886 4649 2985 4688 vos
3017 4634 3101 4688 his
3132 4635 3197 4688 de
3244 4633 3408 4690 rebus
3446 4635 3627 4688 audivi
3655 4677 3669 4698 ,
3703 4649 3766 4689 ea
3799 4650 3950 4690 nunc

2368 4724 2420 4778 in
2461 4735 2706 4794 tempore
2757 4736 2949 4781 contra
2995 4742 3098 4782 vos
3129 4728 3475 4796 depromere.
3515 4745 3533 4778 ι
3571 4726 3725 4793 Quod
3755 4736 3948 4782 autem

2366 4818 2435 4872 de
2449 4819 2692 4890 Moyseet
2723 4819 3004 4889 prophetis
3027 4821 3234 4875 dictum
3264 4820 3468 4890 legitur
3501 4820 3555 4872 in
3583 4819 3750 4887 Langi
3776 4819 3951 4875 inter-

2365 4911 2704 4979 pretatione,
2754 4927 2808 4967 n.
2850 4913 2920 4964 l:
2955 4909 3189 4979 Majores
3233 4911 3400 4964 nostri
3456 4911 3620 4964 divini
3677 4910 3946 4976 homines,

2367 5007 2696 5072 persuadere
2749 5005 3026 5059 nonnullis
3057 5013 3240 5074 posset
3287 5015 3568 5059 auctorem
3604 5003 3763 5071 hujus
3810 5019 3946 5057 ora-

2368 5097 2531 5152 tionis
2575 5107 2754 5152 0rtum
2798 5111 2865 5152 ex
2907 5096 3108 5154 Judaeis
3171 5111 3316 5153 esse.
3368 5097 3476 5152 Sed
3529 5097 3718 5152 Graeca
3770 5097 3946 5152 verba

2364 5191 2413 5242 οί
2445 5190 2704 5262 ἡμέτεροι
2739 5190 2878 5244 κατὰ
2903 5189 3038 5243 Θεὸν
3073 5189 3357 5261 πρόγονοι,
3389 5190 3474 5243 sic
3507 5189 3657 5244 reddi
3689 5189 3891 5244 debent
3926 5206 3942 5244 :

2368 5282 2559 5339 Nostri
2603 5285 2654 5338 in
2691 5285 2843 5340 rebus
2885 5285 3078 5338 diuinis
3108 5284 3373 5352 majores;
3413 5283 3615 5352 quibus
3653 5297 3722 5337 ex
3757 5281 3946 5338 verbis

2363 5377 2690 5447 perspicitur
2718 5378 3015 5446 prophetas
3053 5393 3160 5432 non
3200 5376 3407 5431 idcirco
3439 5377 3508 5430 ab
3535 5375 3636 5430 hoc
3667 5373 3944 5442 scriptore

2363 5468 2443 5523 sic
2481 5469 2762 5537 appellari,
2791 5469 2937 5538 quod
2964 5484 3032 5524 ex
3066 5483 3259 5522 eorum
3287 5477 3449 5538 gente
3475 5477 3627 5520 ortus
3653 5473 3820 5525 esset,
3841 5467 3943 5520 sed

2364 5563 2506 5631 quod
2556 5563 2830 5631 religionis
2876 5571 3118 5630 nostrai,
3186 5571 3244 5616 ut
3293 5563 3410 5631 ipse
3451 5576 3506 5614 n.
3565 5558 3631 5613 10
3681 5565 3940 5625 testatur,

2364 5654 2607 5725 magistri
2639 5653 2860 5711 fuerint.
