4120 6466
221 404 327 459 H7

1214 401 1278 456 Ι).
1318 399 1586 455 MARANI
1626 397 2016 456 PRIEFATIO.
2053 430 2121 440 -—-
2153 399 2334 454 PARS
2367 395 2470 452 ΙΙΙ..

3381 405 3476 461 H8

292 522 505 576 Pariter
531 524 582 576 in
613 522 885 576 Justinum
910 523 1112 593 optime
1133 523 1409 588 convenit,
1432 524 1576 591 quod
1605 532 1798 576 auctor
1830 528 1876 583 Α
1903 523 2200 590 ρτωιιὶοιὶο,
2234 532 2294 577 ut
2320 537 2440 578 eam
2473 537 2543 578 ex
2569 531 2781 576 eventis
2812 516 2992 579 fictam
3027 524 3194 580 fuisse
3219 525 3304 580 vix
3331 527 3482 594 quis-

220 611 385 678 hins
421 615 599 682 operis
631 613 832 666 vidisse
876 627 932 668 se
965 620 1154 665 narrat
1183 611 1530 666 Alexandrize
1567 610 1796 680 vestigia

220 703 578 767 cellularum,
629 705 682 756 in
714 702 910 771 quibus
940 701 1292 771 Septuaginta
1325 702 1648 768 interpretes
1681 702 1794 754 ela-

221 793 452 848 borasse
483 792 831 857 ferebantur,
875 801 930 848 et
967 793 1155 848 Cumis
1189 793 1241 845 iu
1274 792 1569 861 Campania
1620 791 1796 846 sacel-

225 884 336 937 lum
368 884 606 954 Sibyllae.
626 885 763 940 Cum
797 895 956 940 natus
979 895 1126 940 esset
1153 885 1205 939 in
1231 885 1525 939 Palaestina
1553 883 1796 938 Justinus

221 991 286 1028 ac
315 983 586 1042 praterea
628 975 938 1029 studiorum
984 988 1191 1039 causa,
1223 984 1283 1028 ut
1322 975 1590 1038 vidimus,
1633 988 1794 1042 pere-

219 1067 471 1136 grinatus
502 1067 591 1130 sit,
611 1065 873 1136 perfacile
896 1067 1071 1136 potuit
1087 1066 1477 1120 Alexandriam
1501 1066 1791 1135 proficisci,

222 1170 324 1208 nec
354 1157 622 1211 difﬁcilius
641 1156 842 1211 Cumas
870 1158 1127 1218 invisere,
1158 1173 1280 1211 cum
1304 1156 1533 1210 Romam
1567 1168 1791 1226 peteret.

217 1247 381 1312 Quod
414 1257 594 1300 autem
629 1248 681 1300 in
731 1259 843 1300 tota
888 1248 1137 1301 oratione
1175 1250 1514 1300 demonstrat
1545 1247 1794 1301 veritatis

221 1337 589 1406 cognitionem
636 1353 740 1390 non
778 1337 847 1389 ab
892 1338 1128 1391 ethnicis
1173 1339 1573 1405 scriptoribus,
1626 1341 1718 1391 sed
1763 1354 1793 1392 a

220 1430 504 1496 prophetis
561 1432 846 1499 petendam
895 1443 1057 1494 esse;
1104 1446 1170 1481 an
1227 1431 1523 1496 quidquam
1577 1428 1794 1482 Justino

221 1523 400 1590 inagis
443 1534 743 1589 congruat,
793 1521 886 1590 qui
939 1520 1008 1574 ad
1058 1520 1379 1588 religionem
1424 1520 1791 1573 Christianam

219 1624 519 1666 conversus
558 1612 753 1674 fuerat,
777 1627 898 1666 cum
924 1610 1116 1666 eadem
1140 1627 1206 1666 ex
1232 1626 1366 1666 sene
1391 1612 1572 1666 subito
1594 1626 1792 1666 occur-

220 1713 387 1757 rente
409 1703 719 1758 audiisset?

294 1794 510 1864 Stylum
539 1796 584 1850 si
613 1796 735 1866 quis
766 1795 1078 1852 consideret
1109 1798 1392 1865 attentius,
1419 1797 1642 1852 omnino
1668 1812 1790 1852 cum

220 1888 346 1941 aliis
374 1886 563 1943 Justini
608 1864 868 1960 operibus
917 1891 1233 1946 consentire
1264 1864 1529 1945 fatebitur
1551 1932 1566 1957 ,
1602 1899 1661 1943 ut
1690 1891 1790 1944 ob-
1822 1864 1863 1920 Β

214 1990 408 2034 servat
456 1980 638 2034 Bullus
697 1983 958 2050 probante
1006 1980 1371 2036 Tillemontio.
1421 1981 1565 2035 lnest
1607 1990 1790 2038 tamen

211 2073 352 2126 huic
387 2072 615 2126 orationi
663 2073 885 2142 quidam
936 2073 1106 2139 nitor,
1140 2088 1298 2144 quem
1341 2074 1391 2126 in
1433 2073 1554 2127 aliis
1591 2071 1789 2126 Justini

211 2166 444 2234 scriptis
500 2165 797 2220 desideres.
836 2167 942 2220 Sed
972 2167 1100 2236 quid
1133 2167 1329 2219 mirum
1356 2206 1373 2232 ,
1423 2166 1470 2221 si
1520 2164 1790 2230 Justinus,

209 2260 307 2327 qui
344 2259 486 2312 hanc
516 2259 823 2314 orationem
868 2274 974 2313 non
1013 2260 1181 2314 multo
1212 2269 1333 2330 post
1376 2260 1789 2314 conversionem

217 2349 478 2419 scripsit,
505 2351 792 2419 expolitius
825 2350 1033 2406 dicendi
1073 2367 1244 2420 genus
1276 2352 1326 2405 in
1362 2352 1447 2406 his
1475 2351 1789 2420 primordiis

208 2453 536 2510 persecutus
572 2442 697 2494 est?
733 2442 938 2496 Deinde
990 2458 1117 2495 vero
1166 2443 1304 2496 idem
1339 2442 1412 2494 illi
1450 2441 1787 2511 propositum

211 2548 324 2586 non
359 2533 456 2586 fuit
488 2533 537 2586 in
573 2536 670 2587 hoc
712 2549 873 2602 opere
902 2549 965 2587 ac
999 2535 1051 2587 in
1088 2533 1361 2603 Apologiis
1388 2574 1401 2596 ,
1435 2548 1570 2599 quas
1596 2532 1791 2586 obtulit

210 2626 660 2693 imperatoribus.
710 2624 807 2678 llic
852 2626 1048 2678 leniter
1074 2628 1312 2694 disputat
1362 2641 1484 2680 cum
1528 2627 1788 2693 ethnicis,

207 2728 264 2770 et
290 2730 363 2767 ea
404 2727 721 2782 pertractat,
768 2731 888 2784 qua:
916 2719 1185 2771 sermonis
1217 2717 1576 2772 concinnitati
1611 2718 1788 2771 locum

208 2810 442 2863 dabant.
495 2807 764 2878 Apologia
814 2820 992 2863 autem
1050 2827 1157 2864 non
1213 2819 1492 2864 mansueta
1544 2809 1790 2879 disputa-

207 2905 408 2968 tione,
471 2906 566 2960 sed
621 2906 910 2961 acerrimis
960 2907 1200 2975 querelis
1253 2907 1634 2974 continentur;
1689 2922 1790 2962 nec

207 2995 466 3052 Justinus
529 2998 583 3052 in
636 2997 729 3052 illo
791 2997 1013 3063 dolore,
1079 3015 1237 3068 quem
1285 3016 1351 3054 ex
1407 3001 1792 3057 molestissimo

209 3088 479 3145 Ecclesiae
511 3100 754 3161 tempore
784 3093 1060 3161 capiebat,
1096 3092 1250 3146 valde
1284 3093 1590 3162 laborabat,
1628 3110 1789 3164 quam

205 3181 498 3250 eleganter
523 3197 578 3236 et
617 3193 810 3237 ornate
843 3184 1075 3238 diceret.

281 3274 378 3328 ιιι.
423 3274 500 3328 Ex
532 3276 636 3329 hac
666 3285 845 3328 autem
889 3278 1189 3333 disserendi
1239 3279 1449 3334 ratione
1477 3280 1794 3335 existimare

207 3368 349 3421 licet
401 3382 509 3435 quo
564 3377 802 3434 tempore
852 3368 1054 3438 scripta
1108 3367 1275 3424 fuerit
1326 3372 1524 3424 oratio.
1578 3371 1796 3425 Videtur

209 3461 364 3514 nulla
411 3468 539 3513 tunc
600 3461 841 3514 steviisse
893 3462 1226 3529 persecutio.
1277 3461 1462 3530 Neque
1519 3461 1696 3525 enim,
1748 3462 1793 3516 si

209 3551 465 3620 qutidie
497 3550 648 3605 fusus
674 3551 870 3607 fuisset
895 3551 1336 3607 Christianorum
1361 3550 1601 3624 sanguis,
1625 3554 1793 3606 otium

213 3654 304 3697 aut
358 3642 614 3696 Voluntas
663 3642 858 3697 fuisset
906 3643 965 3697 S.
1021 3645 1250 3713 martyri
1326 3645 1394 3699 de
1450 3643 1694 3697 Platonis
1742 3652 1797 3698 et

209 3735 528 3790 Aristotelis
557 3735 901 3790 dissensione
920 3775 935 3799 ,
963 3750 1027 3788 ac
1058 3737 1122 3789 de
1149 3737 1272 3789 aliis
1314 3737 1583 3805 ejusmodi
1629 3738 1796 3792 rebus

215 3844 335 3883 tam
395 3827 620 3894 copiose
678 3828 1028 3891 disserendi,
1078 3837 1132 3881 et
1183 3830 1527 3896 antiquitatis
1579 3829 1794 3885 laudem

211 3920 448 3974 ethnicis
487 3918 847 3985 scriptoribus
877 3919 1221 3985 praeripieudi
1253 3959 1267 3982 ,
1303 3920 1447 3972 nulla
1480 3921 1698 3973 interim
1727 3923 1795 3975 de

215 4013 657 4066 Christianorum
681 4011 962 4080 suppliciis
993 4010 1138 4065 facta
1169 4013 1467 4066 mentione.
1493 4011 1796 4067 Verisimile

215 4123 343 4177 ergo
390 4115 477 4159 est
525 4105 668 4158 hanc
719 4106 1024 4158 orationem
1082 4107 1344 4175 scriptam
1395 4105 1564 4158 fuisse
1610 4107 1797 4173 primis

217 4198 482 4252 Antonini
523 4197 701 4260 annis,
733 4206 1022 4265 antequam
1047 4198 1386 4266 persecutio,
1419 4213 1538 4265 qua:
1566 4200 1666 4252 sub
1695 4201 1794 4253 hoc

218 4296 549 4362 imperatore
569 4291 872 4343 Ecclesium
903 4288 1114 4353 aﬂlixit,
1137 4291 1348 4344 acriora
1382 4288 1582 4344 Justini
1617 4293 1794 4345 studia

219 4381 279 4435 ad
310 4383 594 4452 religionis
626 4381 995 4436 defensionem
1027 4382 1320 4437 excitaret.
1360 4382 1501 4437 lllud
1532 4391 1684 4437 certe
1709 4385 1794 4436 vix

219 4477 452 4530 dubitari
482 4474 678 4544 possit,
728 4486 855 4529 ante
884 4475 1166 4545 Apologia:
1200 4478 1304 4531 hoc
1347 4491 1482 4544 opus
1511 4478 1795 4530 elucuhra~

221 4581 328 4622 tum
361 4583 488 4624 esse
511 4607 525 4629 ,
559 4567 703 4637 quod
738 4569 981 4636 quiedam
1039 4570 1219 4637 potius
1252 4569 1519 4627 adversus
1548 4569 1795 4624 ethnicos

219 4662 489 4725 velitatio,
521 4675 686 4728 quam
722 4659 877 4727 plena
915 4660 1190 4728 religionis
1222 4659 1467 4716 defensio
1495 4675 1618 4717 esse
1648 4665 1791 4716 vide-

223 4764 330 4818 tur,
356 4762 411 4806 et
444 4752 589 4806 satis
616 4752 834 4820 quidem
867 4752 1003 4806 scite
1026 4751 1306 4821 profanam
1341 4751 1703 4807 eruditionem
1728 4753 1796 4807 ad

220 4851 471 4904 ethnicos
506 4849 837 4902 refellendos
876 4849 1201 4912 convertit,
1251 4856 1307 4902 at
1362 4849 1414 4902 in
1464 4848 1797 4918 explicandis

223 4941 506 5011 religionis
563 4938 891 4994 Christiana:
937 4940 1227 5008 principiis
1291 4955 1399 4995 non
1453 4941 1792 4994 immoratur.

221 5031 326 5086 Cur
348 5045 536 5087 autem
560 5032 692 5085 illud
718 5035 784 5084 ad
805 5031 1058 5091 Antonini
1088 5033 1266 5104 potius
1296 5049 1456 5103 quam
1485 5033 1552 5087 ad
1569 5035 1792 5087 Adriani

224 5137 462 5194 tempora
509 5125 773 5190 referam,
823 5125 925 5180 hoc
969 5135 1092 5181 utor
1129 5138 1475 5197 argumento,
1533 5130 1676 5195 quod
1716 5129 1795 5180 ci-

225 5227 403 5272 tentur
440 5218 494 5269 in
527 5232 593 5270 eo
638 5216 890 5287 Sibyllini
933 5230 1149 5274 versus.
1196 5218 1351 5284 Quod
1397 5221 1542 5272 enim
1575 5219 1791 5289 legitur,

223 5327 275 5364 n.
305 5311 396 5376 38,
427 5309 653 5378 Sibyllae
678 5310 848 5364 libros
884 5319 998 5364 toto
1027 5311 1160 5365 orbe
1203 5312 1432 5375 servari,
1461 5326 1690 5381 eamque
1731 5313 1793 5364 de

229 5407 403 5473 futuro
443 5405 746 5460 Sulcatoris
784 5411 1012 5458 adventu
1038 5415 1086 5458 et
1113 5405 1177 5457 de
1209 5405 1450 5458 omnibus
1484 5409 1635 5460 rebus
1661 5423 1792 5475 quas

225 5512 456 5567 gesturus
479 5497 772 5562 erat,clare
797 5506 847 5550 et
872 5509 1056 5562 aperte
1083 5501 1472 5566 prwnuntiare,
1502 5499 1588 5553 his
1613 5499 1792 5554 verbis

227 5593 493 5664 Sibyllini,
524 5591 719 5660 quales
751 5591 909 5646 hodie
936 5599 1192 5656 exstant,
1223 5591 1343 5647 libri
1377 5591 1706 5657 indicantur,
1738 5593 1790 5645 in

229 5685 417 5752 quibus
443 5698 554 5737 tam
586 5693 776 5754 aperta
807 5693 893 5738 est
925 5700 1105 5738 rerum
1135 5701 1165 5740 a
1186 5685 1408 5742 Christo
1431 5683 1789 5755 gerendarum

286 5847 390 5878 "’“
423 5843 676 5911 Cobort.,
713 5856 748 5899 t.
781 5841 822 5910 l,
853 5862 905 5915 p.
941 5844 1035 5900 187

1901 628 2064 682 quam
2102 614 2264 667 hodie
2297 629 2403 667 non
2454 613 2714 668 fateatur.
2769 613 2874 668 Sed
2908 633 3030 670 cum
3073 617 3321 688 pluribus
3351 619 3483 672 locis

1900 720 2158 760 versuum
2207 706 2646 777 Sibyllinorum,
2683 711 2984 776 praesertim
3033 725 3166 765 vero
3215 711 3311 765 lib.
3346 726 3476 773 viti,

1899 796 1971 849 M.
2003 797 2341 864 Antoninus,
2394 797 2486 867 qui
2536 799 2602 851 ab
2631 799 2875 852 Adriano
2905 801 3194 870 adoptatus
3221 811 3307 855 est
3336 817 3479 855 anno

1899 889 2029 950 158.
2081 898 2136 943 et
2167 888 2239 942 Μ.
2285 890 2540 944 Aurelius
2570 899 2625 944 et
2660 890 2864 946 Lucius
2891 890 3066 947 Verus
3102 895 3292 947 eodem
3332 908 3480 947 anno

1898 982 1966 1033 ab
1991 981 2264 1034 Antonino
2304 981 2546 1049 adoptati
2570 1022 2585 1046 ,
2620 991 2680 1038 ut
2711 983 2939 1038 Adriani
2993 999 3347 1040 successores
3385 985 3480 1040 tle-

1896 1069 2212 1139 signentnr;
2265 1071 2441 1141 liquet
2471 1072 2571 1126 hos
2604 1071 2774 1128 libros
2807 1084 2935 1128 ante
2973 1091 3177 1129 annum
3208 1075 3343 1138 438,
3383 1076 3476 1142 qui

1895 1169 2204 1226 postremus
2237 1158 2343 1212 fuit
2387 1159 2652 1224 Adriani,
2680 1161 2986 1215 fabricatos
3019 1178 3124 1217 non
3156 1161 3366 1224 fuisse;
3411 1177 3476 1215 ac

1895 1247 2123 1317 proinde
2169 1247 2644 1304 elucubrationem
2693 1248 2891 1304 Justini
2921 1288 2938 1314 ,
2987 1252 3040 1304 in
3091 1266 3196 1320 qua
3248 1251 3301 1304 hi
3351 1251 3476 1304 libri

1897 1349 2011 1395 toto
2040 1339 2174 1395 orbe
2224 1343 2497 1396 asservari
2534 1344 2813 1404 dicuntur,
2853 1345 2921 1398 ad
2962 1344 3222 1397 Antonini
3297 1345 3478 1412 potius

1895 1447 2054 1500 quam
2087 1433 2154 1485 ad
2178 1433 2402 1486 Adriani
2432 1434 2723 1502 imperium
2758 1451 2879 1488 esse
2915 1436 3284 1489 referendam.

1966 1523 2148 1574 Romae
2176 1523 2434 1592 scriptum
2464 1533 2547 1578 est
2582 1526 2683 1578 hoc
2710 1540 2874 1592 opus,
2924 1527 3194 1591 siquidem
3227 1525 3476 1580 Justinus

1896 1611 2104 1664 Italiam
2135 1625 2560 1682 peragraverat,
2590 1630 2654 1668 ac
2685 1617 2914 1685 proinde
2957 1617 3186 1669 Romam
3222 1627 3472 1671 venerat.

1893 1708 1963 1758 At
2004 1704 2060 1758 S.
2113 1715 2318 1776 martyr
2369 1717 2656 1775 postquam
2709 1709 2936 1764 liomam
2990 1711 3247 1774 advenit,
3301 1710 3474 1763 semel

1895 1802 2102 1850 tantum
2139 1812 2204 1850 ex
2235 1796 2335 1850 hac
2365 1800 2502 1851 urbe
2531 1813 2782 1867 egressus
2821 1810 2940 1864 est,
2992 1809 3050 1853 ut
3077 1801 3238 1855 modo
3268 1801 3476 1855 videbi-

1893 1899 2049 1950 mus,
2101 1885 2265 1954 idque
2336 1897 2458 1956 post
2509 1890 2738 1956 primam
2792 1890 3102 1960 Apologiam
3132 1930 3146 1957 ,
3200 1907 3323 1960 quae
3373 1892 3475 1949 hoc

1892 1991 2058 2045 opere
2087 1979 2361 2046 posterior
2391 1991 2499 2034 est.

1959 2068 2048 2124 ιγ.
2091 2071 2202 2126 Nec
2240 2073 2560 2128 criticorum
2589 2075 2834 2129 omnium
2870 2090 3214 2141 consensus,
3246 2092 3349 2132 nec
3389 2087 3473 2133 tot

1893 2173 2034 2216 noue
2065 2165 2265 2232 quibus
2312 2165 2560 2221 Justinus
2612 2166 2772 2234 hujus
2818 2168 3092 2224 orationis
3145 2185 3345 2239 parens
3391 2171 3474 2225 di-

1894 2256 2205 2321 gnoscitur,
2233 2255 2566 2311 Casimirum
2597 2259 2868 2313 Oudinum
2898 2261 3308 2325 deterruerunt,
3338 2277 3475 2330 quo-

1893 2346 2076 2402 minus
2103 2347 2154 2400 iti
2183 2361 2283 2401 suo
2316 2349 2391 2402 De
2419 2351 2765 2418 scriptoribus
2793 2351 3172 2406 ecclesiasticis
3199 2368 3476 2407 commen-

1894 2437 2032 2490 tario
2063 2440 2403 2506 suppositum
2438 2439 2497 2490 S.
2526 2441 2756 2510 martyri
2783 2442 3189 2509 pronuntiaret.
3223 2441 3476 2509 Quinque

1891 2529 2194 2583 rationibus
2212 2531 2401 2590 nititur
2417 2530 2551 2594 ³⁶⁶’”,
2567 2532 2634 2585 de
2651 2533 3122 2600 quibusjudicium
3143 2534 3248 2587 erit
3271 2533 3474 2586 eruditi

1891 2619 2135 2675 lectoris.
2167 2623 2219 2675 1⁸
2250 2621 2425 2692 Negat
2457 2625 2510 2677 in
2540 2623 2819 2679 Justiuum
2843 2640 2910 2680 ex
2933 2626 3261 2695 parentibus
3291 2626 3476 2680 ethni-

1892 2713 1971 2769 cis
2018 2727 2201 2769 natnm
2234 2720 2560 2783 convenire,
2601 2724 2742 2790 quod
2787 2721 2866 2776 ait
2894 2731 3092 2776 auctor
3137 2723 3297 2792 hujus
3346 2738 3472 2777 ora-

1893 2807 2055 2861 tionis
2104 2825 2162 2862 sc
2208 2811 2508 2866 divinorum
2571 2813 2841 2882 majorum
2892 2832 3048 2868 sacra
3121 2825 3171 2867 et
3224 2816 3472 2882 pietatem

1893 2903 2054 2970 sequi.
2088 2904 2156 2956 At
2186 2903 2460 2958 Oudinum
2493 2906 2705 2974 decepit
2755 2909 2934 2962 minus
2980 2918 3229 2964 accurata
3272 2907 3470 2978 Langi,

1893 2998 1952 3045 ut
1975 2991 2089 3058 jatn
2119 2993 2562 3061 observavimus,
2601 2998 3008 3066 interpretatio.

1962 3084 2020 3137 Ξ·
2061 3084 2325 3140 Observat
2373 3085 2645 3142 Iustinum
2700 3090 2752 3144 in
2807 3090 3034 3159 Dialogo
3087 3092 3290 3153 iudicis
3338 3093 3474 3160 obii-

1821 3204 1862 3262 ο
1896 3190 2039 3236 cere,
2071 3177 2214 3244 quod
2241 3178 2750 3246 interpretationem
2786 3182 3147 3253 Septuaginta
3193 3187 3472 3254 rejiciant,

1897 3281 2127 3336 eamque
2182 3271 2561 3338 corruperint;
2620 3282 2898 3331 auctorem
2952 3291 3078 3331 vero
3133 3276 3476 3333 Purmneticw

1897 3359 2152 3412 orationis
2187 3369 2428 3415 statuere
2461 3363 2757 3417 versionem
2809 3364 3160 3436 Septuaginta
3215 3370 3474 3438 interpre-

1897 3459 2007 3502 tum
2032 3450 2332 3517 incorrupte
2359 3451 2412 3504 in
2437 3452 2750 3506 Judworum
2793 3460 3070 3524 synagogis
3127 3469 3474 3523 enervatam,

1897 3557 1928 3592 a
1976 3538 2182 3593 Judaei:
2233 3542 2472 3610 agnitam
2529 3545 2731 3611 fuisse,
2791 3555 2842 3596 et
2905 3557 3090 3602 contra
3140 3549 3475 3604 adversarios

1897 3648 2231 3703 quoscunque
2280 3633 2594 3686 adhibitam.
2648 3633 2754 3688 Sed
2809 3651 2986 3688 annon
3039 3638 3153 3693 fieri
3203 3639 3378 3707 potuit
3417 3653 3477 3696 ut

1895 3724 2140 3781 Justinus
2168 3766 2181 3790 ,
2221 3742 2343 3780 cum
2379 3728 2522 3782 hanc
2554 3729 2864 3784 orationem
2892 3731 3180 3798 scriberet,
3233 3736 3475 3790 nondum

1898 3815 2193 3885 quidquam
2223 3817 2490 3872 audiisset
2522 3821 2589 3873 de
2617 3818 2934 3876 Judaaorum
2978 3822 3258 3877 facinore?
3303 3825 3476 3892 Quin-

1898 3906 2058 3964 etiam
2097 3907 2391 3964 verisimile
2441 3920 2524 3963 est
2566 3913 2808 3968 nondum
2852 3911 3071 3966 Judzcos
3106 3915 3324 3969 dedisse
3363 3932 3480 3968 ma-

1902 3997 2092 4052 teriam
2122 3999 2598 4056 criminationibus
2630 4003 2830 4071 quibus
2871 4021 2966 4059 eos
2997 4006 3051 4059 itt
3083 4005 3310 4077 Dialogo
3355 4025 3479 4078 pre-

1899 4090 1998 4144 mit
2025 4088 2270 4147 Justinus
2300 4110 2313 4145 :
2347 4093 2419 4147 ibi
2448 4095 2618 4153 enim.
2653 4111 2705 4148 n.
2747 4097 2837 4159 75,
2884 4113 3080 4153 recens
3127 4114 3250 4154 esse
3288 4115 3476 4154 eorum

1899 4183 2111 4239 facinus
2140 4185 2403 4240 det'lal‘al.

1971 4273 2086 4328 Non
2119 4275 2340 4343 majoris
2370 4280 2627 4347 ponderis
2679 4282 2841 4337 tertia
2867 4293 2921 4338 et
2952 4297 3147 4354 quarta
3181 4288 3341 4340 ratio.
3373 4286 3479 4340 Su-

1898 4368 1998 4422 mit
2066 4373 2373 4440 argumenti
2436 4373 2554 4427 loco
2618 4376 2761 4443 quod
2819 4377 3066 4432 Justinus
3117 4378 3168 4432 in
3221 4379 3478 4448 Apologia

1899 4461 2190 4518 lectionem
2230 4464 2514 4536 Hystaspis
2557 4477 2613 4521 et
2651 4469 2982 4538 Sibyllarum
3007 4481 3063 4525 et
3087 4473 3475 4541 prophetarum

1826 4541 1871 4596 Ῑ)
1901 4558 2120 4628 capitali
2173 4560 2439 4630 supplicio
2471 4562 2817 4618 interdictam
2855 4566 3143 4635 queritur,
3177 4565 3322 4638 quod
3356 4565 3478 4628 Pla-

1909 4659 2088 4705 tonem
2151 4654 2203 4706 in
2265 4655 2519 4709 omnibus
2587 4658 2842 4725 operibus
2902 4659 3091 4714 laudat
3168 4661 3476 4729 impendio;

1898 4756 2087 4798 contra
2124 4756 2318 4800 auctor
2357 4745 2709 4804 Parwneticte
2740 4752 2992 4807 orationis
3021 4752 3299 4810 Platonem
3345 4755 3478 4810 floc-

1899 4839 2085 4895 cifacit
2111 4851 2166 4896 et
2197 4842 2520 4911 insectatur,
2547 4861 2612 4899 ac
2640 4861 2750 4901 non
2780 4849 2946 4902 modo
2974 4848 3146 4904 libros
3181 4850 3476 4923 Sibyllinos

1898 4946 1996 5000 per
2028 4943 2196 4987 totum
2235 4935 2425 4988 orbem
2468 4951 2690 5006 Sparsos
2719 4954 2840 4995 esse
2884 4950 3137 5005 testatur,
3184 4945 3279 4998 sed
3309 4945 3473 4997 etiam

1897 5022 2061 5078 facile
2108 5041 2232 5081 esse
2261 5027 2366 5084 illis
2388 5068 2402 5092 ,
2438 5030 2530 5098 qui
2573 5043 2760 5086 sacras
2793 5032 3109 5100 Scripturas
3142 5036 3321 5105 legere
3353 5037 3473 5089 nol-

1899 5117 2032 5185 lent,
2065 5135 2127 5172 ex
2164 5120 2385 5192 Sibyllae
2413 5123 2656 5177 carmine
2688 5127 2986 5193 primordia
3033 5137 3230 5180 nostra:
3256 5128 3475 5196 religio-

1897 5213 1983 5265 nis
2014 5213 2320 5268 addiscere.
2345 5212 2497 5268 Unde
2519 5216 2683 5268 etiam
2710 5231 2906 5269 omnes
2934 5214 3132 5270 ibidem
3157 5217 3223 5269 ad
3257 5216 3472 5272 illorum

1897 5303 2184 5360 lectionem
2217 5306 2488 5364 hortatur.

1972 5395 2174 5453 Vereor
2209 5415 2277 5453 ne
2324 5400 2438 5454 otio
2493 5402 2642 5455 abuti
2682 5405 2886 5466 videar,
2919 5403 3046 5456 dum
3087 5401 3355 5469 ejusmodi
3388 5417 3472 5456 ra-

1898 5491 2170 5546 tiunculas
2200 5493 2410 5550 refello.
2439 5492 2687 5549 Justinus
2735 5507 2789 5549 ut
2822 5495 2875 5548 in
2908 5495 3033 5550 aliis
3060 5495 3340 5564 operibus,
3393 5499 3468 5549 ita

1895 5585 2059 5638 etiam
2094 5585 2146 5638 in
2190 5585 2293 5639 hac
2320 5586 2569 5639 oratione
2604 5585 2790 5639 laudat
2832 5585 2884 5639 in
2913 5584 3140 5640 Platone
3175 5585 3467 5639 nonnulla-

1895 5695 2016 5734 rum
2049 5679 2449 5736 sententiarum
2483 5694 2607 5735 cum
2637 5679 2838 5752 llloysis
2861 5679 3109 5736 doctrina
3160 5679 3475 5735 similitudi-
