4120 6404
706 302 810 372 iis

1599 316 1654 370 5.
1693 314 2030 372 JUSTINUS
2061 315 2542 373 PHILOSOPHUS
2576 315 2661 370 ΕΤ
2700 314 3009 371 MARTYR.

3849 321 3950 375 120

703 453 849 493 nem.
878 439 981 493 Sed
1008 439 1150 504 quod
1181 440 1257 493 ait
1291 440 1344 494 in
1373 439 1750 493 Cohortationc
1779 438 2059 494 Platonem
2088 456 2271 496 secum
2305 448 2348 503 Α
2380 449 2653 493 numeral.
2704 437 2911 493 Natalis
2969 436 3282 491 Alexander
3323 440 3543 494 .lustino
3594 440 3662 494 ab
3720 441 3948 496 eruditis

701 546 945 600 pugnare
971 546 1071 585 nec
1100 531 1242 587 belle
1272 532 1713 601 accepissc,'qu:e
1742 548 1806 587 es
1825 531 2272 604 bloysisfontibus

704 622 992 687 hauserat,
1045 624 1184 677 idem
1225 623 1385 678 docet
1432 627 1484 679 in
1531 626 1685 695 Apol.
1735 642 1789 681 n.
1819 626 1930 681 8et
1973 630 2063 683 60.
2106 628 2274 697 Quiu-

707 716 875 768 etiam
916 714 1116 770 fatetur
1145 716 1305 771 initio
1335 716 1571 787 Dialogi,
1607 719 1737 773 nihil
1770 719 2046 774 Platonem
2069 762 2084 785 ,
2141 723 2274 775 nihil

707 804 1076 876 Pythagoram
1128 811 1333 865 Vidisse
1375 810 1425 862 in
1463 811 1529 863 iis
1576 810 1776 873 rebus,
1807 811 1872 864 de
1914 811 2108 879 quibus
2149 824 2277 866 tunc

704 896 952 953 Justinus
981 915 1101 953 cum
1147 916 1275 955 sene
1315 893 1648 969 disputabat.
1684 902 1757 956 De
1805 902 2087 974 Sibyllinis
2123 905 2277 958 libris

707 987 937 1043 mirifice
988 991 1261 1045 consentit
1327 990 1633 1046 Cohortatio
1692 1008 1815 1046 cum
1876 995 2146 1064 Apologia.
2217 994 2275 1049 In

708 1082 882 1149 prima
910 1082 1054 1137 enim
1098 1081 1350 1139 Justinus
1396 1086 1497 1141 hos
1530 1087 1701 1141 libros
1740 1096 1853 1142 toto
1881 1087 2013 1142 orbe
2045 1088 2275 1151 servari,

706 1188 734 1223 a
765 1173 1095 1231 Christianis
1122 1178 1409 1241 videlicet;
1449 1180 1503 1232 in
1532 1179 1788 1249 Apologia
1819 1188 1998 1234 autem
2020 1191 2277 1235 constan-

712 1274 791 1318 ter
822 1281 851 1318 a
877 1265 1207 1324 Christianis
1241 1270 1342 1339 legi
1376 1280 1636 1326 testatur.

779 1355 980 1423 Quinto
1015 1360 1247 1428 denique
1293 1362 1410 1415 loco
1450 1364 1531 1417 sic
1574 1366 1973 1419 ratiocinatur:
2018 1382 2037 1414 ι
2072 1362 2274 1419 Obser-

709 1457 838 1501 vant
884 1446 1183 1511 Tatiauus.
1231 1452 1529 1520 Eusebius,
1567 1455 1929 1527 Hieronymus
1962 1465 2013 1510 et
2050 1453 2277 1509 Photius

708 1534 985 1595 Justinnm
1047 1543 1100 1595 in
1156 1541 1411 1601 Oratione
1452 1548 1777 1614 pamuetica
1819 1548 1887 1602 ad
1941 1547 2170 1617 gentiles
2212 1546 2279 1599 de

710 1630 1011 1682 itannonum
1056 1639 1250 1685 natura
1298 1636 1659 1703 disseruiSse;
1709 1639 1866 1709 cuius
1894 1648 2071 1691 tamen
2114 1654 2276 1709 argu—

712 1720 878 1773 menti
909 1720 1047 1773 nulla
1086 1722 1137 1775 in
1173 1726 1274 1778 hoc
1303 1740 1557 1782 sermone
1596 1730 1826 1799 vestigia
1860 1740 2098 1783 exstant.
2136 1749 2153 1781 ι

2378 535 2659 590 existimat
2704 532 3043 600 abjudicari;
3092 531 3519 601 Tillemoutins,
3572 547 3734 603 quem
3782 533 3946 603 pleri-

2378 644 2483 699 que
2506 627 2595 685 alii
2629 627 2801 681 secuti
2830 634 2982 688 sunt,
3027 635 3122 678 aut
3150 625 3318 678 alium
3349 639 3577 693 prorsus
3611 626 3678 679 ab
3710 639 3777 679 eo
3806 641 3945 688 esse.

2378 735 2537 791 quem
2593 718 2863 773 Eusebius
2908 733 2973 774 ex
3032 717 3209 772 sacris
3249 726 3303 771 et
3348 716 3592 787 profanis
3626 716 3950 771 testimoniis

2379 821 2630 865 constare
2660 807 2948 871 declarat,
2990 814 3084 860 aut
3126 808 3172 861 si
3215 806 3358 861 idem
3415 807 3518 868 sit.
3560 807 3751 861 saltem
3804 806 3948 859 illam

2380 912 2607 971 partem,
2638 915 2758 970 quae
2781 900 3085 969 Scriptura:
3114 900 3425 953 testimonia
3457 898 3753 962 referebat,
3778 907 3949 953 totam

2380 993 2624 1061 periisse,
2640 1008 2761 1046 cum
2776 992 2977 1045 nullum
2993 990 3135 1046 illius
3146 1001 3323 1045 exstet
3338 991 3639 1062 vestigium.
3658 989 3804 1045 Satis
3820 990 3952 1058 lepi-

2379 1086 2445 1139 de
2462 1084 2761 1139 llalloixius
2804 1085 3089 1139 Eusebium:
3120 1085 3169 1136 iu
3191 1084 3292 1137 hoc
3316 1084 3451 1138 libro
3474 1083 3767 1151 Scriptura:
3788 1082 3950 1135 testi-

2381 1179 2558 1233 monia
2591 1192 2695 1231 nou
2712 1177 2929 1242 vidisse,
2958 1179 3053 1232 sed
3083 1170 3267 1231 videie
3294 1189 3352 1230 se
3376 1184 3593 1244 putasse
3622 1174 3951 1240 suspicatur.

2450 1271 2711 1339 Quamvis
2751 1271 3018 1327 Eusebius
3061 1271 3309 1325 eruditos
3330 1269 3478 1323 viros
3508 1268 3561 1321 in
3604 1268 3743 1322 banc
3769 1267 3955 1321 varie-

2382 1372 2552 1416 tatem
2583 1363 2975 1419 sententiarum
3003 1361 3335 1428 conjecerit;
3368 1360 3411 1413 si
3439 1370 3619 1413 tamen
3654 1358 3800 1412 illius
3826 1372 3954 1411 ver-

2380 1452 2470 1515 ba,
2499 1460 2558 1505 ut
2581 1468 2681 1521 par
2714 1463 2838 1517 est,
2873 1453 3328 1522 interpretemur,
3356 1458 3528 1505 totum
3570 1449 3714 1506 hunc
3745 1448 3952 1503 librunt

2380 1543 2593 1599 Justino
2639 1546 2923 1609 vindicat,
2978 1560 3078 1599 nec
3125 1544 3273 1599 illius
3317 1539 3681 1613 in'tegritatem
3745 1542 3798 1595 in
3852 1540 3958 1595 du-

2382 1638 2528 1691 bium
2557 1638 2737 1691 venire
2768 1638 2994 1703 patitur.
3034 1636 3126 1689 Sic
3162 1635 3406 1703 loquitur
3449 1634 3541 1688 lib.
3585 1649 3659 1702 tv,
3689 1649 3811 1701 cap.
3849 1633 3955 1689 18:

2385 1729 2541 1800 Παρὰ
2562 1728 2783 1791 τούτους
2804 1728 2958 1791 ἄλλος
2982 1729 3107 1798 περὶ
3121 1728 3255 1781 Θεοῦ
3276 1727 3570 1800 μοναρχίας
3594 1728 3678 1796 ’ἣν
3703 1717 3765 1779 οὗ
3794 1727 3959 1797 μόνον

779 1811 923 1864 (litat
953 1810 1214 1868 Tatianus
1253 1831 1417 1869 unum
1468 1817 1688 1889 aliquod
1728 1816 1924 1871 .lustini
1969 1820 2036 1873 de
2072 1818 2273 1872 da'mo-

2386 1822 2442 1875 ὲκ
2472 1821 2584 1875 τῶν
2619 1823 2750 1892 παρ’
2782 1821 2911 1891 ἡμῖν
2935 1820 2973 1871 Γ
2981 1819 3187 1891 ραφῶν,
3216 1819 3353 1873 ἀλλὰ
3387 1823 3479 1872 καὶ
3502 1822 3566 1872 ἐκ
3598 1818 3703 1872 τῶν
3719 1818 3961 1889 Ἐλληνι-

710 1909 869 1961 nibus
896 1908 1131 1969 dietum;
1164 1920 1217 1961 at
1246 1923 1522 1980 sumptum
1547 1928 1667 1967 esse
1691 1929 1754 1967 ex
1792 1913 2125 1969 Ρητωηειὶτα
2154 1932 2275 1967 ora-

709 2001 849 2052 tione
880 2016 983 2053 non
1014 2002 1171 2054 dicit.
1199 2003 1386 2071 Neque
1408 2005 1571 2057 etiam
1600 2005 1884 2067 Eusebius,
1913 2005 2277 2076 llieronytuus

708 2100 764 2143 et
796 2090 1044 2157 Photius,
1064 2108 1186 2147 cum
1211 2092 1484 2149 Justinnm
1516 2100 1582 2149 de
1611 2107 1801 2150 natura
1830 2098 2133 2152 dtemonum
2166 2098 2278 2151 dis-

709 2186 949 2238 seruisse
980 2186 1245 2251 dicereut,
1276 2191 1341 2241 de
1365 2205 1451 2250 ea,
1487 2204 1605 2258 qua!
1630 2204 1773 2242 nunc
1808 2190 1860 2242 in
1894 2192 2147 2244 manibus
2172 2199 2277 2255 est,

708 2277 959 2331 oratione
983 2278 1369 2348 loquebantur,
1395 2281 1489 2335 sed
1520 2282 1585 2336 de
1614 2280 1738 2348 alia,
1760 2282 1826 2336 de
1852 2297 1956 2344 qua
1988 2297 2127 2336 nunc
2154 2298 2279 2352 pau-

709 2367 791 2421 cis
816 2369 1082 2437 agendum
1110 2374 1268 2426 nobis
1298 2382 1404 2427 est.

781 2459 845 2511 ν.
880 2461 1066 2517 Oratio
1094 2464 1206 2531 illa,
1234 2465 1289 2519 iu
1334 2481 1439 2535 qua
1472 2466 1748 2522 Justinum
1781 2467 2053 2522 Eusebius
2082 2467 2149 2521 de
2180 2481 2279 2518 na-

712 2561 832 2607 tura
867 2554 1168 2611 daemonum
1224 2557 1505 2627 disputare
1548 2567 1781 2613 testatur
1822 2568 1878 2613 et
1920 2560 1987 2613 de
2035 2558 2280 2628 pluribus

711 2646 877 2702 rebus
900 2658 1011 2701 tum
1044 2650 1185 2717 apud
1213 2664 1333 2713 nos,
1356 2661 1469 2705 tum
1502 2654 1642 2721 apud
1670 2652 1900 2720 gentiles
1933 2650 2281 2720 phiiosophos

712 2740 909 2808 agitari
937 2741 1133 2806 solitis,
1179 2743 1314 2797 nihil
1339 2742 1486 2797 aliud
1522 2744 1738 2797 videtur
1770 2757 1890 2797 esse
1913 2783 1926 2806 ,
1950 2758 2112 2812 quam
2147 2742 2283 2797 liber

711 2831 790 2885 De
822 2835 1085 2898 universo,
1117 2850 1277 2903 quem
1300 2835 1526 2890 Photius
1556 2835 1688 2890 Caio
1719 2836 1937 2905 quidem
1964 2836 2282 2905 presbytero

712 2928 992 2994 proprium
1028 2929 1328 2993 tradit,sed
1360 2939 1541 2984 tamen
1568 2930 1784 2984 Justino
1814 2930 1882 2983 ab
1911 2930 2051 2989 aliis,
2080 2929 2281 2983 Irenaeo

712 3026 768 3068 et
793 3014 1026 3086 Josepho
1054 3035 1083 3073 a
1126 3020 1401 3073 nonnullis
1438 3021 1602 3075 tribui
1657 3021 1881 3077 fatetur.
1910 3021 1963 3074 l°
1999 3018 2164 3075 Liber
2194 3021 2282 3073 ille

717 3108 793 3161 De
816 3112 1085 3176 universo,
1120 3112 1305 3167 itidem
1337 3122 1395 3166 ut
1438 3114 1659 3182 Oratio,
1691 3131 1855 3183 quam
1882 3114 2150 3170 Eusebius
2189 3113 2283 3168 Ju-

715 3200 863 3253 5tino
895 3202 1104 3262 tribuit,
1142 3212 1333 3256 contra
1365 3202 1583 3259 Graecos
1612 3205 1848 3273 scriptus
1873 3214 2014 3271 erat,
2050 3214 2109 3261 ut
2136 3217 2284 3275 patet

714 3302 780 3355 es
819 3288 1122 3361 fragmento
1145 3295 1286 3361 quod
1314 3293 1367 3347 iu
1417 3296 1559 3349 notis
1599 3295 1894 3351 llmschelii
1937 3297 2018 3352 sic
2054 3297 2281 3365 incipit:

727 3381 989 3452 Ἰωσήπου
1038 3386 1099 3437 ὲκ
1144 3385 1237 3437 τοῦ
1278 3386 1414 3457 πρὸς
1460 3386 1723 3459 ’Έλληνας
1763 3387 1919 3457 λόγου
1969 3387 2063 3442 τοῦ
2098 3390 2285 3457 ἐπιγε-

713 3476 1033 3545 γραμμένου
1092 3477 1233 3529 κατὰ
1292 3479 1552 3532 Πλάτωνα
1618 3480 1745 3551 περὶ
1794 3481 1889 3549 τῆς
1936 3479 2030 3532 τοῦ
2087 3481 2286 3543 παντὸς

716 3567 914 3629 αἰτίας.
948 3586 965 3618 ι
996 3568 1070 3621 Ex
1100 3566 1316 3636 Joscphi
1353 3572 1404 3624 iu
1442 3570 1662 3627 Grazcos
1719 3574 1999 3635 oratione,
2054 3587 2173 3640 qua:
2208 3573 2288 3624 in-

718 3661 979 3713 scribitur
1032 3672 1222 3715 contra
1287 3662 1573 3718 Platonem
1621 3665 1689 3718 de
1743 3665 1980 3719 universi
2032 3680 2219 3719 causa.
2262 3684 2279 3715 ι

714 3753 774 3804 Qa
802 3754 1007 3807 Auctor
1052 3752 1177 3807 libri
1228 3756 1303 3808 De
1335 3758 1579 3810 universo
1632 3756 1939 3811 disserebat
1988 3756 2052 3809 de
2093 3765 2286 3809 natura

718 3843 1059 3908 daemonum,
1099 3854 1158 3898 ut
1201 3856 1347 3912 patet
1380 3862 1448 3899 ex
1494 3846 1651 3900 initio
1690 3846 1979 3915 fragmeuti
2030 3845 2287 3900 Htesche-

720 3934 848 3989 liani
874 3958 884 3990 :
913 3938 1021 3990 Καὶ
1045 3938 1216 4001 οὕτως
1244 3940 1342 4009 μὲν
1364 3942 1392 3993 ὁ
1422 3939 1550 4008 περὶ
1570 3939 1835 4011 δαιμόνων
1863 3939 2044 4004 τόπος,
2074 3958 2091 3990 ι
2114 3940 2287 4009 Atque

718 4029 806 4081 hic
839 4030 1057 4098 quidem
1091 4031 1155 4084 de
1186 4032 1524 4086 daemonibus
1560 4032 1735 4096 lucus,
1765 4051 1783 4083 ι
1818 4034 1870 4085 id
1909 4041 1992 4085 est
2025 4032 2287 4086 hactenus

720 4121 785 4172 de
815 4120 1151 4176 dmniouibus
1176 4132 1588 4191 pertractatum.
1604 4122 1662 4175 ὅ*
1682 4123 1754 4176 De
1775 4122 1941 4175 variis
1961 4123 2125 4176 ctiam
2143 4137 2288 4192 qua:-

720 4213 991 4267 stionibus
1047 4224 1158 4269 tum
1219 4216 1358 4282 apud
1408 4231 1542 4281 nos,
1579 4224 1695 4269 tum
1749 4215 1890 4285 apttd
1936 4214 2289 4284 philosophos

722 4306 850 4375 poni
881 4306 1057 4361 solitis
1080 4309 1414 4377 diSputabat,
1445 4309 1594 4363 velut
1623 4310 1689 4363 de
1738 4310 1934 4362 anima:
1966 4318 2185 4371 natura,
2222 4308 2289 4362 de

722 4402 1027 4454 animarum
1064 4412 1185 4471 post
1233 4413 1462 4457 mortem
1490 4406 1619 4458 sede
1654 4412 1709 4455 et
1738 4411 1905 4467 statu,
1949 4402 2107 4470 idque
2138 4412 2288 4470 patet

2382 1913 2493 1967 κῶν
2521 1914 2800 1983 συνίστησι
2826 1912 3065 1983 βιϐλίων.
3084 1911 3177 1966 Sic
3197 1913 3431 1967 reddidit
3458 1912 3737 1966 Valesius:
3768 1929 3784 1960 ι
3810 1910 3963 1964 Prte-

2382 2017 2463 2060 ter
2493 2007 2589 2060 ltos
2607 2006 2777 2060 libros
2802 2007 3057 2059 estetiam
3082 2004 3219 2059 alius
3238 2004 3312 2058 De
3336 2005 3637 2057 mouarchia
3656 2004 3962 2075 Dei,qnam

2380 2100 2597 2168 quidem
2624 2114 2729 2152 non
2768 2098 2939 2152 solum
2977 2097 3308 2153 auctoritate
3337 2112 3619 2151 sacrorum
3666 2099 3807 2165 apud
3845 2111 3953 2150 nos

2382 2192 2737 2250 voluminum.
2772 2192 2865 2245 sed
2889 2190 3170 2258 gentilium
3214 2191 3380 2245 etiam
3420 2190 3744 2257 scriptorum
3792 2190 3959 2243 testi-

2385 2283 2582 2337 moniis
2642 2282 2859 2335 asserit.
2921 2300 2939 2334 ι
3004 2281 3112 2335 Sed
3179 2281 3259 2334 sic
3314 2280 3782 2350 interpretandum
3830 2292 3964 2334 esse

2383 2376 2570 2428 multis
2608 2373 2914 2428 rationibus
2962 2383 3016 2427 et
3054 2374 3321 2443 exemplis
3369 2374 3633 2427 adductus
3664 2371 3970 2426 contendo:

2392 2484 2409 2516 ι
2448 2465 2651 2518 Pratter
2682 2466 2780 2519 bos
2824 2464 3013 2527 libros,
3041 2474 3123 2519 est
3157 2466 3321 2518 etiam
3356 2464 3497 2517 alius
3532 2463 3607 2517 De
3647 2461 3964 2516 mouarchia

2383 2554 2515 2617 Dei,
2553 2570 2712 2624 quam
2761 2555 2980 2622 quidem
3019 2570 3120 2608 non
3175 2555 3333 2607 modo
3364 2569 3470 2608 non
3512 2568 3579 2606 ex
3607 2552 3778 2606 sacris
3810 2552 3963 2620 apud

2385 2662 2483 2699 nos
2517 2644 2816 2713 Scripturis
2842 2686 2856 2709 ,
2888 2646 2981 2698 sed
3013 2645 3179 2697 etiam
3226 2659 3289 2696 ex
3320 2644 3452 2713 ipsis
3484 2643 3764 2713 gentilium
3800 2640 3968 2695 libris

2384 2740 2603 2792 asserit.
2631 2757 2647 2789 ι

2456 2826 2507 2877 1⁸
2555 2823 2839 2878 Sententia
2894 2825 2947 2877 in
2997 2825 3101 2877 hac
3140 2824 3595 2893 interpretatione
3647 2822 3970 2892 praeclarior

2384 2932 2547 2987 quam
2582 2917 2635 2971 in
2682 2918 2877 2987 prima.
2916 2916 3127 2971 Laudat
3171 2918 3317 2969 enim
3371 2914 3640 2968 Eusebius
3681 2913 3970 2982 singulare

2386 3009 2592 3078 aliquid
2640 3024 2703 3062 ac
2746 3008 2969 3062 minime
3000 3008 3402 3077 quotidianum.
3436 3007 3589 3072 Quod
3639 3006 3682 3058 si
3730 3006 3969 3074 gentiles

2387 3100 2635 3154 Justinus
2680 3100 2977 3168 Scriptura:
3008 3109 3062 3152 et
3106 3101 3463 3166 profanorum
3498 3099 3824 3166 scriptorum
3864 3110 3971 3149 au-

2310 3167 2356 3229 c
2387 3194 2645 3247 ctoritate
2700 3167 3107 3260 oppugnasset,
3158 3189 3294 3243 nihil
3354 3188 3573 3243 fecisset
3618 3190 3759 3256 quod
3804 3188 3970 3242 valde

2389 3285 2741 3345 miraremur,
2770 3284 2900 3335 nihil
2950 3295 3151 3350 printer
3186 3297 3340 3335 suam
3373 3290 3427 3335 et
3459 3282 3692 3334 aliorum
3730 3294 3972 3335 consue-

2390 3376 2651 3430 tudinem.
2707 3375 2814 3430 Sed
2861 3378 2906 3429 si
2947 3377 3151 3431 otnissa
3194 3375 3480 3444 Scriptura
3509 3414 3523 3437 ,
3558 3374 3671 3427 suis
3725 3372 3970 3442 gentiles

2389 3470 2557 3523 armis
2595 3470 2663 3522 ab
2695 3482 2759 3523 eo
2792 3468 3101 3539 profligati,
3152 3470 3207 3523 in
3264 3469 3366 3524 hoc
3400 3467 3643 3521 victoria:
3676 3465 3869 3519 ﬁducia
3909 3476 3971 3518 et

2389 3562 2571 3631 operis
2602 3562 2815 3615 novitas
2846 3564 3041 3615 merito
3069 3562 3457 3615 laudabuntur.

2460 3655 2519 3709 2ο
2550 3653 2924 3709 Observarunt
2948 3655 3251 3708 doctissimi
3276 3653 3617 3725 grammatici
3650 3666 3795 3720 saepe
3818 3653 3975 3720 apud

2396 3755 2610 3800 veteres
2641 3762 2744 3798 non
2768 3747 2919 3799 modo
2956 3746 3094 3799 idem
3137 3745 3316 3797 valere
3348 3759 3411 3796 ac
3438 3760 3537 3795 non
3568 3745 3719 3795 modo
3743 3758 3865 3802 non,
3908 3750 3971 3796 ut

2392 3840 2444 3891 iu
2496 3840 2597 3891 hoc
2638 3838 2887 3904 exemplo
2928 3853 2995 3891 ex
3057 3836 3343 3891 Ciceronis
3385 3835 3480 3889 lib.
3522 3850 3561 3889 ιι
3613 3834 3690 3887 De
3742 3833 3966 3902 oﬁiciis:

2400 3948 2420 3983 s
2456 3930 2518 3984 lli
2546 3931 2707 3984 simul
2749 3946 2812 3984 ac
2851 3930 3077 3998 juvenes
3122 3943 3243 3983 esse
3274 3938 3577 3998 cmperuut,
3604 3941 3800 3996 magna
3837 3939 3968 3995 spe-

2392 4033 2539 4077 ctare
2560 4035 2613 4076 et
2639 4024 2706 4077 ad
2732 4040 2795 4079 ea
2826 4023 2985 4077 recns
3007 4024 3201 4077 studiis
3220 4024 3417 4076 debent
3438 4021 3787 4075 contendere.
3808 4018 3967 4086 Quod

2393 4130 2457 4171 eo
2489 4117 2729 4170 firmiore
2754 4116 2936 4170 animo
2962 4116 3187 4179 facient,
3214 4114 3342 4182 quia
3376 4129 3484 4165 non
3508 4112 3664 4164 modo
3690 4111 3969 4164 invidetur

2393 4209 2466 4262 illi
2503 4209 2645 4262 aetati
2675 4248 2689 4273 ,
2748 4222 2935 4261 verum
2986 4208 3151 4261 etiam
3192 4206 3429 4259 favetur.
3461 4223 3478 4255 ι
3541 4204 3656 4256 Alia
3692 4202 3967 4271 ejusmodi

2393 4302 2642 4371 exempla
2677 4300 2885 4369 colligit
2915 4300 3156 4355 Muretus
3203 4300 3334 4353 Var.
3367 4302 3508 4362 lect.,
3540 4299 3635 4353 lib.
3663 4312 3717 4360 ι,
3749 4310 3861 4365 cap.
3906 4295 3963 4350 7.

2396 4394 2519 4447 Haec
2547 4403 2731 4447 autem
2762 4394 2987 4449 Latinos
3018 4395 3081 4448 de
3110 4393 3315 4447 Grazcis
3347 4391 3646 4447 verisimile
3687 4400 3768 4444 est
3811 4402 3968 4443 sum-

726 4502 836 4543 tum
871 4507 933 4544 ex
969 4492 1051 4546 his
1074 4532 1088 4551 .
1115 4508 1232 4555 ante
1274 4493 1442 4547 refert
1494 4494 1720 4548 Ph0tius
1768 4492 1889 4548 cod.
1921 4492 2025 4555 48,
2068 4503 2180 4546 tum
2220 4507 2288 4547 ex
2320 4506 2365 4562 ι)
2395 4496 2594 4557 psisse,
2631 4488 2773 4557 apud
2802 4502 2937 4556 quos
2974 4496 3191 4542 constat
3226 4487 3324 4556 οὐχ
3354 4479 3463 4537 οἷον
3496 4486 3638 4538 idem
3673 4484 3853 4536 valere
3900 4497 3967 4535 ac

726 4581 1037 4650 fragmento
1074 4582 1469 4638 Hmscheliano.
1503 4585 1832 4641 Continebat
1871 4600 1999 4653 ergo
2026 4586 2166 4640 liber
2200 4585 2290 4639 ille

722 4674 799 4727 De
820 4676 1060 4729 universo
1090 4678 1349 4747 quidquid
1375 4679 1639 4733 Eusebius
1664 4679 1713 4731 iu
1746 4694 1808 4733 ea
1836 4680 2106 4742 oratione,
2126 4692 2287 4747 quam

722 4766 939 4821 Justino
969 4769 1239 4831 attribuit,
1273 4771 1775 4826 animadverterat:
1810 4780 2009 4825 etcum
2042 4771 2179 4825 liber
2202 4771 2289 4826 ille

724 4858 924 4914 Justiui
964 4875 1156 4913 nomen
1185 4861 1237 4914 in
1279 4863 1557 4917 nonnullis
1586 4862 1990 4932 exemplaribus
2026 4863 2249 4918 haberet
2272 4902 2285 4925 ,

727 4952 1018 5017 Eusebius,
1054 4963 1113 5007 ut
1157 4956 1459 5009 verisimile
1499 4965 1618 5021 est,
1654 4957 1772 5011 viso
1809 4956 1993 5027 aliquo
2022 4958 2288 5024 ejusmodi

725 5046 1027 5112 exemplari
1077 5048 1336 5115 deceptus
1375 5056 1490 5113 est,
1533 5064 1597 5103 ac
1632 5048 1955 5119 Hieronymo
1998 5060 2054 5103 et
2094 5048 2291 5103 Pbotio

729 5138 1003 5203 persuasit
1061 5153 1199 5207 opus
1248 5138 1465 5208 aliquod
1516 5154 1542 5191 a
1583 5138 1799 5193 Justino
1854 5140 2120 5209 scriptum
2167 5155 2289 5194 esse

734 5236 927 5280 contra
962 5228 1215 5299 gentiles,
1248 5230 1298 5283 in
1328 5246 1434 5299 quo
1462 5229 1530 5284 de
1559 5239 1752 5285 natura
1785 5230 2087 5285 daemonum
2118 5232 2292 5287 disse-

727 5320 905 5373 rebat.

802 5414 887 5467 Vl.
930 5414 1057 5469 Post
1087 5417 1224 5471 duas
1250 5416 1304 5469 in
1332 5415 1553 5471 Grzecos
1578 5423 1858 5472 orationes
1883 5429 2200 5474 recensetur
2224 5420 2292 5471 ab

728 5507 987 5569 Eusebio,
1022 5506 1353 5577 Hieronymo
1382 5519 1437 5561 et
1468 5507 1665 5563 Photio
1694 5508 1833 5563 liber
1866 5508 1941 5563 De
1963 5510 2288 5576 monarchia,

726 5602 845 5656 sive
877 5599 950 5653 De
974 5601 1340 5670 singular-itote
1374 5601 1489 5666 Dei,
1519 5602 1583 5655 de
1607 5617 1713 5670 quo
1740 5603 1880 5657 libro
1903 5619 2011 5657 non
2048 5606 2179 5657 levis
2209 5612 2294 5657 est

728 5695 871 5747 inter
902 5694 1235 5749 recentiores
1274 5697 1673 5762 controversia,
1722 5698 1975 5767 quamvis
2015 5697 2161 5751 nulla
2220 5698 2292 5749 sit

730 5788 872 5840 lntsr
899 5786 1167 5856 antiquos.
1192 5788 1345 5845 lluuc
1370 5789 1607 5847 libellum
1628 5790 1908 5848 Scultetus
1933 5790 2074 5846 inter
2099 5790 2290 5845 dubios

2396 4600 2497 4636 mm
2530 4584 2683 4636 modo
2717 4598 2845 4635 non.
2888 4582 2991 4634 Sed
3022 4580 3146 4650 quia
3177 4579 3411 4633 fortasse
3446 4593 3551 4631 non
3595 4577 3825 4629 deerunt
3863 4576 3964 4641 qui

2392 4678 2446 4730 in
2472 4676 2711 4730 animum
2751 4690 2855 4728 non
2892 4672 3052 4727 facile
3085 4672 3347 4725 inducant
3372 4671 3432 4721 οὐ
3460 4668 3618 4737 μόνον
3647 4672 3785 4734 apud
3810 4663 3969 4718 Grae-

2391 4788 2486 4829 cos
2518 4773 2787 4827 interdum
2824 4772 2963 4825 idem
3010 4782 3207 4822 sonare
3243 4781 3306 4820 ac
3336 4766 3397 4817 οὺ
3434 4763 3591 4833 μόνον
3617 4760 3699 4825 οὐ,
3746 4758 3968 4812 videtur

2391 4867 2766 4935 exemplorum
2803 4864 3143 4934 appositioue
3181 4876 3269 4913 res
3307 4856 3654 4913 illustranda.
3683 4852 3822 4907 Huic
3852 4850 3967 4904 Eu-

2393 4962 2528 5017 sebii
2579 4962 2699 5015 loco
2732 4958 2994 5028 gemellus
3030 4954 3271 5010 occurrit
3305 4951 3445 5018 apud
3478 4950 3650 5017 ipsum
3682 4943 3964 4998 Justinum

2396 5056 2446 5110 in
2491 5053 2731 5117 Cohort.,
2768 5068 2824 5104 n.
2853 5049 2921 5115 9,
2970 5048 3060 5102 ubi
3107 5044 3492 5114 antiquitatem
3516 5040 3713 5111 Moysis
3733 5040 3964 5090 demons

2394 5160 2567 5203 strare
2620 5146 2912 5200 instituens
2963 5142 3045 5195 sic
3093 5138 3373 5205 loquitur:
3424 5134 3499 5187 Οὐ
3542 5131 3650 5204 γὰρ
3700 5128 3809 5183 ἀπὺ
3853 5126 3967 5179 τῶν

2394 5235 2551 5287 θείων
2583 5234 2677 5287 καὶ
2706 5230 2833 5301 παρ’
2865 5232 2993 5301 ἡμῖν
3026 5224 3276 5298 ἱστοριῶν
3312 5225 3468 5295 μόνον
3493 5220 3663 5275 ταῦτα
3684 5213 3968 5283 ἀποδεῖξαι

2395 5324 2766 5397 πειρῶμαι....
2808 5321 2945 5376 Ἀλλ’
2973 5319 3083 5373 ἀπὸ
3109 5317 3217 5371 τῶν
3250 5316 3529 5388 ὑμετέρων
3566 5314 3659 5365 καὶ
3698 5310 3864 5382 μηδὲν
3888 5311 3967 5381 τῇ

2396 5418 2639 5489 ἡμετέρα
2688 5414 2955 5487 θρησκείᾳ
2985 5409 3356 5483 διαφερουσῶν
3386 5406 3658 5479 ἱστοριῶν.
3696 5404 3829 5461 Cum
3865 5402 3967 5455 Ju-

2395 5512 2570 5564 stinus
2598 5508 2988 5579 antiquitatem
3007 5506 3207 5576 Moysis
3225 5519 3329 5558 non
3370 5517 3437 5557 ex
3467 5502 3638 5556 sacris
3678 5498 3966 5567 scriptori-

2396 5604 2519 5669 bus,
2558 5602 2652 5657 sed
2694 5616 2764 5655 ex
2794 5598 3043 5669 profanis
3090 5598 3456 5659 demonstret,
3495 5595 3643 5648 illius
3674 5590 3837 5644 verba
3880 5590 3966 5646 sic.

2398 5694 2622 5749 reddere
2668 5708 2775 5747 non
2821 5692 3102 5747 dubitavi:
3134 5708 3153 5742 ι
3184 5689 3316 5744 Nam
3374 5705 3477 5742 non
3532 5686 3692 5741 modo
3720 5685 3835 5737 hrec
3889 5698 3961 5739 ex

2396 5790 2595 5845 divinis
2626 5788 2765 5857 apud
2799 5802 2898 5843 nos
2931 5786 3177 5843 historiis
3210 5785 3585 5841 demonstrare
3625 5798 3729 5837 non
3767 5792 3959 5849 aggre-
