4120 6478
202 453 300 512 121

204 670 337 725 nihil
369 667 784 740 pertinentibus.
817 685 836 717 ι
867 665 976 720 Cur
996 664 1298 718 Eusebium
1330 664 1385 717 in
1420 679 1480 718 re
1501 674 1556 718 et
1587 662 1774 718 verbis

203 763 495 819 simillimis
526 765 718 817 eodem
756 761 914 814 modo
950 757 1297 826 interpretari
1331 757 1686 811 dubitemus?
1712 755 1771 810 Si

205 855 501 925 Scriptura:
534 853 847 908 testimonia
881 851 932 904 in
963 849 1103 905 libro
1131 849 1205 902 De
1232 849 1539 903 monarchia
1562 848 1773 902 deside-

205 965 384 1004 remus
407 989 424 1012 ,
459 949 650 1004 similis
677 947 926 1013 ﬁngenda
948 945 1055 1000 erit
1086 944 1279 999 lacuna
1315 945 1366 998 in
1394 944 1771 998 Cohortatione

198 1043 268 1096 ad
322 1040 572 1107 σγα-σου
608 1041 750 1111 quod
799 1055 934 1111 opus
981 1051 1233 1092 mancum
1281 1046 1336 1092 et
1385 1037 1767 1108 imperfectum

198 1151 317 1189 esse
351 1152 508 1190 nemo
537 1137 758 1192 dixerit.

270 1250 327 1303 In
364 1248 589 1314 Dialogo
623 1247 681 1302 S.
735 1247 934 1303 Justini
966 1290 978 1313 ,
1006 1265 1154 1304 num.
1184 1251 1271 1313 l7,
1306 1248 1593 1319 legendum
1647 1260 1770 1300 esse

195 1344 256 1396 οὐ
297 1343 451 1413 μόνον
507 1343 898 1414 μετενοήσατε,
954 1358 1052 1412 pro
1094 1344 1156 1396 οὐ
1210 1343 1368 1414 μόνον
1401 1342 1484 1406 οὐ,
1537 1341 1771 1412 probant

199 1435 557 1488 vetustissimi
610 1434 826 1488 codices
873 1432 1127 1489 Historice
1177 1434 1434 1496 Eusebii,
1481 1432 1572 1502 qui
1621 1431 1770 1486 hunc

192 1527 391 1581 Justini
422 1530 596 1582 locum
629 1526 817 1580 citavit
851 1526 941 1581 lib.
988 1541 1065 1589 tv,
1091 1541 1215 1595 cap.
1244 1525 1332 1580 18.
1358 1526 1766 1592 Athenagoras,

197 1619 376 1687 Legat.
423 1635 478 1672 n.
516 1619 538 1670 l
567 1658 580 1678 ,
620 1617 685 1670 de
719 1616 1048 1672 CltriStianis
1075 1619 1153 1671 sic
1185 1617 1460 1684 loquitur:
1501 1616 1573 1669 os
1609 1616 1767 1686 μόνον

189 1711 250 1762 τὸ
283 1709 619 1771 ἁντιπαξειν,
647 1708 767 1761 οὐδὲ
812 1709 916 1779 μὴν
957 1704 1270 1772 δικάζεσθαι
1307 1711 1418 1770 τοῖς
1445 1707 1635 1766 ἄγουσι
1676 1707 1768 1760 καὶ

187 1801 708 1872 ἁρπάζουσινήμᾶς,
742 1800 1134 1871 μεμαθηκότες·
1160 1801 1316 1864 ἀλλὰ,
1353 1804 1462 1864 τοῖς
1507 1803 1625 1872 μὲν,
1662 1801 1766 1855 uia

1183 450 1245 506 D.
1281 445 1546 504 MABANI
1583 443 1978 502 PREFATIO.
2020 473 2088 488 --
2124 443 2306 501 PARS
2338 445 2425 501 lll‘.

201 579 350 639 dior.
373 578 464 632 sed
489 575 656 632 etiam
684 588 750 629 ex
783 573 982 630 vestris
1002 580 1058 628 et
1085 572 1152 627 ad
1187 573 1506 643 religionem
1533 577 1775 625 nostram
1807 571 1854 628 Α

3366 443 3469 498 £23

2497 583 2728 641 CAPUT
2767 583 2850 640 ΙΙΙ.

1917 701 1993 757 De
2044 701 2249 758 Justini
2296 701 2536 757 veritatis
2578 709 2939 770 propaganda:
2987 704 3169 755 studio
3217 716 3431 771 ejusque

2245 772 2496 828 adversus
2538 771 2818 825 hwreticos
2858 771 3087 840 scriptis.

1874 887 1914 936 l.
1947 886 2172 935 Justinus
2189 885 2357 934 Romae
2380 888 2648 936 occupatur
2671 885 2720 932 in
2745 884 2985 932 docendo.
3013 881 3077 932 ll.
3103 882 3284 932 Amore
3335 897 3461 932 verto

1941 951 2057 997 tatis
2078 950 2312 996 incensus
2337 952 2430 994 est.
2459 943 2539 994 Ill.
2569 943 2754 994 Scribit
2770 951 2937 994 contra
2979 944 3274 994 Marcionem
3301 953 3354 993 et
3381 945 3468 994 ad-

1942 1023 2114 1062 versus
2137 1021 2310 1057 omnes
2351 1009 2588 1056 haereses.
2616 1006 2698 1055 ιν.
2729 1007 2806 1056 De
2825 1006 3063 1067 operibus
3081 1007 3380 1066 deperdttis.
3404 1006 3462 1055 V.

1935 1071 2011 1121 De
2039 1073 2250 1133 epistola
2271 1070 2330 1120 ad
2355 1071 2674 1131 Diognetum.

1945 1175 1987 1234 l.
2028 1174 2163 1231 Cum
2201 1174 2466 1244 temporis
2502 1174 2769 1243 spatium,
2804 1181 2860 1228 ut
2902 1171 3014 1242 jam
3049 1173 3313 1239 diximus,
3350 1187 3462 1228 non

1876 1268 2152 1323 modicum
2184 1284 2212 1321 a
2247 1265 2448 1321 Justini
2495 1264 2877 1320 Cohortatione
2918 1281 3093 1336 usque
3130 1267 3199 1323 ad
3233 1267 3464 1336 primam

1875 1359 2191 1430 Apologiam
2237 1357 2545 1422 eﬂluxerit,
2603 1364 2772 1412 totum
2830 1357 2961 1412 illud
3011 1368 3226 1430 tempus
3277 1358 3464 1413 Roma:

1872 1454 2134 1520 traduxit,
2155 1453 2274 1510 etin
2300 1452 2545 1507 docendo
2572 1465 2635 1505 ac
2652 1452 2944 1507 scribendo
2969 1453 3278 1523 insumpsit.
3307 1453 3464 1510 Unde

1870 1555 2139 1612 Eusebius
2165 1556 2232 1609 de
2258 1553 2316 1608 S.
2344 1561 2585 1622 martyre
2618 1549 2764 1606 Hist.
2791 1551 2897 1609 lib.
2931 1564 3010 1610 tv,
3052 1562 3172 1616 cap.
3204 1548 3265 1601 11
3295 1564 3307 1600 :
3345 1547 3461 1600 Καὶ

1871 1643 1978 1716 γὰρ
2019 1645 2114 1697 ἐπὶ
2150 1644 2249 1713 τῆς
2284 1640 2502 1713 Ῥώμης
2530 1640 2632 1710 τὰς
2665 1638 2950 1712 διατριϐὰς
2977 1640 3235 1692 ἐποιεῖτο.
3265 1657 3284 1690 ι
3328 1637 3462 1691 Nam

1873 1739 1924 1791 in
1955 1739 2088 1794 urbe
2119 1735 2290 1790 Roma
2325 1735 2665 1790 domicilium
2696 1733 2955 1788 habebat.
2977 1752 2996 1785 ι
3026 1730 3262 1787 Ubinam
3295 1733 3465 1785 cuba-

1873 1844 1977 1898 ret,
2015 1831 2225 1900 etquid
2262 1830 2409 1884 domi
2457 1839 2669 1900 ageret,
2717 1843 2784 1883 ex
2816 1826 2986 1896 ipsius
3027 1825 3272 1894 martyrii
3305 1823 3454 1879 Actis

190 1893 333 1946 κατὰ
367 1895 569 1965 mppx};
633 1892 1100 1964 προπηλακίζωσι,
1129 1894 1220 1948 καὶ
1260 1894 1321 1947 τὸ
1359 1893 1544 1966 ἕτερον
1585 1895 1767 1948 παίειν

1875 1892 2164 1977 discimus.
2221 1939 2239 1971 ι
2275 1919 2429 1992 Ego,
2484 1892 2705 1990 inquit,
2738 1892 2912 1987 prope
2961 1892 3185 1972 domum
3244 1915 3464 1971 Martini

188 1985 447 2055 παρέχειν
483 1984 581 2054 τῆς
612 1983 879 2052 κεφαλῆς·
916 1987 1026 2047 τοῖς
1049 1984 1126 2049 δὲ,
1167 1987 1215 2038 ει
1249 1984 1339 2038 τὸν
1369 1984 1573 2054 χιτῶνα.
1603 1986 1768 2054 ἀφαί-

187 2094 388 2145 {at-ato,
426 2076 718 2130 ἐπιδιδόναι
755 2079 848 2130 καὶ
891 2077 950 2130 τὸ
980 2078 1213 2148 ἱμάτιον.
1262 2096 1280 2129 ι
1308 2078 1411 2146 Qui
1452 2093 1557 2134 non
1611 2081 1773 2135 modo

188 2184 296 2222 non
347 2182 734 2239 repercutere,
787 2185 886 2223 nec
935 2171 1323 2227 invadentibus
1347 2181 1402 2227 et
1433 2175 1770 2242 rapientibus

187 2257 331 2311 diem
361 2260 563 2326 dicere,
592 2263 687 2315 sed
715 2263 857 2324 istis,
883 2261 1098 2319 etiamsi
1128 2261 1416 2332 colaphum
1447 2259 1768 2328 inflixerint,

189 2351 420 2407 alteram
457 2355 654 2424 capitis
679 2365 888 2424 partem
916 2355 1326 2425 percutiendam
1351 2359 1645 2428 'praebere;
1682 2360 1770 2415 his

185 2456 395 2509 autem,
419 2449 463 2500 si
502 2450 737 2502 tunicam
767 2449 1114 2516 abstulerint,
1149 2449 1369 2518 pallium
1402 2452 1768 2519 superaddere

185 2535 502 2592 didicimus.
537 2558 555 2590 ι
597 2538 880 2601 Tatiantts.
915 2557 969 2593 η.
1004 2540 1074 2596 56
1107 2561 1120 2596 :
1159 2541 1306 2612 Πλὴν
1349 2543 1598 2614 ’Όμηρος
1627 2543 1769 2596 ἔστω

187 2629 258 2698 μὴ
296 2630 459 2697 μόνον
509 2630 734 2704 ὕστερον
784 2633 892 2687 τῶν
929 2634 1206 2698 Ἰλιακῶν,
1250 2635 1386 2689 ἀλλὰ
1416 2637 1532 2689 κατ’
1561 2638 1767 2690 ἐκεῖνον

181 2720 342 2774 αὐτὸν
380 2722 694 2793 ὑπειλήφθω
733 2724 822 2777 τὸν
852 2725 944 2779 τοῦ
971 2727 1208 2797 πολέμου
1244 2727 1451 2798 καιρόν.
1491 2745 1508 2778 ι
1536 2729 1768 2784 Sitsane

184 2810 454 2867 Homerus
491 2831 595 2869 non
632 2817 796 2870 modo
847 2833 954 2872 non
1000 2819 1186 2888 junior
1217 2820 1396 2874 lliacis
1440 2823 1634 2887 rebus,
1667 2823 1763 2876 sed

179 2904 280 2970 ipsi
360 2906 501 2960 bello
554 2909 800 2977 aequalis.
838 2928 857 2961 ι
931 2909 989 2964 S.
1044 2910 1351 2979 Cyprianus
1402 2921 1681 2981 acceptam
1733 2928 1765 2967 a

180 2996 240 3054 S.
289 2997 614 3053 Firnuliano
657 3000 943 3068 epistolam
973 3042 988 3066 ,
1020 3018 1141 3072 qua:
1189 3013 1269 3056 est
1303 3003 1446 3056 inter
1477 3001 1762 3073 Cypriani-

177 3108 263 3145 cas
310 3091 413 3153 75,
451 3093 653 3146 nemini
704 3093 896 3148 Latine
946 3097 1275 3150 reddendam
1322 3097 1632 3162 commisit,
1665 3099 1759 3152 sed

179 3185 294 3250 ipse
355 3184 503 3238 hunc
553 3183 819 3246 laborem,
857 3195 914 3237 ut
967 3201 1033 3239 ex
1070 3187 1212 3254 stylo
1257 3188 1495 3255 perspici
1549 3197 1757 3255 potest,

181 3278 447 3346 suscepit.
483 3278 849 3332 llcllenismos
887 3287 1070 3332 autem
1105 3297 1211 3333 non
1246 3296 1449 3350 paucos
1493 3281 1632 3336 ﬁdus
1669 3281 1756 3334 in-
1788 3253 1830 3311 Ο

180 3379 396 3438 tc.pres
447 3371 678 3424 retinuit
705 3411 718 3433 ,
759 3387 825 3424 ex
858 3372 1056 3439 quibus
1086 3387 1252 3426 unum
1286 3373 1352 3426 ad
1393 3373 1444 3427 id
1475 3413 1489 3438 ,
1527 3375 1670 3441 quod
1702 3372 1758 3425 in

181 3463 438 3518 manibus
489 3473 590 3530 est,
632 3464 872 3518 maxime
924 3463 1179 3518 idoneum
1229 3479 1518 3534 apponam.
1550 3463 1643 3519 Sic
1676 3463 1759 3518 lo-

182 3556 368 3622 quitur
422 3557 490 3610 de
523 3559 732 3628 angelis
785 3560 842 3613 S.
878 3561 1273 3618 Firmilianus:
1325 3583 1341 3615 ι
1375 3563 1574 3633 Utique
1625 3578 1760 3618 con-

183 3647 523 3715 tristantur,
584 3653 801 3719 quando
857 3655 1044 3709 vident
1101 3655 1351 3710 diversas
1395 3655 1758 3724 quorumdam

185 3751 398 3795 mentes
436 3755 491 3796 et
548 3745 752 3798 scissas
783 3746 1095 3802 voluntates
1126 3788 1141 3813 ,
1193 3749 1346 3817 quasi
1388 3764 1496 3802 non
1549 3758 1759 3803 tantum

183 3850 350 3887 unum
399 3849 455 3889 et
496 3839 743 3893 eumdem
775 3838 1061 3894 Dominum
1123 3842 1285 3896 simul
1334 3841 1621 3906 invocent,
1665 3842 1760 3896 sed

184 3926 451 3992 separatis
483 3937 537 3978 et
565 3928 752 3982 divisis
781 3929 850 3982 ah
875 3930 1109 3984 invicem
1132 3946 1232 3985 nec
1253 3931 1626 3985 confabulatio
1644 3932 1759 4000 jam

186 4023 350 4082 possit
380 4033 522 4081 esse,
550 4035 649 4072 nec
677 4036 856 4075 sermo
883 4022 1208 4079 communis.
1245 4043 1261 4074 ι
1295 4021 1499 4077 Sensus
1526 4032 1603 4077 est
1632 4038 1645 4074 :
1675 4022 1760 4075 Ita

183 4120 235 4158 ut
269 4127 374 4162 non
413 4114 568 4165 modo
617 4130 720 4165 non
762 4131 922 4168 unum
944 4125 996 4168 et
1024 4116 1262 4169 eumdem
1289 4115 1576 4169 Dominum
1598 4115 1760 4168 simul

195 4204 431 4256 mearent
461 4244 474 4266 ,
532 4208 668 4268 sed,
707 4217 812 4260 etc.
859 4205 1087 4262 Videtur
1145 4209 1198 4263 in
1262 4207 1450 4263 Graeco
1499 4218 1758 4263 contextu

187 4290 369 4357 fuisse,
403 4296 477 4357 ὡς
511 4297 570 4349 οὐ
611 4303 788 4366 μόνον.

255 4409 311 4458 ὖι
346 4410 535 4478 Mque
556 4411 610 4464 in
643 4413 872 4468 exordio
903 4429 1080 4484 neque
1107 4416 1158 4469 in
1185 4415 1431 4471 clausula
1465 4418 1758 4472 consilimn

191 4513 279 4553 aut
301 4501 556 4555 voluntas
589 4504 698 4557 ulla
725 4505 1153 4570 deprehenditur
1173 4509 1498 4574 obiicienda:
1525 4510 1763 4565 ethnicis

1872 2016 2163 2085 cujusdam
2216 2015 2283 2069 ad
2350 2014 2606 2069 balneum
2663 2019 3034 2085 cognomento
3107 2009 3462 2064 Timiotinum

1877 2107 2147 2165 hactenus
2213 2106 2409 2160 mansi.
2459 2104 2596 2160 Veni
2644 2114 2824 2160 autem
2885 2106 2938 2159 in
2988 2103 3180 2159 urbem
3227 2103 3458 2156 Romam

1870 2199 2130 2254 secundo.
2163 2198 2348 2267 Neque
2378 2198 2540 2250 alium
2568 2198 2885 2266 quempiam
2917 2203 3226 2250 conventus
3252 2194 3460 2256 locum,

1875 2289 1978 2344 nisi
2024 2305 2184 2359 quem
2211 2286 2347 2354 dixi,
2381 2303 2687 2358 cognosco;
2721 2303 2785 2343 ac
2818 2287 2865 2342 si
2900 2288 3024 2357 quis
3057 2286 3123 2340 ad
3155 2300 3240 2340 me
3267 2286 3456 2339 venire

1873 2381 2068 2440 voluit.
2095 2380 2501 2437 communicavi
2533 2395 2656 2435 cum
2683 2380 2780 2435 illo
2805 2379 3060 2434 veritatis
3091 2379 3456 2433 doctrinam.»

1873 2473 2027 2530 Unus
2057 2487 2123 2526 ex
2158 2472 2264 2526 illis
2285 2512 2300 2536 ,
2339 2473 2431 2541 qui
2463 2487 2588 2527 cum
2635 2469 2858 2526 Justino
2890 2471 3038 2541 passi
3069 2478 3217 2536 sunt,
3246 2468 3462 2538 Evelpi-

1871 2575 1991 2621 stus
2039 2566 2284 2629 nomine,
2321 2573 2559 2619 testatur
2600 2579 2661 2619 se
2710 2563 2915 2618 Justini
2963 2577 3231 2616 sermones
3268 2576 3461 2631 magna

1874 2675 1994 2712 cum
2033 2658 2302 2728 voluptate
2333 2658 2617 2710 audivisse.
2649 2657 2754 2724 Ipsi
2784 2657 2951 2710 etiam
2978 2652 3238 2723 prmfecto
3272 2663 3458 2707 notum

1868 2760 1988 2806 erat
2009 2749 2213 2805 Justini
2244 2751 2485 2805 studium
2518 2750 2569 2803 in
2600 2749 2881 2819 discipulis
2904 2747 3228 2802 edocendis.
3251 2746 3460 2812 Qumit

1875 2843 2021 2898 enim
2054 2859 2204 2913 quem
2231 2844 2288 2895 in
2334 2842 2507 2897 locum
2538 2841 2852 2895 conveniant
2895 2847 2944 2893 et
2993 2839 3283 2908 discipulos
3330 2854 3458 2892 suos

1867 2947 2148 3005 congreget
2172 2933 2442 2990 Justinus.
2480 2933 2691 2990 Deinde
2719 2947 3022 2987 conversus
3053 2934 3120 2985 ad
3147 2932 3296 2985 illius
3326 2947 3462 2986 con-

1866 3027 2122 3081 fessionis
2155 3035 2207 3079 et
2229 3026 2480 3097 martyrii
2513 3025 2693 3080 socios
2720 3042 2734 3079 :
2762 3023 2864 3091 An,
2897 3023 3093 3094 inquit,
3115 3020 3457 3077 Christianos

1868 3131 1954 3168 vos
1983 3113 2104 3183 fecit
2134 3113 2384 3168 Justinus
2409 3116 2434 3167 ?

1937 3206 2000 3260 ll.
2034 3205 2148 3261 lloc
2186 3222 2385 3260 munus
2422 3207 2480 3263 S.
2511 3219 2738 3278 martyr,
2765 3219 2880 3262 uta
2917 3210 3029 3263 Deo
3059 3208 3448 3275 commissum,

1865 3306 2016 3352 tanto
2049 3298 2212 3351 animi
2249 3298 2470 3363 ardore,
2505 3307 2651 3350 tanta
2673 3298 3058 3352 observatione
3082 3307 3136 3353 et
3161 3293 3450 3368 diligentia

1864 3391 2106 3459 gerebat,
2141 3400 2199 3445 ut
2238 3392 2463 3460 grandis
2504 3391 2714 3459 peccati
2749 3405 2900 3443 reum
2951 3405 3012 3446 se
3046 3392 3104 3444 in.
3133 3391 3347 3457 judicio
3373 3390 3458 3446 fu-

1866 3495 2048 3538 turum
2067 3491 2306 3553 putaret,
2327 3485 2371 3537 si
2399 3493 2560 3551 quam
2583 3482 2809 3536 docendi
2833 3481 3072 3537 oblatam
3100 3485 3452 3538 occasionem

1863 3575 2323 3645 praetermisisset,
2353 3580 2401 3630 sl
2432 3575 2605 3645 ipsius
2635 3574 2796 3642 culpa
2829 3575 3176 3645 contigisset,
3211 3586 3270 3630 ut
3311 3577 3457 3631 veri-

1866 3670 1993 3722 tatis
2021 3668 2141 3722 luce
2165 3667 2362 3737 aliquis
2393 3674 2632 3721 careret.
2656 3666 2810 3722 Hanc
2846 3668 2991 3722 illius
3020 3669 3205 3723 animo
3229 3679 3458 3725 senten-

1868 3761 1998 3815 tiam
2031 3761 2301 3816 insedisse
2329 3760 2692 3830 perspicimus
2720 3776 2787 3814 ex
2815 3761 3065 3830 pluribus
3097 3763 3255 3817 locis.
3288 3777 3306 3814 ι
3347 3762 3456 3816 No-

1865 3865 2039 3910 strum
2081 3853 2250 3922 igitur
2298 3868 2497 3908 munus
2536 3863 2642 3922 est,
2687 3855 2866 3924 inquit
2926 3855 3081 3923 Apol.
3127 3856 3183 3920 l,
3217 3872 3272 3910 ιι.
3310 3857 3366 3923 5,
3401 3869 3459 3913 ut

1863 3948 1988 4000 vita:
2019 3955 2074 3998 et
2104 3945 2368 4000 doctrinae
2400 3957 2601 4000 nostra:
2637 3946 2999 4015 inSpiciendae
3026 3949 3238 4016 copiam
3276 3949 3455 4002 omni-

1864 4040 1965 4095 bus
1997 4037 2284 4103 faciamus,
2315 4053 2382 4091 ne
2409 4053 2508 4107 pro
2537 4039 2622 4102 iis,
2646 4040 2738 4107 qui
2765 4055 2853 4094 res
2881 4051 3106 4095 n05tras
3130 4041 3233 4094 sibi
3267 4043 3456 4099 viden-

1868 4141 1958 4187 tur
1985 4133 2260 4201 ignorare,
2284 4146 2501 4201 poenam
2532 4145 2748 4195 eorum,
2793 4148 2914 4201 qut:
2941 4133 3296 4187 cascutientes
3326 4149 3454 4203 pec-.

1867 4225 2136 4290 caverint,
2177 4224 2283 4292 ipsi
2315 4223 2640 4279 debeamus.
2679 4243 2696 4275 ι
2730 4222 3091 4293 Perspectum
3121 4226 3228 4279 sibi
3262 4238 3316 4279 et
3348 4241 3450 4280 ex-

1866 4318 2144 4387 ploratum
2184 4331 2307 4372 esse
2351 4319 2485 4370 dicit
2513 4315 2726 4386 Dialog.
2767 4332 2820 4370 ιι.
2861 4318 2976 4371 82:
3014 4316 3332 4386 Quicunque
3361 4333 3449 4370 tte—

1867 4429 1986 4467 rum
2024 4410 2188 4478 possit
2229 4411 2402 4463 dicere
2440 4425 2535 4462 nec
2578 4410 2740 4472 dicat,
2787 4426 2906 4463 eum
2939 4427 2970 4462 a
3012 4409 3120 4463 Deo
3142 4409 3454 4480 judicatum

1865 4504 1954 4555 iri.
1978 4501 2104 4555 Vid.
2130 4516 2283 4555 num.
2307 4499 2378 4556 '58
2399 4509 2453 4555 et
2482 4501 2567 4556 44.
2611 4498 2702 4556 Sic
2728 4502 2972 4570 loquitur
3007 4518 3062 4557 n.
3095 4502 3165 4555 58
3198 4516 3213 4554 :
3253 4521 3271 4554 ι
3302 4501 3455 4556 δοκι.

190 4609 360 4648 sacrae
393 4595 710 4663 Scriptum.
744 4597 1054 4662 Quinetiam
1083 4600 1322 4655 libellum
1357 4602 1437 4656 sic
1466 4602 1525 4656 S.
1551 4611 1761 4672 martyr
1797 4607 1839 4660 ι)
1873 4605 2062 4666 pturas
2087 4594 2242 4649 vobis
2274 4591 2536 4663 referam,
2577 4609 2677 4650 nec
2709 4604 3028 4664 apparatum
3053 4596 3358 4649 verborum
3386 4596 3453 4650 ad

191 4690 424 4750 orditur,
456 4697 516 4741 ut
544 4702 603 4742 se
626 4693 949 4757 argumentis
979 4695 1190 4747 omnino
1225 4711 1449 4748 usurum
1474 4697 1764 4763 promittat

191 4797 250 4832 es
287 4792 487 4835 retusta
539 4780 842 4838 Grecorum
896 4788 1130 4842 historia:
1172 4791 1316 4850 poesi
1363 4791 1637 4858 repetitis:
1685 4789 1765 4845 sic

195 4885 410 4938 perorat
451 4887 511 4930 ut
538 4877 758 4932 Graecos
801 4879 1155 4943 adhortatur,
1184 4884 1249 4937 ad
1281 4883 1761 4952 complectendum

193 4983 362 5018 ιενιιιι
398 4968 532 5020 ttlud
556 4979 605 5022 et
626 4971 954 5023 immutabile
978 4988 1165 5027 nomen
1196 4989 1300 5026 non
1323 4990 1421 5028 sua
1448 4973 1619 5027 solum
1644 4991 1763 5028 voce

193 5059 573 5120 medicatum,
607 5060 698 5110 sed
733 5060 891 5112 etiam
921 5075 1104 5113 eorum
1133 5063 1223 5123 qui
1264 5062 1318 5113 in
1357 5063 1528 5129 prima
1559 5064 1766 5116 littera-

194 5165 302 5200 rum
333 5151 591 5203 elementa
622 5151 989 5206 introducunt.
1020 5152 1158 5218 Quid
1197 5155 1392 5208 mirum
1422 5169 1556 5227 ergo
1589 5155 1632 5208 si
1661 5156 1765 5210 hoc

195 5243 510 5311 opusculum
566 5260 632 5298 ex
685 5246 971 5313 versibus,
1019 5263 1158 5316 quos
1193 5259 1405 5304 vetusta
1446 5250 1764 5307 Grecorum

199 5338 439 5402 historia,
484 5338 537 5390 id
571 5349 653 5393 est
694 5349 922 5396 vetusta:
965 5341 1280 5397 Graecorum
1333 5343 1525 5400 littera:
1567 5359 1764 5416 suppe-

198 5429 465 5494 ditarunt,
527 5443 696 5487 totum
738 5445 826 5488 est
879 5436 1232 5492 intertextum
1261 5475 1276 5502 ,
1319 5451 1419 5492 nec
1465 5438 1762 5508 quidquam

197 5520 392 5578 delibat
422 5526 491 5578 de
519 5525 726 5580 sanctis
761 5523 1104 5596 Scripturts?

1869 4686 2047 4742 solam
2083 4695 2256 4741 artem
2285 4695 2570 4742 ostentare
2597 4686 2758 4751 volo;
2797 4702 2974 4758 neque
3004 4687 3148 4741 enim
3188 4698 3276 4742 est
3321 4687 3452 4741 mihi

1868 4779 2140 4848 ejusmodi
2174 4777 2435 4846 facultas;
2489 4779 2584 4833 sed
2639 4788 2846 4832 tantum
2881 4780 3058 4849 gratia
3108 4778 3240 4832 mihi
3275 4795 3304 4832 a
3343 4777 3455 4831 Deo

1867 4886 2174 4936 concessa,
2223 4882 2282 4924 ut
2333 4869 2454 4937 ejus
2505 4869 2826 4941 Scripturas
2884 4870 3181 4942 intelligam
3227 4885 3242 4922 :
3297 4870 3454 4938 cujus

1868 4965 2057 5033 gratiae
2087 4978 2279 5018 omnes
2312 4963 2582 5017 adhortor
2631 4973 2691 5016 ut
2724 4964 2897 5030 gratis
2928 4973 2986 5017 et
3033 4963 3254 5032 copiose
3283 4961 3452 5030 parti-

1869 5058 2017 5127 cipes
2052 5056 2207 5122 ﬁant,
2238 5070 2306 5110 ne
2334 5056 2419 5110 vel
2450 5056 2554 5111 hac
2576 5056 2647 5110 de
2671 5071 2834 5112 causa
2860 5055 3198 5109 condemner
3230 5055 3284 5108 in
3307 5053 3453 5122 judi-

1869 5151 1976 5206 cio.
2013 5169 2031 5202 ι
2063 5148 2357 5205 Latissime
2392 5149 2654 5203 nimirum
2685 5149 2908 5217 patebat
2938 5145 3141 5204 lustini
3165 5147 3409 5200 charitas
3435 5166 3449 5205 :

1877 5255 2099 5311 semper
2126 5250 2353 5311 paratus
2383 5242 2449 5295 ad
2495 5241 2798 5296 docendum
2847 5250 2986 5305 erat,
3032 5254 3266 5306 sperans
3305 5239 3454 5294 inter

1869 5349 1966 5390 eos
1997 5350 2140 5406 quos
2183 5333 2571 5404 alloquebatur
2614 5333 2852 5402 aliquem
2899 5347 2966 5388 ex
3020 5331 3321 5387 electorum
3353 5346 3455 5385 nu-

1872 5442 2024 5482 mero
2053 5427 2338 5481 inventum
2366 5425 2468 5493 iri;
2501 5435 2558 5480 et
2589 5427 2734 5494 quod
2755 5425 2805 5478 ei
2841 5424 3072 5494 contigit
3102 5423 3453 5494 Ephesicum

1868 5518 2074 5574 Iudaeis
2103 5518 2430 5587 disputanti,
2463 5526 2525 5570 ιιι
2550 5531 2646 5587 per
2677 5516 2899 5572 biduum
2929 5529 3120 5572 eorum
3153 5517 3208 5571 in
3232 5524 3455 5571 contra-

1868 5611 2102 5667 dicendo
2139 5620 2195 5665 et
2239 5612 2330 5674 iis,
2372 5626 2494 5680 quae
2533 5611 2686 5681 prius
2721 5621 3136 5677 concesserant,
3183 5609 3454 5678 nes-audis

1872 5703 2231 5772 pertinaciam
2265 5702 2455 5768 ferret,
2492 5705 2682 5759 eadem
2721 5719 2781 5760 se
2821 5703 3046 5759 lenitate
3099 5713 3154 5760 et
3186 5703 3452 5773 patientia

1870 5800 1925 5847 in
1947 5810 2122 5850 omnes
2149 5797 2362 5849 omnino
2393 5812 2458 5850 ea:
2484 5798 2624 5851 omni
2659 5796 2929 5850 hominum
2959 5811 3146 5867 genere
3172 5795 3250 5850 uti
3273 5793 3454 5850 decla-

1875 5896 1978 5954 rat,
2031 5902 2084 5940 n.
2130 5885 2223 5942 64.
2272 5887 2341 5945 Ut
2385 5887 2584 5946 Justini
2632 5887 2956 5960 patientiam
3008 5896 3063 5945 et
3120 5887 3452 5944 charitstem
