4120 6406
724 325 827 381 ηδ

1619 324 1673 379 S.
1712 323 2043 379 JUSTINUS
2074 322 2552 379 PHILOSOPHUS
2583 322 2670 376 ET
2708 320 3018 377 MARTYR.

3866 321 3968 375 124

726 448 873 500 nulla
915 446 1198 502 hominum
1238 444 1625 514 importunitas
1663 446 2003 507 retardabat,
2056 447 2129 501 ita
2164 462 2293 499 cou-
2327 452 2373 508 Α
2402 460 2550 501 reses
2598 454 2776 497 utrum
2806 452 2934 496 ante
2963 441 3159 498 librum
3191 441 3442 494 adversus
3479 440 3801 494 Marciorum
3828 440 3962 495 scri-

726 542 991 596 stantiam
1024 549 1078 594 et
1110 539 1279 593 animi
1322 538 1695 591 fortitudinem
1746 540 1888 591 nulla
1921 538 2159 607 pericula
2208 540 2291 590 in-

728 633 1042 704 friugebant
1062 648 1076 684 :
1095 632 1243 701 quod
1270 630 1486 699 quidem
1515 629 1650 683 satis
1678 628 1955 682 declarant
1978 628 2170 684 oblata-
2193 644 2298 697 pa-

727 725 836 781 lam
874 733 929 779 et
964 732 1174 791 aperte,
1215 732 1272 777 ut
1319 722 1478 776 modo
1518 720 1851 783 videbimus,
1899 721 2299 777 molestissimis

730 814 1069 885 temporibus
1111 813 1401 883 Apologic.
1449 810 1720 865 Prmclare
1772 812 2010 879 seipsum
2055 812 2299 882 depingit

729 908 816 961 his
846 906 1056 967 verbis,
1104 905 1310 973 Dialog.
1358 920 1412 958 n.
1462 903 1610 959 ηδε
1649 922 1667 954 r
1711 904 1885 972 Atque
1927 904 2042 957 haec
2079 905 2295 972 quidem

729 1002 867 1065 dixi,
893 1004 1020 1074 quia
1053 1003 1125 1055 ita
1159 1016 1280 1055 sum
1306 1000 1536 1055 aﬂ'ectus
1565 1000 1771 1064 animo,
1811 1009 1869 1053 ut
1901 999 2033 1053 nihil
2081 1014 2301 1067 prorsus

729 1095 989 1159 dixerim,
1034 1094 1085 1147 in
1112 1108 1221 1162 quo
1246 1091 1392 1145 aliud
1427 1106 1635 1157 curem,
1666 1105 1832 1159 quam
1879 1099 1940 1143 ut
1980 1104 2168 1142 verum
2217 1089 2300 1141 di-

730 1201 875 1250 cam,
908 1185 1183 1240 neminem
1220 1181 1580 1247 reveriturus,
1625 1182 1841 1237 etiamsi
1874 1197 1904 1236 e
1935 1182 2165 1249 vestigio
2214 1180 2299 1233 di-

730 1279 906 1349 scerpi
936 1294 967 1333 a
994 1278 1151 1333 vobis
1178 1285 1445 1347 Oporteat.
1480 1296 1498 1329 ι

802 1366 891 1423 111.
915 1366 1029 1422 Non
1058 1366 1261 1423 Iudaeis
1282 1366 1412 1421 solis
1434 1378 1594 1438 atque
1623 1366 1856 1422 ethnicis
1891 1380 2111 1437 operam
2145 1380 2302 1423 suam

733 1464 1015 1519 dicaverat
1040 1461 1310 1528 Justinus,
1350 1462 1444 1516 sed
1476 1462 1620 1517 illius
1660 1462 1906 1516 laborum
1948 1476 2141 1528 magna
2178 1474 2306 1529 pars

736 1555 983 1613 haeretici
1034 1554 1278 1609 fuerunt.
1336 1552 1446 1607 Hos
1497 1568 1603 1607 non
1665 1554 1840 1608 solum
1890 1552 2179 1621 colloquiis
2237 1551 2305 1605 ab

731 1662 923 1702 errore
954 1645 1241 1701 retrahere
1258 1645 1582 1706 conabatur,
1614 1655 1671 1698 ut
1704 1647 1815 1713 ipse
1837 1654 2066 1700 testatur
2094 1644 2304 1713 Dialog.

734 1757 790 1795 η.
820 1739 913 1801 81,
947 1738 1045 1794 sed
1085 1738 1249 1793 etiam
1289 1739 1521 1792 eruditis
1570 1737 1790 1807 scriptis
1833 1752 2027 1792 omnes
2071 1737 2308 1791 hereses

2400 546 2545 605 ptum
2585 550 2753 590 necne
2781 535 2966 598 fuerit,
2995 542 3239 588 statuere
3266 546 3369 585 non
3400 545 3658 599 possum;
3691 534 3787 587 sed
3816 542 3964 586 certe

2402 637 2694 698 utrumque
2723 641 2863 695 opus
2891 624 3162 693 Apologiis
3193 624 3492 691 antiquius.

2471 717 2560 774 IV.
2587 719 2741 771 Aliud
2766 717 2968 771 Justini
2996 732 3133 783 upus
3165 724 3414 769 recenset
3450 713 3736 776 Eusebius,
3763 715 3831 769 de
3861 727 3967 782 quo

2404 811 2481 862 sic
2527 810 2810 877 loquitur:
2845 810 2953 861 Kal.
2995 807 3120 860 ἄλλο
3162 806 3405 876 σχολικὸν
3444 807 3570 877 περὶ
3598 806 3799 877 ψυχῆς,
3845 808 3899 859 ἐν
3925 798 3971 871 ᾧ

2404 898 2687 970 διαφόρους
2714 898 2929 960 πεύσεις
2966 897 3250 968 προτείνας
3284 896 3421 949 κατὰ
3446 896 3538 949 τοῦ
3567 897 3694 967 περὶ
3724 897 3823 967 τὴν
3841 896 3974 949 ὑπό-

2405 990 2551 1043 Θεσιν
2576 990 2976 1061 προϐλήματος,
3001 988 3107 1041 τῶν
3141 990 3267 1058 παρ’
3297 988 3517 1058 Ἕλλησι
3542 986 3839 1056 φιλοσόφων
3867 1004 3976 1041 πα-

2409 1085 2684 1155 ρατίθεται
2716 1085 2810 1147 τὰς
2836 1084 3009 1149 δόξας·
3046 1076 3131 1144 αἷς
3170 1082 3261 1134 καὶ
3298 1081 3589 1147 ἀντιλέξειν
3616 1083 3974 1153 ὑπισχνεῖται,

2407 1178 2507 1246 τήν
2536 1192 2592 1228 τε
2611 1175 2773 1237 αὐτὸς
2801 1173 2964 1228 αὐτοῦ
2988 1172 3213 1239 ὃόξανὲν
3240 1173 3408 1244 ἑτέρῳ
3434 1173 3838 1243 παραθήςεσθαι
3855 1190 3981 1241 συγ-

2407 1266 2715 1336 γράμματι.
2748 1285 2765 1315 ι
2803 1265 2953 1318 Alius
2990 1265 3523 1333 itemcxcerptorum
3572 1264 3707 1317 liber
3748 1264 3812 1317 de
3857 1263 3982 1316 ani-

2409 1373 2518 1419 tna,
2555 1358 2607 1410 in
2629 1374 2732 1425 qua
2758 1356 3049 1425 propositis
3086 1357 3256 1409 variis
3287 1354 3983 1425 interrogationibus,quz

2408 1451 2473 1503 ad
2504 1448 2637 1502 illud
2661 1459 3041 1516 argumentum
3076 1451 3371 1518 pertinent,
3404 1449 3687 1518 gentilium
3732 1448 3983 1518 philoso-

2412 1539 2642 1610 phorum
2676 1537 2833 1592 allen
2865 1539 3168 1593 sententias
3202 1555 3217 1595 :
3259 1540 3457 1609 quibus
3479 1539 3640 1593 etiam
3673 1555 3733 1595 se
3761 1550 3987 1594 contra-

2415 1631 2712 1695 dicturum,
2740 1645 3005 1698 suamque
3038 1630 3105 1684 de
3138 1630 3222 1684 Itis
3254 1631 3581 1685 sententiam
3615 1631 3668 1685 in
3693 1630 3800 1685 alio
3820 1646 3993 1701 opere

2410 1721 2753 1791 prolaturum
2785 1735 2907 1775 esse
2946 1720 3256 1791 pollicetur.
3291 1740 3312 1774 ι
3343 1720 3537 1777 Utrum
3569 1722 3855 1791 promissis
3876 1730 3993 1777 ste-

733 1830 1065 1894 eoufutavit,
1095 1844 1159 1884 ac
1201 1828 1466 1899 singulari
1513 1841 1677 1898 opere
1716 1842 2005 1899 aggressus
2041 1836 2125 1882 est
2168 1825 2311 1882 Mar-

2420 1813 2538 1866 terit
2559 1811 2808 1868 Justinus
2838 1825 2936 1868 nec
2964 1812 3229 1867 certiores
3268 1828 3365 1868 nos
3397 1812 3528 1868 facit
3563 1814 3850 1878 Eusebius,
3883 1829 3992 1870 nec

733 1923 972 1982 cionem,
1017 1919 1133 1989 qui,
1181 1918 1397 1976 Justino
1435 1919 1622 1975 Romae
1656 1919 1889 1990 degente
1937 1935 2001 1974 ac
2034 1929 2208 1974 totum
2249 1933 2309 1973 se

2420 1906 2528 1975 ipse
2564 1906 2779 1959 videtur
2814 1917 3155 1974 perspectum
3196 1904 3471 1959 habuisse.
3516 1907 3759 1960 Incertus
3806 1907 4005 1961 haereo

732 2014 999 2085 augendis
1035 2011 1298 2069 Ecclesia
1343 2012 1677 2068 utilitatibus
1728 2014 1997 2076 tradente,
2047 2011 2311 2070 heresim

733 2119 891 2161 suam
944 2106 1340 2161 architectatus
1379 2111 1462 2159 est
1498 2104 1646 2158 circa
1693 2118 1895 2158 annum
1931 2103 2056 2159 I45.
2099 2102 2157 2158 S.
2200 2102 2313 2157 Ire-

735 2208 886 2249 ηεαδ
918 2209 984 2250 ex
1008 2192 1205 2249 Justini
1238 2194 1488 2247 adversus
1534 2192 1859 2248 Harcioncm
1886 2193 2027 2249 libro
2064 2194 2311 2248 testimo-

734 2287 888 2342 nium
919 2288 1051 2342 citat
1068 2289 1209 2361 quod
1235 2289 1584 2359 apposuimus
1609 2289 1663 2343 in
1679 2287 2009 2355 Appendice.
2040 2286 2155 2343 Hoc
2178 2302 2315 2356 opus

732 2391 960 2435 vocatur
989 2381 1059 2437 ab
1093 2382 1451 2454 Hieronymo,
1493 2392 1677 2436 contra
1708 2380 2035 2435 Marciorum
2085 2383 2314 2451 insignia

732 2472 1034 2539 volumina;
1067 2491 1096 2528 a
1121 2474 1342 2540 Pltotio,
1373 2474 1495 2532 cod.
1518 2474 1640 2538 125,
1668 2476 1951 2543 ἀναγκαῖοι
1977 2473 2144 2543 λόγοι.
2163 2473 2315 2529 Hanc

737 2574 921 2620 autem
977 2566 1446 2623 elucubrationem
1501 2566 1753 2623 Justinus
1800 2567 2130 2637 perfecerat,
2188 2582 2311 2621 cum

734 2657 1044 2729 Apologiam
1083 2660 1314 2729 primam
1351 2660 1549 2714 obtulit
1596 2660 1952 2729 imperatori;
1992 2658 2156 2728 idque
2202 2673 2310 2713 non

736 2750 972 2806 obscure
1012 2752 1256 2807 declarat
1298 2751 1589 2816 Eusebius,
1630 2752 1722 2821 qui
1772 2752 1839 2805 de
1877 2751 2092 2805 Justino
2124 2752 2203 2805 sic
2233 2750 2314 2805 lo-

736 2842 927 2910 quitur
977 2844 1052 2896 lib
1096 2859 1170 2907 tv,
1214 2859 1338 2913 cap.
1383 2844 1491 2899 ll:
1543 2846 1639 2907 ’ος
1672 2844 1735 2915 δὴ
1788 2843 1880 2896 καὶ
1917 2843 2133 2913 γράψας
2176 2842 2315 2897 κατὰ

733 2934 1061 3004 Μαρκίωνος
1090 2935 1425 3006 σύγγραμμα
1459 2936 1783 3006 μνημονεύει
1809 2935 1885 2999 ὡς
1921 2935 2041 2988 καθ’
2074 2936 2132 2987 ὃν
2164 2934 2317 2989 συνέ-

735 3042 898 3079 ταττε
937 3027 1125 3102 καιρὸν
1170 3027 1566 3099 γνωριζομένου
1607 3027 1686 3097 τῷ
1742 3028 1842 3097 βίῳ
1880 3027 2123 3096 τάνδρός.
2162 3045 2179 3077 t
2212 3025 2314 3092 Qui

736 3116 957 3186 quidem
990 3133 1112 3172 cum
1137 3120 1303 3173 etiam
1340 3134 1476 3189 opus
1501 3120 1762 3173 adversus
1803 3117 2135 3174 Marcionem
2176 3119 2316 3172 scri-

2415 2006 2600 2050 utrum
2634 1997 2734 2050 hoc
2762 2011 2900 2063 opus
2934 1997 2985 2049 in
3024 1996 3343 2063 primordiis
3372 1999 3749 2053 conversionis
3776 2014 3849 2053 an
3885 2001 3997 2054 sub

2417 2086 2539 2139 vitae
2578 2084 2739 2139 fluctu
2785 2083 3170 2139 elucubratum
3219 2094 3425 2155 putem.
3480 2085 3790 2159 Utrumque
3840 2086 3997 2140 enim

2418 2178 2553 2233 illud
2594 2190 2803 2248 tempus
2826 2177 3025 2233 Justini
3058 2179 3323 2232 adversus
3366 2177 3720 2248 philosophos
3744 2178 4001 2248 disputa-

2419 2269 2656 2323 tionibus
2684 2269 2893 2337 insigne
2929 2269 3161 2323 exstitit.
3208 2268 3322 2322 Non
3352 2270 3707 2325 incommode
3736 2271 3804 2323 ad
3837 2272 4001 2325 initia

2417 2360 2724 2414 referretur
2749 2361 2836 2415 hic
2862 2362 3019 2425 liber,
3046 2364 3137 2431 qui
3179 2364 3397 2418 videtur
3434 2364 3570 2419 levis
3592 2364 3773 2431 potius
3797 2375 4001 2419 contra

2417 2451 2769 2521 philosophos
2792 2454 3119 2509 exercitatio
3158 2453 3357 2520 fuisse,
3382 2471 3548 2525 quam
3578 2470 3716 2525 opus
3756 2470 3787 2511 e
3815 2456 4001 2510 media

2418 2545 2684 2613 religione
2725 2547 3039 2615 repetitum.
3086 2546 3195 2601 Sed
3242 2550 3370 2616 quia
3416 2558 3702 2617 postquam
3744 2546 4007 2603 Justinus

2417 2637 2649 2693 Romam
2697 2639 2889 2701 rediit,
2928 2640 3317 2709 gravissimum
3348 2658 3474 2700 cum
3514 2643 3859 2713 philosophis
3881 2642 4005 2697 bel-

2419 2729 2530 2783 lum
2585 2730 2805 2795 habuit;
2854 2730 2996 2785 forte
3035 2747 3099 2786 eo
3156 2741 3399 2801 tempore
3462 2734 3563 2787 hoc
3592 2749 3725 2803 opus
3772 2749 4009 2804 compo-

2418 2824 2552 2883 suit,
2580 2822 2819 2891 illudque
2852 2839 2999 2879 mors
3040 2825 3322 2881 absolvere
3346 2825 3640 2895 prohibuit.

2493 2916 2631 2969 Ante
2658 2916 2799 2969 hunc
2823 2916 3023 2970 librum
3063 2928 3377 2972 recensetur
3406 2919 3474 2971 ab
3504 2918 3743 2972 Eusebio
3767 2916 4007 2985 Psaltaa,

2420 3004 2529 3058 alia
2561 3003 2759 3059 Justini
2785 3005 3149 3069 elucubratio,
3184 3005 3251 3061 de
3279 3022 3384 3075 qua
3417 3007 3551 3061 nihil
3576 3008 3795 3062 videtur
3822 3012 4007 3065 statui

2421 3108 2602 3163 posse.
2632 3093 2707 3148 De
2735 3095 3031 3164 suppositis
3081 3097 3287 3151 nomini
3332 3097 3535 3152 Justini
3569 3100 3848 3167 operibus,
3879 3113 4014 3168 qua

736 3206 959 3276 psisset,
989 3210 1239 3264 meminit
1262 3211 1527 3275 hominis,
1561 3221 1619 3264 ut
1656 3211 1832 3265 adhuc
1864 3211 2007 3264 inter
2032 3209 2185 3264 vivos
2213 3224 2314 3263 ex-

2424 3190 2474 3242 in
2504 3188 2871 3259 Appendicem
2896 3188 3096 3255 rejects
3143 3199 3291 3257 sunt,
3329 3190 3551 3259 praefixa
3578 3190 3876 3259 unicuique
3899 3193 4009 3245 ad-

739 3301 937 3355 stantis
965 3317 1089 3356 cum
1120 3304 1408 3359 scriberet.
1440 3322 1459 3356 ι
1490 3303 1629 3357 Tum
1664 3302 1872 3372 profert
1889 3303 2156 3357 Eusebius
2185 3302 2318 3357 illud

739 3390 940 3448 Justini
989 3409 1055 3449 ex
1086 3394 1111 3448 1
1154 3395 1331 3463 ΑροΙ..
1364 3411 1419 3452 n.
1454 3394 1527 3449 26
1560 3417 1571 3450 ε
1612 3413 1630 3445 ι
1666 3394 1938 3449 Praeterea
1988 3394 2317 3448 Marcionem

739 3486 1029 3554 quemdam
1052 3485 1337 3542 Ponticum
1371 3488 1643 3553 novimus,
1667 3488 1759 3556 qui
1794 3488 2092 3541 etiamnum
2122 3500 2319 3555 super-

739 3585 844 3634 est.
878 3595 900 3629 »
945 3575 1137 3631 Priora
1184 3578 1272 3632 illa
1318 3580 1501 3645 verba,
1528 3579 1588 3643 ὃς
1617 3580 1682 3650 δὴ
1711 3578 1804 3632 καὶ
1838 3577 2165 3649 γράψας,εἰο
2200 3576 2320 3631 red-

742 3666 882 3723 didit
923 3668 1214 3726 Valesius:
1257 3670 1363 3737 Qui
1398 3672 1455 3725 in
1487 3671 1622 3725 libro
1658 3672 1912 3725 adversus
1958 3668 2317 3731 Marciorum,

742 3766 876 3825 etc.,
906 3776 1082 3831 neque
1104 3762 1266 3817 aliter
1288 3777 1353 3817 ea
1378 3761 1649 3817 intellexit
1665 3760 2027 3831 Nicephorus,
2050 3759 2320 3830 quiitesti-

741 3854 985 3907 monium
1024 3852 1223 3908 Justini
1247 3855 1317 3908 ab
1349 3854 1583 3909 Eusebio
1603 3854 1829 3908 citatum
1868 3867 1935 3907 ex
1965 3852 2107 3906 libro
2138 3861 2325 3905 :untra

747 3943 1075 4000 Harcionem
1106 3948 1487 4017 depromptum
1525 3960 1647 4001 esse
1678 3954 1850 4016 putat.
1910 3945 2066 3999 Unde
2096 3945 2186 3999 alii
2213 3943 2321 3998 Eu-

743 4037 895 4093 sebio
927 4040 1242 4095 memoriam
1276 4039 1567 4103 efﬂuxisse,
1596 4039 1689 4093 alii
1730 4037 2003 4095 Justinum
2031 4036 2221 4092 eadem
2255 4036 2322 4090 de

750 4125 1029 4187 Marciane
1073 4142 1130 4185 et
1163 4132 1218 4187 in
1272 4132 1531 4202 Apologia
1556 4140 1611 4187 et
1642 4132 1697 4186 in
1731 4131 1873 4186 libro
1896 4132 2145 4185 adversus
2171 4129 2321 4184 Mar-

744 4221 950 4276 cionem
987 4222 1194 4278 dixisse
1224 4224 1547 4295 conjiciunt.
1575 4223 1681 4280 Sed
1715 4224 1984 4280 Eusebius
2010 4224 2316 4290 librum,ex

745 4329 856 4388 quo
884 4314 1014 4369 illud
1044 4316 1415 4371 testimonium
1441 4317 1794 4386 deprompsit,
1815 4315 2107 4373 manifeste
2128 4317 2325 4371 distin-

748 4406 950 4473 guitab
976 4422 1141 4476 opere
1170 4408 1434 4463 adversus
1450 4407 1803 4464 Marcionem.
1828 4409 1962 4463 Illud
1990 4410 2159 4472 enim,
2176 4409 2235 4472 ac
2255 4407 2319 4479 δὴ

749 4498 843 4552 καὶ
871 4498 1108 4569 γράψας,
1150 4515 1257 4554 non
1291 4500 1433 4555 idem
1462 4500 1606 4554 valet
1648 4515 1713 4555 ac
1751 4502 2001 4565 scribens,
2047 4502 2141 4556 sed
2176 4502 2318 4555 idem
2356 4530 2399 4585 Β

751 4605 818 4645 ac
851 4610 865 4645 ;
911 4589 1160 4654 Quicum
1196 4593 1352 4645 etiam
1382 4590 1673 4660 scripsisset
1720 4609 1848 4662 opus
1888 4594 2141 4647 adversus
2177 4592 2325 4647 Har-

752 4683 971 4745 sionem,
1007 4682 1114 4745 vel,
1132 4694 1409 4753 postquam
1450 4685 1609 4738 etiam
1656 4700 1785 4745 opus
1817 4686 2028 4754 scripsit
2072 4688 2322 4740 adversus

751 4770 1109 4829 Harcionem:
1137 4790 1203 4830 ac
1233 4776 1456 4843 proinde
1478 4774 1801 4831 ilquustini
1820 4793 1982 4848 opera
2004 4778 2095 4833 hic
2121 4779 2324 4833 distin-

754 4864 871 4933 guit
898 4864 1199 4931 Eusebius;
1230 4868 1463 4922 alterum
1492 4880 1677 4922 contra
1702 4868 2054 4936 Marciorum,
2088 4870 2322 4925 alterum

757 4957 815 5011 in
852 4972 963 5027 quo
980 4956 1227 5013 Justinus
1248 4962 1314 5013 de
1339 4960 1453 5025 illo,
1478 4970 1537 5013 ut
1557 4962 1736 5015 adhuc
1756 4970 2033 5028 exstante,
2058 4963 2291 5033 loqueba
2306 4994 2324 5004 -

760 5060 869 5103 tur.
902 5048 1023 5119 Ipsa
1052 5050 1141 5104 illa
1175 5053 1362 5114 verba,
1407 5050 1673 5107 Prceterea
1699 5053 2022 5109 Marcionem
2042 5056 2321 5125 quemdam

758 5145 1025 5209 norimus,
1060 5147 1295 5202 hominis
1335 5156 1463 5203 sunt
1504 5145 1834 5203 llarcionem
1875 5163 1982 5201 non
2025 5156 2140 5204 toto
2184 5149 2326 5204 libro

760 5235 1086 5304 refellentis,
1118 5242 1213 5296 sed
1258 5241 1437 5296 obiter
1468 5242 1727 5299 natantis.
1770 5240 1925 5308 Quod
1956 5250 2141 5296 autem
2178 5242 2328 5296 addit

759 5327 1031 5385 Eusebius
1059 5330 1336 5387 Justinum
1372 5332 1563 5402 paucis
1600 5334 1901 5403 interiectis
1942 5326 2274 5404 subiungere
2311 5350 2324 5385 :

758 5418 858 5475 Est
882 5422 1038 5475 etiam
1066 5424 1197 5479 liber
1230 5442 1263 5477 a
1294 5426 1443 5479 nobis
1478 5426 1798 5495 compositus
1836 5427 2087 5480 adversus
2120 5441 2324 5489 omnes,

758 5531 879 5585 quae
908 5531 1140 5586 unquam
1179 5516 1412 5586 fuerunt,
1453 5519 1700 5582 hwreses,
1741 5534 1893 5587 quem
1939 5519 2133 5573 librum
2158 5519 2325 5583 vobis,

763 5608 810 5661 si
846 5606 921 5659 ita
949 5608 1232 5671 videbitur,
1264 5609 1537 5681 legendum
1580 5612 1877 5673 trademus,
1924 5610 2047 5665 inde
2094 5610 2329 5667 manife-

762 5708 905 5752 stum
928 5709 1006 5753 est
1040 5700 1109 5754 ab
1136 5698 1369 5757 Eusebio
1397 5701 1626 5757 indicari
1651 5702 1881 5771 opus,in
1906 5716 2014 5771 quo
2035 5702 2334 5772 imperato-

766 5804 858 5849 res
883 5792 1265 5868 alloquebatur
1291 5793 1559 5857 Justinus.
1593 5794 1729 5855 Illud
1751 5811 1887 5871 opus
1915 5795 2179 5857 adversus
2216 5798 2331 5857 bae-

2425 3279 2653 3333 tnonitio
2681 3279 2810 3348 quid
2847 3280 3080 3333 sentiam
3101 3282 3345 3349 exponit.
3380 3280 3487 3337 Sed
3513 3281 3731 3337 Eusebii
3754 3292 4015 3354 tempore

2426 3371 2595 3424 multa
2630 3372 2862 3441 genuina
2895 3372 3212 3439 exstabant,
3245 3388 3368 3443 qua:
3397 3388 3497 3428 nec
3527 3375 3597 3429 ab
3628 3373 3870 3430 Eusebio
3909 3390 4013 3430 re-

2423 3475 2745 3531 censentur,
2790 3479 2967 3532 neque
3017 3464 3084 3516 ad
3128 3480 3227 3519 nos
3266 3475 3662 3535 pervenerunt.
3706 3467 3799 3521 Sic
3849 3471 4011 3524 enim

2425 3556 2667 3625 loquitur
2692 3575 2706 3609 :
2734 3556 2969 3609 Πλεῖπα
2999 3556 3055 3609 δὲ
3088 3558 3181 3610 καὶ
3211 3558 3372 3629 ἕτερα
3404 3559 3554 3629 παρὰ
3598 3560 3811 3623 πολλοῖς
3840 3561 4017 3632 φέρε-

2422 3664 2513 3700 ται
2564 3646 2815 3717 ἀδελφοῖς
2851 3650 2959 3701 τῶν
3003 3649 3170 3703 αὑτοῦ
3211 3651 3411 3703 πόνων.
3451 3668 3469 3701 t
3507 3652 3742 3706 Exstant
3777 3661 3833 3707 et
3888 3652 4009 3707 alia

2424 3739 2656 3807 plurima
2696 3742 2838 3810 apud
2888 3742 3094 3796 multos
3144 3742 3342 3797 fratres
3372 3742 3518 3797 illius
3564 3743 3768 3799 laboris
3804 3760 4014 3799 monu-

2424 3842 2633 3886 menta.
2672 3852 2690 3884 ι
2723 3832 2780 3885 In
2813 3833 2899 3886 bis
2926 3848 3028 3887 nec
3066 3833 3428 3904 Apocalypsis
3460 3835 3881 3905 explicationem
3908 3855 4014 3891 nu-

2425 3926 2742 3981 merandam
2772 3926 3022 3983 duxerim
3058 3925 3223 3995 (hanc
3247 3926 3660 3983 euimJustinus
3692 3938 3747 3982 et
3769 3928 4013 3985 lreuaaus

2428 4017 2774 4085 interpretati
2809 4017 3091 4080 dicuntur,
3118 4018 3245 4084 quia
3273 4017 3535 4073 nonnulla
3563 4019 3681 4074 loca
3710 4019 4012 4076 occasione

2426 4108 2551 4164 data
2574 4107 2986 4178 explanarunt),
3023 4125 3126 4163 nec
3156 4112 3603 4164 commentarium
3624 4110 3679 4163 in
3708 4109 4012 4166 Hexaeme-

2425 4216 2543 4267 ron,
2574 4215 2676 4256 nec
2709 4200 2904 4255 librum
2935 4201 3011 4255 De
3042 4203 3444 4266 resurrectione,
3480 4203 3546 4254 de
3582 4204 3784 4272 quibus
3808 4204 3861 4257 in
3893 4205 4013 4270 Ap-

2428 4294 2673 4365 pendicis
2704 4296 2940 4349 secunda
2984 4306 3140 4364 parte
3164 4296 3398 4364 egimus,
3453 4310 3551 4350 nec
3598 4295 3821 4349 citatum
3864 4314 3893 4349 a
3942 4300 4009 4350 ὃ.

2426 4384 2907 4451 Maxitno,tom.ll,
2939 4403 3060 4455 pag.
3091 4388 3213 4452 154,
3245 4386 3546 4440 Tractatum
3571 4387 3635 4440 de
3658 4385 4015 4443 Providentia

2428 4491 2474 4535 et
2506 4480 2610 4548 ﬁde
2629 4481 2878 4535 adversus
2907 4478 3266 4543 Euphrasium
3298 4480 3607 4547 saphistam.

2507 4595 2572 4649 V.
2602 4596 2673 4649 At
2722 4596 2863 4650 idem
2900 4594 3005 4649 dici
3062 4609 3169 4648 non
3216 4604 3399 4664 potest
3447 4597 3515 4648 de
3550 4595 4008 4662 praestantissima

2430 4690 2496 4744 ad
2522 4690 2838 4760 Diognetum
2868 4689 3114 4759 epistola,
3149 4702 3309 4756 quam
3347 4686 3561 4741 Iustino
3606 4686 3852 4740 tribuunt
3876 4701 4009 4742 eruo

2429 4782 2527 4835 diti
2561 4798 2666 4836 non
2698 4785 2875 4851 pauci,
2903 4781 3031 4835 aliis
3077 4779 3487 4849 refragantibus
3517 4788 3574 4831 et
3603 4779 3725 4849 styli
3768 4794 3831 4831 ac
3863 4786 4009 4833 tent—

2428 4889 2623 4943 porum
2666 4873 2960 4928 discrimen
3002 4872 3406 4939 objicientihus.
3453 4871 3714 4938 Equidem
3762 4874 3869 4925 etsi
3908 4889 4007 4927 ne-

2431 4968 2561 5019 mini
2593 4967 2849 5031 concedo,
2881 4967 2973 5035 qui
3010 4972 3179 5035 magis
3199 4975 3353 5018 aveat
3374 4963 3570 5019 Justini
3597 4964 3807 5019 nomini
3833 4967 4007 5020 decus

2432 5063 2535 5115 hoc
2560 5060 2762 5114 eximio
2779 5074 2946 5129 opere
2974 5061 3197 5125 addere,
3230 5074 3337 5113 non
3382 5059 3434 5113 ei
3466 5067 3573 5111 tam
3614 5068 4007 5111 asseveranter

2432 5151 2560 5206 illud
2592 5150 2897 5214 tribuerim,
2926 5163 3087 5217 quam
3106 5149 3215 5202 alia
3234 5163 3420 5217 opera,
3444 5163 3564 5217 quae
3584 5150 3731 5204 etab
3761 5147 4010 5217 antiquis

2435 5253 2735 5299 memorata
2782 5252 2929 5306 sunt,
2973 5250 3030 5297 et
3071 5256 3171 5295 sua
3210 5250 3405 5309 sponte
3444 5240 3711 5311 plurimas
3757 5241 4007 5309 parentis

2431 5335 2514 5387 sui
2546 5344 2704 5387 notas
2746 5332 3012 5387 referunt.
3050 5329 3235 5400 Neque
3262 5330 3436 5385 etiam
3467 5331 3577 5385 illis
3609 5329 3879 5384 assentiar
3905 5334 4005 5392 qui

2434 5425 2573 5480 hanc
2595 5425 2874 5493 epistolam
2897 5422 3131 5488 Justino,
3165 5433 3224 5477 ut
3260 5424 3404 5477 artati
3441 5422 3748 5492 apostolicae
3779 5418 4005 5489 propio-

2439 5531 2574 5579 rem,
2607 5518 2822 5587 penitus
2847 5516 3179 5588 abjudicant.
3200 5515 3255 5571 Si
3278 5516 3409 5586 styli
3442 5515 3829 5570 dissimilitudo
3848 5518 4006 5568 exci-

2434 5612 2833 5679 piatur,c:etera
2848 5611 2979 5664 satis
2998 5619 3320 5680 congruent,
3333 5618 3388 5661 et
3399 5608 3682 5662 sententiae
3694 5619 3745 5660 et
3762 5618 4002 5675 tempus.

2507 5704 2623 5757 Non
2654 5704 2829 5757 solum
2863 5702 3105 5771 epistolae
3134 5700 3201 5755 ad
3244 5702 3561 5770 Diognetum
3598 5700 3737 5753 idem
3776 5698 3890 5752 fere
3918 5713 4009 5755 est

2437 5798 2720 5857 exordium
2760 5810 2823 5854 ac
2866 5794 3261 5853 Cohortationis
3305 5795 3375 5849 ad
3419 5791 3653 5854 (ἔνατος.
3694 5791 3788 5847 sed
3830 5792 4008 5851 etiam
