4120 6468
159 422 268 477 ’25

1153 419 1218 479 D.
1258 419 1520 476 MABANI
1556 417 1950 478 PREFATIO.
1985 451 2055 460 -
2083 419 2263 476 PARS
2296 421 2386 478 Ill.

3315 419 3418 474 126

162 545 425 599 nonnulla
460 547 562 600 alia
593 553 892 601 occurrunt
917 559 1065 600 num.
1095 542 1128 599 6
1159 553 1212 599 et
1233 544 1505 612 'l,quibus
1533 543 1733 599 similia
1763 546 1810 602 Α
1838 543 1984 597 stino
2001 543 2345 612 antiquioris.
2370 541 2700 596 Accuratior
2731 540 2835 596 erit
2856 539 3258 610 interpretatio,
3277 541 3319 591 si
3342 542 3413 595 ita

163 639 528 692 indicavimus
550 639 748 692 Justini
771 639 912 692 loca.

232 731 660 802 Tillemoatium,
691 733 780 802 qui
811 733 1017 800 primus
1041 733 1180 786 hanc
1208 732 1491 801 epistolam
1514 729 1728 783 Iustino

158 822 519 893 abjudicavit,
549 826 600 878 in
632 828 774 880 hanc
797 825 1125 879 sententiam
1161 823 1505 878 adduxerunt
1530 832 1727 892 praeter

157 914 286 984 styli
317 914 841 980 dissimilitudinem,
886 916 1161 969 nonnullae
1186 917 1365 969 aetatis
1395 914 1606 968 Justino
1630 930 1723 968 su-

157 1007 394 1071 perioris
437 1022 599 1070 noue,
665 1007 808 1062 velut
861 1008 948 1061 illa
979 1007 1228 1078 Diogneti
1263 1007 1517 1076 quazstio,
1556 1009 1664 1064 n.I
1705 1024 1718 1059 :

156 1093 269 1145 Cur
292 1111 486 1148 nouum
513 1095 606 1148 hoc
634 1112 795 1165 genus
828 1104 922 1150 aut
958 1098 1262 1151 institutum
1285 1095 1719 1150 Christianorum

157 1187 211 1233 in
231 1187 659 1239 consuetudinem
685 1190 853 1239 uenire
877 1203 1013 1239 nunc
1053 1187 1264 1254 coeperit
1289 1201 1352 1238 ac
1386 1201 1492 1238 non
1522 1186 1668 1254 prius
1701 1199 1720 1236 .'

151 1275 354 1329 deinde
383 1276 545 1329 etiam
569 1277 709 1345 quod
740 1277 1055 1331 existimare
1076 1273 1248 1329 Judaei
1272 1275 1555 1340 dicuntur,
1580 1292 1637 1330 n.
1662 1276 1717 1341 5,

152 1383 208 1418 se
226 1385 319 1434 per
342 1373 648 1438 sanguinein
675 1378 722 1422 et
741 1369 974 1421 nidorem
995 1378 1044 1422 et
1073 1369 1386 1423 holocausta
1413 1369 1590 1438 facere
1611 1368 1718 1425 Deo

154 1457 415 1524 sacriﬁcia
437 1467 488 1510 et
519 1458 598 1510 his
628 1473 743 1510 eum
768 1458 1053 1512 honoribus
1077 1475 1269 1512 ornare
1291 1475 1310 1514 :
1339 1460 1455 1528 ipse
1482 1459 1720 1529 denique

149 1546 508 1613 apostolorum
534 1547 785 1614 discipuli
813 1548 1026 1616 titulus,
1060 1563 1223 1619 quem
1242 1549 1345 1605 sibi
1375 1559 1573 1607 auctor
1601 1551 1715 1620 epi-

145 1638 302 1692 stolae
333 1640 520 1702 sumit,
550 1654 605 1692 n.
635 1639 720 1696 ll.

214 1727 335 1784 Non
358 1728 596 1784 diﬁicilia
621 1738 748 1784 sunt
785 1731 852 1785 ad
895 1732 1215 1788 solvendum
1243 1751 1366 1804 quin
1400 1739 1480 1792 vir
1504 1738 1713 1794 doctis-

141 1819 312 1876 simus
348 1822 556 1889 objicit,
594 1833 650 1876 ut
681 1822 820 1878 hanc
857 1824 1145 1894 epistolam
1174 1825 1389 1885 Justino
1435 1832 1712 1901 antiquio-

143 1929 254 1967 rem
286 1928 407 1968 esse
433 1917 641 1984 probet.
672 1918 779 1970 Cur
806 1917 950 1972 enim
976 1915 1175 1974 Justini
1193 1936 1308 1976 avo
1332 1923 1522 1992 religio
1551 1924 1711 1977 (ibri-

140 2005 314 2058 stiana
351 2020 454 2059 non
485 2007 769 2060 admodum
803 2011 1299 2078 recensvideretur,
1329 2029 1455 2068 cum
1497 2015 1710 2070 Tertul-

141 2096 314 2149 Ilanus
343 2095 564 2161 dixerit,
606 2096 855 2153 Hesterni
890 2114 1072 2156 sumus
1113 2101 1287 2173 (Apol.
1318 2119 1438 2174 cap.
1464 2102 1592 2178 37)?
1613 2106 1709 2162 Ju-

136 2187 308 2240 stinus
349 2188 464 2256 ipse
499 2189 552 2241 in
584 2189 734 2256 Apol.
788 2192 839 2257 l,
872 2209 927 2246 ιι.
961 2193 1054 2257 63,
1091 2195 1281 2249 eadem
1315 2197 1565 2265 loquendi
1621 2218 1706 2254 ra-

141 2277 285 2332 tione
315 2278 502 2332 utitur.
553 2279 645 2331 Ait
675 2280 818 2334 enim
857 2279 1040 2335 Iesum
1081 2281 1371 2348 Christum,
1407 2303 1522 2338 cum
1549 2297 1705 2345 antea

148 2367 368 2423 Verbum
384 2381 538 2436 esset,
570 2389 633 2428 ac
659 2374 813 2427 modo
837 2375 890 2428 in
910 2377 1078 2442 specie
1117 2376 1273 2445 ignis,
1301 2377 1455 2430 modo
1479 2378 1532 2430 in
1562 2381 1701 2433 ima-

133 2465 248 2527 gine
271 2463 591 2533 incorporea
632 2465 776 2518 uisus
796 2477 924 2519 esset
954 2482 1008 2518 :t
1049 2483 1190 2520 nunc
1216 2467 1498 2525 voluntate
1526 2469 1703 2528 Patris

131 2569 228 2621 pro
257 2556 531 2609 hominum
560 2570 759 2626 genere
790 2558 1061 2612 hominem
1093 2558 1318 2622 factum,
1359 2579 1376 2610 ι
1409 2560 1504 2614 νῦν
1535 2562 1591 2614 δὲ
1613 2564 1702 2616 διὰ

131 2647 428 2718 θελήματος
462 2648 595 2702 Θεοῦ
630 2649 769 2719 ὑπὲρ
793 2648 884 2701 τοῦ
906 2649 1245 2720 ἀνθρωπείου
1277 2651 1468 2720 γένους
1486 2653 1698 2724 ἄνθρωυ

131 2756 226 2802 mc
255 2741 564 2809 γενόμενος.

197 2830 474 2884 Sacriﬁcia
495 2831 709 2900 quidem
728 2829 895 2885 Judzei
919 2833 1114 2889 oﬁ‘erre
1143 2837 1422 2890 desierunt
1454 2847 1576 2907 post
1608 2855 1699 2893 ur-

129 2923 211 2979 bis
232 2931 283 2977 et
304 2924 486 2991 templi
508 2940 649 2978 anno
665 2925 734 2979 70
751 2926 979 2979 excidia.
1012 2926 1119 2980 Sed
1152 2938 1332 2981 tamen
1364 2944 1486 2982 cnm
1507 2941 1700 2984 auctor

126 3015 362 3083 cpistola:
391 3016 517 3084 quid
565 3017 1023 3073 intersitJudaeos
1075 3020 1216 3074 inter
1265 3029 1319 3073 et
1355 3021 1697 3077 Christianos

123 3116 375 3174 exponat,
401 3123 504 3161 non
527 3107 798 3161 immerito
821 3108 872 3160 in
898 3107 1098 3164 Judzcis
1121 3119 1448 3177 aspernatur
1471 3121 1694 3165 cruenta

1833 634 2120 688 reddamus
2138 651 2155 687 :
2178 632 2378 687 Factus
2396 632 2756 698 apostolorum
2780 631 3166 700 discipulus,/io
3182 632 3413 699 gentium

1828 727 2031 780 doctor.
2062 724 2129 780 Ut
2157 724 2391 780 doctoris
2418 725 2654 795 gentium
2681 725 2751 777 ita
2785 737 2839 778 et
2861 722 3110 792 discipuli
3138 721 3411 791 apostolo-

1829 832 1948 870 rum
1985 815 2176 870 titulus
2208 817 2395 870 stricte
2431 815 2654 886 intelligi
2688 830 2792 869 non
2833 813 3010 868 debet.
3051 813 3120 868 Ut
3136 814 3408 868 doctorem

1826 925 1884 964 se
1909 909 2145 979 gentium
2172 927 2274 963 non
2294 908 2430 968 dicit
2454 908 2524 962 ob
2547 907 2788 962 muneris
2821 906 3167 976 dignitatem,
3209 905 3314 960 sed
3339 905 3409 958 ob

1824 1001 2062 1059 studium
2097 1001 2456 1071 praedicanda:
2486 998 2782 1064 doctrinas,
2813 999 2883 1051 ita
2920 1008 3144 1066 accepta
3177 997 3245 1050 ab
3270 1012 3403 1065 apo-

1823 1095 1975 1150 stolis
2004 1093 2315 1163 disciplina,
2346 1107 2452 1147 non
2481 1092 2640 1152 illum
2672 1092 2896 1147 honoris
2950 1090 3173 1145 titulum.
3198 1088 3407 1159 signiti-

1823 1192 1933 1248 cat,
1965 1182 2056 1252 qui
2102 1191 2230 1238 tunc
2283 1193 2482 1251 magno
2523 1181 2574 1234 in
2610 1180 2783 1249 pretio
2827 1190 2970 1243 erat,
3019 1179 3110 1234 sed
3149 1177 3405 1232 omnibus

1820 1274 2124 1330 communis
2154 1283 2236 1328 est
2279 1273 2589 1343 quicunque
2640 1273 2838 1342 spretis
2891 1272 3229 1342 phiIOSOpltis
3269 1287 3405 1340 pra:-

1819 1367 2050 1421 dicatam
2101 1366 2170 1420 ab
2223 1365 2481 1436 apostolis
2525 1365 2686 1419 ﬁdem
2739 1364 2978 1432 amplexi
3015 1374 3164 1420 sunt.
3200 1363 3403 1419 Omnes

1817 1459 1961 1512 enim
2010 1457 2205 1512 invitat
2238 1466 2425 1512 auctor
2463 1456 2727 1527 epistola),
2774 1467 2834 1510 ut
2880 1454 3022 1510 idem
3073 1455 3399 1511 beneficium

1816 1557 1871 1602 et
1896 1549 2158 1603 honorem
2193 1557 2624 1617 consequantur.
2663 1565 2682 1598 ι
2716 1546 2846 1614 Quae
2878 1547 3076 1601 tradita
3105 1554 3232 1601 sunt
3267 1546 3397 1601 mihi

1815 1639 2164 1694 subministro
2196 1639 2261 1694 iis
2308 1639 2401 1710 qui
2449 1639 2694 1708 discipuli
2726 1639 2863 1692 fiunt
2899 1639 3045 1708 digni
3082 1638 3334 1694 veritate.
3373 1658 3394 1692 ι

1814 1729 1930 1784 Non
1962 1731 2071 1785 alio
2119 1746 2281 1786 sensu
2323 1733 2565 1802 epistolae
2601 1730 2786 1786 Basilii
2835 1730 2943 1786 355
2983 1741 3198 1792 auctor,
3237 1745 3400 1801 quem

1813 1819 2069 1877 Basilium
2103 1836 2226 1876 esse
2273 1837 2378 1876 non
2418 1830 2570 1889 puto,
2619 1822 2944 1889 piscatorum
2980 1821 3303 1889 discipulum
3341 1835 3402 1876 se

1818 1925 1942 1966 esse
1989 1912 2293 1980 proﬁtetur.
2355 1913 2496 1967 Ideni
2535 1911 2780 1982 proﬁteri
2831 1911 2987 1966 licuit
3027 1912 3266 1967 Justino.
3300 1911 3400 1977 Ni,-

1813 2001 1890 2058 bil
1939 2017 2070 2071 ergo
2117 2002 2169 2056 in
2218 2005 2320 2057 hac
2368 2002 2620 2072 epistola,
2661 2002 2808 2070 quod
2844 2015 2969 2054 cum
3010 2009 3168 2055 :etate
3196 1999 3397 2056 Iustini

1810 2110 1919 2150 non
1943 2097 2206 2164 quadret;
2255 2095 2366 2150 imo
2416 2095 2480 2148 ad
2532 2094 2885 2163 apostolicam
2934 2103 3148 2148 aetatem
3204 2093 3396 2171 referri

1809 2201 1913 2239 non
1946 2195 2127 2255 potest
2148 2186 2376 2255 apostoli
2415 2186 2624 2251 titulus,
2658 2185 2762 2240 sub
2799 2201 2908 2256 quo
2937 2185 3140 2240 Paulus
3175 2186 3398 2240 nomine

1809 2279 1974 2332 tacito
2009 2277 2324 2347 designatur
2392 2293 2540 2331 num.
2581 2278 2668 2332 η.
2721 2278 2852 2332 Sine
2878 2277 2984 2331 ulla
3037 2294 3259 2344 prorsus
3303 2294 3397 2333 ra-

1809 2370 1956 2424 tione
2005 2369 2147 2422 bunc
2186 2369 2387 2430 locum,
2420 2370 2527 2423 imo
2555 2381 2857 2423 extremam
2910 2372 3152 2440 epistolae
3185 2380 3394 2441 partem

1806 2459 1874 2513 ab
1895 2461 1977 2514 his
1995 2460 2170 2514 verbis
2192 2455 2345 2524 οὗτος
2366 2464 2393 2513 ὁ
2414 2462 2507 2514 ἀπ’
2525 2460 2722 2531 ἀρχῆς,
2743 2461 2809 2514 ab
2831 2461 2937 2515 alio
2956 2471 3195 2516 assutatn
3217 2460 3396 2530 suspi-

1804 2563 1962 2605 catur
2005 2551 2418 2614 Tillemoutius;
2461 2567 2772 2620 quanquam
2823 2554 2960 2606 hanc
3011 2551 3386 2621 conjecturam

1805 2659 1910 2697 non
1947 2659 2098 2698 suam
2132 2643 2280 2707 facit,
2308 2644 2401 2695 sed
2438 2642 2652 2695 erudito
2681 2642 2817 2707 viro,
2854 2657 3014 2710 quem
3065 2656 3172 2695 non
3205 2640 3391 2710 appel-

1806 2738 1903 2798 lat,
1934 2746 2215 2804 acceptam
2254 2734 2439 2789 refert.

1877 2827 2165 2881 Existimat
2199 2828 2336 2880 idem
2371 2827 2718 2881 doctissimus
2764 2825 3018 2896 scriptor,
3065 2825 3279 2880 etiamsi
3320 2839 3389 2879 ea

1801 2914 2085 2967 solvantur
2128 2929 2247 2982 quas
2298 2914 2514 2980 objerit,
2573 2916 2744 2982 ipsam
2793 2914 2919 2985 styli
2965 2914 3389 2980 discrepantiam

1800 3005 1934 3059 satis
1963 3006 2265 3073 argumenti
2301 3003 2562 3065 futuram,
2597 3020 2694 3057 cur
2728 3003 2832 3058 hoc
2864 3019 3001 3071 opus
3028 3001 3245 3058 Iustine
3279 3019 3389 3058 non

1803 3097 2089 3149 tribuatur.
2129 3094 2279 3147 llaud
2310 3097 2486 3148 dicam
2519 3094 2773 3162 equidem
2804 3109 2890 3148 me
2932 3096 3037 3148 liac
3071 3094 3389 3150 diﬁcultate

127 3195 210 3250 illa
267 3197 584 3250 animalium
632 3198 932 3263 sacriﬁcia,
977 3213 1098 3268 qua:
1144 3209 1199 3253 et
1243 3199 1454 3255 Judaici
1513 3203 1691 3257 cultus
1720 3215 1765 3284 ο
1799 3187 1988 3242 Ῑθνίῑθι·
2027 3187 2361 3284 ιξιονοτί-ς-ϐι
2392 3187 2607 3284 idcirco
2641 3201 2764 3284 cum
2819 3186 3384 3284 incertus‘hzcr-eremo

125 3303 244 3357 pars
282 3299 440 3342 erant
482 3287 730 3356 insignis,
761 3298 815 3343 et
863 3290 963 3343 sibi
995 3303 1091 3359 per
1129 3293 1235 3345 vim
1278 3301 1460 3363 erepta
1497 3292 1692 3359 Judei,

125 3381 169 3432 si
193 3380 372 3434 minus
403 3395 522 3445 usu,
551 3382 738 3435 saltem
770 3384 946 3437 animo
973 3395 1028 3438 et
1057 3383 1333 3439 voluntate
1366 3386 1689 3443 retinebant.

122 3470 372 3526 Pluribus
407 3473 530 3528 aliis
569 3475 796 3541 contigit
834 3473 1051 3529 Judazos
1095 3475 1285 3532 eodem
1321 3478 1478 3532 modo
1509 3477 1691 3545 exagi-

125 3577 259 3619 tare.
291 3567 353 3620 ὃ.
387 3564 601 3619 Phileas
627 3576 833 3636 martyr
865 3569 929 3621 de
955 3567 1156 3623 Iudaeis
1179 3568 1258 3623 sic
1289 3569 1549 3638 loquitur,
1574 3571 1689 3624 Act.

121 3665 314 3720 nam,
361 3670 414 3724 p.
462 3654 565 3708 ιιι
597 3675 610 3708 ;
647 3675 665 3706 ι
707 3655 848 3711 Solis
895 3656 1098 3711 Judaeis
1144 3667 1472 3727 praeceptum
1517 3660 1693 3714 fuerat

121 3747 427 3801 sacriﬁcare
480 3748 591 3802 Deo
633 3749 731 3802 soli
783 3748 835 3801 in
866 3748 1255 3821 Hierosolyma.
1301 3749 1454 3805 Nunc
1507 3763 1688 3807 autem

120 3847 344 3905 peccant
365 3836 535 3892 Judaei
566 3839 617 3893 in
650 3838 783 3894 locis
813 3839 935 3894 aliis
978 3839 1242 3896 solemnia
1280 3857 1377 3897 sua
1410 3843 1692 3898 celebran-

123 3942 215 3984 tes.
252 3948 272 3982 ι
309 3928 575 3985 Eusebius
641 3931 694 3984 in
729 3932 917 4001 psalm.
959 3947 1083 3994 va,
1133 3949 1186 3986 n.
1233 3933 1334 3997 l5,
1379 3933 1688 3989 Judaeorum

123 4018 304 4072 irridet
351 4019 561 4087 ineptas
602 4018 829 4086 fabulas,
885 4021 1053 4075 Deum
1093 4023 1296 4076 scilicet
1343 4024 1687 4093 holocaustis,

121 4109 473 4176 thy-inmotis
501 4127 708 4164 sensum
744 4113 1083 4175 moventibus,
1114 4124 1203 4166 out
1247 4116 1497 4183 arietum,
1533 4117 1689 4170 boum

119 4213 162 4251 et
208 4201 477 4252 hircorum
525 4202 780 4271 sanguine
820 4204 1090 4259 delectari.
1138 4203 1382 4260 Julianus
1434 4207 1574 4276 apud
1626 4206 1684 4263 S.

119 4289 370 4359 Cyrillum
416 4292 598 4355 Alex.,
634 4292 728 4352 lib.
775 4309 855 4358 tu,
899 4309 952 4364 p.
987 4296 1112 4361 305,
1153 4297 1354 4364 quarit
1392 4313 1490 4350 cur
1525 4297 1688 4352 Citri-

119 4383 273 4436 stiani
303 4399 408 4438 non
433 4383 624 4438 saltem
657 4383 767 4439 Deo
793 4387 1126 4442 sacrificent.
1154 4387 1445 4443 Contendit
1469 4387 1687 4445 iudices

119 4475 408 4528 etiamnum
435 4477 747 4531 sacriﬁcare
773 4478 824 4531 in
854 4480 1105 4534 domibus
1131 4483 1244 4535 suis
1267 4491 1320 4536 et
1342 4483 1556 4551 precari
1586 4497 1687 4536 an~

120 4577 330 4634 thuam
369 4569 710 4633 sacriﬁcent,
755 4581 807 4625 et
863 4573 1111 4626 dextrum
1157 4589 1368 4628 armum
1416 4577 1688 4645 primitias
1719 4568 1764 4623 D
1797 4554 1913 4602 ωτθ
1941 4563 2071 4602 usus
2100 4556 2205 4605 θεία

119 4659 240 4712 dare
287 4661 693 4725 sacerdotibus;
739 4664 830 4716 sed
876 4665 1098 4719 orbatos
1149 4667 1348 4734 templo
1395 4679 1451 4722 et
1499 4668 1687 4731 altari,

119 4763 220 4816 aut,
261 4763 323 4806 ut
352 4754 515 4821 vulgo
560 4755 857 4823 appellant,
897 4760 1230 4822 sanctuario,
1268 4761 1512 4827 impediri
1551 4775 1686 4829 quo.

119 4846 286 4898 minus
320 4842 431 4898 Deo
463 4845 797 4899 victimarum
840 4849 1111 4915 primitias
1151 4849 1400 4903 oll‘erant.
1449 4851 1684 4907 Hilarius

119 4937 188 4987 sic
222 4937 290 4989 de
317 4935 512 4990 iisdem
541 4937 593 4990 in
611 4934 973 5004 psalm.i.vnt.
1022 4955 1075 4992 n.
1127 4942 1193 4994 I2
1223 4959 1235 4994 :
1275 4959 1295 4993 ι
1330 4941 1432 4996 Per
1469 4945 1679 4998 diversa

119 5029 345 5094 speciem
384 5028 677 5082 sacerdotii
722 5029 868 5086 illius
910 5033 1140 5097 legitimi
1181 5044 1236 5087 et
1287 5035 1585 5089 bolocausti
1629 5047 1683 5090 et

118 5120 541 5174 circamcisionis
572 5120 891 5179 imitantur:
928 5139 1050 5177 cum
1103 5127 1219 5181 tunc
1255 5136 1458 5182 tantum
1489 5126 1557 5201 [Γ.
1597 5139 1681 5183 ta-

120 5213 254 5286 men]
284 5213 505 5268 nonnisi
534 5216 677 5270 intra
695 5216 1116 5289 Hierosolymam
1129 5221 1240 5275 sint
1276 5219 1513 5288 legitima
1545 5237 1678 5277 con-

119 5317 317 5364 stituta.
351 5323 370 5358 ι

175 5398 452 5455 Immerito
478 5398 853 5456 Tillemontius
882 5402 996 5456 haec
1021 5403 1262 5471 epistolae
1294 5406 1458 5460 verba
1489 5425 1502 5459 :
1547 5405 1678 5461 Cum

120 5493 464 5550 apostolorum
505 5492 696 5557 fuerint
741 5495 1054 5563 discipulus,
1085 5497 1158 5564 ﬁo
1196 5500 1426 5566 gentium
1470 5502 1675 5568 doctor,

120 5582 341 5638 hominis
365 5599 489 5638 esse
519 5595 674 5651 putat
693 5590 760 5641 ab
789 5587 920 5654 ipsis
946 5590 1206 5657 apostolis
1233 5591 1463 5647 instituti
1495 5611 1559 5650 ac
1585 5595 1680 5650 Ju-

175 5696 246 5774 (l)
279 5694 477 5774 βάρει
509 5699 869 5778 certissimum
905 5717 1007 5778 non
1047 5712 1130 5755 est
1157 5703 1349 5760 Justini
1382 5724 1537 5777 opus.
1571 5710 1678 5763 imo

121 5772 422 5849 Eritissitne,
446 5772 690 5849 unanimi
718 5772 841 5849 fere
861 5775 1128 5849 editorum
1152 5772 1531 5849 consensuqui
1556 5791 1690 5848 post.

123 5832 168 5887 D.
191 5835 465 5909 Horatium
495 5840 596 5893 hoc
618 5843 935 5907 opusculum
964 5846 1252 5904 recudendi
1281 5832 1471 5903 curaui
1489 5832 1676 5909 ’siuiéél

122 5919 314 5974 perunt,
342 5906 411 5961 ab
459 5924 575 5978 Ipso
625 5906 1065 5980 abiudicanilum.
1103 5912 1235 5972 Vide
1285 5906 1673 5992 Prolegomena

1800 3294 1978 3347 neque
2020 3278 2085 3332 de
2118 3278 2370 3347 operibus
2414 3275 2609 3331 Justini
2643 3277 2927 3347 epistolam
2971 3276 3234 3348 disjunxi,
3291 3291 3390 3332 nc-

1799 3387 1905 3440 qne
1955 3385 2020 3425 eo
2076 3371 2193 3425 loco
2237 3370 2520 3436 collocavi,
2550 3373 2640 3439 qui
2677 3373 2725 3424 ei
2775 3371 3104 3426 tribuendus
3158 3369 3386 3432 fuisset.

1799 3464 1843 3517 si
1878 3462 2246 3517 certissimum
2277 3473 2422 3516 esset
2456 3460 2654 3516 Justini
2681 3477 2817 3530 opus
2852 3461 2951 3532 (l).
2987 3461 3043 3514 Si
3085 3463 3208 3529 quis
3235 3462 3381 3516 enim

1796 3551 2092 3616 'Justinum,
2127 3559 2185 3605 ut
2220 3555 2272 3607 in
2303 3551 2674 3607 Cohortatione
2713 3552 2885 3620 magis
2915 3553 3135 3622 elegans
3165 3552 3381 3606 dicendi

1797 3656 1991 3712 genus,
2021 3655 2184 3710 quam
2240 3641 2293 3694 in
2339 3640 2461 3694 aliis
2504 3641 2778 3708 operibus,
2812 3649 3034 3694 secutus
3076 3647 3181 3705 est,
3217 3638 3292 3692 ita
3326 3639 3380 3692 in

1795 3733 1896 3787 hac
1925 3732 2152 3801 epistola
2181 3733 2416 3786 maxime
2464 3731 2684 3799 elegans
2733 3743 2799 3784 ac
2859 3727 3386 3800 maxime’sublime

1795 3832 2039 3878 secutum
2085 3835 2210 3877 esse
2256 3821 2421 3886 velit;
2477 3818 2763 3874 referenda
2826 3819 2934 3873 erit
2971 3819 3038 3873 ad
3084 3817 3381 3889 primordia

1794 3913 2189 3978 conversionis,
2219 3922 2275 3966 et
2314 3911 2590 3980 antiquior
2638 3910 2998 3965 existimanda
3025 3925 3186 3979 quam
3233 3909 3381 3978 Apo-

1792 4007 1967 4075 logiaa,
2011 4006 2064 4059 in
2118 4008 2315 4074 quibus
2359 4005 2535 4059 studio
2571 4004 2853 4073 religionis
2895 3999 3244 4060 defendendis
3294 4001 3380 4054 in-

1791 4097 2096 4154 ﬂammatus
2162 4107 2478 4154 ornamenta
2535 4097 2749 4151 dicendi
2818 4095 3042 4150 minime
3109 4101 3375 4148 sectatur.

1790 4186 2043 4242 Pluribus
2073 4186 2301 4242 eruditis
2351 4187 2578 4256 probata
2617 4184 2878 4240 Halloixii
2913 4184 3248 4248 coniectura,
3284 4185 3378 4253 qui

1795 4280 2142 4352 Diognetum,
2170 4281 2236 4334 ad
2267 4294 2429 4349 quem
2469 4277 2671 4347 scripta
2713 4289 2796 4331 est
2818 4277 3066 4346 epistola,
3113 4277 3290 4346 ipsum
3317 4275 3383 4330 il-

1790 4364 1900 4419 lum
1937 4381 2057 4421 esse
2103 4366 2469 4428 existimavit,
2513 4380 2620 4435 quo
2661 4365 2730 4419 Μ.
2759 4365 3012 4420 Aurelius
3043 4364 3378 4434 etpingendi

1793 4455 2054 4522 magistro
2082 4465 2139 4510 et
2169 4456 2394 4509 aliarum
2447 4472 2630 4511 rerum
2679 4456 2836 4526 longe
2869 4454 3156 4510 meliorum
3187 4455 3375 4509 horta-

2395 4618 2624 4675 CAPUT
2679 4617 2770 4675 IV.

1795 4707 1873 4762 De
1912 4709 2084 4776 prima
2135 4707 2197 4782 ξ,
2254 4709 2453 4766 Justini
2498 4713 2754 4782 Apologia
2803 4725 2852 4767 et
2896 4713 3055 4766 trium
3095 4711 3375 4765 criminum

2132 4778 2448 4837 Christianis
2479 4778 2769 4853 animorum
2813 4785 3034 4852 origine.

1792 4868 1828 4917 Ι.
1860 4868 1937 4918 De
1960 4871 2219 4932 praecipuis
2241 4871 2514 4920 Christiano
2561 4872 2746 4921 nomini
2784 4872 2956 4922 ametis
2977 4868 3280 4921 criminibus.
3310 4874 3370 4923 II.

1855 4933 2078 4996 Justinus
2100 4934 2274 4980 missos
2321 4935 2478 4982 refert
2500 4949 2525 4982 a
2550 4936 2734 4984 Judaeis
2762 4941 2874 4996 post
2896 4935 3236 4996 ascensionem
3276 4934 3377 4984 Do-

1854 4995 1974 5041 mini
1995 4995 2204 5055 legatos,
2227 4997 2310 5055 qui
2336 4996 2425 5044 bos
2450 5010 2674 5044 rumores
2715 4994 3028 5058 spargerent.
3072 4994 3154 5043 IIl.
3197 4997 3294 5044 Alii
3325 4998 3374 5046 id

1854 5011 1974 5041 Inlﬂl
1995 5011 2204 5055 legaLOS,
2227 5011 2310 5055 (ιω
2337 5011 2425 5044 nos
2450 5011 2674 5044 rumores
2715 5012 2738 5044 s
2775 5011 3028 5058 περι-ειη.
3072 5011 3154 5043 ιιι.
3197 5011 3294 5044 ⁸ιιιιι
3325 5011 3374 5046 ια

1852 5063 2015 5124 ortum
2039 5068 2156 5124 esse
2195 5058 2366 5124 dicunt
2389 5058 2717 5124 exﬁagitiosa
2739 5011 3084 5124 Baeticorum
3105 5058 3222 5124 vita.
3248 5057 3374 5124 Gon-

1852 5117 2094 5181 cilianturﬁ
2110 5119 2413 5168 dissidentes
2460 5120 2512 5167 in
2544 5117 2778 5181 'speciem
2818 5121 3102 5167 sententiis.
3130 5117 3212 5167 IV.
3239 5121 3372 5169 Ante

1848 5185 2038 5243 captam
2071 5180 2426 5243 ierosotymam
2476 5180 2753 5230 collecanda
2803 5182 3062 5230 criminum
3104 5183 3262 5243 origo.
3311 5181 3369 5232 Υ.

1851 5241 2168 5299 Quandonam
2185 5242 2291 5291 haec
2301 5244 2502 5291 crimina
2524 5243 2723 5292 desiere
2743 5243 2937 5305 jactari.

1854 5323 1894 5377 1.
1931 5323 2124 5378 Odium
2148 5323 2473 5381 Christiana:
2497 5327 2777 5396 religionis
2804 5329 2904 5379 sub
2930 5325 3176 5380 Adriano
3204 5325 3367 5381 Chri-

1782 5415 1977 5470 stianis
2011 5414 2223 5470 favente
2244 5433 2644 5486 compressum,
2684 5433 2897 5486 semper
2929 5418 2981 5472 in
3007 5418 3208 5472 animis
3239 5417 3364 5472 eth-

1787 5509 2030 5562 nicorum
2070 5509 2364 5572 residebat.
2396 5525 2459 5564 ac
2505 5512 2772 5565 violenter
2820 5512 3001 5580 erupit
3044 5512 3145 5566 sub
3193 5513 3366 5566 Anto-

1783 5599 1930 5652 nino.
1984 5598 2140 5652 Nullo
2185 5611 2314 5656 sane
2357 5602 2548 5668 Optimi
2593 5603 2932 5672 imperatoris
2963 5602 3145 5658 edicto
3191 5602 3366 5658 saeviit

1781 5715 1846 5765 ad
1895 5713 2193 5768 editionem
2249 5727 2487 5770 nostram
2531 5716 2692 5785 hujus
2735 5716 3010 5784 Epistolis,
3057 5716 3142 5771 cui
3187 5716 3364 5771 locum

1782 5799 1936 5836 suum
1984 5784 2379 5857 assignavimus
2426 5787 2565 5842 inter
2604 5784 2805 5857 scripta
2840 5786 3061 5840 Patrum
3108 5787 3292 5840 seculi
3321 5803 3364 5854 ι,

1788 5869 1928 5922 quos
1959 5856 2342 5922 complectitur
2369 5856 2933 5915 collectionis’uostrae
2959 5867 3137 5913 tomus
3166 5871 3364 5914 secun-

1791 5927 1910 5978 dus.
1951 5924 2107 5980 Enn.
2155 5925 2322 5982 ΡΑτιι.
