4120 6412
733 377 840 438 H7

1670 379 1730 437 ὃ.
1761 379 2098 438 JUSTINL'S
2130 380 2609 441 PHILOSOPHUS
2647 385 2733 439 ET
2770 384 3079 440 MARTYR.

3885 393 3992 451 128

729 506 1065 572 persecutio,
1094 505 1188 559 sed
1220 518 1341 557 eam
1390 502 1638 557 videntur
1686 502 1989 558 incendisse
2036 506 2290 573 populare

2394 562 2395 565 η
2425 526 2575 560 καιον
2608 507 2911 579 ἄνθρωπον,
2943 510 3009 561 δι’
3043 502 3103 561 οὗ
3149 506 3257 560 τῶν
3300 508 3581 579 μωλώπων
3609 508 3751 574 ίασις
3778 511 3990 580 γίνεται

729 597 1015 658 tumultus,
1045 605 1103 649 ut
1132 599 1293 648 modo
1315 592 1614 647 videbimus
1636 608 1700 646 ex
1729 594 1923 646 litteris
1948 594 2221 657 Antonini,
2247 598 2299 648 in

728 691 923 761 primis
950 702 1080 743 vero
1109 696 1313 742 exortre
1344 687 1395 738 in
1434 685 1602 738 variis
1637 685 1848 754 imperii
1876 688 2118 754 partibus
2152 687 2299 741 cala-

728 780 972 839 mitates.
997 792 1137 845 quas
1173 774 1343 830 stulte
1375 774 1810 828 Christianorum
1836 776 2098 845 sanguine
2130 780 2298 833 averti

726 886 891 941 posse
918 870 1233 939 sperabant.
1269 866 1523 921 Pluribus
1543 882 1609 920 ex
1643 866 1775 921 locis
1814 868 2005 921 delatae
2034 868 2303 923 Antonino

727 976 758 1022 a
797 960 1129 1015 Christianis
1161 959 1427 1028 querelae;
1478 973 1576 1012 nec
1624 956 1857 1013 diﬂicilis
1901 957 2003 1012 fuit
2048 960 2113 1012 ad
2160 959 2301 1013 illius

724 1068 890 1109 aures
931 1062 1039 1107 tam
1079 1052 1237 1120 justas
1274 1064 1454 1106 causa
1497 1051 1697 1105 aditus.
1744 1050 1955 1105 Euituit
1992 1052 2097 1105 hac
2145 1052 2197 1105 in
2242 1066 2304 1107 re

724 1144 965 1199 studium
996 1143 1214 1207 Justini,
1246 1144 1334 1212 qui
1366 1156 1489 1195 cum
1540 1141 1723 1196 Romae
1760 1142 2098 1197 domicilium
2133 1142 2302 1196 liabe-

724 1251 829 1295 ret.
863 1237 1181 1306 imperatori
1228 1236 1455 1303 ejusque
1502 1236 1629 1289 ﬁliis
1672 1235 1966 1305 adoptivis,
1990 1245 2044 1293 et
2088 1235 2300 1290 senatui

721 1330 1032 1399 populoque
1063 1329 1310 1383 Romano
1336 1330 1602 1400 insignem
1624 1343 1725 1397 pro
1747 1328 1999 1383 omnibus
2037 1326 2301 1383 Christia-

722 1423 808 1475 nis
835 1421 1144 1489 Apologiam
1171 1422 1385 1475 obtulit.

796 1511 903 1564 Sed
935 1521 1228 1579 antequam
1257 1514 1632 1567 examinemus
1654 1527 1764 1581 quo
1810 1528 1954 1567 anno
1978 1514 2091 1567 hac
2119 1513 2297 1567 oblata

722 1604 999 1671 Apologia,
1026 1618 1190 1657 morae
1212 1604 1447 1671 pretium
1474 1605 1687 1658 videtur
1712 1606 1779 1657 de
1801 1605 2087 1659 calumniis
2111 1615 2297 1658 contra

720 1691 1058 1747 Christianos
1087 1695 1413 1764 exc0gitatis
1436 1710 1606 1763 pauca
1638 1695 1929 1757 disserere,
1958 1704 2014 1749 et
2041 1710 2069 1748 ιι
2102 1696 2298 1763 quibus

722 1785 1036 1839 aucforib‘us
1072 1793 1127 1840 et
1168 1799 1197 1837 a
1224 1801 1333 1854 quo
1367 1796 1609 1854 tempore
1643 1801 1849 1855 sparsas
1888 1786 2086 1839 fuerint
2117 1785 2297 1854 inqui-

2402 602 2512 660 τοῖς
2538 597 2602 650 δι’
2632 599 2791 651 αὐτοῦ
2824 599 2915 651 ἐπὶ
2957 598 3046 651 τὸν
3080 599 3297 670 Πατέρα
3342 598 3768 674 προσχωροῦσιν,
3802 603 3987 674 ἐπειδὴ

2402 688 2674 758 ἐγνώκατε
2715 691 2874 743 αὑτὸν
2912 692 3215 745 ἀναστάντα
3249 694 3313 745 ἐκ
3338 692 3565 763 νεκρῶν,
3595 694 3685 747 καὶ
3709 694 3989 748 ἀναϐάντα

2401 784 2479 845 είς
2513 782 2603 835 τὸν
2637 782 2880 851 οὐρανὸν,
2904 782 2979 845 ὡς
3009 785 3061 835 αἰ
3102 786 3419 856 προφητεῖαι
3448 786 3783 857 προεμήνυον
3823 803 3991 855 γενη-

2406 870 2650 940 σόμενον,
2684 872 2743 924 οὐ
2780 874 2938 943 μόνον
2982 874 3039 925 οὐ
3089 876 3442 945 μετενοήσατε
3480 875 3564 943 ἐφ’
3599 870 3678 939 οἷς
3714 879 3989 948 ἐπράξατε

2401 959 2606 1023 κακῶς,
2638 962 2770 1015 ἀλλὰ
2810 963 3007 1034 ἄνδρας
3040 964 3326 1027 ἐκλεκτοὺς
3365 965 3471 1018 ἀπὸ
3506 966 3862 1037 Ἰερουσαλὴμ
3890 971 3987 1020 ὲκ-

2400 1050 2682 1120 λεεάμενοι
2714 1054 2833 1105 τότε
2880 1033 3217 1123 ἐξεπέμψατε
3259 1058 3338 1117 είς
3373 1056 3550 1107 πᾶσαν
3579 1033 3687 1127 ’τήν
3723 1033 3849 1125 γῆν,
3893 1056 3987 1108 λέ-

2400 1157 2609 1209 γοντες,
2641 1143 2855 1213 αἵρεσιν
2888 1142 3047 1196 ἄθεον
3082 1144 3423 1214 Χριστιανῶν
3464 1144 3780 1215 πεφηνέναι,
3820 1162 3991 1197 κατα-

2402 1233 2650 1301 λέγοντές
2671 1253 2729 1287 τε
2758 1236 2928 1289 ταῦτα
2951 1236 3092 1307 ἆπερ
3118 1236 3234 1289 καθ’
3253 1239 3285 1307 ή
3294 1236 3408 1306 μῶν
3426 1240 3472 1290 oi
3488 1236 3808 1305 ἀγνοοῦντες
3836 1240 3988 1309 ἡμᾶς

2403 1326 2602 1389 πάντες
2630 1326 2897 1393 λέγουσιν.
2927 1328 3087 1379 Ὥστε
3126 1328 3185 1379 οὐ
3216 1328 3375 1397 μόνον
3414 1330 3624 1391 ἑαυτοῖς
3660 1329 3870 1392 ἀδικίας
3901 1331 3989 1383 αἴ-

2402 1434 2506 1471 τιοι
2541 1418 2835 1487 ὑπάρχετε,
2868 1417 3001 1473 ἀλλὰ
3048 1419 3139 1472 καὶ¹
3186 1422 3295 1482 τοῖς
3340 1418 3519 1482 ἄλλοις
3564 1420 3765 1473 ἅπασιν
3798 1420 3990 1484 ἁπλῶς

2399 1507 2721 1579 ἀνθρώποις.
2764 1549 2777 1562 .
2856 1548 2871 1563 .
2949 1549 2967 1566 .
3046 1552 3059 1564 .
3134 1510 3288 1564 Κατὰ
3320 1506 3412 1563 οὖν
3438 1510 3530 1563 τοῦ
3565 1510 3724 1581 μόνου
3750 1511 3986 1582 ἀμώμου

2401 1601 2492 1654 καὶ
2531 1600 2733 1653 δικαίου
2768 1602 2941 1668 φωτὸς
2974 1604 3084 1665 τοῖς
3117 1600 3419 1673 ἀνθρώποις
3463 1602 3800 1671 πεμφθέντος
3831 1604 3990 1676 παρὰ

2399 1691 2493 1745 τοῦ
2523 1691 2679 1755 Θεοῦ,
2713 1693 2779 1745 τὰ
2829 1694 3003 1764 πικρὰ
3048 1695 3141 1746 καὶ
3182 1694 3427 1747 σκοτεινὰ
3476 1694 3567 1746 καὶ
3619 1695 3777 1748 ἄδικα
3816 1712 3991 1749 κατα-

2399 1783 2652 1855 λεχθῆναι
2694 1787 2749 1838 ὲν
2792 1786 2936 1856 πάσῃ
2976 1788 3040 1856 τῇ
3079 1787 3148 1855 γῇ
3200 1785 3584 1838 ἐσπουδάσατε.
3630 1804 3648 1837 ι
3684 1785 3800 1839 Non
3837 1788 3988 1839 enim

719 1890 860 1929 rere.
895 1877 987 1931 Sic
1010 1878 1153 1931 enim
1180 1877 1437 1933 nonnulla
1462 1876 1521 1932 S.
1547 1878 1807 1948 martyris
1845 1877 2151 1931 testimonia
2178 1877 2297 1931 illuo
2328 1858 2374 1916 Β
2402 1874 2615 1941 injuria:
2646 1874 2800 1928 uobis
2830 1884 2885 1929 et
2913 1875 3133 1930 Christo
3158 1874 3500 1930 illalm‘tanta
3548 1879 3601 1928 lu
3653 1876 3776 1929 aliis
3802 1877 3991 1943 genti-

718 1967 1050 2025 strabimus.
1080 1982 1201 2037 qum
1250 1978 1500 2022 notarum
1548 1968 1813 2039 angustia:
1857 1968 2149 2035 explanare
2189 1982 2297 2020 non

716 2056 981 2111 siverunt.
1020 2057 1145 2112 Tria
1181 2060 1525 2129 potissimum
1569 2058 1798 2115 crimina
1827 2053 2297 2114 Cbrlstianis‘aﬂi-

719 2155 855 2200 cta‘:
900 2151 1043 2218 quod
1086 2152 1234 2204 athei
1283 2162 1485 2211 essent,
1513 2150 1658 2220 quod
1708 2150 2033 2219 promiscuis
2080 2150 2297 2221 ﬂagitiis

718 2236 1084 2307 iudulgerent,
1123 2243 1266 2310 quod
1307 2242 1535 2297 infantis
1577 2243 1743 2296 occisi
1791 2257 1984 2296 carnes
2014 2259 2063 2295 tu
2098 2254 2299 2313 myste-

715 2335 819 2390 riis
842 2335 955 2389 suis
982 2345 1258 2390 vorarent.
1298 2334 1488 2405 Magna
1515 2344 1600 2389 est
1644 2336 1809 2389 trium
1855 2335 2068 2389 illorum
2109 2335 2298 2388 crimi-

714 2443 843 2483 num
875 2427 1167 2483 celebritas
1198 2438 1308 2481 tum
1333 2428 1474 2497 apud
1500 2426 1739 2490 Graecos,
1765 2439 1874 2481 tum
1904 2427 2043 2495 apud
2074 2428 2295 2483 Latinos

715 2520 999 2589 religionis
1042 2518 1385 2584 defensores,
1428 2519 1565 2574 adeo
1612 2519 1835 2573 utnulla
1878 2535 2101 2589 prorsus
2146 2521 2295 2591 regio

715 2610 804 2666 his
842 2613 1163 2666 commentis
1204 2625 1310 2665 non
1343 2613 1698 2680 personuisse
1744 2612 2019 2666 videatur.
2064 2612 2143 2666 Ad
2195 2615 2295 2667 bas

713 2700 1065 2771 pervulgatas
1091 2700 1398 2755 calumnias
1429 2703 1548 2757 alia!
1594 2703 1865 2758 nonnulla:
1902 2704 2171 2758 interdum
2202 2719 2294 2758 ae-

711 2801 1015 2847 eesserunt.
1050 2792 1204 2857 Nam,
1234 2801 1295 2846 ut
1315 2794 1564 2848 omittam
1592 2794 1844 2863 magiam,
1888 2794 2045 2862 cujus
2074 2794 2292 2847 nomine

710 2882 1054 2937 Christianos
1092 2894 1313 2938 accusat
1343 2883 1532 2939 Celsus
1570 2886 1709 2955 apud
1734 2885 2051 2954 Origeuem,
2080 2885 2178 2942 lib.
2212 2900 2289 2950 vn,

712 2989 770 3043 p.
802 2974 926 3039 30!,
952 2988 1167 3028 crucem
1212 2975 1298 3028 vel
1334 2976 1500 3029 etiam
1535 2976 1674 3029 asini
1704 2986 1864 3045 caput
1908 2992 2005 3046 pro
2041 2978 2154 3031 Deo
2196 2992 2289 3031 co-

714 3063 829 3121 lere
858 3065 1188 3130 ferebantur,
1224 3066 1415 3121 saltem
1459 3068 1514 3121 in
1554 3067 1759 3134 Africa,
1790 3081 1846 3123 ut
1876 3085 1940 3124 ex
1974 3070 2288 3124 Tertulliani

714 3154 1008 3225 Apologet.,
1046 3170 1096 3209 c.
1136 3157 1204 3221 7,
1240 3166 1294 3210 et
1342 3157 1435 3211 lib.
1483 3172 1499 3210 ι
1539 3158 1607 3210 ad
1647 3154 1805 3224 Nat.,
1846 3168 1902 3213 et
1943 3173 2008 3214 ex
2056 3159 2292 3214 Minucio

710 3238 755 3303 Ρ
758 3246 895 3301 elice
923 3246 1200 3301 discimus.
1238 3244 1446 3299 Novum
1474 3246 1757 3302 calumnia:
1786 3263 1958 3318 genus
1992 3249 2297 3306 indicarent

714 3338 832 3393 llaec
878 3336 1197 3392 Tertulliani
1228 3340 1417 3400 verba.
1451 3339 1495 3393 si
1548 3354 1679 3393 sana
1725 3349 1907 3395 essent
1945 3350 1999 3395 et
2043 3342 2295 3414 integra:

721 3450 741 3482 ι
787 3429 974 3495 Igitur,
1029 3430 1205 3500 inquit
1256 3430 1351 3487 lib.
1398 3446 1415 3487 ι
1461 3431 1530 3484 ad
1586 3429 1743 3496 Ναί..
1796 3449 1847 3487 c.
1897 3434 1953 3499 7,
2008 3436 2152 3489 aetati
2197 3452 2295 3490 no-

714 3530 846 3577 stra:
885 3523 1147 3587 nondum,
1185 3536 1276 3576 an.
1309 3521 1439 3589 250,
1472 3532 1550 3577 tot
1579 3523 1748 3592 iniqui
1792 3525 2019 3589 interea,
2056 3536 2135 3580 tot
2168 3540 2295 3580 cru-

713 3622 807 3667 ces
837 3613 1176 3667 divinitatem
1222 3625 1546 3681 consecutae,
1572 3626 1678 3670 etc.
1721 3635 1740 3668 ι
1774 3616 1883 3671 Sed
1920 3617 2008 3673 bis
2045 3619 2294 3686 vocibus,

711 3710 788 3755 tot
821 3704 1008 3773 iniqui,
1045 3704 1235 3757 vitium
1266 3706 1407 3759 inest
1436 3716 1491 3761 et
1529 3708 1837 3774 coruptcla,
1875 3723 1978 3763 nec
2016 3709 2177 3780 hujus
2204 3726 2297 3767 ac-

718 3796 1017 3849 cusationis
1040 3796 1204 3849 ullum
1230 3807 1409 3853 exstat
1433 3802 1740 3871 vestigium.
1759 3801 1941 3868 Quare
1971 3802 2293 3873 legendum:

716 3883 818 3939 Tot
845 3888 1031 3956 onagri
1061 3889 1282 3953 interea,
1310 3901 1383 3944 tot
1420 3908 1598 3946 cruces
1630 3892 1958 3948 divinitatem
1985 3904 2293 3960 consecutis,

711 3987 845 4043 etc.,
888 3978 1050 4049 idque
1096 3982 1422 4050 perspicitur
1472 4000 1540 4040 ex
1585 3984 1828 4053 ejusdem
1872 3986 1993 4043 libri
2036 4003 2156 4057 cap.
2205 3988 2294 4051 ll,

716 4068 809 4123 ubi
842 4069 1145 4126 divinitatis
1174 4073 1431 4127 crucibus
1465 4076 1740 4131 attributa:
1772 4086 2136 4133 commentum
2164 4092 2297 4147 prat-

706 4160 857 4217 eedit
899 4161 1097 4217 asiuiui
1130 4162 1223 4219 Dei
1257 4165 1588 4234 criminatio,
1618 4182 1776 4236 quam
1811 4168 2027 4237 quidem
2068 4184 2135 4223 ex
2160 4170 2293 4224 Cor-

712 4250 858 4308 nelio
886 4252 1077 4309 Tacito
1118 4266 1292 4310 ortam
1349 4259 1625 4313 existimat
1666 4258 2049 4315 Tertullianus.
2075 4279 2094 4312 ι
2124 4260 2291 4326 Hanc,

712 4342 927 4413 inquit,
1000 4345 1284 4403 Cornelius
1343 4349 1560 4404 Tacitus
1615 4350 1987 4419 suspicionem
2052 4352 2199 4408 fecit.
2244 4353 2295 4409 Is

711 4436 929 4492 enim...
963 4436 1176 4494 Judazos
1216 4438 1385 4493 refert
1418 4450 1470 4494 in
1502 4442 1850 4511 expeditione
1876 4444 2048 4498 vastis
2082 4444 2137 4498 in
2161 4443 2295 4500 locis

2398 1967 2499 2021 bus
2528 1967 2682 2035 culpa
2726 1968 2950 2031 residet,
2981 1977 3180 2035 quanta
3228 1968 3281 2020 in
3330 1969 3505 2033 vobis,
3548 1968 3638 2036 qui
3682 1966 3787 2022 illis
3814 1967 3989 2021 etiam

2398 2058 2708 2127 anticipata:
2749 2060 2815 2113 de
2844 2058 2993 2125 justo
3036 2068 3089 2111 et
3130 2061 3192 2109 de
3233 2058 3404 2115 nobis,
3439 2059 3527 2125 qui
3570 2059 3638 2112 ab
3667 2074 3732 2113 eo
3760 2058 3864 2113 orti
3892 2073 3988 2111 sus

2405 2165 2541 2211 mus,
2570 2150 2721 2204 make
2744 2150 3015 2219 opinionis
3039 2161 3291 2205 auctores
3323 2151 3478 2203 estis.
3511 2148 3802 2219 Postquam
3832 2153 3988 2205 enim

2397 2243 2568 2298 solum
2605 2242 2752 2297 illum
2795 2243 3129 2311 inculpatum
3176 2242 3457 2310 etjustum
3498 2242 3792 2309 hominem,
3826 2242 3991 2309 cujus

2396 2336 2709 2390 vulneribus
2747 2345 3016 2389 sanantur
3059 2334 3149 2403 qui
3181 2349 3278 2402 per
3305 2348 3428 2387 eum
3458 2335 3523 2387 ad
3565 2335 3780 2389 Patrem
3815 2350 3985 2389 acce-

2396 2430 2553 2489 dunt,
2595 2428 2741 2481 cruci
2778 2426 3060 2490 aﬂixistis;
3090 2442 3209 2479 cum
3252 2440 3371 2478 etim
3407 2426 3624 2480 sciretis
3650 2441 3716 2481 ex
3750 2427 3987 2481 mortuis

2396 2522 2762 2576 resurrexisse
2806 2530 2857 2575 ct
2904 2520 2955 2573 in
2995 2518 3190 2573 caelum
3220 2517 3553 2582 ascendisse,
3585 2527 3644 2569 ut
3679 2516 3987 2586 prophetia:

2396 2610 2632 2668 futurum
2672 2611 3059 2680 praedicebant,
3107 2623 3212 2663 non
3262 2610 3419 2662 modo
3465 2605 3841 2676 paenitentiam
3882 2604 3989 2660 ad-

2396 2703 2685 2756 missorum
2712 2702 2979 2757 scelerum
3015 2717 3120 2753 non
3151 2700 3373 2770 egistis;
3412 2701 3505 2753 sed
3548 2698 3713 2751 etiam
3742 2697 3989 2752 selectos

2395 2792 2539 2849 viios
2571 2804 2697 2848 tunc
2720 2793 3182 2866 Hierosolymisin
3234 2792 3546 2845 universum
3595 2790 3783 2845 orbem
3828 2788 3988 2845 misi-

2394 2888 2515 2952 stis,
2547 2888 2763 2956 impiam
2808 2886 3245 2941 Cliristianorum
3291 2884 3539 2938 ltmrcsim
3586 2883 3852 2951 prodiisse
3897 2880 3987 2935 di-

2394 2989 2600 3043 centes,
2628 2994 2801 3047 eaque
2838 2989 3178 3047 spargentes,
3209 2992 3327 3044 qua:
3367 2978 3417 3029 iu
3453 2991 3551 3029 nos
3578 2976 3645 3029 ab
3689 2973 3755 3028 iis
3798 2974 3986 3028 omni-

2393 3072 2497 3126 bus
2527 3072 2723 3141 quibus
2762 3070 2871 3123 noti
2918 3085 3022 3123 non
3075 3084 3282 3133 sumus,
3332 3070 3607 3122 dicuntur.
3657 3064 3843 3133 Itaque
3867 3082 3982 3122 non

2324 3193 2367 3249 α
2400 3166 2551 3221 vobis
2574 3164 2748 3219 solum
2790 3162 3091 3230 iniquitatis
3119 3177 3284 3217 causa
3320 3161 3482 3226 estis,
3528 3159 3621 3214 sed
3663 3158 3784 3213 aliis
3808 3158 3983 3213 etiam

2398 3256 2650 3311 omnibus
2695 3268 2921 3322 prorsus
2974 3253 3307 3308 hominibus.
3387 3290 3403 3304 .
3482 3288 3497 3304 .
3578 3288 3592 3303 .
3672 3287 3690 3304 .
3767 3287 3781 3303 .
3862 3289 3876 3302 .
3960 3290 3980 3309 .

2396 3348 2584 3417 Itaque
2612 3346 2666 3400 id
2703 3346 2860 3400 vobis
2902 3345 3082 3399 studio
3116 3342 3409 3407 habuistis,
3437 3349 3495 3394 ut
3524 3341 3577 3394 in
3607 3339 3778 3395 solam
3823 3339 3981 3393 illam

2399 3439 2737 3509 inculpatam
2793 3448 2848 3492 et
2902 3437 3106 3505 justam
3163 3438 3377 3496 lucem,
3419 3450 3540 3503 quze
3600 3433 3989 3489 hominibusa

2398 3531 2511 3586 Deo
2546 3531 2710 3585 missa
2752 3530 2954 3593 fuerat,
2993 3530 3193 3581 acerba
3233 3537 3289 3580 et
3323 3527 3663 3581 tenebricosa
3688 3537 3743 3580 et
3770 3524 3977 3592 iujusta

2398 3623 2452 3677 in
2482 3632 2595 3678 toto
2618 3631 2891 3677 terrarum
2923 3623 3055 3675 orbe
3080 3620 3423 3686 jactarentur
3452 3617 3739 3672 crimina.)
3772 3618 3975 3672 Eadem

2398 3715 2663 3783 postridie
2701 3713 2918 3783 repetiit
2967 3712 3025 3767 S.
3059 3722 3265 3782 martyr
3299 3712 3350 3763 in
3386 3710 3616 3779 gratiam
3654 3724 3844 3763 eorum
3876 3712 3975 3777 qui

2398 3802 2574 3873 pridie
2614 3817 2719 3855 non
2782 3800 3092 3855 adfuerant.
3125 3801 3234 3853 Καὶ
3300 3800 3360 3851 οὐ
3419 3799 3579 3869 μόνον
3620 3799 3681 3851 οὐ
3711 3803 3976 3871 μετενοήὶ-

2400 3913 2595 3951 σατε...
2646 3894 2758 3947 ἀλλ’
2783 3894 2857 3956 ὼς
2912 3897 3190 3963 προεῖπον,
3240 3892 3440 3961 ἄνδρας
3500 3894 3976 3964 χειροτονήσαντες

2397 3988 2718 4050 ἐκλεκτοὺς,
2766 3988 2844 4049 είς
2890 3988 3070 4039 πᾶσαν
3123 3985 3220 4056 τὴν
3268 3985 3590 4055 οἰκουμένην
3652 3985 3970 4056 ἐπέμψατε,

2396 4079 2771 4151 κηρύσσοντας
2824 4080 2908 4131 ὅτι
2960 4078 3171 4149 αἵρεσίς
3199 4094 3281 4140 τις
3314 4077 3470 4140 ἄθεος
3496 4078 3588 4132 καὶ
3621 4077 3817 4147 ἄνομος
3845 4078 3976 4149 έγή-

2395 4187 2587 4241 γερται
2619 4169 2727 4222 ἀπὸ
2762 4168 2935 4239 Ἰησοῦ
2960 4186 3103 4232 τινος
3133 4168 3413 4222 Γαλιλαίου
3458 4168 3659 4222 πλάνου
3680 4185 3692 4197 ·
3722 4168 3780 4221 ὃν
3815 4185 3977 4222 σταυ-

2400 4260 2685 4331 ρωσάντων
2711 4258 2887 4331 ἡμῶν,
2914 4260 2963 4312 οξ
2998 4258 3235 4329 μαθηταὶ
3277 4258 3440 4311 αὐτοῦ
3486 4258 3780 4327 κλέψαντες
3805 4258 3973 4314 αὑτὸν

2395 4352 2503 4405 ἀπὸ
2528 4352 2621 4404 τοῦ
2663 4353 2942 4423 μνήματος
2987 4351 3196 4415 νυκτὸς,
3224 4351 3417 4403 ὁπόθεν
3446 4350 3708 4420 κατετέθη
3744 4352 3969 4421 ἀφηλω-

2395 4443 2506 4507 Θεὶς
2528 4426 2635 4497 ἆπὺ
2666 4444 2760 4497 τοῦ
2796 4444 3054 4515 σταυροῦ,
3108 4443 3346 4498 πλανῶσι
3373 4444 3498 4505 τοὺς
3530 4443 3848 4513 ἀνθρώπους
3874 4444 3963 4496 λέ-

713 4540 867 4594 aqua:
919 4529 1096 4598 inopia
1143 4529 1490 4596 laborantes,
1560 4534 1801 4599 onattris,
1858 4536 1949 4604 qui
2004 4536 2070 4591 de
2132 4545 2288 4604 pastu

2394 4551 2580 4603 γοντες
2620 4534 2913 4605 ὲγηγέρθαι
2944 4534 3103 4587 αὑτὸν
3136 4536 3199 4586 ὲκ
3227 4533 3455 4604 νεκρῶν,
3484 4535 3577 4585 καὶ
3625 4535 3704 4595 είς
3737 4533 3967 4603 οὐρανὸν

711 4632 909 4688 aquam
951 4622 1172 4689 petituri
1221 4625 1655 4691 aestimabantur,
1702 4628 2009 4692 indicibus,
2052 4629 2288 4685 fontibus

711 4726 839 4767 usos
866 4715 1147 4780 evasisse;
1182 4716 1255 4769 ita
1282 4719 1353 4772 ob
1375 4734 1493 4772 eam
1518 4722 1751 4785 gratiam
1781 4722 2082 4777 consimilis
2104 4721 2289 4777 bestia:

711 4804 1051 4871 superﬁciem
1074 4821 1104 4859 a
1126 4806 1328 4863 Iudicis
1345 4810 1469 4865 coli.
1492 4810 1623 4867 Inde
1646 4812 1885 4867 arbitror
1905 4822 2287 4883 praesumptum

711 4911 813 4953 nos
842 4912 1076 4967 quoque,
1130 4910 1187 4955 ut
1216 4900 1453 4956 Judaicae
1502 4903 1781 4973 religionis
1826 4905 2156 4975 propinquos
2202 4905 2286 4959 ei-

712 4988 834 5043 dem
866 4988 1155 5045 simulacro
1184 4993 1407 5048 initiari.
1445 5014 1465 5046 ι

783 5076 847 5132 ll.
879 5076 1109 5143 Quinam
1135 5093 1386 5139 auctores
1414 5089 1709 5143 teterrimae
1733 5088 1927 5145 fabula:
1949 5090 2283 5155 exstiterint,

710 5180 768 5225 et
800 5185 907 5240 quo
935 5182 1178 5243 tempore
1225 5187 1433 5232 tantum
1480 5180 1635 5236 nefas
1663 5182 1901 5252 aggressi
1936 5183 2177 5248 fuerint,
2217 5199 2285 5238 ex

713 5261 922 5318 duobus
968 5264 1182 5336 Dialogi
1222 5284 1340 5322 cum
1402 5268 1676 5341 Tryphone
1724 5274 1857 5329 locis
1901 5276 2281 5345 perspicimus.

712 5359 807 5414 Sic
833 5358 976 5414 enim
1010 5356 1226 5414 Judazos
1254 5361 1547 5431 alloquitur
1590 5364 1647 5419 S.
1687 5378 1915 5438 martyr,
1940 5386 1995 5421 n.
2034 5367 2097 5421 l7
2125 5377 2146 5422 :'
2172 5370 2285 5439 Οὐχ

710 5446 885 5512 οὕτως
911 5447 1020 5520 γὰρ
1043 5449 1113 5502 τὰ
1136 5449 1272 5505 ἄλλα
1300 5450 1426 5522 ἔθνη
1460 5456 1540 5517 εις
1571 5455 1773 5525 ταύτην
1815 5456 1913 5523 τὴν
1942 5457 2154 5510 ἀδικίαν
2188 5457 2285 5527 τὴν

710 5542 954 5613 εῑςήμᾶς
976 5540 1172 5595 καὶτὸν
1188 5541 1419 5613 Χριστὸν
1445 5544 1737 5615 ἐνέχονται,
1767 5547 1889 5601 ὅσον
1915 5548 2089 5617 ὑμεῖς,
2118 5547 2167 5601 οἳ
2188 5550 2286 5603 κά-

712 5631 908 5696 κείνοις
936 5632 1037 5703 τῆς
1070 5633 1209 5687 κατὰ
1230 5633 1324 5687 τοῦ
1357 5635 1563 5690 δικαίου
1589 5637 1681 5689 καὶ
1709 5636 1865 5707 ἡμῶν
1891 5637 1998 5691 τῶν
2019 5639 2113 5693 ἀπ’
2136 5638 2281 5692 ὲκεί-

710 5742 804 5778 νου
844 5724 1019 5795 κακῆς
1041 5724 1360 5797 προλήψεως
1383 5727 1546 5783 αἴτιοι
1575 5730 1869 5800 ὑπάρχετε.
1899 5730 2053 5786 Μετὰ
2077 5730 2187 5802 γὰρ
2220 5732 2280 5785 τὸ

712 5818 1017 5892 σταυρῶσαι
1064 5823 1205 5895 ὑμᾶς
1240 5827 1442 5881 ἐκεῖνον
1478 5823 1567 5879 τὸν
1610 5824 1767 5895 μόνον
1806 5822 2031 5896 ἄμωμον
2079 5824 2171 5879 καὶ⁵
2204 5824 2277 5880 δί-

2390 4627 2800 4699 ἀνεληλυθέναι-
2871 4627 3219 4688 κατειπόντες
3260 4626 3587 4696 δεδιδαχέναι
3645 4628 3739 4680 καὶ
3790 4628 3964 4681 ταῦτα

2391 4719 2534 4792 ἆπερ
2567 4718 2706 4773 κατὰ
2726 4719 2832 4775 τῶν
2856 4717 3255 4790 ὁμολογούντων
3303 4719 3537 4789 Χριστὸν
3574 4721 3667 4773 καὶ
3711 4719 3971 4773 διδάσκα-

2389 4814 2478 4868 λον
2508 4815 2601 4867 καὶ
2626 4814 2754 4866 Υἱὸν
2779 4813 2912 4865 Θεοῦ
2940 4809 3096 4875 εἶναι,
3130 4814 3288 4865 παντὶ
3319 4813 3463 4880 γένει
3487 4811 3784 4882 ἀνθρώπων
3829 4812 3966 4866 ἄθεα

2389 4905 2484 4959 καὶ
2519 4907 2695 4975 ἄνομα
2744 4906 2837 4958 καὶ
2877 4905 3063 4957 ἀνόσια
3096 4904 3300 4973 λέγετε.
3357 4904 3500 4974 Πρὸς
3553 4904 3797 4967 τούτοις,
3867 4905 3963 4956 καὶ

2390 4997 2620 5068 ἁλούσης
2648 4995 2797 5067 ὑμῶν
2828 4996 2927 5066 τῆς
2958 4996 3181 5059 πόλεως,
3239 4997 3331 5049 καὶ
3358 4996 3457 5065 τῆς
3494 4997 3599 5065 γῆς
3654 4996 3963 5066 ἐρημωθεί-

2388 5107 2507 5159 σης,
2538 5091 2600 5142 οὐ
2632 5092 2955 5160 μετανοεῖτε,
2988 5088 3123 5141 ἀλλὰ
3154 5090 3245 5141 καὶ
3290 5088 3626 5160 καταρᾶσθαι
3668 5088 3833 5142 αὐτοῦ
3864 5091 3962 5143 καὶ

2386 5181 2494 5235 τῶν
2546 5181 2903 5235 πιστευόντων
2946 5182 3025 5244 είς
3072 5180 3235 5234 αὑτὸν
3281 5180 3495 5233 πάντων
3543 5181 3796 5250 τολμᾶτε.
3846 5182 3962 5236 Καὶ

2388 5275 2547 5344 ἡμεῖς
2577 5274 2720 5343 ὑμᾶς
2752 5273 2844 5326 καὶ
2893 5272 3019 5334 τοὺς
3074 5271 3139 5324 δι’
3167 5273 3309 5342 ὑμᾶς
3360 5270 3582 5324 τοιαῦτα
3632 5271 3752 5324 καθ’
3797 5272 3960 5341 ἡμῶν

2386 5363 2748 5433 ὑπειληφότας
2786 5363 2848 5416 οὐ
2907 5363 3192 5434 μισοῦμεν,
3240 5364 3353 5416 ἀλλ’
3386 5362 3659 5433 εὐχόμεθα
3713 5364 3816 5418 κᾶν
3861 5363 3959 5418 νῦν

2389 5456 2821 5526 μετανοήσαντας
2883 5455 3091 5517 πάντας
3169 5454 3352 5518 ἐλέους
3407 5458 3589 5525 τυχεῖν
3647 5452 3797 5525 παρὰ
3857 5454 3955 5507 τοῦ

2384 5544 2755 5614 εὐσπλάγχνου
2821 5545 2913 5598 καὶ
2985 5541 3272 5596 πολυελέου
3334 5543 3547 5615 Πατρὸς
3630 5544 3738 5597 τῶν
3816 5544 3956 5598 ὅλων

2383 5636 2538 5695 Θεοῦ.
2596 5658 2614 5689 ι
2650 5638 2765 5691 Νοη
2794 5637 2951 5691 modo
2980 5637 3353 5705 pamiteutiam
3384 5652 3489 5690 non
3523 5636 3732 5706 egistis,
3770 5636 3951 5705 inquit

2388 5745 2440 5782 η.
2474 5727 2597 5791 108,
2633 5728 2727 5782 sed
2762 5729 2924 5782 etiam
2981 5728 3221 5782 delectos
3273 5729 3518 5782 homines
3562 5728 3948 5791 constituistis,

2383 5839 2445 5880 ac
2471 5840 2564 5896 per
2596 5840 2689 5879 eos
2724 5824 2776 5878 iu
2835 5832 3005 5879 totum
3054 5822 3241 5879 orme
3286 5833 3553 5880 terrarum
3586 5824 3779 5879 missos
3807 5838 3945 5895 prae-
