4120 6406
140 333 242 390 129

1137 333 1199 390 D.
1227 333 1491 391 MARANI
1532 334 1927 393 PREFATIO.
1966 366 2037 375 —-
2069 333 2252 391 PARS
2285 332 2375 391 Ill.

3311 336 3417 395 £30

136 458 373 513 dieastis
420 457 646 527 impiam
696 456 985 526 quamdam
1043 467 1097 512 et
1151 459 1399 531 exlegem
1458 469 1668 514 sectam
1702 475 1732 513 a
1761 466 1807 521 Α
1836 459 1991 527 pueri
2028 456 2293 512 carnibus
2324 463 2630 519 sumerent,
2663 461 2715 510 et
2742 456 3027 512 tenebrosa
3054 454 3255 527 flagitia
3293 470 3415 527 per-

133 552 303 621 plano
334 550 569 619 quodam
595 548 721 604 Iesu
754 546 979 604 Galilaao
1001 550 1296 605 excitatam
1342 566 1484 615 esse,
1516 560 1711 606 etcum

134 643 289 697 illum
326 658 355 695 a
380 642 542 696 nobis
568 640 889 696 cruciﬁxum
941 641 1189 711 discipuli
1224 650 1290 698 ex
1334 655 1712 707 monumento,

134 736 191 788 in
226 751 358 804 quo,
387 734 591 787 rcﬂxus
648 748 678 787 e
732 747 917 794 cruce,
973 733 1259 802 depositus
1317 734 1520 801 fuerat,
1550 744 1714 790 noctu

135 826 547 895 subripuerint.
577 822 749 891 decipi
778 821 846 877 ab
878 823 983 878 illis
1005 825 1275 891 homines,
1323 826 1449 879 dum
1483 842 1605 880 eum
1647 838 1713 881 ex

133 918 369 972 mortuis
399 920 773 974 resurrexisse
828 930 881 972 et
927 919 977 971 in
1033 917 1231 972 malum
1286 918 1596 972 ascendisse
1627 919 1712 971 di-

131 1012 354 1063 rtitaltt.
387 1009 704 1075 Quinetiam
736 1009 991 1063 docuisse
1050 1008 1198 1063 illum
1231 1008 1522 1062 addidistis
1546 1008 1711 1077 impia

132 1101 216 1154 illa
242 1110 301 1156 et
332 1100 572 1155 nefanda
597 1116 661 1155 ac
691 1101 1032 1156 detestabilia
1068 1100 1335 1164 facinora,
1364 1116 1483 1169 quae
1516 1103 1714 1153 adver-

134 1210 221 1247 sus
255 1208 374 1255 eos,
406 1192 503 1261 qui
535 1191 686 1247 illum
718 1192 990 1247 Christum
1022 1206 1077 1247 et
1121 1195 1397 1248 doctorem
1429 1206 1485 1247 et
1514 1191 1708 1246 Filium

133 1286 220 1339 Dei
252 1283 618 1353 profitentur,
652 1284 792 1352 apud
822 1299 981 1339 omne
1016 1285 1297 1339 hominum
1329 1300 1502 1353 genus
1553 1300 1712 1353 spar-

132 1379 277 1448 gitis.
308 1380 392 1432 Ad
425 1380 543 1432 lucc
601 1388 761 1447 capta
813 1378 948 1431 urbe
1000 1386 1197 1442 vestra,
1237 1385 1291 1430 et
1326 1385 1467 1430 terra
1497 1385 1710 1430 vastata

132 1472 519 1537 pauitentiam
584 1487 689 1526 non
738 1471 939 1541 agitis:
997 1472 1092 1524 sed
1132 1470 1288 1522 illum
1320 1470 1483 1523 etiam
1509 1485 1570 1523 ac
1597 1485 1714 1522 om-

132 1582 241 1627 nes,
280 1566 376 1633 qui
416 1565 473 1618 in
501 1564 657 1619 illum
689 1564 941 1629 credunt,
972 1562 1105 1617 diris
1156 1562 1431 1618 devovere
1478 1562 1708 1616 audetis.

129 1655 232 1711 Nos
267 1668 462 1712 autem
493 1673 595 1712 nec
628 1672 725 1710 vos
754 1657 986 1719 odimus,
1021 1670 1119 1709 nec
1146 1670 1241 1710 eos
1289 1655 1383 1724 qui
1446 1655 1607 1709 talem
1643 1656 1710 1709 de

130 1753 281 1804 nobis
303 1751 633 1819 opinionem
664 1766 692 1803 a
726 1748 881 1803 vobis
929 1761 1226 1815 accepere;
1284 1748 1377 1802 sed
1424 1763 1712 1817 precamur

1824 560 2049 619 petrare
2113 547 2387 611 volentes,
2442 545 2625 600 lumen
2681 548 3119 617 exstinguerent,
3184 557 3242 604 et
3287 565 3413 605 cum

1823 642 1990 695 obvia
2035 654 2254 709 quaque
2308 638 2685 707 unusquisque
2744 642 3092 695 misceretur.
3124 642 3255 709 Quae
3288 643 3413 711 qui-

1818 735 1941 790 dem
1979 732 2217 788 absurda
2268 732 2581 787 criminatio
2635 732 2767 788 olim
2814 733 3246 803 quamplurith
3271 736 3411 791 deti-

1818 827 2004 890 nebat,
2030 823 2312 880 extraneis
2346 826 2684 891 persuadens
2708 826 2845 879 tales
2876 841 2998 881 esse
3024 824 3404 891 Christianos;

1819 933 1961 972 nunc
1987 932 2120 972 vero
2145 917 2442 973 nonnullos
2473 919 2647 972 adhuc
2700 918 2923 987 decipit,
2955 919 3225 988 ejusmodi
3258 935 3408 974 com-

1820 1011 2022 1065 mentis
2074 1010 2383 1076 deterrens,
2434 1010 2726 1078 quominus
2769 1027 2892 1065 cum
2933 1011 3265 1071 Christianis
3316 1012 3406 1069 vel

1819 1101 2090 1171 simplicis
2117 1101 2379 1171 colloquii
2410 1104 2851 1158 communionem
2889 1106 3100 1161 ineant.
3134 1126 3153 1159 ι

1889 1194 1995 1250 Sed
2022 1194 2222 1249 Justini
2270 1196 2561 1249 sententia:
2614 1198 2950 1265 praecipuum
2998 1200 3211 1267 pondus
3259 1200 3409 1254 addit

1816 1285 2107 1349 Eusebius,
2133 1287 2227 1357 qui
2258 1304 2364 1341 ttou
2395 1287 2570 1341 solum
2618 1286 2822 1341 .Iustiui
2874 1290 3042 1343 verba
3077 1305 3143 1344 ex
3176 1289 3405 1361 Dialogo

1816 1387 2072 1447 excerpta
2110 1377 2276 1437 refert
2324 1378 2465 1432 Hist.
2520 1378 2593 1432 lib
2642 1395 2718 1443 tv,
2757 1394 2807 1433 c.
2846 1379 2931 1441 l8,
2998 1380 3091 1434 sed
3140 1382 3306 1434 etiam
3343 1381 3407 1436 il-

1820 1466 1911 1521 lud
1943 1467 2097 1522 Isaiae
2126 1468 2467 1536 explanatis:
2501 1469 2605 1534 Qui
2656 1469 2820 1521 mittit
2854 1471 2905 1522 in
2946 1471 3319 1525 marecbsides
3352 1483 3403 1524 et

1819 1558 2073 1623 epistolas
2112 1559 2340 1613 biblinas
2375 1574 2539 1629 super
2558 1577 2749 1628 aquam
2777 1560 2845 1624 ³⁸,
2877 1562 2957 1615 sic
2989 1561 3263 1630 loquitur:
3291 1561 3401 1616 Εὖ-

1818 1666 1984 1721 ρομεν
2017 1652 2075 1704 ἐν
2099 1653 2212 1714 τοῖς
2233 1650 2341 1705 τῶν
2372 1650 2616 1705 παλαιῶν
2643 1653 3090 1724 συγγράμμασιν,
3119 1652 3195 1717 ὡς
3223 1656 3272 1706 οἱ
3304 1655 3403 1726 τὴν

1826 1741 2178 1814 Ἰερουσαλὴμ
2227 1743 2502 1807 οἰκοῦντες
2530 1742 2624 1797 τοῦ
2662 1742 2770 1795 τῶν
2813 1744 3079 1797 Ἰουδαίων
3112 1744 3295 1808 ἔθνους
3327 1755 3403 1799 ιε-

131 1855 182 1896 ut
230 1859 379 1897 nunc
448 1842 645 1896 saltem
702 1839 1079 1911 pmnitentiam
1123 1847 1366 1907 agentes,
1403 1838 1702 1893 misericor-

1816 1813 1929 1902 ρεῖς
1962 1833 2060 1887 καὶ
2108 1833 2473 1905 πρεσϐύτεροι
2520 1836 2824 1907 γράμματα
2865 1834 3290 1906 διαχαράξαντες
3323 1839 3403 1899 είς

127 1936 266 1989 diam
301 1949 502 1988 omnes
551 1931 964 2000 consequatnini
995 1945 1024 1983 a
1070 1929 1407 1999 perbenigno
1432 1938 1486 1981 et
1509 1928 1706 1981 ntirum

130 2031 175 2083 in
209 2031 437 2083 modum
469 2028 827 2082 misericorde
860 2029 1236 2078 universorum
1275 2031 1501 2091 parente
1538 2023 1703 2077 Deo.)

129 2122 405 2178 Habemus
436 2122 492 2175 in
522 2121 607 2175 bis
633 2120 848 2174 duobus
883 2117 1208 2171 testimoniis
1244 2114 1423 2169 stulta:
1445 2125 1499 2169 et
1530 2116 1710 2183 impiae

132 2214 330 2269 iabnlte
374 2214 655 2267 evolutam
703 2212 988 2280 originem.
1033 2210 1089 2263 In
1123 2217 1357 2277 utroque
1407 2208 1528 2262 loco
1559 2218 1706 2261 secta

128 2308 573 2360 Christianorum
626 2303 785 2366 ἄθεος
845 2303 1084 2366 dicitur;
1144 2301 1196 2353 in
1259 2309 1489 2368 utroque
1526 2299 1706 2370 Thye-

130 2412 269 2453 steas
294 2414 492 2453 emnas
546 2407 603 2451 et
657 2396 1000 2463 OEdipodeos
1036 2394 1362 2448 concubitus
1421 2392 1709 2461 designant

129 2494 324 2547 acerba
360 2492 455 2545 illa
481 2500 537 2543 et
561 2488 877 2548 tenebrosa,
908 2486 1071 2556 impia
1101 2494 1156 2541 et
1185 2483 1415 2538 nefanda
1441 2483 1705 2550 facinora,

130 2600 240 2649 quae
293 2584 587 2638 Christum
637 2582 817 2651 ipsum
872 2580 1123 2635 docuisse
1182 2577 1349 2633 Judaei
1408 2579 1704 2647 ﬁngebant.

133 2671 244 2724 Lnn
274 2674 448 2726 verbo
498 2670 809 2725 Jndreorum
864 2670 1121 2739 nequitiae
1168 2669 1418 2723 attribuit
1463 2669 1705 2724 Justinus

135 2766 399 2835 quidquid
438 2766 504 2818 de
540 2763 873 2818 Christianis
904 2762 1228 2817 dictitabant
1270 2762 1332 2827 ii,
1359 2761 1557 2832 quibus
1592 2763 1705 2817 hac

130 2859 318 2928 religio
344 2858 565 2926 cognita
596 2872 703 2910 non
735 2864 873 2910 erat.

196 2951 255 3005 S.
294 2952 563 3020 martyris
601 2951 905 3004 testimonia
961 2950 1256 3005 conﬁrmat
1312 2947 1703 3004 Tcrtulliauus.

132 3044 219 3099 Sic
246 3046 392 3099 enim
422 3044 489 3096 de
524 3043 713 3098 Jude
744 3044 1008 3111 loquitur,
1059 3059 1087 3097 a
1134 3059 1241 3112 quo
1265 3043 1701 3097 Christianorum

1812 1926 1995 1979 πάντα
2022 1926 2391 1997 διεπέμψαντο
2442 1928 2509 1981 τὰ
2568 1927 2695 1998 ἔθνη
2742 1931 2855 1991 τοῖς
2913 1928 3225 2000 ἁπανταχοῦ
3272 1930 3402 1982 ’ἰου-

1809 2016 1982 2079 δαίοις
2032 2016 2416 2082 διαϐάλλοντες
2466 2017 2563 2088 τὴν
2615 2019 2853 2090 Χριστοῦ
2912 2019 3283 2087 διδασκαλίαν,
3324 2022 3400 2085 ὡς

1814 2104 2029 2176 αἵρεσιν
2057 2106 2271 2177 καινὴν,
2315 2108 2412 2162 καὶ
2443 2108 2731 2179 ἀλλοτρίαν
2762 2109 2853 2162 τοῦ
2892 2109 3049 2175 Θεοῦ,
3083 2112 3398 2184 παρήγγελ-

1824 2194 1915 2249 λόν
1945 2214 2002 2249 τε
2049 2197 2116 2249 δι’
2171 2199 2469 2251 ἐπιστολῶν
2507 2200 2579 2271 μὴ
2622 2200 3027 2273 παραδέξασθαι
3062 2203 3232 2274 αὐτήν
3264 2242 3275 2257 .
3320 2245 3335 2259 .
3380 2244 3395 2259 .

1814 2287 1955 2341 οἵτε
1990 2288 2281 2342 ἀπόστολοι
2340 2290 2520 2344 αὐτῶν
2555 2293 2846 2356 ἐπιστολὰς
2888 2293 3131 2365 βιϐλίνας
3180 2294 3401 2365 κομιζό-

1813 2398 1963 2451 μενοι
1997 2382 2253 2454 ὑπεράνω
2286 2400 2345 2436 τε
2372 2381 2479 2436 τῶν
2510 2384 2717 2437 ὑδάτων
2750 2385 3156 2456 ναυτιλλόμενοι
3186 2386 3277 2439 καὶ
3300 2386 3399 2459 τὴν

1809 2473 2085 2527 θάλασσαν
2118 2475 2449 2546 ἐμπλέοντες
2504 2476 2818 2548 ἁπανταχοῦ
2853 2478 2958 2547 γῆς
2984 2478 3278 2551 διέτρεχον,
3307 2480 3398 2535 τὸν

1809 2564 1937 2635 περὶ
1962 2563 2054 2616 τοῦ
2083 2565 2338 2636 Σωτῆρος
2366 2564 2523 2635 ἡμῶν
2564 2566 2998 2631 ἐνδιαϐάλλοντες
3027 2569 3205 2637 λόγον.
3238 2570 3398 2624 ’Διττο-

1808 2654 2029 2718 στόλους
2061 2655 2117 2707 δὲ
2147 2656 2314 2708 εισέτι
2350 2654 2446 2707 καὶ
2473 2654 2567 2708 νῦν
2616 2654 2736 2720 ἔθος
2770 2658 2920 2711 ἐστὶν
2967 2658 3248 2723 Ἰουδαίοις
3278 2660 3399 2714 ὀνο-

1810 2744 2003 2817 μάζειν
2035 2747 2161 2810 τοὺς
2204 2748 2479 2815 ἐγκύκλια
2532 2749 2833 2820 γράμματα
2880 2752 3030 2823 παρὰ
3064 2752 3171 2805 τῶν
3202 2754 3399 2823 ἀρχόν-

1806 2855 1912 2891 των
1968 2836 2148 2891 αὐτῶν
2194 2840 2711 2911 ἐπικομιζομένους.
2754 2858 2772 2892 t
2806 2842 2863 2895 ln
2898 2855 3139 2897 veterum
3173 2846 3394 2915 scriptis

1813 2933 2119 3001 reperimus
2148 2932 2667 3009 liierosolymitanos
2686 2933 2933 2991 Jutlaica:
2986 2938 3162 3005 gentis
3209 2953 3395 2992 sacer-

1810 3024 1969 3078 dotes
1997 3034 2050 3079 et
2080 3024 2329 3080 seniores
2361 3026 2574 3080 litteras
2626 3029 2676 3080 in
2732 3045 2923 3082 omnes
2954 3039 3142 3097 gentes
3179 3028 3394 3084 misisse

136 3137 272 3190 Deus
308 3136 531 3204 publice
578 3136 892 3204 propositus
950 3136 1127 3190 fuerat
1160 3150 1281 3189 cum
1317 3136 1536 3188 auribus
1577 3152 1702 3189 can-

1809 3116 1874 3169 ad
1904 3132 2094 3171 omnes
2125 3117 2325 3187 ubique
2364 3117 2602 3181 .ludseos,
2659 3134 2777 3187 qua:
2831 3118 3036 3173 Christi
3087 3120 3390 3175 doctrinam

133 3229 403 3293 tcﬁornm,
436 3236 486 3279 et
513 3228 567 3279 in
594 3235 737 3296 toga,
770 3243 886 3280 cum
909 3226 1069 3288 libro.
1101 3226 1269 3279 altera
1296 3228 1424 3294 pede
1447 3227 1702 3297 ungulato

133 3322 383 3387 depictus.
429 3338 445 3371 t
480 3320 721 3373 Credidit
747 3319 931 3388 vulgus
977 3318 1184 3386 Jutlteo,
1235 3320 1410 3390 inquit
1444 3318 1533 3372 lib.
1585 3336 1599 3375 t
1636 3319 1705 3372 ad

136 3413 286 3471 Νοι..
325 3427 447 3481 cap.
484 3413 549 3466 Η
577 3430 590 3465 :
625 3410 781 3477 Quod
806 3412 947 3466 enim
977 3411 1120 3465 aliud
1154 3427 1323 3480 genus
1351 3411 1702 3465 seminarium

132 3515 203 3557 est
250 3506 489 3558 infamia:
514 3506 746 3559 nostrm!
795 3525 813 3557 ι
846 3504 987 3557 Idem
1018 3504 1179 3558 docet
1211 3504 1304 3559 lib.
1352 3519 1412 3557 tu
1457 3504 1511 3557 in
1553 3503 1704 3557 Mar-

132 3598 350 3661 cioncm,
376 3612 500 3666 cap.
526 3596 595 3649 9.3
616 3614 629 3650 :
653 3614 673 3647 ι
709 3598 911 3651 Dehinc
929 3614 1052 3650 cum
1085 3613 1151 3650 ex
1184 3597 1587 3665 perseverantia
1618 3596 1703 3649 fn-

133 3690 264 3741 roris
305 3699 359 3742 et
394 3704 591 3743 nomen
634 3688 843 3742 Domini
895 3702 990 3757 per
1037 3688 1183 3758 ipsos
1222 3687 1702 3756 blaspltemaretur

132 3784 265 3837 £31m
299 3782 567 3851 scriptum
594 3788 715 3837 est:
760 3782 983 3851 Propter
1023 3799 1109 3834 ros
1145 3798 1331 3835 nomen
1374 3798 1546 3834 meum
1584 3782 1700 3835 bla-

130 3877 431 3939 sphematur
460 3876 512 3925 in
542 3874 843 3925 nationibus
875 3874 916 3903 ³⁷
948 3872 1038 3939 (ab
1064 3872 1169 3925 illis
1201 3873 1344 3925 enim
1369 3872 1534 3941 cmpft
1562 3872 1702 3925 infa-

132 3970 251 4035 mia)
280 3978 337 4020 et
368 3979 584 4037 tempus
608 3967 841 4019 medium
873 3980 899 4018 a
927 3965 1148 4019 Tiberio
1198 3980 1369 4034 usque
1399 3966 1464 4018 ad
1497 3965 1702 4034 Vespa-

133 4061 363 4125 sianum,
396 4079 504 4115 nun
532 4061 913 4131 pteuitcutiam
961 4058 1387 4121 intellexissent,
1424 4057 1565 4111 facta
1618 4066 1701 4111 est

135 4162 267 4207 terra
295 4170 485 4205 eorum
515 4157 749 4206 deserta.
765 4170 783 4203 ι

196 4248 283 4298 Sic
320 4247 486 4298 etiam
522 4244 805 4311 Origenes,
844 4243 938 4298 lib.
963 4258 1015 4295 vr
1048 4252 1233 4296 contra
1260 4241 1487 4302 Celsum,
1529 4256 1583 4294 η.
1608 4240 1695 4293 Ἧι

132 4338 230 4388 Καὶ
253 4338 401 4389 δοκεῖ
457 4353 546 4404 μοι
582 4334 961 4404 παραπλήσιον
1014 4334 1291 4396 Ἰουδαίοις
1342 4332 1697 4400 πεποιηκέναι

132 4431 233 4490 τοῖς
284 4428 427 4480 κατὰ
460 4428 557 4497 τὴν
607 4426 781 4499 ἀρχὴν
830 4425 928 4495 τῆς
984 4426 1075 4478 τοῦ
1138 4422 1565 4497 Χριστιανισμοῦ
1615 4422 1695 4474 δι·-

1811 3211 2183 3275 traducerent,
2215 3218 2273 3263 ut
2304 3226 2502 3264 novam
2557 3221 2608 3265 ct
2658 3211 2937 3265 inimicam
2995 3211 3104 3265 Deo
3159 3220 3387 3279 sectam,

1808 3316 1872 3355 ac
1902 3302 2151 3371 epistolis
2206 3304 2484 3357 monuisse
2543 3320 2610 3357 ne
2662 3305 2808 3357 illam
2869 3305 3195 3373 reciperent.
3229 3343 3244 3357 .
3276 3342 3293 3358 .
3319 3341 3337 3360 .
3370 3341 3385 3355 .

1806 3393 2149 3462 apostoliquc
2176 3408 2361 3446 eorum
2392 3394 2655 3462 epistolas
2690 3395 2935 3449 biblinas
2975 3394 3283 3450 deterentes
3317 3410 3385 3449 ac

1805 3498 1970 3552 supra
2005 3486 2226 3539 dorsum
2258 3500 2522 3553 aquarum
2554 3497 2606 3538 et
2639 3486 2689 3538 in
2721 3487 2858 3539 mari
2889 3488 3231 3556 navigantes,
3267 3488 3389 3541 ubi-

1804 3592 1910 3645 que
1945 3589 2217 3632 terrarum
2248 3580 2654 3643 discurrebant,
2710 3580 2905 3633 faniam
2940 3580 3251 3634 Servatoris
3286 3596 3383 3634 no-

1804 3670 1899 3722 stri
1950 3670 2247 3724 calumniis
2298 3671 2640 3724 vellicantes.
2695 3672 2985 3739 Apostolos
3038 3688 3169 3727 vero
3218 3673 3384 3727 etiam

1803 3776 1949 3814 nunc
1971 3760 2141 3815 Judaei
2185 3778 2503 3831 nuncupare
2560 3763 2731 3817 solent
2783 3778 2901 3827 eos,
2938 3765 3029 3833 qui
3080 3765 3385 3820 circulares

1804 3854 2106 3923 principum
2144 3870 2368 3910 suorum
2427 3854 2644 3909 litteras
2705 3857 3135 3926 circumquaque
3183 3858 3383 3927 depor-

1804 3954 1943 4001 tattt.
1974 3964 1991 3996 ι

1870 4037 1955 4093 111.
1989 4038 2209 4093 Eusebii
2256 4040 2629 4093 testimonium
2669 4054 2734 4092 eo
2772 4037 2996 4108 majoris
3035 4051 3119 4095 est
3168 4044 3379 4111 ponde-

1804 4131 1900 4194 ris,
1930 4134 2073 4201 quod
2130 4133 2375 4187 eamdem
2419 4134 2705 4187 historiam
2771 4149 2875 4185 non
2930 4135 3069 4201 apud
3102 4133 3375 4189 Justinum

1807 4234 2022 4278 tantttm
2074 4225 2271 4295 legisse
2324 4226 2597 4291 videatur,
2664 4226 2758 4278 sed
2817 4225 2980 4280 etiam
3044 4228 3183 4291 apud
3240 4226 3377 4281 alios

1803 4318 2124 4387 scriptores,
2159 4332 2188 4370 a
2218 4319 2414 4387 quibus
2445 4319 2655 4385 accepit
2697 4317 2767 4375 id.
2795 4318 2939 4386 quod
2973 4332 3002 4368 a
3028 4315 3245 4373 .lustino
3271 4333 3374 4372 non

1805 4415 2163 4471 memoratur,
2195 4404 2414 4463 Judaaos
2472 4407 2685 4462 litteras
2746 4408 2813 4461 iis
2852 4407 3087 4469 dedisse,
3153 4423 3290 4475 quos
3320 4409 3373 4460 in

130 4520 417 4582 διεκαλξας
475 4521 908 4574 κατασκεδάσασι
941 4518 1249 4590 δυσφημίαν
1281 4515 1373 4569 τοῦ
1407 4515 1585 4582 λόγον
1622 4513 1696 4576 ὡς

1807 4498 2114 4553 universum
2150 4499 2337 4554 orbem
2393 4502 2703 4555 mittebant.
2754 4500 2861 4554 Sed
2902 4501 3151 4569 quamvis
3180 4515 3376 4569 magna

132 4614 229 4683 ἄρα
284 4613 690 4676 καταθύσαντες
739 4612 950 4667 παιδίον
987 4609 1491 4683 μεταλαμᾱὰνουσιν
1528 4603 1691 4659 αὑτοῦ

134 4704 227 4755 τῶν
260 4704 499 4775 σαρκῶν
533 4705 626 4757 καὶ
658 4703 817 4757 πάλιν
847 4706 928 4757 ὅτι
961 4706 1010 4757 οἱ
1050 4702 1158 4756 ἀπὸ
1189 4700 1281 4754 τοῦ
1308 4701 1467 4767 λόγου
1501 4699 1567 4751 τὰ
1600 4695 1690 4749 τοῦ

135 4798 346 4859 σκότους
375 4796 633 4867 πράττειν
669 4795 975 4866 βουλόμενοι
1002 4793 1314 4847 σϐεννύουσι
1349 4792 1445 4862 μὲν
1465 4789 1525 4843 τὸ
1554 4788 1689 4857 φῶς,

130 4891 348 4953 Exn-.0;
382 4890 437 4941 δέ
468 4892 531 4960 τῇ
565 4888 949 4961 παρα-τυχούσῃ
984 4889 1256 4958 μίγνυται.
1306 4885 1461 4944 Ἢτις
1489 4881 1693 4950 δυσφη-

134 4982 222 5049 μΞι
252 4980 574 5051 παρειλὸγως
620 4980 783 5033 πάλαι
842 4980 938 5049 μὲν
988 4977 1254 5033 πλείστων
1286 4977 1426 5028 ὅσων
1470 4973 1689 5043 ἐκράτει

132 5072 381 5124 πείθουσα
437 5076 560 5135 τοὺς
600 5072 914 5141 ἀλλοτρίους
966 5068 1059 5123 τοῦ
1091 5068 1273 5136 λόγου,
1334 5069 1415 5120 ὅτι
1460 5064 1690 5119 τοιοῦτοί

132 5165 227 5214 εἰπε
271 5164 605 5235 Χριστιανοί·
642 5164 736 5215 καὶ
786 5161 881 5214 νῦν
922 5161 976 5214 δὲ
1034 5160 1113 5212 ἐτι
1142 5159 1326 5227 ἀπατᾷ
1357 5174 1525 5219 τινας,
1562 5158 1691 5210 ἀπο-

130 5256 486 5326 τρεπομένους
511 5255 598 5308 διὰ
620 5256 687 5308 τὰ
720 5253 939 5307 τοιαῦτα
964 5252 1064 5305 κᾶν
1080 5254 1157 5314 είς
1186 5248 1465 5303 κοινωνίαν
1490 5248 1689 5301 ἁπλου-

130 5349 313 5418 στέραν
376 5347 551 5414 λόγων
607 5349 763 5417 ἥκειν
815 5342 1381 5417 πρὸς“’Χριστιανούς.
1417 5361 1434 5392 t
1466 5343 1689 5396 Videtur

130 5444 249 5494 mihi
278 5442 466 5495 Celsus
491 5442 631 5495 idem
686 5442 880 5496 iecisse
909 5457 973 5496 ac
997 5440 1192 5503 Judtri,
1225 5440 1314 5508 qui
1348 5440 1501 5493 initio
1530 5437 1687 5491 Chri-

131 5535 306 5588 stiana:
346 5534 752 5603 prtedieatinnis
805 5535 979 5588 malos
1033 5549 1283 5589 rumores
1323 5533 1390 5588 de
1422 5531 1687 5587 Christia-

130 5643 308 5680 norum
363 5629 611 5684 doctrina
670 5636 1027 5693 sparserunt,
1080 5627 1234 5693 quasi
1293 5627 1359 5682 de
1419 5623 1682 5679 immolati

187 5787 224 5819 ’τ
247 5787 348 5840 La.
382 5803 477 5843 ιιι.
514 5787 568 5842 5.
652 5784 813 5841 "Isa.
850 5802 1001 5852 svnt,
1032 5790 1082 5841 2.

1798 4592 1866 4646 sit
1900 4591 2064 4659 hujus
2104 4592 2351 4648 historiae
2375 4596 2710 4657 auctoritas;
2772 4593 2898 4662 quia
2930 4602 3110 4647 tamen
3144 4610 3249 4647 non
3282 4595 3373 4647 de-

1796 4695 1916 4737 sunt
1952 4685 2250 4753 scriptores
2284 4686 2495 4753 antiqui
2542 4701 2606 4738 ac
2642 4694 2913 4747 recentes,
2952 4686 3040 4751 qui
3070 4686 3267 4754 triplex
3306 4686 3373 4740 il-

1795 4773 1882 4828 lud
1908 4776 2117 4829 crimen
2174 4790 2279 4829 non
2313 4792 2341 4829 a
2391 4776 2707 4845 primordiis
2767 4776 3072 4844 religionis,
3121 4778 3213 4831 sed
3270 4778 3370 4830 sub

1792 4863 2038 4917 Adriano
2073 4873 2282 4927 natum,
2319 4875 2484 4932 atque
2514 4880 2578 4917 ex
2614 4865 2796 4933 pravis
2831 4867 3215 4922 lucreticorum
3250 4883 3368 4921 mo-

1792 4955 1965 5019 ribus,
2009 4957 2099 5024 qui
2128 4957 2229 5011 sub
2267 4958 2371 5010 hoc
2413 4958 2745 5025 imperatore
2781 4958 3123 5026 prodierunt,
3157 4958 3211 5012 in
3245 4962 3366 5012 uni-

1790 5061 1979 5103 versos
2011 5047 2360 5104 Christianos
2397 5052 2730 5104 redundasse
2765 5050 2967 5115 velint;
3002 5051 3164 5118 paulo
3205 5066 3367 5105 accu-

1789 5139 1961 5192 ratius
1992 5140 2352 5193 examinanda
2384 5156 2470 5195 res
2496 5150 2579 5195 est

1860 5228 2153 5299 Conceptis
2200 5232 2380 5286 verbis
2444 5234 2687 5286 declarat
2738 5233 3030 5297 Eusebius,
3070 5233 3164 5286 lib.
3203 5246 3276 5298 tv,
3310 5248 3360 5286 e.

1788 5320 1841 5384 7,
1896 5322 2136 5376 nefarios
2201 5323 2512 5389 haereticos,
2578 5324 2904 5389 Basilitletn,
2982 5323 3360 5385 Saturninum,

1787 5414 2175 5483 Carpocratem
2208 5426 2262 5469 et
2293 5416 2428 5471 alios
2464 5417 2729 5485 ejusmodi
2770 5417 2999 5486 amplum
3035 5416 3364 5468 obtrectandi

1786 5514 1835 5559 et
1868 5504 2233 5558 calumniandi
2267 5505 2540 5576 Evangelii
2580 5507 2861 5559 materiam
2909 5505 3357 5565 subministras“,

1786 5612 1940 5668 atque
1975 5599 2318 5668 [cinefactum
2352 5616 2461 5653 esse
2487 5610 2539 5652 ut
2582 5600 2809 5653 (tl-surda
2838 5599 3075 5661 qutrdnm
3120 5608 3164 5651 et
3196 5597 3358 5663 impio
