4120 6408
789 371 884 430 181

1674 368 1729 422 S.
1767 361 2099 424 JUSTINUS
2131 359 2612 422 PHILOSOPHUS
2644 361 2728 418 ET
2760 361 3070 419 MARTYB.

3931 360 4035 414 132

787 504 851 548 de
872 495 1016 548 nobis
1043 496 1218 562 opinio
1255 492 1393 559 apud
1443 491 1679 558 inﬁdeles
1729 503 1851 543 tunc
1900 492 2144 556 temporis
2195 505 2352 554 ερατ·
2383 493 2429 545 Α
2461 489 2695 541 Cornelii
2731 488 2926 541 Taciti.
2949 487 3058 541 Cur
3092 488 3235 541 enim
3266 487 3468 542 Plinius
3498 489 3550 540 in
3588 486 3838 554 epistola,
3867 502 4030 554 quam

784 597 1014 654 geretur,
1045 585 1196 654 quasi
1255 583 1459 649 nefario
1513 583 1788 634 concubitu
1835 599 1950 634 cum
2002 582 2266 634 sororibus
2306 591 2353 632 et

784 681 1043 732 matribus
1069 677 1300 737 misceri,
1326 686 1372 727 et
1405 675 1739 726 exsecrandis
1776 675 1997 737 dapibus
2058 676 2188 726 vesci
2220 673 2356 723 sole-

785 787 984 823 remus.
1019 768 1164 824 Idem
1203 776 1472 821 testantur
1502 765 1758 826 Iretizeus,
1810 766 1903 819 lib.
1940 782 1980 828 t,
2013 780 2062 818 c.
2097 765 2202 829 25;
2234 765 2355 818 Cle-

783 876 936 915 mens
971 861 1391 918 Aiexandrintts,
1454 859 1675 920 Strom.,
1730 875 1800 917 iv,
1835 874 1954 928 pag.
1988 859 2127 922 428;
2165 860 2354 926 Orige-

785 970 904 1013 nes.
929 965 1064 1006 toni.
1095 953 1161 1006 111
1191 953 1244 1004 in
1279 952 1546 1019 Epistolas
1582 951 1768 1014 Pauli;
1796 951 2130 1018 Epiphanius
2165 953 2214 1004 in
2245 953 2352 1005 ha:-

783 1046 889 1098 resi
917 1043 1488 1112 Carpocratianorum.
1521 1039 1785 1094 Videntur
1817 1043 1928 1094 Inec
1966 1042 2138 1108 prima
2171 1046 2352 1111 specie

781 1150 1027 1204 ,"ignars
1049 1149 1170 1187 cum
1195 1132 1434 1195 Justino,
1467 1147 1564 1185 nec
1599 1134 1792 1185 mirum
1827 1133 1872 1186 si
1907 1133 2226 1195 Dodwellus,
2259 1150 2349 1187 as-

781 1227 1053 1281 sentiente
1085 1225 1458 1288 Tilletnontio,
1494 1235 1622 1278 tom.
1660 1225 1726 1287 ll,
1759 1243 1812 1293 p.
1837 1227 1963 1285 245.
1989 1244 2016 1280 a
2047 1227 2350 1295 Carpocra-

781 1320 944 1371 tianis
973 1327 1029 1370 et
1060 1317 1181 1371 aliis
1213 1317 1476 1384 ejusmodi
1513 1315 1806 1379 btereticis,
1855 1321 1945 1385 qui
1977 1322 2076 1372 sub
2110 1321 2347 1371 Adriano

775 1419 1099 1475 eruperunt,
1153 1422 1429 1476 aspersam
1488 1410 1692 1462 nomini
1728 1411 2036 1464 Christiano
2066 1422 2143 1465 tot
2174 1426 2350 1467 scele-

777 1515 894 1552 rum
930 1499 1210 1554 infamiam
1252 1501 1590 1568 pronuntiat.

847 1591 957 1642 Sed
1013 1589 1291 1642 conciliari
1346 1597 1580 1658 possunt
1621 1590 1952 1644 dissidentes
2003 1592 2054 1644 in
2104 1595 2341 1660 speciem

774 1681 1062 1734 sententia:
1094 1692 1364 1744 veterum,
1405 1682 1477 1735 ita
1515 1692 1572 1734 ut
1607 1683 2006 1736 calumniarum
2039 1687 2191 1752 origo
2224 1703 2344 1752 par-

774 1772 867 1822 tim
909 1787 972 1824 ex
1004 1770 1312 1824 Iudaeorum
1346 1773 1723 1840 improbitate,
1752 1775 1948 1842 partim
2005 1791 2068 1828 ex
2099 1776 2335 1845 ﬂagitio-

771 1864 850 1915 sis
886 1863 1264 1916 haereticorum
1295 1863 1537 1918 moribus
1581 1874 1876 1932 repetatur.
1939 1865 2168 1934 Utrique
2230 1882 2338 1919 rem

772 1954 1197 2021 iniquissimam,
1261 1955 1506 2008 hmretici
1570 1969 1623 2008 et
1673 1954 1865 2017 Jndmi,
1916 1968 2336 2024 promoverunt;

773 2045 1013 2099 haeretici
1041 2046 1337 2099 deterrime
1373 2045 1634 2110 vivendo;
1685 2043 1854 2099 Judaei
1888 2061 1953 2098 ex
1997 2062 2186 2098 eorum
2221 2062 2338 2100 sce-

770 2136 973 2190 leribus
997 2151 1182 2188 ansam
1213 2135 1524 2203 arripiendo
1555 2150 1614 2188 ea
1651 2136 1699 2188 in
1728 2135 1931 2189 Christi
1963 2137 2260 2189 doctrinam
2286 2147 2339 2188 et

768 2228 1118 2281 Christianos
1175 2225 1444 2294 ﬁngendi,
1494 2242 1613 2292 qua:
1667 2228 1884 2292 quidem
1948 2227 2198 2296 ignorare
2232 2245 2336 2282 non

769 2328 1021 2386 poterant
1073 2317 1327 2370 omnibus
1385 2317 1437 2368 in
1498 2318 1842 2370 sanctissima
1908 2318 2111 2371 Christi
2175 2321 2338 2373 disci-

768 2410 910 2478 plina
941 2409 1253 2462 viventibus
1300 2410 1564 2460 detestata
1619 2424 1760 2461 esse.
1805 2409 1915 2462 lino
1981 2411 2100 2478 plus
2153 2411 2337 2462 nocuit

766 2499 1074 2554 Iudaeorum
1131 2498 1388 2563 perfidia,
1439 2513 1600 2565 quam
1658 2499 1859 2567 ﬂagitia
1927 2500 2331 2554 hereticorum.

765 2589 901 2644 Nam
957 2599 1015 2643 ut
1055 2589 1273 2642 difficile
1335 2599 1419 2641 est
1477 2591 1762 2642 lia-reticos
1818 2591 2108 2644 nonnullos
2153 2606 2179 2642 a
2213 2607 2337 2658 pro-

767 2683 977 2736 miscuo
1027 2681 1321 2735 concubitu
1353 2695 1614 2748 purgare;
1651 2681 1719 2732 ita
1754 2682 1835 2732 vix
1863 2683 2125 2735 credibile
2153 2683 2332 2735 infan-

769 2775 1036 2828 ticidium.
1100 2773 1365 2826 Atlieismi
1429 2773 1634 2824 crimen
1674 2773 1948 2825 roboravit
1993 2784 2335 2841 contemptus

767 2865 1035 2926 deorum,
1126 2878 1285 2932 quem
1375 2863 1663 2916 Christiani
1734 2863 2163 2930 iirmSeferebaiit.
2243 2866 2334 2918 Sic

766 2958 931 3010 etiam
964 2956 1183 3008 invidia:
1216 2954 1648 3007 Christianorum
1703 2970 1893 3007 novam
1929 2955 2197 3007 ﬂammant
2237 2958 2332 3009 ad-

762 3050 1015 3116 jecerunt
1046 3050 1302 3110 haereses,
1350 3064 1467 3113 qua:
1502 3048 1599 3099 sub
1652 3047 1889 3098 Adriano
1929 3047 2194 3110 prodiere,
2239 3048 2332 3100 sed

2459 579 2692 646 Trajano
2731 579 2970 648 scripsit,
3021 594 3110 632 an.
3140 577 3262 640 101,
3296 587 3401 630 tam
3439 590 3695 632 accurate
3733 579 4018 639 describit.

2457 675 2591 742 quid
2635 673 2932 728 Christiani
2983 672 3037 725 in
3085 674 3314 726 cmtibus
3346 674 3457 726 suis
3501 683 3758 741 agerent;
3806 688 3903 725 cur
3949 674 4029 725 ait

2458 782 2662 819 morem
2720 765 2827 818 illis
2869 765 3033 818 fuisse.
3075 766 3298 817 coeundi
3349 765 3416 816 ad
3469 765 3778 831 capiendum
3835 764 4034 823 cibum.

2456 860 2814 922 promiscuum
2863 870 3032 910 tamen
3083 867 3129 909 et
3176 857 3468 916 innoxium,
3501 857 3600 906 nisi
3634 856 3757 921 quia
3786 855 3894 922 jam
3938 857 4040 905 111-

2457 953 2688 1016 grabant
2719 965 2905 1001 eorum
2931 963 3112 1016 agapte
3146 947 3299 999 malis
3327 946 3646 999 infanticidii
3680 946 4036 998 rumoribus!

2455 1041 2740 1094 Cornelius
2772 1040 2995 1092 Tacitus
3019 1039 3062 1078 ³ο
3091 1039 3255 1091 etiam
3299 1038 3398 1088 sub
3436 1036 3643 1090 Nerone
3686 1034 4040 1088 Christianos

2456 1131 2507 1183 in
2549 1132 2661 1182 haec
2710 1130 2943 1181 crimina
2973 1137 3194 1180 vocatos
3241 1125 3413 1178 fuisse
3441 1126 3807 1178 existimabat.
3837 1142 3855 1173 ι
3891 1124 4040 1190 Ergo

2454 1219 2718 1274 abolendo
2775 1219 3002 1279 rumori,
3058 1217 3252 1284 inquit,
3307 1216 3447 1270 Nero
3507 1215 3744 1268 subdidit
3789 1229 3935 1275 reos,
3981 1226 4040 1267 et

2451 1311 2850 1378 quaesitissimis
2881 1309 3053 1378 pinnis
3080 1307 3273 1372 affecit,
3295 1323 3429 1375 quos
3453 1323 3549 1376 per
3587 1307 3786 1374 ﬂagitia
3825 1309 4038 1358 invisos

2453 1401 2640 1469 vulgus
2684 1400 3025 1454 Christianos
3081 1403 3408 1468 appellabat.
3462 1399 3772 1452 Exitiabilis
3831 1414 4036 1464 super-

2450 1492 2601 1542 stitio
2644 1506 2829 1542 rursus
2859 1493 3176 1559 erumpebat
3209 1507 3311 1543 non
3346 1491 3502 1543 modo
3530 1506 3624 1558 per
3647 1489 3886 1544 Iudaeam
3917 1492 4037 1545 ori~

2449 1587 2625 1655 ginem
2657 1586 2771 1652 ejus
2805 1587 2950 1649 mali,
2979 1589 3071 1641 sed
3120 1603 3216 1656 per
3254 1587 3450 1644 Urbem
3484 1589 3664 1646 etiam.
3696 1604 3800 1656 quo
3822 1599 4030 1642 cuncta

2449 1679 2687 1746 undique
2734 1680 2939 1731 atrocia
2991 1688 3083 1732 aut
3133 1681 3379 1747 pudenda
3427 1681 3702 1733 conﬂuunt
3745 1680 4036 1734 celebran-

2458 1780 2675 1838 turque.
2715 1789 2731 1820 i
2774 1771 2833 1824 S.
2869 1770 3054 1824 Melito
3102 1773 3152 1824 in
3191 1774 3442 1840 Apologia
3473 1773 3543 1825 Μ.
3577 1774 3796 1828 Aurelio
3828 1774 4029 1828 oblata

2453 1865 2706 1915 observat
2748 1862 3012 1916 Neronem
3053 1874 3106 1917 et
3134 1864 3497 1917 Domitianum
3527 1866 3757 1918 voluisse
3798 1866 4030 1934 religio—

2446 1970 2566 2005 nem
2599 1953 2976 2006 Christianam
3008 1957 3298 2007 criminum
3329 1957 3473 2008 notis
3504 1956 3722 2009 inurere
3753 1966 3804 2009 et
3840 1958 3907 2007 ab
3941 1957 4032 2007 liis

2441 2055 2612 2094 ortum
2649 2060 2757 2095 esse
2790 2057 2842 2094 ut
2889 2045 3166 2097 calumnia:
3195 2056 3374 2098 contra
3417 2045 3746 2099 Christianos
3799 2047 4029 2098 utenda-

2441 2133 2579 2184 cium
2632 2136 3004 2186 consuetudine
3063 2152 3092 2185 a
3143 2136 3343 2188 ratione
3389 2137 3560 2188 aliena
3597 2137 4026 2202 di/Tuiideretur.

2455 2225 2569 2290 Ἀφ’
2597 2221 2671 2273 ὧν
2703 2225 2792 2274 καὶ
2817 2226 2874 2274 τὸ
2899 2225 2993 2292 τῆς
3017 2227 3374 2292 συκοφαντίας
3394 2227 3569 2297 ἀλόγῳ
3614 2227 3865 2296 σννηθείᾳ
3897 2228 4037 2294 περ).

2439 2317 2563 2375 τοὺς
2583 2315 2855 2376 τοιούτους
2881 2316 3070 2385 ῥυῆναι
3102 2317 3432 2387 συμϐέϐηκε,
3455 2322 3592 2387 apud
3618 2318 3908 2378 Euscb.,tv.
3927 2318 4030 2370 25.

2510 2406 2892 2460 Collocandmn
2943 2424 3073 2475 ergo
3115 2420 3241 2462 ante
3291 2407 3625 2464 obsidionem
3659 2415 4036 2470 Hierosolimi-

2441 2506 2615 2549 lanam
2667 2498 2875 2551 facinus
2924 2497 3259 2563 Judworuut;
3315 2503 3406 2555 sed
3459 2512 3636 2556 tamen
3688 2522 3791 2557 non
3839 2516 4021 2562 multo

2439 2602 2562 2643 ante
2594 2592 2984 2658 collocandum,
3020 2594 3064 2647 si
3100 2595 3253 2647 fateri
3311 2598 3556 2650 volumus
3594 2601 3880 2655 haereticos
3927 2605 4028 2658 his

2439 2685 2761 2736 criminibus
2822 2686 3102 2737 materiam
3143 2687 3376 2741 dedisse.
3411 2689 3660 2743 Testatur
3708 2695 3850 2745 enim
3913 2694 4032 2749 He-

2438 2778 2686 2844 goslppus
2737 2780 2874 2843 apud
2930 2778 3239 2842 Eusebium,
3289 2779 3455 2843 lltst.,
3509 2799 3580 2846 iv,
3626 2785 3714 2845 22,
3773 2784 4029 2842 nefarias

2439 2867 2554 2918 illas
2587 2869 2836 2925 iliBFCSCS.
2866 2882 2930 2919 ex
2963 2869 3156 2936 quibus
3186 2871 3304 2923 alia:
3347 2874 3595 2940 deinceps
3624 2876 4022 2942 proseminat-.r

2437 2959 3156 3029 sunt,llicrosolymisnasci
3204 2965 3451 3030 coepisse,
3499 2981 3620 3018 cum
3688 2967 3743 3019 S.
3789 2969 4025 3024 Siiiieon

2436 3050 2718 3116 episcopus
2744 3047 3240 3118 Hierosolymorum
3271 3054 3470 3109 electus
3521 3056 3639 3109 fuit.
3670 3057 3782 3110 Non
3809 3063 4013 3114 stricte

764 3153 830 3192 ex
896 3139 1287 3192 vetustioribus
1330 3138 1598 3190 haereticis
1638 3137 1975 3190 occasionem
2038 3149 2327 3204 rapuerunt
2359 3145 2402 3202 (ζ
2437 3136 2751 3187 sumendum
2779 3137 2916 3202 quod
2949 3144 3022 3188 ait
3046 3135 3287 3192 JttStiuus
3321 3142 3526 3210 legatos
3575 3161 3602 3196 a
3636 3145 3834 3201 iudicis
3879 3151 4024 3204 mis-

763 3218 959 3292 Judasi,
991 3231 1290 3296 praesertim
1335 3246 1400 3282 ex
1441 3227 1719 3281 Nicolaitis
1767 3238 1819 3281 et
1856 3227 2130 3282 Menandri
2163 3231 2328 3284 disci-

766 3323 929 3391 pulis,
957 3334 1188 3390 quorum
1221 3324 1378 3391 primi
1438 3324 1692 3376 videntur
1724 3322 2157 3389 promiscnorum
2203 3338 2332 3375 con-

765 3418 1047 3472 cubituum
1088 3417 1291 3469 rumori
1348 3418 1630 3470 materiam
1665 3421 1910 3484 dedisse;
1967 3418 2122 3471 alteri
2154 3428 2330 3470 autem

766 3525 889 3562 cum
921 3509 1110 3576 magia:
1149 3519 1334 3560 essent
1363 3509 1554 3571 dediti,
1599 3510 1755 3578 hujus
1801 3509 2022 3563 sceleris
2050 3510 2328 3574 invidiam,

765 3612 833 3650 ex
891 3614 999 3666 quo
1048 3597 1290 3666 proclive
1348 3598 1453 3652 fuit
1509 3599 1905 3654 infanticidiqu
1955 3601 2241 3668 suspicari,
2279 3601 2330 3654 iii

765 3704 955 3744 omnes
1008 3690 1375 3754 Christianos,
1411 3701 1547 3745 teste
1583 3689 1838 3756 Eusebio,
1905 3690 2070 3755 Hist.,
2099 3708 2183 3753 iii,
2240 3692 2331 3757 26,

767 3779 1104 3831 derivarunt.
1139 3777 1328 3845 Itaque
1378 3779 1422 3830 si
1457 3795 1486 3830 a
1519 3779 1711 3846 primis
1761 3780 2033 3834 haereticis
2069 3782 2331 3849 originem

771 3869 924 3932 mali,
957 3884 986 3920 a
1035 3871 1433 3936 posterioribus
1483 3871 1819 3923 incrementa
1873 3880 2204 3937 repetantur,
2239 3885 2334 3922 ex—

768 3959 1098 4026 plicabimus
1135 3962 1406 4028 quomodo
1437 3961 1609 4014 Judzci
1642 3971 1694 4014 et
1727 3962 1963 4015 lueretici
2000 3963 2066 4014 ad
2099 3963 2332 4015 dedecus

767 4053 1062 4106 Christiani
1096 4053 1331 4106 neminis
1360 4053 1760 4106 concurrerint.

838 4143 927 4197 IV.
974 4143 1258 4198 Postulant
1299 4143 1498 4199 Justini
1541 4146 1724 4208 verba,
1773 4155 1830 4197 ut
1876 4146 2146 4211 ap0sloius
2177 4160 2205 4197 a
2233 4143 2331 4198 Ju-

766 4238 897 4289 dazis
939 4245 1062 4288 ante
1097 4245 1308 4304 captam
1345 4251 1372 4287 a
1412 4236 1532 4289 Tito
1564 4236 1748 4289 urbem
1780 4237 1970 4290 missos
1995 4239 2158 4291 fuisse
2182 4239 2330 4291 dica-

767 4340 907 4378 mus.
933 4325 1047 4377 Duo
1071 4323 1215 4376 enitn
1247 4321 1449 4376 Judaeis
1479 4322 1861 4392 exprobrat,et
1894 4324 2035 4390 quod
2061 4326 2331 4390 apostolos

768 4417 832 4467 :id
853 4417 1184 4484 spargendas
1211 4415 1511 4468 calumnias
1536 4415 1804 4479 miserint,
1830 4418 2040 4484 etquod
2066 4427 2327 4485 praetcrea

2435 3239 2524 3277 sos
2553 3225 2734 3291 fuisse,
2770 3241 3047 3296 postquam
3071 3229 3251 3284 Jesutn
3279 3250 3340 3285 ex
3384 3237 3607 3290 mortuis
3650 3243 4025 3297 resurrexisse

2433 3327 2486 3369 et
2519 3319 2567 3368 iu
2600 3322 2766 3372 cmlos
2814 3322 3118 3375 ascendisse
3177 3338 3566 3392 cognoverunt.
3601 3328 3692 3381 Sic
3737 3333 3878 3383 enim
3936 3349 4022 3387 ait

2437 3411 2487 3463 in
2520 3413 2670 3477 Apol.
2709 3413 2759 3476 1,
2787 3431 2934 3467 num.
2961 3416 3049 3480 29,
3077 3428 3189 3482 post
3212 3418 3406 3472 Christi
3435 3423 3485 3473 in
3517 3421 3697 3476 (mlum
3739 3441 4020 3480 ascensum

2435 3502 2705 3556 immissos
2760 3504 2926 3559 fuisse
2969 3524 2997 3559 a
3055 3510 3385 3565 daamonibus
3435 3511 3732 3580 Simonem,
3785 3516 4018 3571 Menan-

2434 3597 2585 3648 drum
2620 3606 2672 3647 ct
2732 3594 3083 3650 Marcionein.

2509 3685 2567 3740 V.
2629 3688 2967 3742 Incredibilia
3029 3693 3277 3745 omnibus
3334 3694 3569 3748 curdatis
3622 3711 3832 3762 semper
3880 3702 4002 3754 visa

2434 3787 2558 3832 sunt
2609 3779 2724 3832 hazc
2770 3791 3073 3835 commenta
3113 3801 3123 3833 :
3159 3782 3356 3835 fatetur
3380 3801 3442 3838 ea
3467 3801 3494 3836 a
3529 3801 3658 3840 vero
3704 3787 4006 3841 abhorrere

2434 3866 2652 3936 Trypho
2700 3866 2920 3924 Judaeus
2971 3871 3207 3940 Dialog.,
3256 3891 3308 3927 ii.
3345 3876 3427 3928 10.
3508 3895 3524 3925 ι
3563 3877 3812 3946 Plerique
3843 3876 4014 3931 ﬁdem

2433 3958 2620 4010 talium
2662 3967 2977 4027 temperant,
3005 3981 3022 4014 ι
3051 3963 3222 4030 inquit
3263 3964 3624 4020 Tertullianus
3681 3985 3696 4021 ι
3731 3947 3802 4019 ad
3845 3967 4010 4034 Nat.,

2431 4062 2484 4100 c.
2515 4047 2568 4102 2.
2601 4047 2705 4101 Sed
2741 4059 2916 4102 tamen
2963 4053 3313 4118 jactationem
3371 4055 3672 4118 habebant,
3723 4055 3767 4108 si
3820 4056 4011 4110 minus

2433 4137 2618 4202 fidem;
2644 4149 2696 4192 et
2721 4140 2926 4194 centies
2953 4141 3180 4195 refutatu
3200 4145 3516 4212 exprobrari
3540 4161 3643 4198 non
3665 4146 4006 4202 desinebant.

2434 4227 2704 4297 Tempore
2756 4229 3031 4301 Origenis,
3070 4245 3125 4286 ut
3174 4244 3314 4301 patet
3366 4249 3431 4289 ex
3475 4236 3783 4289 testimonio
3830 4252 4000 4305 supra

2433 4321 2616 4386 allato,
2661 4341 2764 4376 non
2807 4325 2918 4392 jam
2962 4327 3174 4392 quidem
3214 4327 3470 4394 plurimos
3503 4337 3560 4380 ut
3587 4328 3737 4391 olim,
3779 4330 3872 4382 sed
3915 4341 4006 4382 ta-

2436 4430 2558 4467 men
2617 4416 2900 4469 nonnullos
2954 4417 3130 4470 adhuc
3179 4418 3553 4485 decipiebant;
3605 4433 3702 4472 nec
3754 4421 4007 4473 videntur

771 4508 904 4560 urbe
962 4520 1117 4576 capta
1172 4506 1520 4559 Christianos
1576 4507 1708 4560 diris
1746 4509 2012 4562 devovere
2045 4510 2329 4575 coeperint.
2363 4483 2406 4536 D
2437 4507 2676 4570 omnino,
2717 4507 2760 4561 si
2821 4506 3100 4561 Lactantio
3134 4510 3428 4574 credimus,
3455 4509 3725 4564 oblivione
3758 4522 3809 4564 et
3837 4513 4008 4565 silen-

769 4597 970 4651 Deinde
1002 4613 1128 4651 vero
1157 4613 1280 4651 cum
1309 4599 1455 4650 missi
1491 4598 1698 4651 fuerint
1725 4614 1752 4650 a
1787 4600 2342 4654 sacerdotibuslliero—

765 4689 1145 4760 solymitanis,
1203 4688 1252 4742 id
1315 4703 1632 4757 argumento
1691 4700 1772 4743 est
1831 4693 2062 4743 nondum
2115 4689 2330 4746 Judmos

769 4781 1057 4834 sacerdotii
1093 4781 1432 4847 splendorem
1473 4791 1524 4832 et
1559 4783 1743 4832 urbem
1780 4781 2046 4834 amisisse.
2071 4782 2332 4836 Eusebius

773 4872 911 4924 idem
941 4871 1151 4924 facinus
1177 4873 1423 4923 attribuit
1454 4871 2361 4938 sacerdotibusllierosnlyniitanis.

769 4961 1140 5015 Tertullianus
1165 4963 1324 5015 modo
1343 4962 1539 5014 citatus
1567 4963 1842 5029 infamiam
1867 4978 1896 5011 a
1927 4957 2135 5014 Iudicis
2161 4973 2328 5015 ortam

769 5054 899 5104 dicit
934 5061 1056 5106 ante
1083 5065 1294 5120 captain
1327 5050 1768 5120 Hierosolymam.

839 5141 968 5207 Quae
1019 5157 1047 5193 a
1102 5141 1469 5194 sacerdotibus
1489 5140 2327 5210 llicrosolymitauisacceperant

771 5231 962 5295 Judzei,
989 5247 1052 5284 ea
1081 5246 1337 5298 spargere
1388 5231 1440 5282 in
1495 5247 1653 5282 omne
1679 5232 1968 5283 humanum
1997 5245 2168 5300 genus
2218 5247 2322 5285 non

771 5323 1070 5384 desierunt,
1116 5332 1171 5374 ut
1214 5333 1438 5374 testatur
1478 5321 1748 5384 Justinus;
1791 5337 1852 5374 ac
1887 5323 2160 5391 gentilium
2210 5324 2325 5375 ani-

773 5431 889 5469 mos
915 5416 997 5467 his
1018 5416 1081 5468 de
1109 5415 1418 5468 Christiana
1457 5415 1716 5483 religione
1752 5417 1932 5482 pravis
1973 5417 2321 5484 opinionibus

766 5506 876 5575 jam
933 5507 1130 5559 dudum
1179 5517 1303 5561 ante
1360 5518 1574 5561 exortos
1616 5508 1716 5560 sub
1765 5508 2004 5561 Adriano
2037 5511 2322 5564 limreticos

774 5608 1298 5665 prmowupaverant,
1325 5609 1379 5650 ut
1427 5609 1570 5666 patet
1618 5615 1682 5653 cx
1717 5601 2036 5655 testimoniis
2080 5601 2237 5656 l‘linii
2269 5613 2323 5658 ct

847 5737 887 5768 θ’
914 5737 1108 5793 Annal.
1142 5736 1232 5791 lib.
1269 5752 1347 5792 xv.

2438 4600 2511 4651 tio
2561 4600 2768 4668 sepulta
2812 4601 3000 4664 fuisse,
3029 4601 3128 4655 nisi
3155 4611 3436 4670 postquam
3469 4605 3854 4658 Constantinus
3895 4609 4002 4658 iiii-

2434 4692 2565 4757 perii
2626 4691 2985 4757 gubernacula
3050 4693 3243 4745 tenuit.
3281 4693 3372 4746 Sic
3419 4695 3561 4746 enim
3602 4695 3709 4758 ille,
3759 4695 3852 4748 liii.
3889 4713 3958 4750 vn
3985 4738 4002 4760 ,

2433 4798 2481 4836 c.
2515 4781 2582 4834 26
2621 4802 2633 4835 :
2673 4802 2688 4833 ι
2728 4784 2924 4836 Verum
2959 4783 3030 4836 illi
3063 4786 3200 4838 hanc
3257 4786 3678 4839 taciturnitatem
3726 4799 3997 4852 nostram,

2434 4872 2594 4925 veluti
2650 4875 2845 4926 malam
2892 4876 3310 4938 conscientiam,
3367 4877 3728 4930 criminantur
3784 4897 3797 4931 :
3854 4883 4002 4935 unde

2433 4964 2596 5016 etiam
2630 4966 2886 5031 quasdam
2923 4967 3282 5020 exsecrabiles
3305 4970 3583 5035 opiniones
3611 4969 3677 5023 de
3704 4970 3915 5038 pudicis
3947 4985 4001 5025 ct

2432 5057 2810 5112 innocentibus
2849 5059 3078 5129 lingunt,
3110 5069 3163 5112 et
3192 5061 3422 5114 libenter
3455 5063 3536 5116 his
3561 5078 3682 5130 quae
3722 5063 4000 5118 tinxerunt

2431 5148 2680 5202 credunt.
2735 5149 2838 5202 Sed
2892 5152 3072 5203 omnia
3126 5153 3258 5220 jam,
3287 5153 3628 5207 sanctissime
3675 5154 3998 5222 imperator,

2432 5243 2680 5310 figmenta
2742 5243 2918 5311 sopita
2966 5253 3114 5308 sunt,
3168 5259 3231 5297 ex
3265 5259 3370 5310 quo
3407 5255 3456 5297 te
3492 5245 3632 5298 Deus
3655 5260 3894 5298 summus
3926 5251 3998 5301 ad

2433 5333 2826 5387 restituendum
2875 5334 3100 5402 justitite
3154 5337 3483 5390 domicilium
3547 5347 3600 5389 et
3652 5335 3716 5388 ad
3769 5337 3994 5392 tutelam

2429 5427 2641 5493 generis
2687 5428 2907 5481 humani
2951 5428 3228 5482 excitavit.
3265 5447 3280 5480 i
3320 5426 3540 5482 Videtur
3585 5429 3846 5482 Eusebius
3871 5431 3997 5482 exi-

2429 5518 2648 5572 stimare
2672 5519 2767 5572 has
2796 5518 3096 5574 calumnias
3127 5529 3250 5574 ante
3274 5519 3686 5573 Constantinum
3711 5521 3997 5576 exaruisse

2429 5611 2587 5681 idque
2634 5626 2698 5666 ex
2744 5609 2828 5666 his
2859 5610 3126 5680 colligitur
3165 5626 3279 5680 qua:
3315 5611 3569 5680 leguntur
3609 5611 3700 5666 lib.
3735 5627 3804 5676 tv,
3828 5626 3882 5665 c.
3910 5614 3940 5666 7
3976 5627 3988 5656 1
