4120 6432
177 404 275 461 153

1127 403 1189 462 D.
1227 404 1486 461 MARANI
1520 401 1912 462 PREFATIO.
1950 440 2019 449 ——
2050 406 2232 464 PARS
2269 407 2356 465 ill.

3314 412 3416 471 ιω

175 538 193 569 ι
228 520 505 576 Exstincta
553 532 673 587 est,
705 522 900 592 inquit,
953 527 1206 593 temporis
1259 527 1410 595 lapsu
1469 528 1742 582 calumnia
1774 535 1817 589 Α
1849 531 2018 583 nium.
2049 529 2210 584 Solus
2254 532 2398 584 enim
2444 527 2686 584 Justinus
2712 529 3023 597 Apologiam
3053 530 3271 596 obtulit,
3293 548 3414 604 qua

171 609 281 671 illa,
333 627 449 678 qua:
502 606 766 666 universas
819 615 1059 684 religioni
1127 630 1324 674 nostrae
1396 619 1572 674 aiiicta
1628 623 1738 675 fue-

169 712 352 756 rat....
412 704 546 756 adeo
585 712 641 757 ut
678 708 872 760 exinde
895 724 1050 762 nemo
1083 712 1147 763 ad
1193 723 1375 765 nostra
1401 729 1568 781 usque
1605 729 1738 768 tem-

169 806 307 860 pora
357 810 518 847 ausus
571 797 638 848 sit
671 797 830 849 ullatn
875 799 1112 854 infamim
1153 801 1327 855 labem
1369 804 1488 857 lidei
1536 815 1738 859 nostra:

170 903 455 956 aspergere
479 891 572 959 (ὡς
609 893 805 962 μηδένα
831 895 936 948 τῶν
964 901 1041 961 εἰς
1062 899 1155 952 νῦν
1189 901 1422 971 αἰσχρὰν
1460 905 1738 976 ἐπιφέρειν

167 979 368 1050 enipi»
396 982 533 1035 κατὰ
556 984 651 1052 τῆς
685 985 918 1052 πίστεως
975 989 1129 1060 ἡμῶν
1159 991 1487 1065 δυσφημίαν)
1513 1009 1605 1050 aut
1641 999 1739 1052 ali-

167 1085 332 1137 quam
363 1073 632 1141 ejusmodi
657 1075 982 1132 calumniam
1028 1081 1252 1148 inferre,
1275 1086 1486 1152 qualem
1525 1103 1739 1145 veteres

171 1162 242 1215 illi
275 1174 476 1217 nostra
532 1164 798 1237 religionis
829 1169 1009 1225 hostes
1032 1170 1235 1240 jactare
1262 1190 1673 1236 consueverant.
1715 1201 1735 1234 ι

790 1279 1018 1336 CAPUT
1055 1281 1119 1337 V.

171 1362 451 1428 Quomodo
480 1376 530 1418 et
558 1383 660 1436 quo
701 1386 941 1452 successu
971 1374 1140 1441 prima
1182 1377 1441 1449 Apologia
1473 1379 1650 1437 oblata
1679 1393 1727 1437 et

596 1454 699 1505 quo
724 1452 1051 1507 potissimum
1081 1455 1335 1513 tempore.

165 1544 200 1592 Ῑ.
223 1548 450 1625 Justinus
474 1552 758 1625 Apologiam
784 1557 909 1625 apud
931 1557 1241 1625 Actadeponi
1282 1574 1514 1625 postulat.
1543 1570 1743 1619 ll.Con-

221 1624 401 1689 fusus
425 1613 574 1689 edicti
605 1613 910 1689 imperatoris
932 1634 1040 1689 eum
1063 1613 1601 1689 hacﬂApologiaiJIl—l‘.’
1621 1613 1743 1679 Viri-

220 1672 802 1742 dictatur_3tntonino_hoc
829 1681 1099 1730 decretum.
1128 1672 1204 1733 iV.
1237 1672 1456 1737 vidéi’di‘
1481 1672 1608 1741 circa
1638 1672 1742 1742 '56—

221 1745 335 1780 num
364 1735 456 1782 150
479 1737 676 1797 scripta.
700 1739 844 1788 V.De
872 1744 1076 1802 epistola
1107 1745 1167 1793 Μ.
1189 1735 1403 1799 Aurelii.

230 1837 267 1891 Ι.
326 1840 592 1910 Apologia
653 1847 914 1913 prolixior
964 1847 1333 1923 Justini,qua:
1380 1855 1434 1910 in
1485 1860 1735 1915 omnibus

163 1929 515 1999 editionibus,
574 1948 793 2005 excepta
873 1942 1209 2008 Londinensi,
1262 1957 1382 2012 post
1427 1951 1726 2006 breviorem

163 2020 416 2085 volvitur,
444 2026 688 2079 omnium
720 2044 982 2086 consensu
1015 2036 1183 2100 prima
1218 2042 1552 2107 agnoscitur.
1579 2043 1726 2098 llanc

163 2109 426 2178 Justinus,
461 2124 521 2168 ut
584 2116 696 2186 ipse
747 2127 978 2176 testatur
1024 2124 1074 2179 in
1126 2127 1370 2199 Dialogo,
1406 2147 1463 2186 η.
1511 2135 1633 2198 £20,
1663 2138 1729 2192 ad

162 2201 286 2252 Acta
310 2203 532 2269 obtulit,
566 2221 628 2259 ac
675 2208 826 2275 petiit
854 2220 914 2264 ut
945 2221 1352 2272 commentariis
1381 2222 1611 2288 publicis
1642 2227 1729 2279 iu-

163 2299 521 2359 scriberetur.
567 2306 659 2358 Ait
708 2308 852 2361 enim
892 2326 951 2365 se
992 2315 1282 2386 ἐγγράφως
1317 2321 1519 2375 adiisse
1548 2323 1732 2378 Cresa-

165 2403 295 2444 rem.
326 2391 490 2448 Vocis
519 2397 809 2468 ἐγγράφως
845 2402 986 2456 hanc
1030 2406 1134 2458 vim
1177 2416 1229 2460 et
1259 2413 1584 2466 sententiam
1610 2431 1731 2470 esse

163 2479 487 2548 observavi;
518 2491 611 2540 sed
641 2499 902 2556 praeterea
927 2503 984 2546 ut
1015 2497 1084 2547 ita
1112 2498 1511 2569 interpretarer
1545 2517 1733 2562 auctor

163 2567 282 2636 ipse
312 2570 564 2629 Justinus
603 2576 722 2642 fuit,
755 2582 845 2649 qui
891 2584 989 2638 hoc
1031 2567 1273 2654 factum,
1298 2602 1357 2646 ut
1414 2597 1576 2650 animi
1625 2615 1730 2655 non

164 2665 334 2719 timidi
360 2667 639 2734 specimen
672 2673 919 2741 exhibet;
959 2678 1098 2745 quod
1130 2682 1382 2738 nimirum
1407 2703 1567 2744 ausus
1593 2701 1735 2746 esset

165 2754 539 2814 Samaritanus
589 2762 641 2814 in
685 2766 886 2834 scripto
929 2769 992 2822 ad
1036 2771 1167 2825 Acta
1204 2775 1383 2830 oblato
1419 2787 1472 2832 et
1520 2780 1732 2847 publice

161 2857 441 2903 asservato
469 2866 690 2909 summa
714 2856 1021 2924 impietatis,
1055 2879 1161 2918 non
1191 2865 1479 2924 formidata
1522 2873 1731 2930 illorum

162 2936 465 3005 ineundis,
511 2957 788 2998 accusare.
819 2945 874 3000 lu
926 2947 1038 3016 ipsa
1085 2955 1370 3026 Apologia,
1400 2977 1456 3014 n.
1506 2964 1604 3027 26,
1638 2981 1732 3026 no-

163 3029 327 3082 stulat
373 3034 444 3085 ab
487 3034 814 3102 imperatore
845 3051 902 3093 ut
946 3053 1194 3100 senatum
1230 3052 1587 3123 populumque
1621 3056 1732 3110 llo-

163 3136 378 3175 manum
421 3124 582 3193 hujus
623 3128 784 3184 libelli
835 3134 1089 3203 supplicis
1132 3142 1434 3209 cognitores
1478 3149 1729 3205 asciscat.

161 3212 218 3266 ln
246 3217 493 3270 secunda
542 3219 816 3290 Apologia.
845 3234 906 3278 ut
951 3226 1091 3280 infra
1139 3233 1461 3301 videbimus,
1498 3242 1726 3306 primam

162 3313 218 3356 ut
253 3315 436 3358 notam
498 3317 554 3362 et
596 3313 808 3380 publice
857 3331 1186 3375 asservatam
1236 3325 1572 3399 citat;quod
1601 3337 1726 3403 qui-

165 3395 278 3449 dem
325 3413 646 3468 argumento
674 3404 941 3474 estjustze
997 3414 1239 3482 petitioni
1271 3395 1470 3476 nullam
1517 3395 1724 3483 moram

168 3490 404 3545 attulisse
430 3493 787 3556 Antoninum.

227 3586 358 3652 Quae
385 3590 439 3642 in
473 3591 574 3644 hac
597 3593 850 3664 Apologia
881 3597 1152 3668 leguntur,
1198 3619 1303 3659 non
1330 3609 1508 3664 minus
1529 3608 1726 3667 Justini

161 3680 523 3734 constantiam
553 3690 607 3736 et
630 3687 795 3741 animi
842 3689 1110 3747 charitate
1138 3695 1329 3750 fervidi
1356 3698 1724 3758 fortitudinem

160 3768 465 3835 declarant,
496 3787 658 3842 quam
713 3777 826 3847 ipsa
878 3781 1135 3838 oﬂ'erendi
1171 3789 1330 3843 ratio.
1374 3791 1594 3850 Monere
1619 3811 1723 3850 non

160 3859 368 3915 dubitat
399 3863 782 3933 imperatorem
814 3871 1036 3942 ejusque
1075 3877 1217 3933 ﬁlios
1245 3896 1309 3934 ex
1334 3882 1558 3952 judicio,
1581 3889 1726 3959 quod

160 3950 225 4004 de
239 3951 570 4011 Christianis
594 3955 730 4012 lecta
757 3960 859 4015 hac
885 3965 1140 4035 Apologia
1167 3950 1361 4034 ferent,
1388 3983 1568 4029 utrum
1598 3950 1726 4034 vere

161 4041 228 4107 pii
247 4053 293 4097 et
309 4045 610 4115 philosOpIti
638 4059 688 4104 et
707 4049 932 4119 justitia:
953 4061 1191 4113 custodes
1218 4072 1268 4115 et
1295 4067 1547 4124 doctrina:
1577 4088 1726 4126 anta-
1813 4063 1822 4076 ’

163 4142 292 4188 tam
345 4137 482 4203 sint,
507 4141 834 4199 aestimatum
881 4147 971 4202 iri.
1006 4149 1265 4215 Quamvis
1290 4170 1399 4210 non
1448 4159 1726 4229 ignoraret

163 4239 315 4292 quam
363 4226 752 4286 immoderatus
779 4233 972 4291 luisset
1002 4239 1308 4298 Antoninus
1337 4245 1389 4300 in
1427 4226 1563 4316 grati
1596 4265 1720 4318 erga

161 4315 459 4374 Adrianum
518 4323 682 4378 animi
741 4328 1262 4400 signiﬁcationibus;
1306 4315 1494 4406 objicit
1543 4315 1721 4399 tamen

163 4410 447 4477 gentilibus
479 4413 530 4468 id
551 4417 927 4484 quodAdriani
958 4424 1158 4479 nomini
1182 4429 1566 4497 sempiternam
1587 4434 1724 4488 infa-

162 4503 316 4556 miam
353 4503 587 4570 inussit,
616 4509 837 4565 Antinoi
884 4514 1024 4568 inter
1061 4517 1191 4572 deos
1227 4529 1717 4581 consecrationem.

163 4590 261 4647 Sed
291 4611 399 4649 non
432 4597 479 4650 is
503 4607 619 4651 erat
637 4601 960 4670 Antoninus,
988 4621 1147 4676 quem
1204 4612 1462 4681 ejusmodi
1496 4615 1717 4672 libertas

163 4685 476 4742 oll'enderet.
505 4689 640 4755 Quin
664 4695 860 4763 potius,
893 4708 951 4749 ut
974 4698 1040 4753 de
1070 4701 1391 4759 Christianis
1415 4721 1560 4777 aqua
1594 4725 1720 4763 sen-

165 4781 304 4846 tiret,
349 4800 413 4839 ac
464 4801 649 4841 eorum
692 4791 943 4858 pietatem
976 4797 1170 4854 debitis
1197 4800 1444 4858 laudibus
1474 4818 1716 4874 ornaret,

162 4874 446 4930 adduxisse
467 4891 590 4931 eum
622 4880 889 4949 videntur,
914 4889 1143 4943 eximius
1173 4893 1336 4947 animi
1369 4897 1592 4964 candor,
1623 4902 1714 4969 qui

163 4965 210 5016 in
234 4976 345 5022 toto
377 4970 553 5023 elucet
579 4986 758 5040 opere,
786 4992 851 5032 ac
877 4983 1184 5048 dogmatum
1209 4982 1533 5045 Christiana:
1586 4965 1716 5045 reli-

163 5057 362 5123 gionis,
408 5074 798 5132 praceptorum
838 5067 1078 5134 Christi,
1134 5077 1542 5144 prophetiarum
1583 5097 1718 5149 quas

162 5160 378 5203 eventus
400 5152 836 5222 conﬁrmaverat,
867 5160 1119 5216 virtutum
1144 5179 1279 5232 quas
1298 5165 1595 5233 Christiani
1620 5188 1716 5226 co-

163 5237 354 5305 lebant,
387 5243 587 5299 rituum
600 5246 1356 5325 deniqueetcaeremoniarum,
1377 5275 1510 5329 quas
1530 5263 1581 5316 in
1604 5278 1718 5335 my-

161 5333 332 5387 steriis
343 5336 456 5388 suis
467 5337 1066 5407 observabant,sincera
1080 5357 1132 5401 et
1151 5361 1400 5405 accurata
1423 5333 1712 5422 expositio.

221 5426 280 5480 ll.
301 5426 560 5481 Testatur
585 5431 827 5487 Zonaras
852 5436 994 5490 hunc
1011 5438 1280 5510 Apologia;-
1302 5442 1358 5497 S.
1377 5443 1570 5499 Justini
1594 5447 1709 5501 fru-

159 5529 296 5572 ctum
327 5519 520 5584 fuisse,
545 5534 602 5575 ut
633 5528 1064 5591 persecutionem
1109 5531 1413 5589 Antoninus
1459 5539 1700 5605 compri-

159 5622 337 5666 meret.
382 5610 631 5670 Pluribus
685 5619 842 5673 rebus
891 5621 1244 5678 conﬁrmatur
1308 5630 1410 5682 hoc
1461 5630 1704 5685 testimo-

159 5783 345 5841 “Vitae
372 5788 566 5846 Anton.
601 5807 650 5862 p.
679 5792 799 5846 ξοδ.
877 5798 916 5824 ιι
961 5793 1021 5849 s.
1063 5796 1118 5868 2,
1180 5809 1228 5870 ε,
1298 5801 1382 5868 ιι,
1421 5802 1625 5872 12,17.
1693 5805 1737 5839 ιι
1766 5805 1831 5861 N.
1871 5807 1924 5863 7.

1839 621 1904 673 de
1933 623 2370 676 Christianorum
2407 623 2569 676 rebus
2608 621 2998 690 imperatorem
3037 624 3267 680 edocure
3293 642 3410 695 pos-

1840 722 1938 766 set.
1971 711 2218 766 Nonnulli
2252 713 2468 782 quidem
2501 728 2566 766 ex
2609 713 2735 765 Asia
2784 712 2978 767 fratres
3004 716 3257 782 querelas
3289 733 3412 774 suas

1841 804 1979 870 apud
2030 805 2361 858 Antoninum
2410 803 2816 867 detulerunt“;
2877 808 2971 857 sed
3021 819 3086 858 ex
3151 806 3413 873 ejusmodi

1839 892 2079 960 querelis
2132 909 2237 946 non
2293 894 2505 946 videtur
2548 903 2691 946 tanta
2749 893 3034 962 religionis
3084 893 3413 952 Christiana)

1845 986 2084 1054 cognitio
2118 985 2321 1054 percipi
2371 1000 2549 1053 posse,
2584 996 2787 1054 quanta
2820 986 2870 1036 in
2903 985 3104 1040 litteris
3154 988 3413 1041 Antonini

1840 1078 2034 1131 elucet.
2067 1079 2176 1131 Soli
2212 1078 2428 1132 Justino
2477 1088 2812 1132 reservatum
2849 1080 2949 1133 fuit
2995 1080 3251 1137 Ecclesiae
3287 1097 3414 1136 cau-

1841 1182 1953 1221 sam
2000 1169 2344 1238 dogmatibus
2373 1179 2427 1222 et
2453 1169 2714 1223 institutis
2771 1178 3028 1225 accurate
3079 1170 3412 1240 exponendis

1841 1274 2022 1330 agere.
2081 1260 2389 1326 Quinetiam
2444 1269 2624 1315 tantus
2664 1267 2749 1315 est
2800 1261 3007 1317 decreti
3069 1263 3413 1330 imperatoris

1841 1366 1962 1405 cum
2016 1351 2212 1404 Justini
2261 1352 2516 1419 Apologia
2550 1366 2873 1417 consensus,
2910 1359 2967 1407 ut
2996 1352 3048 1406 in
3087 1355 3412 1407 sententiam

1843 1442 1900 1496 S.
1966 1445 2214 1512 martyris
2285 1452 2662 1497 constructum
2733 1444 3007 1506 videatur.
3063 1444 3413 1498 Demonstrat

1841 1531 2086 1587 Justinus
2138 1535 2324 1587 atheos
2385 1550 2490 1586 non
2538 1548 2660 1587 esse
2708 1535 3079 1601 Christianos,
3110 1548 3211 1589 nec
3243 1533 3412 1589 ullum

1843 1625 2119 1678 hominum
2191 1640 2358 1692 genus
2421 1624 2490 1677 ab
2531 1625 2654 1678 aliis
2708 1626 3052 1689 criminibus,
3106 1641 3226 1694 quas
3282 1625 3412 1692 ipsis

1842 1713 2264 1781 aﬂingebantur,
2297 1714 2469 1783 magis
2495 1729 2615 1768 esse
2644 1716 2902 1768 alienum.
2933 1715 3022 1770 Sic
3047 1717 3210 1770 etiam
3244 1716 3413 1785 impeb

1842 1815 1995 1858 rator
2019 1803 2070 1857 in
2099 1804 2296 1858 litteris
2328 1806 2395 1858 ad
2422 1820 2710 1858 commune
2737 1807 2880 1860 Asiae
2903 1807 3045 1860 datis
3073 1805 3413 1862 Christianus

1842 1896 2120 1950 immerito
2150 1897 2344 1952 atheos
2386 1898 2564 1952 vocari
2598 1899 2930 1966 pronuntiat,
2967 1908 3021 1952 et
3060 1899 3182 1953 aliis
3224 1901 3410 1953 crimi-

1831 1988 2016 2051 nibus,
2043 2003 2162 2054 qum
2200 1990 2418 2056 probari
2475 2004 2581 2043 non
2633 2000 2888 2055 possunt,
2924 1991 2974 2045 in
3010 1992 3269 2046 invidiam
3322 1992 3412 2045 ad-

1835 2077 1980 2132 duci.
2013 2079 2143 2133 Orat
2198 2078 2442 2134 Justinus
2477 2091 2529 2134 ut
2573 2083 2626 2134 in
2659 2081 3004 2138 Christianos
3034 2088 3222 2138 eadem
3262 2084 3410 2154 judi-

1831 2167 2035 2222 ciorum
2090 2169 2264 2224 forma
2323 2187 2388 2226 ac
2430 2173 2484 2226 in
2531 2175 2665 2226 alios
2709 2175 2957 2229 homines
3006 2184 3276 2230 servetur.
3313 2177 3410 2232 Sic

1831 2261 1996 2313 etiam
2045 2261 2350 2317 Antoninus
2389 2266 2580 2317 statuit
2646 2265 2778 2317 nihil
2823 2266 3018 2334 negotii
3061 2270 3409 2322 exhibendum

1831 2368 1941 2405 esse
1979 2354 2173 2407 talibus
2200 2356 2518 2420 hominibus,
2547 2357 2647 2409 nisi
2685 2358 2812 2425 quid
2846 2358 3097 2413 adversus
3124 2361 3410 2430 imperium

1833 2441 2131 2496 Romanum
2154 2445 2326 2498 moliri
2363 2447 2844 2514 deprehendantur.
2876 2449 3214 2518 Apposuerat
3239 2451 3409 2507 Justi-

1837 2548 1941 2586 nus
1972 2536 2238 2605 Apologiaz
2283 2553 2393 2592 suae
2422 2540 2705 2606 epistolam
2734 2542 2958 2595 Adriani
2995 2545 3060 2597 ad
3110 2544 3405 2601 Minucium

1840 2622 2166 2677 Fundanum
2203 2644 2215 2678 :
2255 2629 2562 2682 Antoninus
2605 2631 2884 2683 decretum
2912 2631 3137 2687 Adriani
3167 2651 3407 2691 comme-

1847 2725 2050 2779 morat,
2108 2730 2273 2784 seque
2333 2717 2478 2772 illius
2540 2720 2769 2789 vestigia
2831 2736 3079 2788 premere
3117 2725 3406 2794 gloriatur.

1847 2806 2096 2862 Declarat
2116 2807 2360 2863 Justinus
2380 2813 2422 2842 “
2443 2811 2783 2868 Christianos
2798 2816 2970 2870 occ’idi
2991 2818 3206 2884 quidem
3227 2835 3407 2889 posse,

1841 2897 1958 2952 lzedi
2013 2914 2141 2953 vero
2191 2917 2563 2972 nequaquam;
2627 2904 2865 2972 optabile
2921 2909 3064 2961 enim
3124 2910 3230 2964 illis
3290 2927 3410 2967 esse

1837 2997 2064 3042 mortem
2113 3003 2463 3060 oppetere,ut
2485 3011 2546 3049 ea
2579 3012 2699 3065 quae
2732 3013 2949 3067 sperant
2985 3016 3406 3071 consequantur.

1834 3076 1976 3132 idem
2007 3079 2112 3134 illis
2137 3083 2501 3136 testimonium
2545 3088 2734 3140 tribuit
2773 3089 3100 3146 Antoninus.
3154 3093 3272 3148 Non
3307 3110 3405 3163 po-

1756 3209 1799 3267 Ο
1834 3168 2000 3222 stulat
2047 3166 2380 3237 Justinus“,
2410 3182 2467 3226 ut
2514 3175 2780 3232 delatores
2814 3179 3249 3238 Christianorum
3298 3202 3401 3255 pu-

1835 3264 2172 3328 niantur,vel
2204 3268 2382 3333 potius
2415 3283 2629 3335 poenam
2660 3271 2766 3325 illis
2791 3275 3188 3342 quodammodo
3219 3278 3408 3347 depre-

1831 3363 2005 3408 catur.
2045 3356 2114 3408 At
2151 3356 2463 3424 imperator,
2496 3358 2622 3412 dum
2667 3375 2761 3415 eos
2811 3365 2988 3430 puniri
3034 3365 3208 3432 jubet,
3235 3372 3406 3438 magis

1832 3445 2068 3508 videtur,
2102 3446 2282 3499 itidem
2319 3458 2376 3500 ut
2408 3449 2700 3516 Adrianus,
2733 3454 3109 3510 considerasse
3146 3460 3287 3524 quod
3317 3459 3406 3528 ju-

1830 3537 1976 3589 stitia
2027 3535 2082 3590 in
2125 3537 2371 3592 homines
2426 3539 2665 3596 nefarios
2717 3545 2935 3597 decerni
2992 3545 3200 3614 jubeat,
3235 3563 3400 3617 quam

1827 3628 1960 3698 quid
1998 3626 2298 3683 Christiani
2349 3631 2585 3686 inimicis
2633 3634 2748 3687 suis
2777 3643 3028 3702 peterent
3073 3639 3400 3698 condonari.

1828 3719 1981 3785 Quod
2015 3731 2196 3776 autem
2227 3723 2304 3775 ait
2331 3723 2560 3792 gentiles
2587 3723 2683 3778 Dei
2711 3726 2923 3780 colendi
2955 3730 3212 3782 rationem
3251 3733 3402 3801 igno-

1831 3827 1971 3874 rare,
2031 3820 2080 3864 et
2121 3813 2322 3866 idcirco
2355 3816 2441 3879 iis,
2468 3818 2560 3882 qui
2598 3817 2748 3871 illum
2772 3818 2970 3883 colunt,
2995 3820 3222 3876 invidere
3256 3835 3302 3878 et
3331 3826 3402 3878 ad

1827 3908 2041 3953 mortem
2070 3917 2231 3970 usque
2253 3901 2498 3958 inseciari
2537 3947 2552 3970 ,
2583 3906 2739 3962 facile
2755 3919 2832 3964 est
2857 3925 3023 3979 quam
3041 3922 3400 3969 consentanea

1826 3990 1942 4044 haec
1963 3993 2072 4045 sint
2096 3991 2294 4048 Justini
2322 3996 2590 4065 Apologia:
2621 3999 3073 4058 animadvertere.
3099 4002 3223 4058 Haec
3257 4006 3401 4060 enim

1837 4081 1984 4136 illius
2015 4099 2193 4152 operte
2222 4101 2326 4139 non
2362 4086 2586 4141 minima
2621 4105 2745 4158 pars
2766 4094 2994 4160 exstitit,
3028 4104 3088 4148 ut
3114 4095 3385 4151 Christia-

1827 4188 1925 4228 nos
1963 4176 2030 4230 ob
2059 4178 2170 4230 veri
2209 4177 2300 4230 Dei
2331 4178 2557 4243 cultum,
2579 4183 2880 4238 damonum
2908 4186 3324 4256 machinatione,
3343 4188 3398 4245 in

1829 4265 2092 4320 invidiam
2129 4271 2313 4323 vocari
2347 4271 2770 4327 demonstraret.
2807 4275 2930 4332 Vid.
2965 4293 3020 4331 n.
3056 4278 3123 4331 12
3151 4290 3202 4335 et
3224 4280 3316 4335 46.

1899 4355 2074 4411 Unum
2107 4370 2190 4414 est
2229 4361 2280 4413 in
2311 4363 2506 4418 litteris
2534 4363 2897 4433 imperatoris,
2928 4370 2995 4423 de
3025 4386 3130 4439 quo
3161 4387 3265 4427 non
3309 4376 3392 4429 vi-

1827 4447 2020 4502 deatur
2053 4451 2233 4520 egisse
2267 4450 2546 4522 Justinus,
2576 4457 2830 4510 nimirum
2863 4467 3225 4526 terrmmotus,
3258 4479 3398 4532 quo-

1757 4575 1796 4626 υ
1828 4557 1945 4594 rum
1995 4559 2214 4597 causam
2266 4549 2585 4615 repetebant
2625 4551 2857 4618 gentiles
2900 4565 2967 4604 ex
2998 4563 3313 4624 contempto
3367 4573 3397 4611 a

1824 4635 2149 4691 Christianis
2181 4639 2402 4693 deorum
2443 4640 2611 4694 cultu.
2647 4642 2754 4696 Sed
2796 4660 2921 4697 cum
2969 4645 3084 4699 haec
3131 4648 3400 4704 scriberet

1823 4725 2094 4794 Justinus,
2128 4732 2364 4786 nondum
2402 4734 2659 4788 videntur
2705 4737 2786 4790 ha:
2816 4737 3159 4794 calamitates
3192 4753 3399 4797 exorta:

1825 4819 2011 4871 luisse.

1901 4910 1985 4963 lll.
2038 4909 2153 4964 Non
2203 4913 2650 4969 dissimulandum
2702 4926 2786 4970 est
2835 4918 2936 4972 has
2987 4921 3054 4973 ad
3105 4935 3399 4979 commune

1824 4997 1969 5053 Asia:
1999 4999 2211 5056 litteras
2240 5004 2409 5057 videri
2443 5005 2688 5074 pluribus
2717 5007 2947 5064 eruditis
2991 5011 3357 5081 scriptoribus
3378 5058 3393 5080 ,

1826 5099 1885 5141 ut
1914 5085 2220 5159 Scaligero,
2263 5091 2499 5155 Valesio,
2525 5094 2729 5150 Grahio
2751 5107 2805 5151 et
2832 5097 2978 5162 aliis,
3010 5115 3114 5154 non
3138 5103 3395 5156 Antonini

1827 5193 1963 5241 esse.
2015 5184 2108 5236 sed
2139 5182 2311 5238 Marci
2362 5185 2594 5242 Aurelii.
2630 5189 2738 5243 Sed
2784 5203 2975 5244 eorum
3017 5193 3397 5260 improbabilis

1825 5287 2053 5341 prorsus
2082 5276 2286 5344 opinio.
2320 5275 2454 5332 Nam
2485 5289 2544 5332 ut
2574 5277 2927 5346 Tillemontii,
2962 5285 3059 5353 qui
3101 5302 3195 5340 eas
3227 5292 3394 5343 Anto-

1827 5359 1954 5414 nino
1987 5361 2245 5429 vindicat,
2275 5365 2543 5419 rationum
2568 5378 2842 5423 momenta
2871 5371 3110 5428 breviter
3135 5375 3390 5432 referam.

1822 5450 1875 5505 1ο
1897 5450 2113 5508 Eusebii
2139 5461 2438 5512 auctoritas
2463 5457 2538 5524 ⁸³,
2562 5460 2653 5528 qui
2704 5475 2798 5517 eas
2837 5463 3112 5520 Antonino
3159 5469 3348 5523 tribuit
3371 5513 3388 5536 ,

1815 5544 2033 5598 maximi
2078 5545 2240 5600 debet
2270 5561 2392 5602 esse
2423 5551 2703 5618 ponderis.
2727 5553 2787 5605 2°
2820 5553 2933 5610 Soli
2965 5556 3245 5612 Antonino
3269 5576 3390 5615 cun-

1816 5638 2067 5702 veniunt,
2100 5639 2194 5703 qui
2225 5641 2524 5697 Adrianum
2570 5645 2717 5704 solus
2759 5649 3036 5719 appellare
3081 5654 3256 5720 potuit
3295 5672 3390 5725 pa-

2015 5808 2059 5840 ”
2104 5807 2239 5867 llist.
2278 5827 2351 5880 tv,
2387 5813 2480 5868 ‘26.
