4120 6410
737 351 841 408 133

1617 343 1674 399 S.
1708 341 2043 398 JUSTINUS
2080 340 2564 398 PlIlLOSOPHUS
2606 340 2694 396 ET
2745 341 3057 398 IARTYR.

3890 334 3995 390 136

745 476 955 526 rentem
990 483 1174 532 suum,
1223 480 1290 522 ac
1333 467 1483 522 solus
1527 475 1651 535 post
1688 467 1987 521 Adrianum
2025 467 2115 520 illa
2151 475 2316 520 :etate
2345 480 2391 536 Α
2420 467 2512 519 nio
2540 475 2594 521 et
2626 465 2796 521 Sexto
2827 466 3066 520 deditum
3097 463 3269 518 fuisse
3303 469 3533 518 testatur
3560 461 3736 519 Julius
3769 462 3994 534 Capito-

740 563 873 616 favit
900 561 1250 617 Christianis.
1284 559 1440 613 Hunc
1467 560 1614 613 enim
1642 568 1858 613 constat
1886 573 1947 613 ea
1981 560 2049 612 ad
2081 561 2318 612 civitates

738 672 800 709 oc
824 656 1139 709 nominatim
1170 654 1239 706 ad
1269 650 1578 711 Larisaeos.
1609 653 1676 704 ad
1709 650 2222 715 Thessalonicenses,
2249 653 2317 704 ad

738 749 1099 810 Athenienses,
1130 747 1201 799 ad
1228 749 1496 800 uniuersos
1517 746 1736 814 denique
1768 741 1979 796 Gnaeos
2006 745 2315 813 scripsisse,

738 857 860 909 qua:
893 842 944 894 in
977 839 1177 894 litteris
1210 841 1277 892 ad
1308 853 1598 892 commune
1627 837 1770 890 Asia
1804 837 2078 904 leguntur,
2123 853 2318 905 nempe

741 947 803 982 ns
844 931 974 999 quid
1021 930 1139 983 novi
1178 931 1427 982 adversus
1476 926 1808 981 Christianos
1862 927 2194 982 molirentur.
2249 928 2320 979 At

740 1016 1204 1087 Marcus-semper
1232 1017 1569 1072 Christianis
1601 1018 1821 1084 iniquus
1852 1016 1974 1070 fuit.

808 1111 1035 1179 Legitur
1061 1113 1284 1180 quidem
1330 1113 1382 1165 iu
1434 1112 1592 1165 titulo
1625 1111 1872 1180 epistola
1915 1113 1983 1165 ad
2024 1119 2319 1166 commune

737 1203 878 1255 Asia:
909 1203 1134 1274 Μάρκος
1163 1200 1454 1272 Αὐρήλιος,
1471 1202 1562 1255 sed
1597 1216 1780 1255 navus
1803 1210 1909 1264 est,
1942 1201 2204 1268 antiquus
2228 1201 2319 1257 ille

736 1292 981 1360 quidem,
1003 1308 1127 1346 cum
1153 1295 1233 1347 sic
1258 1295 1456 1346 haheat
1483 1291 1749 1356 Rullinus,
1778 1295 1872 1347 sed
1899 1304 2078 1357 tamen
2109 1309 2315 1358 naevus;

737 1382 1051 1450 prnADttog,
1093 1395 1150 1436 ut
1181 1385 1322 1453 apud
1347 1381 1645 1438 Justinum.
1675 1383 1919 1438 l’rocllve
1942 1383 2048 1438 fuit
2076 1385 2316 1441 librariis

737 1473 789 1526 in
826 1476 1053 1530 vocibus
1079 1476 1216 1529 adeo
1245 1477 1518 1530 similibus
1539 1491 1748 1530 errare.

804 1563 1031 1619 Frustra
1083 1566 1342 1634 obiicitur
1384 1566 1666 1621 silentium
1712 1567 2006 1622 Melitonis.
2046 1566 2094 1620 ls
2131 1569 2314 1632 enim,

735 1655 839 1708 etsi
888 1655 1032 1709 inter
1081 1657 1346 1724 epistolas
1400 1659 1470 1712 ab
1519 1661 1794 1713 Antonino
1839 1675 1938 1728 pro
1983 1659 2315 1715 Christianis

735 1745 1002 1814 scriptas,
1052 1762 1159 1800 non
1206 1763 1300 1802 eas
1350 1743 1674 1804 nominatim
1734 1761 2020 1817 recenset,
2078 1766 2199 1820 qua:
2247 1752 2314 1806 ad

2423 559 2587 612 linus.
2617 558 2752 611 Illud
2777 568 2985 620 autent,
3017 559 3222 628 ἐραστῇ
3254 556 3523 622 παιδείας,
3550 556 3807 612 doctrina
3843 574 3993 612 ama-

2421 651 2545 711 tori,
2573 650 2716 718 quod
2746 664 2868 704 cum
2902 649 3213 718 phil030phi
3259 648 3414 704 titulo
3440 664 3746 718 congruere
3772 659 3993 717 negant,

2421 743 2554 796 satis
2597 757 2904 811 congruere
2952 743 3371 796 observavimus
3423 744 3474 796 in
3523 742 3876 797 adnotatione
3930 745 4000 798 ad

2423 834 2572 887 hunc
2629 833 2842 899 locum;
2904 843 3069 902 atque
3124 834 3340 887 etiamsi
3396 827 3762 888 eruditionem
3818 835 4001 904 potius

2420 938 2586 992 quam
2617 923 3010 993 philosophiam
3079 924 3422 992 designaret;
3465 940 3644 980 annon
3678 927 3851 994 potuit
3877 925 4004 980 Jus-

2422 1016 2568 1070 tinus
2600 1024 2888 1084 utramque
2921 1016 3132 1068 laudem
3160 1014 3328 1069 Lucio
3354 1016 3612 1071 deferre?

2492 1107 2690 1161 Natum
2744 1106 3031 1162 Dominum
3079 1108 3211 1162 dicit
3263 1105 3512 1163 Justinus
3543 1108 3587 1140 “
3647 1117 3774 1164 ante
3824 1124 4005 1164 annos

2422 1199 2548 1265 150,
2579 1201 2665 1255 cui
2699 1202 2918 1270 quidem
2947 1201 3154 1254 calculo
3200 1201 3408 1269 aliquid
3454 1201 3643 1256 deesse
3682 1213 3774 1256 aut
3804 1218 4000 1270 super-

2421 1308 2540 1348 esse
2572 1301 2774 1361 potest,
2810 1309 2916 1346 non
2962 1293 3034 1345 ita
3069 1303 3248 1345 tamen
3282 1301 3340 1344 ut
3370 1291 3622 1345 undecim
3668 1302 3763 1344 aut
3790 1293 4005 1348 duode-

2420 1383 2523 1436 cim
2564 1383 2726 1436 annis
2759 1383 3074 1436 decurtatus
3105 1384 3208 1443 sit;
3265 1396 3370 1435 non
3416 1384 3560 1438 enim
3615 1383 3777 1450 hujus
3825 1387 4001 1437 errati

2419 1482 2630 1542 turpem
2667 1483 2851 1527 notam
2889 1473 3158 1544 effugeret
3185 1473 3457 1538 Justinus,
3513 1473 3560 1528 si
3611 1488 3700 1526 an.
3754 1473 3855 1527 138
3905 1483 4005 1526 aut

2421 1566 2522 1620 159
2551 1564 2882 1634 scripsisset.

2488 1659 2696 1724 Quibus
2743 1657 3082 1724 argumentis
3127 1657 3367 1711 ostendit
3399 1655 3781 1712 Tillemontius
3823 1658 4006 1712 haere-

2419 1752 2520 1806 sim
2553 1751 2848 1804 Marcionis
2876 1750 3040 1802 citius
3074 1764 3164 1802 an.
3203 1749 3307 1801 “2
3329 1753 3550 1818 prodire
3583 1767 3688 1804 non
3733 1754 4004 1820 potuisse,

734 1851 1022 1891 commune
1054 1839 1196 1894 Agim
1230 1841 1368 1894 dum
1406 1853 1558 1906 sunt,
1586 1844 1653 1896 ab
1682 1843 1914 1899 Eusebio
1945 1854 2128 1900 tamen
2163 1848 2316 1901 ιεειίε
2350 1833 2391 1891 Β
2422 1841 2610 1894 ἰῑειιθιιι
2663 1848 2920 1893 constare
2977 1839 3137 1893 debet
3175 1840 3444 1908 Apologia?
3493 1841 3694 1895 Justini
3757 1852 4004 1913 tempus.

734 1927 934 1980 citatur
962 1929 1154 1982 harum
1185 1930 1448 1984 Antonini
1480 1931 1806 1990 litterarum.
1847 1935 2144 2004 Postquam
2167 1939 2312 1991 enim

735 2020 832 2072 has
881 2018 1089 2072 litteras
1122 2023 1408 2089 apposuit,
1447 2025 1632 2077 statim
1681 2025 1941 2088 addit“:
1983 2045 2002 2077 ι
2062 2027 2186 2082 Hzcc
2240 2029 2312 2081 ita

732 2121 884 2179 gesta
913 2125 1040 2166 esse
1066 2111 1249 2168 Melite
1278 2115 1573 2170 Sardensis
1599 2113 1858 2172 Ecclesia:
1881 2120 2189 2188 episcOpus,
2216 2122 2310 2189 qui

733 2200 928 2254 iisdem
975 2204 1315 2271 temporibus
1365 2204 1579 2271 lloruit,
1635 2210 1920 2278 perspicue
1976 2219 2210 2264 testatur
2255 2211 2308 2263 in

730 2293 1076 2362 Apologelico
1116 2296 1209 2350 illo
1241 2295 1400 2367 longe
1433 2298 1745 2366 utilissimo,
1775 2317 1935 2369 quem
1984 2304 2049 2355 ad
2079 2304 2313 2372 impera-

735 2393 909 2438 torem
943 2384 1146 2439 Verum
1202 2403 1300 2455 pro
1349 2399 1538 2444 nostra
1590 2393 1850 2459 religione
1895 2396 2246 2464 conscripsit.
2289 2415 2307 2446 ο

730 2475 1015 2542 Quomodo
1049 2478 1100 2531 id
1135 2480 1374 2533 tacuisse
1405 2482 1607 2535 dicitur
1639 2483 1842 2547 Melito,
1868 2487 2012 2552 quod
2040 2501 2162 2539 eum
2191 2503 2312 2556 per-

731 2568 918 2634 spicue
948 2579 1206 2624 testatum
1240 2586 1362 2626 esse
1393 2586 1675 2628 asseverat
1722 2575 2026 2630 Eusebius?
2059 2579 2150 2631 Vel
2182 2595 2312 2648 ergo

732 2659 880 2714 illam
932 2662 1000 2716 ad
1052 2677 1344 2717 commune
1390 2664 1536 2719 Asite
1586 2667 1871 2733 epistolam
1910 2670 2031 2722 aliis
2081 2669 2133 2722 in
2181 2673 2315 2727 locis

729 2757 1189 2809 commemoravit
1219 2755 1428 2822 Melito,
1455 2760 1569 2822 τοι,
1603 2763 1748 2826 quod
1790 2761 1994 2826 malim,
2030 2762 2176 2816 illam
2210 2765 2314 2817 Eu-

729 2845 916 2898 sebius
963 2846 1054 2908 iis,
1086 2861 1208 2915 qua:
1241 2849 1309 2902 ad
1354 2849 1612 2902 civitates
1639 2859 1696 2902 et
1728 2851 1796 2904 ad
1845 2853 2134 2906 universos
2161 2853 2314 2907 Grie-

731 2950 826 2989 cos
869 2937 1051 2992 missa
1079 2937 1316 3002 fuerant,
1352 2943 1655 3010 generatim
1699 2945 2090 3010 comprehendi
2119 2945 2315 2998 existi-

731 3029 925 3092 mavit,
957 3031 1158 3099 quippe
1191 3047 1316 3085 cum
1366 3035 1418 3084 in
1461 3035 1708 3086 eamdem
1757 3048 1946 3087 omnes
1984 3037 2313 3088 sententiam

731 3119 950 3185 scripta:
1003 3118 1228 3185 fuerint,
1281 3135 1383 3174 nec
1433 3123 1498 3175 ad
1551 3123 1699 3175 aliud
1751 3133 1964 3192 tempus
2010 3135 2101 3176 aut
2144 3127 2312 3177 alium

730 3221 986 3263 eventum
1039 3225 1128 3278 ea,
1169 3227 1292 3281 qua:
1335 3223 1420 3266 est
1462 3215 1528 3267 ad
1564 3230 1856 3270 commune
1903 3216 2072 3283 Asiae,
2121 3217 2314 3272 referri

731 3304 926 3368 possit.

802 3390 892 3448 ιν.
917 3393 1036 3458 Quo
1066 3401 1249 3446 autem
1286 3407 1434 3448 anno
1473 3396 1678 3464 scripta
1713 3397 1785 3450 sit
1815 3396 2078 3467 Apologia
2111 3397 2312 3454 Justini

731 3496 837 3534 non
869 3496 975 3534 una
1010 3484 1348 3536 eruditorum
1379 3485 1566 3552 opinio
1591 3498 1695 3540 est.
1732 3491 2003 3559 Scriptam
2036 3508 2180 3546 anno
2215 3493 2315 3547 138

730 3574 1054 3626 existimant
1080 3576 1385 3630 Dodwellus
1403 3589 1460 3631 et
1490 3579 1717 3648 Pagius;
1751 3582 2010 3637 Petavius
2037 3597 2162 3640 ante
2197 3589 2314 3642 exi-

731 3672 844 3716 tum
878 3663 1005 3717 anni
1042 3666 1176 3731 159;
1235 3668 1326 3721 alii
1361 3684 1507 3724 anno
1553 3672 1691 3737 145;
1759 3672 2135 3731 Tillemontius
2165 3680 2310 3733 circa

730 3768 934 3805 annum
964 3755 1086 3808 150.

799 3843 933 3908 Quae
958 3847 1026 3899 de
1053 3845 1432 3904 Cohortatione
1474 3851 1673 3908 Justini
1709 3855 1951 3914 diximus
1975 3875 2179 3916 annum
2209 3863 2312 3920 159

729 3939 955 3990 omnino
986 3937 1213 4008 rejicere
1246 3954 1466 4012 cogunt.
1506 3945 1937 4003 (.‘ohortationem
1981 3956 2159 4019 enim,
2192 3971 2312 4024 quae

729 4029 894 4083 scribi
929 4046 1034 4084 nou
1069 4036 1246 4102 petuit
1292 4037 1396 4090 nisi
1438 4052 1560 4107 post
1594 4058 1682 4095 an.
1714 4043 1839 4110 140,
1868 4047 2034 4100 multa
2062 4049 2165 4103 alia
2197 4069 2311 4106 rna-

729 4119 817 4187 gni
852 4124 1111 4176 momenti
1141 4139 1306 4191 opera
1344 4129 1636 4183 subsecuta
1675 4144 1827 4196 sunt,
1892 4145 2185 4205 antequam
2214 4139 2311 4193 Ju-

729 4211 910 4266 stinus
936 4212 1244 4283 Apologiam
1280 4220 1509 4284 primatu
1537 4222 1822 4278 scriberet.
1860 4225 2114 4283 Petavius
2134 4242 2188 4284 et
2218 4233 2307 4300 qui

728 4306 777 4356 ei
825 4307 1216 4374 astipulantur,
1262 4313 1444 4365 minus
1493 4317 1866 4382 attenderuut,
1901 4335 2062 4387 quam
2105 4322 2308 4376 incom-

729 4398 888 4452 mode
929 4396 1130 4456 Lucius
1177 4402 1373 4469 Verus,
1408 4407 1497 4473 qui
1551 4421 1691 4462 anno
1733 4409 1833 4463 159
1877 4427 2011 4479 puer
2057 4417 2307 4469 octennis

2419 1930 2666 1995 Quantos
2713 1931 2857 1983 enim
2910 1944 3236 2000 progressus
3292 1930 3521 1986 haberet
3569 1935 3683 1988 hanc
3735 1937 4006 2001 hmresis,

2415 2038 2537 2076 cum
2574 2021 2824 2075 Justinus
2852 2022 3163 2092 Apologiam
3205 2024 3495 2092 scriberet,
3529 2025 3897 2096 intelligimus
3935 2044 4004 2080 ex

2419 2117 2501 2170 his
2536 2116 2718 2170 verbis
2739 2114 2826 2168 “z
2863 2131 2882 2165 ι
2915 2113 3252 2170 Marcionem
3282 2119 3446 2171 etiam
3480 2119 3770 2187 quemdam
3805 2117 4007 2173 Ponti-

2418 2223 2540 2262 cum
2575 2207 2846 2270 novimus,
2881 2207 2974 2275 qui
3006 2208 3306 2261 etiamnum
3341 2219 3586 2276 superest
3606 2226 3670 2265 ac
3697 2211 4009 2280 discipulos

2417 2307 2576 2357 docet
2621 2301 2791 2355 alium
2839 2299 3130 2369 quemdam
3181 2316 3479 2368 agnoscere
3511 2304 3770 2370 majorem
3815 2306 4008 2363 mundi

2416 2395 2612 2462 opifice
2664 2394 2859 2447 Deum.
2895 2393 2995 2446 llic
3043 2395 3278 2446 inomni
3335 2395 3612 2448 hominum
3652 2411 3849 2465 genere
3895 2399 4013 2450 αω-

2421 2500 2641 2540 monum
2696 2487 3012 2556 adjumento
3060 2488 3307 2556 perfecit,
3363 2497 3419 2539 ut
3463 2487 3614 2542 multi
3655 2489 3705 2541 in
3750 2489 4011 2559 blasphe-

2419 2575 2559 2627 mias
2605 2588 2995 2644 erumperent,
3049 2595 3111 2630 ac
3169 2580 3407 2632 universi
3461 2581 3780 2634 Creatorem
3829 2582 4009 2634 Deum

2417 2664 2620 2718 Christi
2671 2664 2889 2719 Patrem
2922 2682 3042 2722 esse
3077 2680 3362 2736 negarent,
3395 2681 3450 2722 et
3483 2671 3645 2724 alium
3685 2672 4008 2738 quemdam,

2419 2768 2608 2826 utpote
2633 2760 2920 2827 maiorem,
2947 2761 3155 2832 majora
3185 2777 3345 2832 quam
3377 2762 3527 2817 illum
3550 2763 3848 2831 perfecisse
3874 2778 4011 2832 pro-

2423 2848 2730 2904 literentur.
2768 2869 2788 2903 ι

2489 2940 2712 2997 Littera:
2756 2942 2825 2998 ad
2857 2959 3146 3000 commune
3192 2944 3358 3011 Asirc,
3396 2946 3596 3015 quibus
3643 2963 3762 3001 cum
3805 2946 4010 3013 Apolo-

2417 3034 2504 3103 gia
2549 3033 2748 3088 Justini
2790 3051 3036 3105 magnam
3075 3036 3389 3091 allinitatein
3422 3053 3544 3091 esse
3593 3037 3726 3097 dixi,
3764 3039 4007 3106 probant

2419 3125 2729 3194 Apologiam
2769 3126 2913 3180 circa
2957 3142 3158 3179 annum
3195 3127 3294 3180 150
3328 3128 3592 3196 scriptam
3643 3127 3829 3181 fuisse.
3861 3128 4009 3184 Sunt

2421 3218 2565 3270 enim
2597 3217 2929 3286 consignatae
2959 3233 3103 3272 anno
3137 3235 3204 3271 xv
3237 3220 3535 3274 tribunitiae
3563 3223 3854 3290 potestatis
3885 3222 4009 3275 An-

2423 3310 2617 3372 tonini,
2650 3310 2740 3377 qui
2775 3310 2992 3378 quidem
3025 3313 3282 3379 congruit
3327 3328 3450 3365 cum
3490 3328 3581 3368 an.
3618 3312 3749 3376 152,
3799 3315 4009 3384 quippe

2421 3414 2546 3452 cum
2597 3401 2878 3455 Antonino
2931 3401 3110 3456 delata
3159 3404 3322 3458 fuerit
3362 3416 3602 3474 potestas
3651 3407 3736 3460 die
3785 3406 3854 3460 εδ
3900 3406 4010 3461 Fe-

2421 3494 2624 3546 bruarii
2655 3508 2801 3548 anno
2838 3496 2959 3550 l38.
2995 3496 3101 3551 Sed
3133 3507 3316 3551 tamen
3351 3500 3526 3553 fateor
3550 3516 3636 3555 me
3668 3502 3922 3557 numeris
3952 3505 4008 3556 in

2420 3582 2778 3650 inscriptione
2823 3585 2981 3653 hujus
3025 3588 3272 3655 epistola:
3308 3591 3510 3643 notatis
3547 3606 3650 3645 non
3705 3591 4004 3660 plurimum

2419 3675 2716 3730 conlidere.
2740 3676 2912 3732 Erant
2939 3678 3084 3732 enim
3112 3681 3508 3747 perversissimi
3536 3682 3677 3750 apud
3698 3681 4004 3750 lustinum,

2418 3767 2504 3820 ubi
2531 3768 2612 3822 sic
2640 3767 2918 3837 legebatur
2950 3788 2962 3825 :
2995 3772 3354 3843 Δημαρχικῆς
3385 3774 3632 3854 ἔξουσίας
3662 3776 3867 3841 ὕπατος
3892 3780 4003 3846 πεδ’,

2418 3858 2519 3930 (ex
2582 3876 2692 3929 quo
2756 3863 2884 3917 fecit
2944 3865 3274 3936 Sylburgius
3337 3869 3398 3921 τὸ
3449 3869 3520 3940 δ’)
3555 3871 3738 3942 πατὴρ
3800 3875 4006 3946 πατρί-

2413 3954 2501 4018 δος
2530 3957 2590 4009 τὸ
2632 3965 2738 4010 καν.
2774 3957 2964 4029 Itaque
2995 3975 3114 4014 cum
3143 3962 3362 4016 Eusebii
3396 3965 3616 4028 codices
3648 3982 3779 4021 mss.
3812 3969 3865 4021 in
3911 3970 4002 4024 his

2416 4051 2659 4103 numeris
2694 4055 3097 4118 conisentirent,
3130 4057 3527 4125 praeferendam
3568 4059 3695 4112 duxi
3725 4061 3871 4113 hanc.
3893 4077 3999 4116 au-

2421 4145 2737 4199 ctoritatem
2772 4147 2836 4200 iis
2866 4163 2988 4216 qua:
3014 4157 3122 4202 tam
3157 4161 3414 4220 corrupta
3446 4163 3608 4206 erant
3649 4155 3789 4223 apud
3825 4154 4000 4211 Justi-

2416 4253 2567 4289 num.
2600 4237 2706 4291 Sed
2754 4249 2933 4293 tamen
2972 4242 3023 4295 in
3060 4241 3164 4295 hoc
3211 4245 3352 4312 apud
3392 4243 3684 4298 Eusebium
3732 4263 3998 4315 numero,

2414 4328 2620 4394 ὕπατος
2635 4333 2695 4384 τὸ
2715 4340 2784 4400 γ’,
2816 4335 3167 4388 manifestum
3197 4347 3276 4389 cst
3309 4348 3575 4403 erratum,
3604 4344 3746 4408 quod
3773 4341 4000 4410 quidem

2414 4438 2520 4475 non
2554 4425 2764 4478 videtur
2788 4426 3000 4480 incuria
3025 4427 3310 4481 inductum
3329 4428 3517 4494 fuisse,
3535 4432 3627 4485 sed
3652 4430 3777 4485 data
3802 4448 3997 4500 opera,

729 4499 874 4555 9”“,
905 4507 934 4544 τι
960 4490 1182 4549 “sum
1209 4497 1567 4567 Philosophus
1591 4510 1645 4554 et
1674 4504 1937 4559 doctrinm
1967 4517 2185 4562 amator
2208 4525 2296 4564 vo-
2344 4531 2386 4586 ο
2418 4527 2475 4569 ιιι
2498 4531 2621 4569 cum
2657 4516 2837 4572 Marco
2869 4518 3114 4582 Aurelio,
3149 4522 3306 4589 cujus
3341 4537 3538 4576 nomen
3583 4533 3763 4577 exstat
3815 4525 3869 4578 in
3913 4528 4001 4580 in—

729 4590 908 4635 cctur.
948 4583 1042 4637 Sic
1067 4587 1212 4640 enim
1249 4588 1302 4641 in
1333 4590 1694 4660 inscriptione
1728 4596 1927 4665 legitur
1955 4612 1969 4649 :
1999 4597 2165 4653 Lucio
2195 4604 2308 4670 plli-

727 4669 970 4740 losoplto,
1006 4674 1240 4731 Cwsaris
1286 4691 1476 4733 natura
1515 4683 1654 4750 ﬁlio,
1690 4683 1774 4738 Pii
1808 4697 1984 4741 autem
2029 4669 2270 4762 adoptivo
2295 4735 2308 4760 ,

727 4764 988 4817 doctrina:
1015 4772 1267 4822 amatori.
1303 4771 1533 4827 Frustra
1565 4775 1833 4842 objiciunt
1870 4780 2157 4851 legendum
2191 4802 2312 4842 esse

727 4854 1020 4926 φιλοσόφου
1052 4875 1155 4913 non
1183 4861 1478 4935 φιλοσόφῳ,
1513 4867 1586 4920 ita
1617 4880 1676 4922 ut
1706 4886 1812 4924 non
1843 4871 2046 4930 Lucius
2073 4878 2312 4944 philoso-

728 4951 868 5015 phus
890 4951 1126 5017 dicatur,
1144 4955 1239 5007 sed
1270 4956 1440 5022 ipsius
1458 4969 1634 5028 pater,
1656 4963 1748 5031 qui
1776 4963 1960 5019 Caesar
1983 4969 2048 5021 ab
2069 4969 2310 5025 Adriano

728 5053 946 5097 creatus
970 5044 1201 5100 fuit..At
1230 5047 1440 5106 Lucius
1471 5051 1646 5108 Verus
1677 5066 1733 5110 et
1764 5061 1905 5127 apud
1938 5059 2212 5118 Justinum
2254 5067 2308 5120 in

766 5139 960 5200 traque
1002 5134 1260 5206 Apologia
1296 5150 1354 5222 et
1390 5143 1535 5211 apud
1567 5142 1843 5200 Bullinum
1889 5161 1941 5204 et
1987 5151 2040 5206 in
2074 5166 2311 5222 quatuor

731 5237 865 5276 mss.
928 5226 1213 5284 codicibus
1266 5231 1486 5288 Eusebii
1543 5236 1909 5309 philosophus
1975 5247 2307 5314 appellatur.

728 5318 980 5376 Praeferri
1006 5339 1136 5394 ergo
1165 5341 1272 5382 non
1302 5329 1504 5385 debent
1529 5335 1803 5392 editiones
1835 5337 2078 5408 Eusebii,
2108 5344 2306 5411 quibus

731 5420 839 5464 tam
878 5415 1045 5467 multa
1078 5415 1446 5488 refragantur.
1500 5423 1718 5481 Titulus
1762 5429 2109 5502 philoSOpbi,
2146 5452 2304 5504 quem

731 5499 898 5557 Lucio
946 5504 1148 5560 Cresari
1201 5509 1440 5565 delatum
1490 5513 1658 5572 fuisse
1717 5536 1824 5574 non
1883 5499 2307 5590 videntum-non

730 5596 870 5651 male
894 5599 1158 5653 tribuitur
1188 5601 1305 5671 ejus
1334 5606 1466 5672 filio,
1500 5623 1661 5678 quem
1704 5615 2045 5687 pbilosolihis
2083 5621 2294 5690 Apollo-

799 5773 845 5806 “
877 5771 1011 5831 llist.
1044 5791 1118 5844 tv,
1157 5778 1239 5832 l5.
1320 5782 1362 5812 ⁸³
1396 5781 1460 5837 Ν.
1492 5783 1615 5846 464.
1677 5789 1722 5818 ⁸⁸
1757 5788 1820 5844 Ν.
1859 5792 1946 5847 QG.

2419 4614 2721 4681 scriptione
2749 4615 2891 4682 apud
2929 4614 3241 4678 Eusebium,
3278 4617 3365 4670 hic
3394 4633 3655 4673 numerus
3677 4619 3996 4688 quadraret.

2416 4705 2462 4758 Is
2491 4708 2637 4759 enim
2672 4708 2886 4760 tertium
2944 4711 3317 4763 tantummodo
3373 4711 3562 4764 imbuit
3611 4714 3991 4768 consulatum.

2418 4795 2527 4850 Sed
2554 4813 2676 4851 cum
2712 4801 3045 4865 Antoninus,
3071 4802 3157 4856 cui
3203 4803 3342 4855 hanc
3374 4804 3655 4873 epistolam
3690 4814 3797 4859 tam
3824 4809 3998 4864 multa

2418 4890 2735 4958 vindicant,
2769 4893 2962 4948 consul
2992 4910 3042 4947 tv
3078 4895 3129 4947 in
3169 4895 3612 4963 inscriptionibus
3651 4898 3753 4952 dici
3793 4900 3994 4965 soleat,
4090 4971 4091 4975 η

2415 4981 2703 5051 legendum
2745 4985 2798 5038 in
2833 4985 3194 5056 inscriptione
3234 4989 3393 5058 hujus
3425 4990 3669 5060 epistolae
3697 4990 3904 5057 ὕπατος
3933 4996 3997 5046 τὸ

2411 5072 2474 5126 δ’.
2515 5073 2620 5128 Sed
2657 5076 2762 5130 alia
2800 5080 3057 5148 suspicio
3098 5081 3149 5133 in
3184 5096 3357 5136 annos
3410 5083 3704 5137 tribunitiae
3747 5095 3994 5154 potesta-

2412 5167 2480 5220 tis
2523 5169 2769 5221 exoritur
2811 5187 2824 5224 :
2875 5186 3070 5226 vereor
3107 5175 3250 5227 enim
3308 5190 3377 5228 ne
3436 5177 3502 5229 de
3546 5176 3812 5230 industria
3891 5196 3982 5232 no-

2412 5260 2542 5315 mini
2606 5260 2676 5316 Μ.
2712 5263 2917 5318 Aurelii
2967 5265 3172 5321 fuerint
3209 5269 3399 5336 aptati.
3434 5269 3842 5339 Peropportune
3895 5289 3993 5326 ca-

2412 5353 2547 5406 dunt
2579 5353 2631 5407 in
2663 5355 2898 5424 primum
2933 5358 3080 5414 illius
3125 5360 3340 5429 imperii
3374 5378 3600 5428 annum,
3633 5379 3826 5432 nempe
3863 5366 3987 5419 161.

2411 5441 2548 5497 Huic
2595 5446 2740 5499 enim
2796 5447 2974 5502 delata
3033 5459 3276 5519 potestas
3331 5453 3614 5508 tribunitia
3668 5470 3812 5510 anno
3861 5459 3987 5511 147.

2410 5535 2590 5602 Quare
2615 5539 2658 5593 si
2690 5540 2957 5610 scriptum
2995 5540 3192 5597 fuisset
3225 5550 3316 5613 ιγ’,
3350 5557 3443 5599 aut
3475 5545 3566 5611 ιδ’,
3618 5545 3754 5600 nihil
3798 5547 3848 5600 id
3883 5565 3984 5600 nn-

2411 5631 2617 5685 cuisset
2649 5634 2853 5689 nomini
2884 5636 3142 5692 Antonini
3178 5655 3190 5704 ;
3237 5648 3292 5692 at
3329 5654 3557 5695 necesse
3591 5637 3693 5694 fuit
3737 5641 3986 5698 scribere
