4120 6410
140 448 240 504 1ῑῖ

1152 440 1215 496 D.
1252 439 1517 495 MARANI
1545 438 1935 495 ΡΒᾸΞΡΑΤΙΟ.
1966 471 2031 480 -—
2072 438 2251 493 PARS
2286 439 2372 495 Ill.

3289 440 3388 501 133

134 586 181 621 ιι
221 607 240 633 ,
271 577 330 621 ut
355 566 569 621 Marcus
622 563 877 619 Aurelius
903 561 1146 633 epistola:
1175 572 1368 616 auctor
1401 563 1702 617 videretur.
1740 563 2037 633 A‘Spet‘sil,
2072 564 2280 632 adjecta
2326 561 2491 617 etiam
2527 562 2943 617 accusatoribus
2993 562 3384 635 damnatione,

206 660 262 713 Si
289 669 493 711 tantum
526 658 857 712 tribueretur
881 651 1154 707 Chronicis
1180 652 1418 717 Eusebii,
1437 662 1698 722 quantum

141 750 289 805 illius
317 749 571 804 Historiis
597 787 613 811 ,
646 763 753 801 non
797 748 933 800 levis
959 745 1242 799 diﬂicultas
1270 746 1531 811 obstaret,
1570 761 1703 813 quo-

142 842 320 895 minus
343 840 596 909 Apologia
624 840 739 893 hrec
770 839 838 892 ad
868 853 1069 891 annum
1099 836 1321 891 circiter
1354 837 1455 891 150
1494 836 1705 905 rejicia~

144 940 246 985 tur.
296 930 430 983 Nam
464 932 515 983 in
542 928 819 983 Chronicis
860 930 1038 984 oblata
1082 930 1283 983 dicitur
1310 945 1398 983 an.
1434 929 1553 982 Ml.
1598 929 1703 983 Sed

143 1024 419 1090 antiquior
449 1020 736 1074 Marcionis
778 1020 971 1074 haeresi
1000 1020 1161 1082 foret,
1193 1036 1354 1089 quam
1390 1030 1565 1073 tamen
1599 1020 1705 1074 Eu-

141 1114 269 1169 sebii
304 1112 546 1167 Historia
574 1123 705 1167 ante
728 1127 928 1165 annum
961 1113 1064 1167 H9.
1108 1112 1378 1168 collocare
1417 1127 1522 1164 non
1553 1112 1703 1165 sinit.

214 1204 415 1272 Objicit
445 1206 705 1261 Petavius
734 1204 979 1260 Marcum
1011 1205 1293 1259 Aurelium
1336 1205 1388 1258 in
1428 1206 1530 1259 hac
1566 1205 1708 1273 Apo-

140 1295 279 1367 logia
306 1295 669 1349 Verissimum
703 1297 911 1358 vocari,
944 1296 1087 1365 quod
1126 1310 1343 1359 nomen,
1378 1305 1511 1350 teste
1540 1295 1707 1365 Capi-

148 1387 333 1452 tolino,
366 1398 492 1457 post
524 1389 739 1443 virilem
771 1399 949 1456 togam
986 1388 1273 1458 deposuit;
1307 1389 1575 1442 Caesarem
1616 1403 1712 1440 au-

149 1491 249 1534 tem
278 1496 384 1533 non
420 1480 629 1541 vocari,
682 1482 826 1548 quod
861 1489 1188 1548 argumento
1233 1488 1319 1533 est
1347 1480 1490 1532 hanc
1519 1478 1711 1546 Apolo-

146 1573 275 1640 giam
303 1587 449 1626 anno
478 1572 581 1625 139
613 1572 898 1639 scriptam,
936 1572 1230 1639 antequam
1264 1569 1479 1624 Marcus
1505 1571 1573 1625 ab
1599 1568 1712 1623 An-

149 1663 328 1718 tonino
352 1663 543 1717 Caesar
576 1663 880 1731 appellatus
908 1662 1120 1717 luisset.

212 1753 495 1809 Verissimi
527 1756 717 1809 titulus
748 1753 884 1808 nihil
916 1756 980 1807 ad
1013 1769 1123 1809 rem
1149 1754 1297 1808 facit.
1333 1751 1465 1807 Nam
1497 1752 1712 1808 Marcus

146 1848 391 1901 Aurelius
445 1848 657 1900 virilem
718 1858 899 1913 togam
960 1854 1271 1915 sumpserat
1326 1836 1451 1899 ante
1512 1860 1712 1898 annum

1806 664 1863 708 et
1889 654 2107 722 quidem
2140 655 2388 707 tetriore.
2431 671 2450 705 ι

1880 743 1975 797 llis
2012 744 2191 797 verbis
2216 743 2341 798 freti
2396 742 2641 814 Scaliger
2670 754 2723 797 et
2750 741 3144 803 Tillemontius,
3181 743 3393 815 primus

1806 837 2025 906 quidem
2059 846 2218 905 negat
2247 834 2642 889 Tertullianum
2681 836 2780 889 has
2813 836 3025 889 litteras
3057 836 3284 902 vidisse,
3316 836 3394 888 al-

1809 938 1891 983 ter
1920 928 2078 995 longe
2109 927 2304 995 potiori
2334 926 2453 995 jure
2483 938 2782 981 asseverat.
2819 927 3099 994 Quomodo
3137 928 3283 988 enim
3320 939 3389 982 ad

1809 1021 1907 1075 has
1961 1021 2173 1073 litteras
2216 1028 2569 1089 provocasset
2601 1019 2849 1074 inimicos
2883 1020 3178 1075 Christiani
3212 1019 3391 1073 nomi-

1808 1115 1917 1180 nis,
1950 1114 2057 1167 nisi
2095 1129 2205 1167 rem
2243 1113 2581 1179 exploratam
2614 1112 2931 1168 habuisset?
2963 1111 3245 1179 Quomodo
3279 1122 3389 1163 tam

1809 1217 2066 1261 accurate
2098 1206 2224 1275 quid
2280 1207 2366 1261 his
2413 1208 2610 1261 litteris
2640 1205 2988 1261 contineatur
3018 1202 3388 1261 edissereret?

1810 1300 1941 1366 Qum
2001 1310 2122 1369 post
2158 1297 2355 1353 Justini
2404 1298 2715 1367 Apologiam
2770 1298 3022 1367 leguntur
3067 1298 3269 1351 littera:
3315 1294 3387 1351 κ.

1809 1390 2042 1455 Aurelii,
2074 1406 2181 1445 non
2216 1408 2294 1446 e:e
2328 1400 2455 1446 sunt
2479 1392 2543 1444 de
2566 1390 2765 1458 quibus
2794 1388 3162 1443 Tertullianus
3184 1397 3238 1442 et
3266 1386 3381 1443 Ilie-

1814 1497 2075 1551 ronymus
2126 1481 2289 1543 locuti
2324 1500 2337 1535 :
2368 1482 2461 1537 sed
2510 1481 2908 1545 observandum
2941 1479 3095 1533 nobis
3142 1489 3227 1533 est
3269 1479 3394 1549 qui-

1812 1573 2041 1628 busnam
2097 1576 2152 1629 in
2208 1574 2369 1628 rebus
2410 1574 2756 1628 consentiant
2788 1582 2843 1626 et
2872 1573 2925 1627 in
2956 1572 3153 1644 quibus
3180 1570 3392 1627 discre-

1814 1675 1967 1735 petit.

1885 1759 1965 1813 Ac
2013 1759 2188 1827 primo
2214 1759 2434 1827 quidem
2464 1757 2530 1812 de
2561 1758 2673 1827 ipsa
2728 1750 2974 1811 miraculi
3008 1770 3216 1829 summa
3258 1753 3395 1809 nihil

1816 1848 2058 1909 occurrit
2108 1848 2706 1917 discriminis.-Ubique
2755 1848 2899 1902 enim
2948 1847 3069 1902 sitis
3116 1861 3186 1900 ex
3231 1846 3395 1913 longo

150 1936 262 1998 159.
296 1952 407 2005 quo
443 1952 590 1990 anno
618 1938 732 2005 ipsc
761 1912 1023 1991 Petavius
1060 1912 1131 1990 ita
1166 1951 1291 1990 eum
1320 1952 1349 1988 a
1376 1932 1712 2004 Justino'apv

1825 1944 2085 2008 collecta,
2140 1944 2374 1997 hostium
2434 1941 2909 1996 circumstantium
2956 1948 3155 2003 terror,
3206 1952 3399 2007 preces

150 2028 401 2094 penatum
438 2026 666 2081 fatetur.
693 2028 927 2082 Caesaris
952 2036 1133 2081 autem
1172 2041 1366 2080 nomen
1396 2025 1481 2079 vel
1519 2026 1715 2094 impru-

149 2119 271 2171 dens
295 2119 485 2173 omisit
516 2116 784 2181 Justinus,
810 2119 893 2172 vel
921 2118 1272 2172 librariorum
1298 2118 1454 2187 culpa
1481 2117 1714 2181 excidit;

150 2213 225 2263 vel
254 2227 354 2279 pro
374 2212 665 2265 Antonino
698 2210 797 2264 Pio
826 2210 1072 2280 Augusto
1093 2208 1313 2265 Ctesare
1343 2220 1397 2263 et
1419 2209 1720 2263 Verissime

150 2302 273 2367 ﬁlio,
314 2304 630 2373 legendum,
655 2314 701 2356 et
726 2302 928 2359 (ἐφιατὶ
966 2300 1242 2357 Verissime
1275 2302 1415 2369 ﬁlio,
1454 2303 1721 2357 utadmo—

151 2396 261 2447 nuit
288 2396 639 2465 Sylburgius.

216 2488 498 2541 Diﬂicilius
515 2487 869 2546 Tillementio
894 2487 960 2542 ad
984 2486 1304 2545 solvendum
1323 2484 1559 2550 videtur,
1578 2486 1720 2555 quod

152 2586 213 2633 ab
243 2583 435 2635 eodem
468 2580 693 2635 Petavio
719 2589 775 2636 et
798 2579 1042 2649 pluribus
1098 2580 1219 2634 aliis
1244 2579 1518 2646 objicitur,
1541 2575 1723 2631 Justi-

155 2689 273 2727 nam
323 2675 378 2728 in
407 2676 514 2729 bac
546 2674 805 2743 Apologia
841 2674 908 2728 de
943 2672 1085 2747 bello
1113 2670 1366 2736 Judaico,
1402 2672 1545 2740 quod
1579 2685 1722 2724 anno

156 2767 255 2820 156
291 2766 611 2823 confectum
657 2776 759 2833 est,
796 2775 855 2820 ut
894 2766 960 2821 de
998 2780 1055 2819 re
1099 2765 1387 2819 admodum
1422 2762 1627 2818 recenti
1668 2772 1723 2815 et

156 2872 318 2925 nuper
355 2868 511 2927 gesta
563 2858 733 2925 loqui,
769 2866 829 2910 ut
877 2865 1026 2924 patet
1052 2869 1121 2909 ex
1171 2855 1257 2911 his
1292 2842 1509 2921 verbis,
1536 2870 1590 2907 η.
1629 2854 1721 2919 3i,

154 2951 209 3002 iv
237 2950 313 3019 τῷ
345 2950 441 3001 νῦν
484 2947 835 3019 γεγενημένῳ
870 2930 1148 3019 aquaam}
1198 2946 1433 3018 πολέμῳ.
1475 2944 1578 3000 Sed
1612 2945 1723 3015 jam

158 3044 439 3096 obserVavi
471 3041 603 3094 illud
626 3038 723 3093 νῦν
752 3041 817 3103 de
846 3040 1233 3095 rebusdudum
1260 3040 1429 3105 gestis
1456 3028 1723 3109 interdum

160 3139 426 3206 usurpari,
474 3153 538 3194 ac
586 3136 909 3207 religionem
954 3132 1327 3187 Christianam
1352 3134 1413 3183 in
1446 3129 1623 3198 Epist.
1655 3131 1723 3184 ad

164 3232 399 3299 Diognet.
438 3230 535 3283 νῦν
589 3242 863 3292 exortam,
908 3226 1186 3282 Christum
1238 3222 1334 3277 νῦν
1386 3224 1721 3277 incarnatum

162 3325 258 3377 dici
288 3306 469 3378 iubae
516 3322 797 3390 Apologia.
834 3321 892 3375 In
926 3318 1121 3373 eadem
1157 3314 1411 3385 Apologia
1436 3314 1724 3376 Antinous,

162 3431 312 3482 quem
361 3418 639 3468 Adrianus
682 3412 825 3466 inter
858 3413 989 3465 deos
1024 3409 1367 3463 consecravit
1414 3421 1556 3460 anno
1598 3403 1725 3469 152,

162 3508 250 3561 νῦν
277 3510 480 3563 dicitur
501 3508 801 3570 exstitisse.
836 3525 890 3561 n.
916 3508 1005 3563 23.

232 3626 292 3679 γ.
330 3626 387 3678 S.
436 3621 643 3678 Justini
695 3623 965 3693 Apologia:
1009 3605 1413 3693 subjunguutur
1483 3621 1728 3690 epistola:

166 3720 322 3772 trium
354 3720 769 3788 imperatorum,
800 3716 1053 3783 Adriani,
1087 3717 1345 3770 Antonini
1378 3727 1432 3770 et
1454 3713 1523 3768 M.
1557 3715 1728 3769 Aure-

165 3811 242 3873 lii,
279 3814 337 3864 in
366 3810 605 3879 gratiam
639 3810 1099 3879 Christianorum.
1136 3808 1369 3861 Primam
1403 3806 1635 3876 quidem.
1664 3806 1730 3859 ab

172 3908 282 3975 ipso
321 3906 543 3960 Jastino
578 3905 918 3975 subjunctam
950 3900 1120 3958 fuisse
1144 3910 1363 3956 constat
1393 3918 1406 3954 :
1440 3901 1557 3969 ipse
1583 3900 1730 3953 enim

177 3998 327 4066 hujus
352 4000 428 4052 rei
458 3999 620 4052 testis
651 4008 735 4051 est
768 4007 821 4051 et
848 3996 1105 4049 monitor.
1136 3994 1379 4048 Alteram
1412 4007 1478 4045 ex
1509 3990 1733 4045 Eusebii

172 4090 403 4143 Historia
435 4091 541 4144 huc
572 4088 895 4145 translatam
919 4086 1085 4141 fuisse
1108 4086 1386 4140 existimat
1412 4083 1657 4153 Scaliger
1679 4083 1733 4137 in

172 4181 721 4236 Aniniadoersionibus
734 4179 800 4232 ad
817 4178 1009 4233 Euseb.
1028 4193 1117 4233 an.
1133 4190 1225 4230 itit.
1242 4190 1497 4240 omnis;
1519 4174 1732 4227 tertiam

172 4286 341 4329 autem
381 4273 703 4329 recentioris
724 4271 920 4334 Graeci,
946 4285 1125 4324 rerum
1156 4268 1524 4323 Romanarum
1558 4266 1734 4334 ignari

174 4368 374 4423 facinus
419 4381 543 4422 esse
588 4365 923 4437 pronuntiat,
968 4363 1107 4417 inira
1141 4363 1395 4417 sarculum
1440 4360 1735 4415 Iustiniani

178 4461 538 4527 imperatoris.
1274 4446 1277 4449 λ

238 4552 353 4607 Non
405 4552 620 4607 videtur
674 4549 873 4618 ambigi
924 4563 1081 4619 posse
1127 4562 1195 4601 an
1247 4546 1376 4600 olim
1426 4542 1735 4599 exstiterint

1818 2036 2284 2100 Christianorum,
2341 2034 2519 2088 imber
2568 2032 2831 2086 Romanis
2885 2030 3161 2094 salutaris,
3192 2028 3396 2083 fulmen

1822 2130 1875 2182 in
1928 2128 2113 2181 hostes
2151 2135 2544 2179 memorantur.
2574 2125 2799 2194 Adjecta
2830 2124 2971 2192 apud
3006 2121 3397 2176 Tertullianum

1820 2214 2099 2269 damnatio
2144 2214 2557 2269 accusatoribus
2597 2213 3062 2277 Christianorum,
3092 2222 3140 2264 et
3186 2211 3400 2278 quidem

1821 2305 2024 2358 tctrior.
2053 2303 2189 2359 satis
2218 2302 2455 2371 quadrat
2486 2318 2609 2357 cum
2638 2302 2838 2357 litteris
2859 2312 2981 2371 post
3006 2299 3273 2356 Justinutn
3298 2315 3401 2355 ex-

1822 2398 2114 2461 stantibus,
2154 2398 2205 2448 in
2237 2397 2436 2466 quibus
2464 2395 2640 2449 sancit
2670 2394 2882 2448 Marcus
2913 2404 2974 2449 ut
3001 2395 3266 2466 ejusmodi
3308 2395 3402 2448 des

1814 2488 2024 2545 latores
2067 2490 2171 2543 vivi
2202 2490 2616 2542 comburantur.
2650 2486 2913 2552 Quamvis
2941 2487 3229 2551 Eusebius,
3257 2484 3401 2543 Hist.

1822 2582 1916 2637 lib.
1950 2599 2002 2648 v,
2036 2572 2155 2653 cap'.
2186 2582 2239 2648 5,
2268 2582 2591 2637 Tertulliani
2638 2582 2820 2638 verbis
2865 2580 3152 2649 capitalem
3186 2594 3403 2649 poenam

1824 2676 2124 2749 generatim
2180 2676 2457 2745 designari
2509 2684 2690 2744 putet;
2739 2677 2828 2730 vix
2863 2684 3046 2729 tamen
3076 2674 3403 2729 crediderim

1824 2770 2165 2823 damnatione
2196 2769 2410 2822 tetriore
2458 2782 2567 2822 non
2602 2768 2986 2837 gravissimum
3020 2766 3238 2838 aliquod
3278 2780 3405 2835 sup-

1822 2863 2049 2934 plicium
2100 2859 2423 2930 signiﬁcari.
2450 2859 2766 2925 Quinetiam
2801 2860 2943 2913 inest
2975 2860 3154 2913 verbis
3190 2858 3405 2913 Tertulc

1825 2956 1955 3009 liani
1998 2954 2200 3022 aliquid
2252 2951 2492 3015 dillicile,
2523 2953 2667 3020 quod
2709 2952 2927 3007 videtur
2954 2965 3022 3005 ex
3058 2950 3254 3005 litteris
3286 2962 3404 3018 post

1825 3043 2022 3100 Justini
2070 3042 2382 3111 Apologiam
2434 3041 2668 3096 servatis
2726 3039 2988 3093 illustrari
3041 3053 3223 3109 posse.
3274 3038 3431 3094 Illud

1826 3139 1995 3203 enim,
2049 3134 2473 3190 Christianorum
2532 3134 2666 3203 forte
2716 3134 2944 3186 militum
2994 3133 3405 3203 precationibus,

1752 3264 1796 3321 δ
1830 3232 2144 3302 signiﬁcare
2178 3228 2525 3283 Tillemontio
2551 3228 2771 3281 videtur
2801 3226 3024 3281 dubium
3056 3235 3112 3279 et
3142 3226 3406 3279 incertum

1830 3326 2093 3387 animum,
2129 3336 2235 3375 non
2280 3321 2497 3389 quidem
2553 3316 2900 3380 Tertulliani,
2950 3316 3044 3369 sed
3095 3312 3258 3367 Marci
3299 3325 3407 3366 meo

1829 3417 2052 3478 tuentis,
2082 3428 2149 3467 ne
2171 3420 2559 3466 asseveranter
2581 3408 2855 3479 loquendo
2885 3415 3109 3461 noceret
3138 3401 3407 3473 supersti-

1833 3509 2075 3563 tionibus
2105 3504 2415 3575 gentilibus.
2459 3501 2565 3555 Sed
2620 3516 2808 3570 parum
2841 3498 3135 3553 verisimile
3179 3495 3239 3549 lit
3269 3493 3407 3549 Mar—

1828 3617 1953 3657 cum
1988 3614 2207 3669 operam
2237 3596 2475 3657 dedisse,
2523 3602 2580 3647 ut
2630 3594 2887 3646 dubitare
2936 3590 3237 3644 videretur.
3270 3584 3408 3652 Quid

1830 3696 1977 3750 enim
2009 3692 2305 3762 profuisset
2334 3685 2677 3741 Tertulliano
2726 3685 2794 3739 ad
2841 3698 3018 3737 causa:
3048 3680 3409 3750 patrocinium

1831 3786 1992 3841 dubia
2026 3794 2081 3837 et
2106 3783 2319 3835 incerta
2351 3777 2707 3832 testificatio?
2758 3775 2963 3830 Deinde
3005 3788 3134 3828 vero
3167 3774 3247 3826 sic
3276 3769 3409 3825 Ter-

1835 3880 2041 3935 tulliani
2087 3876 2251 3929 verba
2299 3871 2469 3925 refert
2498 3872 2791 3934 Eusebius,
2824 3879 2884 3924 ut
2913 3867 3057 3922 nulla
3086 3869 3137 3920 in
3173 3868 3408 3935 impera-

1834 3983 1951 4027 tore
1976 3971 2211 4025 resideat
2235 3966 2593 4022 dubitationis
2622 3962 2973 4033 signiﬁcatio.
2989 3960 3095 4014 Sed
3119 3958 3249 4012 illud
3277 3958 3409 4022 forte

1834 4065 2089 4123 libentius
2124 4062 2456 4119 crediderim
2506 4059 2652 4112 idem
2681 4056 2862 4109 valere
2892 4069 2955 4108 ac
2985 4069 3111 4106 casu
3138 4055 3363 4119 quodam
3388 4066 3408 4114 ;

1834 4176 1942 4215 non
1971 4158 2114 4227 quod
2144 4157 2196 4209 in
2224 4168 2412 4207 casmn
2438 4151 2652 4219 rejiciat
2677 4146 2892 4200 Marcus
2919 4146 3266 4213 impetratmn
3292 4156 3410 4209 pre-

1772 4250 1773 4253 “
1836 4251 1994 4305 cibus
2021 4245 2453 4303 Christianorum
2485 4240 2744 4303 imbrem,
2776 4235 2872 4289 sed
2900 4234 3045 4303 quod
3092 4246 3221 4285 casu
3273 4245 3410 4299 quo-

1838 4346 1961 4401 dam
1988 4342 2088 4394 sibi
2110 4334 2359 4393 evenisse
2387 4333 2658 4397 crederet,
2690 4340 2749 4381 ut
2770 4327 3110 4382 Christianos
3134 4330 3408 4385 evocaret,

1841 4440 1906 4492 de
1938 4436 2133 4505 quibus
2170 4440 2328 4485 antea
2376 4426 2513 4482 nihil
2546 4425 2845 4494 cogitabat,
2875 4419 2981 4473 diis
3011 4418 3301 4489 precandis
3328 4414 3408 4470 iu-

1840 4540 2043 4584 tentus.

180 4650 365 4702 littera:
392 4645 460 4698 ὶί.
486 4642 713 4707 Aurelii,
745 4643 941 4711 quibus
971 4652 1027 4696 et
1068 4656 1126 4695 sc
1157 4649 1213 4695 et
1237 4640 1572 4701 exercitum,
1608 4651 1730 4692 cum
1762 4645 1808 4699 D
1908 4622 2015 4676 Sea
2040 4621 2085 4674 Si
2113 4633 2218 4689 (ιιια
2251 4618 2303 4671 ίη
2334 4632 2391 4670 re
2415 4612 2665 4711 genuini-ti
2687 4609 2896 4711 similes
2918 4613 3045 4711 sunt
3195 4602 3410 4703 litteris,

178 4742 255 4793 siti
304 4744 685 4808 premerentur
716 4738 783 4788 ab
834 4736 1083 4788 hostibus
1109 4733 1469 4795 circumdati,
1521 4741 1734 4784 utrum-

179 4848 273 4900 que
299 4830 607 4901 periculum
636 4827 887 4899 precibus
913 4828 1347 4882 Christianorum
1374 4822 1632 4894 eﬂ‘ugisse
1659 4831 1737 4876 te-

182 4929 433 4977 stabatur.
480 4922 591 4976 Has
631 4922 843 4977 litteras
887 4936 993 4973 non
1032 4920 1247 4973 viderat
1290 4915 1573 4980 Eusebius,
1613 4928 1736 4967 cum

181 5016 432 5071 Chronica
479 5017 778 5079 scriberet,
827 5028 929 5068 nec
974 5013 1040 5066 de
1082 5012 1188 5065 illis
1238 5020 1435 5079 printer
1492 5006 1734 5059 auditum

184 5112 466 5179 quidquam
501 5108 755 5163 habebat.
782 5108 849 5159 At
879 5104 1240 5175 Hieronymus
1272 5102 1348 5155 ita
1382 5102 1528 5155 hunc
1558 5097 1736 5150 Euse—

187 5206 248 5256 lni
278 5206 454 5258 locum
486 5201 685 5264 reddit,
720 5210 783 5251 ut
829 5201 949 5253 illas
987 5208 1201 5252 exstare
1234 5195 1568 5265 pronuntiet.
1619 5191 1737 5260 Ipse

188 5297 462 5355 Eusebius.
511 5293 654 5348 Hist.
701 5293 796 5347 lib.
856 5307 919 5355 γ,
965 5307 1016 5344 c.
1051 5291 1108 5353 5,
1153 5306 1263 5343 rem
1312 5303 1377 5340 ex
1427 5285 1737 5340 testimonio

188 5389 495 5442 Tertulliani
529 5396 737 5441 certam
770 5394 823 5438 et
869 5384 1207 5453 exploratam
1244 5381 1427 5433 habet.
1464 5380 1557 5433 Sic
1592 5378 1736 5431 enim

188 5482 559 5545 Trﬂttlliattus,
590 5478 771 5546 Apol.,
796 5472 915 5545 cap.
938 5477 1000 5530 5:
1028 5494 1045 5525 ι
1074 5480 1142 5539 At
1165 5492 1261 5529 nos
1289 5490 1317 5526 e
1343 5473 1613 5526 contrario
1633 5471 1741 5525 edi-

188 5588 292 5627 tuus
320 5583 713 5643 protectorem;
746 5572 789 5623 si
822 5569 1013 5622 littera:
1035 5567 1199 5620 Marci
1223 5564 1427 5618 Aurelii
1455 5561 1737 5629 requiran-

190 5679 283 5730 tur,
310 5669 514 5737 quibus
538 5666 685 5718 illam
713 5664 1097 5717 Germanicam
1127 5660 1273 5711 sitim
1304 5653 1737 5710 Christianorum

186 5757 314 5812 forte
341 5759 574 5811 militum
600 5754 1006 5824 precationibus
1031 5753 1321 5819 impetrato
1348 5746 1506 5799 imbri
1533 5744 1739 5797 discus-

184 5866 289 5902 sam
319 5859 678 5904 contestatur.
714 5846 869 5900 Sicut
894 5860 999 5898 non
1032 5844 1210 5911 palatii
1242 5843 1308 5894 ab
1332 5836 1597 5905 ejusmodi
1642 5837 1738 5888 ho-

189 5944 409 6000 minibus
444 5957 661 6014 poenam
705 5940 950 6002 dimovit,
983 5940 1056 5991 ita
1092 5936 1200 5990 alio
1247 5936 1403 5989 modo
1432 5932 1611 6000 palam
1654 5926 1738 5981 di-

530 6038 802 6097 l'nnOL.
853 6033 972 6091 Gtt.
1022 6030 1121 6087 γι.

1838 4715 1996 4784 longe
2029 4714 2344 4781 discrepant
2396 4709 2451 4760 in
2500 4703 2747 4775 pluribus
2791 4701 2938 4754 aliis.
2965 4698 3294 4752 Christianis
3345 4711 3409 4749 ex

1840 4808 2097 4860 universo
2147 4791 2393 4857 exercitu
2438 4798 2678 4853 evocatis
2709 4793 3033 4849 miraculum
3067 4789 3410 4848 attribuunt;

1839 4910 2027 4953 contra
2060 4896 2199 4967 apud
2236 4905 2445 4948 veteres
2483 4892 2693 4945 laudem
2718 4889 2877 4954 hujus
2912 4886 2987 4939 rei
3026 4890 3262 4946 reportat
3306 4895 3411 4933 una

1840 4993 2000 5062 legio,
2036 5004 2197 5059 quam
2223 4988 2410 5040 exinde
2443 4999 2671 5053 congruo
2694 4982 2768 5034 rei
2805 4978 3052 5033 vocabulo
3075 4972 3411 5026 Fulmineam

1826 5085 1905 5136 ab
1940 5084 2251 5147 imperatore
2279 5075 2702 5145 cognominatam
2728 5086 2838 5123 esse
2871 5076 3103 5121 testatur
3132 5062 3411 5131 Apollina-

1843 5182 1919 5235 ris
1951 5179 2092 5250 apud
2126 5176 2438 5235 Eusebium,
2470 5171 2561 5225 lib.
2600 5185 2652 5232 v,
2697 5182 2818 5235 cap.
2848 5165 2903 5218 5.
2932 5163 3173 5222 Litteric,
3202 5159 3269 5210 de
3294 5155 3412 5221 qui-

1841 5274 1941 5328 bus
1978 5274 2207 5341 agimus,
2233 5285 2449 5325 onmem
2505 5278 2729 5335 prorsus
2784 5274 2999 5330 ptenam
3034 5273 3063 5308 a
3098 5252 3412 5309 Chrisriano

1843 5368 2119 5435 religionis
2157 5376 2362 5416 tantum
2400 5361 2617 5413 nomine
2667 5362 2926 5408 accusato
2973 5348 3309 5419 propulsant.
3344 5346 3413 5394 At

1842 5464 1894 5517 id
1928 5460 2140 5530 penitus
2181 5465 2383 5526 pugnat
2412 5468 2533 5506 cum
2577 5447 2936 5508 Tertulliano,
2969 5453 3024 5495 et
3064 5456 3185 5495 cum
3226 5451 3412 5490 event-

1840 5554 1944 5621 plis
1989 5561 2286 5619 martyrum
2320 5542 2704 5599 Viennensium
2754 5548 2809 5589 et
2857 5532 3146 5601 Apollonii,
3178 5543 3410 5597 quorum

1843 5646 2000 5713 primi
2035 5658 2160 5697 cum
2198 5642 2251 5695 iu
2276 5637 2538 5707 judicium
2576 5632 2753 5685 vocati
2782 5630 3031 5688 fuissent,
3059 5633 3229 5676 morte
3260 5626 3411 5671 dant-

1845 5738 1952 5790 nati
1990 5746 2139 5795 sunt,
2164 5733 2279 5799 ipso
2306 5730 2535 5798 jubente
2564 5724 2746 5778 Marco
2772 5736 2787 5774 :
2813 5730 3115 5790 postremus
3141 5730 3266 5767 vero
3284 5728 3409 5764 cum

1845 5832 1897 5882 in
1925 5828 2189 5898 judicium
2224 5840 2253 5875 a
2282 5819 2651 5891 perditissimo
2673 5816 2905 5884 quodam
2939 5809 3157 5863 homine
3187 5811 3416 5855 vocatus

1846 5896 2061 5988 fuisset,
2096 5926 2377 5975 accusator
2426 5913 2644 5982 quidem
2681 5905 2968 5963 confestim
3015 5899 3204 5953 fractis
3232 5896 3407 5949 cruri~

3030 5994 3068 6053 5
