4120 6404
754 460 856 517 159

1670 461 1725 517 S.
1753 460 2087 517 JUSTINUS
2120 460 2601 521 PHILOSOPHUS
2634 466 2719 523 ET
2748 466 3060 528 MARTYR.

3892 479 3993 537 ηο

752 581 850 634 bus
880 580 1092 635 occisus
1123 590 1240 646 est;
1280 580 1394 650 ipse
1427 596 1556 637 vero
1586 583 1805 651 capitali
1853 586 2122 639 sententia
2173 586 2326 639 dam-
2355 588 2399 644 Α
2430 590 2685 645 vaticinia
2743 592 3091 663 Sibyllarum,
3144 607 3267 649 vera
3316 612 3383 651 an
3432 597 3587 663 falsa,
3631 598 3699 653 de
3754 598 3995 668 Christo,

752 685 933 727 natus.
958 673 1181 736 Euseb.,
1212 688 1263 737 v,
1288 673 1375 727 2|.

819 765 1071 821 Pluribus
1091 765 1309 832 iocatur
1344 764 1591 835 Scaliger
1638 766 1689 820 in
1742 766 2008 825 artiﬁcem
2060 770 2328 837 epistulae,

745 859 890 929 quod
944 860 1283 913 Christianos
1330 860 1446 913 sine
1480 860 1646 913 armis
1696 867 1752 913 et
1800 860 1921 913 telis
1970 860 2023 915 in
2068 862 2327 919 Romanis

740 950 1078 1005 exercitibus
1107 949 1515 1018 conscripserit.
1544 950 1614 1004 At
1650 951 1795 1005 hunc
1833 952 2008 1005 locum
2050 953 2326 1021 explicare

741 1054 971 1099 conatus
1000 1059 1139 1099 sum.
1189 1043 1330 1097 Idem
1368 1043 1621 1097 observat
1662 1059 1767 1098 non
1805 1044 1984 1099 solere
2031 1044 2326 1115 imperato-

739 1153 827 1191 res
855 1152 1070 1191 sacrant
1102 1146 1353 1190 senatum
1390 1134 1685 1204 appellare.
1712 1150 1774 1190 ac
1797 1135 2077 1192 laureatas
2110 1138 2326 1191 litteras

737 1236 935 1301 populo
968 1239 1022 1285 et
1046 1228 1258 1283 senatui
1292 1230 1530 1295 mittere,
1561 1229 1655 1283 sed
1684 1239 1896 1283 tantum
1928 1233 2139 1285 senatui
2172 1248 2185 1285 :
2212 1233 2326 1287 haec

736 1336 919 1381 autem
947 1325 1228 1391 desumpta
1253 1332 1405 1392 putat
1431 1338 1493 1377 ex
1529 1322 1684 1378 initio
1709 1323 1979 1393 Apologia!
2005 1324 2063 1380 S.
2095 1323 2316 1384 Justini.

736 1417 827 1469 Sic
855 1415 1171 1468 inscribitur
1204 1413 1343 1481 apud
1374 1410 1667 1466 Baronium
1698 1413 2043 1482 supposititia
2079 1414 2167 1468 illa
2209 1416 2323 1485 epi-

738 1509 876 1561 stola
911 1526 923 1561 :
961 1507 1097 1576 Imp.
1148 1506 1347 1565 Caesar,
1408 1504 1479 1557 Μ.
1517 1505 1794 1569 Aurelius,
1847 1506 2180 1573 Antoninus,
2211 1510 2321 1561 Au-

734 1608 948 1663 gustus,
987 1596 1294 1658 Parthicus,
1325 1595 1710 1661 Germanicus,
1739 1597 2100 1661 Sarmaticus,
2136 1600 2315 1666 ponti-

733 1690 821 1746 fex
854 1693 1144 1756 maximus,
1189 1690 1487 1743 tribunitiae
1514 1691 1803 1758 potestatis
1834 1706 2025 1755 xxviii,
2060 1692 2189 1761 imp.
2220 1708 2315 1758 vit,

732 1798 847 1837 cos.
874 1783 953 1845 tit,
984 1779 1145 1835 Pater
1176 1782 1390 1850 patriai,
1427 1796 1643 1850 procos.
1680 1782 1739 1839 S.
1775 1781 1834 1835 Ρ.
1870 1783 1937 1850 ρ.
1972 1783 2040 1837 R.
2079 1783 2134 1839 S.
2178 1784 2236 1837 D.

1349 1892 1580 1949 CAPUT
1624 1892 1709 1947 Vl.

728 1990 807 2041 An
838 1994 1021 2043 merito
1052 1987 1300 2042 Justinus
1330 1985 1710 2054 Prophetarum
1742 1989 2016 2043 lectionem
2052 2007 2083 2043 α
2110 1989 2305 2046 Roma-

802 2061 880 2111 nis
921 2060 1263 2123 prohibitam,
1302 2068 1349 2110 et
1385 2060 1590 2112 Simoni
1642 2058 1799 2128 Mago
1841 2072 2071 2113 statuant
2114 2074 2166 2115 ut
2208 2065 2303 2117 deo

796 2140 1019 2182 erectam
1060 2130 1272 2182 dixerit.

726 2220 763 2269 1,
794 2220 899 2269 Lex
926 2235 949 2269 a
976 2221 1171 2269 Justino
1197 2224 1465 2268 memorata
1490 2218 1795 2268 minnsbclle
1817 2222 2075 2271 intellecta
2096 2222 2304 2273 Raronio

787 2292 839 2347 et
859 2283 1154 2347 Casaubono.
1186 2281 1563 2347 ll.>\‘id_et_ur_de
1588 2284 1782 2347 curiosa!
1802 2283 2073 2332 futurorum
2100 2286 2306 2347 inquisi-

790 2346 923 2391 tione
966 2344 1313 2405 intclligenda.
1358 2341 1441 2391 Ill.
1488 2342 1734 2392 Narrataa
1761 2345 1956 2393 Justino
2003 2341 2202 2395 historia
2242 2348 2306 2395 de

785 2407 998 2467 Simonis
1016 2412 1177 2453 statua
1200 2405 1444 2467 quomodo
1472 2407 1518 2467 in
1545 2407 1877 2465 suspicionem
1906 2410 2057 2455 venit.
2090 2408 2167 2456 IV.
2195 2408 2301 2457 Non

787 2465 981 2514 videtur
1002 2480 1193 2515 errasse
1215 2465 1456 2515 Justinus.
1480 2466 1538 2515 ν.
1566 2468 1667 2516 Aut
1687 2469 1862 2515 saltem
1887 2476 2105 2517 erratum
2133 2482 2304 2518 emen-

783 2530 987 2576 daturus
1011 2541 1107 2575 non
1136 2529 1308 2576 fuisse.

791 2634 829 2687 1.
872 2632 1271 2688 Convenicnter
1300 2632 1427 2686 huic
1472 2632 1591 2688 loco
1643 2635 1962 2688 examinare
1992 2650 2298 2702 possumus,

720 2742 790 2780 an
815 2727 992 2796 capite
1016 2727 1282 2782 sancitum
1316 2724 1479 2779 fuerit
1510 2729 1577 2781 ab
1610 2729 2303 2797 etlmicisiuqieratoribus,

721 2834 789 2872 ne
817 2820 940 2889 quis
967 2818 1316 2873 Christianus
1345 2817 1628 2889 Hystaspis
1653 2831 1706 2873 ct
1736 2819 1955 2891 Sibyllrc
1981 2834 2034 2876 et
2068 2820 2306 2892 Prophe—

720 2921 896 2964 tarum
951 2912 1118 2965 Iibros
1166 2910 1391 2980 legeret.
1428 2908 1481 2961 ld
1515 2912 1659 2963 enim
1706 2914 1911 2981 colligit
1945 2914 2210 2967 Barouius
2235 2930 2304 2969 ex

717 3007 807 3061 his
855 3006 1035 3060 verbis
1085 3005 1142 3057 S.
1179 3003 1404 3066 Justini,
1458 3004 1611 3069 Apol.
1663 3019 1700 3063 ι.
1754 3020 1808 3057 n.
1844 3002 1913 3057 41
1947 3023 1959 3056 2
1992 3006 2126 3057 Κατ’
2154 3008 2303 3075 ἐνέρ-

715 3118 869 3169 γειαν
900 3100 958 3153 δὲ
990 3098 1096 3151 τῶν
1119 3098 1335 3167 φαύλων
1370 3098 1635 3167 δαιμόνων
1668 3097 1895 3159 Θάνατος
1926 3097 2133 3168 ὠρῖσῦη
2163 3098 2304 3151 κατὰ

714 3196 823 3248 τῶν
869 3194 967 3257 τὰς
1007 3194 1334 3253 Ὑστάσπου,
1387 3191 1733 3262 ἢΣιϐὐλλης,
1784 3192 1815 3262 ἦ
1867 3192 1974 3244 τῶν
2007 3190 2303 3262 Τροςητῶν

2430 685 2636 750 putavit
2664 696 2834 740 totum
2860 690 3107 743 volumen
3131 691 3390 745 carminis
3415 690 3681 763 Sibyllini,
3710 690 3855 760 quod
3875 701 3996 747 tan-

2433 785 2487 829 to
2516 778 2694 832 studio
2722 778 2907 834 Romae
2933 784 3272 848 servabatur,
3300 791 3355 839 et
3378 799 3407 837 a
3440 783 3595 848 cujus
3626 783 3860 838 lcetioue
3890 800 4001 836 om-

2431 882 2527 921 nes
2572 868 2901 924 arcebantur
2950 882 3146 942 praeter
3199 874 3671 940 Quindecimviros
3701 909 3715 934 ,
3752 874 3999 945 ejusdem

2429 973 2549 1012 esse
2578 964 2901 1031 argumenti.
2923 982 2940 1016 ι

2501 1053 2634 1107 Dum
2667 1071 2831 1110 unum
2865 1070 3106 1112 errorem
3139 1055 3191 1110 in
3220 1054 3451 1115 Daronio
3496 1055 3692 1114 refellit
3720 1057 4003 1113 Casaubo-

2430 1160 2550 1210 nus,
2593 1146 2778 1215 plures
2825 1148 2958 1203 alios
3007 1147 3218 1206 Justino
3245 1150 3472 1222 aﬂingit.
3504 1149 3621 1205 Non
3653 1160 3830 1221 potest
3862 1164 4002 1204 sane

2429 1237 2642 1292 Damnii
2668 1248 2814 1295 stare
2842 1244 3129 1308 sententia,
3165 1257 3261 1299 nec
3296 1242 3379 1297 illa
3413 1242 3519 1307 lex,
3553 1258 3715 1312 quam
3748 1243 4001 1296 nomina-

2428 1330 2520 1384 tim
2543 1329 2871 1387 Christianis
2900 1334 3126 1402 positam
3157 1334 3321 1389 fuisse
3350 1343 3525 1404 putat,
3553 1335 3661 1389 ullo
3691 1342 3871 1389 exstat
3893 1348 3999 1388 ve-

2425 1423 2603 1492 stigio.
2636 1424 2861 1490 Quidvis
2890 1425 3035 1480 aliud
3068 1426 3375 1497 significant
3406 1429 3570 1482 verba
3605 1426 3663 1482 S.
3707 1428 3999 1498 martyris,

2423 1523 2513 1589 qui
2543 1523 2666 1577 dum
2708 1523 3091 1591 prophetarum
3139 1524 3353 1579 oracula
3398 1524 3711 1592 imperatori
3738 1524 4000 1580 conside—

2424 1618 2586 1669 randa
2617 1620 2891 1685 proponit,
2920 1628 3138 1688 gratum
3188 1632 3247 1673 se
3290 1618 3364 1673 illi
3399 1633 3461 1673 ac
3491 1618 3703 1673 caeteris
3733 1616 3999 1672 omnibus

2422 1711 2688 1765 facturum
2718 1712 2961 1776 conlidit,
3001 1714 3195 1768 nedum
3242 1719 3470 1768 mortem
3510 1712 3859 1767 constitutam
3889 1724 4000 1778 pu-

2422 1810 2558 1855 taret
2606 1800 2930 1858 Christianis
2963 1804 3077 1858 luce
3106 1805 3327 1859 oracula
3358 1803 3677 1872 legentibus.
3707 1800 4001 1868 Quomodo

2340 1933 2381 1989 Β
2418 1894 2581 1960 enim,
2615 1896 2658 1949 si
2696 1904 2802 1949 tam
2831 1911 3019 1950 severa
3047 1897 3130 1951 lex
3160 1898 3369 1951 sancita
3402 1897 3453 1950 in
3482 1896 3821 1951 Christianos
3851 1894 4003 1949 fuis-

2410 1997 2511 2051 set,
2538 1988 2766 2056 gratiam
2796 2003 2855 2041 se
2885 1987 2971 2042 illa
3002 1988 3245 2042 violanda
3275 1987 3519 2043 Justinus
3550 1988 3809 2042 initurum
3863 2001 3997 2056 spe-

2411 2079 2607 2132 rasset?
2624 2078 2825 2133 Deinde
2858 2095 2984 2134 vero
3008 2081 3081 2135 ait
3103 2079 3348 2134 Justinus
3378 2080 3648 2135 dtemones
3678 2080 3781 2134 hac
3800 2088 3998 2135 mente

2408 2173 2579 2242 legem
2608 2173 2753 2227 illam
2786 2173 3125 2229 machinatus
3155 2188 3298 2238 esse,
3353 2182 3410 2227 ut
3452 2174 3701 2228 homines
3741 2190 3769 2227 a
3815 2174 3998 2228 bona-

2410 2280 2525 2318 rum
2577 2280 2757 2319 rerum
2803 2267 3110 2336 cognitione
3140 2275 3475 2328 averterent,
3506 2280 3569 2319 ac
3598 2265 3700 2321 sibi
3737 2265 3996 2320 servien-

2410 2368 2491 2412 tes
2536 2358 2861 2414 detinerent.
2895 2359 3009 2412 Non
3061 2368 3170 2413 tam
3210 2371 3343 2429 ergo
3380 2358 3718 2415 Christianos
3769 2358 3997 2426 petebat

2408 2448 2495 2500 illa
2533 2447 2641 2513 lex,
2678 2464 2840 2518 quam
2882 2465 2974 2504 eos
3025 2450 3114 2520 qui
3166 2451 3347 2505 adhuc
3376 2452 3711 2507 daemonibus
3746 2454 4001 2508 emanci-

2407 2539 2517 2607 pati
2562 2549 2738 2596 erant.
2782 2541 3026 2613 Denique
3070 2558 3134 2598 ex
3191 2544 3501 2599 testimonio
3538 2544 3815 2599 Aureliani
3866 2546 3993 2601 Au-

2408 2631 2572 2697 gusti,
2602 2632 2745 2701 quod
2798 2633 2959 2687 modo
3006 2634 3326 2700 referemus,
3354 2636 3684 2705 perspicitur
3729 2638 3998 2693 ethnicos

2409 2722 2479 2775 ita
2513 2722 2578 2775 de
2601 2722 2930 2777 Christianis
2956 2724 3254 2791 judicasse,
3284 2734 3342 2779 ut
3372 2726 3608 2781 invisum
3632 2726 3735 2781 illis
3755 2742 3993 2782 carmen

2410 2815 2738 2885 Sibyllinum
2786 2817 3093 2882 crederent,
3128 2818 3323 2873 nedum
3356 2817 3569 2872 illorum
3606 2818 3784 2874 studia
3824 2818 3998 2891 hujus

2408 2908 2528 2961 libri
2583 2909 2793 2977 legendi
2843 2910 3141 2965 coercenda
3196 2910 3406 2980 legibus
3436 2912 3769 2967 viderentur.
3803 2912 3996 2983 Atque

2410 3001 2521 3053 bwc
2551 3002 2771 3069 quidem
2804 3002 2869 3056 de
2901 3001 3119 3056 Baronii
3149 3004 3443 3058 sententia.

2480 3090 2585 3145 Sed
2614 3092 2829 3146 Baronii
2859 3095 3270 3149 animadversor
3292 3094 3645 3151 Casaubonus
3668 3110 3735 3151 an
3768 3097 3995 3155 acutius

2408 3184 2544 3237 vidit
2595 3184 2647 3238 in
2704 3184 3023 3253 eXplicando
3068 3186 3329 3242 Justino?
3373 3188 3432 3243 Si
3457 3202 3582 3244 eum
3616 3189 3889 3255 audimus,
3921 3190 3991 3249 S.

716 3286 931 3355 βίϐλους
965 3284 1469 3353 ἀναγινωσκόντων,
1503 3284 1650 3345 ὅπως
1699 3282 1785 3335 διὰ
1835 3283 1927 3334 τοῦ
1970 3283 2134 3351 φόϐου
2168 3287 2298 3339 ἀπο-

2410 3286 2615 3347 martyr
2652 3277 2886 3331 credidit
2914 3276 3212 3349 Sibyllinos
3243 3279 3443 3346 libros,
3467 3279 3560 3346 qui
3585 3295 3613 3332 a
3632 3279 3993 3346 Quindecim-

713 3379 1015 3449 στρὲψωσιν
1047 3376 1469 3445 ἐντυγχάνοντας
1503 3375 1625 3437 τοὺς
1648 3374 1965 3445 ὰνῢρώπους
1992 3375 2097 3427 τῶν
2123 3376 2302 3428 καλῶν

710 3471 910 3538 γνῶσιν
962 3469 1180 3532 λαϐεῖν,
1234 3468 1414 3529 αὐτοῖς
1465 3468 1519 3519 δὲ
1568 3467 1911 3529 δουλεύοντας
1962 3467 2298 3536 κατέχωσιν

709 3565 845 3631 ὅπερ
878 3564 955 3625 εἰς
995 3562 1145 3623 τέλος
1179 3560 1278 3613 οὐκ
1315 3561 1538 3630 ἴσχυσαν
1572 3560 1793 3627 πρᾶξαι.
1831 3558 2069 3625 Ἀφὸϐως
2099 3560 2206 3630 γὰρ
2238 3561 2297 3613 οὐ

714 3654 873 3723 μόνον
904 3652 1299 3721 ἐντυγχάνομεν
1333 3650 1542 3712 αὑταῖς,
1565 3649 1697 3702 ἀλλὰ
1719 3649 1810 3701 καὶ
1840 3650 1987 3718 ὑμῖν,
2011 3650 2086 3713 ὡς
2117 3652 2296 3719 ὁρᾶτε,

706 3748 786 3809 εἰς
821 3746 1108 3813 ἐπίσκεψιν
1145 3745 1402 3815 φέρομεν,
1438 3743 1788 3811 ἐπιστάμενοι
1836 3743 2002 3796 πᾶσιν
2033 3743 2299 3814 adipata.

710 3837 1063 3909 φανήσεσθαι.
1099 3856 1114 3887 ι
1150 3838 1407 3888 Malorum
1440 3842 1619 3885 autem
1651 3834 1952 3886 daemonum
1986 3836 2298 3901 operatione

710 3931 917 3983 sancita
970 3944 1117 3983 mors
1171 3939 1252 3980 est
1300 3929 1351 3980 in
1406 3943 1501 3982 eos
1544 3929 1635 3997 qui
1668 3927 1852 3993 legunt
1881 3926 2167 3996 Hystaspis
2204 3938 2298 3981 aut

708 4023 927 4092 Sibylla:
958 4032 1047 4074 aut
1084 4022 1477 4091 Prophetarum
1529 4022 1732 4086 libros;
1784 4030 1895 4072 tmn
1927 4030 1983 4072 ut
2015 4028 2157 4072 metu
2191 4020 2293 4073 ho-

708 4118 881 4170 mines
908 4117 1243 4177 deterreant,
1273 4114 1568 4182 quominus
1615 4113 1700 4167 his
1749 4114 1993 4181 legendis
2025 4115 2292 4167 bonarum

706 4226 889 4263 rerum
926 4207 1291 4277 cognitionem
1325 4219 1718 4276 assequamur;
1774 4216 1885 4259 tum
1942 4213 2000 4259 ut
2050 4220 2146 4261 eos
2192 4207 2292 4263 sibi

704 4317 892 4357 servos
924 4310 1189 4357 retineant
1230 4300 1416 4368 :quod
1464 4299 1683 4365 quidem
1733 4299 1784 4351 in
1820 4310 2141 4368 perpetuum
2181 4296 2295 4351 elli-

706 4409 831 4448 cere
874 4410 979 4448 non
1009 4402 1318 4464 potuerunt.
1352 4392 1628 4462 impavide
1654 4394 1800 4447 enim
1834 4407 1938 4446 non
1966 4390 2137 4445 solum
2172 4392 2293 4445 illos

704 4486 954 4555 legimus,
988 4491 1080 4539 sed
1114 4487 1265 4540 vobis
1297 4486 1485 4548 etiam,
1552 4493 1609 4538 ut
1657 4485 1871 4546 videtis,
1922 4485 2289 4554 inspiciendus

2407 3368 2535 3421 viris
2564 3370 3007 3434 asservabantur,
3045 3370 3288 3439 ejusdem
3312 3386 3434 3427 esse
3458 3374 3758 3443 argumenti
3796 3388 3859 3427 ac
3883 3388 3988 3432 eo:

2403 3462 2495 3529 qui
2530 3462 2767 3516 secundo
2813 3464 3008 3517 saeculo
3057 3464 3317 3534 suppositi
3356 3464 3571 3535 Sibyllze
3596 3464 3847 3531 fuerunt;
3882 3482 3991 3522 ne—

2403 3554 2560 3607 seivit
2590 3555 2689 3608 bos
2716 3554 2881 3609 libros
2904 3556 3114 3611 consuli
3142 3557 3329 3613 solitos
3352 3573 3473 3613 esse
3494 3560 3560 3615 de
3588 3558 3983 3629 placandorum

2401 3644 2626 3699 deorum
2673 3647 2884 3714 modis;
2939 3648 3093 3703 tinxit
3138 3649 3239 3704 sibi
3270 3662 3363 3703 eos
3392 3650 3457 3705 de
3485 3650 3663 3705 Verbo
3692 3651 3783 3705 Dei
3818 3651 3983 3721 Filio,

2402 3738 2625 3807 ejusque
2661 3739 3066 3807 lncarnatione,
3101 3742 3403 3807 miraculis,
3432 3752 3605 3798 morte
3634 3756 3689 3798 et
3732 3760 3985 3801 resurre-

2401 3835 2582 3888 ctione
2635 3836 2979 3905 apertissime
3025 3835 3204 3905 loqui;
3254 3846 3417 3908 atque
3444 3837 3495 3891 id
3521 3852 3697 3893 cauam
3741 3841 3982 3909 exstitit,

2400 3943 2499 3981 cur
2534 3943 2747 3997 pugnam
2796 3929 3014 3983 lectioni
3047 3930 3307 3986 carminis
3340 3930 3586 4002 Sibyllini
3615 3933 3976 3989 constitutam

2400 4025 2465 4078 ad
2499 4026 2666 4093 ipsam
2714 4026 2881 4079 etiam
2917 4025 3316 4094 Prophetarum
3365 4026 3653 4081 lectionem
3696 4030 3979 4097 pertinere

2398 4116 2754 4171 existimaret.
2782 4113 3029 4184 Magnum
3060 4130 3192 4169 sane
3218 4126 3455 4169 erratum
3488 4126 3539 4171 et
3570 4116 3656 4170 vix
3688 4118 3977 4173 credibile.

2399 4208 2503 4262 Sed
2535 4223 2662 4263 cccc
2689 4208 2834 4261 aliud
2866 4223 2971 4263 non
2997 4206 3194 4262 levius.
3220 4207 3449 4263 Necesse
3472 4218 3553 4263 est
3580 4211 3725 4263 enim
3752 4220 3806 4264 ut
3828 4212 3979 4267 hanc

2398 4303 2799 4357 similitudinem
2827 4303 3152 4373 argumenti,
3184 4317 3345 4372 quam
3380 4303 3531 4359 libris
3568 4302 3753 4359 Romae
3784 4322 3977 4361 asser~

2400 4398 2535 4450 vatis
2565 4399 2740 4449 inesse
2770 4410 2889 4448 cum
2913 4395 3034 4448 aliis
3063 4395 3128 4449 de
3156 4396 3375 4449 Christo
3409 4404 3594 4463 aperte
3625 4396 3976 4465 loquentibus

2398 4498 2451 4543 et
2496 4504 2618 4543 cum
2661 4487 2793 4556 ipsis
2835 4488 2997 4541 etiam
3029 4488 3307 4556 prophetis
3338 4488 3583 4552 putabat,
3616 4488 3686 4540 ita
3712 4491 3973 4546 omnibus

702 4582 1012 4644 oil‘crimus,
1051 4579 1445 4636 cum-futurum
1475 4579 1735 4644 sciamus,
1769 4588 1827 4633 ut
1851 4580 1990 4649 grati
2029 4581 2285 4634 omnibus
2318 4608 2363 4663 ι)
2395 4580 2669 4649 cOgnitam
2712 4592 2832 4633 esse
2884 4578 3151 4640 crederet,
3186 4586 3245 4631 ut
3287 4579 3476 4630 horum
3509 4578 3749 4630 omnium
3806 4577 3973 4633 lectio

705 4675 1043 4727 videantura

775 4752 1129 4833 Sfmartyris
1179 4764 1343 4816 verba
1396 4762 1571 4816 locum
1614 4764 1876 4817 dederunt
1908 4764 2033 4818 huic
2064 4763 2282 4819 Baronii

701 4855 1102 4908 observationi:
1130 4872 1145 4904 ε
1171 4853 1342 4919 Quam
1362 4850 1695 4922 frequentes,
1721 4854 1912 4923 inquit,
1933 4856 2188 4923 Apparut.
2215 4857 2284 4909 ad

702 4946 923 5008 Amuth
954 4960 1107 4998 num.
1136 4944 1228 5005 νο,
1266 4943 1464 4996 fuerint
1495 4945 1792 4997 Christiani
1847 4947 1896 4998 in
1948 4947 2187 5015 legendis
2216 4947 2281 4999 li-

706 5037 818 5089 bris
850 5034 1155 5104 Sibyllinis,
1182 5044 1551 5103 quantamque
1583 5037 1645 5087 ad
1674 5037 2074 5091 eonvineendos
2103 5038 2281 5107 genti-

702 5134 778 5186 les
808 5147 875 5185 ex
918 5133 984 5186 iis
1025 5133 1134 5185 vim
1167 5143 1222 5184 et
1254 5131 1635 5185 auctoritatem
1669 5132 1769 5185 sibi
1802 5149 2123 5202 comparare
2163 5146 2281 5188 stu-

701 5228 942 5288 dueriut,
984 5239 1049 5278 ex
1096 5240 1160 5278 eo
1210 5223 1368 5277 facile
1416 5233 1593 5289 potest
1641 5224 1886 5294 intelligi,
1928 5226 2070 5293 quod
2121 5242 2280 5294 paena

702 5320 894 5373 mortis
939 5320 1007 5372 ab
1055 5332 1244 5371 eorum
1299 5316 1530 5370 lectione
1574 5332 1667 5371 eos
1715 5318 2022 5371 absterrere
2071 5319 2281 5388 legibus

700 5416 1000 5484 oportuerit
1036 5433 1048 5467 :
1087 5416 1227 5482 quo-l
1260 5414 1343 5466 bis
1375 5414 1554 5467 verbis
1594 5412 1842 5467 Justinus
1878 5426 2083 5484 martyr
2111 5425 2279 5469 testa-

700 5519 806 5561 tur.
834 5526 852 5558 ι
880 5505 1025 5559 llanc
1050 5505 1268 5558 llaronii
1299 5506 1620 5559 sententiam
1643 5507 1880 5572 exagitat
1903 5506 2277 5572 Casanbonus,

698 5602 922 5653 ercrcit.
958 5600 1041 5661 li,
1078 5614 1139 5651 ac
1186 5609 1345 5665 negat
1381 5597 1599 5665 proprie
1642 5597 1707 5649 ad
1750 5598 2091 5651 Christianos
2134 5599 2275 5653 illam

700 5692 1121 5758 prohibitionem
1158 5692 1502 5757 pertinuisse.
1548 5708 1565 5737 ί
1601 5689 1705 5741 Sed
1739 5690 1882 5753 quod
1937 5692 2104 5743 libros
2136 5688 2274 5744 Pro-

700 5786 979 5849 plu:tarum
1010 5793 1061 5837 et
1095 5782 1384 5853 Sibyllinos
1426 5783 1606 5851 jungit
1646 5782 1908 5847 lustinus,
1944 5783 2091 5852 pium
2126 5798 2269 5836 mar-

700 5887 869 5943 tyrem
926 5888 1206 5949 propterea
1259 5880 1308 5932 id
1360 5877 1577 5944 fucis-se,
1622 5878 1743 5946 quia
1798 5887 1988 5933 nactus
2028 5879 2273 5947 quaedam

2390 4672 2578 4725 eadem
2612 4685 2771 4739 pinna
2802 4669 3203 4739 prohiberetur.
3240 4668 3511 4722 Prtctcrea
3543 4670 3585 4721 si
3622 4669 3692 4721 ita
3727 4670 3971 4724 duceba-

2390 4776 2477 4820 tur
2508 4780 2696 4819 errore
2725 4761 2993 4827 Justinus,
3018 4765 3289 4831 quomodo
3339 4762 3468 4815 illud
3511 4772 3721 4829 gratum
3752 4763 3803 4816 in
3832 4766 3968 4820 solis

2386 4856 2712 4911 Christianis
2741 4854 2981 4909 futurum
3016 4855 3257 4923 putabat,
3292 4854 3434 4922 quod
3472 4854 3540 4907 ob
3572 4867 3664 4908 eos
3693 4855 3838 4909 solos
3864 4871 3966 4911 vc-

2388 4953 2541 5004 titum
2574 4961 2628 5004 et
2658 4949 2887 5003 invisum
2921 4947 3223 5003 credebat?

2458 5042 2522 5099 ll.
2550 5042 2665 5096 Alia
2693 5058 2823 5113 ergo
2855 5042 3143 5111 qumreuda
3175 5040 3333 5109 hujus
3375 5040 3476 5095 loci
3508 5041 3817 5109 explicatio.
3865 5059 3967 5096 nec

2387 5146 2565 5190 tamen
2606 5136 2763 5205 longe
2811 5136 3123 5205 qutcrcnda.
3175 5133 3289 5188 Duo
3336 5143 3544 5187 tantum
3592 5133 3965 5187 observentur

2383 5230 2545 5284 velim
2578 5230 2628 5282 in
2660 5230 2839 5283 verbis
2862 5227 3086 5282 Justini.
3115 5228 3280 5281 Poena
3308 5227 3397 5279 illa
3428 5226 3680 5293 capitalis
3706 5227 3962 5279 ethnicos

2384 5324 2699 5378 deterrebat
2723 5338 2751 5375 a
2776 5321 3018 5391 legendis
3047 5319 3353 5389 Hystaspis,
3385 5318 3605 5391 Sibylla:
3633 5328 3687 5373 et
3715 5318 3963 5389 Prophe-

2384 5428 2560 5471 tarum
2598 5418 2749 5470 libris
2780 5435 2795 5472 :
2829 5425 2883 5467 at
2926 5416 3268 5469 Christianos
3301 5427 3410 5469 tam
3447 5432 3635 5485 parum
3679 5415 3959 5480 movebat,

2384 5518 2441 5561 ut
2474 5523 2531 5561 se
2585 5508 2670 5561 his
2724 5504 2968 5575 legendis
2998 5504 3150 5559 libris
3182 5508 3395 5561 deditos
3428 5522 3548 5561 esse
3601 5522 3713 5577 prin
3762 5520 3819 5559 se
3852 5507 3961 5559 fer-

2382 5613 2526 5663 rent,
2566 5616 2628 5653 ac
2662 5598 3006 5667 proferendis
3044 5598 3434 5667 prophetarum
3468 5598 3709 5654 oraculis
3746 5599 3959 5652 nemini

2383 5695 2435 5747 in
2466 5692 2819 5747 offensionem
2852 5702 3109 5746 venturos
3138 5692 3495 5747 confiderent.
3536 5692 3797 5757 Quicnam
3824 5704 3958 5758 ergo

2382 5785 2473 5839 illa
2525 5785 2633 5849 lex,
2669 5795 2777 5839 tam
2810 5785 3046 5839 ethnicis
3078 5785 3389 5849 metuenda,
3436 5781 3956 5838 Christianos'vcro

2381 5878 2511 5932 nihil
2550 5876 2791 5932 licdens?
2818 5874 2932 5933 Non
2968 5877 3071 5931 alia
3111 5877 3357 5947 profecto
3400 5873 3614 5929 videtur
3670 5871 3954 5942 assignari
