4120 6428
166 431 260 487 Hi

1148 425 1212 481 D.
1253 425 1517 481 MARANI
1554 424 1949 483 PRAFATIO.
1992 456 2055 464 ——
2085 423 2265 478 PARS
2299 425 2386 479 111.

3329 427 3432 484 “2

165 572 358 627 ροεεε,
385 566 586 627 preter
615 569 737 610 eam
771 567 891 623 qua:
917 551 1225 606 futurorum
1258 552 1534 606 curiosam
1568 551 1750 617 inqui-
1780 556 1827 610 Α
1856 561 1985 602 num
2014 563 2044 601 e
2075 548 2194 600 vico
2219 546 2427 599 Gittum
2456 546 2626 611 dicto,
2659 544 2748 613 qui
2787 545 2888 599 sub
2929 545 3156 602 Claudio
3194 546 3434 609 Caesare.

164 651 426 702 sitionem
481 645 820 716 prohibebat.
857 644 988 698 Erat
1017 642 1160 696 enim
1205 643 1313 697 hoc
1347 643 1555 696 crimen
1591 650 1754 711 longe

166 740 474 794 maximum
505 739 610 793 illis
649 737 1016 806 temporibus,
1053 751 1116 790 ac
1148 736 1303 789 novis
1343 733 1506 788 rebus
1533 734 1758 788 studere

167 841 226 886 et
259 831 474 886 nefaria
509 833 732 886 consilia
781 830 1062 885 intendere
1092 827 1412 893 videbatur,
1451 825 1496 879 si
1535 824 1659 894 quis
1687 824 1754 879 de

170 923 356 977 salute
387 922 734 990 imperatoris
766 935 1024 990 responsa
1073 926 1306 989 peteret.
1346 917 1499 973 Unde
1531 917 1754 971 Tertul—

172 1015 381 1076 lianus,
424 1015 574 1081 Apol.
633 1014 727 1077 55,
761 1027 818 1069 ut
849 1015 1043 1086 probet
1088 1014 1361 1068 immerito
1404 1011 1753 1068 Christianos

171 1106 364 1160 vocari
403 1107 644 1175 pubiicos
677 1109 880 1170 hostes,
910 1107 1038 1176 quia
1081 1107 1499 1175 imperatoribus
1526 1145 1541 1171 ,
1591 1121 1754 1175 neque

173 1217 368 1266 Ianos,
416 1217 580 1268 neque
620 1201 1141 1268 mentientes,neque
1189 1199 1501 1253 temerarios
1529 1200 1752 1253 honores

171 1295 381 1358 dicunt,
412 1291 667 1346 observat
701 1307 795 1346 eos
817 1331 831 1356 ,
865 1291 958 1359 qui
989 1291 1042 1344 in
1081 1291 1166 1346 his
1196 1290 1398 1345 Caesari
1446 1291 1754 1346 deferendis

174 1401 376 1455 magna
404 1385 580 1439 studia
621 1385 958 1453 significant,
1001 1398 1144 1454 saepe
1177 1384 1361 1438 animo
1398 1398 1520 1438 esse
1548 1383 1751 1439 Caesari

178 1493 286 1533 non
336 1477 513 1533 amico
543 1484 597 1531 et
629 1476 929 1544 astrologos
970 1477 1036 1530 de
1069 1476 1211 1529 illius
1237 1478 1414 1528 salute
1445 1475 1750 1540 consulere,

176 1570 334 1634 cujus
350 1568 425 1622 rei
451 1568 758 1638 suspicioin
785 1566 1125 1622 Christianos
1157 1581 1263 1620 non
1293 1567 1462 1620 cadit.
1497 1588 1512 1618 ι
1546 1566 1749 1621 Eadem

174 1661 352 1716 oﬂicia
383 1661 721 1729 dependunt,
757 1660 954 1730 inquit,
992 1668 1046 1714 et
1091 1662 1182 1728 qui
1225 1658 1527 1729 astrologos
1573 1669 1629 1712 et
1651 1675 1751 1712 au-

176 1767 337 1823 gures
387 1762 446 1805 et
497 1752 779 1820 aruspices
817 1762 873 1805 et
924 1765 1111 1821 magos
1139 1751 1206 1804 de
1251 1749 1530 1804 Caesarum
1575 1749 1750 1818 capite

177 1841 513 1906 consultant,
537 1856 675 1910 quas
712 1851 860 1896 artes
887 1841 955 1893 ab
984 1839 1193 1910 angelis
1222 1840 1597 1894 desertoribus
1621 1854 1751 1909 pro-

1859 655 1981 693 cum
2005 639 2216 707 magica
2248 638 2535 702 miracula,
2565 638 2875 692 daemonum
2919 638 2972 692 in
2997 651 3062 692 eo
3092 640 3435 708 operantium

1860 739 2000 794 arte,
2054 730 2107 782 in
2159 729 2305 799 regia
2345 739 2530 783 vestra
2576 729 2713 782 urbe
2765 729 2938 782 Roma
2975 729 3258 792 edidisset,
3297 733 3435 785 deus

1861 820 2213 874 existimatus
2243 831 2328 875 est
2356 829 2410 875 et
2430 835 2458 873 a
2487 821 2643 876 vobis
2679 831 2936 891 tanquam
2968 822 3099 876 deus
3130 833 3308 877 statua
3336 825 3436 878 ho-

1859 922 2270 982 noratuszqute
2310 921 2707 967 statua-erecta
2741 922 2826 968 est
2867 914 2918 968 in
2963 914 3138 969 insula
3175 915 3437 970 Tiberina

1859 1004 2004 1058 inter
2041 1005 2180 1058 duos
2217 1014 2432 1074 pontes,
2463 1004 2674 1061 habens
2711 1005 2851 1061 hanc
2899 1005 3198 1062 Romanam
3239 1008 3440 1062 inscri-

1856 1097 2098 1164 ptionem
2131 1096 2378 1152 :St'moni
2402 1097 2498 1151 deo
2535 1107 2739 1152 sancto.
2783 1117 2802 1151 ι
2828 1097 2893 1153 Et
2933 1115 3085 1154 num.
3122 1098 3222 1152 56:
3261 1118 3279 1150 ι
3309 1097 3435 1154 Dte-

1858 1203 2048 1245 mones
2078 1192 2427 1246 immiserunt
2451 1191 2730 1247 Simonem
2764 1203 2818 1247 et
2851 1193 3210 1250 Menandrum
3242 1196 3437 1251 Sama-

1855 1285 2090 1347 ritanos,
2129 1283 2221 1351 qui
2267 1284 2496 1355 magicis
2534 1285 2819 1340 miraculis
2847 1287 3014 1342 editis
3039 1287 3243 1342 multos
3270 1289 3439 1344 dccc-

1855 1381 2073 1442 perunt,
2107 1381 2269 1443 atque
2296 1374 2594 1429 etiamnum
2623 1376 2882 1445 deceptos
2902 1385 3112 1434 tenent.
3144 1376 3282 1433 Nam
3311 1394 3435 1434 cum

1857 1466 1998 1535 apud
2029 1479 2126 1518 vos
2168 1465 2221 1519 in
2265 1467 2416 1537 regia
2451 1469 2588 1523 urbe
2632 1468 2829 1534 Roma,
2864 1480 2922 1524 ut
2946 1469 3062 1539 jam
3101 1471 3236 1538 dixi,
3267 1473 3440 1540 impe-

1856 1567 2016 1611 rante
2044 1557 2266 1613 Claudio
2293 1558 2528 1629 Caesare,
2562 1561 2748 1616 Simon
2777 1573 3193 1618 versareturch
3220 1580 3439 1619 sacrum

1854 1659 2103 1704 senatum
2157 1659 2212 1706 et
2247 1652 2510 1723 populum
2557 1652 2868 1709 Romanum
2930 1655 3005 1710 ita
3067 1655 3438 1712 admiratione

1853 1743 2136 1810 perculsit,
2184 1753 2245 1799 ut
2287 1745 2422 1802 deus
2477 1747 2916 1813 existimaretur,
2948 1758 3004 1802 et
3061 1759 3242 1804 statua
3289 1752 3442 1805 velut

1853 1835 1963 1901 alii,
1995 1838 2087 1908 qui
2118 1840 2326 1895 avobis
2369 1839 2648 1905 coluntur,
2666 1841 3072 1897 diidonaretur.
3096 1842 3441 1912 Quapropter

177 1935 311 1987 ditas
361 1942 416 1987 et
469 1949 499 1986 a
545 1932 659 1987 Deo
695 1931 1021 1987 interdictas
1059 1946 1127 1985 ne
1152 1932 1265 1985 suis
1297 1929 1517 1999 quidem
1565 1928 1750 1984 causis
1783 1912 1825 1967 Β
1859 1942 2104 1996 oramus,
2139 1938 2201 1984 ut
2230 1939 2286 1986 et
2317 1946 2536 1986 sacrum
2566 1941 2814 1988 senatum
2864 1943 2921 1987 et
2947 1934 3202 2004 populum
3236 1933 3440 1987 Roma-

178 2026 439 2080 adhibent
465 2022 790 2078 Christiani.
823 2041 843 2076 ι
867 2021 1054 2077 Refert
1076 2022 1354 2078 Lucianus
1372 2021 1424 2076 in
1447 2021 1750 2075 Alexandro

177 2115 427 2171 callidum
463 2115 624 2183 hujus
649 2115 883 2168 hominis
909 2112 1223 2178 artificium,
1247 2114 1338 2183 qui
1373 2128 1496 2168 cum
1515 2113 1751 2183 undique

178 2219 270 2272 per
298 2205 518 2260 libellos
549 2204 950 2266 consuleretur,
984 2204 1028 2256 si
1052 2203 1143 2272 qui
1176 2217 1243 2256 ex
1269 2202 1531 2260 divitibus
1559 2202 1626 2256 de
1663 2217 1754 2256 re-

180 2297 272 2349 bus
328 2295 516 2358 magni
574 2294 834 2348 momenti
903 2294 1278 2358 consulerent,
1329 2309 1435 2348 non
1490 2293 1754 2348 reddebat

178 2401 362 2438 eorum
403 2386 642 2448 libellos,
684 2384 777 2439 sed
827 2385 966 2454 apud
1008 2399 1069 2439 se
1115 2385 1405 2452 retinebat,
1430 2395 1490 2438 ut
1511 2399 1633 2440 cum
1677 2383 1751 2438 illi

177 2487 361 2544 captos
395 2491 459 2531 se
488 2485 544 2531 et
577 2475 915 2530 constrictos
943 2475 1324 2544 intelligerent,
1348 2474 1671 2545 periculum.
1697 2474 1749 2528 in

178 2569 314 2634 quod
343 2583 402 2623 se
445 2568 549 2637 ipsi
579 2567 746 2622 stulte
777 2567 1148 2638 conjecerant,
1188 2568 1401 2638 magnis
1430 2568 1747 2621 muneribus

180 2660 526 2714 redimerent.

246 2749 372 2804 Erat
402 2765 536 2820 ergo
583 2751 761 2819 capite
796 2752 1062 2806 sancitum
1093 2765 1160 2805 ne
1188 2752 1312 2820 quis
1338 2751 1404 2806 de
1433 2752 1597 2806 rebus
1630 2750 1750 2804 Cas-

181 2845 287 2896 sari
318 2855 411 2897 aut
449 2844 769 2914 reipublicae
798 2844 1082 2898 eventuris
1116 2845 1435 2913 inquireret,
1488 2859 1552 2897 ac
1582 2843 1750 2898 libros

178 2934 470 3000 evolveret,
515 2936 570 2988 in
614 2936 816 3004 quibus
851 2935 1035 2990 futura
1061 2936 1450 3005 praedicuntur.
1489 2935 1642 2989 lianc
1671 2936 1748 2990 le-

177 3040 294 3092 gem
334 3023 582 3081 Justinus
632 3029 940 3082 dmmonum
996 3039 1118 3082 astu
1171 3039 1224 3083 et
1257 3028 1535 3082 molitione
1583 3028 1746 3080 ﬁxam

184 3116 352 3172 fuisse
383 3119 682 3183 existimat,
735 3120 990 3173 nimirum
1031 3130 1094 3174 ut
1139 3119 1386 3174 homines
1421 3134 1450 3171 a
1505 3117 1748 3188 legendis

179 3208 460 3278 Prophetis
487 3211 932 3267 deterrerentur:
972 3227 1071 3268 sua
1104 3212 1254 3266 illam
1286 3213 1622 3280 experientia
1653 3213 1748 3266 do-

178 3319 300 3356 cere
332 3303 527 3374 potuit,
564 3305 766 3359 multos
799 3306 903 3359 hoc
939 3315 1082 3359 metu
1115 3306 1368 3360 detentos
1391 3304 1581 3367 fuisse,
1608 3319 1749 3372 quo-
1778 3294 1821 3351 C

180 3397 376 3471 minus
406 3398 793 3466 prephetarum
835 3399 1040 3466 scripta
1093 3407 1316 3467 tangere
1361 3397 1646 3451 auderent.
1685 3398 1754 3450 At

178 3486 617 3543 Christianorum
661 3491 765 3545 alia
803 3492 1015 3546 exstitit
1046 3505 1232 3550 causa.
1265 3489 1464 3545 Notum
1495 3488 1751 3544 omnibus

178 3592 294 3634 erat
322 3596 420 3634 eos
453 3581 710 3636 detestari
742 3581 1004 3651 quidquid
1038 3583 1105 3637 ad
1144 3583 1372 3652 auguria
1396 3591 1453 3635 et
1482 3581 1755 3651 aruspici-

186 3683 303 3721 nam
338 3670 598 3738 pertinet,
628 3686 693 3725 ac
709 3671 914 3741 grande
955 3671 1227 3740 piaculum
1250 3671 1512 3726 arbitrari
1546 3673 1752 3726 dremo-

180 3776 276 3814 nes
325 3760 648 3826 consulere;
697 3777 798 3817 nec
853 3763 1149 3833 prophetas
1201 3762 1553 3832 proferebant
1584 3762 1638 3816 in
1685 3763 1753 3819 iis

177 3865 293 3919 qua
321 3852 384 3905 ad
418 3853 734 3922 reipublicae
755 3854 1284 3910 administrationem
1316 3856 1619 3924 pertinent,
1649 3856 1746 3911 sed

180 3943 228 3995 in
260 3943 326 3998 iis
361 3960 484 4013 qua:
518 3948 587 3998 ad
635 3945 872 3999 salutem
916 3955 1216 4011 aeternam;
1253 3961 1430 4016 neque
1457 3955 1516 4000 ut
1559 3947 1744 4001 futura

178 4037 389 4091 curiose
436 4048 870 4105 cognoscerent,
923 4041 1016 4094 sed
1041 4041 1222 4109 potius
1249 4050 1307 4093 ut
1333 4056 1422 4106 ea,
1464 4055 1584 4110 qua:
1618 4039 1750 4095 Jesu

177 4127 391 4183 Christo
421 4139 478 4183 et
504 4130 835 4185 Christianis
856 4143 1172 4197 evenerant,
1203 4133 1389 4188 multis
1422 4143 1549 4188 ante
1579 4147 1747 4188 saecu-

178 4219 240 4274 lis
273 4222 505 4290 praevisa
533 4230 589 4275 et
615 4221 871 4290 prmdicta
901 4224 1364 4281 demonstrarent.
1392 4226 1474 4280 Ab
1507 4225 1748 4280 homini-

179 4315 275 4366 bus
307 4313 388 4365 sic
423 4314 608 4369 animo
636 4310 864 4379 aﬂ'ectis,
897 4317 1032 4370 nihil
1059 4317 1366 4372 Caesaribus
1397 4319 1745 4372 metuendum

177 4416 290 4458 erat
319 4421 334 4454 τ
362 4405 584 4474 impune
609 4417 858 4474 poterant
896 4408 1107 4482 Sibyllae
1137 4421 1192 4465 et
1221 4410 1502 4480 Hystaspis
1534 4420 1588 4463 ct
1614 4409 1750 4466 Pro-

176 4501 463 4565 phetarum
512 4501 682 4554 libros
713 4499 994 4564 evolvere;
1043 4502 1280 4572 suspicio
1311 4517 1418 4556 non
1452 4512 1571 4558 erat
1597 4504 1747 4557 futu-

1855 2037 1983 2074 num
2035 2037 2141 2076 una
2189 2025 2469 2078 vobiscum
2516 2024 2678 2094 hujus
2733 2028 2907 2081 nostri
2953 2027 3224 2096 supplicis
3259 2027 3430 2084 libelli

1855 2113 2164 2185 cognitores
2198 2117 2509 2182 asciscatis,
2538 2128 2600 2170 ut
2640 2117 2684 2173 si
2718 2119 2848 2189 quis
2875 2118 2994 2185 eius
3027 2120 3280 2176 doctrina
3331 2122 3438 2176 im-

1855 2207 2083 2274 plicatus
2108 2209 2201 2276 sit,
2234 2210 2465 2266 veritate
2501 2212 2739 2283 cognita,
2783 2228 3029 2269 errorem
3082 2214 3260 2284 possit
3293 2211 3438 2269 effu-

1854 2313 2021 2368 gere;
2051 2308 2105 2352 et
2126 2311 2389 2366 statuam,
2418 2303 2461 2356 si
2501 2304 2576 2357 ita
2611 2305 2768 2360 vobis
2797 2307 2999 2375 placet,
3031 2305 3273 2376 dejicite.
3311 2325 3331 2358 ι

1923 2389 2159 2445 Narrata
2206 2407 2235 2444 a
2284 2391 2503 2449 Justino
2557 2396 2788 2451 historia
2829 2412 3048 2469 semper
3079 2399 3133 2454 in
3165 2400 3348 2468 pretio
3384 2407 3443 2455 et

1855 2482 2064 2537 honore
2095 2485 2406 2552 exstiterat,
2430 2487 2592 2555 eique
2621 2489 2834 2557 pondus
2862 2491 3187 2547 addiderant
3223 2491 3443 2546 Tertul-

1856 2575 2006 2640 liani,
2041 2576 2282 2644 Eusebii,
2311 2579 2498 2648 Cyrilli
2535 2579 3009 2652 Jerosolymitani,
3043 2585 3338 2657 Augustini
3372 2596 3433 2642 et

1856 2664 2205 2736 Theodoreti,
2236 2684 2266 2721 a
2292 2669 2491 2738 quibus
2514 2671 2657 2724 idem
2687 2684 3062 2740 asseveratur,
3097 2679 3436 2743 testimonia.

1853 2757 2029 2814 donec
2081 2759 2243 2814 fidem
2288 2771 2343 2815 et
2387 2766 2775 2820 auctoritatem
2839 2767 2983 2835 apud
3036 2770 3285 2826 eruditos
3325 2786 3440 2827 non

1853 2865 2056 2916 paucos
2103 2853 2414 2910 detraheret
2449 2856 2668 2913 inventa
2710 2860 2808 2913 sub
2835 2860 3104 2930 Gregorio
3136 2861 3252 2917 Xlll
3284 2878 3434 2933 quae-

1852 2940 1973 2994 dam
1998 2953 2202 2998 statua.
2234 2964 2253 2996 ‹
2290 2949 2429 3002 Ante
2464 2966 2634 3006 annos
2673 2962 2803 3022 puto
2846 2955 3120 3024 quinque,
3157 2958 3334 3028 inquit
3359 2960 3431 3015 ad

1853 3045 2048 3086 annum
2076 3034 2146 3089 M
2179 3034 2467 3105 Baronius,
2497 3041 2764 3114 Gregorio
2795 3042 2907 3099 Xlll
2933 3048 3212 3116 pontifice,
3239 3050 3293 3104 in
3331 3065 3431 3105 ea-

1851 3125 1972 3178 dem
2008 3125 2179 3181 insula
2207 3128 2486 3199 Tiberina,
2511 3149 2543 3188 e
2581 3136 2867 3192 ruderibus
2902 3139 3040 3208 lapis
3064 3150 3149 3196 est
3173 3142 3430 3209 effossus,

1854 3217 1945 3273 tali
1996 3218 2350 3290 inscriptione
2385 3237 2607 3283 notatus
2638 3247 2651 3281 :

2154 3327 2348 3369 SEMONI
2389 3330 2558 3373 SANCO
2599 3335 2702 3376 DEO
2738 3337 2886 3378 FIDIO
2925 3338 3133 3379 εΑειιωί

2031 3420 2148 3460 SEX.
2204 3421 2465 3464 POMPEIUS
2513 3425 2560 3464 S.
2604 3427 2652 3465 P.
2703 3429 2756 3467 Ε.
2799 3430 2918 3469 COL.
2962 3432 3252 3476 IUSSIANUS

2135 3513 2563 3563 QUINQUENNALIS
2603 3519 2794 3559 pecua.
2834 3521 3151 3565 BIDENTALIS

2421 3609 2602 3650 DONUM
2676 3613 2860 3655 DEDIT.

1853 3678 2138 3737 Prassefert
2199 3683 2337 3753 lapis
2382 3687 2497 3754 ipse
2546 3690 2745 3755 basim,
2817 3707 2983 3761 super
3034 3711 3199 3766 quam
3252 3707 3437 3756 statua

1863 3775 2037 3828 locata
2069 3787 2238 3841 esset,
2287 3778 2382 3833 sed
2422 3783 2720 3851 exiguam:
2768 3800 2869 3840 nec
2921 3790 3068 3843 enim
3122 3807 3245 3845 cum
3276 3794 3435 3850 valde

1855 3875 2081 3936 angusta
2111 3868 2204 3931 sit,
2254 3883 2422 3938 capax
2456 3886 2578 3928 esse
2612 3873 2828 3930 videtur
2859 3877 3094 3948 alicujus
3145 3885 3432 3943 simulacri

1855 3957 2103 4012 humana:
2139 3969 2362 4016 staturae
2403 3963 2618 4018 similis.
2649 3986 2685 4034 ,ι
2729 3966 3022 4026 Nominum
3054 3976 3307 4042 quaedam
3346 3990 3431 4032 est

1853 4049 2153 4107 similitudo
2205 4053 2354 4108 inter
2401 4056 2544 4111 hanc
2593 4057 3007 4130 inscriptionem
3039 4075 3093 4118 et
3122 4080 3264 4132 eam,
3307 4083 3432 4136 quae

1856 4159 1883 4196 a
1914 4141 2127 4198 Iustino
2156 4145 2437 4214 refertur;
2468 4152 2723 4220 congruit
2759 4156 2925 4209 etiam
2972 4156 3127 4212 locus
3159 4176 3172 4212 :
3210 4172 3433 4230 reperta

1853 4235 1998 4288 enim
2045 4244 2225 4291 statua
2252 4237 2506 4294 Semonis
2533 4241 2702 4313 Sangi
2735 4244 2823 4298 dei
2853 4246 2906 4299 in
2936 4247 3114 4303 insula
3145 4250 3430 4319 Tiberina,

1855 4327 1906 4380 in
1951 4343 2056 4396 qua
2104 4329 2384 4386 Simonem
2441 4330 2606 4388 deum
2655 4344 2908 4393 sanctum
2956 4353 3147 4395 narrat
3177 4342 3430 4402 Justinus

1853 4417 2022 4472 fuisse
2077 4430 2481 4478 consecratum.
2531 4424 2662 4480 lude
2711 4437 2835 4481 nata
2894 4429 3143 4499 pluribus
3193 4436 3429 4490 eruditis

1851 4526 1957 4564 non
1985 4511 2224 4581 suspicio
2254 4514 2452 4581 solum,
2497 4517 2592 4571 sed
2617 4518 2780 4572 etiarn
2816 4519 2972 4576 firma
3018 4527 3302 4593 persuasio
3332 4530 3429 4582 dc-

177 4606 258 4643 rus
306 4592 622 4660 reipublicae
651 4603 875 4646 eventus
922 4595 990 4648 ab
1016 4596 1098 4649 eis
1131 4596 1366 4666 inquiri;
1391 4598 1631 4666 satisque
1661 4599 1742 4651 le—
1776 4633 1820 4688 Β
1851 4611 2065 4670 ceptum
2107 4601 2274 4658 fuisse
2308 4605 2584 4662 Justinum
2624 4611 2967 4680 ignoratione
2997 4592 3338 4684 Latinitatis,
3373 4631 3429 4676 et

173 4683 290 4750 pide
321 4682 654 4737 Aurelianus
685 4683 736 4736 in
778 4685 1003 4753 epistola
1033 4687 1103 4740 ad
1128 4697 1404 4753 senatum,
1445 4705 1608 4759 quam
1636 4688 1742 4743 Vo-

174 4776 353 4841 piscus
381 4775 542 4829 nobis
574 4775 827 4841 prodidit,
858 4776 1079 4831 dicebat
1105 4791 1119 4830 :
1152 4797 1172 4829 ι
1206 4778 1374 4832 Miror
1399 4794 1518 4842 vos,
1549 4779 1739 4834 Patres

173 4867 362 4926 sancti,
419 4877 528 4918 tam
561 4866 650 4919 diu
693 4867 759 4921 de
801 4861 1108 4935 aperi'endis
1137 4869 1418 4940 Sibyllinis
1460 4871 1740 4926 dubitasse

175 4957 341 5021 libris,
380 4958 537 5024 quasi
584 4959 634 5012 in
714 4959 1150 5015 ChriStianorum
1210 4963 1465 5027 ecclesia,
1520 4979 1626 5018 non
1685 4966 1738 5018 in

175 5048 369 5117 templo
398 5053 624 5102 deorum
664 5049 908 5102 omnium
937 5054 1270 5107 tractatt‘etis.
1315 5073 1334 5106 δ
1378 5053 1495 5108 Non
1530 5057 1734 5110 mirum

173 5156 295 5210 ergo
351 5142 397 5195 si
455 5145 839 5211 prophetarum
899 5147 1102 5215 scripta
1160 5159 1212 5200 et
1255 5147 1365 5201 alia
1412 5148 1498 5202 his
1537 5147 1735 5202 similia

172 5235 397 5301 gentiles
431 5239 547 5289 sine
599 5239 839 5306 periculo
871 5239 1057 5308 legere
1092 5253 1196 5293 non
1246 5250 1528 5308 poterant;
1577 5239 1738 5294 Chri-

173 5328 326 5379 stiuui
377 5341 508 5379 vero
552 5338 605 5381 ct
640 5330 758 5383 sine
801 5333 1110 5399 suspicione
1138 5347 1200 5385 ea
1242 5332 1530 5402 legebant;
1565 5344 1620 5387 et
1648 5349 1738 5388 res

174 5422 457 5486 praedictas
508 5422 573 5474 ad
612 5425 819 5476 exitum
871 5428 1161 5492 perductas
1206 5441 1326 5481 esse
1368 5429 1734 5492 ostendendo,

175 5525 375 5582 gratari:
408 5515 824 5569 admirationem
851 5517 903 5568 in
928 5520 1127 5571 animis
1154 5520 1492 5575 excitabant.

235 5605 319 5661 lli.
351 5607 745 5663 Controversia:
792 5626 896 5662 non
943 5610 1048 5664 levi
1098 5614 1384 5667 materiam
1443 5616 1732 5680 dederunt,

175 5715 283 5764 qua
324 5717 354 5752 a
384 5701 599 5756 Justino
621 5705 672 5754 in
708 5703 894 5757 eadem
923 5704 1177 5773 Apologia
1203 5706 1268 5759 de
1304 5716 1484 5762 statua
1515 5709 1733 5765 Simoni

177 5791 316 5863 Mago
336 5804 520 5848 erecta
562 5795 836 5850 dicuntur.
870 5795 963 5852 Sic
1003 5797 1171 5863 enim,
1205 5813 1356 5853 num.
1384 5800 1455 5855 ‘26
1486 5820 1500 5856 :
1549 5821 1569 5854 ε
1608 5802 1735 5858 Dte-

177 5898 350 5941 tnones
391 5887 731 5944 immiserunt
777 5888 1059 5947 Simonem
1094 5893 1385 5961 quemdam
1419 5893 1726 5954 Samarita-

1851 4693 1918 4747 ab
1946 4710 2010 4749 eo
2053 4695 2330 4751 Simonem
2379 4700 2537 4755 deum
2582 4714 2833 4759 sanctum
2865 4722 2930 4762 ex
2978 4708 3216 4767 Semone
3245 4714 3428 4786 Sango

1843 4787 1948 4840 deo
1980 4785 2311 4842 fabricatum
2344 4789 2533 4849 fuisse.
2568 4795 2674 4850 Sed
2709 4808 2865 4867 parte
2895 4816 2958 4855 ex
2988 4802 3094 4856 alia
3123 4785 3430 4864 reclamant

1846 4877 1935 4931 alii
1977 4894 2084 4934 nou
2135 4881 2399 4950 ignobiles
2433 4887 2654 4953 critici,
2688 4891 2956 4960 imprimis
3000 4893 3416 4967 Tillemonttus,

1842 4985 2077 5038 quorum
2111 4973 2436 5038 rationibus,
2466 4977 2683 5035 diﬂicile
2706 4991 2789 5036 est
2825 4999 2930 5038 non
2960 4991 3232 5046 assentiri.

1916 5064 2004 5118 ιγ.
2036 5064 2206 5122 Unico
2231 5085 2456 5138 prorsus
2490 5086 2818 5143 argumento
2844 5077 3100 5135 nituntur
3130 5085 3222 5154 qui
3251 5085 3425 5142 Justi-

1843 5176 1970 5214 num
2025 5165 2350 5220 oscitantem
2399 5182 2618 5224 errasse
2672 5172 2882 5240 volunt,
2911 5189 3107 5244 nempe
3138 5184 3422 5237 nominum

1842 5253 2217 5310 similitudine.
2248 5257 2540 5314 Levissimi
2579 5264 2724 5316 enim
2758 5269 3022 5321 momenti
3046 5279 3129 5322 est
3159 5275 3303 5342 quod
3325 5281 3424 5329 ob-

1835 5345 1957 5411 jicit
1975 5345 2222 5403 Valesius
2255 5355 2393 5420 (not.
2432 5352 2484 5405 in
2515 5353 2715 5413 Euseb.
2755 5356 2847 5410 lib.
2874 5368 2936 5426 η)
2967 5375 3072 5414 non
3107 5363 3282 5419 solere
3314 5365 3419 5419 Rot-

1841 5453 2035 5494 manos
2055 5441 2391 5496 divinitatem
2413 5444 2724 5501 hominibus
2742 5447 2878 5502 vivis
2903 5449 3163 5517 tribucre,
3185 5464 3274 5507 aut
3293 5458 3423 5511 deos

1841 5527 2119 5596 appellare
2141 5541 2374 5587 sanctos.
2429 5532 2498 5588 Ut
2531 5535 2782 5590 omittam
2816 5538 3060 5606 exempla
3095 5557 3201 5594 non
3230 5544 3422 5600 dees~c

1841 5621 2121 5675 hominum
2143 5632 2269 5677 ante
2295 5634 2522 5678 mortem
2543 5625 2646 5681 diis
2675 5627 3060 5698 ascriptorum,
3078 5641 3133 5684 ut
3154 5631 3420 5704 Neryllini

1840 5715 1978 5781 apud
2025 5715 2469 5787 Athenagoram,
2513 5735 2660 5774 num.
2689 5721 2778 5786 26,
2826 5724 2961 5777 satis
2989 5733 3073 5779 est
3104 5727 3422 5781 meminisse

1843 5817 1970 5863 tunc
2010 5808 2315 5878 imperasse
2345 5811 2665 5881 Claudium,
2705 5817 2862 5886 cujus
2903 5819 3002 5870 sub
3033 5818 3421 5887 imperio,nihil

1843 5910 1948 5956 tam
1981 5901 2275 5959 absurdum
2325 5901 2447 5972 fuit,
2486 5907 2639 5975 quod
2675 5921 2781 5963 non
2819 5908 3100 5978 impetrari
3152 5919 3207 5965 et
3232 5910 3421 5980 perlici
