4120 6460
675 420 782 473 “5

712 538 934 591 otuerit.

677 556 934 607 pOlllCl'llo
1025 556 1493 591 ωηςεεηπυτίιιιι
1578 556 1853 584 thuucm
1938 556 2121 579 annui
2140 556 2247 589 uc.

677 640 980 694 eorumque
1046 622 1302 692 sull'ragio
1353 620 1580 674 Romam
1629 620 1760 675 deus
1797 616 2108 677 advenerat,
2144 631 2247 669 nec

679 720 875 772 mirum
909 726 1012 781 est,
1037 718 1081 770 si
1124 716 1195 769 ibi
1236 715 1454 769 eosdem
1500 715 1733 766 honores
1779 718 2108 765 consecutus
2140 718 2246 773 est,

678 824 804 876 quo,
844 816 902 862 ut
941 806 1017 860 ait
1052 805 1281 859 Tacitus
1320 803 1387 866 δ’,
1421 814 1615 857 cuncta
1653 803 1884 870 undique
1908 805 2115 854 atrocia
2154 810 2247 853 aut

677 900 925 971 pudenda
957 901 1232 969 conﬂuunt
1288 893 2117 963 ce!ebranturque..Sanctorum
2154 908 2251 963 ap-

680 992 1025 1060 pellationem
1058 990 1164 1045 diis
1191 989 1447 1045 tributam
1475 986 1639 1042 fuisse
1668 986 1925 1042 observat
1956 984 2249 1040 Tillemou-

681 1085 789 1137 tius
826 1084 879 1139 in
924 1083 1175 1153 pluribus
1224 1082 1368 1151 apud
1415 1079 1721 1134 Gruterum
1774 1078 2247 1147 inscriptionibus.

680 1174 833 1229 Nihil
861 1188 946 1230 est
991 1187 1125 1244 ergo
1152 1173 1294 1244 quod
1323 1170 1598 1227 Justinum
1633 1182 1885 1239 premere
1923 1169 2092 1238 possit
2116 1184 2254 1237 pra:-

679 1277 767 1322 ter
794 1266 1166 1336 inscriptionis
1182 1266 1249 1321 ab
1275 1273 1679 1323 eomemoratze
1701 1279 1825 1318 cum
1856 1278 1941 1327 ea,
1962 1279 2083 1331 quae
2116 1262 2253 1315 mul-

681 1358 767 1411 tis-
803 1367 926 1428 post
982 1356 1203 1415 seculis
1262 1366 1480 1425 reperta
1540 1365 1646 1420 est,
1694 1354 2133 1409 similitudinem.
2183 1355 2251 1407 At

680 1462 919 1520 utraque
960 1452 1015 1505 itt
1049 1450 1496 1519 multisdiversa.
1552 1449 1977 1517 Potttitquidem
2009 1451 2251 1504 Simonis

678 1559 879 1599 nomen
922 1558 1045 1599 rum
1108 1544 1347 1619 semone
1394 1541 1652 1603 confundi
1689 1558 1704 1595 :
1746 1553 1804 1595 at
1844 1556 2017 1610 neque
2052 1542 2249 1596 Sctnon

681 1640 899 1708 Sangus
935 1638 1068 1692 deus
1113 1636 1302 1690 Fidius
1341 1650 1441 1705 pro
1469 1634 1695 1689 Simone
1721 1636 1821 1689 deo
1843 1646 2035 1689 sancto
2063 1638 2129 1688 ab
2156 1636 2253 1687 ho-

680 1730 827 1783 mine
848 1710 1057 1797 legendi
1094 1718 1273 1795 perito
1304 1716 1447 1779 sumi
1479 1724 1673 1795 potuit,
1698 1740 1798 1783 nec
1821 1725 1888 1777 ab
1912 1723 2132 1778 homine
2158 1740 2251 1778 sa-

680 1840 752 1877 no
792 1822 923 1879 Sex.
954 1816 1243 1889 Pompeius
1292 1816 1352 1873 S.
1401 1816 1462 1870 P.
1492 1818 1584 1878 15.,
1619 1817 1727 1870 col.
1761 1814 2087 1883 Mussianus,
2121 1827 2249 1880 etc.,

680 1930 783 1985 pro
808 1916 1141 1985 imperatore
1168 1920 1222 1965 et
1254 1922 1470 1975 senatu,
1501 1925 1603 1966 nec
1634 1910 1811 1979 imago
1847 1909 1932 1963 dei
1959 1910 2124 1979 Sangi
2159 1926 2257 1979 pro
2286 1938 2327 1992 Β

681 2009 925 2078 imagine
974 2004 1218 2060 Simonis
1268 2005 1335 2059 ab
1369 2019 1457 2071 eo,
1508 2004 1600 2074 qui
1634 2005 1774 2063 hanc
1816 2012 2142 2073 postremam
2200 2005 2253 2057 in

683 2092 949 2155 Samaria
966 2099 1197 2155 viderat.

754 2193 1026 2248 Praeterea
1050 2180 1453 2247 observandum
1482 2199 1565 2246 est
1597 2205 1699 2245 nec
1740 2198 1945 2254 temere
1968 2198 2027 2244 et
2058 2190 2251 2243 incon-
2278 2240 2279 2243 η

681 2286 919 2341 siderate
967 2276 1239 2339 Jus'tinum
1302 2284 1611 2352 postulasse
1657 2282 1727 2336 ab
1789 2284 2140 2350 imperatore,
2200 2288 2255 2332 ut

682 2374 1098 2431 hanc'Simonis
1127 2373 1265 2443 Magi
1301 2382 1536 2428 statuam
1576 2374 1808 2427 tolleret.
1846 2372 1967 2426 llaac
1994 2374 2138 2427 enim
2169 2386 2259 2439 pe-

682 2466 821 2522 tenti
868 2454 1127 2535 magnum
1176 2463 1487 2532 periculum
1539 2464 1860 2517 imminebat
1896 2472 1925 2515 a
1954 2463 2257 2517 Samarita-

687 2559 793 2623 nis,
820 2574 883 2612 ac
910 2558 1027 2627 ipse
1057 2558 1108 2611 in
1128 2554 1373 2625 Dialogo,
1400 2572 1454 2609 n.
1494 2551 1619 2619 {‘20,
1647 2563 1705 2607 ut
1729 2556 1923 2622 probet
1949 2554 2081 2607 nihil
2108 2553 2254 2607 aliud

684 2653 786 2706 sibi
820 2666 967 2705 cura:
994 2665 1117 2705 esse
1158 2647 1263 2701 nisi
1292 2655 1352 2701 ut
1386 2660 1574 2711 verum
1607 2646 1778 2709 dicat,
1815 2646 2023 2699 etiamsi
2055 2662 2081 2698 e
2105 2646 2259 2699 resti-

681 2750 764 2815 gio
803 2744 1031 2811 discerpi
1065 2724 1339 2810 oporteat;
1380 2740 1685 2809 exemplum
1736 2740 1901 2792 animi
1934 2754 2039 2791 non
2074 2732 2249 2791 timidi

685 2857 712 2889 ιι
764 2852 822 2891 se
872 2838 1076 2890 editum
1126 2834 1371 2903 profert,
1412 2848 1534 2887 cum
1584 2832 1853 2886 Caesarem
1891 2826 2137 2899 deposito
2187 2829 2255 2883 ad

683 2931 816 2981 Acta
865 2929 1068 2997 scripto
1100 2926 1435 2995 compellans
1482 2925 1618 2978 dixit
1658 2924 2037 2977 Samaritanus
2078 2938 2257 2977 errore

682 3021 872 3089 decipi,
921 3002 974 3073 ut
1007 3020 1097 3089 qui
1130 3018 1334 3073 Simoni
1385 3020 1554 3086 gentis
1592 3032 1704 3069 suae
1755 3012 1915 3082 Mago
1954 3013 2112 3081 ﬁdem
2162 3014 2259 3065 Ita-

686 3117 860 3174 beunl,
906 3128 1059 3181 quem
1096 3112 1256 3169 .deuut
1291 3127 1449 3175 supra
1482 3124 1685 3162 onmem
1710 3106 2067 3175 principatum
2090 3118 2135 3157 et
2161 3122 2228 3171 po

685 3214 928 3257 testalem
963 3213 1010 3257 et
1036 3190 1281 3255 virtutem.
1325 3216 1434 3253 esse
1457 3199 1664 3252 dicunt.
1702 3198 1758 3251 Si
1795 3199 1845 3251 id
1872 3195 2115 3249 JuSIiuus
2148 3210 2253 3249 non

1600 406 1655 463 S.
1692 402 2027 461 JUSTINUS
2054 397 2535 457 PHILOSOPHUS
2568 396 2655 453 ET
2690 394 3002 452 MARTY-R.

1025 535 1493 591 Consecraverant
1576 530 1853 584 Simonem
1938 525 2251 589 Samaritae,
2282 531 2327 588 Α
2355 537 2421 577 ea
2475 520 2532 576 S.
2584 519 2921 589 Augustinus
2960 525 3015 571 et
3052 513 3434 570 Theodoretus
3481 512 3548 567 de
3587 510 3695 566 hac
3746 517 3935 565 statua

3824 386 3941 443 ιιι

2346 613 2555 672 dixere.
2588 627 2818 681 quorum
2868 610 2979 664 illis
3013 616 3204 662 auctor
3242 621 3347 661 non
3374 606 3479 659 fuit
3499 603 3768 659 Justinus.
3802 600 3935 655 Pri-

2349 720 2469 759 mus
2495 704 2641 758 enim
2685 702 2891 756 Simoni
2932 710 2981 753 et
3017 700 3230 753 Heletue
3262 708 3501 752 erectam
3554 694 3740 759 fuisse,
3778 691 3932 747 alter

2348 810 2545 851 aream
2575 796 2741 849 fuisse
2764 802 3019 852 testatur.
3053 806 3280 860 quorum
3312 800 3562 843 neutrum
3584 788 3795 839 dixerat
3825 781 3935 838 Ju-

2350 890 2542 944 stinus.
2562 886 2655 940 Ha:
2676 885 2935 947 rationes.
2956 897 3091 951 quas
3111 896 3304 952 magna
3324 895 3390 935 ex
3410 888 3563 947 parte
3580 876 3843 931 Baronius
3871 882 3937 929 et

2351 979 2731 1037 Tilletnontins
2761 978 3194 1047 suppeditarunt,
3228 975 3476 1027 detinent
3519 984 3605 1024 me
3628 967 3938 1037 quominus

2354 1072 2407 1127 id
2441 1071 2586 1139 quod
2622 1070 2716 1124 alii
2755 1067 2957 1123 eruditi
3004 1068 3104 1120 viri
3159 1072 3545 1121 asseveranter
3594 1060 3939 1131 pronuntia—

2352 1176 2498 1227 runt,
2525 1164 2698 1232 pluris
2735 1177 2857 1217 esse
2893 1177 3059 1230 quam
3094 1158 3464 1227 conjecturam
3502 1155 3769 1210 incertam
3802 1151 3933 1209 exi-

2355 1259 2596 1312 stitnem.

2937 1320 3169 1377 CAPUT
3214 1316 3320 1372 VII.

2741 1419 2815 1472 De
2850 1418 3069 1485 Dialogo
3100 1431 3216 1469 cum
3244 1413 3535 1482 Tryplwne.

2359 1516 2403 1565 l.
2427 1514 2499 1563 De.
2522 1507 3209 1573 Justinlperegrinationibus.
3237 1504 3299 1573 ll.
3326 1505 3519 1565 Dialogi
3542 1503 3937 1573 occasio,”qu_em

2416 1562 2598 1637 Ephesi
2622 1562 2930 1637 per'bidtuim
2956 1585 3065 1619 cum
3109 1568 3387 1637 Tryphone
3416 1562 3633 1637 ejusque

2417 1623 2543 1686 butt.
2565 1623 2648 1685 lli.
2677 1640 2781 1693 Quo
2806 1636 2852 1681 id
2881 1640 3105 1693 tempore
3130 1623 3396 1695 contigerit
3428 1623 3716 1695 inquiritur.
3742 1623 3825 1695 ιγ,
3849 1623 3935 1670 De

2415 1700 2678 1760 Tryphoni:
2692 1688 2908 1760 eiusque
2934 1688 3099 1760 sociis,
3120 1706 3175 1760 ac
3196 1688 3392 1760 Justini
3412 1688 3689 1760 disputandi
3730 1688 3937 1760 ratione

2414 1746 2665 1809 nonnullae
2708 1746 3096 1822 observationes:
3218 1755 3297 1822 An
3336 1746 3570 1822 Dialogus
3616 1749 3786 1810 prima
3823 1746 3941 1794 diei

2416 1826 2513 1872 line
2535 1830 2587 1871 et
2607 1821 2835 1869 secundte
2856 1820 2996 1867 initio
3019 1817 3221 1863 mutilus
3242 1817 3306 1863 sit
3326 1817 3648 1862 examinatur.

2426 1931 2466 1983 Ι.
2510 1928 2669 1995 Quod
2699 1923 3103 1985 aitoEusebius,
3135 1921 3228 1974 lib.
3290 1935 3362 1983 tv,
3419 1934 3468 1973 c.
3526 1918 3611 1980 ll,
3653 1916 3938 1970 Justinum

2360 2021 2546 2075 Roma:
2588 1996 2927 2072 domicilium
2978 2012 3258 2074 habuisse,
3295 2024 3399 2061 non
3443 2009 3516 2062 ita
3551 2007 3940 2075 accipiendum

2358 2120 2464 2169 est.
2496 2107 2652 2176 quasi
2694 2103 2945 2158 Justinus
2991 2104 3156 2155 vitam
3214 2114 3365 2153 suam
3403 2099 3506 2152 hac
3556 2099 3607 2151 in
3640 2098 3771 2151 urbe
3810 2108 3941 2150 tra-

2360 2201 2593 2258 duxerit.
2637 2199 2738 2253 Diu
2770 2198 2913 2251 enim
2942 2195 3183 2248 abfuisse
3208 2202 3324 2263 post
3357 2190 3591 2245 oblatam
3613 2189 3943 2257 intperatori

2365 2293 2677 2362 Apologiam
2705 2301 2758 2344 et
2791 2292 2842 2343 in
2884 2289 3007 2342 aliis
3036 2288 3349 2356 regionibus
3380 2294 3754 2339 commoratus
3780 2282 3948 2335 vide-

2361 2389 2468 2432 tur.
2516 2382 2601 2431 Ait
2664 2379 2807 2431 enim
2860 2378 2913 2430 in
2966 2376 3108 2429 Actis
3156 2374 3458 2443 martyrii:
3499 2370 3621 2425 Veni
3670 2381 3843 2425 autem
3878 2377 3947 2423 tn

2359 2473 2538 2523 urbem
2594 2467 2810 2519 Romam
2865 2470 3092 2519 secundo
3129 2478 3149 2517 :
3200 2464 3519 2535 ἐπεδήμησα
3578 2462 3635 2515 δὲ
3669 2465 3735 2533 τῇ
3796 2460 3948 2515 Ῥω·-

2362 2561 2536 2629 μαίων
2568 2559 2719 2610 πόλει
2752 2557 2908 2609 τοῦτο
2937 2557 3206 2626 δεύτερον.
3239 2556 3448 2622 Quibus
3486 2556 3666 2608 verbis
3706 2554 3949 2607 rediiSse

2362 2669 2419 2705 se
2453 2653 2616 2720 longo
2667 2650 2957 2703 intervallo
3005 2648 3311 2716 significat;
3348 2664 3521 2715 neque
3565 2650 3731 2709 enim,
3771 2646 3814 2699 si
3865 2648 3942 2699 at]

2363 2743 2531 2796 breve
2579 2751 2791 2807 tempus
2844 2740 3217 2799 discessisset,
3258 2740 3561 2805 interrupta
3596 2737 3947 2805 perpetuitas

2354 2829 2808 2885 ainttnorationis
2858 2811 3072 2883 fuisset.
3105 2828 3363 2893 Quam-am
3405 2840 3591 2881 autem
3640 2844 3819 2882 causa:
3871 2826 3941 2882 S.

2362 2932 2653 2993 martyrem
2707 2922 2759 2974 in
2805 2922 3117 2988 provincias
3164 2920 3454 2984 traxerint,
3488 2930 3541 2973 et
3569 2921 3700 2989 quid
3735 2920 3948 2975 absens

2359 3012 2551 3085 egerit,
2580 3029 2645 3066 ex
2680 3014 2823 3066 illius
2880 3013 2931 3065 in
2970 3014 3090 3081 ipsa
3129 3012 3263 3066 urbe
3305 3012 3753 3082 occupationibus
3786 3012 3944 3082 diju-

2361 3106 2547 3159 dicare
2580 3120 2891 3173 possumus.

2432 3196 2721 3250 Existimat
2751 3194 3129 3250 ’l‘illemontius
3167 3192 3445 3248 Justinum
3496 3196 3766 3250 imitatum
3814 3210 3950 3252 esse

686 3312 971 3366 aggressus
995 3334 1013 3359 ,
1056 3294 1170 3348 nisi
1207 3293 1550 3348 considerato
1578 3299 1633 3346 et
1673 3299 1960 3361 perspecto
1992 3289 2252 3357 periculo,
2284 3317 2328 3377 Ο
2360 3290 2590 3349 eximios
2638 3288 2757 3341 illos
2782 3288 3155 3357 apostolorum
3205 3289 3519 3357 discipulos,
3565 3304 3701 3359 quos
3747 3300 3950 3346 narrat

688 3388 833 3455 quod
860 3388 921 3442 ei
960 3401 990 3439 a
1036 3385 1400 3439 Samaritanis
1452 3384 1801 3438 metuendum
1833 3397 1988 3445 erat;
2032 3384 2116 3435 vix
2158 3384 2257 3435 du-
2302 3416 2305 3419 λ

689 3478 839 3530 bium
871 3476 1001 3545 quin
1042 3486 1190 3529 certa
1227 3474 1301 3528 illi
1335 3482 1389 3529 et
1438 3473 1717 3541 explorata
1752 3487 1837 3526 res
1866 3473 2049 3526 fuerit.
2087 3473 2255 3539 Quin-

688 3570 855 3623 etiam
909 3569 1293 3635 imperatorem
1348 3578 1524 3636 rogat,
1560 3577 1649 3627 ut
1683 3578 1932 3619 senatum
1986 3577 2042 3620 et
2085 3582 2257 3636 popu-

692 3660 1105 3730 lum'bujus'rei
1152 3665 1467 3731 cognitores
1504 3663 1747 3714 asciscat
1780 3671 1837 3714 et
1862 3660 2260 3730 statuamdeji-

690 3754 859 3807 ciant.
904 3752 1171 3807 Videntur
1204 3753 1305 3820 ipsi
1341 3753 1676 3817 Samaritani
1705 3763 1938 3806 statuam
1972 3756 2187 3805 novisse
2208 3762 2263 3805 et

693 3846 873 3915 magni
911 3845 1125 3901 iecisse.
1158 3844 1211 3898 in
1241 3847 1342 3899 hoc
1376 3847 1523 3900 enim
1576 3846 1898 3901 metuendus
1944 3846 2043 3897 fuit
2071 3860 2258 3898 eormn

694 3938 1036 4005 iuror,~qu’od
1067 3935 1188 3989 illos
1229 3946 1420 3990 statua:
1456 3936 1689 4004 dejectio
1715 3938 1887 3989 latere
1919 3952 2022 3989 non
2058 3934 2269 4004 potiris?

698 4040 800 4093 set,
832 4029 875 4081 si
911 4029 1256 4097 impetrasset
1293 4027 1545 4093 Justinus
1581 4038 1636 4081 ut
1678 4028 2027 4097 dejiceretur.
2068 4031 2134 4080 At
2163 4026 2260 4080 dil-

696 4121 837 4175 ﬁcile
869 4120 987 4181 fuit,
1025 4130 1081 4172 ut
1119 4134 1237 4187 qua:
1279 4111 1531 4175 Justinus
1563 4121 1629 4173 de
1674 4122 1895 4175 Simone
1933 4120 2110 4173 obiter
2134 4120 2266 4175 scri-

695 4213 878 4278 bebat,
910 4228 972 4266 ea
1004 4213 1070 4265 ad
1097 4213 1318 4272 illorum
1350 4215 1717 4282 cognitionem
1749 4215 2119 4283 pervenirent.

694 4357 699 4360 .
765 4304 827 4359 V.
868 4304 1091 4360 Etiamsi
1144 4320 1383 4360 errasset
1429 4307 1527 4360 hac
1556 4292 1559 4293 ν
1588 4308 1639 4361 in
1674 4324 1732 4361 re
1762 4305 2032 4369 Justinus,
2063 4292 2260 4361 saltem

693 4406 935 4450 erratum
966 4412 1264 4466 agnoscere
1291 4398 1495 4463 debuit,
1520 4397 1603 4450 vel
1652 4413 1748 4451 sua
1785 4409 1975 4465 sponte
2015 4400 2137 4451 dum
2171 4413 2265 4465 per

698 4489 885 4542 urbem
914 4489 1167 4543 incedens
1197 4491 1381 4560 plures
1418 4490 1555 4544 alias
1581 4491 1834 4563 Semonis
1868 4494 2031 4559 Sangi
2059 4502 2265 4546 statuas

701 4582 903 4648 reperit
946 4582 1151 4649 (plures
1177 4584 1320 4645 enim
1360 4582 1543 4635 Itonia:
1567 4583 1845 4636 exstitisse
1883 4586 2147 4651 constat),
2179 4582 2261 4640 vel

2360 3381 2624 3435 Eusebius
2645 3381 3103 3449 evangelistarum
3132 3397 3329 3435 munus
3358 3381 3524 3435 variis
3552 3384 3601 3435 in
3630 3383 3946 3451 regionibus

2360 3476 2585 3538 abiisse,
2638 3473 2839 3541 partim
2880 3472 3179 3541 Evangelia
3220 3473 3328 3535 bis,
3376 3473 3467 3541 qui
3518 3476 3753 3527 nondum
3803 3473 3941 3529 illud

2361 3567 2673 3628 audierant.
2732 3568 3121 3635 praedicando;
3197 3567 3392 3635 partim
3464 3567 3749 3630 Ecclesiis,
3799 3584 3945 3635 quas

2362 3661 2592 3725 apostoli
2632 3658 3024 3721 fundaverant,
3061 3659 3385 3723 invisendis,
3429 3668 3485 3710 ut
3515 3672 3609 3712 eas
3642 3660 3695 3712 in
3741 3658 3843 3713 fide
3873 3675 3943 3715 ac

2364 3753 2596 3806 veritate
2639 3752 3051 3805 conﬁrmarent.
3086 3751 3370 3804 Enituerat
3416 3760 3543 3803 ante
3578 3749 3849 3805 Justinum
3885 3753 3953 3806 in

2362 3845 2463 3901 hoc
2488 3847 2667 3900 laudis
2692 3862 2890 3916 genere
2912 3848 3258 3911 Quadratus;
3292 3856 3412 3913 post
3433 3844 3704 3898 Justinum
3727 3853 3946 3911 autem,

2362 3938 2498 3991 teste
2520 3938 2772 4005 Eusebio,
2812 3939 2904 3990 lib.
2931 3954 2981 4001 ν,
3011 3953 3128 4007 cap.
3170 3938 3258 4004 10,
3292 3937 3442 3991 multi
3475 3938 3740 4006 ejusmodi
3769 3951 3949 3990 evan-

2364 4032 2567 4100 gelista:
2603 4034 2944 4100 prodierunt,
2978 4047 3116 4100 quos
3147 4031 3292 4084 inter
3324 4031 3570 4099 insignes
3603 4030 3758 4084 fuere
3788 4030 3940 4082 Pan-

2332 4128 2335 4132 ‘
2367 4114 2539 4174 laeuus
2562 4132 2617 4174 et
2647 4122 2845 4193 smcttlo
2876 4124 3043 4187 tertio
3101 4122 3322 4175 ineunte
3354 4122 3544 4184 Caius,
3573 4136 3734 4190 quem
3763 4119 3947 4174 Pho-

2367 4214 2471 4267 tius
2499 4218 2741 4283 gentium
2768 4218 3085 4287 episcopum
3127 4216 3440 4269 ordinatum
3485 4215 3654 4269 fuisse
3685 4225 3947 4272 testatur.

2368 4310 2480 4364 Hoc
2524 4309 2871 4378 evangelista:
2906 4322 3130 4362 munere
3184 4306 3457 4361 Justinum
3514 4308 3655 4361 idem
3706 4309 3950 4364 eximius

2366 4394 2601 4470 scriptor
2646 4401 2990 4470 perfunctum
3027 4398 3199 4453 fuisse
3244 4412 3426 4454 censet
3465 4399 3517 4453 in
3561 4400 3857 4469 Campania
3886 4412 3952 4456 et

2367 4494 2625 4565 Egypto,
2658 4509 2794 4562 quas
2821 4494 3070 4562 regiones
3108 4506 3431 4561 peragrasse
3463 4506 3521 4545 se
3557 4490 3804 4545 Justitms
3826 4493 3949 4559 ipse

2372 4564 2601 4639 testatur
2627 4586 2678 4637 in
2704 4584 2921 4637 Coltort.
2964 4584 3031 4634 ad
3069 4581 3315 4645 ercos;
3349 4593 3457 4634 tum
3499 4582 3665 4634 etiam
3708 4584 3758 4634 itt
3788 4584 3941 4650 Asia,

697 4673 933 4725 tnonitus
972 4675 1037 4724 ab
1068 4673 1275 4736 amicis,
1318 4675 1399 4727 vel
1430 4672 1498 4726 ab
1529 4674 1769 4728 inimicis
1798 4675 2117 4744 castigatus.
2151 4675 2265 4728 Pri-
2296 4652 2341 4707 D
2372 4674 2460 4726 ubi
2493 4687 2615 4724 eum
2658 4682 2934 4724 versatum
2978 4672 3149 4723 fuisse
3184 4683 3236 4724 et
3271 4671 3465 4740 Ephesi
3502 4671 3788 4741 Diulogum
3817 4688 3944 4726 cum

698 4782 781 4818 ma
827 4764 970 4817 illius
1003 4765 1261 4833 Apologia
1308 4766 1509 4818 fatuam
1558 4766 2002 4821 ctcelebritatcm
2051 4769 2258 4829 habuit.

699 4858 982 4922 Quomodo
1030 4872 1161 4925 ergo
1208 4868 1313 4908 tam
1369 4859 1580 4927 insigne
1633 4869 1875 4911 erratum
1925 4870 2146 4928 tamque
2196 4861 2265 4913 ad

699 4948 978 5001 t'erieudos
1010 4949 1201 5001 oculos
1250 4948 1504 5001 idoneum
1540 4948 1612 5015 ita
1666 4948 1839 5013 latuit,
1874 4960 1929 5001 ut
1958 4952 2008 5002 in
2043 4950 2266 5018 Diulogo

702 5036 833 5090 etin
864 5033 1120 5101 Apologia
1162 5035 1195 5085 2
1225 5038 1395 5088 iidetts
1441 5045 1495 5089 et
1534 5046 1684 5090 tutus
1717 5037 2175 5105 conﬁrmet‘qnod
2215 5043 2265 5093 in

703 5124 877 5190 prima
924 5121 1175 5174 dixerat?
1220 5122 1354 5175 Cum
1385 5124 1619 5178 eruditis
1650 5125 1783 5178 viris
1830 5140 1926 5192 pro
1957 5127 2267 5180 Christiana

707 5214 969 5284 religione
1004 5207 1243 5281 pugnare
1289 5214 1480 5267 solitus
1523 5226 1659 5268 erat.
1694 5214 1807 5268 Cur
1854 5234 1980 5284 ergo
2016 5230 2270 5286 acceptas

708 5305 774 5356 ab
794 5320 858 5357 eo
890 5305 1075 5373 plagas
1102 5320 1260 5358 nemo
1292 5308 1435 5360 ultus
1462 5318 1564 5370 Cal,
1599 5325 1660 5361 ac
1683 5326 1747 5361 ne
1774 5309 1861 5362 ille
1892 5312 2109 5379 quidem
2136 5311 2270 5363 Grc-

706 5411 869 5449 sccns
920 5409 1079 5463 quem
1120 5412 1147 5449 a
1187 5413 1245 5449 st:
1273 5396 1505 5452 fractum
1559 5412 1613 5453 et
1660 5404 1968 5455 convictum
2004 5405 2271 5467 declarat,

711 5486 866 5555 Apol.
900 5487 953 5551 2,
1001 5487 1147 5541 num.
1179 5490 1231 5542 5.
1261 5492 1538 5555 Quomodo
1588 5504 1829 5547 erratum
1883 5497 2103 5549 minime
2148 5499 2275 5549 sub-

711 5581 929 5634 odorati
964 5591 1040 5635 tot
1071 5586 1366 5637 venerandi
1390 5585 1704 5654 seriptores,
1735 5589 1825 5659 qui
1853 5590 1992 5642 idem
2021 5606 2083 5643 ac
2108 5588 2277 5644 Justi-

714 5690 817 5726 nus
852 5673 1072 5727 dixere?
1105 5674 1435 5743 Quinetiam,
1469 5689 1526 5732 ut
1578 5679 1833 5735 observat
1874 5682 2270 5747 'l'illctnontius,

780 5848 819 5875 "
849 5846 1061 5911 Annal.,
1101 5847 1187 5902 lib.
1218 5864 1297 5899 xv.

2374 4761 2649 4831 Trypltone
2680 4773 2735 4815 et
2765 4761 2885 4815 aliis
2918 4760 3119 4814 Judaeis
3144 4762 3399 4819 habuisse
3426 4773 3616 4815 narrat
3651 4761 3943 4829 Eusebius.

2372 4856 2603 4922 Adiuvat
2646 4855 2787 4908 hanc
2830 4855 3142 4923 opinionem
3195 4848 3436 4923 episcopi
3482 4863 3581 4919 aut
3630 4856 3944 4922 presbyteri

2374 4948 2628 5015 dignitas,
2696 4962 2801 5015 qua
2858 4946 3134 4999 Justinum
3189 4956 3443 4999 ornatum
3499 4944 3673 4998 fuisse
3722 4946 3953 5011 conjicit

2377 5040 2515 5093 idem
2565 5036 2966 5105 Tillemoutius.
3013 5036 3158 5090 Nihil
3188 5054 3303 5107 prae
3351 5051 3411 5091 se
3460 5037 3642 5090 ferunt
3682 5039 3761 5090 ha:
3810 5052 3948 5091 con-

2370 5131 2596 5199 jecturte
2625 5132 2766 5198 quod
2805 5141 3085 5199 repugnet,
3105 5132 3237 5183 nihil
3262 5130 3404 5197 quod
3440 5144 3546 5182 non
3577 5139 3703 5198 apte
3722 5137 3775 5182 et
3797 5144 3951 5182 com-

2378 5225 2535 5278 mode
2588 5224 2885 5292 cogitatum
2935 5223 3228 5286 videatur;
3282 5223 3378 5275 sed
3438 5230 3619 5274 tamen
3667 5236 3771 5273 non
3825 5221 3952 5274 sine

2379 5317 2560 5384 aliquo
2594 5316 2805 5370 delectu
2831 5315 3179 5383 adoptandaz.

2449 5409 2503 5460 l'
2541 5408 2719 5463 Minus
2767 5412 3021 5462 accurate
3065 5407 3455 5462 Tillemontius
3502 5407 3859 5478 Campaniam
3893 5420 3951 5463 ct

2384 5499 2675 5573 ASgyptuAm
2725 5514 2755 5553 a
2797 5500 3012 5554 Justino
3062 5500 3340 5569 Evangelii
3398 5502 3731 5568 przedicandi
3781 5517 3949 5555 causa

2382 5604 2702 5662 peragratas
2748 5592 2914 5648 fuisse
2965 5602 3139 5660 putat.
3170 5592 3359 5660 Neque
3394 5580 3540 5645 enim
3590 5593 3948 5661 improbabile

2382 5694 2462 5739 est
2501 5700 2622 5737 cunt
2670 5684 2719 5736 itt
2768 5684 2881 5751 ipsa
2936 5683 3167 5752 Egypt!)
3214 5683 3583 5736 Christianam
3635 5682 3945 5750 religionem
