4120 6426
141 387 242 443 MS

1141 384 1206 442 Β.
1245 385 1510 442 MARANI
1546 385 1943 448 PREFATIO.
1975 420 2048 432 —
2080 388 2260 444 PARS
2303 385 2391 442 Ill.

3299 393 3403 448 HG

139 511 456 580 amplexum
505 526 649 580 esse,
699 526 763 565 ac
814 510 999 566 Cumis
1047 511 1098 565 in
1144 511 1440 580 Campania
1493 511 1722 567 minime
1750 513 1981 577 A-illum
2017 513 2236 568 fuissea
2273 528 2382 580 quo
2407 508 2675 580 proﬂigati
2703 509 2896 574 Judaei,
2929 511 3010 564 vel
3043 525 3164 567 cum
3198 511 3402 568 Crabio

136 615 565 666 commoratum,
591 603 687 655 sed
718 602 1052 656 diversatum
1078 618 1200 656 cum
1221 601 1445 654 Romam
1480 611 1714 669 peteret;

139 703 230 742 aut
271 693 318 745 si
355 693 453 745 has
486 693 737 762 regiones
763 693 1090 760 peragravit,
1123 692 1174 745 id
1209 692 1453 760 profecto
1491 694 1719 760 contigit

138 792 272 838 ante
313 784 456 838 illius
513 786 734 837 Romam
783 784 1100 845 adventum,
1156 793 1281 836 ante
1333 782 1594 853 scriptam
1649 786 1716 837 ad

139 874 362 929 Greco:
393 876 839 940 Cohortationem,
877 891 942 931 ac
961 877 1183 944 proinde
1204 892 1324 929 cum
1357 891 1544 931 recens
1574 884 1718 931 esset

137 968 812 1031 aconversione,necdum
834 969 1178 1037 evangelista:
1209 969 1416 1022 muneri
1447 977 1714 1023 maturus.

209 1060 271 1114 2ο
303 1059 414 1116 Nec
450 1061 578 1114 illud
624 1061 788 1115 atatui
830 1070 1004 1129 potest
1041 1070 1223 1114 utrum
1257 1059 1510 1114 Justinus
1543 1062 1714 1115 Roma

137 1154 433 1209 discedens
475 1154 654 1207 varias
685 1156 936 1219 regiones
965 1153 1365 1220 peragraverit.
1404 1168 1470 1206 an
1508 1162 1714 1206 certum

140 1244 325 1299 locum
362 1243 732 1297 commorandi
774 1257 937 1296 causa
961 1242 1194 1310 petierit.
1231 1239 1344 1295 lloc
1371 1252 1576 1295 tantum
1613 1244 1718 1296 scio

139 1353 282 1400 mus.
324 1315 456 1391 nihil
493 1337 746 1406 amplius,
774 1350 918 1398 eum,
952 1344 1237 1405 postquam
1290 1335 1460 1389 Roma
1508 1335 1715 1390 disces-

140 1431 237 1492 sit,
284 1430 480 1496 Ephesi
523 1445 616 1499 per
653 1429 785 1484 duos
837 1429 950 1481 dies
995 1442 1117 1484 cum
1175 1425 1468 1497 Tryphone
1503 1437 1557 1481 et
1595 1429 1713 1482 aliis

137 1518 348 1575 Judzis
395 1522 739 1576 disseruisse.
769 1517 940 1590 llujus
985 1527 1164 1573 autem
1195 1519 1406 1589 Dialogi
1454 1520 1566 1574 haec
1615 1520 1716 1574 fuit

137 1615 380 1668 occasio.

208 1706 270 1760 ll.
316 1706 510 1762 Paucis
539 1706 734 1760 diebus
760 1715 886 1759 ante
913 1720 1071 1774 quam
1106 1702 1356 1759 Justinus
1380 1705 1702 1770 discederet,

137 1799 441 1853 ambulanti
493 1815 650 1853 mane
683 1799 735 1852 in
783 1797 936 1868 Xyin
972 1799 1164 1867 spatiis
1198 1804 1443 1852 occurrit
1488 1798 1707 1853 Judaeus

136 1894 358 1959 quidam
392 1929 406 1952 ,
469 1889 686 1961 Trypho
755 1892 995 1955 nomine,
1051 1907 1174 1945 cum
1226 1891 1350 1946 aliis
1395 1907 1460 1946 ex
1519 1893 1707 1946 eadem

139 1995 324 2053 gente,
351 1999 515 2048 seque
556 1983 910 2052 pbilosotihia:
936 1985 1236 2038 studiosum
1268 2000 1387 2038 esse
1412 1986 1706 2056 significat,

135 2087 191 2128 et
224 2076 432 2130 idcirco
485 2092 604 2131 cum
658 2092 724 2130 eo
783 2077 1127 2146 colloquendi
1183 2079 1464 2146 cupidum.
1505 2078 1709 2145 Quaerit

137 2166 379 2220 Justinus
411 2182 596 2221 annon
640 2169 814 2221 multo
853 2169 972 2236 plus
1020 2168 1069 2221 ei
1101 2167 1278 2223 Moses
1319 2181 1371 2221 et
1407 2172 1705 2240 propheta,

138 2277 296 2327 quam
324 2260 634 2330 philosophi
669 2261 1026 2329 prodessent;
1053 2271 1106 2316 et
1129 2264 1195 2316 ab
1225 2278 1291 2316 eo
1327 2275 1545 2332 rogatus
1577 2265 1707 2334 quid

139 2359 202 2409 de
230 2355 339 2409 Deo
372 2356 598 2416 sentiat.
641 2371 802 2424 quam
843 2356 1238 2425 pllilOSOpltiam
1289 2369 1550 2419 sectetur,
1590 2375 1712 2412 nar-

136 2457 216 2498 rat
259 2449 342 2500 eis
391 2448 668 2515 quomodo
701 2446 1056 2516 philosophia:
1093 2447 1386 2502 Platonicae
1437 2449 1651 2504 deditus
1679 2464 1709 2503 a

135 2535 368 2600 quodam
415 2550 571 2599 sene,
616 2535 668 2587 in
705 2551 867 2602 quem
916 2535 1056 2590 forte
1094 2537 1380 2603 inciderat,
1417 2539 1705 2594 veritatem

139 2642 239 2679 non
275 2643 305 2680 a
346 2627 710 2696 philoSOphis,
743 2633 836 2683 sed
873 2646 902 2682 a
938 2631 1221 2699 prophetis
1269 2634 1335 2685 de
1365 2633 1587 2687 Christo
1617 2633 1708 2687 Dei

135 2717 267 2773 Filio
307 2719 742 2788 praedicentibus
801 2723 1090 2789 petendam
1151 2724 1452 2779 didicisset.
1512 2723 1711 2778 Rident

135 2813 259 2864 socii
286 2810 634 2880 Tryphonis;
658 2811 804 2865 dolet
830 2811 1048 2882 Trypho
1087 2824 1291 2869 sortem
1315 2813 1542 2881 .Justini,
1567 2819 1709 2884 quod

133 2903 478 2971 philos0phis
529 2903 738 2958 relictis
797 2918 949 2972 spem
1016 2907 1068 2959 in
1121 2907 1339 2962 liomine
1382 2908 1709 2974 constituat,

135 2993 387 3047 inanibus
430 2997 763 3048 commentis
823 2996 1100 3064 deceptus.
1169 2999 1409 3066 Spondet
1466 2998 1710 3054 Justinus

137 3088 640 3140 demonstraturum
683 3101 760 3152 se,
805 3087 849 3142 si
897 3090 1087 3142 audire
1122 3090 1315 3155 velint,
1353 3106 1459 3144 non
1500 3092 1712 3148 fabulis

1822 603 2060 656 Marcum
2093 603 2641 672 Jerosolymitanum,
2672 603 2787 656 otio
2813 601 2960 656 abuti
2985 613 3152 660 esset.

1889 694 1976 747 lll.
2021 694 2283 748 Sineerus
2314 693 2515 746 Justini
2561 694 2782 746 animus
2832 709 2895 748 ac
2924 695 3174 750 veritatis
3210 711 3400 752 amans

1820 786 1872 839 in
1907 789 2164 842 omnibus
2219 785 2482 855 operibus
2528 786 2873 855 depingitur;
2905 788 2998 841 sed
3045 788 3158 855 ipse
3206 790 3309 842 sibi
3345 789 3398 843 in

1820 879 1926 934 hoc
1961 880 2188 949 Dialogo
2243 880 2630 935 necessitatem
2663 880 2921 948 imposuit
2958 894 3214 935 accurate
3255 882 3400 937 refe-

1819 973 1972 1027 rendi
2024 973 2289 1042 quidquid
2321 988 2442 1049 cum
2497 970 2703 1026 Judzcis
2753 972 3108 1030 disseruerat.
3143 973 3219 1028 Ne
3269 975 3399 1042 quid

1816 1064 1961 1118 enim
1993 1065 2322 1134 suspicionis
2376 1065 2429 1117 in
2487 1061 2800 1118 Judaeorum
2855 1068 3052 1121 animis
3107 1068 3396 1136 resideret,

1818 1154 2148 1222 promiserat
2175 1157 2274 1219 eis,
2303 1171 2361 1207 n.
2385 1154 2476 1217 80,
2517 1169 2574 1208 se
2609 1154 2809 1209 litteris
2842 1158 3231 1212 mandaturum
3258 1158 3398 1213 hanc

1824 1245 2280 1313 disputationem,
2322 1261 2423 1301 nec
2452 1261 2604 1300 suam
2649 1246 3119 1301 dissimulaturum
3148 1249 3214 1303 de
3237 1248 3396 1302 Jcro-

1817 1338 2154 1409 solymorum
2182 1341 2533 1394 restitutione
2571 1342 2928 1406 sententiam,
2981 1356 3144 1411 quam
3208 1345 3398 1398 nmltis

1819 1432 1998 1484 minus
2034 1431 2248 1499 placere
2296 1431 2591 1485 fatebatur.
2639 1431 2936 1486 Promissis
2990 1435 3160 1500 stetit,
3200 1446 3251 1488 et
3284 1433 3398 1490 Ro-

1817 1537 1982 1583 mam,
2030 1531 2088 1574 ut
2116 1519 2415 1576 verisimile
2436 1530 2541 1587 est,
2570 1536 2824 1575 reversus
2857 1520 2954 1591 (ibi
2982 1521 3126 1574 enim
3171 1522 3399 1576 domici-

1817 1612 1947 1666 lium
1973 1612 2234 1682 habebat)
2262 1613 2367 1666 huc
2398 1627 2534 1682 opus
2551 1614 2878 1682 composuit,
2912 1624 3091 1668 utrum
3121 1615 3398 1668 Antonino

1823 1724 1890 1761 an
1946 1706 2132 1761 Marco
2181 1705 2482 1774 imperante
2529 1707 2676 1760 haud
2720 1706 2975 1775 equidem
3033 1706 3285 1760 dixerim.
3328 1708 3399 1759 At

1823 1800 1923 1853 sub
1953 1799 2230 1856 Antenino
2267 1798 2548 1866 Dialogum
2593 1799 2844 1852 habitum
2908 1798 3080 1852 fuisse
3124 1798 3402 1868 colligitur

1743 1869 1784 1923 Β
1815 1905 1878 1944 ex
1920 1892 2003 1945 his
2026 1892 2208 1945 verbis
2231 1891 2275 1924 ’⁵⁸
2311 1909 2324 1944 :
2359 1892 2434 1943 Οὐ
2469 1891 2577 1963 γὰρ
2613 1891 2865 1958 ἐξουσίαν
2899 1891 3049 1961 ἔχετε
3084 1892 3398 1964 αὐτόχειρες

1813 1983 2064 2053 γενέσθαι
2101 1983 2257 2054 ἡμῶν
2290 1985 2378 2036 διὰ
2414 1986 2540 2048 τοὺς
2573 1984 2669 2038 νῦν
2703 1985 3135 2055 ἐπικρατοῦντας
3157 2002 3171 2015 ο
3209 1987 3399 2050 ὁσάκις

1809 2074 1852 2127 δ’
1891 2074 1955 2128 ἂν
1989 2074 2300 2145 ἐδυνήθητε,
2333 2076 2429 2128 καὶ
2462 2073 2621 2128 τοῦτο
2653 2075 2946 2146 ἐπράξατε.
2991 2096 3008 2128 ι
3036 2076 3223 2146 Neque
3252 2078 3397 2131 enim

1810 2180 1874 2220 ea
1929 2165 2081 2220 vobis
2125 2175 2207 2220 est
2261 2175 2524 2234 potestas,
2563 2177 2620 2220 ut
2667 2183 2860 2221 manus
2911 2168 3065 2222 nobis
3123 2167 3398 2234 iuferatis,

1810 2269 2033 2328 propter
2053 2274 2148 2314 eos
2178 2259 2271 2329 qui
2297 2273 2439 2313 nunc
2470 2273 2652 2312 rerum
2699 2259 2980 2326 potiuntur
3006 2276 3019 2324 ;
3053 2259 3268 2326 quoties
3305 2275 3400 2313 au-

1811 2359 1918 2404 tem
1971 2348 2166 2416 adfuit,
2222 2364 2337 2404 rem
2389 2349 2778 2404 confecistis.»
2817 2338 2952 2403 Tum
2997 2365 3126 2419 ergo
3180 2350 3400 2405 favebat

1813 2442 2139 2499 Christianis
2171 2445 2488 2512 imperator,
2513 2443 2736 2512 ejuSque
2764 2444 3076 2512 patrocinio
3115 2444 3212 2498 tuli
3239 2453 3398 2498 erant

1814 2535 1882 2589 ab
1910 2535 2260 2589 inimicorum
2313 2535 2544 2589 insidiis.
2584 2535 2639 2588 Si
2671 2551 2777 2604 qua
2800 2536 2944 2591 enim
2978 2536 3242 2590 sacviisset
3273 2551 3398 2605 per-

1811 2628 2047 2690 secutio,
2079 2644 2183 2682 non
2212 2627 2473 2683 defuisset
2497 2625 2699 2682 Judaeis
2729 2627 2962 2683 facultas
3009 2629 3118 2683 odii
3171 2628 3254 2683 sui
3301 2645 3397 2684 cx-

1813 2720 2020 2789 plendi,
2055 2720 2102 2778 si
2141 2720 2320 2774 minus
2349 2736 2445 2792 per
2491 2734 2550 2774 se
2571 2719 2871 2774 occidendo
2903 2719 3264 2781 Christianos,
3290 2719 3398 2773 salo

1816 2824 1922 2867 tem
1977 2828 2036 2868 se
2079 2813 2344 2878 ethnicis,
2388 2822 2447 2865 ut
2476 2827 2618 2880 saepe
2657 2810 2929 2875 fecerunt,
2966 2812 3312 2882 adjungendo
3339 2822 3396 2868 et

1811 2920 2006 2959 eorum
2055 2904 2296 2958 furorem
2359 2904 2411 2957 in
2459 2903 2804 2958 Christianos
2839 2903 3143 2958 incitando.
3179 2902 3238 2957 Si
3271 2919 3392 2956 eam

1812 2995 2018 3052 Judazis
2045 3007 2290 3066 ereptam
2324 3003 2650 3064 potestatem
2682 2995 2888 3050 diceret
2917 2994 3192 3059 Justinus,
3226 3009 3392 3063 quam

1817 3099 1945 3143 tunc
1977 3090 2241 3148 habuere.
2275 3103 2395 3142 cum
2452 3104 2540 3142 rcs
2587 3104 2714 3142 suas
2766 3089 2932 3141 armis
2957 3097 3010 3140 et
3055 3087 3248 3140 castris
3278 3097 3398 3142 tue-

134 3175 504 3241 Christianos,
519 3180 615 3233 sed
645 3179 974 3232 certissimis
1015 3182 1354 3251 argumentis
1385 3183 1704 3238 credidisse.
1736 3207 1778 3265 ρ
1817 3193 2037 3247 rentur,
2064 3197 2183 3234 eam
2211 3196 2314 3232 non
2342 3180 2410 3233 ab
2447 3180 2533 3243 iis,
2559 3181 2646 3248 qui
2674 3188 2801 3232 tunc
2827 3194 3006 3233 rerum
3027 3180 3393 3250 potiebantur,

135 3267 329 3322 lterum
369 3269 510 3323 socii
546 3269 859 3340 Tryphonis
892 3272 1415 3334 ridentetindecore
1445 3275 1706 3344 clamant;

135 3364 415 3418 discedi-re
465 3367 663 3432 quaerit
705 3363 976 3431 Justinus;
1032 3367 1297 3421 retinetur
1330 3368 1706 3438 aTryphone,

136 3456 223 3508 sed
252 3470 314 3508 ea
349 3456 472 3526 lege
525 3463 584 3508 ut
634 3458 770 3511 socii
803 3467 894 3512 aut
925 3458 1147 3524 abeant,
1199 3467 1295 3513 aut
1350 3459 1572 3514 silentio
1612 3477 1713 3514 au-

135 3550 300 3602 diant.
337 3547 479 3602 Tum
518 3548 769 3604 Justinus
803 3560 859 3603 et
909 3551 1123 3624 Trypho
1176 3552 1226 3605 in
1277 3553 1514 3606 medium
1552 3553 1707 3623 Xysti

137 3641 366 3694 stadium
397 3640 649 3704 veniunt,
695 3640 880 3711 ibique
942 3642 992 3694 in
1052 3641 1316 3696 sedilibus
1365 3643 1596 3712 lapideis
1644 3660 1707 3698 ex

137 3744 366 3799 utraque
399 3743 556 3800 parte
584 3733 776 3801 positis
818 3732 1133 3797 coasident,
1165 3749 1286 3786 cum
1311 3734 1416 3788 duo
1448 3749 1512 3787 ex
1546 3736 1710 3790 sociis

135 3818 441 3891 Tryphonis
480 3823 766 3878 abiisseut.
800 3823 922 3877 Hmc
955 3825 1203 3893 proludia
1249 3824 1404 3896 fuere
1450 3825 1708 3896 longioris

137 3916 539 3983 disputationis.
567 3903 688 3983 qua:
740 3915 1038 3974 decedente
1083 3914 1170 3970 die
1217 3916 1582 3984 interpellata,
1612 3933 1710 3986 po-

138 4009 319 4062 stridie
359 4007 623 4064 redeunte
652 4007 942 4077 Tryphone
975 4025 1097 4062 cum
1129 4009 1293 4064 sociis
1319 4022 1372 4064 et
1417 4010 1538 4064 aliis
1573 4027 1710 4064 non-

139 4098 315 4159 nullis.
349 4100 439 4166 qui
469 4097 644 4167 pridie
671 4113 776 4152 non
808 4097 1118 4163 adfuerant,
1142 4101 1295 4167 hora,
1329 4111 1384 4156 ut
1413 4102 1708 4157 verisimile

139 4201 233 4250 eat.
265 4193 570 4259 composita
605 4191 836 4260 repetita
865 4200 968 4245 est.

203 4279 502 4350 Postquam
533 4298 597 4336 ea
637 4298 731 4352 per
756 4284 975 4338 biduum
1005 4284 1278 4355 disputata
1305 4295 1706 4356 sunt,quorum

142 4375 326 4430 seriem
360 4378 414 4428 in
452 4374 674 4444 praeﬁxa
705 4375 855 4444 operi
893 4376 1100 4447 analysi
1137 4379 1437 4444 texuimus;
1463 4377 1705 4435 Justinus

143 4478 188 4520 et
218 4470 439 4540 Trypho
487 4483 591 4523 non
630 4469 746 4524 sine
796 4470 1073 4540 perpolitis
1126 4472 1381 4526 amicitia
1427 4472 1707 4541 significa-

1814 3274 1908 3326 sed
1935 3272 2003 3324 ab
2039 3271 2282 3324 Adriano
2320 3285 2622 3338 repressam
2651 3271 2837 3324 dicere
2889 3271 3183 3334 debuisset,
3219 3285 3247 3324 a
3287 3287 3394 3340 quo

1815 3363 2031 3433 penitus
2065 3361 2335 3432 prolligati
2369 3371 2425 3413 et
2458 3362 2713 3415 omnibus
2747 3363 2913 3415 rebus
2965 3360 3183 3430 spoliati
3241 3371 3390 3418 sunt.

1813 3457 1926 3510 Etsi
1966 3454 2138 3508 διιόωὶ
2201 3456 2300 3508 sub
2348 3451 2742 3507 Barchocheba
2799 3454 2934 3506 duce
2987 3453 3285 3508 crudeliter
3340 3455 3391 3509 'm

1813 3549 2156 3606 Christianos
2210 3545 2601 3608 saavierint,ut
2657 3553 2886 3598 testatur
2917 3545 3188 3611 Justinus,
3236 3547 3392 3615 Αροι.

1815 3639 1866 3704 1,
1899 3655 1955 3695 n.
2006 3639 2098 3704 51,
2151 3640 2264 3692 haec
2318 3639 2628 3707 persecutio
2683 3638 2938 3692 diuturna
3000 3655 3106 3692 non
3158 3638 3259 3692 fuit
3297 3650 3394 3692 :at

1813 3732 1984 3789 Judaei
2022 3732 2368 3790 Christianos
2417 3748 2617 3789 vexare
2662 3750 2768 3788 non
2825 3734 3123 3801 desierunt,
3178 3740 3394 3806 quoties

1813 3825 2255 3895 persecutionem
2287 3827 2493 3882 ethnici
2545 3839 2854 3884 moverunt.
2886 3827 3009 3881 Dies
3036 3827 3206 3881 festos
3239 3826 3394 3881 Chri-

1812 3915 2114 3969 stianorum
2158 3917 2544 3979 observabaut,
2589 3927 2644 3970 et
2685 3932 2808 3970 cum
2864 3917 3104 3972 ethnicis
3135 3916 3186 3969 in
3212 3915 3392 3970 eccle-

1813 4007 1950 4059 siam
1982 4005 2290 4073 irruebant,
2340 4014 2479 4060 teste
2511 4007 2571 4060 S.
2601 4002 2980 4075 Hippolyto“,
3001 4019 3063 4057 ac
3098 4001 3389 4057 nonnullos

1813 4096 2182 4166 apprehensos
2213 4096 2281 4150 ad
2311 4097 2608 4150 tribunalia
2660 4097 2970 4150 trahebant.
2997 4095 3131 4149 l‘linc
3163 4096 3215 4147 in
3247 4093 3390 4146 Actia

1814 4200 2108 4258 martyrum
2141 4189 2312 4243 multo
2346 4191 2727 4244 vehementius
2781 4189 3041 4250 clamant,
3073 4202 3235 4255 quam
3287 4185 3392 4255 ipsi

1815 4281 2065 4355 gentiles.
2091 4279 2213 4336 Vid.
2261 4282 2378 4335 Act.
2407 4279 2464 4336 S.
2496 4281 2800 4351 Polycarpi,
2832 4296 2888 4335 n.
2926 4279 3015 4345 l2,
3065 4289 3120 4332 ct
3168 4276 3228 4332 S.
3255 4274 3390 4331 Phi-

1812 4374 1938 4443 lippi
1968 4373 2120 4436 Ηεν..
2151 4390 2204 4430 n.
2237 4374 2290 4426 6.
2323 4374 2438 4442 Ipse
2469 4371 2718 4428 Justinus
2766 4373 2818 4426 in
2855 4372 2964 4426 alio
3009 4370 3221 4439 Dialogi
3271 4370 3392 4424 loco

1813 4455 2254 4536 conjunctiouem
2287 4465 2596 4519 Judaeorum
2657 4479 2780 4518 cum
2835 4462 3074 4516 ethnicis
3127 4463 3390 4516 adversus

145 4564 376 4617 tionibus
400 4564 791 4618 discesserunt.
827 4563 1077 4618 Deelarat
1103 4563 1322 4637 Trypho
1353 4580 1415 4618 se
1441 4566 1543 4620 hoc
1574 4582 1705 4621 con-
1739 4554 1788 4614 D
1817 4557 2162 4613 Christianos
2207 4558 2286 4612 sic
2342 4554 2671 4611 describit“
2699 4571 2714 4608 :
2750 4572 2768 4605 ι
2792 4553 3064 4615 Quantum
3112 4553 3164 4608 iu
3235 4554 3390 4608 vobis

144 4669 320 4722 gressu
361 4654 626 4721 majorem
678 4654 730 4709 in
779 4655 995 4710 modum
1041 4656 1365 4711 delectatum
1397 4672 1554 4724 esse;
1605 4673 1706 4713 nec

144 4749 386 4803 dubitare
417 4747 550 4816 quin
590 4748 774 4802 eodem
823 4747 1217 4806 animmall‘ecti
1244 4751 1355 4804 sint
1384 4750 1538 4804 socii.
1576 4748 1707 4805 Plus

144 4843 277 4895 enim
310 4843 592 4898 invenisse
636 4857 694 4898 se
745 4855 906 4914 quam
944 4844 1362 4912 exspectabant,
1403 4852 1498 4898 aut
1542 4859 1705 4912 quam

147 4937 446 5005 exspectari
496 4950 732 5004 unquam
780 4935 969 5005 possit.
1003 4936 1338 4992 Desiderium
1371 4937 1566 5005 saepius
1597 4936 1708 4988 col-

148 5026 390 5094 loquendi
410 5026 680 5095 significat
700 5043 712 5090 ;
739 5041 1051 5096 prosperam
1076 5026 1471 5094 navigationem
1493 5023 1707 5079 Justino

149 5131 392 5187 precatur
421 5139 435 5172 ;
467 5116 716 5173 Justinus
744 5119 875 5173 nihil
899 5120 1070 5187 majus
1090 5137 1147 5175 se
1176 5121 1284 5175 illis
1309 5121 1518 5190 precari
1549 5135 1706 5191 posse

150 5215 232 5274 ait,
262 5229 425 5283 quam
459 5221 515 5267 ut
547 5213 689 5267 idem
719 5227 782 5268 ac
809 5209 1106 5269 Christiani
1140 5215 1442 5269 sentientes
1468 5214 1519 5267 in
1549 5212 1706 5268 Chri-

151 5315 276 5358 stum
302 5307 554 5360 credant.

209 5399 350 5469 Opus
388 5398 660 5454 dedicavit
688 5397 935 5455 Justinus
970 5397 1156 5454 Marco
1205 5397 1487 5469 Pompeio,
1542 5412 1703 5466 quem

152 5508 259 5548 cum
295 5493 688 5548 amicissimum
730 5503 906 5558 vocet,
938 5508 991 5548 n.
1025 5491 1060 5546 8
1103 5502 1156 5547 et
1185 5491 1287 5546 sub
1323 5492 1512 5558 linem,
1550 5488 1706 5544 Chri-

153 5591 373 5642 ttianum
408 5589 577 5642 fuisse
605 5597 659 5643 et
687 5587 940 5643 veritatis
969 5586 1235 5641 cultorem
1277 5600 1384 5640 non
1433 5585 1706 5638 immerito

155 5682 478 5751 cotijieimus.
517 5679 622 5736 Sed
643 5695 768 5736 eum
798 5694 920 5736 cum
945 5678 1129 5750 Lange
1159 5676 1427 5746 conjicere
1458 5675 1706 5730 Marcum

1811 4661 1896 4707 est
1923 4659 1978 4704 et
2024 4650 2239 4705 caeteris
2271 4649 2527 4704 omnibus
2561 4648 2900 4712 hominibus,
2952 4664 3060 4700 non
3109 4646 3285 4700 solum
3320 4661 3388 4700 es

1810 4743 2051 4813 propriis
2073 4743 2513 4813 possessionibus
2546 4741 2924 4810 unusquisque
2951 4739 3385 4794 Christianorum

1811 4834 2055 4902 pellitur,
2090 4834 2182 4888 sed
2215 4836 2380 4890 etiam
2412 4851 2478 4890 ex
2515 4845 2628 4890 toto
2659 4847 2935 4889 terrarum
2965 4833 3116 4898 orbe,
3149 4847 3248 4886 nec
3291 4833 3384 4884 ulli

1815 4925 2130 4981 Christiano
2164 4927 2332 4986 vitam
2382 4929 2610 4983 liberam
2646 4928 3034 4996 relinquitis...
3069 4927 3221 4992 Quod
3250 4939 3385 4994 ergo

1812 5021 2042 5074 nocendi
2078 5030 2408 5090 potestatem
2449 5032 2691 5090 ereptam
2746 5017 2948 5074 Judzeis
2991 5017 3123 5072 dicit
3155 5018 3222 5069 ab
3275 5015 3384 5080 his,

1811 5111 1901 5179 qui
1934 5120 2064 5165 tunc
2095 5126 2276 5180 rerum
2311 5112 2678 5180 potiebantur,
2713 5112 2766 5165 id
2799 5125 2903 5163 non
2940 5109 3180 5163 Marcum
3207 5107 3382 5159 Aure-

1808 5205 2090 5269 lium,,qui
2135 5220 2356 5275 semper
2389 5206 2628 5260 inimicis
2655 5204 3104 5260 Christianorum
3145 5202 3382 5264 deditus,

1773 5306 1776 5307 '
1809 5312 2094 5366 nunquam
2130 5298 2340 5351 amicus
2369 5295 2697 5351 Christianis
2745 5295 2870 5360 fuit,
2906 5295 2998 5350 sed
3047 5296 3384 5348 Antoninum

1808 5391 2087 5461 designat,
2121 5390 2276 5461 cujus
2324 5391 2650 5444 benelicium
2704 5390 2942 5443 nondum
2984 5390 3215 5452 videtur,
3260 5402 3386 5441 cum

1809 5484 1930 5541 haec
1977 5484 2277 5540 dissereret
2306 5482 2579 5546 Justinus,
2608 5483 2936 5539 Christianis
2981 5482 3251 5549 eripuisse
3283 5479 3388 5533 im-

1807 5577 1940 5647 perii
1967 5579 2216 5632 mutatio.

1882 5667 1968 5724 lV.
2013 5667 2232 5740 Trypho
2261 5668 2526 5726 llebrmus
2576 5679 2698 5726 erat
2741 5677 2794 5722 et
2826 5668 3180 5722 circumcisus
3225 5672 3392 5733 atque

215 5848 256 5880 "
284 5848 349 5905 ιι.
376 5848 460 5904 l6.
539 5849 582 5881 "
655 5848 721 5908 lu
745 5847 1053 5905 Susannam
1090 5847 1232 5920 apud
1262 5811 1554 5906 Combells.
1587 5847 1703 5904 Auc

1811 5861 1858 5917 p.
1885 5845 1973 5902 53.
2051 5847 2098 5878 ιο
2132 5844 2352 5909 anno.
