4120 6450
712 337 818 393 ΝἹ

1606 337 1666 392 S.
1704 336 2038 395 JUSTINUS
2071 337 2556 396 PHILOSOPHUS
2588 338 2677 394 ET
2712 338 3025 396 MARTYR.

3884 344 3984 402 148

712 471 782 514 ex
807 456 974 525 bello,
1004 457 1150 528 quod
1178 458 1281 515 sub
1308 458 1554 515 Adriano
1599 470 1819 530 gestum
1861 460 2061 526 fuerat,
2103 462 2292 532 profn-
2324 475 2368 532 Α
2398 475 2903 527 commemorasset,
2935 477 3084 515 num.
3116 458 3204 516 70.
3238 458 3344 516 Sed
3377 468 3558 518 tamen
3591 460 3734 517 inter
3774 462 3978 529 socios,

714 563 838 618 gus,
892 548 949 604 in
996 550 1265 606 Graeciam
1318 559 1567 606 venerat.
1599 551 1767 623 Argis
1812 555 2062 608 audierat
2096 554 2292 610 Corin-

717 639 873 694 thum
905 639 1365 705 Socraticum,‘ac
1390 643 1445 696 in
1474 641 1685 698 Gracia
1718 653 1774 699 et
1817 644 2066 700 Corinthi
2105 662 2172 701 ex
2205 648 2295 702 illo

716 739 967 802 tempore
998 733 1195 803 degere
1241 733 1470 791 solebat.
1505 735 1684 791 Minus
1731 736 1874 792 belle
1908 739 2296 797 Tiltemontius

716 822 833 878 hac
855 823 1168 896 Tryphonis
1189 827 1376 890 verba,
1404 827 1591 898 φυγὼν
1621 828 1715 882 τὸν
1753 827 1846 883 νῦν
1877 831 2163 902 γενόμενον
2195 832 2292 886 πό-

713 913 901 986 λεμον,
929 916 998 972 de
1018 915 1164 972 bello
1194 918 1454 986 quodam,
1483 921 1632 990 quod
1671 922 1980 977 Antoninus
2015 923 2145 978 Pius
2170 938 2294 978 cum

713 1004 915 1062 Judmis
947 1008 1168 1077 habuit,
1204 1011 1604 1080 interpretatus
1637 1022 1744 1067 est.
1777 1012 1849 1069 Ut
1880 1015 2128 1068 omittam
2161 1014 2293 1070 illud

714 1098 918 1155 bellum
970 1102 1265 1158 obscuram
1319 1114 1375 1158 et
1417 1104 1592 1160 levem
1646 1105 1819 1162 fuisse
1863 1109 2291 1175 expeditionem,

714 1207 819 1249 nec
851 1193 953 1250 sub
991 1194 1112 1260 Pio,
1165 1195 1261 1251 sed
1308 1197 1410 1251 sub
1451 1198 1695 1254 Adriano
1738 1199 1958 1256 Judaeos
2011 1203 2063 1256 in
2110 1204 2294 1258 varias

715 1293 901 1350 partes
937 1284 1221 1355 dispersos
1273 1288 1477 1354 fuisse;
1517 1290 1793 1359 significat
1839 1288 2062 1362 Trypho
2112 1290 2182 1346 ab
2229 1306 2294 1347 eo

712 1370 878 1439 bello,
916 1388 984 1428 ex
1033 1391 1140 1445 quo
1186 1378 1453 1450 profugus
1507 1390 1649 1446 erat,
1698 1383 1918 1452 longum
1965 1395 2179 1454 tempus
2215 1386 2293 1442 ef-

711 1461 954 1520 fluxisse.
990 1465 1070 1521 Ex
1100 1483 1210 1537 quo
1230 1469 1371 1522 enim
1406 1470 1638 1539 patriam
1669 1473 1902 1543 fugerat,
1935 1477 2293 1546 philoSOphiae

711 1572 937 1627 operam
970 1561 1217 1627 dederat,
1240 1573 1297 1618 et
1334 1564 1385 1620 in
1424 1565 1634 1622 Graecia
1667 1583 1731 1622 ac
1756 1568 2004 1624 Corinthi
2042 1582 2099 1624 ut
2126 1571 2294 1640 pluri-

711 1666 859 1706 mum
883 1653 1116 1724 degebat
1143 1673 1157 1708 :
1201 1660 1344 1726 quod
1382 1670 1704 1730 argumento
1732 1673 1812 1716 est
1844 1678 1966 1717 eum
1998 1679 2107 1717 non
2145 1680 2290 1718 sem-

710 1759 808 1814 per
837 1747 890 1800 in
935 1747 1039 1802 hac
1078 1750 1212 1804 urbe
1247 1763 1673 1808 commoratum.
1732 1755 1848 1811 Non
1887 1766 2116 1826 possunt
2159 1772 2291 1824 ergo

2399 554 2488 623 qui
2525 569 2648 607 cum
2687 568 2751 607 eo
2807 551 3086 608 Justinum
3135 552 3450 618 audierunt,
3487 551 3598 618 jam
3631 562 3744 606 tum
3782 565 3979 609 aucto-

2397 648 2558 701 ritate
2590 654 2645 700 et
2694 645 2925 699 scientia
2984 646 3284 709 eminebat,
3336 661 3438 700 nec
3487 645 3848 714 improbabile
3892 657 3981 702 est

2395 753 2520 792 eum
2557 745 2744 806 postea
2794 751 2988 789 nomen
3046 743 3101 788 et
3149 737 3350 788 fatuam
3391 735 3603 790 rabbini
3641 745 3976 791 assecutum.

2395 829 2759 896 Philosophiae
2790 842 3013 896 operam
3055 827 3281 881 dederat
3319 828 3419 881 sub
3450 828 3716 896 magistro
3759 827 3976 899 gentili,

2394 930 2451 974 et
2495 921 2638 989 quod
2683 935 2806 973 eum
2854 918 3100 973 discendi
3159 919 3469 974 studiosum
3536 919 3710 975 fuisse
3753 920 3974 986 probat,

2395 1027 2582 1067 sacros
2625 1011 3064 1070 Christianorum
3119 1011 3288 1066 libros
3347 1012 3546 1081 legisse
3597 1025 3657 1066 se
3711 1020 3973 1078 testatur,

2395 1103 2630 1175 Dialog.,
2665 1120 2719 1160 η.
2754 1105 2842 1159 10.

2464 1197 2574 1252 Nec
2601 1197 2845 1266 probitas
2876 1195 3068 1250 deerat
3092 1193 3370 1267 Tryphoni
3407 1209 3507 1249 nec
3532 1195 3786 1252 veritatis
3815 1210 3975 1250 amor

2395 1291 2641 1360 quidam,
2665 1288 2760 1343 sed
2785 1287 3202 1342 immoderatum
3235 1287 3373 1356 legis
3399 1288 3640 1341 studium
3669 1289 3888 1344 videtur
3915 1289 3972 1343 ei

2396 1381 2602 1436 fructus
2651 1379 3040 1449 przeripnisse,
3105 1393 3243 1448 quos
3303 1395 3370 1433 ex
3431 1378 3632 1434 Justini
3694 1379 3975 1451 colloquio

2393 1475 2674 1546 percipere
2705 1475 2992 1543 potuisset.
3034 1472 3149 1526 Non
3185 1473 3440 1526 credebat
3463 1487 3589 1539 uiua:
3611 1472 3680 1526 de
3701 1471 3975 1528 Christiao

2394 1567 2479 1620 nis
2506 1565 2676 1620 falsus
2709 1580 2894 1618 rutnor
2927 1566 2978 1618 in
3013 1565 3207 1633 vulgus
3255 1575 3570 1631 sparserat;
3616 1565 3721 1620 fide
3747 1566 3974 1637 indigna

2387 1657 2690 1726 judicabat,
2731 1673 2787 1710 n.
2834 1655 2940 1721 10;
2996 1655 3099 1710 hoc
3133 1665 3344 1709 tantum
3383 1656 3435 1709 in
3482 1656 3564 1710 eis
3605 1657 3969 1727 vituperabat,

2393 1752 2536 1820 quod
2577 1766 2699 1805 cum
2747 1765 3016 1806 summam
3055 1765 3167 1819 prae
3200 1767 3261 1806 se
3293 1753 3552 1819 pietatem
3597 1750 3829 1818 ferrent,
3869 1766 3974 1806 nec

710 1837 827 1892 haec
849 1837 1040 1903 verba,
1071 1839 1166 1893 τὸν
1203 1840 1298 1894 νῦν
1321 1842 1610 1913 γενόμενον
1634 1815 1974 1917 πόλεμονίάε
1993 1846 2134 1902 bello
2164 1815 2282 1904 tunc

2397 1842 2563 1897 festos
2603 1843 2743 1908 dies,
2786 1857 2886 1896 nec
2922 1842 3172 1907 sabbata,
3220 1856 3322 1896 nec
3359 1842 3835 1897 circumcisionem
3879 1853 3973 1898 te-

711 1930 974 1998 temporis
1020 1931 1288 2000 ﬂagrante
1337 1934 1589 2005 intelligi.
1639 1935 1760 1991 Jam
1819 1939 2105 1994 observavi
2160 1940 2291 1996 illud

706 2017 805 2074 νῦν
833 2020 900 2074 de
925 2022 1087 2077 rebus
1115 2030 1242 2077 ante
1282 2023 1482 2080 multos
1517 2041 1692 2080 annos
1734 2029 1976 2098 peractis
2012 2033 2288 2100 usurpari,

706 2127 809 2167 nec
832 2114 1029 2168 mirum
1059 2115 1233 2172 videri
1258 2116 1420 2171 debet
1444 2117 1490 2172 si
1515 2134 1544 2172 a
1581 2117 1872 2190 Trypltone
1897 2121 1964 2178 de
1992 2123 2135 2178 bello
2160 2134 2290 2179 ante

706 2218 880 2262 annos
905 2206 1051 2263 forte
1074 2211 1266 2280 viginti
1297 2216 1551 2272 confecto
1583 2228 1899 2287 usurpetur.

753 2300 1125 2374 .Tryphonetn
1200 2307 1470 2366 Eusebius
1527 2314 1770 2367 omnium
1831 2324 1959 2369 tunc
2028 2314 2289 2384 temporis

705 2391 1063 2450 Hebmorum
1090 2398 1509 2457 celeberrimum
1540 2403 1712 2461 fuisse
1741 2414 1996 2462 testatur.
2025 2406 2118 2462 Sic
2142 2407 2288 2462 enim

704 2486 773 2541 de
801 2483 1004 2544 Justini
1057 2490 1281 2562 Dialogo
1325 2493 1571 2563 loquitur
1609 2497 1704 2550 lib.
1751 2513 1806 2550 tv
1854 2491 2026 2562 Hist...
2078 2514 2130 2551 c.
2173 2500 2285 2553 18:

702 2576 816 2632 Καὶ
828 2577 1076 2649 διάλογον
1097 2581 1154 2635 δὲ
1179 2581 1316 2654 πρὸς
1351 2584 1638 2651 Ἰουδαίους
1665 2587 1974 2653 συνέταξεν,
1991 2589 2050 2643 ὃν
2079 2589 2172 2642 ἐπὶ
2191 2589 2290 2659 τῆς

701 2670 931 2742 Ἐφέσου
1005 2672 1213 2739 πόλεως
1238 2676 1375 2748 πρὸς
1405 2679 1678 2751 Τρύφωνα
1723 2682 1832 2736 τῶν
1857 2683 1979 2737 τότε
2015 2682 2284 2754 Ἐϐραίων

700 2763 1108 2838 ἐπισημότατον
1145 2770 1466 2842 πεποίηται.
1516 2791 1535 2825 ‹
1574 2774 1895 2843 Composuit
1932 2776 2097 2830 etiam
2148 2776 2286 2830 Dia-

701 2855 881 2927 legunt
914 2858 1180 2917 adversus
1209 2860 1454 2929 Judaeos,
1498 2879 1661 2934 quem
1704 2867 1844 2936 apud
1883 2867 2158 2936 Ephesum
2189 2869 2287 2924 ha-

700 2945 820 3002 bttit
848 2965 970 3005 cum
1010 2950 1304 3023 Tryphone
1349 2953 1704 3013 Hebraeorum
1738 2969 1872 3016 tunc
1902 2963 2168 3032 temporis
2196 2978 2287 3020 ce-

700 3040 1017 3100 leberrimo.
1049 3063 1070 3097 ι
1118 3045 1216 3101 His
1252 3047 1477 3103 Eusebii
1514 3050 1701 3106 verbis
1735 3051 2048 3108 confirmari
2089 3054 2284 3108 existi-

2393 1944 2610 2000 nerettt,
2665 1945 2722 1990 et
2768 1950 2920 2005 spem
2981 1935 3034 1988 in
3089 1934 3314 1989 homine
3348 1933 3622 1989 cruciﬁxo
3670 1943 3969 2004 ponerent.

2392 2027 2685 2096 Postquam
2730 2029 2846 2095 ejus
2901 2037 3092 2097 rogatu
3147 2025 3397 2083 Justinus
3442 2027 3696 2096 probavit
3750 2026 3973 2082 eximiis

2392 2117 2733 2188 argumentis
2776 2116 2948 2187 legem
3005 2117 3185 2171 datam
3227 2129 3351 2171 esse
3406 2130 3514 2170 non
3571 2117 3637 2170 ad
3675 2114 3968 2184 justitiam,

2392 2215 2486 2265 sed
2517 2219 2738 2280 propter
2777 2219 3036 2278 peccata;
3089 2223 3199 2264 non
3239 2207 3451 2264 idcirco
3490 2217 3761 2275 movetur,
3793 2206 3969 2261 η.18.

2392 2301 2565 2373 Urget
2608 2303 2802 2358 iterum
2858 2301 3104 2358 Justinus
3150 2311 3206 2357 et
3237 2303 3435 2372 quaerit
3483 2319 3581 2358 cur
3625 2303 3788 2373 justis
3841 2311 3972 2358 ante

2389 2395 2668 2450 Abraham
2728 2405 2782 2450 et
2830 2395 3033 2450 Mosam
3091 2395 3567 2452 circumcisionem
3633 2404 3688 2450 et
3738 2394 3971 2451 sabbata

2391 2487 2535 2543 Deus
2572 2503 2679 2543 non
2731 2488 3082 2557 imposuerit;
3131 2497 3244 2542 tum
3282 2502 3414 2544 vero
3441 2485 3663 2558 Trypho
3733 2487 3971 2557 ingenue

2392 2581 2788 2652 ignorationem
2829 2596 2986 2636 suam
3033 2580 3351 2644 confitetur,
3389 2593 3448 2635 n.
3486 2579 3577 2633 28.
3607 2579 3802 2633 Animo
3831 2578 3969 2633 hor-

2390 2686 2608 2728 rescere
2639 2672 2878 2736 videtur,
2920 2687 2977 2724 n.
3038 2671 3131 2737 38,
3183 2673 3272 2726 ubi
3315 2670 3592 2727 Christum
3638 2670 3791 2724 audit
3839 2683 3967 2723 eum

2389 2778 2512 2820 esse
2541 2764 2634 2835 qui
2667 2779 2788 2819 cum
2823 2763 2970 2819 Mose
2995 2771 3051 2818 et
3078 2764 3261 2818 Aaron
3307 2764 3360 2817 in
3386 2761 3645 2817 columna
3679 2760 3840 2816 nubis
3881 2763 3970 2814 io-

2387 2865 2546 2912 cutus
2573 2865 2696 2923 est;
2728 2857 3025 2927 aequiorem
3065 2871 3126 2911 se
3169 2866 3394 2926 prestat
3433 2855 3772 2926 argumentis
3806 2870 3837 2909 a
3870 2852 3986 2936 Ju-j‘

2388 2951 2534 3004 stino
2562 2950 2766 3016 allatis,
2799 2950 3076 3005 utFilium
3100 2965 3128 3002 a
3157 2949 3270 3005 Deo
3309 2958 3438 3004 ante
3479 2949 3680 3004 saecula
3719 2949 3968 3019 genitum

2388 3043 2611 3113 probet;
2643 3059 2758 3098 rem
2797 3044 3020 3114 egregie
3051 3043 3488 3097 demonstratam
3534 3041 3760 3108 fatetur,
3803 3057 3859 3097 η.
3893 3040 3968 3096 57

702 3142 817 3188 mat
845 3133 1083 3194 Grabius
1113 3138 1486 3210 wnjecturam
1513 3140 1700 3207 Cavei,
1725 3145 1816 3213 qui
1852 3143 2001 3200 hunc
2033 3145 2284 3220 Trypho-
2309 3161 2354 3219 ο
2388 3147 2442 3193 et
2471 3137 2563 3203 65,
2589 3137 2691 3191 hoe
2736 3144 2948 3190 tantum
2984 3135 3122 3204 petit
3157 3151 3186 3188 a
3220 3131 3461 3201 Justino,
3487 3145 3548 3188 ut
3580 3133 3724 3189 hunc
3748 3134 3842 3189 Dei
3867 3129 3968 3188 Fi-

699 3243 822 3283 nem
848 3231 1102 3285 eumdem
1133 3247 1258 3288 esse
1287 3243 1445 3303 putat
1482 3250 1549 3291 ac
1590 3234 1744 3293 rabbi
1784 3235 2132 3308 Tarphonem
2164 3255 2282 3294 ma-

699 3321 789 3391 gni
819 3323 959 3391 apud
994 3322 1213 3379 Judaeos
1262 3326 1528 3392 nominis,
1576 3336 1632 3382 et
1684 3328 1846 3399 vul‘go
1897 3336 2092 3394 ηνωη
2183 3336 2281 3413 τη)

697 3417 1024 3470 sacerdotem
1057 3416 1268 3472 divitem
1294 3418 1648 3488 appellatum.
1681 3420 1788 3476 Sed
1811 3421 1857 3475 si
1886 3421 2108 3493 Trypho
2139 3424 2283 3480 inter

699 3506 963 3563 rabbinos
1021 3519 1345 3566 numeratus
1388 3510 1512 3578 fuit,
1559 3512 1624 3566 ad
1669 3513 1815 3568 hunc
1856 3514 2120 3569 honorem
2170 3529 2280 3570 non

697 3600 945 3668 pervenit
1002 3601 1106 3656 nisi
1162 3610 1291 3673 post
1343 3604 1490 3660 hunc
1545 3619 1672 3660 cum
1714 3603 1935 3661 Justino
1974 3606 2278 3678 Dialogum.

696 3690 838 3748 Nam
887 3691 1048 3750 initio
1088 3695 1371 3765 colloquii,
1422 3712 1550 3753 cum
1584 3698 1816 3757 dixisset
1860 3699 2080 3769 Trypho
2121 3701 2282 3755 Chri-

696 3792 870 3852 stum,
916 3783 964 3845 si
1006 3785 1118 3857 jam
1153 3796 1316 3843 natus
1346 3796 1433 3845 est
1461 3795 1519 3844 et
1558 3789 1760 3846 alicubi
1789 3800 1994 3857 exstat,
2030 3791 2277 3862 ignotum

697 3891 927 3950 prorsus
956 3893 1079 3935 esse
1105 3894 1170 3938 ac
1191 3895 1260 3936 ne
1297 3881 1400 3938 sibi
1431 3880 1650 3951 quidem
1697 3882 1800 3948 ipsi
1831 3884 2134 3956 cognitum,
2187 3894 2272 3939 aut

697 3968 812 4025 ulla
859 3977 1135 4040 potestate
1182 3972 1494 4045 praditum,
1535 3972 1711 4027 donec
1756 3973 1943 4030 veniat
1985 3975 2156 4043 Elias,
2185 3981 2268 4046 qui

696 4059 850 4118 illum
880 4069 1046 4132 ungat
1084 4071 1141 4119 et
1165 4064 1418 4118 omnibus
1452 4062 1748 4130 ostendat;
1789 4066 2068 4135 significat
2108 4067 2274 4125 Justi-

699 4167 806 4210 nus
832 4152 1083 4211 misereri
1111 4170 1172 4213 se
1206 4155 1524 4229 Tryphonis
1569 4175 1599 4212 a
1635 4158 1881 4218 rabbinis
1909 4161 2174 4232 quidquid
2221 4163 2276 4219 in

698 4255 938 4304 mentem
961 4249 1113 4305 venit
1143 4249 1519 4309 elfutientibus
1548 4241 1782 4324 decepti.
1819 4252 1877 4308 ln
1913 4262 2026 4308 toto
2068 4253 2278 4325 Dialogi

697 4338 933 4396 decursu
967 4339 1043 4399 ita
1070 4357 1196 4398 cum
1226 4341 1522 4416 Tryphone
1549 4354 1605 4400 et
1653 4345 1818 4403 sociis
1851 4346 1983 4416 agit,
2041 4355 2102 4400 ut
2151 4363 2276 4402 cum

697 4430 1007 4490 hominibus
1039 4433 1299 4491 rabbinos
1336 4436 1507 4493 duces
1546 4451 1700 4492 more
1738 4450 2008 4492 caecorum
2043 4452 2280 4510 sequen-

2383 3231 2516 3286 tium
2547 3229 2700 3284 nasci
2741 3239 2796 3282 et
2853 3227 3102 3297 crucifigi
3133 3227 3372 3282 voluisse
3414 3241 3479 3282 ac
3508 3229 3876 3282 resurrexisse
3912 3235 3970 3281 et

2384 3325 2438 3379 in
2462 3324 2661 3380 coelum
2697 3321 3013 3376 ascendisse
3056 3320 3270 3390 probet.
3316 3319 3466 3375 Pene
3508 3321 3711 3374 victum
3753 3319 3971 3375 diceres

2384 3416 2753 3489 Tryphonem,
2796 3432 2850 3470 n.
2891 3415 2982 3479 89,
3027 3415 3118 3469 ubi
3161 3414 3371 3470 fatetur
3396 3414 3620 3470 Christo
3657 3429 3966 3486 congruere

2383 3509 2652 3581 quidquid
2710 3508 3156 3565 testimoniorum
3200 3507 3504 3576 Scriptura:
3538 3523 3567 3561 a
3603 3505 3817 3563 Justino
3845 3506 3969 3562 lau-

2383 3604 2567 3656 datum
2606 3601 2822 3658 fuerat:
2861 3617 2967 3656 una
3015 3616 3105 3656 res
3164 3615 3289 3654 eum
3319 3600 3584 3665 deterret,
3634 3601 3966 3671 supplicium

2381 3693 2588 3758 crucis,
2646 3693 2735 3749 cui
2786 3693 2874 3749 lex
2924 3693 3368 3748 maledictionem
3432 3690 3650 3746 inﬂixit.
3710 3691 3966 3749 Justinus

2382 3785 2549 3840 multa
2573 3783 2838 3854 praeclare
2861 3782 3109 3852 congerit
3127 3781 3194 3836 ad
3226 3781 3386 3852 hujus
3414 3783 3490 3836 rei
3514 3782 3960 3850 explicationem,

2382 3878 2476 3934 sed
2534 3886 2714 3932 tamen
2763 3874 2931 3930 corda
2975 3860 3290 3929 Judaeorum
3334 3889 3625 3944 superasse
3658 3891 3763 3930 non
3802 3876 3966 3932 vide-

2382 3944 2493 4036 tur,
2545 3968 2799 4040 quamvis
2838 3981 2934 4022 eos
2969 3966 3245 4020 interdum
3294 3967 3552 4021 videatur
3603 3969 3962 4036 permovisse.

2379 4061 2516 4117 Nam
2553 4070 2676 4131 post
2702 4069 2781 4117 tot
2818 4074 2880 4114 ac
2929 4067 3077 4112 tanta
3120 4055 3400 4127 religionis
3437 4071 3754 4130 argumenta
3782 4103 3796 4127 ,
3837 4078 3962 4118 cum

2380 4155 2733 4226 pertenderet
2791 4151 3038 4208 Justinus
3100 4151 3280 4205 locum
3329 4154 3618 4221 quemdam
3683 4154 3834 4210 Isaia:
3894 4157 3965 4212 de

2377 4247 2599 4303 Christo
2631 4253 2689 4301 et
2731 4245 3058 4300 illuminatis
3115 4244 3183 4297 ab
3235 4258 3301 4298 eo
3354 4246 3610 4314 gentibus
3652 4247 3825 4317 accipi
3863 4249 3964 4303 de-

2377 4341 2542 4405 bere,
2579 4337 2825 4394 nonnulli
2865 4353 3082 4403 eorum,
3130 4336 3223 4407 qui
3255 4337 3520 4407 postridie
3549 4352 3831 4407 venerant,
3876 4344 3964 4397 in-

2379 4429 2597 4485 condite
2625 4438 2686 4482 ut
2721 4427 2777 4483 in
2810 4428 3029 4483 theatro
3067 4427 3365 4482 clamorem
3399 4429 3710 4497 ediderunt,
3741 4447 3795 4486 n.
3831 4433 3958 4489 129.

699 4523 878 4589 tibus;
915 4531 974 4579 et
998 4524 1286 4583 discedens
1327 4527 1397 4583 ab
1440 4529 1523 4584 eis
1571 4529 1846 4599 hortatur,
1884 4538 1943 4586 ut
1991 4531 2270 4586 Christum
2304 4543 2350 4598 Ι)
2454 4521 2678 4606 videtur
2707 4520 2957 4577 JUSlinus
2988 4521 3266 4576 interdum
3299 4534 3330 4574 3
3375 4536 3473 4576 sua
3515 4521 3736 4578 lellilale
3777 4525 3828 4579 in
3856 4526 3960 4579 d0-

697 4613 947 4668 rabbinis
1001 4625 1358 4686 anteponant.
1407 4616 1527 4686 ipse
1577 4618 1800 4691 Trypho
1857 4621 2101 4677 rabbinis
2142 4622 2275 4676 sub-

695 4705 928 4762 missum
958 4722 1020 4762 se
1055 4722 1178 4764 esse
1204 4709 1479 4780 signiﬁcat
1511 4725 1636 4766 cum
1673 4713 1771 4780 ait,
1803 4730 1858 4768 η.
1897 4713 1967 4776 58
1996 4733 2010 4770 :
2060 4735 2080 4768 ‹
2130 4716 2278 4772 Prat-

695 4801 845 4856 clare
886 4800 1215 4867 faceremus,
1270 4803 1319 4859 si
1363 4804 1641 4876 magistris
1683 4806 1889 4861 nostris
1924 4822 2131 4863 morem
2177 4824 2274 4879 ge-

696 4903 902 4956 rentes.
926 4894 1018 4963 qui
1049 4906 1292 4951 vestrum
1319 4897 1578 4970 cuiquam
1622 4900 1814 4956 venire
1850 4901 1907 4956 in
1940 4900 2274 4973 colloquium

693 4982 816 5053 lege
837 4992 1149 5048 vetuerunt,
1182 5000 1253 5042 ne
1287 4987 1484 5042 horum
1527 4989 1746 5059 quidem
1782 5005 2098 5046 sermonum
2125 5008 2276 5049 com-

695 5077 1012 5133 munionem
1065 5087 1245 5136 tecum
1297 5080 1651 5138 haberemus.
1701 5103 1723 5138 s
1777 5083 2146 5157 lnterroganti
2180 5085 2278 5143 Ju-

695 5167 868 5236 stino,
900 5185 958 5224 n.
1008 5168 1100 5238 56,
1143 5185 1213 5225 an
1255 5173 1517 5241 cuiquam
1554 5174 2061 5233 existimarentDei
2087 5177 2276 5234 etDo-

695 5258 830 5313 mini
863 5273 1081 5326 nomen,
1127 5262 1233 5318 nisi
1285 5264 1399 5320 Deo
1449 5264 1601 5321 Patri
1635 5275 1691 5321 et
1733 5267 1981 5336 Christo,
2012 5269 2214 5326 deferri
2244 5285 2276 5325 a

695 5349 908 5418 Spiritu
938 5362 1146 5417 sancto,
1173 5357 1468 5425 respondet
1495 5357 1718 5434 Trypho
1747 5361 1988 5417 aliorum
2029 5364 2272 5429 nomine,

696 5442 1001 5512 imparatos
1039 5461 1099 5502 se
1128 5460 1255 5503 esse
1287 5450 1355 5503 ad
1388 5461 1496 5505 tam
1535 5454 1880 5516 periculosas
1915 5457 2274 5526 quastiones,

694 5549 800 5589 nec
845 5551 1089 5607 unquam
1143 5554 1172 5594 a
1218 5555 1280 5595 se
1318 5543 1564 5597 auditum
1603 5560 1932 5616 quamquam
1969 5548 2062 5618 qui
2091 5549 2176 5604 his
2207 5549 2276 5604 de

695 5625 863 5681 rebus
916 5627 1233 5688 dissereret.
1278 5632 1465 5689 Videri
1522 5638 1688 5691 etiam
1740 5639 1915 5707 possit
1955 5637 2270 5709 simplicior,

693 5734 820 5773 cum
877 5719 1137 5776 irascitur
1185 5733 1242 5779 et
1296 5725 1650 5796 blasphemiae
1693 5727 1974 5786 Justinum
2027 5743 2271 5799 accusat,

618 5813 620 5815 ’
695 5811 840 5884 quod
894 5813 940 5868 is
999 5814 1170 5873 malas
1215 5817 1473 5887 virtutes,
1525 5836 1646 5892 quae
1699 5837 1726 5877 a
1771 5823 1882 5882 Deo
1930 5823 2270 5892 defecerunt,

2381 4615 2569 4670 condis
2606 4613 2809 4671 Judaeis
2845 4613 3152 4680 discedere,
3201 4627 3409 4682 eosque
3444 4615 3700 4670 maximis
3741 4616 3959 4686 probris

2379 4723 2522 4780 saape
2544 4723 2793 4764 onerare.
2821 4708 2930 4764 Sed
2953 4718 3133 4762 tamen
3166 4709 3258 4763 ubi
3287 4707 3604 4764 durioribus
3632 4709 3817 4764 verbis
3845 4712 3956 4766 nti-

2380 4813 2487 4868 tur,
2519 4817 2626 4860 non
2668 4810 2778 4856 tam
2807 4815 2902 4857 eos
2930 4803 3023 4872 qui
3062 4801 3383 4868 audiebant,
3429 4817 3591 4872 quam
3622 4803 3956 4859 obstinatam

2379 4897 2433 4951 in
2457 4894 2606 4951 omni
2637 4895 2844 4952 scelere
2889 4904 3108 4967 gentem
3151 4897 3467 4968 compellat,
3507 4896 3664 4952 velut
3699 4911 3823 4952 cum
3860 4898 3941 4953 ait

2378 5004 2536 5046 num.
2567 4990 2678 5046 95:
2710 5007 2730 5043 ι
2770 4989 2907 5046 Nam
2955 5002 3079 5044 cum
3121 5004 3190 5044 ex
3218 4990 3390 5060 signis
3431 5005 3461 5043 a
3494 4988 3642 5047 lose
3674 4989 3836 5046 factis
3872 4991 3960 5046 in-

2381 5081 2656 5154 telligendi
2687 5081 2898 5153 copiam
2923 5081 3175 5139 habeatis
3199 5082 3346 5137 hunc
3369 5095 3491 5137 esse
3511 5081 3812 5150 Christum,
3845 5097 3955 5137 non

2378 5177 2540 5232 modo
2577 5191 2686 5232 non
2719 5177 2905 5246 vultis,
2951 5178 3048 5233 sed
3087 5176 3252 5232 etiam
3284 5176 3336 5230 in
3373 5180 3660 5246 angustias
3688 5190 3789 5232 nos
3819 5191 3956 5230 con-

2373 5270 2470 5341 jici
2505 5285 2668 5340 posse
2714 5269 3123 5336 existimantes,
3170 5268 3508 5339 qutestiones
3559 5268 3765 5337 ponitis
3805 5284 3960 5338 qua:-

2378 5375 2594 5430 cunque
2620 5361 2675 5415 in
2702 5359 2937 5416 medium
2966 5361 3211 5427 veniunt,
3244 5373 3345 5416 nec
3382 5369 3562 5415 tamen
3599 5359 3700 5430 ipsi
3734 5360 3955 5416 habetis

2378 5451 2510 5521 quid
2567 5453 2786 5519 dicatis,
2844 5453 2890 5508 si
2933 5467 3093 5524 quem
3143 5452 3437 5509 firmiorem
3473 5452 3845 5508 Christianum
3871 5452 3958 5506 of-

2377 5543 2692 5600 fend’eritis.
2721 5565 2742 5599 ι
2782 5545 2864 5600 Ad
2895 5546 3001 5602 hoc
3029 5544 3336 5615 exemplum
3370 5544 3678 5601 existimari
3720 5552 3956 5613 possunt

2378 5637 2612 5701 plurima
2665 5638 2794 5705 alia,
2857 5638 3059 5710 quibus
3109 5637 3360 5696 Justinus
3401 5639 3687 5695 Iudaicam
3733 5645 3951 5708 gentem

2377 5734 2730 5803 perstringit,
2780 5742 2840 5790 ut
2905 5731 3124 5792 Judzeos
3193 5734 3483 5789 audientes
3539 5749 3569 5787 a
3627 5731 3954 5789 stultissma

2378 5825 2654 5897 opinione,
2681 5839 2844 5897 quam
2870 5825 2936 5883 de
2966 5834 3123 5897 gente
3149 5841 3248 5882 sua
3283 5837 3338 5882 et
3373 5825 3678 5898 Syuagogis
3707 5826 3822 5882 suis
3852 5827 3951 5882 ha-
