4120 6406
187 253 284 312 ιιθ

1171 257 1235 313 1).
1266 254 1527 312 MARANI
1561 254 1953 313 ΡΒᾹΞΡΑΤΙΟ.
1991 287 2059 298 -—
2102 253 2286 312 PARS
2317 255 2404 313 Ill.

3345 258 3443 314 150

185 376 407 440 hebant,
449 375 519 431 ad
561 390 748 433 verum
788 375 1043 435 lsraelem
1075 387 1128 434 et
1159 379 1254 435 Dei
1285 380 1542 450 populum
1591 395 1763 452 agno-
1792 386 1840 442 Α
1869 379 1944 433 ιῐο
1985 379 2203 434 videtur
2250 376 2580 448 interrumpi
2627 376 2888 448 potuisse.
2945 376 3242 447 Postquam
3299 379 3445 431 enim

184 471 448 524 scendum
477 479 773 525 revocaret.
815 471 1076 528 Enitescit
1105 472 1366 540 patientia
1405 472 1598 528 Justim
1633 488 1753 527 cum

186 578 312 617 curn
341 564 597 632 desipere
621 564 698 618 ait
725 563 965 636 Trypho,
1006 582 1060 618 n.
1103 566 1196 628 '59,
1241 569 1323 621 vel
1360 581 1483 620 cum
1516 566 1756 620 animum

181 667 213 702 a
265 654 518 708 doctrina
587 651 894 710 Christiana
960 657 1316 712 vehementer
1369 658 1756 713 abhorrentem

181 743 485 814 signiﬁcat,
541 757 632 802 aut
658 762 721 802 ea
766 747 941 816 rejicit
988 764 1108 818 quae
1155 758 1318 803 antea
1381 761 1756 816 concesserat,

183 852 344 891 num.
384 837 474 894 67.
520 839 615 895 llis
655 842 708 895 in
761 839 897 896 locis
925 839 1170 896 Justinus
1195 839 1358 909 iusta:
1397 843 1759 914 indignatiooi

182 931 526 998 moderatur,
569 949 668 987 nec
712 933 780 987 de
811 933 991 988 studio
1020 933 1270 990 veritatis
1307 936 1565 991 docenda:
1597 935 1761 1006 quid—

181 1035 350 1088 quam
385 1024 637 1087 remittit,
659 1040 781 1079 cum
807 1025 899 1081 Dei
919 1025 1182 1095 judicium
1220 1038 1466 1083 metuens
1493 1029 1538 1083 si
1571 1045 1758 1084 verum

183 1115 500 1181 subtrahat,
537 1126 648 1170 tum
694 1120 857 1173 etiam
889 1134 1112 1188 sperans
1165 1122 1307 1177 inter
1352 1137 1468 1188 eos,
1510 1125 1602 1192 qui
1664 1140 1761 1178 au-

184 1203 437 1272 diebant,
481 1207 704 1276 reperiri
733 1210 966 1278 aliquem
998 1226 1177 1280 posse,
1210 1213 1300 1280 qui
1328 1226 1358 1267 e
1382 1228 1610 1268 numero
1652 1213 1762 1268 ele-

185 1303 403 1350 ctorum
437 1298 542 1366 sit;
584 1313 752 1369 seque
793 1311 1024 1356 testatur
1057 1301 1131 1356 ita
1165 1316 1330 1371 agere
1356 1318 1476 1357 cum
1509 1303 1762 1357 omnibus

184 1387 504 1445 hominibus
535 1392 728 1456 solere,
784 1393 1099 1464 quicunque
1134 1394 1288 1449 illum
1331 1394 1605 1450 sciscitari
1662 1410 1760 1450 vo-

183 1479 319 1534 lueri
329 1491 408 1536 nt.

257 1573 482 1647 Trypho
503 1590 624 1632 cum
651 1592 743 1634 sex
761 1579 926 1634 sociis
947 1580 1127 1649 primo
1151 1579 1242 1635 die
1262 1580 1508 1637 occurrit
1527 1578 1760 1637 Justino.

181 1665 319 1721 Nam
355 1686 478 1724 cum
507 1673 611 1726 dtto
642 1671 907 1727 abiissent
929 1712 946 1740 ,
988 1688 1199 1740 eorum,
1235 1674 1327 1744 qui
1356 1683 1760 1739 remanserant,

179 1772 439 1828 quartum
473 1775 721 1820 numerat
771 1736 1035 1835 Justinus,
1082 1783 1138 1822 ιι.
1311 1782 1366 1837 p.
1399 1767 1522 1824 152.
1555 1736 1763 1824 Postri;
1791 1736 1836 1798 Β

179 1855 270 1907 die
324 1855 668 1924 frequentior
726 1857 828 1912 fuit
885 1859 1178 1914 comitatus
1232 1857 1568 1930 Tryphonis.
1624 1857 1762 1913 Nam

180 1959 382 2013 praeter
424 1964 540 2013 eos,
584 1951 674 2020 qui
715 1951 892 2020 pridie
941 1951 1252 2021 adfuerant,
1290 1953 1382 2008 alii
1432 1968 1764 2024 supervene-

182 2049 335 2105 runt,
374 2051 435 2094 ut
484 2041 757 2109 Mnaseas,
804 2043 870 2099 de
918 2060 1048 2115 quo,
1081 2061 1137 2100 ιι.
1172 2045 1262 2111 85,
1295 2055 1351 2101 et
1388 2045 1549 2111 alius,
1581 2062 1636 2100 ιι.
1668 2045 1761 2103 94.

181 2131 453 2189 Praeterea
478 2136 730 2191 Justinus
759 2139 860 2204 ait,
901 2152 959 2194 ut
997 2140 1110 2210 jam
1161 2139 1294 2203 dixi,
1347 2157 1401 2194 ιι.
1450 2139 1577 2202 ηε,
1626 2154 1763 2194 non-

183 2225 362 2280 nullos
411 2242 479 2282 ex
527 2229 614 2294 iis,
659 2230 750 2299 qui
796 2233 1060 2300 postridie
1106 2242 1391 2296 venerant,
1426 2233 1762 2288 inconditum

183 2327 240 2370 ut
274 2322 327 2371 in
359 2320 573 2376 theatro
594 2322 884 2379 clamorem
910 2325 1164 2380 edidisse.

255 2411 321 2466 ν.
364 2412 472 2469 Sed
509 2414 745 2472 dilﬁcilis
775 2426 829 2472 et
858 2421 1035 2490 magni
1069 2423 1330 2478 momenti
1364 2421 1522 2478 nobis
1549 2421 1772 2476 exami-

184 2505 362 2558 nanda
399 2508 630 2574 quaestio
681 2519 784 2578 est,
821 2519 1000 2565 utrum
1038 2515 1310 2582 integrum
1353 2517 1453 2571 hoc
1499 2517 1753 2570 eximium

182 2611 319 2665 opus
347 2599 416 2652 ad
441 2614 540 2656 nos
576 2604 911 2670 pervenerit,
937 2619 1001 2660 an
1038 2607 1174 2660 satis
1207 2607 1365 2678 longa
1396 2624 1522 2678 pars
1548 2609 1763 2663 deside-

185 2687 357 2740 randa
396 2689 492 2757 sit,
532 2698 590 2743 ut
619 2693 794 2745 visum
823 2702 907 2749 est
943 2696 1172 2751 eruditis
1203 2699 1357 2765 viris,
1387 2709 1653 2769 quotquot
1694 2699 1763 2756 de

181 2777 382 2835 Justini
427 2782 648 2852 scriptis
689 2794 1119 2854 pertractarunt.
1163 2789 1426 2846 Videntur
1469 2807 1601 2847 sane
1650 2809 1760 2848 non

185 2873 331 2927 leves
367 2890 551 2931 causa:
595 2880 840 2946 subesse,
888 2896 988 2936 cur
1033 2897 1286 2951 magnam
1325 2883 1562 2953 aliquam
1615 2885 1762 2941 lacu-

186 2973 309 3018 ua'm
357 2969 722 3036 suspicemur.
779 2971 912 3026 Nam
963 2990 1086 3029 eum
1127 2976 1264 3032 duos
1312 2977 1429 3032 dies
1480 2978 1533 3032 in
1585 2979 1760 3033 disse-

1863 469 2110 526 Justinus
2156 487 2222 528 ex
2273 470 2392 527 loco
2439 471 2610 537 Isaire,
2657 485 2816 541 quem
2880 469 3093 524 Mithrae
3131 471 3446 525 sacerdotes

1863 557 2108 612 imitatos
2151 572 2271 612 esse
2310 559 2460 623 dicit,
2511 559 2858 614 occasionem
2911 561 3059 626 cepit
3113 561 3443 630 castigandae

1860 644 2166 701 Iudaeorum
2232 647 2286 702 in
2352 649 2651 719 Scripturis
2710 650 3132 720 interpretandis
3198 654 3446 720 superba:

1864 737 2198 806 imperitiae,
2267 747 2320 794 et
2391 741 2676 810 querendi,
2738 745 2884 811 quod
2951 744 3304 812 Septuaginta
3364 744 3446 796 in-

1865 830 2312 899 terpretationem
2361 831 2670 900 vituperare
2705 833 2962 898 audeant,
3004 843 3056 888 et
3103 849 3166 887 ex
3199 849 3261 887 ea
3307 851 3448 890 non-

1862 921 2008 976 nulla
2053 922 2362 978 testimonia
2405 924 2754 988 sustulerint,
2802 933 2913 978 tum
2954 939 3084 980 vero
3109 926 3176 979 ad
3211 927 3447 992 promis—

1863 1029 1978 1070 sam
2032 1015 2181 1070 venit
2239 1015 2658 1085 explicationem
2717 1016 2870 1072 lsaia:
2921 1018 3249 1082 verborum,
3317 1019 3447 1072 Ecce

1867 1107 2011 1176 virgo
2051 1107 2308 1177 concipiet
2367 1107 2598 1177 “,quae
2646 1107 2845 1163 fatetur
2899 1124 2928 1161 a
2988 1107 3186 1162 Judaeis
3235 1108 3444 1162 sublata

1866 1215 1972 1253 non
2002 1198 2194 1264 fuisse,
2219 1200 2314 1254 sed
2346 1208 2524 1254 tamen
2557 1199 2630 1254 ita
2663 1201 2838 1264 reddi,
2879 1200 3015 1255 Ecce
3059 1201 3449 1256 adolescentula

1864 1293 1920 1345 in
1948 1302 2097 1346 utero
2128 1292 2356 1346 habebit.
2387 1291 2704 1362 Interpellat
2753 1293 2999 1365 Trypho,
3043 1309 3106 1349 ac
3147 1295 3288 1349 scire
3328 1303 3450 1347 avet

1865 1397 2114 1451 quamam
2155 1384 2466 1439 testimonia
2533 1399 2598 1440 ex
2649 1385 2954 1455 Scripturis
3004 1383 3174 1445 Judaai
3219 1387 3450 1440 sustule—

1869 1475 1999 1528 rint.
2028 1473 2232 1530 Morem
2275 1477 2413 1547 gerit
2443 1475 2711 1541 Justinus,
2743 1487 2795 1532 ct
2829 1494 2951 1532 cum
3002 1492 3066 1532 ex
3119 1478 3205 1532 his
3245 1478 3449 1540 verbis,

1868 1567 2127 1625 Dominus
2176 1571 2413 1642 regnavit
2466 1589 2498 1626 a
2551 1572 2697 1644 ligno
2738 1573 2804 1640 ⁸³,
2831 1571 3049 1628 Judteos
3076 1572 3207 1627 illud
3237 1590 3268 1626 α
3308 1571 3452 1637 tigno

1867 1663 2158 1720 abstulisse
2199 1666 2448 1730 dixisset,
2509 1667 2880 1738 Tryphonem,
2929 1667 3023 1737 qui
3081 1676 3252 1722 totum
3310 1667 3455 1720 hunc

1865 1755 2132 1826 psalmum
2164 1774 2270 1813 non
2301 1759 2367 1815 de
2404 1760 2625 1815 Christo
2655 1759 2924 1830 possibili,
2956 1759 3048 1814 sed
3085 1761 3150 1814 de
3193 1759 3303 1814 Deo
3331 1774 3455 1813 om-

1866 1847 2016 1902 nium
2048 1858 2299 1904 creatore
2339 1849 2544 1904 dictum
2579 1865 2698 1904 esse
2735 1849 3108 1904 contendebat
3137 1887 3152 1913 ,
3204 1845 3456 1902 refellere

1865 1939 2198 2010 aggreditur,
2245 1950 2298 1995 et
2350 1942 2691 2010 majestatem
2738 1942 2892 2012 regni
2947 1943 3002 1996 in
3059 1940 3276 1996 Christo
3329 1955 3454 1993 cum

1865 2033 2135 2102 passionis
2178 2033 2478 2105 ignominia
2510 2033 2856 2103 conjunctam
2898 2049 3020 2090 esse
3053 2034 3245 2104 probat
3283 2031 3456 2103 pluri-

1865 2127 1970 2182 bus
2029 2127 2332 2198 Scripturae
2380 2129 2731 2184 testimoniis.
2787 2128 3014 2183 Fatetur
3062 2127 3283 2198 Trypho
3339 2128 3454 2181 haec

1865 2221 2048 2290 magni
2079 2236 2206 2277 esse
2239 2222 2308 2276 ad
2349 2222 2790 2291 persuadendum
2825 2222 3108 2288 momenti,
3144 2223 3237 2275 sed
3271 2237 3300 2274 a
3360 2219 3456 2274 Ju-

1865 2312 2011 2367 stino
2038 2313 2276 2383 reposcit
2300 2314 2460 2368 toties
2486 2313 2810 2378 promissam
2837 2312 2990 2368 Isaia:
3021 2313 3311 2366 verborum
3349 2326 3450 2366 ex-

1865 2408 2233 2477 plicationem,
2283 2424 2446 2479 quam
2486 2411 2708 2479 quidem
2758 2412 2885 2465 dum
2933 2411 3253 2482 exsequitur
3284 2409 3452 2465 Justi-

1869 2517 1996 2566 nus,
2035 2503 2160 2557 data
2185 2504 2478 2559 occasione
2519 2505 2716 2576 repetit
2747 2522 2870 2576 quae
2910 2507 3086 2576 pridie
3127 2507 3341 2562 dixerat
3389 2506 3457 2561 de

1865 2595 2080 2652 Mithrae
2107 2598 2406 2668 mysteriis.

1934 2686 1998 2740 2°
2035 2686 2112 2741 Ex
2171 2688 2256 2743 his
2308 2697 2459 2757 patet
2512 2704 2734 2759 operam
2783 2690 3090 2759 perdidisse
3121 2690 3234 2761 qui,
3270 2705 3323 2742 n.
3363 2689 3454 2754 7t,

1865 2777 1934 2833 ad
1981 2779 2096 2832 haec
2159 2778 2322 2833 verba
2382 2780 2457 2844 ὡς
2522 2781 2616 2835 καὶ
2656 2781 2744 2835 διὰ
2777 2782 2876 2853 τῆς
2905 2781 3008 2852 γῆς
3055 2783 3214 2836 finem
3267 2782 3455 2851 primae

1864 2869 1970 2923 diei
2002 2879 2057 2922 et
2085 2870 2302 2924 initittm
2329 2873 2611 2941 sequentis
2636 2872 2993 2938 collocantes,
3048 2873 3328 2943 opinatum
3361 2889 3456 2927 va-

1865 2975 2024 3016 cuum
2059 2971 2152 3016 aut
2192 2963 2519 3032 excogitatis
2545 2965 2856 3031 sententiis,
2888 2973 2982 3018 aut
3029 2980 3097 3020 ex
3148 2965 3206 3019 S.
3245 2974 3455 3020 Joanne

187 3062 356 3115 fetido
391 3061 741 3134 insumpsem
783 3064 1049 3133 Justinus,
1084 3084 1317 3140 cumque
1356 3070 1533 3140 pridie
1573 3071 1760 3141 disp".
1787 3084 1830 3143 ρ
1867 3057 2201 3112 Damasceno
2259 3056 2506 3125 repetitis
2567 3057 2786 3127 explere
2823 3057 3009 3112 conati
3067 3067 3214 3113 sunt.
3276 3056 3456 3113 Verba

187 3158 294 3203 tata
331 3151 605 3208 interdum
645 3168 854 3226 repetat
895 3159 946 3212 in
981 3161 1212 3231 gratiam
1250 3176 1462 3230 eorum,
1509 3161 1602 3232 qui
1647 3175 1759 3218 non

189 3242 579 3311 interfuerant,
625 3259 682 3302 ut
715 3266 867 3306 num.
905 3251 996 3317 78,
1043 3253 1133 3322 84,
1170 3253 1260 3321 92,
1312 3254 1434 3320 ll8,
1489 3270 1759 3325 nusquam

187 3345 368 3390 tamen
423 3340 623 3406 prioris
680 3341 1066 3411 disputationis
1128 3346 1569 3414 conclusionem,
1632 3363 1763 3404 nus~

186 3443 349 3495 quam
378 3429 596 3486 initium
631 3436 958 3501 posterioris
996 3437 1404 3508 deprehendas;
1434 3439 1579 3494 nulla
1611 3456 1764 3510 pror-

189 3536 283 3575 sus
308 3532 361 3575 et
398 3533 560 3578 nocte
593 3537 822 3596 cogente
851 3528 1276 3597 discedentium,
1301 3541 1356 3587 et
1383 3518 1646 3601 postridie
1675 3547 1761 3586 re-

188 3615 468 3670 deuntium
515 3618 793 3674 salutatio.
829 3618 962 3688 Quae
1000 3622 1216 3690 quidem
1253 3624 1298 3679 si
1338 3625 1664 3680 exciderunt
1693 3641 1760 3680 ex

188 3708 393 3777 scripto
441 3705 663 3772 Justini,
712 3709 910 3765 lacuna
962 3714 1272 3769 necessario
1317 3714 1634 3770 collocanda
1677 3727 1761 3770 cst

188 3799 328 3854 intra
359 3818 410 3854 ιι.
441 3800 511 3857 70
542 3810 597 3856 et
627 3802 713 3858 78.
751 3801 887 3856 Nam
919 3800 1188 3869 Justinus,
1232 3821 1286 3858 ιι.
1323 3805 1414 3866 78.
1447 3807 1622 3876 pridie
1645 3806 1758 3862 dis-

187 3903 370 3963 putata
403 3894 470 3950 de
499 3892 710 3950 Mithrae
743 3895 1023 3966 mysteriis
1066 3898 1265 3968 repetit
1312 3897 1367 3953 in
1400 3899 1628 3970 gratiam
1667 3913 1764 3955 eo-

189 4003 305 4042 rum
349 3987 443 4056 qui
493 4002 598 4042 non
660 3986 966 4042 adfuerant.
1043 3987 1169 4045 Haec
1228 4000 1411 4046 autem
1468 3991 1760 4063 leguntur,

190 4095 241 4132 ιι.
280 4078 368 4140 70.
432 4077 582 4134 L’nde
637 4093 862 4136 necesse
902 4089 987 4135 est
1052 4085 1234 4139 medio
1287 4084 1431 4139 inter
1473 4095 1763 4152 utramque

189 4180 437 4250 paginam
470 4180 759 4237 intervallo
785 4181 1026 4238 beSterni
1065 4182 1319 4252 colloquii
1355 4182 1538 4248 finem,
1576 4189 1762 4251 poste-

190 4276 354 4332 rioris
413 4275 626 4331 initium
677 4275 961 4332 collocari.
1009 4274 1184 4330 Locus
1232 4289 1300 4329 ex
1345 4290 1400 4331 n.
1450 4273 1520 4330 82
1561 4273 1762 4329 citatus

189 4372 326 4442 apud
357 4371 419 4425 S.
447 4369 609 4426 Joan.
642 4368 1032 4428 Damascenum
1063 4367 1342 4431 Parallel.,
1373 4383 1428 4438 p.
1467 4367 1591 4435 754,
1623 4368 1761 4423 dici-

1864 3148 2056 3203 desunt
2112 3149 2438 3216 paucissima
2489 3162 2554 3201 ae
2597 3150 2891 3218 disputatio
2956 3149 3010 3202 in
3062 3150 3252 3204 eodem
3316 3164 3454 3204 sem-

1863 3257 1960 3313 per
2023 3252 2342 3314 argumento
2402 3251 2676 3306 versatur,
2727 3251 2789 3295 ut
2838 3241 2891 3294 in
2936 3241 3078 3296 notis
3103 3242 3453 3298 observatum

1865 3347 1973 3392 CSl.

1934 3429 1998 3484 3°
2024 3427 2117 3484 Sic
2158 3437 2331 3485 totum
2359 3426 2643 3495 Dialogum
2687 3426 2923 3494 pertexit
2951 3424 3226 3488 Justinus,
3266 3435 3325 3481 ut
3369 3428 3453 3480 in-

1864 3523 2229 3579 termissionis
2279 3525 2440 3590 illius,
2495 3540 2656 3595 quam
2689 3539 2793 3578 nox
2826 3521 3028 3580 attulit,
3068 3519 3270 3573 nullam
3303 3534 3456 3588 pror-

1863 3632 1955 3672 sus
1985 3618 2248 3672 rationem
2280 3616 2494 3684 habeat,
2527 3616 2620 3672 sed
2642 3616 2824 3672 omnia
2867 3615 3059 3668 eadem
3120 3612 3262 3667 serie
3304 3627 3454 3666 com-

1864 3705 2198 3776 prehendat;
2242 3707 2356 3763 sive
2381 3707 2432 3761 id
2473 3705 2812 3762 commodius
2866 3706 2915 3759 ei
2967 3705 3139 3759 visum
3193 3712 3300 3769 est,
3354 3719 3454 3758 nec

1865 3803 2122 3858 lectorem
2153 3803 2230 3858 rei
2261 3818 2366 3856 non
2401 3802 2729 3857 necessariae
2758 3799 3071 3853 narratione
3100 3796 3454 3867 interpellare

1864 3893 2054 3958 voluit,
2083 3893 2202 3948 sive
2234 3909 2338 3947 non
2369 3894 2554 3948 omnia
2583 3893 2772 3946 eodem
2800 3891 3015 3954 ordine,
3066 3907 3174 3960 quo
3237 3891 3454 3944 fuerant

1864 3984 2160 4055 disputata,
2213 3987 2418 4052 retulit,
2445 3986 2539 4040 sed
2591 3994 2651 4037 ut
2687 3985 3009 4039 memoriam
3050 3983 3330 4048 subibant,
3369 3985 3454 4037 vel

1867 4087 1926 4132 ut
1957 4079 2024 4133 ad
2049 4088 2195 4133 certa
2223 4078 2468 4148 quaedam
2502 4091 2701 4147 genera
2747 4077 2992 4132 revocari
3030 4084 3299 4146 poterant.
3348 4074 3456 4130 Res

1865 4179 1992 4225 ante
2023 4170 2210 4227 oculos
2229 4170 2383 4226 facile
2412 4171 2652 4240 ponitur.
2682 4168 2856 4239 Rogat
2886 4167 3161 4224 JuStinum
3213 4164 3454 4237 Trypho,

1866 4279 2015 4319 num.
2042 4264 2129 4332 56,
2162 4280 2212 4334 p.
2252 4264 2374 4326 l55,
2409 4273 2485 4327 ttt,
2546 4277 2667 4316 cum
2713 4262 2855 4316 diem
2905 4263 3202 4330 procedere
3253 4262 3450 4323 videat,

1866 4358 2028 4412 cilius
2055 4358 2301 4413 absolvat
2353 4357 2498 4428 quod
2531 4355 2867 4426 probandum
2917 4364 3256 4423 susceperat,
3299 4370 3452 4408 nem-

193 4438 276 4518 ιιι
312 4464 651 4533 dcsumptus,
698 4465 764 4518 ὲκ
791 4464 892 4518 τοῦ·
934 4464 1071 4535 πρὸς
1099 4463 1371 4534 Τρύφωνα
1407 4462 1450 4533 β’
1492 4462 1670 4532 λόγου,
1701 4479 1762 4516 επ

1873 4466 1937 4520 pe
1967 4459 2163 4520 praeter
2191 4449 2357 4504 Deum
2386 4449 2626 4514 Patrem,
2652 4448 2818 4502 alium
2846 4463 2966 4502 esse
2996 4447 3084 4516 qui
3138 4447 3257 4514 ejus
3287 4447 3456 4502 Filius

191 4556 417 4608 secundo
451 4553 671 4623 Dialogo
705 4569 823 4606 cum
860 4552 1156 4623 Tryphone,
1198 4555 1252 4609 id
1273 4562 1378 4618 est,
1414 4561 1474 4608 ut
1509 4555 1758 4608 eruditus

193 4650 367 4704 editor
393 4649 668 4715 observat,
699 4664 765 4703 ex
789 4651 1030 4704 secunda
1053 4658 1211 4717 parte
1239 4647 1478 4719 Dialogi.

259 4742 367 4799 Sed
395 4751 579 4797 tamen
630 4743 677 4798 si
723 4742 968 4797 ordinem
1006 4751 1060 4796 et
1092 4741 1290 4797 seriem
1321 4741 1757 4808 consideremus,

193 4853 348 4908 quam
386 4837 632 4893 Justinus
662 4837 716 4892 in
739 4837 990 4892 omnibus
1018 4836 1352 4906 argumentis
1385 4837 1765 4906 dispensandis

193 4931 467 5001 sequitur,
513 4930 729 4984 amissae
760 4928 1180 4999 Dialog.’qaartis
1224 4929 1495 4984 desiderio
1538 4931 1760 4984 modum

193 5036 474 5093 ponemus,
502 5034 567 5076 ac
595 5021 824 5088 iniectus
851 5036 920 5076 ex
958 5021 1178 5090 Opinata
1209 5021 1404 5076 lacuna
1437 5021 1589 5077 dolor
1627 5037 1759 5077 eva-

193 5126 398 5170 υειοει.

262 5205 317 5258 1⁸
352 5203 540 5259 Totius
577 5202 788 5275 Dia/agi
811 5204 1003 5268 series,
1030 5205 1155 5259 dum
1187 5202 1310 5259 alite
1342 5219 1412 5259 ex
1450 5203 1574 5260 aliis
1614 5219 1763 5274 quae-

194 5296 397 5351 stiones
427 5307 740 5363 nascuntur,
768 5297 1001 5352 mirifice
1024 5296 1282 5363 cohaeret,
1315 5313 1491 5368 neque
1521 5314 1552 5351 a
1586 5315 1638 5351 n.
1667 5299 1762 5365 70,

195 5389 280 5441 ubi
321 5388 387 5442 de
417 5387 625 5441 Mithrae
659 5388 932 5458 mysteriis
967 5387 1168 5458 agitur,
1216 5389 1284 5442 ad
1323 5404 1378 5441 ιι.
1418 5387 1508 5453 78,
1542 5389 1628 5442 ubi
1666 5389 1762 5442 he-

196 5491 370 5536 sterna
406 5480 618 5535 Mithrae
642 5483 1022 5552 mysteriorum
1050 5482 1501 5537 commemoratio
1539 5491 1759 5551 propter

195 5588 304 5639 eos,
331 5574 421 5644 qui
450 5576 626 5643 pridie
667 5590 771 5630 non
815 5576 1125 5646 adfuerant,
1179 5579 1465 5648 repetitur,
1514 5577 1760 5646 disputa-

1867 4554 1922 4601 et
1974 4547 2113 4600 Deus
2155 4545 2414 4602 dicendus
2476 4546 2564 4600 sit.
2628 4543 2879 4598 Pluribus
2905 4559 2967 4598 ea
3003 4544 3068 4597 de
3131 4557 3187 4595 re
3236 4541 3459 4595 disserit

1867 4637 2152 4693 Justinus:
2185 4638 2288 4693 sibi
2321 4637 2468 4692 illum
2503 4640 2635 4694 satis
2687 4639 2883 4693 fecisse
2935 4645 3171 4691 testatur
3217 4633 3455 4703 Trypho,

1872 4748 1926 4786 n.
1961 4732 2048 4798 65,
2078 4747 2140 4786 ac
2167 4732 2559 4802 amplissimam
2611 4731 2914 4787 disserendi
2973 4738 3213 4798 segetem
3246 4727 3459 4780 Justino

1869 4833 2144 4894 proponit,
2179 4825 2231 4879 in
2259 4839 2422 4894 quam
2467 4824 2580 4879 fere
2611 4825 2915 4878 insumetur
2948 4820 3208 4890 quidquid
3252 4818 3459 4886 Dialoqi

1870 4919 2144 4986 reliquum
2172 4927 2277 4985 est,
2307 4932 2502 4986 nempe
2533 4917 2597 4970 de
2626 4917 2785 4986 hujus
2810 4914 2957 4979 Filii,
3003 4929 3162 4983 quem
3215 4911 3459 4968 Justinus

1872 5010 2041 5064 Deum
2088 5024 2209 5065 esse
2264 5011 2757 5077 demonstraverat,
2812 5009 3215 5073 incarnatione,
3273 5023 3456 5070 cruce,

1872 5102 2279 5156 resurrectione
2304 5109 2358 5153 et
2394 5101 2734 5155 ascensione.
2780 5101 2929 5156 Onus
2969 5098 3199 5153 libenter
3234 5099 3463 5159 suscipit

1870 5192 2139 5252 Justinus.
2173 5194 2457 5262 Quomodo
2485 5207 2615 5264 ergo
2647 5203 2937 5262 utrumque
2961 5191 3106 5262 cepit
3128 5191 3327 5246 oblivio
3354 5193 3457 5244 dici

1869 5287 2258 5359 procedentis?
2286 5285 2410 5342 llaec
2440 5287 2585 5343 enim
2637 5303 2666 5341 a
2690 5285 2980 5356 Tryphone
3025 5284 3297 5356 postulata
3328 5293 3382 5338 et
3431 5303 3458 5336 ιι

1870 5379 2088 5438 Justino
2129 5383 2396 5452 promissa
2433 5388 2562 5435 ante
2598 5398 2653 5436 ιι.
2687 5380 2776 5447 70,
2806 5380 2969 5434 idest
3018 5387 3308 5445 antequam
3341 5376 3461 5432 finis

1872 5477 2064 5546 prima:
2099 5476 2206 5531 diei
2245 5476 2525 5532 observari
2577 5474 2768 5545 possit.
2814 5469 3121 5539 Quinetiam
3175 5478 3459 5539 postquam

1870 5573 2124 5628 Justinus
2147 5573 2380 5644 probare
2440 5571 2606 5642 carpit
2671 5568 2949 5626 Christum
2999 5581 3065 5620 ex
3123 5561 3340 5633 Virgine
3371 5565 3463 5618 deo

258 5749 300 5781 "
342 5752 446 5810 lsa.
480 5766 577 5819 vtt,
613 5749 699 5805 ιι.
775 5752 821 5784 ⁵²
861 5751 1057 5823 llymn.
1091 5750 1300 5809 Eccles.
1329 5753 1378 5807 in
1412 5750 1621 5807 Domin.
1656 5749 1852 5820 Paln;.,
1893 5764 1958 5803 ex
1998 5746 2139 5803 Psal.
