4120 6404
751 290 842 347 151

1639 291 1695 347 S.
1726 290 2060 347 JUSTINUS
2093 288 2568 346 PHILOSOPHUS
2600 288 2688 344 ΕΤ
2723 288 3031 349 MARTYR.

3876 294 3981 353 £52

745 412 928 468 buisse
966 412 1137 479 nasci,
1169 421 1331 482 atque
1355 412 1483 467 huic
1514 414 1883 482 disputationi,
1917 417 2110 484 partim
2147 418 2308 470 inter-
2337 419 2381 475 Α
2412 413 2544 465 urbe
2569 420 2939 465 commoratus
2985 407 3077 475 sit,
3129 423 3251 463 cum
3299 410 3619 479 gravissima
3668 411 3978 480 persecutio

742 505 977 571 peliante
1028 505 1339 578 Tryphone,
1380 506 1573 576 partim
1620 518 1713 560 sua
1762 517 1951 575 sponte
2002 509 2164 560 multa
2213 508 2298 561 in-

740 596 933 661 texuit,
970 597 1037 651 ad
1088 613 1231 664 eam,
1292 608 1350 652 ut
1416 599 1470 654 in
1527 614 1633 652 uno
1694 607 1747 652 et
1794 599 1980 652 eodem
2029 600 2299 668 colloquio

737 689 1081 755 promissam,
1131 704 1195 744 ac
1241 700 1400 745 nocte
1444 691 1666 745 minime
1708 691 2084 761 interruptam,
2135 694 2208 745 ita
2265 705 2295 743 a

737 777 1025 849 Tryphone
1057 790 1358 836 revocatur.
1391 781 1483 837 Sic
1503 784 1644 837 enim
1699 782 1934 853 TryphO,
1981 800 2128 839 num.
2178 782 2245 836 77
2279 801 2292 836 :

738 887 758 923 ι
791 871 1048 941 Equidem
1074 872 1165 927 tibi
1195 873 1465 928 assentior
1518 875 1653 929 satis
1691 874 1869 929 inesse
1905 884 1985 929 tot
2030 891 2093 929 ac
2133 876 2298 929 tantis

731 961 1032 1018 rationibus
1071 964 1137 1025 ad
1188 966 1621 1033 persuadendum
1663 967 1965 1021 momenti:
2013 969 2107 1021 sed
2155 967 2295 1021 scias

729 1046 891 1101 velim
934 1064 1020 1105 me
1056 1064 1084 1103 a
1132 1060 1186 1106 te
1235 1050 1569 1121 Scripturam
1628 1054 1794 1119 illam,
1836 1071 1996 1125 quam
2028 1071 2171 1124 saepe
2204 1056 2293 1111 de-

728 1150 1150 1199 monstraturum
1178 1145 1449 1214 pollicitus
1470 1163 1559 1209 es,
1577 1164 1878 1219 reposcere.
1896 1171 1923 1203 -ι
1959 1152 2295 1223 Argumenta

724 1242 807 1286 est
838 1234 951 1291 haec
977 1235 1277 1293 disserendi
1307 1241 1447 1296 ratio
1476 1241 1714 1297 noluisse
1738 1240 2008 1298 Justinnm
2040 1256 2296 1302 accurate

724 1321 1053 1401 distinguere
1082 1328 1211 1395 quid
1242 1329 1597 1399 primo,vquid
1664 1335 1900 1388 secundo
1928 1334 2015 1389 die
2045 1336 2293 1405 diSputa-

725 1421 835 1467 tum
862 1416 956 1485 sit,
988 1417 1081 1473 sed
1105 1421 1288 1476 omnia
1315 1437 1421 1478 una
1454 1434 1509 1479 et
1540 1426 1728 1480 eadem
1761 1420 1909 1480 serie
1929 1429 2290 1497 compreheno

721 1505 884 1563 disse.

789 1598 853 1649 4ο
884 1598 1148 1658 Nonnulla
1168 1617 1465 1663 occurrunt
1490 1608 1543 1663 in
1571 1609 1871 1679 posteriore
1921 1611 2131 1680 Dialegi
2162 1628 2289 1681 par-

717 1697 790 1751 te,
828 1705 947 1759 qua:
976 1691 1184 1750 frustra
1212 1697 1263 1749 in
1297 1697 1477 1765 priore
1510 1710 1839 1766 quaerantur,
1899 1704 2148 1771 quamvis
2179 1703 2290 1769 pri-

716 1782 803 1836 die
829 1783 975 1839 dicta
1003 1783 1224 1843 fuerint.
1252 1788 1343 1842 Ait
1366 1789 1633 1856 Justinus,
1658 1810 1709 1848 n.
1732 1794 1818 1855 85,
1851 1810 1909 1848 se
1937 1804 2096 1850 antea
2127 1810 2281 1848 usum

2404 503 2505 555 sub
2537 500 2608 555 Μ.
2637 501 2855 555 Aurelio
2881 511 3248 570 grassaretur.
3279 499 3393 555 Non
3426 498 3662 567 iusserat
3709 512 3978 570 praastau-

2407 592 2645 645 tissimus
2675 592 2923 662 princeps
2945 593 3131 647 vexari
3158 592 3527 657 Christianos;
3560 592 3677 655 sed,
3702 604 3758 646 ut
3780 594 3973 648 obser-

2402 692 2495 738 vat
2523 685 2899 755 Athenagoras
2927 685 2992 749 “,
3022 685 3147 738 dum
3187 682 3437 751 injuriam
3485 685 3551 738 ab
3580 685 3660 739 eis
3696 701 3801 739 non
3846 700 3977 754 pro-

2401 774 2601 844 pulsat,
2641 778 2764 831 dunt
2806 778 3004 832 nullam
3040 787 3249 847 partem
3284 778 3335 833 in
3359 793 3451 833 eos
3480 779 3686 833 derivat
3733 791 3973 845 paternae

2400 854 2545 947 illius
2573 869 2980 945 sollicitudinis,
3009 884 3114 940 qua
3144 868 3432 925 universos
3488 870 3699 941 imperii
3742 871 3972 926 Romani

2398 960 2545 1015 cives
2578 962 2849 1027 tuebatur,
2872 962 3130 1017 omnibus
3174 962 3523 1019 inimicorum
3559 963 3771 1031 injuriis
3800 978 3974 1034 expoo

2398 1053 2488 1108 siti
2527 1054 2697 1122 luere,
2726 1071 2823 1112 nec
2852 1055 3016 1112 ullum
3069 1058 3137 1113 ab
3188 1058 3297 1113 illis
3344 1060 3519 1115 abluit
3565 1060 3885 1115 damnorum
3914 1068 3974 1115 et

2396 1145 2779 1213 suppliciorum
2815 1163 3004 1217 genus.
3056 1148 3183 1203 Haec
3232 1152 3428 1220 agendi
3482 1154 3620 1208 ratio
3668 1152 3721 1207 in
3764 1154 3975 1223 optimo

2397 1233 2719 1303 imperatore
2751 1252 3017 1293 summum
3043 1241 3230 1296 odium
3254 1242 3498 1298 declarat
3527 1241 3854 1299 Christiana:
3876 1258 3974 1299 re-

2394 1325 2645 1395 ligionis;
2715 1344 2991 1397 nunquam
3045 1334 3189 1388 enim
3246 1349 3406 1388 suum
3453 1336 3558 1399 illis
3607 1338 3969 1408 patrocinium

2394 1416 2773 1483 clausisset,“
2799 1419 2926 1487 quid
2955 1420 3019 1475 de
3052 1421 3156 1476 illis
3182 1422 3319 1489 aequi
3362 1425 3642 1480 sensisset.
3686 1422 3793 1481 Sed
3843 1425 3971 1495 plus

2393 1509 2533 1576 apud
2562 1523 2683 1561 eum
2715 1518 2769 1563 et
2800 1511 3007 1564 nefaria
3035 1514 3480 1583 phiIOSOphorum
3505 1516 3751 1574 consilia.
3770 1528 3824 1571 et
3852 1517 3970 1573 Ro-

2392 1612 2673 1652 manarum
2702 1602 3147 1657 caeremoniarum
3177 1620 3351 1673 amor,
3386 1621 3547 1675 quam
3598 1611 3682 1663 avi
3712 1619 3767 1663 et
3791 1611 3970 1678 patris

2391 1691 2657 1758 exempla,
2718 1702 2773 1746 et
2824 1693 2986 1747 insita
3026 1696 3283 1751 omnibus
3319 1698 3540 1766 justitite
3590 1710 3647 1754 et
3690 1702 3970 1771 aequitatis

2390 1784 2654 1839 elementa
2689 1784 2992 1839 valuerunt.
3040 1786 3173 1840 Cum
3213 1804 3343 1859 ergo
3365 1792 3515 1846 omni
3564 1808 3665 1861 ope
3717 1794 3966 1848 destituti

712 1887 837 1928 esse
858 1874 940 1930 his
967 1875 1163 1933 psalmi
1186 1882 1661 1938 verbisiauda“
1677 1884 2034 1941 Dominum“
2058 1889 2285 1954 mm",
2320 1870 2362 1925 B
2390 1885 2573 1927 essent
2593 1874 2911 1938 Christiani,
2944 1882 3280 1947 gravissimas
3310 1884 3362 1937 in
3394 1900 3489 1938 eos
3516 1886 3753 1954 undique
3794 1902 3967 1941 exor-

708 1974 784 2027 et.
827 1966 1034 2035 n.105,
1067 1985 1126 2025 se
1154 1975 1559 2030 demonstrasse
1621 1979 1833 2031 animas
1882 1988 2005 2047 post
2055 1989 2281 2034 mortem

712 2072 952 2114 manere.
986 2059 1131 2114 Atea
1165 2063 1293 2118 alibi
1343 2080 1448 2119 non
1492 2066 1761 2136 leguntur.
1810 2068 1921 2123 Sub
1957 2071 2113 2125 linem
2146 2068 2279 2124 Dia-

705 2145 810 2216 logi
838 2156 1070 2208 testatur
1094 2138 1313 2223 Trypho
1342 2153 1612 2210 Justinum
1645 2159 1844 2214 dixisse
1902 2176 1959 2215 se
2006 2164 2155 2217 brevi
2192 2179 2281 2217 so-

703 2237 965 2294 luturum.
1012 2240 1133 2297 Hec
1181 2256 1360 2300 autem
1428 2251 1694 2318 suspicari
1749 2267 1852 2313 non
1901 2252 2158 2308 debemus
2211 2270 2276 2309 ex

702 2329 838 2388 locis
894 2336 1229 2393 inter-num.
1296 2339 1365 2394 70
1415 2350 1470 2395 ct
1517 2342 1584 2399 78
1637 2344 1932 2411 interjcctis
1983 2350 2270 2403 excidisse.

701 2421 847 2477 Nihil
874 2426 1019 2486 enim
1046 2427 1134 2482 hic
1164 2430 1319 2484 vacui
1348 2441 1400 2485 et
1425 2432 1585 2488 hiulci
1612 2447 1732 2487 esse
1758 2436 2270 2496 demonstravimus.

703 2516 812 2571 Sed
836 2517 1057 2575 minime
1104 2521 1299 2575 mirum
1348 2523 1394 2577 si
1456 2525 1710 2579 nonnulla
1744 2524 1992 2583 Justinus
2018 2528 2124 2582 alio
2154 2529 2272 2584 loco

698 2622 1109 2679 commemorat,
1139 2630 1258 2681 qua:
1316 2629 1414 2671 suo
1472 2631 1577 2671 non
1606 2630 1961 2673 occurrerant
1998 2622 2270 2677 memoria:

696 2701 1007 2760 scribentis.
1041 2703 1131 2760 Sic
1159 2710 1324 2761 etiam
1375 2716 1515 2779 quod
1571 2713 1647 2765 ait
1696 2711 1961 2775 Justinus,
2010 2730 2064 2766 ιι.
2095 2714 2182 2779 80,
2209 2731 2268 2770 se

696 2806 859 2851 antea
883 2798 1188 2853 confessum
1220 2814 1341 2855 esse
1404 2802 1601 2858 multos
1657 2797 1758 2857 sibi
1809 2819 2009 2873 eosque
2058 2822 2123 2860 ea:
2173 2807 2263 2860 illo

694 2884 1112 2945 Christianarum
1140 2909 1343 2961 genere,
1374 2895 1513 2964 quod
1551 2896 1691 2964 piam
1723 2909 1769 2950 et
1800 2913 1987 2965 puram
2028 2901 2263 2968 sequitur

691 2980 1024 3047 sententiam,
1051 2998 1155 3038 non
1188 2985 1437 3038 assentiri
1476 2987 1548 3045 .de
1607 2988 1949 3042 restitutione
1987 2988 2257 3062 Jerosoly-

691 3085 926 3137 morum,
951 3074 1003 3127 id
1032 3090 1155 3128 cum
1212 3091 1475 3145 nusquam
1533 3088 1687 3132 antea
1732 3090 2003 3141 occurrat.
2059 3098 2259 3152 nequa-

688 3178 851 3231 quam
901 3164 958 3218 in
1006 3164 1260 3222 librarios
1286 3169 1445 3237 culpa
1473 3170 1787 3237 rejicienda,
1835 3174 1926 3226 sed
1984 3172 2253 3228 laudanda

684 3259 866 3323 potius
913 3266 997 3311 est
1044 3260 1331 3327 scriptoris
1373 3262 1672 3332 diligentia,
1721 3265 1812 3335 qui
1847 3280 1931 3321 res
1976 3266 2027 3319 in
2083 3269 2257 3337 prima

639 3344 645 3349 ’
684 3357 839 3418 parte
866 3350 953 3406 vel
984 3351 1050 3406 de
1076 3353 1339 3409 industria
1362 3356 1614 3420 omissas,
1634 3359 1718 3413 vel
1743 3360 2018 3413 memoria:
2043 3360 2258 3425 elapsas

684 3455 807 3512 apte
835 3443 889 3497 in
915 3446 1148 3499 secunda
1171 3460 1577 3505 commemorat.

754 3537 899 3592 Idem
930 3538 1123 3595 fecisse
1142 3537 1387 3595 Justinus
1408 3543 1461 3597 in
1501 3559 1632 3599 vero
1675 3544 1899 3615 Dialago
1930 3546 2163 3609 videtur,
2195 3563 2257 3602 ac

683 3630 736 3683 in
765 3630 902 3685 lictis
930 3630 1100 3698 Plato,
1151 3635 1241 3702 qui
1292 3634 1569 3691 Socratem
1623 3638 1809 3692 decem
1868 3640 1934 3692 de
1980 3641 2269 3708 republica

683 3723 849 3781 libros
876 3740 983 3780 una
1012 3740 1153 3781 serie
1180 3726 1551 3784 devolventem
1580 3732 1812 3797 inducit,
1837 3732 1984 3785 nulla
2028 3748 2255 3801 prorsus

682 3817 1167 3885 intermissionum,
1199 3836 1336 3890 quas
1368 3822 1659 3877 identidem
1692 3824 1806 3898 lierl
1840 3841 1940 3892 par
1968 3836 2110 3890 erat,
2148 3827 2250 3879 lia-

681 3909 792 3963 hita
828 3910 1060 3969 ratione.
1096 3911 1225 3967 Utar
1249 3913 1357 3967 alio
1378 3915 1628 3985 exemplo
1661 3917 1805 3985 quod
1838 3918 2011 3987 magis
2036 3920 2251 3988 apposi-

680 4014 790 4057 tutn
823 4001 1056 4060 videtur.
1088 4004 1336 4072 Dialogus
1392 4008 1455 4061 de
1492 4007 1612 4062 Vita
1647 4008 1705 4062 S.
1732 4008 1957 4065 Joannis
2013 4010 2250 4081 Chryso-

674 4092 836 4147 stomi
864 4093 1003 4149 inter
1025 4093 1319 4161 Palladium
1344 4097 1656 4167 episeopum
1682 4110 1735 4153 ct
1766 4099 2106 4155 Theodorum
2132 4102 2250 4154 dia-

678 4198 874 4239 conum
904 4184 1139 4249 habilus,
1171 4201 1343 4256 usque
1372 4189 1437 4242 ad
1468 4189 1610 4243 dient
1656 4201 1909 4257 quartum
1951 4194 2246 4261 productus

674 4275 796 4344 fuit,
838 4287 899 4331 ut
929 4286 1077 4346 patet
1108 4292 1173 4329 ex
1214 4292 1265 4346 p.
1313 4280 1439 4344 162,
1489 4284 1577 4335 ubi
1624 4280 1896 4337 Palladius
1956 4284 2245 4339 nonnullos

676 4378 1083 4437 commemorat,
1129 4371 1195 4424 de
1249 4374 1448 4440 quibus
1505 4388 1564 4427 se
1620 4374 2015 4429 nudiustertius
2069 4378 2243 4445 egisse

676 4471 907 4517 testatur
928 4501 944 4526 ,
973 4459 1114 4517 οὗτοι
1142 4465 1245 4517 εἰσι
1274 4466 1402 4536 περὶ
1428 4458 1503 4521 ὧν
1525 4467 1712 4537 τρίτην
1741 4469 1951 4540 ἡμέραν
1981 4470 2243 4541 διηγησά-

2390 1972 2454 2017 tze
2492 1975 2858 2034 tempestates.
2889 1969 3143 2027 Testatur
3170 1972 3417 2031 Justinus
3446 1978 3492 2009 "
3528 1979 3726 2047 ubique
3782 1989 3973 2033 ιρι-η-

2386 2072 2502 2109 rum
2538 2060 2581 2112 si
2611 2060 2733 2127 quis
2758 2077 2825 2115 ex
2855 2064 3148 2130 gentilibus
3181 2081 3211 2119 a
3239 2069 3554 2124 Christiano
3580 2084 3731 2138 patre
3760 2080 3853 2126 aut
3885 2072 3970 2126 vi—

2383 2148 2527 2207 cino,
2553 2160 2644 2201 aut
2672 2150 2782 2204 lilio
2814 2162 2907 2205 aut
2929 2155 3107 2210 amico
3130 2170 3222 2213 aut
3256 2159 3429 2215 fratre
3472 2172 3569 2215 aut
3618 2164 3837 2227 marito,
3863 2176 3966 2219 aut

2383 2252 2551 2292 uxore
2587 2242 2656 2297 ob
2682 2244 2939 2299 delictum
2973 2250 3431 2317 reprehendatur,
3454 2254 3636 2307 statim
3664 2269 3788 2309 eum
3824 2270 3962 2325 ope-

2381 2342 2494 2381 ram
2522 2332 2673 2398 dare,
2710 2344 2767 2388 ut
2807 2350 3093 2392 censorem
3142 2355 3299 2394 suum
3354 2340 3405 2393 in
3443 2341 3711 2408 judicium
3760 2346 3961 2412 capitis

2376 2432 2638 2476 arcessat.
2672 2424 2728 2480 Si
2761 2430 2882 2495 quis
2911 2441 3089 2486 autem
3122 2432 3384 2488 fateretur
3413 2450 3471 2490 se
3506 2450 3628 2490 esse
3683 2433 3956 2490 Christia-

2376 2526 2522 2575 num,
2558 2516 2693 2569 satis
2715 2519 3124 2587 causaindices
3150 2526 3447 2588 habebant.
3482 2542 3582 2582 cur
3614 2542 3736 2579 cum
3764 2529 3958 2581 statim

2372 2612 2543 2657 morte
2569 2605 2912 2666 damnarent.
3234 2630 3235 2633 ‘
3868 2632 3869 2635 ‘

2442 2693 2502 2746 ΙΙ.
2537 2694 2746 2753 Nemini
2780 2717 2913 2759 sane
2941 2705 3313 2763 tristissimum
3346 2718 3561 2779 tempus
3587 2713 3709 2782 plus
3742 2715 3954 2771 doloris

2369 2787 2560 2843 all'erre
2586 2791 2792 2861 dcbnit,
2823 2811 2985 2864 quam
3047 2799 3108 2855 S.
3174 2804 3395 2873 martyri
3428 2803 3663 2873 Jnstino,
3715 2818 3829 2881 tutu
3878 2807 3954 2863 ob

2366 2880 2625 2934 eximium
2654 2884 2911 2941 Ecclesia:
2932 2902 3196 2956 amorem,
3246 2910 3356 2963 quo
3408 2905 3554 2951 totus
3595 2880 3827 2953 videtur
3857 2914 3954 2952 ar-

2364 2973 2518 3037 sisse,
2550 2983 2657 3025 tum
2682 2978 2805 3042 quia
2837 2994 2958 3033 cum
3004 2998 3192 3050 pacem
3247 2985 3503 3042 Ecclesia:
3552 2989 3620 3044 ab
3673 2990 3953 3045 Antonino

2363 3075 2460 3130 pro
2478 3077 2570 3114 sua
2608 3064 2744 3122 virili
2772 3077 2925 3135 parte
2955 3071 3322 3140 impetrasset,
3370 3077 3588 3133 labores
3617 3094 3745 3134 suos
3776 3096 3804 3134 a
3836 3083 3953 3136 dae-

2363 3153 2610 3207 monibus
2636 3160 2802 3212 everti
2836 3161 3073 3216 videbat.
3102 3166 3209 3219 Sed
3235 3182 3357 3221 cum
3386 3171 3550 3237 probe
3584 3172 3750 3225 sciret
3783 3172 3948 3228 Chri-

2362 3248 2589 3309 stianos,
2622 3246 2746 3304 dum
2795 3253 2875 3307 sic
2926 3256 3271 3323 occiduntur,
3304 3262 3372 3315 ab
3408 3263 3667 3331 improbis
3710 3266 3950 3323 dominis

2359 3339 2424 3390 ad
2450 3344 2712 3408 optimum
2740 3355 2949 3413 patrem
2978 3346 3144 3401 Deum
3176 3350 3468 3419 proﬁcisci,
3521 3369 3626 3410 non
3672 3356 3947 3413 dubitavit

2358 3431 2411 3483 in
2437 3432 2670 3487 medium
2695 3436 2988 3490 discrimen
3026 3452 3148 3492 sese
3182 3442 3476 3510 conjicere,
3510 3454 3565 3499 et
3620 3445 3687 3498 ad
3740 3445 3943 3501 confu-

2358 3524 2547 3577 tandos
2571 3525 2941 3596 philosophos,
2965 3532 3058 3597 qui
3092 3532 3252 3601 hujus
3279 3534 3515 3588 incendii
3548 3536 3637 3589 lax
3684 3552 3806 3592 esse
3860 3554 3947 3591 vr-

2356 3615 2645 3680 debantur,
2675 3632 2888 3674 onmem
2936 3625 3103 3675 animi
3131 3624 3215 3677 sui
3247 3625 3353 3680 vim
3384 3626 3702 3685 incitavit”
3728 3647 3741 3681 :
3784 3628 3944 3684 Veri-

2355 3714 2511 3759 tatem
2536 3710 2853 3775 praedicans,
2878 3712 3015 3780 gulw
3040 3725 3091 3768 et
3112 3714 3322 3787 fraudis
3352 3719 3473 3772 illos
3498 3721 3771 3789 arguebat,
3798 3731 3943 3779 teste

2356 3796 2603 3865 Tatiano,
2635 3818 2782 3857 num.
2807 3803 2893 3857 l9.
2922 3804 3202 3877 Praecipue
3223 3823 3346 3863 cum
3376 3811 3579 3880 Cynico
3607 3813 3926 3880 Crescente,

2352 3892 2570 3949 homine
2600 3897 2853 3950 omnibus
2879 3898 3027 3953 vitiis
3050 3901 3417 3966 notatissimo,
3448 3904 3673 3973 gradum
3707 3906 3942 3965 contulit

2352 3982 2535 4039 multis
2563 3986 2924 4051 audientibus,
2984 4004 3211 4063 ejusque
3250 4008 3523 4047 summam
3577 4010 3791 4059 eorum,
3815 4012 3941 4065 qua:

2349 4077 2719 4139 asseverabat,
2749 4079 3145 4148 ignorationem
3185 4094 3281 4139 aut
3316 4100 3525 4152 eorum,
3556 4102 3676 4156 quae
3707 4090 3937 4155 sciebat,

2347 4164 2834 4227 dissimulationem
2866 4174 3066 4227 nemini
3092 4174 3311 4230 dubiam
3330 4177 3568 4247 reliquit,
3600 4194 3722 4232 cunt
3750 4184 3939 4249 provi-

2344 4256 2518 4323 deret,
2543 4260 2595 4313 id
2622 4263 2765 4330 quod
2804 4278 2905 4317 usu
2930 4267 3137 4331 evenit,
3159 4271 3613 4339 superbissimum
3650 4273 3933 4329 hominem

2344 4360 2597 4419 acceptas
2622 4352 2807 4423 plagas
2850 4359 3117 4427 sanguine
3167 4360 3390 4418 victoris
3428 4370 3798 4434 expiaturum.
3837 4369 3933 4423 Vi-

2345 4440 2503 4495 detur
2527 4442 2690 4497 latius
2715 4442 2967 4500 manasse
2998 4448 3159 4515 hujus
3211 4451 3463 4523 colloquii
3518 4454 3697 4523 fama;
3732 4474 3796 4513 ac
3825 4462 3933 4513 du-

676 4552 834 4622 μεθα.
862 4553 936 4607 Ea
965 4564 1143 4610 tamen
1172 4565 1254 4611 est
1292 4534 1497 4627 Dialogi
1530 4534 1886 4622 continuatio,
1918 4572 1975 4615 ut
2001 4534 2247 4630 quamvis
2278 4562 2324 4618 D
2354 4534 2491 4589 bitat
2514 4536 2630 4604 ipse
2654 4536 2899 4595 “sum”
2929 4556 3107 4596 anno"
3131 4545 3297 4597 etiam
3329 4548 3396 4598 ad
3444 4562 3604 4604 aures
3634 4550 3936 4618 imperalo'

675 4646 1020 4701 intermissus
1069 4657 1124 4701 et
1166 4650 1429 4717 repetitus
1487 4650 1669 4719 fuerit,
1703 4654 1848 4707 nullo
1884 4656 2111 4725 Vestigio
2154 4668 2247 4714 aut

680 4736 840 4789 linem
874 4736 1032 4791 unius
1054 4738 1311 4809 colloquii
1340 4742 1747 4800 animadvertas
1781 4754 1873 4799 aut
1914 4746 2125 4801 initium
2156 4764 2243 4806 se-

672 4833 907 4901 quentis.

1249 4928 1476 4985 CAPUT
1516 4930 1625 4985 Vill
1641 4974 1654 4984 .

984 5039 1057 5094 De
1086 5044 1316 5096 secunda
1343 5032 1591 5123 Apologia
1624 5046 1685 5105 S.
1710 5047 1933 5101 Justini.

668 5152 707 5203 l.
748 5153 1037 5204 Persecutio
1066 5155 1156 5203 sub
1180 5154 1354 5204 Marco.
1399 5155 1460 5205 ll.
1487 5158 1665 5207 Justini
1696 5164 2087 5212 concertationes
2126 5177 2235 5211 cum

728 5215 1120 5285 Crescente;_lll.
1150 5216 1225 5285 9e
1248 5220 1542 5285 martyribus
1567 5222 1615 5267 in
1634 5222 1846 5285 secunda
1870 5225 2104 5285 Apologia
2131 5226 2237 5273 lau-

725 5280 878 5347 datis.
894 5275 975 5347 IV‘.
996 5277 1309 5347 llancMarco
1328 5275 1533 5330 Aurelio
1576 5290 1631 5330 et
1656 5283 1805 5333 Lucio
1844 5275 1975 5334 Vero
2000 5275 2233 5347 probatur

722 5340 933 5387 oblatam
946 5338 1113 5387 fuisse.

613 5508 617 5512 }
734 5445 771 5499 Ι.
804 5444 921 5511 Quo
948 5461 1089 5500 anno
1121 5446 1345 5501 Romam
1385 5466 1638 5505 reversus
1689 5454 1760 5505 sit
1806 5452 2074 5519 Justinus,
2112 5464 2230 5509 sta-

664 5544 810 5587 tuere
842 5551 944 5589 non
968 5542 1261 5606 possumus
1291 5557 1306 5593 :
1342 5542 1561 5597 minimc
1589 5547 1831 5607 dubium,
1857 5548 1987 5615 quin
2027 5546 2129 5602 hac
2176 5550 2226 5603 in

730 5701 950 5789 "Paul.
987 5722 1203 5774 cxu'tn,
1238 5712 1288 5765 1.
1365 5712 1411 5743 ³³
1440 5714 1595 5781 Apul.
1636 5731 1689 5793 υ-
1730 5692 1785 5772 Ιιη

2328 5364 2475 5420 tatio
2521 5385 2536 5421 :

1860 5718 1899 5749 ⁵³
1936 5718 2089 5776 Apol.
2118 5720 2177 5786 2,
2211 5722 2355 5789 n.1,

2354 4629 2432 4683 ris
2459 4634 2783 4699 pervenerit.
2838 4633 2989 4700 Quod
3044 4637 3088 4689 si
3142 4639 3320 4695 minus
3367 4641 3436 4695 ad
3491 4655 3584 4697 eos
3633 4644 3932 4715 disputatio

2353 4722 2578 4791 perlata,
2604 4736 2845 4793 paratum
2886 4743 2945 4781 sc
2973 4743 3092 4783 esse
3127 4731 3398 4800 signiﬁcat
3454 4749 3641 4789 rursus
3685 4738 3792 4792 illis
3824 4754 3929 4793 au-

2354 4805 2624 4869 dientibus
2646 4810 2925 4873 Crescentii
2960 4822 3286 4887 quastiones
3342 4839 3565 4893 ponere.
3602 4827 3698 4882 Sin
3741 4844 3925 4886 autem

2351 4901 2430 4961 eis
2481 4906 2710 4974 cognitae
2773 4908 3224 4974 interrogationes
3274 4922 3332 4967 et
3383 4919 3783 4984 responsiones,
3816 4932 3923 4983 non

2348 4998 2707 5069 dubitatqnin
2754 5001 3099 5059 Crescentem
3153 5015 3245 5060 aut
3299 5007 3435 5061 nihil
3488 5009 3923 5070 Christianarum

2346 5104 2524 5147 rerum
2568 5095 2728 5161 scire,
2776 5106 2868 5149 ant
2918 5095 2961 5150 si
3019 5087 3175 5163 sciat,
3230 5100 3479 5175 ignavum
3538 5119 3753 5183 eorum,
3799 5123 3923 5167 una

2342 5183 2464 5247 scit,
2492 5183 2946 5240 dissitnulatorem
3002 5204 3121 5243 esse
3176 5191 3564 5252 intellexerint.
3623 5196 3714 5250 Sic
3768 5200 3919 5256 enim

2340 5275 2700 5340 peragebatur
2729 5274 2999 5333 Justinum
3025 5280 3167 5333 inter
3187 5290 3241 5335 et
3285 5282 3629 5341 Crescentem
3686 5303 3916 5343 concer-

2598 5382 2719 5420 cum
2775 5370 2989 5438 publice
3042 5376 3361 5443 praedicaret
3406 5378 3673 5436 Crescens
3720 5383 3916 5440 atheos

2337 5470 2460 5511 esse
2488 5467 2543 5510 et
2576 5458 2772 5527 impios
2796 5460 3162 5530 Christianos,
3190 5466 3563 5539 interrogabat
3589 5486 3712 5526 eum
3738 5469 3913 5529 Justi-

2339 5565 2439 5605 nus
2501 5571 2515 5605 :
2570 5554 2931 5621 respondebat
2987 5557 3078 5613 ille
3123 5567 3176 5613 et
3227 5564 3607 5630 responsiones
3665 5566 3782 5637 ejus
3830 5569 3911 5626 sic

2429 5723 2475 5756 εει
2513 5724 2671 5793 Apol.
2703 5725 2759 5791 ε,
2786 5743 2838 5780 ιι.
2871 5728 2906 5782 5
