4120 6408
139 316 240 374 ηδ

1122 313 1190 371 D.
1221 314 1487 371 MARANI
1519 316 1909 374 PMFA’HO.
1941 349 2010 361 —
2038 316 2218 373 PARS
2249 316 2338 374 Ill.

3289 321 3395 379 ΙΝ

137 440 422 496 refellebat
452 439 714 502 Justinus.
747 450 808 497 ut
836 455 954 497 eum
985 450 1080 496 aut
1102 443 1359 513 ignorata:
1410 452 1503 498 aut
1554 445 1714 500 dissi-
1743 451 1786 507 Α
1817 448 1889 501 Ita
1927 447 2070 502 enim
2115 462 2172 502 se
2213 451 2456 515 gesserat
2503 441 2556 496 in
2591 439 2766 510 prima
2805 436 3086 508 Apologia.
3116 435 3234 493 Non
3279 446 3392 495 tam

135 533 355 588 malaue
383 533 814 588 Chrissianorum
842 534 1102 589 doctrina:
1131 537 1363 590 crimine
1419 548 1711 604 premeret.

136 625 468 679 llallucinati
507 636 633 680 sunt
665 628 762 696 qui
802 629 1151 683 Crescentem
1190 643 1415 683 summa:
1471 631 1711 685 omnium

136 732 320 773 rerum
351 718 711 788 ignorationis
742 722 1044 773 convictum
1098 718 1264 774 fuisse
1317 729 1533 790 putant.
1595 721 1712 777 Non

134 811 284 864 enim
313 811 384 864 de
410 810 572 866 rebus
593 811 731 866 inter
759 812 1100 885 philosophos
1137 815 1332 885 agitari
1380 815 1554 872 solitis
1579 831 1716 871 con-

135 910 402 962 troversia
450 918 589 974 erat,
634 911 727 966 sed
787 912 852 967 de
906 911 1211 967 Christiana
1269 912 1561 985 religione;
1611 930 1715 970 nec

139 999 487 1056 Crescentem
516 1000 762 1057 Justinus
787 1005 1022 1059 omnium
1055 1020 1233 1060 rerum
1293 1006 1538 1077 ignarum
1593 1023 1716 1063 esse

139 1090 407 1155 declarat,
437 1093 532 1148 sed
564 1110 737 1147 rerum
769 1103 1091 1149 nostrarum.
1125 1096 1239 1152 Non
1273 1114 1376 1153 una
1408 1108 1502 1155 aut
1541 1099 1709 1154 altera

137 1184 346 1238 exstitit
375 1190 589 1238 tantum
619 1183 834 1248 Justino
865 1203 988 1242 cum
1015 1188 1311 1244 Crescente
1342 1193 1583 1248 certandi
1611 1206 1712 1247 oc-

134 1274 302 1329 casio.
339 1273 496 1344 Saepe
527 1277 780 1332 iteratum
823 1278 1088 1347 pretium.
1144 1283 1408 1337 Crescens
1457 1283 1714 1340 insectari

134 1362 412 1422 Justinum
445 1379 501 1422 et
532 1369 817 1426 Tatianum
872 1387 976 1426 non
1036 1374 1331 1431 desinebat.
1390 1392 1409 1426 t
1441 1375 1713 1441 Quosnam

136 1467 319 1512 autem
347 1457 814 1530 philosophorum,
861 1462 1031 1533 inquit
1085 1458 1366 1529 Tatianus,
1419 1483 1570 1521 num.
1623 1468 1714 1534 l9,

138 1549 234 1604 nisi
263 1567 364 1608 nos
387 1553 535 1607 solos
558 1551 816 1608 insectari
843 1555 1090 1610 solebat?
1118 1575 1136 1608 ι
1170 1556 1421 1610 Testatur
1451 1558 1716 1613 Eusebius

134 1660 268 1711 σερε
296 1646 348 1698 in
388 1643 629 1713 Dialogis
661 1648 850 1701 victum
881 1666 912 1702 ts
936 1647 1149 1702 Iustino
1174 1647 1354 1702 multis
1379 1650 1715 1703 audientibus

1820 542 1948 595 mihi
1974 542 2192 594 videtur
2221 539 2335 592 haec
2363 535 2614 590 omisisse
2640 531 2888 588 Justinus
2907 572 2922 598 ,
2962 533 3107 601 quod
3151 532 3391 587 Marcum

1815 637 2002 705 prima:
2029 632 2299 702 Apologia:
2327 643 2622 684 memorem
2657 642 2780 681 esse
2809 627 3085 688 crederet,
3111 639 3210 678 nec
3231 638 3396 694 cgere

1816 736 1873 779 ut
1898 727 2012 780 haec
2039 725 2089 777 ei
2120 725 2172 776 in
2207 721 2522 776 memoriam
2549 728 2891 782 revocentur,
2925 732 3088 786 quam
3110 717 3253 786 quod
3281 731 3396 767 ma-

1816 814 2046 871 levolnm
2079 811 2220 866 illius
2247 810 2486 863 animum
2518 809 2749 864 molliter
2775 810 3116 863 tractandum
3149 820 3271 866 esse
3299 805 3398 858 du-

1815 916 1983 973 ceret,
2012 921 2110 960 nec
2132 905 2387 961 Antonini
2423 905 2597 973 legum
2625 911 2678 956 et
2713 888 3110 970 esetttplorum,
3137 913 3166 950 a
3197 897 3396 964 quibus

1817 1002 2057 1068 prudens
2087 1009 2142 1054 et
2165 1001 2345 1054 sciens
2375 997 2720 1059 discedebat,
2754 991 3276 1049 commemoratione
3303 989 3396 1042 la:-

1816 1092 2074 1147 dendum.
2111 1091 2303 1162 Itaque
2343 1091 2421 1146 sic
2471 1105 2594 1145 cum
2618 1103 2684 1142 eo
2709 1087 2857 1157 agit,
2889 1085 3046 1155 quasi
3075 1084 3219 1164 nulla
3251 1083 3395 1138 illius

1814 1184 1996 1253 culpa,
2045 1183 2194 1238 nullo
2252 1183 2515 1238 mandato
2568 1178 2880 1250 persecutio
2929 1177 3147 1232 saeviret
3166 1175 3235 1230 ⁸⁸.
3281 1173 3396 1229 Hoc

1815 1293 1981 1334 unum
2010 1279 2145 1350 petit
2192 1279 2260 1333 ab
2311 1276 2768 1348 imperatoribus,
2807 1283 2866 1327 ut
2895 1272 3206 1342 supplicem
3247 1269 3396 1326 hunc

1817 1369 2058 1425 libellum
2111 1371 2439 1426 auctoritate
2495 1383 2590 1422 sua
2635 1363 3027 1435 comprobent;
3072 1373 3199 1418 tunc
3249 1361 3395 1415 enim

1817 1464 1937 1519 fore
1966 1473 2026 1518 ut
2049 1479 2170 1518 eum
2201 1461 2454 1517 omnibus
2479 1460 2767 1516 ostendat:
2800 1460 2999 1528 quippe
3025 1471 3152 1510 cum
3179 1456 3230 1509 i'd
3264 1469 3394 1524 pru-

1818 1555 2048 1624 positum
2080 1555 2181 1608 sibi
2213 1553 2374 1607 luerit
2398 1593 2412 1616 ,
2446 1562 2504 1604 ut
2539 1551 2630 1620 qui
2661 1549 3004 1604 Christianos
3032 1561 3140 1600 non
3168 1555 3393 1611 norunt,

1821 1663 1922 1702 nec
1955 1655 2133 1701 tamen
2175 1661 2270 1700 eos
2299 1643 2546 1697 vexando
2591 1639 2933 1696 excusabiles
2979 1648 3146 1705 sunt,
3181 1637 3257 1692 'ab
3292 1637 3397 1692 hac

136 1734 490 1798 Crescentem,
533 1738 829 1803 πλεονάκις
852 1743 909 1793 ὲν
944 1740 1216 1808 Διαλόγοις
1243 1742 1525 1812 ἀκροατῶν
1570 1758 1713 1816 παρέ

1822 1740 2081 1792 bonarum
2145 1749 2324 1793 rerum
2375 1735 2715 1802 ignoratione
2773 1731 2996 1787 liberari
3043 1730 3291 1801 possint,
3341 1734 3398 1785 et

133 1824 301 1880 όντων
327 1827 558 1892 εὐθύνας
587 1832 765 1885 αὐτόν.
799 1831 968 1899 Hist.,
997 1833 1182 1896 1ν,16.

203 1915 291 1971 Ill.
331 1916 540 1973 Prmter
588 1936 927 1976 communem
991 1925 1229 1978 omnium
1279 1921 1715 1982 Chrisﬁanorum

133 2010 586 2075 persecutionem,
620 2010 831 2083 insigne
855 2017 1122 2086 quoddam
1157 2016 1496 2071 crudelitatis
1539 2018 1716 2086 speci-

136 2113 256 2151 men
281 2098 471 2154 Romae
501 2102 830 2168 editum'est,
859 2104 1003 2173 quod
1033 2105 1249 2161 Justino
1299 2107 1516 2162 animos
1559 2109 1717 2162 addi-

135 2189 231 2254 dit,
286 2199 346 2244 ut
387 2191 619 2248 alteram
672 2196 979 2266 Apologiam
1033 2193 1347 2268 imperatori
1376 2198 1457 2270 Μ,
1493 2199 1719 2256 Aurelio

139 2278 378 2335 ollerret.
405 2282 720 2338 Christiana
751 2287 961 2348 mulier.
980 2302 1102 2342 cum
1127 2290 1298 2343 virum
1338 2289 1568 2345 haberet
1595 2306 1716 2346 om-

137 2374 292 2428 nibus
325 2376 475 2430 vitiis
527 2377 789 2444 detlituin,
823 2380 956 2434 nihil
1002 2381 1320 2436 intentatum
1368 2381 1606 2452 reliquit,
1657 2393 1716 2439 ut

135 2479 252 2519 eum
284 2465 354 2520 ad
404 2469 674 2522 saniorem
727 2481 958 2524 mentem
1010 2473 1386 2528 revocaret".
1442 2473 1549 2529 Sed
1591 2489 1714 2529 cum

137 2557 337 2610 nuliam
365 2572 520 2626 spem
571 2561 693 2615 vita:
746 2561 984 2618 melioris
1014 2563 1253 2630 afferret,
1302 2567 1516 2620 tandem
1563 2567 1714 2620 illum

137 2664 271 2702 uxor
303 2649 571 2719 repudiat.
611 2652 703 2712 Ille
747 2656 930 2709 statim
984 2671 1103 2709 eam
1158 2668 1401 2724 accusat,
1447 2661 1589 2730 quod
1646 2658 1717 2716 sit

135 2739 472 2796 Christiana.
505 2744 577 2798 At
604 2744 798 2799 mulier
848 2747 915 2802 ab
961 2749 1288 2818 imperatore
1339 2752 1613 2820 impetrat,
1659 2765 1717 2808 ut

138 2832 236 2886 sibi
271 2833 436 2888 liceat
484 2835 667 2890 domui
719 2839 1022 2902 providere.
1073 2852 1360 2910 antequam
1407 2846 1717 2901 vadimonio

138 2927 478 2996 respondeat.
510 2927 902 2986 Tnm'maritus
926 2933 978 2986 in
1014 2932 1382 3003 Pt0lemaeum,
1417 2939 1508 3007 qui
1548 2940 1718 3008 ipsius

139 3031 358 3071 uxorem
392 3019 446 3072 in
479 3016 789 3073 Christiana
831 3021 1088 3091 religione
1114 3026 1414 3091 erudierat,
1472 3027 1715 3083 furorem

1745 1807 1789 1862 Β
1819 1832 2108 1901 perniciem
2135 1870 2149 1894 ,
2188 1844 2354 1899 quam
2403 1827 2752 1895 sibimetipsis
2783 1825 3070 1890 inferunt,
3130 1823 3391 1894 eﬂugere.

1815 1924 2065 1994 Dubitari
2097 1923 2276 1992 possit.
2296 1936 2474 1976 annon
2505 1929 2649 1989 petat
2679 1917 2945 1981 Justinus,
2977 1925 3037 1969 ut
3061 1916 3267 1985 scripto
3297 1914 3396 1969 sli-

1817 2036 1926 2092 quo
1951 2021 2016 2074 ad
2047 2019 2258 2086 judices
2295 2017 2465 2072 misso
2495 2014 2708 2068 libellus
2739 2014 2968 2084 supplex
2995 2009 3392 2081 promulgetur.

1816 2112 1968 2170 Hanc
2002 2112 2145 2166 enim
2177 2110 2230 2162 in
2252 2106 2588 2167 sententiam
2621 2105 2792 2173 accipi
2823 2110 3070 2173 possunt
3118 2100 3236 2154 haec
3273 2114 3398 2153 ver-

1815 2204 1881 2260 ba
1902 2243 1919 2270 ,
1946 2202 2222 2274 προθεῖναι
2250 2197 2400 2252 τουτὶ
2424 2196 2483 2251 τὸ
2515 2195 2791 2267 βιϐλίδιον,
2828 2198 2921 2251 ἐὰν
2956 2191 3114 2248 τοῦτο
3159 2191 3406 2263 προγρά-

1815 2307 1970 2362 φητε.
2009 2289 2129 2348 Sed
2152 2292 2368 2347 videtur
2398 2287 2648 2344 Justinus
2679 2287 2796 2355 ipse
2823 2290 3057 2335 mentem
3083 2291 3234 2332 suam
3262 2290 3396 2344 ape-

1817 2391 1963 2454 rire;
2017 2384 2396 2456 promulgandi
2464 2379 2632 2434 libelli
2705 2377 2979 2430 rationem
3041 2368 3266 2438 exponit
3312 2365 3402 2422 bis

1815 2481 2020 2547 verbis,
2060 2477 2482 2550 ὑπογράψαντας
2515 2474 2577 2526 τὸ
2615 2472 2742 2542 ὑμῖν
2765 2465 2955 2522 δοκοῦν
2974 2506 2991 2532 ,
3022 2462 3397 2518 subscribente:

1816 2571 1954 2639 quod
1978 2571 2120 2624 vobis
2146 2568 2338 2637 placet.
2372 2563 2428 2618 Si
2457 2562 2694 2617 libellum
2723 2561 2829 2614 hoc
2853 2556 3014 2610 modo
3037 2552 3399 2622 promulgent.

1817 2661 1933 2729 ipse
1966 2661 2114 2715 illum
2160 2660 2411 2714 omnibus
2455 2655 2725 2709 ostendet.
2774 2651 2899 2704 Ἐὰν
2947 2647 3004 2701 δὲ
3040 2647 3198 2718 ὑμεῖς
3239 2641 3400 2696 τοῦτο

1814 2753 2208 2825 προγράψητε,
2233 2753 2394 2823 ἡμεῖς
2440 2752 2552 2812 τοῖς
2591 2748 2725 2801 πᾶσι
2766 2742 2998 2814 φανερὸν
3051 2737 3398 2809 ποιήσαιμεν.

1821 2864 1842 2898 t
1878 2845 1935 2899 Si
1957 2845 2110 2898 illum
2139 2842 2495 2911 promulgatis
2525 2837 2933 2911 [subscribentes
2957 2833 3096 2903 quod
3119 2829 3262 2905 vobis
3285 2827 3407 2897 pla--

1816 2935 1941 3006 cet].
1974 2935 2216 2990 omnium
2246 2933 2396 2988 illum
2420 2930 2596 2986 oculis
2624 2939 2980 2997 exponemus.
3022 2941 3042 2974 ι

1850 3044 1853 3045 ⁷
1889 3005 2007 3082 Utri
2038 3035 2216 3078 autem
2243 3021 2422 3077 oblata
2457 3021 2532 3075 sit
2559 3017 2900 3089 imperatori,
2926 3013 3200 3068 Antonino
3222 3020 3302 3064 an
3325 3005 3398 3063 Β.

138 3124 287 3163 suum
321 3112 612 3186 convertit.
645 3113 767 3180 Agit
794 3130 914 3168 cum
945 3117 1289 3185 centurione,
1319 3118 1406 3173 cui
1433 3129 1552 3176 erat
1575 3124 1714 3178 ami-
1741 3152 1788 3210 α
1817 3119 2070 3183 Aurelio,
2117 3117 2168 3169 id
2215 3131 2268 3168 in
2299 3113 2729 3169 controversiam
2761 3108 3103 3164 eruditorum
3152 3097 3400 3156 nonnulli

140 3214 251 3264 cus,
286 3210 345 3254 ut
366 3201 718 3256 Ptolemaeum
752 3207 1196 3274 comprehendat,
1228 3211 1388 3284 idque
1418 3229 1580 3266 unum
1627 3215 1715 3269 iu-

140 3301 374 3363 terroget
406 3308 471 3346 an
504 3294 856 3352 Christianus
878 3299 967 3362 sit,
997 3310 1052 3354 et
1081 3301 1426 3357 conﬁtentem
1452 3305 1504 3358 in
1528 3320 1717 3361 carce-

140 3401 246 3441 rem
273 3387 544 3441 includat.
579 3387 783 3443 Morem
832 3389 881 3442 ei
924 3391 1064 3457 gerit
1102 3395 1368 3450 centurio.
1393 3395 1718 3453 Ptolemaeus

139 3479 510 3534 Christianum
563 3495 622 3536 se
670 3497 791 3537 esse
847 3485 1154 3552 proﬁtetur,
1187 3497 1240 3541 et
1272 3489 1324 3542 in
1356 3504 1580 3544 carcere
1621 3491 1713 3545 diu

141 3569 386 3634 amictus,
422 3572 640 3626 tandem
689 3583 872 3626 c0ram
940 3575 1137 3632 Urbico
1174 3578 1423 3645 praelecto
1469 3580 1716 3644 sistitur;

142 3662 332 3715 iterum
357 3663 670 3724 conﬁtetur,
706 3675 759 3718 et
783 3677 956 3721 morte
984 3670 1289 3724 damnatur.
1330 3668 1463 3724 Tum
1505 3686 1627 3726 cum
1652 3673 1720 3728 ad

141 3757 458 3824 supplicium
510 3757 820 3824 duceretur,
874 3762 1113 3814 occurrit
1148 3762 1348 3817 Lucius
1387 3766 1606 3833 quidam
1664 3776 1719 3819 et

142 3847 337 3902 Urbice
375 3849 914 3919 injustumjudicium
936 3854 1251 3920 exprobrat.
1276 3853 1411 3909 Tum
1433 3857 1722 3926 prrcl'ectus

142 3939 200 3991 ad
230 3953 378 3993 eum:
402 3940 511 3994 «Tu
539 3955 753 4011 quoque
774 3957 841 3998 ex
873 3943 972 3996 hoc
1012 3945 1290 4000 hominum
1343 3963 1547 4017 genere
1599 3967 1720 4006 esse

143 4034 265 4086 mihi
297 4032 549 4088 videris.»
567 4034 762 4088 Lucius
792 4035 1142 4103 respondetzt
1163 4036 1446 4102 Maximen
1465 4056 1528 4096 ac
1556 4042 1718 4098 simul

145 4138 258 4176 cum
287 4123 754 4193 Ptolemazojussu
788 4127 1025 4195 pra’l‘ecti
1054 4130 1345 4196 abripitur.
1383 4131 1569 4190 Tertio
1611 4137 1722 4190 cui-

146 4217 262 4270 dam
289 4221 689 4285 supervenienti
731 4220 919 4274 eadem
951 4234 1113 4289 paena
1139 4222 1431 4293 irrogatur.
1456 4225 1581 4280 Haec
1604 4243 1633 4280 a
1660 4227 1718 4286 S.

148 4321 376 4379 martyre
408 4323 698 4366 narrantur
728 4313 778 4366 in
807 4314 1038 4367 secunda
1066 4317 1341 4386 Apologia,
1376 4325 1539 4386 quam
1594 4323 1720 4386 qui-

150 4398 280 4466 dem,
313 4403 417 4456 etsi
448 4403 500 4455 in
533 4405 860 4459 editionibus
899 4407 1134 4476 Operum
1180 4405 1377 4461 Justini
1405 4411 1574 4478 prima
1607 4414 1724 4466 col-

1820 3219 2105 3267 vocarunt.
2135 3208 2384 3262 Valesius
2410 3205 2684 3259 Antonino
2717 3202 2956 3258 oblatam
2987 3198 3158 3252 fuisse
3173 3204 3400 3251 conten-

1821 3306 1932 3369 dit;
1960 3303 2115 3373 cujus
2134 3301 2411 3369 opinionis
2445 3297 2688 3352 tenenda:
2723 3293 3104 3349 necessitatem
3137 3288 3239 3344 sibi
3294 3287 3399 3340 im-

1820 3406 2047 3468 ponunt,
2095 3395 2186 3463 qui
2229 3391 2500 3447 Justinum
2547 3389 2647 3442 sub
2694 3386 2973 3440 Antonino
3021 3397 3244 3453 passum
3273 3393 3399 3433 esse

1822 3489 2028 3544 volunt.
2062 3484 2469 3555 Papebrochius
2520 3481 2587 3534 ad
2622 3478 2687 3531 l5
2725 3476 2898 3547 April.
2921 3515 2936 3538 ,
2982 3473 3072 3528 cui
3104 3471 3397 3536 prteiverat

1823 3580 2069 3649 Scaliger
2095 3579 2149 3632 in
2181 3587 2292 3631 not.
2327 3577 2395 3628 ad
2426 3572 2632 3627 Chron.
2675 3568 2898 3629 Euseb.,
2939 3581 2992 3632 p.
3034 3563 3161 3628 9.19,
3197 3561 3404 3615 latetur

1821 3673 2093 3729 Justinum
2120 3669 2382 3724 obtulisse
2406 3665 2477 3720 Μ.
2510 3663 2730 3719 Aurelio
2763 3659 3071 3730 Apologiam
3092 3695 3127 3723 ,i
3151 3657 3246 3712 sed
3265 3671 3397 3711 eant

1821 3766 1986 3822 hodie
2016 3772 2176 3833 nogat
2207 3770 2462 3824 exstare;
2494 3758 2644 3812 illam
2671 3763 3010 3821 autem,qu2
3041 3749 3262 3806 nuncin
3283 3761 3402 3804 ma-

1823 3857 1984 3912 nibus
2011 3864 2093 3910 est
2133 3850 2265 3906 nihil
2296 3851 2441 3905 aliud
2472 3862 2593 3902 esse
2624 3861 2783 3915 quam
2835 3841 3210 3912 prtel'ationem
3245 3854 3275 3893 a
3303 3835 3399 3892 Ju-

1822 3950 1966 4022 stino
1989 3946 2268 4018 prielixam
2299 3940 2490 4011 majori
2519 3939 2812 4009 Apologiw,
2850 3949 3014 4005 quam
3049 3932 3243 3988 obtulit
3281 3932 3397 3985 Anu

1825 4041 2030 4096 tonino.

1897 4135 2078 4186 Ruunt
2121 4129 2238 4184 haec
2282 4126 2599 4195 opinionum
2652 4129 2959 4177 commenta
2997 4131 3123 4171 cum
3175 4113 3398 4169 Eusebii

1823 4222 2171 4286 testimonio,
2218 4219 2310 4290 qui
2364 4219 2568 4273 diserte
2619 4213 2863 4270 declarat
2923 4208 3197 4265 Justinum
3252 4205 3397 4276 apud

1824 4319 2206 4387 imperatorem
2241 4311 2309 4366 id.
2338 4309 2614 4364 Aurelium
2658 4306 2915 4362 Ecclesia:
2939 4317 3163 4362 causam
3194 4301 3394 4368 egisse,

1823 4417 1879 4462 et
1905 4423 1973 4460 ex
2006 4406 2094 4459 illa
2123 4403 2376 4472 Apologia
2403 4414 2464 4455 ea
2501 4399 2652 4463 citat,
2679 4412 2802 4466 qua:
2829 4396 2882 4449 in
2913 4397 3016 4450 hac
3046 4402 3231 4447 nostra
3260 4390 3390 4460 legi-

151 4495 371 4562 locatur,
404 4498 478 4550 ita
512 4507 683 4552 tamen
729 4510 940 4554 constat
989 4502 1344 4570 posteriorem
1379 4519 1521 4570 esse,
1551 4515 1609 4559 ut
1650 4521 1713 4561 ea

1825 4513 1977 4561 mus;
2027 4506 2140 4548 tum
2185 4497 2348 4550 etiam
2393 4491 2743 4547 interioribus
2783 4488 3062 4557 judicandi
3110 4487 3253 4540 notis
3277 4499 3402 4555 quas

153 4588 209 4642 de
238 4605 293 4643 re
319 4591 557 4645 otiosum
597 4591 976 4647 sitdisserero.

216 4679 299 4736 IV.
330 4681 649 4738 lnscribitur
679 4688 886 4740 senatui
923 4687 1035 4741 haec
1065 4688 1281 4754 oratio;
1335 4689 1454 4742 addi
1504 4694 1711 4759 potuis-

153 4784 242 4838 set,
271 4784 330 4829 ut
379 4777 432 4829 in
467 4780 660 4844 prima,
705 4789 753 4832 et
795 4778 986 4846 populo
1030 4779 1285 4833 Romano.
1318 4780 1434 4849 lpsc
1463 4780 1711 4839 Justinus

153 4867 300 4921 initio
349 4865 630 4922 Romanos
676 4869 990 4939 compellat;
1042 4871 1296 4939 deinceps
1340 4881 1518 4926 autem
1563 4874 1709 4930 solos

155 4957 500 5027 imperatores
532 4976 546 5009 :
578 4973 643 5013 ex
691 4975 799 5028 quo
845 4961 1020 5030 colligi
1073 4973 1251 5029 potest
1283 4964 1347 5016 ad
1397 4966 1705 5034 exemplum

155 5053 332 5119 prima:
366 5053 604 5106 oblatam
637 5054 799 5107 fuisse
837 5054 1278 5120 imperatoribus,
1313 5067 1370 5110 ut
1397 5057 1560 5112 libelli
1583 5076 1709 5123 sup-

154 5142 292 5210 plicis
339 5145 630 5212 cognitores
679 5160 885 5208 secum,
939 5147 1385 5213 quemadmodum
1435 5151 1486 5201 in
1533 5152 1705 5217 prima

155 5234 404 5304 loquitur,
442 5235 766 5291 asciscerent
818 5247 1064 5290 senatum
1105 5240 1470 5308 populumque
1509 5243 1708 5297 Roma-

157 5342 294 5384 num.
318 5326 450 5380 Illud
479 5337 658 5380 autem
688 5328 872 5380 mirari
901 5330 1063 5390 subit,
1097 5345 1194 5382 cur
1217 5347 1321 5384 non
1356 5334 1588 5401 postulet
1615 5339 1710 5389 Ju-

157 5419 314 5474 stinus
367 5420 421 5472 in
463 5420 566 5473 hac
599 5420 883 5490 Apologia,
915 5430 972 5473 ut
1015 5420 1310 5478 Christiani
1361 5427 1550 5480 eodem
1602 5431 1711 5482 sint

152 5510 261 5577 itm
280 5527 345 5567 ac
374 5511 564 5581 reliqui
599 5512 879 5577 homines;
909 5527 1007 5566 cur
1041 5530 1142 5568 non
1182 5517 1597 5585 imperatoribus
1619 5523 1714 5575 ob-

153 5605 290 5674 iiciat
336 5605 594 5660 Antonini
639 5605 850 5660 litteras
894 5606 947 5660 in
994 5606 1223 5675 gratiam
1255 5608 1711 5668 Christianorum.

219 5779 257 5812 ’τ
293 5779 450 5852 Apul.
485 5778 541 5845 2,
572 5795 626 5832 n.
660 5777 718 5838 2.
795 5777 840 5811 "
871 5777 934 5837 Ν.
969 5777 1033 5834 Η
1060 5790 1112 5834 et
1147 5779 1213 5836 ib

1823 4604 1890 4643 ex
1925 4590 2040 4656 ipsa
2080 4587 2328 4641 oratione
2355 4587 2644 4640 ducuntur.
2675 4582 2806 4636 Nam
2836 4582 2892 4635 1ο
2928 4579 3172 4641 Justinus
3211 4579 3266 4632 in
3296 4579 3400 4632 hac

1821 4680 2064 4735 secunda
2090 4679 2344 4747 Apologia
2377 4677 2542 4731 multa
2579 4676 2773 4743 tangit,
2806 4688 2926 4742 qua:
2956 4671 3068 4739 jam
3110 4671 3245 4725 alias
3274 4685 3398 4725 sese

1820 4774 2023 4831 indicat
2054 4782 2440 4842 pertractasse,
2489 4770 2587 4823 has
2636 4781 2797 4822 voces
2839 4768 3108 4828 intexens,
3135 4764 3210 4826 ὡς
3236 4763 3396 4835 προέ-

1820 4884 2022 4939 φημεν,
2073 4875 2129 4920 ut
2153 4867 2271 4935 jam
2321 4865 2578 4925 diximus,
2625 4860 2768 4914 velut
2805 4874 2926 4913 cum
2976 4859 3044 4911 de
3074 4857 3275 4911 Christi
3309 4854 3391 4909 ln-

1815 4958 2130 5016 carnatione
2165 4957 2427 5026 loquitur,
2462 4973 2513 5011 n.
2547 4952 2602 5017 6,
2640 4962 2733 5006 aut
2779 4950 2846 5004 de
2887 4948 3183 5013 Heraclito,
3228 4966 3284 5001 n.
3335 4949 3389 5008 8.

1816 5064 1909 5108 aut
1931 5055 1996 5108 de
2022 5053 2203 5108 mundi
2228 5062 2446 5122 propter
2467 5050 2714 5105 homines
2740 5047 3043 5109 creatione,
3078 5061 3131 5098 n.
3163 5044 3218 5098 4.
3237 5045 3394 5109 Quod

1817 5146 1862 5201 si
1897 5147 2008 5200 hazc
2053 5144 2308 5213 Apologia
2355 5142 2598 5210 quaedam
2653 5139 2819 5193 veluti
2869 5137 3115 5205 praefatio
3171 5133 3394 5200 majoris

1817 5237 1935 5298 fuit,
1970 5237 2154 5289 dicere
2185 5230 2662 5294 debuitJustinus,
2716 5239 2772 5281 ut
2817 5230 2972 5282 modo
3006 5227 3260 5288 dicemzu,
3290 5240 3388 5279 ne-

1817 5340 2086 5395 quaquam
2130 5332 2308 5379 autem
2331 5361 2346 5386 ,
2387 5321 2586 5388 utjam
2617 5321 2868 5374 diximus.
2903 5318 3011 5372 Cur
3057 5326 3235 5371 autem
3278 5314 3390 5384 pri-

1817 5437 1962 5477 mam
1995 5422 2298 5491 Apologiam
2329 5422 2506 5476 citans
2534 5416 2780 5473 Justinus
2813 5415 2898 5470 his
2924 5421 3134 5472 tantum
3163 5410 3390 5469 vocibus

1820 5526 2029 5581 utatur,
2080 5529 2135 5568 ut
2173 5515 2289 5584 jam
2327 5513 2600 5577 diximus,
2646 5524 2745 5565 nec
2795 5507 3116 5564 nominatim
3151 5505 3387 5576 appellat

1821 5626 1956 5684 opus
1983 5614 2036 5668 in
2074 5627 2182 5685 quo
2211 5613 2322 5666 haec
2358 5611 2818 5678 pertractaverat,
2848 5602 2904 5659 id
2929 5615 3105 5658 causa:
3127 5599 3336 5655 exstitit
3366 5617 3387 5659 θ
