4120 6412
739 283 848 340 1⁶⁹ι5

1627 281 1687 337 S.
1721 275 2057 334 JUSTINUS
2091 273 2573 332 PHILOSOPHUS
2613 273 2702 327 ET
2731 270 3044 327 MARTYR.

3880 267 3982 322 £56

739 406 996 476 Apologia
1029 407 1206 477 prima
1239 407 1293 462 in
1319 406 1537 461 silentio
1560 414 1615 460 et
1639 405 1911 461 oblivione
1941 421 2046 458 non
2068 402 2307 471 iacebat.
2343 414 2385 461 A
2415 397 2730 468 poslulaVil.
2757 405 2813 450 υι
2844 395 2947 449 Sibi
2977 393 3130 462 ρτὶυε
3160 391 3343 447 άοῐηιιί
3375 405 3484 445 5018
3510 387 3822 458 prospicere
3851 386 3981 440 "ce-

740 497 835 550 sed
865 496 918 550 in
951 497 1230 551 tabulariis
1255 495 1488 566 publicis
1516 495 1758 565 deposita
1778 505 1894 549 erat
1923 511 1986 549 ac
2025 497 2304 549 hominum

740 587 1014 643 mentibus
1071 589 1329 654 hmrebat,
1387 589 1688 658 praesertim
1740 590 2086 658 imperatoris
2141 588 2306 644 Marci

738 676 966 742 Aurelii,
1000 694 1158 746 quem
1187 679 1356 734 latere
1383 695 1488 734 non
1533 690 1743 749 poterat
1777 683 2108 736 Antoninum
2139 679 2307 735 Justi-

737 782 811 821 no
834 769 1065 838 benigne
1088 779 1142 824 et
1176 770 1475 828 liberaliter
1501 778 1778 831 annuisse.
1811 775 2008 832 Eadem
2035 779 2101 833 de
2141 793 2304 832 causa

736 874 934 913 nomen
966 875 1125 916 suum
1156 863 1302 918 brevi
1331 864 1603 935 Ανοιοςίω
1629 881 1732 921 non
1764 869 2063 937 inscripsit,
2097 884 2219 924 cum
2251 869 2302 923 id

734 950 790 1004 in
838 951 1046 1020 majore
1092 968 1198 1008 non
1247 956 1556 1022 omisisset;
1609 960 1734 1028 quia
1768 961 1974 1016 scilicet
2007 973 2165 1015 notus
2185 970 2304 1016 erat

733 1050 846 1095 tum
876 1059 940 1098 ex
973 1045 1090 1113 ipso
1122 1044 1215 1100 illo
1243 1059 1426 1114 opere,
1463 1050 1607 1117 quod
1639 1059 1744 1103 tam
1781 1059 1994 1118 Optatos
2040 1051 2304 1106 habuerat

731 1147 1046 1200 successus,
1077 1145 1188 1190 tum
1223 1153 1287 1192 ex
1321 1140 1486 1204 fama,
1512 1157 1674 1210 quam
1719 1143 1832 1210 ipse
1866 1144 1966 1196 sibi
1999 1146 2141 1197 inter
2180 1145 2304 1214 phi-

731 1221 990 1292 losophos
1011 1225 1244 1281 eruditis
1272 1228 1735 1297 disputationibus
1767 1244 2071 1301 pepererat.

799 1312 860 1366 2·
881 1313 1015 1367 Cum
1048 1315 1265 1371 brevem
1298 1321 1602 1388 Apologiam
1633 1322 1854 1379 oﬂ'erret
1878 1325 2120 1380 Justinus
2141 1365 2155 1389 ,
2183 1327 2296 1396 jam

730 1412 844 1458 tum
876 1405 1184 1462 Crescentis
1215 1409 1266 1462 iu
1297 1426 1420 1465 eum
1445 1413 1569 1467 odia
1603 1414 1916 1483 fervebant;
1953 1420 2094 1473 diem
2123 1435 2188 1474 ex
2213 1421 2299 1475 die

729 1504 1104 1568 exspectabat,
1131 1513 1189 1558 ut
1216 1520 1244 1558 a
1277 1505 1572 1563 Crescente
1603 1511 1654 1564 in
1679 1510 1940 1579 judicium
1979 1514 2174 1583 capitis
2203 1530 2299 1569 vo-

727 1600 986 1656 caretur,
1029 1609 1083 1648 n.
1131 1595 1163 1648 4
1186 1633 1200 1658 ,
1248 1612 1348 1651 nec
1375 1614 1470 1652 sua
1506 1598 1654 1653 illum
1688 1601 1900 1670 decepit
1939 1607 2293 1672 exspectatio,

725 1684 871 1730 teste
901 1677 1158 1751 Eusebio,
1191 1683 1285 1741 lib.
1320 1703 1392 1752 iv,
1423 1704 1474 1744 c.
1501 1691 1586 1745 16.
1619 1690 1800 1757 Quare
1821 1694 1887 1748 ab
1915 1695 2016 1748 hac
2039 1698 2294 1766 Apologia

727 1768 794 1821 ad
817 1766 1014 1826 Justini
1044 1786 1272 1831 mortem
1308 1795 1415 1834 non
1457 1792 1665 1838 tantum
1707 1787 1986 1856 temporis,
2029 1800 2292 1856 quantum

725 1877 756 1916 a
780 1864 980 1934 prima,
1019 1883 1183 1937 quam
1223 1874 1404 1930 multa:
1435 1890 1523 1932 res
1549 1887 1715 1948 gesta
1751 1880 1948 1938 Justini
1991 1897 2294 1942 consecuta:

724 1965 874 2020 sunt,
907 1956 1124 2015 efﬂuere
1149 1965 1345 2032 potuit.

793 2067 850 2122 5⁸
881 2069 938 2125 Si
981 2080 1215 2144 utraque
1261 2078 1519 2151 Apologia
1565 2083 1880 2142 distinctum
1911 2102 1976 2144 ac
2017 2090 2289 2147 diversum

718 2173 890 2231 opus,
929 2173 991 2218 ut
1017 2181 1083 2221 ex
1119 2167 1303 2225 allatis
1338 2174 1607 2230 rationum
1642 2182 1932 2237 momentis
1969 2193 2148 2252 patet,
2198 2202 2292 2241 ne-

719 2262 875 2305 cesse
916 2260 1001 2306 est
1035 2254 1264 2312 alteram
1313 2260 1414 2316 sub
1453 2265 1746 2333 Antonino,
1796 2250 2022 2328 alteram
2071 2277 2173 2331 sub
2217 2277 2288 2333 Μ.

717 2337 942 2397 Aurelio
964 2345 1228 2415 scriptam
1269 2349 1560 2413 fateamur.
1591 2356 1779 2428 Neque
1818 2364 1962 2419 enim
1995 2369 2292 2427 verisimile

717 2430 780 2531 ﬁt
809 2433 1034 2490 missum
1058 2439 1128 2492 ab
1148 2439 1421 2499 Antonino
1447 2448 1500 2502 in
1522 2463 1713 2506 omnes
1745 2457 2054 2522 provincias
2092 2463 2289 2531 aequis-

716 2524 916 2622 simum
944 2530 1183 2586 edictum
1215 2534 1288 2588 ita
1328 2535 1515 2594 Romae
1543 2544 1644 2597 sub
1670 2544 1910 2613 ejusdem
1949 2524 2292 2622 imperatoris

714 2618 1162 2715 oculis_spretum
1193 2633 1249 2680 et
1277 2627 1532 2686 violatum
1565 2633 1753 2706 fuisse,
1789 2647 1847 2694 ut
1876 2618 2066 2697 novam
2092 2647 2288 2715 Apolo-

714 2707 855 2776 giam
885 2707 1136 2769 Justinus
1163 2716 1362 2774 offerre
1384 2735 1690 2792 cogeretur.

784 2799 844 2853 ι·
873 2801 1217 2897 Manifestum
1261 2820 1346 2866 est
1390 2813 1534 2870 inter
1557 2829 1842 2891 utramque
1890 2824 2198 2897 Apologiam
2231 2839 2290 2884 ut

714 2894 981 2963 materiai,
1011 2900 1083 2953 ita
1111 2901 1276 2956 etiam
1308 2911 1613 2974 temporum
1644 2894 1964 2972 discrimen.
1993 2894 2116 2974 Plus
2141 2922 2284 2975 enim

711 2983 994 3044 doloris'et
1016 2993 1184 3047 animi
1213 2993 1462 3052 Justinus
1480 3000 1530 3053 in
1547 3005 1784 3059 secunda
1805 3006 2099 3077 signiﬁcat,
2119 3029 2282 3082 quam

2411 500 2582 544 ret....
2635 490 2810 557 Atque
2845 488 2895 541 id
2941 486 3158 555 quidem
3195 483 3454 538 annuisti.
3494 499 3513 534 ι
3559 479 3689 534 lude
3737 477 3982 533 Valesius

2410 582 2550 635 hanc
2581 582 2887 649 Apologiam
2913 578 3188 633 Antonino
3211 578 3445 632 oblatam
3473 574 3677 644 colligit
3703 591 3718 629 :
3751 582 3806 626 at
3830 588 3980 640 prur-

2406 689 2499 730 sus
2527 674 2817 728 immerito.
2849 671 2981 725 Nam
3010 670 3281 731 Justinus,
3310 685 3365 722 n.
3394 669 3456 731 5,
3495 667 3562 722 Η
3591 675 3646 721 et
3675 666 3762 732 l5,
3795 665 3980 734 plures

2405 764 2715 834 compellat,
2744 772 2799 816 ut
2835 763 2981 831 regia
3013 762 3280 830 potestale
3305 758 3584 827 praeditos.
3611 757 3700 811 Sic
3730 755 3894 810 etiam
3923 754 3977 808 in

2404 857 2548 911 Actis
2603 855 2664 910 S.
2712 854 2915 910 Justini
2969 852 3262 921 praefectus
3314 851 3447 905 dicit
3497 848 3732 912 Justiuo,
3788 862 3844 900 n.
3894 846 3921 900 1
3963 861 3980 899 :

2411 968 2428 1004 ι
2463 949 2646 1004 Primo
2676 949 2779 1004 diis
2803 947 2965 1003 crede
2989 956 3042 1002 et
3064 945 3488 1014 imperatoribus
3514 945 3835 1010 obsequere.
3863 959 3881 992 ι
3911 941 3984 993 At

2404 1041 2544 1096 idem
2577 1056 2744 1095 unum
2769 1048 3201 1102 commemorat,
3235 1039 3360 1091 dum
3397 1035 3722 1090 sententiain
3768 1032 3983 1100 capita-

2404 1133 2508 1188 lem
2535 1132 2783 1200 profert:
2820 1151 2838 1184 r
2874 1131 2974 1198 Qui
3021 1131 3127 1184 diis
3170 1127 3487 1183 sacrificare
3526 1136 3580 1181 et
3630 1122 3984 1194 imperatoris

2403 1230 2676 1291 prarcepto
2703 1235 2897 1290 parere
2927 1219 3243 1282 noluerunt,
3269 1217 3481 1286 ﬂagello
3505 1216 3631 1271 caesi
3664 1217 3731 1270 ad
3769 1214 3985 1284 capita-

2402 1311 2506 1365 lem
2557 1325 2772 1380 poanam
2825 1311 3187 1366 abducantur.
3250 1328 3268 1360 ι
3327 1309 3594 1364 Videntur
3645 1321 3774 1375 ergo
3831 1321 3984 1360 nunc

2402 1418 2586 1468 unus,
2641 1418 2783 1458 nunc
2842 1404 3023 1471 plures
3081 1401 3350 1458 nominari
3421 1401 3774 1470 imperatores
3826 1399 3983 1454 soliti

2399 1494 2595 1558 fuisse;
2644 1509 2745 1549 nec
2786 1496 3014 1563 proinde
3058 1508 3283 1549 necesse
3332 1503 3417 1548 est
3463 1508 3587 1547 cum
3631 1491 3986 1547 Tilleinontio

2401 1587 2539 1640 hanc
2575 1585 2882 1655 Apologiam
2909 1594 3000 1638 aut
3037 1595 3163 1640 ante
3194 1584 3345 1640 Lucil
3373 1584 3604 1638 reditum
3651 1595 3718 1636 ex
3748 1581 3985 1638 Oriente

2399 1687 2634 1746 autpost
2660 1677 2802 1731 illius
2837 1687 3067 1731 mortem
3099 1677 3337 1731 oblatam
3368 1675 3660 1744 suspicari.

2468 1770 2626 1822 Aliud
2681 1779 3056 1839 argumentum
3109 1770 3310 1837 repetit
3367 1768 3611 1824 Valesius
3667 1783 3732 1822 ex
3788 1767 3984 1824 Urbici

2396 1860 2635 1923 neruine,
2666 1877 2827 1931 quem
2851 1863 2952 1916 sub
2984 1862 3256 1917 Antonino
3285 1863 3596 1930 praefectum
3629 1861 3790 1918 Urbis
3806 1862 3984 1916 fuisse

2394 1967 2460 2007 ex
2502 1952 2760 2022 Apologia
2790 1952 2998 2022 Apuleii
3031 1953 3307 2008 Antonino
3341 1954 3522 2008 oblata
3560 1955 3867 2010 contendit.
3904 1955 3985 2008 At

2391 2054 2753 2113 praeterquam
2787 2049 2932 2113 quod
2964 2044 3031 2110 is,
3057 2048 3148 2114 qui
3181 2055 3510 2101 memoratos
3544 2044 3740 2101 Justini
3772 2045 3983 2114 Apolo-

2392 2136 2481 2205 gia
2532 2145 2800 2207 martyres
2851 2137 3155 2202 damnavit,
3204 2139 3447 2207 praetorii
3508 2137 3796 2208 praafectus
3852 2153 3983 2195 esse

2390 2227 2596 2294 potuit;
2639 2228 2774 2282 nihil
2799 2237 2947 2282 vetat
2974 2231 3226 2284 eumdem
3256 2229 3419 2286 Urbis
3446 2230 3755 2299 prazfectuut
3797 2230 3978 2286 fuisse

2391 2319 2493 2374 sub
2536 2321 2811 2375 Antonino
2857 2331 2914 2374 et
2953 2321 3156 2376 Marco.
3201 2322 3456 2392 Apologia
3487 2323 3729 2393 Apuleii,
3763 2331 3820 2376 ut
3865 2325 3980 2377 ob-

2391 2419 2578 2464 servat
2603 2411 3004 2475 Tillemontius,
3035 2415 3134 2467 sub
3159 2412 3340 2468 Marco
3369 2415 3550 2483 potius
3579 2415 3780 2484 scripta
3803 2428 3978 2484 quam

2391 2502 2496 2556 sub
2516 2505 2811 2571 Antonino,
2845 2520 3004 2574 quem
3037 2505 3219 2560 divum
3251 2508 3512 2576 appellat.

2993 2639 3226 2696 CAPUT
3266 2640 3358 2699 IX.

2862 2771 2940 2826 De
2967 2770 3169 2826 Justim’
3201 2775 3476 2842 martyrio.

2387 2882 2426 2932 Ι.
2448 2883 2523 2948 De
2545 2885 2724 2934 Justinl
2766 2887 2813 2933 in
2835 2886 3181 2948 oppugnandis
3227 2887 3534 2948 philosophis
3581 2889 3873 2936 constantia.
3901 2886 3970 2938 II.

2448 2946 2678 2996 Preedicit
2697 2959 2782 2994 eos
2805 2946 2896 2995 sibi
2913 2946 3251 3007 insidiatur-oe,
3273 2946 3629 3008 idque‘evenit.
3647 2949 3732 2998 ιιι.
3745 2949 3819 2998 De
3840 2955 3978 3001 lem-

2448 3022 2570 3070 pore
2593 3013 2647 3057 et
2668 3009 2803 3058 Actis
2826 3011 3063 3070 martyrii.

710 3076 767 3138 in
798 3079 998 3184 pri-ma.
1108 3091 1251 3159 quod
1281 3104 1348 3148 es
1375 3091 1662 3166 utriusque
1689 3099 1914 3156 exordio
1949 3076 2090 3159 satis
2117 3076 2283 3178 appa-
2310 3120 2356 3182 ρ
2456 3110 2502 3167 ι.
2548 3111 2694 3167 Nihil
2737 3112 2951 3168 Justino
2999 3113 3240 3182 optatius
3282 3115 3503 3169 evenire
3536 3122 3769 3184 poterat,
3795 3129 3970 3184 quam

712 3164 818 3230 ret:
859 3177 1173 3237 Crudeliora
1216 3164 1606 3244 commemorat
1647 3193 1701 3247 in
1755 3193 2102 3254 Christianos
2152 3164 2286 3255 laci-

712 3282 880 3336 nera;
911 3282 962 3322 et
996 3287 1116 3327 cum
1150 3274 1204 3330 in
1236 3279 1411 3344 prima
1442 3280 1488 3314 "
1519 3283 1768 3354 dixisset,
1802 3289 2006 3345 nullum
2033 3308 2101 3349 ex
2129 3293 2290 3352 Chri-

708 3359 904 3415 stianis
935 3364 1242 3420 confessum
1274 3383 1396 3426 esse
1425 3372 1492 3427 de
1542 3377 1866 3436 criminibus
1915 3383 2037 3439 huic
2079 3390 2285 3445 nomini

709 3450 924 3544 efﬁctis,
955 3457 1052 3512 sed
1096 3459 1142 3512 si
1173 3463 1297 3529 quis
1327 3464 1396 3518 ob
1426 3466 1606 3523 scelus
1653 3469 1939 3531 damnatus
1967 3479 2056 3544 sit,
2087 3497 2194 3535 non
2226 3493 2286 3537 ut

707 3543 1081 3603 Christianum
1107 3552 1534 3611 condemnatum
1565 3575 1717 3628 esse;
1770 3578 1956 3622 narrat
1997 3543 2050 3623 in
2081 3586 2283 3625 secun-

707 3634 777 3690 da
801 3635 848 3669 ⁶⁶
883 3641 1118 3708 gentiles
1165 3651 1320 3700 tanto
1371 3648 1558 3706 furore
1587 3655 1811 3722 arsisse,
1860 3666 1920 3713 ut
1947 3660 2283 3719 Christiano-

707 3739 827 3780 rum
867 3743 1055 3788 servos
1081 3743 1178 3788 aut
1215 3750 1416 3805 pueros
1443 3750 1540 3797 aut
1569 3745 1919 3806 mulierculas
1949 3755 2282 3822 gravissimis

707 3819 1043 3878 cruciatibus
1071 3824 1316 3882 fabulosa
1347 3831 1432 3884 illa
1456 3834 1685 3890 crimina
1717 3819 1984 3909 cogerent
2005 3845 2278 3903 conﬁteri.

707 3906 844 4009 Iam
878 3912 1098 3971 inimica
1128 3917 1458 3978 Christianis
1483 3931 1730 3996 tempora
1764 3906 1869 3986 non
1895 3933 2154 3993 Antonini
2186 3942 2280 4009 qui

705 3999 816 4056 illis
841 4002 997 4072 favit,
1019 4009 1113 4062 sed
1146 4009 1215 4065 Μ,
1247 4013 1451 4068 Aurelii
1486 4016 1769 4085 imperium
1796 4022 2066 4091 redolent,
2099 3999 2280 4098 qui'ne

705 4098 944 4152 maxime
974 4101 1191 4169 quidem
1222 4103 1483 4163 beneﬂcio
1505 4123 1832 4179 provocatus
1849 4131 2062 4189 aequum
2087 4137 2146 4177 se
2173 4123 2279 4181 illis

704 4191 952 4261 praebuit.

774 4283 975 4340 Lucius
1006 4287 1323 4358 imperator,
1357 4292 1526 4352 Marci
1555 4297 1789 4369 collega,
1821 4303 2012 4359 eodem
2039 4307 2199 4362 modo
2223 4309 2274 4364 in

701 4373 806 4430 hac
836 4378 1094 4449 Apologia
1123 4382 1442 4453 designatur
1464 4403 1529 4442 ac
1552 4389 1605 4443 in
1636 4393 1837 4460 prima.
1879 4394 1971 4452 Sic
1992 4398 2139 4453 enim
2171 4399 2276 4455 Lu-

700 4468 819 4524 cius
849 4483 1059 4543 martyr
1099 4476 1394 4548 alloquitur
1442 4480 1740 4540 Urbicum:
1789 4504 1809 4539 ι
1843 4484 1963 4542 Non
2010 4499 2068 4545 ut
2115 4492 2275 4548 decet

697 4556 854 4614 Pium
893 4562 1278 4632 imperatorem
1305 4608 1323 4636 ,
1365 4587 1470 4626 non
1520 4583 1578 4629 ut
1619 4577 2000 4649 philosophum
2036 4581 2275 4641 Caesaris

699 4649 904 4744 tilium,
945 4668 1052 4710 non
1101 4666 1162 4711 ut
1214 4674 1625 4721 sacrosanctum
1685 4682 1974 4739 senatum,
2023 4674 2271 4744 judieas,

698 4739 918 4802 Urbice.
957 4764 978 4799 ι
1024 4746 1085 4803 Si
1117 4749 1203 4806 his
1247 4752 1299 4808 in
1329 4758 1510 4812 verbis
1559 4774 1664 4814 non
1714 4739 2273 4829 possumus'Lucium

697 4847 807 4925 non
850 4849 1175 4907 agnoscere;
1206 4843 1260 4898 in
1297 4845 1452 4902 titulo
1482 4847 1587 4916 Pii,
1630 4851 1724 4922 qui
1756 4852 1911 4909 alteri
1957 4854 2272 4925 imperatori

696 4924 978 4994 tribuitur,
1007 4945 1116 4986 non
1143 4934 1452 4994 Antoninus
1482 4945 1860 5010 agnoscendus
1890 4956 1992 5010 est,
2021 4924 2116 5003 sed
2133 4947 2272 5004 Mar-

693 5023 819 5082 cus,
850 5019 935 5073 cui
975 5023 1078 5077 etsi
1100 5027 1336 5083 nondum
1369 5041 1592 5088 senatus
1628 5034 1786 5107 hujus
1826 5040 2067 5095 nominis
2096 5039 2268 5095 hono-

695 5121 812 5164 rem
859 5111 1201 5185 decreverat,
1247 5123 1448 5179 mirum
1497 5133 1675 5182 tamen
1726 5138 1822 5185 aut
1861 5131 2265 5190 incommodum

695 5200 870 5257 videri
888 5219 1010 5296 inon
1034 5208 1214 5275 debet,
1246 5212 1294 5268 si
1326 5215 1374 5269 ei
1403 5230 1432 5270 a
1455 5218 1685 5286 privatis
1723 5221 2053 5291 hominibus,
2077 5224 2268 5296 quales

693 5304 857 5351 erant
885 5295 1084 5356 Lucius
1102 5312 1154 5357 et
1185 5302 1449 5373 Justinus,
1477 5309 1737 5366 defertur.

763 5383 919 5442 linus
947 5394 1302 5463 compellatur
1348 5399 1643 5470 imperator
1693 5404 1748 5457 in
1793 5403 1897 5460 hac
1944 5405 2124 5474 Apol.,
2170 5409 2260 5464 ubi

698 5478 766 5534 de
809 5480 1038 5539 muliere
1084 5487 1139 5540 in
1177 5486 1440 5556 judicium
1486 5509 1515 5549 a
1549 5495 1746 5551 marito
1783 5509 1974 5551 vocata
2014 5499 2257 5554 dicitur:

702 5589 723 5625 ι
755 5571 934 5643 Atque
963 5576 1053 5633 illa
1094 5580 1312 5651 quidem
1344 5585 1526 5646 libello
1553 5587 1683 5659 tibi,
1716 5591 2030 5663 imperator,
2076 5594 2258 5650 oblato

2305 4465 2351 4520 D

2390 3215 2514 3277 post
2546 3214 2625 3260 tot
2657 3207 2872 3262 labores
2898 3216 2953 3261 et
2982 3206 3225 3276 pericula
3267 3207 3433 3261 vitam
3466 3207 3638 3276 ipsam
3670 3222 3769 3277 pro
3799 3207 3973 3262 Chri-

2391 3310 2478 3355 sto
2505 3301 2856 3370 profundere.
2892 3301 3043 3356 lllum
3077 3303 3384 3356 constantia
3438 3299 3875 3358 Christianorum
3907 3301 3968 3355 in

2388 3399 2728 3454 cruciatibus
2768 3396 3110 3467 perferendis
3157 3410 3352 3466 magna
3392 3411 3456 3452 ex
3489 3408 3645 3465 parte
3677 3410 3972 3468 permove-

2390 3499 2476 3545 rat
2508 3493 2574 3544 ad
2618 3488 3049 3558 amplectendam
3100 3487 3420 3556 religionem
3451 3488 3841 3556 Christianam,
3878 3493 3970 3546 ei-

2387 3597 2492 3652 que
2518 3589 2863 3651 persuaserat
2909 3594 3003 3634 eos
3039 3579 3284 3636 insontes
3325 3589 3382 3634 et
3427 3595 3592 3648 puros
3628 3595 3750 3635 esse
3782 3595 3811 3634 a
3847 3581 3968 3636 cri-

2387 3673 2648 3734 minibus,
2676 3685 2796 3741 quzr
2827 3669 2934 3724 illis
2963 3668 3380 3740 alIiugebantur.
3409 3667 3465 3724 In
3497 3669 3836 3726 defendenda
3866 3687 3964 3726 re-

2385 3763 2586 3834 ligione
2620 3762 2665 3794 “
2705 3759 3005 3830 sepissime
3035 3763 3138 3814 hoc
3168 3770 3491 3828 argumento
3535 3762 3727 3830 utitur,
3759 3778 3964 3833 nempe

2383 3853 2824 3912 Christianorum
2857 3851 2910 3905 in
2942 3850 3278 3906 cruciatibus
3310 3850 3652 3922 perferendis
3688 3862 3966 3910 constan-

2385 3948 2485 4012 tia,
2519 3954 2578 4000 ut
2607 3943 2900 4000 discrimen
2936 3957 3092 3998 nova:
3125 3957 3191 3998 ac
3225 3945 3438 4000 veteris
3487 3943 3624 4014 legis
3675 3947 3958 4012 ostendat,

2380 4049 2437 4095 et
2465 4046 2875 4101 testamentum,
2899 4039 3042 4105 quod
3097 4038 3227 4091 olim
3287 4036 3427 4091 Deus
3474 4039 3823 4106 promiserat,
3851 4040 3959 4092 im-

2379 4131 2582 4201 pletum
2630 4139 2683 4187 et
2727 4128 2980 4184 omnibus
3027 4132 3380 4198 conspicuum
3432 4145 3556 4185 esse
3589 4132 3953 4186 demonstret.

2379 4219 2503 4279 Uno
2536 4219 2701 4274 verbo
2725 4229 2838 4273 tota
2882 4217 3084 4273 Justini
3112 4221 3220 4273 vita
3253 4220 3533 4273 meditatio
3566 4222 3817 4290 quaedam
3848 4237 3951 4276 ex-

2377 4313 2520 4368 st-itit
2553 4313 2826 4382 martyrii.
2861 4310 3071 4365 Nullam
3116 4313 3375 4366 docendae
3411 4313 3658 4366 veritatis
3705 4315 3957 4368 occasio-

2378 4419 2502 4460 nem
2558 4402 3031 4475 praetermittebat,
3080 4417 3297 4470 semper
3355 4419 3582 4472 sperans
3642 4406 3840 4458 bonam
3893 4421 3956 4462 se

2381 4505 2582 4550 terram
2621 4496 2988 4560 inventurum,
3021 4509 3087 4547 ac
3137 4493 3232 4548 Dei
3274 4493 3539 4562 judicium
3595 4506 3865 4564 metuens,
3903 4497 3954 4552 si

2373 4599 2474 4656 per
2505 4585 2680 4654 ipsum
2717 4586 2982 4648 stetisset,
3019 4585 3310 4653 quominus
3356 4585 3551 4654 aliquis
3605 4590 3671 4640 ad
3701 4588 3954 4646 veritatis

2374 4677 2740 4746 cognitionem
2767 4677 3096 4746 perveniret.
3134 4677 3414 4731 Neminem
3443 4680 3729 4744 reveritus,
3755 4681 3955 4736 etiam-

2373 4767 2420 4822 si
2452 4781 2484 4822 e
2515 4767 2744 4837 vestigio
2777 4769 3010 4838 discerpi
3043 4769 3402 4836 eportuisset,
3454 4785 3620 4823 unum
3677 4771 3729 4824 id
3767 4773 3952 4827 studio

2371 4860 2629 4924 habebat,
2665 4869 2722 4913 ut
2753 4876 2938 4914 verum
2987 4860 3042 4915 in
3083 4861 3345 4916 omnibus
3381 4861 3612 4917 diceret.
3642 4862 3776 4916 Cum
3805 4865 3952 4930 Apo-

2371 4952 2568 5022 logiam
2599 4951 2816 5007 offerret
2841 4967 2937 5023 pro
2971 4952 3254 5016 fratribus,
3288 4964 3453 5022 atque
3501 4957 3763 5011 audacter
3792 4968 3950 5024 pete—

2372 5052 2454 5100 ret
2505 5053 2564 5097 ut
2614 5042 2680 5095 ad
2731 5046 2863 5097 Acta
2928 5045 3332 5113 deponeretur;
3375 5056 3572 5114 printer
3605 5047 3948 5115 periculum,

2370 5138 2516 5206 quod
2559 5135 2631 5191 illi
2685 5137 2755 5190 ab
2805 5136 2906 5190 hac
2962 5136 3181 5207 egregia
3241 5139 3454 5193 actione
3505 5140 3852 5207 imminebat,
3889 5143 3946 5196 in

2374 5228 2524 5283 aliud
2580 5243 2637 5282 se
2683 5228 2798 5298 ipse
2841 5228 3183 5298 conjiciebat,
3223 5229 3626 5296 Samaritanus,
3659 5248 3782 5300 qua:
3811 5249 3947 5302 gens

2375 5318 2620 5388 improba
2653 5329 2770 5373 erat
2805 5329 2859 5373 et
2890 5322 2956 5374 ad
2983 5335 3143 5375 omne
3198 5320 3413 5376 facinus
3445 5333 3654 5390 parata,
3681 5325 3858 5393 palam
3889 5336 3944 5381 et

2371 5421 2561 5479 aperte
2598 5411 2917 5475 incusaudo,
2948 5412 3091 5481 quod
3141 5414 3350 5468 homini
3378 5431 3537 5486 mago
3591 5417 3790 5472 sumini
3845 5417 3943 5478 Dei

2369 5501 2584 5554 titulum
2610 5511 2665 5557 et
2694 5503 2953 5557 honorem
2980 5501 3342 5560 deferrent".

2437 5593 2544 5649 Sed
2580 5593 2726 5651 haud
2746 5594 2862 5650 scio
2888 5607 2956 5651 an
2990 5593 3247 5667 impavidi
3275 5598 3440 5655 animi
3471 5600 3766 5658 maximum
3811 5616 3937 5673 spe.

764 5693 815 5729 ὀ
851 5693 915 5755 Ν.
945 5697 1086 5768 2,7,
1119 5703 1174 5761 ε.
1251 5705 1381 5764 “N.
1419 5709 1505 5768 is.
1582 5713 1795 5785 “Apol.
1832 5717 1887 5786 2,
1924 5717 2097 5774 ιι.12.
2145 5721 2188 5752 ο·
2221 5719 2282 5776 Di

2388 5737 2425 5793 ς.
2461 5734 2513 5777 Π.
2555 5723 2678 5781 120.
