4120 6440
186 321 292 377 15⁸1
1162 316 1229 377 D.
1263 318 1530 375 MARANI
1566 319 1762 375 PRIEF

1865 319 1960 376 ⁵10.
1985 350 2055 362 —-
2086 319 2268 378 PARS
2300 318 2391 379 ΙΙΙ.
3345 327 3451 385 458

184 441 372 497 eimen
402 440 638 499 ediderit
661 438 924 513 Justinus,
954 456 1079 499 cum
1123 443 1480 514 philosophos
1537 446 1759 501 adortus
1789 449 1837 507 Α
1865 445 2207 501 Christianos
2237 443 2550 500 sacriﬁcare
2579 451 2865 515 cogerent,
2884 452 2982 501 aut
3010 446 3205 504 saltem
3230 447 3450 519 judices

185 541 298 587 est.
356 530 422 586 Hi
466 546 595 587 cum
650 532 1003 601 imperatoris
1058 534 1300 590 animum
1329 536 1382 590 in
1410 534 1764 592 Christianos
1869 545 2083 609 gratum
2113 551 2173 592 se
2200 535 2279 592 illi
2323 534 2575 591 facturos
2607 551 2887 607 sperasse,
2920 538 2967 595 si
3011 553 3074 595 se
3116 541 3185 594 ah
3232 556 3298 597 eo
3332 544 3448 597 haec

187 624 584 689 incenderent,
637 638 703 684 ac
749 624 1106 695 philosophia:
1163 626 1381 681 nomine
1406 634 1461 681 et
1490 626 1761 681 virtutum
1866 627 2121 684 mandata
2155 628 2359 684 habere
2393 627 2661 682 dicerent.
2698 627 2791 683 Sic
2819 630 2989 685 enim‘
3016 629 3279 687 Rusticus
3308 649 3449 702 prae-

183 717 511 773 simulacris
566 720 945 774 auctoritatem
998 717 1362 792 iniquissimis
1412 719 1768 775 criminatio-

190 810 360 866 nibus
380 808 768 877 conciliarent;
800 811 1033 867 detraxit
1052 810 1168 866 illis
1197 810 1395 881 pellem
1425 810 1677 868 Justinus
1704 830 1768 870 ac

193 901 501 957 introrsum
560 902 921 973 turpissimos,
979 900 1271 973 fraudique
1302 913 1357 958 et
1383 902 1525 974 gulae
1553 904 1767 960 deditos

193 1007 322 1049 esse
352 993 750 1049 demonstravit
779 994 846 1050 ⁸⁸.
879 992 1067 1065 Itaque
1107 1009 1173 1051 eo
1204 1004 1479 1066 tempore,
1524 1012 1634 1067 quo
1667 1014 1765 1068 per

196 1094 375 1140 totum
405 1085 594 1140 orbem
625 1086 872 1157 quisquis
894 1102 923 1141 a
946 1086 1263 1144 Christiano
1292 1090 1665 1159 reprehensus
1694 1093 1764 1147 oh

192 1178 394 1232 delicta
419 1176 596 1233 fuerat
613 1178 680 1244 “,
697 1178 1101 1236 incommodum
1128 1181 1455 1238 monitorem
1482 1182 1763 1253 perfacile,

204 1269 433 1323 nomine
480 1269 627 1327 illius
676 1270 991 1338 deferendo,
1032 1271 1279 1340 tollebat,
1332 1276 1763 1343 exspectandum

192 1359 297 1416 luit
320 1360 544 1417 Justino
581 1372 642 1417 ut
675 1362 746 1419 ah
774 1378 982 1430 mrum,
1009 1380 1150 1435 quos
1186 1368 1641 1438 reprehenderat,
1667 1372 1769 1425 nli-

189 1469 300 1523 quo
324 1453 380 1507 in
403 1452 671 1522 judicium
704 1466 1014 1512 vocaretur.
1064 1456 1159 1515 Sic
1189 1461 1309 1531 ipse
1341 1469 1577 1517 mentem
1608 1476 1763 1516 suam

193 1546 399 1611 aperit,
442 1547 596 1615 Apol.
629 1548 685 1612 2,
717 1563 869 1603 num.
897 1548 967 1605 ὅτ
1000 1570 1020 1603 s
1055 1550 1167 1621 Ego
1200 1552 1366 1607 etiam
1402 1564 1678 1624 exspecto,
1707 1563 1766 1608 ut

192 1640 266 1693 ab
294 1654 489 1693 eorum
520 1655 657 1711 quos
682 1640 791 1697 dixi
826 1641 1006 1715 aliquo
1030 1643 1239 1701 insidiis
1260 1657 1490 1716 appetar
1508 1658 1564 1703 et
1585 1648 1649 1701 ad
1675 1649 1767 1702 sti-

189 1732 363 1799 pitem
387 1728 603 1801 aﬁigar,
632 1741 727 1787 aut
775 1744 923 1790 certe
960 1736 1030 1792 ab
1067 1736 1158 1793 illo
1188 1742 1455 1809 strepitus
1481 1748 1539 1795 et
1569 1750 1762 1797 osten-

193 1824 424 1878 talionis
448 1835 696 1880 amatore
724 1826 1035 1885 Crescente.
1082 1849 1102 1884 ι

264 1913 331 1970 ιι.
365 1917 447 1971 Ex
477 1918 653 1973 variis
706 1920 1011 1989 suppliciis,
1055 1937 1178 1991 quas
1227 1922 1561 1978 Christianis
1592 1920 1760 1993 inlligi

190 2007 465 2072 solebant,
492 2024 661 2063 unum
705 2009 923 2079 aliquod
958 2011 1224 2076 Justinus,
1260 2012 1463 2081 stipite,
1490 2013 1763 2081 designat,

192 2111 254 2156 ut
283 2103 594 2169 generatim
638 2102 841 2159 indicet
874 2119 932 2159 se
964 2103 1310 2162 inimicorum
1339 2105 1554 2162 insidiis
1596 2106 1760 2161 vitam

196 2195 553 2251 amissurum.
602 2194 693 2251 Sic
742 2192 1111 2252 Tertullianus
1156 2198 1309 2252 varia
1347 2199 1617 2267 supplicia
1652 2214 1759 2253 uno

194 2283 489 2352 appellato,
523 2285 780 2341 nimirum
808 2286 953 2355 igne,
974 2289 1386 2358 comprehendit
1406 2288 1451 2321 ⁸⁵
1480 2307 1495 2343 :
1536 2308 1555 2341 ι
1587 2288 1763 2345 Caete-

196 2390 340 2441 rum,
366 2376 569 2445 inquit,
608 2380 653 2433 si
675 2392 743 2433 ex
778 2379 1136 2445 conscientia,
1166 2396 1273 2450 qua
1298 2381 1506 2437 scimus
1545 2382 1637 2437 Dei
1665 2398 1762 2435 no-

197 2483 318 2523 men
347 2478 407 2525 et
430 2470 644 2526 Domini
669 2480 725 2526 et
752 2469 901 2527 Patri
944 2480 1001 2527 et
1047 2472 1183 2528 Filio
1222 2484 1277 2528 et
1304 2474 1531 2542 Spiritui
1556 2489 1759 2529 conve-

198 2559 335 2627 nire,
370 2560 506 2617 deos
550 2573 604 2619 et
650 2563 897 2620 dominos
938 2566 1369 2629 nominaremus,
1402 2565 1729 2620 exstinxisse

198 2667 316 2707 tuus
343 2651 497 2708 faces
534 2664 753 2709 nostras
793 2656 959 2710 etiam
998 2658 1067 2710 ad
1118 2656 1379 2727 martyria
1435 2655 1758 2717 timidiores,

196 2746 398 2815 quibus
429 2744 693 2801 evadendi
718 2761 936 2817 quoque
969 2756 1181 2819 pateret
1216 2745 1762 2815 occasiojurautibus

198 2834 383 2888 statim
431 2848 531 2904 per
570 2834 703 2891 deos
739 2844 790 2891 et
843 2837 1115 2903 dominos,
1148 2847 1208 2892 ut
1237 2837 1461 2907 quidam
1490 2836 1758 2902 haeretici,

196 2938 431 2994 quorum
475 2926 551 2981 dii
604 2928 811 2997 plures.
851 2946 871 2981 ι
910 2927 1055 2985 Idem
1090 2931 1194 2985 hoc
1222 2930 1345 2987 loco
1373 2928 1579 2985 factum
1604 2944 1634 2982 a
1662 2927 1761 2985 Ju-

1867 720 2039 777 fectus
2058 718 2271 775 Justan
2292 719 2590 775 dicebat":
2612 718 2839 791 Πρῶτον
2868 722 3125 795 πείσθητι
3157 727 3270 789 τοῖς
3305 724 3446 789 θεοῖς

1866 813 1961 867 καὶ
1990 812 2297 867 ὑπάκουσον
2327 813 2440 875 τοῖς
2488 809 2818 881 βασιλεῦσιν·
2860 831 2879 864 ι
2915 813 3101 869 Primo
3146 816 3251 871 diis
3282 818 3446 872 crcde

1867 915 1923 962 et
1954 905 2375 973 imperatoribus
2428 903 2755 973 obsequere.
2794 923 2814 956 ι
2855 905 3155 977 Postquam
3180 922 3241 963 se
3271 909 3322 962 in
3350 907 3443 964 Ju-

1868 1000 2011 1055 stino
2056 1008 2112 1055 et
2144 996 2309 1053 sociis
2356 996 2478 1066 ejus
2509 1010 2733 1065 cperam
2783 996 2975 1052 ludere
3030 998 3443 1065 animadvertit,

1867 1086 2123 1159 prtecepit
2176 1096 2234 1140 ut
2282 1086 2371 1154 qui
2426 1084 2528 1139 diis
2574 1083 2912 1148 sacrificare,
2974 1095 3028 1139 et
3082 1087 3441 1155 imperatoris

1867 1189 2137 1249 prazcepto
2154 1177 2223 1240 ⁸⁸,
2268 1174 2348 1247 τῷ
2382 1174 2475 1229 τοῦ
2500 1173 2899 1245 αὐτοκράτορος
2923 1176 3324 1247 προστάγματι,
3343 1193 3444 1248 pa-

1867 1286 1989 1328 rere
2032 1272 2343 1336 noluerant,
2403 1269 2470 1323 ad
2522 1268 2755 1338 capitale
2812 1268 3142 1339 supplicium
3201 1270 3444 1326 abduce-

1865 1378 1963 1421 ten
1973 1374 2077 1417 tur.

1938 1454 2050 1512 Sub
2082 1465 2186 1509 tam
2210 1454 2422 1509 infenso
2445 1451 2777 1508 Christianis
2802 1450 3139 1522 imperatore
3161 1456 3295 1511 satis
3324 1464 3445 1512 erat

1866 1548 2157 1605 Christiani
2192 1562 2387 1601 nomen
2423 1545 2657 1608 deferre,
2691 1554 2748 1598 ut
2794 1545 2978 1599 statim
3030 1559 3343 1613 necaretur,
3394 1550 3442 1604 si

1866 1656 1926 1697 se
1960 1638 2314 1696 conﬁteretur
2363 1652 2483 1693 esse
2529 1636 2929 1691 Christianum.
2979 1638 3207 1692 Videtur
3256 1648 3439 1694 tamen

1865 1735 2135 1790 Crescens
2161 1734 2215 1787 in
2233 1731 2535 1788 occidendo
2552 1729 2768 1786 Justino
2791 1732 2911 1801 plus
2940 1734 3140 1801 negotii
3165 1733 3440 1799 habuisse,

1865 1840 2027 1894 quam
2058 1824 2101 1879 si
2126 1840 2295 1878 unum
2326 1838 2358 1879 e
2384 1822 2570 1877 multis
2594 1836 2884 1893 aggressus
2910 1822 3127 1879 fuisset.
3162 1824 3445 1880 Machina-

1866 1916 2067 1972 tionem
2094 1916 2240 1969 enim
2271 1915 2561 1985 quamdam
2587 1925 2641 1969 et
2668 1916 2916 1971 occultas
2946 1917 3253 1974 molitiones
3300 1920 3441 1974 iudi-

1864 2016 1957 2063 cat
1984 2005 2267 2074 Tatianus,
2300 2007 2429 2061 dum
2478 2007 2555 2062 ait
2593 2007 2942 2063 Crescentem
2981 2027 3001 2060 ς
3037 2008 3257 2065 Justino
3287 2026 3440 2066 mor-

1867 2109 1970 2153 tem
2001 2101 2173 2154 instar
2206 2100 2444 2168 ingentis
2472 2101 2596 2154 mali
2655 2102 3027 2157 machinatum
3080 2100 3275 2167 fuisse,
3314 2122 3335 2155 r
3362 2102 3442 2169 ὡς

1861 2194 1958 2249 καὶ
1980 2194 2257 2250 Ἰουστῖνον
2288 2193 2534 2267 καθάπερ
2568 2195 2787 2267 μεγάλῳ
2808 2194 2961 2267 κακῷ
2991 2195 3067 2268 τῷ
3102 2196 3316 2269 θανάτῳ
3352 2214 3446 2252 πε-

1866 2287 2101 2359 ριϐαλεῖν
2142 2285 2685 2357 πραγματεύσασθαι.
2734 2288 2898 2344 Forte
2925 2289 3147 2345 virtutis
3178 2298 3233 2344 et
3255 2291 3441 2345 erudi-

1867 2379 2029 2434 tionis
2058 2377 2203 2431 fama
2237 2377 2444 2447 aliquid
2473 2378 2665 2448 gratia:
2692 2377 2912 2434 Justino
2936 2379 3355 2448 conciliaverat,
3385 2388 3441 2438 et

1865 2471 2212 2541 imperatoris
2254 2484 2317 2525 ac
2348 2471 2597 2541 judicum
2646 2472 2861 2534 animos
2888 2472 2954 2526 ad
2992 2482 3202 2529 tantum
3234 2475 3438 2542 virum,

1863 2575 2021 2630 quem
2078 2560 2442 2616 Christianum
2491 2577 2614 2617 esse
2650 2578 2754 2618 non
2804 2564 3219 2635 ignorabant,e
3248 2567 3434 2623 medio

1863 2651 2160 2705 tollendum
2196 2652 2465 2706 tardiores
2506 2651 2761 2708 faciebat.

1932 2742 2022 2799 lll.
2059 2744 2315 2799 Testatur
2352 2744 2625 2799 Eusebius
2656 2745 2983 2817 martyrium
3012 2744 3213 2803 Justinl
3241 2760 3443 2803 secun~

1862 2838 1989 2892 dam
2052 2838 2365 2907 Apologiam
2414 2839 2671 2907 proximo
2722 2839 3017 2895 intervallo
3084 2842 3440 2896 subsecutum

1861 2946 2006 2989 esse.
2045 2933 2138 2986 Ait
2187 2932 2331 2986 enim
2382 2932 2530 2986 illum
2575 2932 2631 2985 in
2664 2931 2770 2987 hac
2814 2932 3074 3003 Apologia
3115 2933 3440 3003 praedixisse

197 3026 375 3092 stino;
409 3026 732 3097 martyrium
780 3040 811 3080 a
866 3040 925 3083 se
971 3028 1279 3097 exspectari
1329 3026 1636 3098 signiﬁcat,
1696 3040 1762 3080 ac
1861 3023 2069 3080 exitum
2104 3022 2230 3078 vita:
2276 3034 2389 3079 suae
2436 3035 2595 3090 prout
2635 3035 2749 3079 erat
2798 3025 2902 3091 ipsi
2944 3024 3245 3093 propediem
3285 3040 3440 3080 even.

199 3131 360 3171 tutum
385 3125 481 3171 aut
525 3118 755 3172 alterum
801 3120 869 3175 de
912 3120 1097 3176 multis
1131 3121 1455 3190 supplicium
1486 3123 1751 3181 nominat.

1865 3128 2029 3180 turus,
2059 3116 2247 3189 ὥσπερ
2270 3110 2361 3170 οὖν
2396 3116 2489 3171 καὶ
2521 3116 2743 3188 ἔμελλεν
2773 3117 2898 3171 ὅσον
2929 3115 3083 3171 οὔπω
3112 3116 3240 3189 περὶ
3272 3116 3441 3169 αὑτὸν

199 3205 466 3263 Solebant
512 3208 658 3263 enim
701 3208 768 3265 ad
800 3209 1042 3281 stipitem
1074 3210 1288 3280 alligari
1314 3220 1369 3266 et
1400 3211 1495 3281 qui
1530 3211 1675 3280 igne,
1706 3221 1763 3267 ut

200 3298 252 3352 lu
279 3296 631 3354 adnotatione
661 3300 726 3355 ad
758 3303 901 3357 hunc
943 3300 1125 3357 locum
1157 3302 1472 3366 observavi,
1527 3304 1761 3360 combu-

200 3387 350 3442 rendi
384 3396 568 3455 erant,
600 3398 656 3445 et
697 3390 789 3459 qui
814 3373 1003 3446 bestiis
1030 3392 1406 3448 tradebantur.
1442 3391 1596 3449 Unde
1624 3392 1762 3449 Ter-

201 3478 478 3543 tullianus,
502 3478 597 3533 lib.
618 3478 695 3535 De
728 3481 933 3551 pudic.,
956 3496 1006 3538 c.
1038 3482 1128 3548 2‘2,
1160 3482 1241 3537 sic
1267 3482 1543 3553 loquitur:
1576 3503 1595 3537 ι
1626 3484 1761 3539 Puta

201 3586 342 3627 nunc
366 3571 469 3626 sub
496 3570 700 3641 gladio,
750 3574 929 3643 capite
972 3575 1209 3643 librato;
1246 3587 1375 3646 puta
1409 3578 1463 3632 in
1494 3578 1761 3648 patibulo,

197 3663 305 3734 jam
326 3665 507 3734 capite
530 3680 804 3734 expanso;
830 3676 955 3736 puta
991 3666 1044 3721 in
1073 3667 1282 3736 stipite,
1311 3668 1419 3740 iam
1448 3670 1607 3725 leone
1630 3685 1761 3727 con-

202 3768 391 3820 cesso;
425 3766 553 3824 puta
580 3755 635 3809 in
667 3771 790 3822 axe,
828 3756 939 3825 jam
970 3754 1224 3816 incendio
1253 3768 1533 3829 astructo;
1562 3762 1615 3816 in
1645 3762 1758 3832 ipsa

203 3843 320 3900 dico
365 3845 658 3901 securitate
681 3855 736 3902 et
777 3850 1124 3918 possessione
1168 3852 1438 3925 martyrii,
1481 3853 1604 3924 quis
1631 3868 1759 3924 per-

204 3938 365 3993 mittit
394 3938 599 3993 homini
631 3940 833 3996 donare
874 3956 994 4011 qua:
1025 3942 1135 4000 Deo
1172 3945 1497 4000 reservanda
1531 3946 1699 4002 sunt?
1736 3966 1755 3999 ι

204 4025 257 4083 In
288 4029 405 4099 ipsa
437 4044 541 4084 axe
590 4029 957 4101 alligabantur
1004 4034 1073 4089 ad
1121 4034 1362 4105 stipitem
1415 4037 1509 4107 qui
1539 4039 1763 4093 combu-

207 4123 351 4177 rendi
377 4131 557 4187 erant,
592 4132 652 4177 ut
680 4137 750 4177 ex
772 4124 879 4179 alio
903 4124 1224 4182 Tertulliani
1258 4127 1593 4197 testimonio,
1618 4132 1761 4200 quod

206 4215 256 4269 iu
278 4214 621 4270 adnotatione
651 4216 829 4282 retuli,
874 4218 1219 4274 manifestum
1249 4230 1356 4275 est.
1386 4218 1661 4276 Viduam.
1696 4222 1759 4279 S.

208 4303 509 4377 Polymnii,
543 4322 599 4360 ιι.
622 4306 709 4372 ﬂ,
744 4313 801 4362 et
829 4308 892 4363 S.
928 4306 1165 4379 Philippi
1197 4310 1439 4377 Heracl.,
1461 4328 1516 4368 η.
1546 4313 1635 4372 13.
1668 4313 1763 4370 Ju-

207 4399 328 4455 stini
372 4398 540 4458 verba
572 4400 715 4459 haud
746 4403 911 4458 aliter
964 4404 1235 4461 intellexit
1277 4405 1758 4478 Eusebius“,.qui

210 4502 263 4547 ut
295 4494 487 4563 probet
532 4493 586 4551 id
614 4495 759 4565 quod
795 4497 1113 4565 providerat
1136 4496 1387 4554 Justinus
1419 4500 1493 4555 ita
1515 4500 1765 4557 evenisse

207 4595 263 4638 ut
288 4585 636 4653 praedixerat,
682 4586 943 4657 martyrio
1009 4586 1162 4644 illum
1216 4598 1538 4647 coronatum
1593 4590 1764 4647 fuisse

209 4684 500 4739 asseverat,
551 4686 608 4732 et
656 4672 872 4733 Tatiani
914 4679 1229 4741 testimonio
1269 4680 1461 4747 utitur,
1510 4680 1601 4751 qui
1657 4682 1763 4739 hoc

211 4774 413 4820 tantum
459 4767 613 4835 dicit,
658 4780 888 4825 mortem
922 4770 1137 4830 Justinn
1161 4771 1510 4830 Crescentem
1544 4776 1759 4830 machi-

210 4866 384 4911 natum
431 4857 619 4915 l'uisse.
680 4860 759 4915 Ex
794 4875 901 4931 quo
944 4874 1094 4931 patet
1130 4865 1216 4920 his
1262 4866 1465 4932 verbis,
1507 4865 1585 4938 τῷ
1619 4865 1759 4942 ξύλῳ

212 4948 538 5020 ιμταιτῆναι,
564 4961 792 5009 mortem
832 4956 1141 5013 certissime
1176 4959 1473 5031 designari,
1509 4976 1614 5015 non
1658 4959 1757 5015 lla-

212 5041 336 5111 gella
390 5050 597 5098 tantum
658 5055 753 5099 aut
816 5063 1097 5118 nervum;
1147 5067 1214 5107 ac
1273 5053 1528 5123 supplicii
1586 5067 1759 5122 genus

214 5133 435 5202 exempli
463 5149 626 5191 causa
659 5136 951 5207 nominari,
979 5150 1041 5197 ut
1076 5144 1395 5216 martyrium
1453 5145 1758 5217 generatim

215 5225 501 5295 signiﬁcem
510 5241 555 5280 r.

276 5318 513 5375 Marcum
539 5319 819 5381 Aurelium
848 5336 1097 5385 recenset
1146 5325 1540 5395 Tertullianus,
1577 5329 1761 5399 Apol.,

218 5424 259 5465 c.
289 5411 342 5477 5,
368 5411 513 5469 inter
538 5428 633 5469 eos
664 5416 1040 5487 imperatores.
1082 5434 1111 5474 a
1144 5420 1346 5491 quibus
1393 5421 1540 5490 leges
1566 5421 1765 5475 adver—

218 5514 297 5557 sus
337 5502 686 5562 Christianos
739 5508 963 5565 sancite
1010 5526 1114 5565 non
1163 5510 1403 5569 fuerunt.
1438 5511 1546 5567 Sed
1585 5520 1767 5567 tamen

1865 3208 2259 3280 συμϐήσεσθαι.
2317 3206 2546 3263 Passum
2592 3206 2865 3262 Iustinum
2918 3207 3065 3262 circa
3098 3222 3298 3262 annum
3334 3206 3446 3263 168

1864 3301 2144 3359 existimat
2184 3300 2585 3363 Tillemontius,
2638 3301 2767 3368 quia
2815 3300 3085 3355 Eusebius
3117 3299 3262 3355 illius
3289 3314 3440 3354 Inar-

1865 3395 2066 3465 tyrium
2124 3391 2297 3447 refert
2326 3399 2447 3461 post
2476 3390 2536 3445 S.
2568 3390 2853 3463 Polycarpi
2895 3392 3233 3461 passionem,
3273 3408 3438 3462 quam

1866 3484 2034 3539 multa
2091 3484 2362 3539 rationum
2425 3491 2701 3536 momenta
2732 3483 2800 3537 ad
2837 3497 3040 3537 annum
3078 3483 3180 3537 166
3234 3483 3442 3538 referre

1864 3586 2086 3646 cogunt,
2116 3587 2171 3631 et
2204 3586 2333 3632 ante
2362 3576 2577 3632 Aniceti
2608 3586 2863 3642 mortem,
2894 3590 3062 3645 quam
3104 3576 3219 3647 ipse
3272 3576 3440 3631 Euse—

1863 3669 1986 3724 bius
2019 3669 2086 3724 ad
2118 3667 2451 3724 annnm168
2503 3666 2853 3723 referendam
2907 3668 3085 3722 duxit.
3138 3668 3216 3722 Eo
3269 3668 3443 3731 liben-

1864 3763 1972 3817 tius
2016 3762 2285 3817 assentior
2318 3759 2533 3815 erudito
2573 3758 2716 3824 viro,
2766 3759 2913 3828 quod
2966 3759 3111 3814 illius
3161 3760 3441 3814 sententia

1865 3871 1987 3911 cum
2020 3863 2131 3908 tota
2172 3867 2353 3908 rerum
2380 3865 2411 3905 a
2440 3848 2653 3906 Justino
2686 3860 2971 3921 gestarum
3004 3852 3147 3908 serie
3175 3851 3439 3919 przeclare

1863 3944 2117 4017 quadrae

1933 4038 2067 4091 Acta
2092 4036 2335 4106 martyrii
2373 4033 2434 4090 S.
2467 4033 2676 4089 Justini
2722 4033 2953 4105 ejusque
2980 4034 3260 4091 sociorum
3293 4036 3440 4091 inter

1864 4143 1927 4184 ea
1954 4137 2311 4183 numerantur
2332 4126 2401 4182 ab
2423 4128 2677 4192 eruditis,
2704 4142 2827 4196 quae
2851 4129 3091 4182 maxime
3132 4128 3347 4183 sincera
3375 4142 3441 4184 ac

1864 4235 1999 4291 pura
2031 4228 2176 4277 sunt.
2214 4218 2272 4273 Si
2312 4218 2552 4288 excipias
2582 4226 2815 4286 quatuor
2856 4218 3068 4287 priores
3095 4216 3295 4285 lineas,
3320 4232 3441 4287 quae

1865 4313 2039 4369 instar
2065 4309 2403 4381 praefationis
2428 4309 2626 4363 addita:
2670 4307 2924 4373 fuerunt,
2954 4308 3160 4362 nullum
3196 4309 3441 4377 reperies

1866 4419 2060 4459 manus
2100 4400 2691 4463 audaciorisfacinus.
2729 4400 2809 4455 Ex
2841 4402 2927 4457 his
2959 4401 3219 4455 nonnulla
3248 4410 3437 4456 trans-

1865 4496 1976 4553 lata
2001 4496 2057 4551 in
2089 4494 2352 4551 Menaaum
2404 4493 2742 4558 Graecorum,
2786 4492 2880 4548 sed
2908 4494 3122 4562 penitus
3154 4493 3441 4562 rejiciendi

1867 4598 1980 4644 tres
2015 4602 2228 4653 versus,
2266 4586 2361 4659 qui
2404 4587 2585 4657 inepte
2618 4585 2672 4639 in
2713 4594 3030 4639 contextum
3063 4582 3250 4639 Menzei
3300 4584 3442 4640 irre-

1864 4691 2305 4827 ΡεῗὸιὶξὲῐῖῐΝΟΝ
2334 4769 2643 4825 ΚΩΝΕΙΟΝ
2674 4770 2862 4824 HPEN
2893 4770 2987 4824 EK
3026 4770 3187 4825 ΒΙΟΥ
3212 4786 3227 4801 ⁸

1933 4864 2017 4917 ΟΣ
2044 4864 2196 4918 ΕΙΘΕ
2218 4863 2493 4919 ΠΡΩΤΟΝ
2526 4863 2703 4915 ΤυΥΣ
2730 4862 2921 4916 ΠΙΕΙΝ
2954 4861 3367 4916 ΔΕΔΩΚΟΤΔΣ.

1930 4957 2162 5011 ΠΡΩΤΗ
2195 4956 2475 5010 ΙΟΥΝΙΟΥ
2498 4955 2867 5009 ΙΟΥΣΤΙΝΟΝ
2900 4954 3369 5015 ΕΑΛΕΒΟΡΙΖΕΙ.

2002 5063 2195 5105 CICUTA
2224 5062 2445 5103 IOBTEI
2477 5061 2623 5103 SEVA
2649 5061 2872 5101 JUSTINO
2900 5062 3157 5101 ATTULIT.

2006 5155 2039 5196 0
2090 5156 2139 5195 SI
2177 5155 2503 5196 EBIBISSENT.
2531 5154 2619 5203 ουι
2651 5152 3052 5201 Ριιεευεκῠκτ,
3079 5152 3257 5193 Ριιιῠε.

2006 5249 2265 5290 ΙΠΒΤΙΝυΙ
2286 5249 2399 5289 δοκι
2438 5243 2815 5287 PEBSANAVERE
2836 5245 3121 5285 IALENDB.

1874 5328 1984 5384 llos
2012 5340 2204 5382 versus
2250 5328 2325 5379 ita
2366 5324 2601 5380 reddidit
2648 5323 3040 5385 Halloixius”,
3072 5320 3167 5375 sed
3213 5333 3445 5375 accura-

1874 5421 1983 5475 tius
2025 5418 2274 5473 ultimum
2326 5432 2540 5471 versum
2576 5416 2884 5481 reddemus,
2906 5415 2952 5469 si
2984 5413 3114 5467 illud
3172 5412 3444 5484 ἐλλεϐορί-

1873 5510 1957 5575 Cat
2003 5511 2427 5579 interpretemur
2474 5524 2669 5563 veneno
2710 5509 2924 5562 occidit.
2971 5508 3249 5562 Iustinum
3306 5509 3444 5565 ,ιω

217 5595 413 5651 videtur
440 5611 537 5652 aut
586 5609 796 5657 secreta
823 5600 1098 5672 iudicibus
1139 5605 1359 5661 dedisse
1398 5602 1678 5671 mandata,
1711 5613 1772 5660 ut
1875 5605 2101 5661 elleboro
2152 5604 2396 5658 occidere
2447 5603 2725 5657 Kalendis.
2769 5601 3171 5671 Vltnperandus
3198 5602 3447 5672 profecto

274 5716 317 5796 ’ξ
339 5714 483 5783 τοι..
506 5719 686 5796 ηηξρ.
762 5722 808 5756 ⁸⁸
828 5724 980 5796 Apol.
1001 5725 1055 5792 2,
1081 5742 1135 5782 n.
1169 5727 1217 5781 l.
1287 5726 1331 5760 "
1353 5726 1489 5783 Adv.
1516 5725 1701 5795 Prax.,
1732 5742 1761 5784 c

1865 5727 1901 5784 i.
1980 5727 2023 5760 “
2058 5727 2175 5783 Lib.
2198 5740 2276 5792 tv,
2300 5724 2453 5780 c.16.
2516 5722 2559 5756 "
2600 5724 2721 5779 Act.
2760 5739 2815 5777 ll.
2845 5722 2897 5777 1.
2976 5718 3164 5774 σεεμ
3261 5719 3306 5757 ⁶⁹
3338 5718 3444 5777 Vit.

217 5783 264 5841 8.
290 5785 445 5859 ιυει.,
477 5804 531 5861 p.
558 5789 681 5849 188.
