4120 6414
724 298 832 357 159

723 421 816 486 qui
847 419 900 473 in
923 430 1242 477 contextum
1293 427 1544 483 omnibus
1595 436 1707 488 suis
1740 439 1992 503 partibus
2023 442 2288 509 praeclare
2321 446 2363 499 A

724 514 1030 570 absolutum
1089 519 1452 588 ineptissimos
1507 525 1624 579 illos
1681 546 1872 586 versus
1927 535 2180 594 inseruit.
2238 549 2291 593 et

724 606 1166 674 splendidissimo
1208 612 1403 666 Justini
1442 622 1701 689 martyrio
1735 626 1989 689 probrum
2017 645 2179 683 ausus
2206 640 2292 684 est

722 713 1033 768 aspergere.
1093 704 1225 759 Nam
1285 711 1548 780 quidquid
1606 714 1656 788 in
1703 715 1904 771 Mena‘o
1962 720 2027 771 de
2076 719 2290 776 Justino

721 788 1150 858 eiusque-sociis
1175 799 1393 864 dicitur,
1444 803 1670 858 mirifice
1702 823 1822 859 cum
1870 810 2012 864 Actis
2043 816 2288 883 martyrii

717 885 1010 948 consentit,
1036 891 1276 956 exceptis
1297 890 1404 944 illis
1430 896 1693 949 versibus.
1726 897 1941 954 Jnstino
1971 911 2148 956 autem
2178 920 2285 958 non

709 968 823 1034 jam
866 970 1038 1026 honor
1067 977 1344 1032 habendus
1369 991 1534 1049 esset,
1563 995 1621 1037 ut
1661 989 1912 1057 martyri,
1946 991 1988 1043 si
2012 1006 2283 1046 venenum

712 1069 903 1127 sptmte
956 1069 1296 1136 sumpsisset,
1345 1075 1440 1127 sed
1487 1083 1544 1129 ut
1597 1081 1676 1130 sui
1717 1080 2004 1136 homicidze
2049 1085 2285 1142 dedecus

711 1151 1039 1207 inurendum
1070 1169 1244 1226 esset;
1276 1175 1370 1214 aut
1395 1165 1439 1219 si
1467 1167 1608 1221 clam
1649 1185 1858 1224 veneno
1910 1174 2158 1231 sublatus
2203 1179 2284 1233 fo-

710 1254 828 1302 ret:
863 1262 970 1300 non
1017 1259 1224 1304 tantum
1272 1255 1550 1312 habuisset
1606 1264 1853 1331 martyrii
1913 1265 2280 1334 splendorem,

708 1349 972 1405 quantum
1006 1350 1116 1395 tota
1149 1346 1448 1414 antiquitas
1481 1351 1822 1417 praedicavit.
1859 1356 2011 1411 Haud
2059 1363 2280 1417 dubium

706 1440 839 1498 ergo
881 1432 1010 1498 quin
1049 1443 1158 1489 tres
1195 1437 1270 1490 illi
1299 1453 1487 1494 versus
1518 1442 1754 1500 hominis
1798 1450 2014 1505 absurdi
2065 1453 2277 1510 lar-inus

702 1519 1040 1577 exstiterint.

770 1609 1013 1669 Conatus
1045 1627 1129 1671 est
1168 1620 1295 1674 huic
1324 1623 1669 1684 incommodo
1711 1632 1916 1687 mederi
1955 1634 2276 1706 Halloixius,

698 1713 763 1752 ac
799 1701 1058 1768 cicutam,
1092 1721 1212 1775 quae
1238 1709 1512 1768 Iustinum
1553 1720 1796 1786 sustulit,
1833 1737 2100 1780 venenum
2139 1732 2278 1784 invi-

697 1795 799 1848 die
828 1810 948 1851 esse
983 1800 1342 1866 existimavit,
1383 1821 1502 1873 quae
1540 1806 1893 1866 Crescentem
1953 1817 2019 1869 ad
2078 1834 2272 1875 necem
2307 1820 2348 1874 Β

693 1881 909 1941 Justino
933 1891 1256 1947 moliendam
1294 1896 1525 1959 impulit.
1554 1897 1662 1954 Sed
1688 1901 1829 1958 hanc
1868 1907 2269 1975 interpretatio-

693 1992 820 2032 nem
847 1996 954 2035 non
990 1987 1196 2052 patitur
1218 2002 1411 2043 versus
1460 1990 1548 2042 ille
1595 1996 1898 2050 secundus:
1939 1999 1982 2053 0
2008 2002 2053 2053 si
2087 2004 2270 2059 ebibis-

689 2074 933 2142 sent,iqui
961 2076 1318 2141 prwbuerunt,
1341 2081 1528 2146 prius!

763 2163 839 2220 Ex
869 2166 970 2220 hoc
1001 2169 1068 2221 de
1093 2167 1290 2224 Justini
1344 2183 1516 2228 morte
1553 2189 1866 2237 commento
1905 2193 2028 2239 nata
2061 2198 2142 2241 est
2171 2204 2264 2245 oc-

686 2256 836 2310 easlo
865 2261 1002 2314 duos
1040 2258 1283 2318 Justinos
1310 2263 1569 2334 ﬁngendi,
1623 2271 1854 2325 alterum
1883 2275 2262 2346 philosOphmu

685 2356 738 2398 et
769 2348 1027 2402 exintium
1056 2354 1399 2420 scriptorem,
1433 2372 1669 2427 eumque
1709 2377 1918 2420 veneno
1951 2369 2258 2429 sublatum;

683 2439 913 2493 alterum
961 2457 1083 2495 cum
1114 2446 1279 2502 sociis
1312 2445 1628 2517 Charitone,
1673 2452 1982 2522 Cbaritina,
2043 2460 2257 2526 Paeone,

685 2528 979 2587 Liberiano
1015 2535 1238 2605 (legitur
1293 2537 1581 2596 Valeriano
1615 2545 1665 2596 in
1700 2545 1948 2616 Menam),
1984 2549 2258 2620 Evelpisto

681 2632 736 2676 et
773 2620 998 2679 Hierace
1024 2641 1265 2695 passum.
1295 2629 1400 2684 Sed
1436 2635 1563 2688 huic
1593 2637 1837 2705 opinioni
1875 2641 1986 2709 ipsa
2015 2642 2168 2710 Acta,
2204 2647 2255 2700 iu

680 2715 876 2784 quibus
901 2717 1144 2774 Justinus
1175 2722 1225 2774 in
1251 2725 1397 2777 omni
1426 2726 1839 2794 disciplinarum
1874 2749 2072 2802 genere
2097 2752 2256 2793 excr-

680 2810 885 2865 citatus
936 2812 1127 2878 fuisse,
1169 2815 1466 2886 discipulos
1537 2820 1766 2888 habere,
1821 2841 1942 2879 cum
1994 2830 2253 2886 omnibus

677 2888 1007 2958 adeuntibus
1032 2907 1335 2962 doctrinam
1366 2910 1609 2965 veritatis
1629 2918 2053 2985 communicare,
2080 2936 2143 2974 ac
2171 2921 2254 2978 bis

676 2990 906 3047 Romam
939 2998 1160 3053 venisse
1185 3001 1404 3066 dicltur,
1439 3003 1510 3056 ita
1549 3005 1869 3072 reclamant,
1901 3020 1959 3064 ut
1997 3025 2116 3066 eam
2146 3033 2248 3068 non

675 3087 849 3156 magis
880 3088 1045 3143 libeat
1074 3091 1194 3144 data
1227 3108 1390 3160 opera
1418 3097 1690 3163 refellere,
1729 3114 1892 3169 quam
1920 3106 2063 3172 quod
2101 3107 2246 3176 Apo-

672 3178 796 3235 nius
849 3181 1083 3250 scriptor
1122 3187 1303 3239 saaculi
1362 3189 1578 3256 septimi
1636 3193 1702 3246 de
1751 3190 1967 3249 Jostino
2014 3198 2246 3266 dixit",

669 3284 794 3326 eum
822 3287 850 3324 a
883 3273 1222 3345 philosophis
1263 3280 1527 3349 occisum,
1568 3296 1690 3337 cum
1730 3285 1923 3342 cai‘lide
1953 3289 2009 3344 in
2047 3304 2246 3350 secreto

669 3375 882 3420 vocatus
908 3367 975 3420 ab
998 3369 1078 3423 eis
1114 3365 1330 3426 fuisset.

739 3455 929 3527 Magna
955 3459 1068 3528 jam
1100 3476 1164 3514 ex
1202 3472 1354 3530 parte
1375 3467 1646 3537 explicata
1679 3482 1733 3526 et
1761 3474 1937 3530 soluta
1970 3478 2244 3549 videntur,

667 3564 792 3617 qum
831 3551 1098 3608 adversus
1146 3554 1262 3608 haec
1300 3555 1435 3612 Acta
1482 3561 1649 3629 objici
1695 3568 1928 3634 possint,
1983 3571 2244 3628 nimirum

666 3645 815 3712 quod
843 3661 984 3699 unus
1012 3660 1349 3706 memoratur
1382 3655 1700 3724 imperator,
1726 3665 1978 3729 quamvis
2005 3667 2110 3721 duo
2136 3667 2243 3722 Ro-

666 3748 889 3790 manum
935 3739 1223 3807 imperium
1261 3751 1390 3798 tunc
1425 3759 1709 3817 regerent;
1741 3757 1885 3822 quod
1916 3758 2155 3813 edictum
2188 3762 2241 3814 in

664 3823 1012 3883 Christianos
1035 3833 1252 3888 dedisse
1283 3837 1499 3901 dicitur,
1530 3845 1781 3911 quamvis
1805 3848 2008 3903 nuilum
2033 3851 2242 3909 Marcus

666 3913 857 3971 tulisse
896 3922 1275 3990 perhibeatur;
1304 3931 1446 3995 quod
1478 3930 1722 3987 Iconium
1762 3936 1811 3988 in
1849 3937 2087 4010 Phrygia
2123 3945 2236 3997 col-

661 4005 893 4065 locatur.
937 4012 1157 4069 Duabus
1193 4019 1385 4085 primis
1416 4023 1826 4082 difﬁcultatibus
1854 4005 2236 4095 jam'occurri.

659 4097 813 4164 Quod
842 4103 1052 4169 spectat
1084 4098 1150 4160 ad
1181 4111 1418 4177 tertiam,
1447 4130 1554 4169 non
1591 4118 1788 4174 desunt
1815 4124 1906 4190 qui
1939 4141 2035 4193 pro
2065 4125 2237 4199 Phry-

657 4189 745 4256 gia
775 4188 1034 4248 Pisidiam
1064 4197 1168 4263 (sic
1195 4201 1337 4253 enim
1369 4207 1509 4272 apud
1540 4188 2096 4283 Basi‘lium,_ep.'138,
2123 4188 2238 4272 Ico-

656 4277 808 4332 nium
834 4279 1053 4336 Pisidia:
1079 4285 1276 4341 civitas
1299 4291 1547 4365 dicitur),
1573 4307 1666 4353 aut
1694 4310 1792 4370 pro
1817 4277 1998 4359 Iconio
2026 4277 2236 4377 Lycao-

655 4369 804 4424 niam
850 4386 1136 4443 reponant.
1164 4377 1340 4447 Atque
1385 4384 1498 4440 haec
1531 4369 1815 4460 responsio
1848 4398 2019 4466 equis
2047 4415 2230 4455 rerum

652 4464 1081 4525 cstimatoribtts
1136 4474 1463 4531 satisfacere
1522 4481 1780 4550 deberet,
1842 4464 2057 4544 etiamsi
2120 4510 2223 4548 n0n

652 4552 870 4611 aliunde
909 4571 1189 4620 constaret
1225 4568 1488 4635 ejusmodi
1534 4573 1586 4625 in
1635 4576 1971 4646 designando
2007 4587 2218 4639 urbium

649 4644 758 4700 situ
787 4656 968 4701 errata
1000 4665 1142 4718 saepe
1165 4669 1232 4707 ex
1265 4657 1409 4712 notis
1436 4660 1664 4730 margini
1693 4644 1955 4733 appositis
1987 4669 2041 4722 in
2084 4685 2220 4726 conv

651 4743 857 4790 textum
886 4741 1219 4808 obrepsisse.

721 4826 816 4881 His
846 4845 966 4898 qua:
1001 4833 1050 4884 in
1087 4833 1392 4890 Grcecorum
1431 4842 1683 4897 Actorum
1717 4844 1911 4902 Latina
1946 4851 2220 4923 interpre-

647 4921 854 4974 tatione
884 4927 1204 4991 emendavi,
1239 4945 1403 4984 unum
1449 4945 1533 4987 est
1561 4938 1705 5004 quod
1740 4939 1979 5006 adiicere
2028 4944 2216 5002 libeat.

645 5008 942 5069 Prtefectus
986 5018 1118 5071 dicit
1148 5019 1383 5090 Justino,
1421 5043 1476 5080 n.
1507 5028 1584 5082 λιι
1624 5032 1818 5085 Ἀκουε
1860 5037 1888 5088 ὀ
1933 5036 2221 5109 λεγόμενος

644 5101 854 5171 λόγιος·
886 5124 904 5156 ι
931 5111 1070 5162 Audi
1097 5118 1151 5164 tu
1180 5116 1268 5181 qui
1297 5117 1556 5187 eloquens
1579 5137 1697 5178 esse
1720 5126 1940 5184 diceris.
1967 5147 1987 5181 ι
2006 5101 2192 5188 ’ΜᾉΙίιιι

648 5211 670 5246 ι
703 5197 793 5265 qui
821 5202 1015 5254 doctus
1048 5202 1270 5260 diceris.
1308 5227 1327 5260 ι

723 5793 768 5825 ’⁸
808 5793 1060 5855 Biblioth.
1109 5797 1283 5871 Patr.,
1313 5811 1348 5857 t.
1384 5803 1423 5872 l,
1449 5821 1501 5876 p.
1535 5806 1658 5865 279.
1736 5811 1778 5844 "
1813 5811 1874 5866 Ν.
1912 5813 1998 5869 li.
2069 5817 2112 5849 "
2154 5818 2314 5874 Prov.
2351 5819 2460 5889 xxi,
2502 5824 2550 5878 l.

1649 311 1708 367 S.
1745 313 2083 374 JUSTINUS
2108 317 2586 374 PHILOSOPHUS
2623 319 2709 374 ET
2743 320 3052 380 MARTYR.

3860 329 3962 383 160

3027 443 3255 499 CAPUT
3293 444 3340 499 Χ

2431 573 2504 626 De
2539 573 2762 630 Tatiano
2791 595 2852 631 ac
2882 584 3107 648 primum
3139 589 3200 631 de
3226 581 3366 662 illius
3393 582 3582 637 studiis
3608 583 3906 637 litterarum

2965 661 3012 701 et
3043 661 3396 705 conversione.

2390 760 2423 810 1.
2453 761 2687 827 Tatianus
2724 760 2947 810 omnibus
2992 764 3260 827 disciplinis
3281 767 3359 813 dat
3379 779 3593 827 operam.
3623 767 3680 816 ll.
3706 769 3958 826 Quomodo

2450 822 2605 930 fictus
2639 823 2956 872 Christianus.
2990 825 3072 874 Ill.
3120 832 3229 893 [ﬁsus
3270 822 3430 880 fervor
3469 828 3559 877 sub
3579 822 3771 879 Justin
3800 833 3957 892 magi-

2448 898 2472 930 s
2498 898 2551 932 ro

2463 1005 2504 1062 l.
2539 1005 2800 1062 Tatianus
2833 1009 2884 1062 in
2917 1010 3268 1080 Assyriorum
3303 1024 3447 1067 terra
3495 1027 3677 1070 uatum
3726 1032 3785 1070 se
3831 1033 3956 1074 esse

2387 1105 2661 1148 testatur:
2704 1097 2896 1168 Syrum
2951 1111 3108 1154 vocat
3147 1101 3498 1171 Epiphanius,
3533 1108 3726 1161 haeres.
3768 1109 3859 1168 46.
3895 1119 3956 1164 et
4008 1097 4010 1102 ’

2386 1184 2438 1236 in
2475 1185 2732 1250 indiculo,
2767 1204 2886 1256 pag.
2911 1189 3038 1252 231,
3067 1208 3093 1243 e
3122 1190 3502 1260 Mesopotamia
3534 1200 3812 1252 oriundum
3841 1217 3954 1256 esse

2383 1274 2530 1328 dicit.
2564 1276 2759 1346 Syrum
2787 1282 2950 1332 etiam
2989 1283 3275 1350 appellavit
3305 1284 3591 1340 Tatianum
3634 1287 3954 1346 Theodore-

2382 1369 2556 1421 tus".
2592 1367 2706 1421 Non
2738 1370 3060 1425 inusitatum
3094 1385 3211 1428 erat
3258 1385 3313 1428 ut
3364 1378 3571 1450 Assyrii
3624 1395 3957 1439 vocarentur

2381 1457 2475 1522 qui
2534 1459 2877 1515 Palmstiuam
2929 1465 3265 1529 incolebant;
3309 1470 3464 1537 cujus
3513 1472 3587 1525 rei
3639 1476 3952 1542 exemplum

2381 1555 2691 1620 suppeditat
2733 1554 3063 1612 Themistius
3111 1559 3162 1612 in
3217 1559 3367 1614 Orat.
3399 1563 3452 1625 7,‘
3483 1565 3576 1619 ubi
3625 1568 3752 1621 illud
3799 1571 3955 1624 Scri-

2379 1654 2549 1711 ptum:
2579 1663 2591 1699 :
2623 1645 2729 1700 Cor
2772 1650 2906 1716 regis
2950 1650 3002 1702 in
3039 1667 3197 1704 manu
3238 1653 3329 1707 Dei
3357 1655 3423 1720 ",
3477 1672 3543 1710 ex
3593 1661 3950 1730 Assyriorum

2382 1737 2537 1791 libris
2585 1741 2960 1810 depromptum
3009 1760 3130 1799 esse
3181 1752 3398 1804 asserit.
3435 1749 3609 1804 Statui
3657 1767 3787 1821 ergo
3835 1771 3946 1810 non

2379 1837 2556 1896 potest
2592 1840 2767 1884 utrum
2802 1834 2853 1886 in
2883 1834 3062 1905 Syria,
3094 1852 3161 1890 an
3189 1840 3246 1891 in
3267 1839 3488 1910 Assyria
3516 1846 3739 1911 proprie
3771 1847 3943 1913 dicta,

2375 1929 2486 1984 aut,
2521 1929 2578 1973 ut
2610 1925 2845 1977 credldit
2875 1925 3244 1997 Epiphanius,
3283 1932 3335 1983 in
3365 1931 3750 2001 Mesopotamia
3783 1949 3950 1992 natus

2371 2012 2444 2065 sit
2487 2010 2769 2078 Tatianus,
2813 2032 2934 2070 cum
2974 2021 3182 2091 Assyrii
3219 2037 3418 2076 nomen
3466 2026 3596 2094 ipsis
3630 2029 3792 2082 etiam
3843 2029 3952 2086 He-

2371 2103 2530 2159 brzeis
2564 2105 2852 2162 tribuatur.

2440 2195 2683 2252 Primum
2718 2200 2933 2256 Tatiani
2962 2204 3266 2259 institutum
3289 2211 3608 2278 superstitio
3634 2211 3735 2266 fuit
3764 2225 3816 2269 et
3846 2231 3950 2270 ve-

2365 2288 2592 2345 hemens
2637 2293 2816 2347 omnis
2860 2296 3183 2350 litterat'urre
3232 2299 3492 2355 studium.
3540 2304 3705 2359 Docet
3745 2307 3858 2375 ipse
3891 2311 3945 2340 ”

2367 2389 2512 2433 tanta
2561 2397 2620 2436 se
2666 2387 3059 2453 superstitione
3089 2390 3393 2456 laborasse,
3435 2403 3494 2448 ut
3535 2397 3696 2451 variis
3725 2400 3777 2451 in
3806 2402 3943 2455 locis

2362 2479 2728 2542 mysteriorum
2758 2482 3020 2550 particeps
3043 2483 3190 2551 ﬁeret
3219 2504 3282 2539 ac
3315 2489 3504 2557 ubique
3536 2492 3812 2560 religiones
3844 2511 3942 2548 e1:-

2359 2562 2608 2631 ploraret.
2644 2568 2754 2622 Nec
2788 2581 2966 2628 tamen
3017 2586 3096 2628 tot
3144 2579 3390 2647 regiones
3424 2583 3644 2636 obeunti
3679 2587 3728 2639 id
3759 2588 3937 2642 solum

2360 2658 2701 2725 propositum
2736 2673 2879 2729 erat,
2913 2677 2970 2717 ut
3004 2671 3282 2737 mysteriis
3315 2672 3642 2740 initiaretur,
3678 2679 3770 2730 sed
3803 2680 3936 2734 illud

2359 2751 2521 2806 etiam
2549 2757 2804 2822 maxime,
2841 2769 2896 2812 ut
2923 2761 3275 2829 multiplicem
3309 2767 3668 2822 eruditionem
3701 2771 3937 2841 collige-

2358 2858 2459 2898 ret.
2493 2846 2582 2899 Sic
2617 2849 2760 2901 enim
2805 2849 3045 2920 loquitur
3072 2855 3137 2907 de
3164 2856 3228 2908 iis
3254 2871 3373 2924 quae
3406 2861 3807 2925 peregrinando
3831 2881 3933 2919 co-

2356 2951 2639 3007 gnoverat,
2681 2959 2733 2995 n.
2776 2944 2844 2998 55
2882 2961 2894 2996 :
2930 2947 3114 3001 Ταῦτα
3159 2950 3254 3020 μὲν
3291 2954 3349 3004 οὐ
3387 2955 3516 3025 παρ’
3550 2955 3707 3009 ἄλλου
3743 2958 3935 3028 μαθὼν

2353 3031 2636 3102 ὲξεθὲμην,
2684 3036 2879 3106 πολλὴν
2919 3040 3274 3112 ὲπιφοιτήσας
3316 3047 3446 3116 γῆν,
3493 3050 3585 3101 καὶ
3629 3051 3781 3104 τοῦτο
3828 3056 3933 3122 μὲν

2355 3123 2711 3189 σοφιστεύσας
2749 3127 2814 3179 τὰ
2846 3129 3083 3201 ὑμετέρα
3105 3173 3117 3196 ,
3155 3135 3312 3189 τοῦτο
3346 3138 3401 3208 δὲ
3439 3140 3653 3212 τέχναις
3683 3145 3777 3197 καὶ
3805 3147 3932 3199 ἐπι-

2351 3211 2520 3274 νοίαις
2551 3216 2886 3286 ἐπιχωρήσας
2917 3221 3154 3285 πολλαῖς.
3185 3245 3203 3276 ι
3243 3225 3368 3282 Ηαξε
3398 3247 3504 3285 ιιοιι
3533 3234 3598 3287 ab
3627 3234 3732 3288 alio
3763 3253 3929 3293 acce-

2349 3311 2439 3370 pta
2471 3308 2717 3371 exposui,
2747 3311 2837 3377 qui
2873 3313 3065 3367 multas
3104 3316 3266 3371 invisi
3304 3323 3576 3391 regiones,
3613 3341 3677 3380 ac
3722 3331 3928 3397 partim

2348 3396 2549 3450 vestris
2583 3398 2635 3450 in
2669 3399 2974 3469 disciplinis
3029 3414 3360 3468 exercitatus
3401 3433 3522 3470 sum
3550 3458 3565 3484 ,
3613 3424 3811 3490 partim
3867 3427 3927 3479 in

2349 3494 2496 3540 artes
2519 3496 2575 3540 et
2612 3489 2832 3544 inventa
2868 3496 3032 3548 inulta
3063 3499 3246 3554 incidi.
3283 3523 3302 3554 ι
3341 3509 3492 3572 Quod
3535 3489 3623 3564 ait
3649 3511 3921 3571 Tatianus

2346 3590 2406 3629 se
2450 3578 2503 3631 in
2545 3581 2859 3637 Gra2corum
2894 3589 3198 3659 disciplinis
3240 3600 3598 3655 exercitatum
3640 3604 3830 3672 fuisse,
3865 3608 3922 3661 id

2347 3667 2615 3725 Eusebius
2663 3676 2727 3728 de
2773 3676 3001 3733 Tatiano
3054 3700 3221 3751 agens
3271 3689 3577 3746 imitatione
3625 3701 3920 3764 expressit.

2345 3760 2644 3828 Τατιανὸς,
2689 3767 2863 3836 inquit
2895 3772 2960 3837 ",
3002 3775 3140 3845 ἀνὴρ
3187 3777 3275 3830 τὸν
3330 3782 3545 3851 πρῶτον
3592 3760 3756 3840 auso?»
3803 3789 3924 3860 βίον

2345 3850 2701 3920 σοφισῖηύσας
2729 3861 2786 3912 ἐν
2817 3864 2926 3926 τοῖς
2961 3864 3223 3935 Ἑλλήνων
3256 3870 3556 3942 μαθήμασι.
3587 3895 3604 3926 ι
3630 3877 3921 3947 Tatiauus,

2343 3946 2429 3998 vir
2460 3950 2640 4014 primo
2668 3951 2791 4002 vitae
2816 3955 3207 4013 suainstituto
3243 3964 3293 4014 in
3329 3964 3645 4024 Gratcorum
3675 3973 3919 4043 discipli-

2342 4034 2426 4090 nis
2460 4042 2815 4097 exercitatus.
2856 4063 2874 4095 ι
2913 4044 3156 4103 Bullinus
3212 4051 3336 4106 illud
3390 4061 3743 4126 σοφιστεύσας
3795 4081 3917 4118 nta-

2338 4133 2559 4200 gistrum
2596 4135 2906 4206 eloquentia:
2938 4143 3102 4194 vertit
3131 4162 3142 4196 :
3176 4145 3301 4200 hinc
3333 4151 3497 4202 etiam
3546 4153 3916 4228 Hieronymus

2339 4221 2628 4278 Tatianum
2665 4232 2890 4296 primunt
2931 4236 3216 4286 oratoriam
3250 4237 3517 4293 docentem
3552 4260 3656 4295 non
3681 4261 3909 4311 parvam

2335 4316 2433 4369 sibi
2458 4335 2524 4373 ea:
2541 4331 2653 4372 arte
2679 4323 2937 4376 rhetOrica
2965 4327 3186 4393 gloriam
3214 4345 3564 4399 comparasse,
3598 4334 3912 4394 Theodore—
3967 4365 3971 4369 ·

2338 4418 2422 4463 tus
2457 4412 2756 4480 sopbistam
2802 4415 2969 4470 fuisse
3017 4419 3168 4472 dicit.
3221 4420 3325 4475 Sed
3359 4421 3644 4494 Valesius,
3683 4431 3773 4498 qui
3805 4432 3909 4488 bos

2260 4487 2304 4542 Ῑ)
2335 4504 2498 4558 duces
2532 4507 2583 4558 in
2632 4507 2863 4562 Eusebio
2910 4510 3075 4566 latine
3114 4515 3390 4570 reddendo
3439 4531 3658 4574 secutus
3692 4521 3898 4589 fuerat,

2330 4595 2397 4649 ab
2429 4596 2508 4649 eis
2536 4595 2769 4651 discedit
2801 4601 2853 4653 in
2893 4604 3006 4656 suis
3039 4606 3520 4673 adnotationibus,
3557 4625 3620 4664 ac
3649 4611 3776 4666 illud
3811 4629 3904 4665 σο-

2330 4683 2777 4754 φιστεύσαςῖιίΙιίΙ
2797 4695 2862 4747 ad
2880 4696 3240 4766 eloquentiam
3264 4703 3554 4767 pertinere,
3575 4703 3664 4756 sed
3685 4721 3901 4760 omnem

2329 4780 2642 4836 Grecorum
2675 4788 3003 4854 sapientiam
3033 4801 3087 4843 et
3130 4791 3385 4846 liberales
3412 4795 3724 4864 disciplinas
3750 4814 3902 4853 com-

2328 4871 2492 4941 plecti
2518 4875 2793 4932 observat.
2829 4879 2991 4933 Addit
3020 4881 3304 4936 Tatianum
3338 4902 3403 4940 ex
3438 4891 3896 4956 peregrinationi-

2324 4964 2428 5016 bus
2453 4967 2833 5036 philosophum
2856 4973 3050 5041 magis,
3070 4991 3230 5043 quam
3259 4977 3618 5046 professorem
3641 4982 3898 5050 eloquen-

2326 5057 2454 5124 tize;
2503 5074 2570 5113 ex
2614 5076 2679 5116 eo
2726 5074 2905 5117 autem
2956 5065 3098 5135 quod
3150 5069 3268 5122 sine
3311 5071 3502 5126 ordine
3533 5087 3597 5126 ac
3641 5075 3894 5131 metliodo

2322 5148 2646 5218 scripserit,
2678 5169 2869 5221 parum
2923 5158 2974 5210 in
3022 5159 3250 5212 dicendo
3299 5165 3663 5217 exercitatum
3710 5168 3886 5236 argui.

2324 5243 2533 5298 Auctor
2571 5247 2972 5306 dissertationis
3003 5255 3054 5306 in
3086 5253 3368 5309 Tatianum
3389 5298 3404 5320 ,
3431 5275 3549 5325 quae
3583 5271 3704 5328 post
3748 5261 3891 5316 Ora-

2321 5337 2514 5391 tionem
2544 5340 2759 5396 Tatiani
2799 5347 2999 5398 editam
3044 5346 3236 5402 Otouii
3265 5351 3550 5422 legiturt'is
3583 5353 3760 5407 autem
3803 5367 3890 5411 est

2317 5429 2669 5490 doctissimus
2700 5439 2870 5492 abbas
2917 5441 2980 5493 de
3026 5440 3367 5513 Longucrue)
3401 5446 3699 5498 assentitur
3732 5447 3887 5504 Vale-

2318 5523 2420 5587 sio,
2451 5524 2675 5594 eiusque
2727 5533 3050 5584 sententiam
3086 5535 3370 5588 conﬁrmat
3395 5537 3479 5590 bis
3508 5536 3722 5590 Tatiaui
3757 5555 3882 5592 ver-

2315 5619 2458 5674 bis"
2489 5635 2501 5671 :
2529 5620 2584 5673 Ὀ
2620 5624 2737 5675 κατ’
2766 5624 3081 5696 Ἐπίκουρον
3113 5627 3460 5692 σοφιστεύων,
3497 5647 3514 5679 ι
3553 5631 3641 5697 qui
3669 5629 3882 5694 Epicuri

2649 5825 2693 5856 ⁷³
2734 5822 2798 5879 Ν.
2829 5825 2918 5881 29.
2994 5827 3038 5859 ⁷⁵
3070 5826 3228 5894 llist.,
3257 5842 3328 5893 tv,
3366 5827 3453 5881 l6.
3524 5828 3570 5860 "
3600 5827 3658 5884 Ν.
3697 5828 3781 5884 15.
