4120 6404
159 406 264 461 161

1187 407 1250 464 D.
1293 410 1556 466 MARANI
1587 412 1986 472 ΡΒᾸΞΡΑΤΙΟ.
2015 448 2084 457 -
2118 417 2300 474 PARS
2332 420 2417 479 Ill.

3319 434 3424 491 163

155 525 572 596 philosophiam
617 537 875 583 sectatur.
918 549 935 581 ι
971 529 1084 585 Non
1128 531 1402 589 immerito
1446 552 1578 590 sane
1612 538 1740 606 reji-
1764 551 1814 608 Α
1846 542 2035 597 loricae
2065 541 2460 611 professionem
2498 546 2864 614 afllnxerunt,
2895 559 2949 606 et
2973 551 3063 621 qui
3102 553 3272 608 solam
3297 558 3424 626 phl-

172 618 324 669 cinnt
372 620 570 675 eruditi
619 619 692 674 illi
735 622 836 674 viri
878 624 1019 691 quod
1058 621 1343 679 Tatiannm
1378 626 1740 700 Hieronymus

172 720 223 764 et
259 709 507 767 Bullinus
549 715 873 770 rhetoricam
906 718 1187 779 docuisse,
1234 719 1618 775 Theodoretus
1647 737 1739 776 so-

172 801 408 866 phistam
456 802 624 859 fuisse
672 821 861 874 parum
919 808 1056 865 belle
1106 809 1377 865 dixerant.
1434 809 1570 865 Nam
1627 814 1741 882 ipse

173 889 441 948 Tatianus
489 910 592 949 non
639 898 868 951 obscure
917 900 1296 969 philosophum
1335 917 1394 957 se
1443 915 1738 972 antequam

175 979 546 1036 Christianum
585 985 752 1040 fuisse
781 989 1043 1042 declarat.
1081 990 1170 1043 Sic
1196 992 1340 1045 enim
1387 993 1741 1062 phil030plios

173 1073 490 1142 alloquitur,
537 1095 588 1132 η.
638 1078 708 1134 26
752 1069 1037 1152 εΔημοσία
1078 1087 1191 1155 ,μὲνς
1229 1086 1337 1157 γὰρ
1391 1089 1736 1158 πομπεύετε,

174 1167 294 1229 τοὺς
325 1169 382 1220 δὲ
422 1168 614 1237 λόγους
646 1172 738 1224 ἐπὶ
771 1175 968 1241 γωνίας
1009 1176 1412 1247 ἀποκρύπτετε.
1458 1180 1740 1245 Τοιούτους

172 1257 311 1326 ὑμᾶς
345 1261 657 1328 ἐπιγνόντες
706 1265 1168 1338 καταλελοίπαμεν
1198 1271 1290 1322 καὶ
1322 1272 1428 1324 τῶν
1462 1273 1738 1346 ὑμετέρων

171 1347 346 1400 οὐκέτι
371 1349 638 1420 ψαὺομεν,
665 1353 797 1407 Θεοῦ
829 1355 883 1408 δὲ
911 1355 1049 1427 λόγῳ
1076 1362 1594 1434 κατακολουθοῦμεν.
1628 1383 1645 1415 ι
1681 1365 1734 1419 ltt

173 1437 384 1503 publico
417 1455 642 1509 pompas
682 1446 873 1512 agitis;
928 1461 1205 1502 sermOnes
1236 1461 1416 1505 autem
1448 1455 1502 1507 in
1529 1457 1737 1525 angulis

173 1533 482 1588 occultatis.
508 1533 698 1589 Missos
716 1552 822 1591 .ros
847 1537 1100 1597 fecimus.
1131 1557 1253 1595 cum
1283 1544 1415 1598 tales
1444 1562 1738 1616 cognosce-

173 1639 388 1690 remus;
435 1642 535 1681 uec
564 1628 678 1690 jam
708 1632 772 1683 de
807 1631 968 1685 rebus
999 1635 1196 1689 vestris
1227 1637 1524 1706 quidquam
1567 1643 1736 1694 attin-

167 1719 381 1786 gimus,
445 1722 542 1775 sed
595 1723 817 1776 verbum
869 1722 960 1778 Dei
1011 1737 1310 1782 sectamur.
1360 1750 1380 1782 ›
1427 1731 1733 1797 Quinetiam

168 1807 458 1875 Tatianus,
481 1815 584 1867 etsi
609 1814 694 1868 his
723 1816 979 1872 verbisse
1007 1817 1316 1875 Graecorum
1341 1823 1731 1894 philosophiam

1848 631 2112 702 losophiae
2144 634 2352 689 laudem
2391 639 2719 694 detulerunt.

1919 721 1986 777 ll.
2031 722 2142 779 Sed
2175 725 2293 786 haec
2319 731 2498 783 omnia
2532 731 2874 788 ethnicorum
2898 732 3142 789 instituta
3175 736 3417 794 animum

1845 813 2063 869 Tatiani
2101 815 2360 871 inanibus
2389 820 2582 875 studiis
2612 823 2924 878 demulcere
2958 835 3234 894 poterant,
3265 831 3419 899 cupi-

1848 899 2072 958 ditatem
2133 907 2247 960 veri
2298 911 2662 978 cognOscendi
2716 911 2925 967 satiare
2980 929 3086 967 non
3140 924 3415 984 poterant.

1843 983 2132 1050 Fastidivit
2177 998 2488 1053 Graecorum
2542 1003 2859 1074 religiones,
2890 1013 3179 1075 postquam
3209 1022 3325 1070 eas,
3359 1019 3422 1066 ut»

1846 1089 1959 1157 ipse
1993 1099 2183 1142 narrat
2209 1090 2276 1157 '°,
2309 1093 2374 1146 ab
2423 1092 2752 1149 effeminatis
2780 1106 2833 1150 et
2878 1098 3104 1153 cinaedis
3132 1101 3413 1166 procurari

1844 1178 2012 1246 vidit,
2040 1187 2093 1233 et
2119 1179 2306 1235 Jovem
2349 1180 2623 1236 Latiarem
2670 1187 2810 1254 apud
2845 1185 3121 1243 Romanos
3148 1191 3414 1259 sanguine

1842 1269 2085 1325 humano
2115 1273 2418 1341 delectari,
2450 1290 2515 1330 ac
2556 1275 2779 1330 Dianam
2807 1294 2918 1331 nou
2945 1280 3132 1348 procul
3180 1279 3417 1351 Megalo-

1841 1363 1965 1432 poli,
2016 1373 2072 1419 et
2115 1367 2252 1420 alios
2299 1365 2424 1421 alibi
2477 1369 2751 1424 daemones
2798 1369 3064 1439 ejusmodi
3109 1372 3413 1429 sceleribus

1840 1453 2043 1521 placari
2080 1457 2352 1525 cognovit.
2393 1457 2527 1526 Ipsa:
2555 1461 2720 1517 etiam
2754 1461 3055 1530 disciplinae
3085 1463 3300 1517 taedio":
3336 1466 3412 1521 illi

1839 1559 2159 1621 moverunt,
2207 1550 2379 1620 stylus
2424 1551 2665 1620 Atticus,
2704 1554 3144 1622 philosopho—rum
3191 1560 3409 1623 sorites,

1839 1637 2159 1702 geometria,
2195 1642 2554 1704 astronomia,
2590 1643 2736 1711 leges
2774 1643 2824 1696 in
2864 1645 3093 1712 publicis
3127 1650 3288 1703 rebus
3316 1651 3412 1703 ad-

1837 1726 2223 1782 ministrandis
2254 1732 2479 1785 sancitaa
2502 1732 2568 1786 ⁷⁷.
2605 1732 2847 1788 Tandem
2879 1736 3065 1790 divino
3117 1738 3408 1805 beneﬁcio,

1838 1818 1926 1870 cui
1963 1827 2140 1873 tamen
2170 1821 2438 1888 ingratum
2470 1837 2528 1878 se
2553 1835 2606 1879 et
2641 1827 2961 1895 degenerem
2994 1831 3269 1898 exhibuit,
3317 1848 3410 1886 ve-

167 1899 384 1953 missam
411 1900 605 1957 fecisse
636 1903 872 1968 indicat,
907 1908 1118 1962 videtur
1157 1920 1337 1966 tamen
1374 1914 1427 1966 in
1460 1919 1574 1984 ipsa
1611 1918 1730 1971 τειί.
1763 1898 1805 1952 Β
1838 1909 1971 1964 ritas
1998 1912 2066 1964 ad
2093 1911 2209 1980 ejus
2243 1912 2394 1968 fulsit
2432 1916 2640 1981 oeulos,
2680 1917 2804 1969 dum
2840 1918 2891 1970 in
2926 1935 3112 1973 sacras
3135 1922 3408 1976 Christia-

164 1991 317 2057 gione
350 1991 691 2059 Christiana,
717 1995 914 2050 Justini
948 2003 1188 2066 magistri
1234 2006 1500 2074 exemplo,
1534 2012 1727 2063 nomen

164 2085 468 2157 philosophi
497 2105 560 2144 ac
587 2091 697 2160 ipsa
724 2094 885 2147 etiam
908 2095 1137 2151 fortasse
1164 2100 1393 2170 insignia
1420 2105 1726 2162 retinuisse.

163 2174 292 2230 Nam
327 2194 448 2234 sese
486 2196 605 2234 cum
643 2180 865 2239 Jbstino-
895 2187 1035 2243 inter
1065 2179 1420 2261 philosophos
1453 2183 1726 2264 numerat,

164 2269 282 2323 cum
317 2273 384 2324 de
413 2274 639 2328 structis
668 2277 882 2345 utrique
906 2294 935 2331 a
964 2280 1255 2338 Crescente
1287 2285 1488 2355 Cynico
1519 2290 1727 2359 insidiis

165 2361 237 2415 sic
283 2363 544 2429 loquitur,
592 2383 645 2419 n.
695 2368 763 2422 19
795 2387 807 2420 :
839 2369 1002 2440 Τίνας
1038 2371 1092 2425 δὲ
1140 2374 1205 2426 ἂν
1251 2378 1344 2429 καὶ
1389 2378 1573 2446 διῶξαι
1620 2384 1727 2438 τῶν

166 2452 462 2522 ςιλοσὸφων
504 2458 553 2508 εἰ
608 2457 680 2528 μὴ
728 2460 921 2529 μόνους
959 2463 1104 2533 ἡμᾶς
1140 2464 1357 2533 εἷωθεν;
1388 2487 1406 2519 ι
1451 2469 1724 2535 Quosnatn
1760 2539 1762 2542 ν

164 2555 338 2598 autem
384 2546 828 2617 philosophorum
862 2551 964 2606 nisi
1014 2569 1113 2608 nos
1155 2556 1300 2612 solos
1337 2559 1592 2615 insectari
1632 2579 1722 2618 so-

163 2632 344 2689 lebat?
377 2657 396 2689 ι

230 2732 304 2783 Ex
326 2719 429 2785 bis
462 2743 615 2802 patet
660 2735 1039 2808 phiIOSOphum
1077 2739 1244 2797 fuisse
1280 2743 1599 2813 Tatianum;
1629 2750 1721 2804 sed

167 2831 340 2877 tamen
375 2825 448 2877 ita
490 2827 846 2896 phil050phize
889 2831 1104 2886 deditus
1136 2833 1258 2899 fuit,
1291 2847 1350 2890 ut
1389 2854 1490 2896 non
1544 2842 1723 2900 minus

161 2931 335 2983 Operae
367 2927 422 2970 et
452 2919 616 2972 studii
646 2920 696 2973 in
728 2923 900 2989 poetis
932 2938 986 2980 et
1025 2930 1332 2984 oratoribus
1356 2928 1719 3002 'perlegeudis,

160 3026 220 3064 ac
248 3013 392 3066 omni
427 3015 755 3084 antiquitate
781 3017 1149 3090 investiganda
1182 3026 1426 3092 posuisse
1451 3028 1717 3082 videatur.

159 3099 337 3171 Neque
374 3108 520 3160 enim
549 3111 801 3163 assentiri
834 3127 1051 3179 possum
1088 3118 1314 3173 eruditis
1341 3121 1474 3174 viris
1504 3122 1720 3176 Eusebii

159 3193 330 3249 locum
389 3199 462 3252 ita
510 3200 576 3253 ad
630 3201 1031 3274 philosophiam
1074 3209 1442 3266 referentibus
1468 3253 1482 3276 ,
1519 3222 1574 3266 ut
1613 3229 1716 3268 non

160 3288 329 3343 solum
371 3290 660 3349 rhetorica:
707 3297 1119 3367 professionem,
1150 3304 1243 3356 sed
1274 3306 1438 3358 etiam
1465 3307 1723 3376 eloquen-

161 3381 243 3434 tite
298 3383 518 3438 laudem
564 3385 797 3442 Tatiano
841 3390 1170 3458 ahjudicent.
1204 3393 1350 3471 Illius
1381 3399 1723 3468 antiquitatis

158 3474 521 3541 cognitionem
548 3477 799 3542 declarat,
815 3480 999 3537 Oratio
1022 3486 1274 3539 adversus
1302 3484 1508 3544 Greco:
1532 3508 1723 3546 recon-

159 3566 260 3617 dita
291 3568 602 3622 eruditione
633 3573 921 3628 abundans
955 3590 967 3638 ;
1019 3579 1322 3633 srudiosum
1358 3593 1636 3650 poetarum
1668 3593 1722 3639 et

159 3668 435 3712 oratorum
468 3660 636 3716 fuisse
674 3664 1016 3720 demonstrat
1041 3671 1251 3724 dicendi
1287 3687 1458 3740 genus
1487 3675 1718 3733 limatis-

157 3750 308 3802 sitnis
342 3749 570 3816 picturis
616 3763 671 3807 et
718 3755 947 3822 poeticis
988 3761 1360 3816 venustatibus
1399 3765 1718 3834 coloratum,

157 3853 217 3893 ac
262 3841 555 3894 verborum
606 3843 990 3902 luminibus‘et
1016 3854 1355 3909 ornamentis
1384 3856 1718 3913 distinctum.

157 3929 466 3997 Quinetiam
499 3933 818 4003 disciplinas
843 3937 1186 4007 Griecorum,
1223 3944 1275 3998 in
1305 3947 1500 4015 quibus
1534 3949 1720 4004 Tatia-

158 4038 278 4076 num
310 4023 673 4080 exercitatum
704 4029 874 4105 fuisse
910 4045 976 4084 ex
1007 4033 1244 4090 'EuSebio
1272 4047 1434 4106 atque
1463 4041 1622 4094 etiam
1653 4057 1720 4099 ex

159 4115 268 4184 ipso
309 4117 543 4172 Tatiano
585 4121 845 4178 discimus
874 4165 890 4188 ,
930 4140 1038 4178 non
1078 4128 1476 4198 philosophiam
1523 4134 1718 4199 solum,

159 4210 246 4262 sed
275 4209 413 4264 alias
441 4203 606 4265 etiam
649 4223 796 4270 artes
825 4216 1048 4287 intelligi
1084 4232 1342 4288 oportere
1367 4228 1720 4294 perspicimus

159 4314 219 4352 ex
253 4301 410 4356 initio
449 4301 727 4358 Orationis
770 4313 1022 4362 adversus
1055 4309 1298 4376 Gra’cos,
1337 4318 1424 4368 ubi
1459 4317 1720 4376 Tatianus

159 4389 231 4442 sic
264 4389 522 4458 loquitur,
554 4408 608 4445 ο.
643 4396 667 4448 1
705 4413 718 4449 :
761 4396 1170 4469 Ἀπεταξάμεθα
1209 4405 1271 4472 τῇ
1308 4403 1436 4475 παρ’
1470 4406 1595 4477 ὑμῖν
1631 4425 1720 4460 σο-

159 4481 266 4548 φία,
296 4482 399 4532 κᾶν
429 4482 476 4533 εἰ
515 4481 652 4535 πάνυ
691 4487 884 4556 σεμνός
921 4506 1002 4551 τις
1019 4485 1171 4561 ἦν’ὲν
1199 4493 1424 4565 αὐτῇ...
1477 4497 1721 4570 Ῥητορι-

1832 2014 2024 2053 norum
2073 2000 2388 2072 scripturas
2428 2006 2639 2060 incidit.
2668 2009 2763 2062 Sic
2809 2009 2925 2077 ipse
2972 2026 3082 2064 rem
3131 2015 3404 2080 edisserit,

1832 2107 1887 2145 It.
1909 2092 2014 2146 29:
2060 2094 2195 2171 κατ’
2230 2096 2462 2165 ἐμαυτὸν
2491 2098 2780 2167 γενόμενος
2817 2101 3042 2173 ἐζήτουν
3079 2105 3188 2174 ὅτῳ
3219 2107 3405 2177 τρόπῳ

1829 2183 2059 2253 τάληθὲς
2108 2168 2348 2258 ἐξευρεῖν
2402 2188 2653 2260 δύναμαι.
2709 2168 3052 2254 Περινοοῦντι
3091 2168 3282 2265 δόμοι
3336 2168 3404 2251 τὰ

1831 2275 2095 2329 σπουδαῖα
2143 2279 2347 2350 συνέϐη
2394 2286 2635 2351 γραφαῖς
2671 2301 2812 2346 τισιν
2861 2289 3102 2356 ἐντυχεῖν
3141 2288 3404 2361 βαρδαρι-

1829 2370 1984 2431 καῖς,
2019 2366 2418 2442 πρεσϐυτέραις
2461 2373 2558 2444 μὲν
2597 2375 2671 2439 ὡς
2717 2376 2851 2447 πρὸς
2889 2378 2969 2437 τὰ,
3007 2378 3271 2449 Ἐλλήνων
3313 2383 3401 2436 δό-

1827 2478 2012 2530 γματα
2033 2501 2046 2525 ,
2093 2461 2392 2534 θειοτέραις
2420 2465 2475 2518 δὲ
2501 2467 2576 2528 ὡς
2609 2466 2746 2538 πρὸς
2773 2470 2870 2538 τὴν
2910 2470 3132 2524 ἐκείνων
3173 2473 3398 2546 πλάνην.

1827 2554 1934 2607 Καί
1965 2572 2054 2624 μοι
2078 2555 2367 2624 πεισθῆναι
2392 2557 2612 2625 ταύταις
2641 2560 2836 2629 συνέϐη
2867 2559 2954 2613 διά
2985 2562 3173 2614 τετῶν
3206 2563 3402 2629 λέξεων

1825 2644 1885 2697 τὸ
1912 2645 2146 2714 ἄτυφον,
2180 2648 2276 2700 καὶ
2305 2647 2413 2700 τῶν
2455 2649 2716 2703 εἰπόντων
2747 2650 2804 2704 τὸ
2841 2653 3276 2724 ἀνεπιτήδευτον,
3309 2657 3400 2710 καὶ

1823 2735 1924 2806 τῆς
1959 2736 2051 2789 τοῦ
2083 2737 2284 2802 παντὸς
2315 2741 2584 2810 ποιήσεως
2617 2741 2678 2794 τὸ
2709 2742 3138 2814 εὐκατάληπτον,
3169 2747 3258 2799 καὶ
3291 2748 3400 2801 τῶν

1827 2833 2128 2903 μελλόντων
2184 2833 2245 2888 τὸ
2300 2838 2734 2915 προγνωστικὸν,
2783 2838 2874 2891 καὶ
2924 2839 3031 2892 τῶν
3085 2843 3397 2912 παραγγελ-

1827 2921 2010 3001 μάτων
2044 2924 2104 2977 τὺ
2157 2925 2432 2990 ἐξαίσιον,
2475 2927 2569 2985 καὶ
2606 2927 2722 2996 τῶν
2769 2929 2904 2982 ὅλων
2944 2931 3002 2984 τὸ
3051 2934 3394 3004 μοναρχικόν.

1826 2998 1849 3064 ἰ
1883 3016 2016 3079 Cum
2053 3031 2136 3070 me
2175 3017 2290 3086 ipse
2327 3018 2698 3088 collegissem,
2727 3022 2996 3088 quomodo
3026 3037 3212 3077 verum
3249 3027 3399 3080 inve-

1823 3111 1941 3164 nire
1965 3123 2185 3179 possem
2216 3111 2583 3178 inquirebant,
2608 3101 2840 3182 cumque
2870 3116 3107 3179 animum
3134 3134 3232 3186 per
3260 3120 3399 3187 npti-

1829 3216 1908 3253 ma
1939 3216 2166 3272 quisque
2197 3202 2445 3257 instituta
2479 3219 2778 3268 versarent,
2819 3207 2871 3260 in
2901 3209 3167 3275 quosdam
3198 3211 3398 3266 barba-

1827 3292 1971 3346 ricos
2004 3289 2175 3346 libros
2209 3294 2398 3357 incidi,
2431 3295 2770 3365 antiquiores
2808 3313 2969 3366 quam
3003 3309 3061 3351 ut
3087 3315 3208 3352 cum
3241 3300 3394 3355 Grat—

1825 3399 2014 3438 corum
2057 3385 2385 3454 disciplinis,
2430 3386 2727 3443 diviniores
2757 3405 2918 3458 quam
2963 3401 3018 3444 ut
3054 3407 3172 3444 cum
3205 3409 3392 3447 eorum

1823 3477 2104 3530 erroribus
2129 3476 2500 3534 cenferantur.
2531 3480 2642 3535 Usu
2681 3482 2810 3535 mihi
2836 3483 3017 3536 evenit
3041 3498 3097 3536 ut
3125 3486 3208 3539 bis
3234 3485 3394 3540 fidem

1825 3569 2082 3624 haberem
2123 3582 2348 3640 propter
2391 3574 2602 3628 dicendi
2646 3590 2815 3643 genus
2849 3577 3070 3631 minime
3108 3593 3391 3649 arrogans,

1823 3661 2156 3730 scriptorum
2189 3664 2465 3734 ingenium
2502 3667 2714 3721 artificii
2741 3685 2956 3738 expers,
2986 3674 3220 3728 universi
3247 3689 3396 3728 crea-

1825 3752 1994 3806 tionis
2025 3754 2450 3822 explicationem
2479 3768 2636 3827 captu
2670 3759 2901 3824 facilem,
2927 3761 3229 3817 futurorum
3259 3782 3398 3833 pra:-

1823 3846 2214 3913 cognitionem,
2251 3861 2647 3919 prazceptorum
2680 3853 3079 3920 excellentiam,
3112 3871 3176 3910 ac
3205 3858 3395 3927 singu-

1827 3936 1997 3991 larem
2033 3940 2410 3995 universorum
2447 3945 2836 4012 principatum.
2877 3964 2897 3996 r

1895 4028 2027 4080 Illud
2084 4031 2246 4084 etiam
2302 4030 2590 4086 Tatianum
2644 4037 2883 4090 maxime
2934 4037 3272 4105 adducebat,
3335 4052 3394 4095 ut

1825 4117 2196 4174 Christianam
2228 4122 2544 4191 religionem
2589 4125 2902 4190 miraretur,
2945 4130 3086 4196 quod
3129 4147 3225 4199 per
3271 4148 3390 4187 eam

1830 4211 2106 4267 hominem
2132 4228 2197 4266 ex
2226 4216 2487 4269 servitute
2514 4217 2764 4283 liberart,
2798 4231 2851 4272 et
2883 4221 2932 4272 in
2965 4223 3249 4290 pristinum
3281 4236 3394 4278 sta-

1828 4315 1973 4371 tum,
2007 4323 2072 4360 ex
2101 4318 2209 4376 quo
2243 4308 2442 4364 misere
2471 4310 2790 4376 decidimus,
2823 4314 3086 4368 vindicari
3123 4316 3390 4388 intellige-

1825 4410 1928 4451 ret.
1975 4395 2067 4452 Sic
2111 4398 2254 4452 euim
2291 4401 2499 4469 pergit,
2555 4402 2686 4456 ibid.
2724 4419 2738 4455 :
2773 4402 3121 4458 Θεοδιδάκτου
3172 4409 3227 4461 δέ
3289 4427 3387 4480 μου

1822 4489 2119 4560 γενομένης
2155 4491 2252 4559 τῆς
2281 4490 2456 4562 ψυχῆς
2489 4486 2695 4562 συνῆκα
2719 4533 2732 4556 ,
2760 4496 2841 4547 ὅτι
2869 4495 2936 4547 τὰ
2969 4500 3064 4566 μὲν
3096 4500 3390 4571 καταδίκης

159 4573 252 4640 κήν
309 4574 408 4641 μὲν
455 4572 563 4644 γὰρ
598 4575 682 4627 ἐπ’
726 4577 907 4648 ἀδικίᾳ
952 4581 1042 4633 καὶ
1087 4587 1414 4656 συκοφαντίᾳ
1460 4592 1718 4661 quoeo-71'}-
1747 4605 1794 4664 ο
1823 4581 1936 4651 ἔχει
1971 4581 2192 4650 τρόπον,
2233 4582 2299 4635 τὰ
2331 4584 2387 4636 δὲ
2418 4585 2497 4636 ὅτι
2541 4584 2652 4637 λύει
2691 4587 2788 4656 τὴν
2817 4589 2873 4640 ὲν
2908 4591 3102 4665 κόσμῳ.
3125 4590 3385 4653 δουλείαν,

161 4664 406 4717 οααθε....
452 4666 738 4738 ποιητικὴν
789 4669 846 4723 δὲ
890 4671 1069 4742 μάχας
1126 4674 1211 4727 ἵνα
1256 4679 1585 4750 συντάσσητε
1626 4683 1717 4732 καὶ

158 4753 283 4807 θεῶν
315 4756 526 4826 ἔρωτας
572 4759 663 4810 καὶ
698 4758 892 4830 ψυχῆς,
919 4762 1230 4842 διαφθοράν.
1284 4767 1347 4819 Τί
1382 4768 1490 4839 γὰρ
1521 4773 1715 4842 σεμνὸν

157 4846 559 4915 φιλοσοφοῦντες
602 4849 954 4919 ὲξηνέγκατε;
1003 4856 1085 4919 τίς
1125 4856 1181 4908 δὲ
1219 4856 1326 4910 τῶν
1369 4861 1507 4912 πάνυ
1548 4880 1715 4916 σπου-

157 4937 306 4991 δαίων
332 4939 648 5005 ἀλαζονείας
681 4942 782 5006 ἔξω
811 4946 1141 5016 καθέστηκεν
1168 4965 1181 5012 ;
1237 4967 1255 4999 ι
1296 4933 1586 5020 Sapientiae
1628 4971 1719 5010 re-

158 5041 271 5084 ειη
304 5037 553 5086 nuntium
585 5036 893 5090 remisimus
917 5078 928 5099 ,
982 5040 1196 5092 etiamsi
1232 5042 1520 5108 plurimum
1562 5047 1612 5099 in
1650 5061 1713 5099 ea

159 5125 416 5177 excellere
450 5125 855 5180 vidercmttr....
906 5125 1038 5182 Nam
1071 5144 1125 5182 et
1166 5133 1491 5188 rhetoricam
1521 5138 1587 5190 ad
1629 5139 1712 5190 in-

155 5213 410 5280 justitiam
435 5226 482 5269 et
510 5217 834 5272 calumniam
861 5220 1263 5276 instituistis....
1291 5227 1557 5293 poeticam
1582 5243 1712 5283 vero

159 5317 208 5359 ut
239 5324 445 5378 pugnas
473 5311 864 5366 describeretis
895 5323 949 5366 et
986 5314 1206 5368 deorum
1251 5332 1480 5383 amores,
1506 5329 1560 5374 et
1600 5324 1714 5374 ani-

163 5416 250 5453 mae
270 5404 658 5470 corruptelam.
683 5404 819 5470 Quid
844 5407 987 5458 enim
1013 5407 1442 5476 philosophando
1467 5412 1708 5478 praeclari

161 5492 468 5555 protulistis,
504 5503 596 5543 aut
630 5493 752 5561 quis
791 5510 853 5547 ex
886 5496 970 5559 iis,
1005 5498 1095 5565 qui
1126 5503 1562 5566 praestantissimi
1610 5505 1707 5556 ha-

160 5581 242 5635 biti
284 5584 445 5642 sunt,
499 5594 653 5638 extra
703 5589 1069 5657 arrogantiam
1129 5594 1458 5645 constitutus
1512 5595 1648 5648 fuit?
1685 5615 1702 5646 ι

160 5669 403 5727 Videntur
443 5691 573 5744 ergo
607 5678 821 5745 utrique
851 5693 1063 5734 errasse
1103 5690 1155 5736 ct
1188 5684 1276 5751 qui
1314 5683 1541 5741 Tatiano
1585 5688 1706 5741 rite.

215 5845 248 5875 "
279 5845 337 5899 Ν.
367 5846 460 5902 20.

533 5849 578 5884 ⁷⁷
603 5846 666 5901 Ν.
697 5847 784 5903 ‘27.

1819 4674 1914 4726 καὶ
1943 4673 2219 4743 ἀρχόντων
2258 4675 2353 4744 μὲν
2387 4676 2615 4741 πολλῶν,
2640 4677 2730 4729 καὶ
2762 4680 2969 4749 μυρίων
2999 4684 3143 4750 ἡμᾶς
3167 4685 3390 4755 ἀποσπᾷ.

1819 4763 2130 4835 τυράννων,
2169 4765 2349 4818 δίδωσι
2388 4766 2445 4818 δὲ
2485 4769 2616 4838 ἡμῖν
2661 4769 2759 4840 οὐχ
2790 4771 2924 4842 ὅπερ
2973 4774 3044 4843 μὴ
3095 4774 3386 4846 ἐλάϐομεν,

1821 4857 1936 4910 ἀλλ’
1966 4856 2102 4928 ὅπερ
2139 4858 2393 4923 λαϐόντες
2439 4861 2543 4913 ὑπὸ
2575 4863 2673 4932 τῆς
2701 4863 2907 4936 πλάνης
2937 4865 3078 4935 ἔχειν
3110 4869 3387 4941 ἐκωλύθη-

1821 4969 1942 5021 μεν.
1983 4971 2002 5004 ι
2045 4955 2238 5024 Itaque
2273 4969 2456 5012 mente
2487 4974 2602 5013 mea
2635 4962 2892 5015 divinitus
2923 4965 3112 5018 edocta
3145 4965 3385 5019 intellexi

1819 5045 1920 5098 ista
1952 5046 2169 5111 quidem
2208 5047 2648 5103 condemnationi
2693 5051 2867 5104 aflinia
2897 5068 3042 5117 esse,
3076 5058 3142 5106 ab
3176 5056 3259 5106 his
3289 5072 3385 5106 an-

1819 5141 1930 5188 tem
1962 5139 2280 5191 servitutem
2326 5140 2472 5193 illam
2515 5157 2633 5210 quae
2672 5144 2722 5194 in
2771 5147 2972 5198 mundo
3013 5158 3095 5199 est
3139 5147 3383 5212 dissolvi,

1818 5241 2024 5296 nosque
2069 5245 2097 5282 a
2147 5229 2329 5284 multis
2375 5235 2716 5303 principibus
2756 5247 2808 5289 et
2857 5237 3084 5291 infinitis
3139 5240 3385 5308 tyrannis

1817 5319 2064 5388 liberari,
2097 5339 2160 5377 ac
2188 5325 2332 5378 dono
2371 5328 2557 5395 augeri
2588 5345 2688 5381 non
2726 5330 2816 5384 illo
2853 5331 3069 5398 quidem
3113 5333 3248 5384 alias
3278 5348 3384 5385 non

1815 5429 2076 5471 concesso
2105 5457 2120 5483 ,
2157 5419 2252 5473 sed
2298 5424 2441 5489 quod
2482 5433 2763 5492 acceptum
2800 5425 3038 5479 retinere
3075 5442 3232 5480 error
3275 5444 3382 5480 non

1816 5512 2046 5567 siverat.

1885 5601 2066 5655 Roma:
2100 5603 2360 5662 Tatianus
2388 5608 2752 5662 Christianam
2806 5611 3121 5680 religionem
3168 5614 3384 5666 videtur

1811 5695 2094 5761 amplexus
2122 5713 2259 5753 (sse.
2295 5698 2422 5752 Nam
2449 5717 2570 5755 cum
2610 5715 2666 5756 se
2694 5702 2880 5758 multis
2909 5703 3214 5760 reaiouilms
3247 5720 3374 5757 υπ-
