4120 6414
720 454 825 511 163

1634 447 1695 507 S.
1725 442 2061 505 JUSTINUS
2092 437 2576 500 PHILOSOPHUS
2596 434 2686 493 ET
2726 431 3044 491 MARTYR.

3869 424 3975 481 164

720 571 929 643 agrstis
975 572 1184 626 tandem
1229 570 1286 625 in
1318 572 1417 625 hac
1460 570 1589 623 urbe
1636 580 2020 623 commoratum
2066 584 2177 623 esse
2208 567 2294 620 αἱ·
2326 582 2374 640 Α
2402 564 2481 619 ιιιί
2516 559 2729 627 schola,
2769 574 2934 628 quam
2961 555 3205 613 Justinus
3230 552 3415 610 Romae
3452 550 3794 615 instituerat,
3818 548 3978 643 illius

719 675 802 718 cat
826 662 874 694 "
897 678 911 726 ;
938 677 1173 731 cumque
1203 676 1268 715 ex
1299 660 1848 731 peregrinationibus,
1878 670 1933 714 ut
1960 662 2120 715 modo
2154 660 2293 715 vidi-

722 771 865 823 mus,
902 756 954 809 id
998 754 1301 823 perceperit
1330 753 1626 816 commodi,
1673 762 1731 806 ut
1756 752 2058 821 exploratis
2087 753 2295 821 ubique

722 846 880 900 falsis
916 845 1278 914 religionibus
1304 844 1588 899 veritatem
1614 843 1935 911 inquireret,
1964 858 2027 897 ac
2052 844 2105 897 in
2135 842 2295 899 Chri-

722 936 1023 992 stianorum
1048 935 1206 990 libris
1232 936 1507 1003 cognitam
1533 935 1973 1005 amplecteretur,
1999 935 2293 991 verisimile

721 1036 809 1083 est
851 1026 1105 1089 Romam,
1155 1038 1213 1079 ut
1254 1027 1779 1097 peregrinationum,
1824 1026 1897 1081 ita
1948 1028 2112 1081 etiam
2142 1041 2296 1082 erro-

726 1135 845 1173 rum
898 1127 955 1173 ct
1006 1119 1457 1187 superstitionum
1513 1118 1674 1173 linem
1722 1119 1913 1174 fuisse.
1964 1118 2081 1174 Huc
2129 1120 2293 1175 etiam

724 1217 931 1277 spectat
962 1209 1104 1273 quod
1151 1211 1247 1271 ait,
1281 1226 1336 1261 n.
1368 1208 1474 1263 35:
1501 1208 1699 1280 Διόπερ
1737 1208 1949 1281 χαίρειν
1994 1209 2163 1263 εἰπὼν
2200 1210 2295 1263 καὶ

721 1300 787 1369 τῇ
842 1299 1123 1369 Ῥωμαίων
1146 1299 1512 1372 μεγαλαυχίᾳ,
1536 1300 1628 1354 καὶ
1666 1304 1731 1373 τῇ
1772 1300 2065 1373 Ἀθηναίων
2103 1300 2298 1371 ψυχρο-

722 1388 902 1461 λογία,
944 1390 1204 1460 δόγμασιν
1227 1393 1645 1464 ἀσυναρτήτοις,
1685 1392 1787 1463 τῆς
1828 1392 1947 1446 καθ’
1983 1394 2132 1464 ἡμᾶς
2161 1392 2298 1464 βαρ-

724 1480 894 1553 ϐάρου
925 1482 1245 1553 φιλοσοφίας
1284 1483 1744 1556 ἀντεποιησᾶμην.
1795 1503 1814 1537 ι
1852 1484 1982 1539 Vale
2025 1485 2191 1556 igitur
2216 1485 2297 1540 di-

725 1583 815 1629 cto
846 1583 896 1629 et
928 1573 1298 1630 Romanorum
1324 1574 1607 1642 iactantia:
1655 1586 1709 1633 et
1752 1575 1950 1647 frigido
1990 1577 2294 1633 Athenien-

722 1666 864 1720 sium
899 1667 1159 1733 sermoni,
1192 1666 1335 1721 male
1388 1668 1555 1723 «artis
1598 1669 1972 1738 opinionibus,
2000 1670 2293 1727 barbaram

723 1767 965 1813 nostram
993 1758 1390 1828 philosophiam
1419 1759 1734 1829 complexus
1758 1777 1905 1817 sum.
1933 1782 1952 1816 ι

796 1848 1021 1904 Videtur
1065 1851 1327 1906 Tatianus
1379 1867 1488 1906 non
1541 1854 1629 1907 diu
1661 1862 1789 1909 ante
1821 1864 2052 1910 mortem
2097 1854 2294 1912 Justini

724 1958 926 1998 nomen
963 1944 1106 1997 inter
1154 1944 1496 1999 Christianos
1536 1944 1813 2014 professus
1864 1960 2008 2002 esse.
2055 1946 2193 2003 Nam
2242 1948 2296 2003 in
2328 1968 2371 2023 Β

726 2034 1013 2101 Oratione,
1050 2049 1213 2103 quam
1252 2035 1476 2105 scripsit
1522 2046 1645 2105 post
1690 2037 2011 2107 martyrium
2071 2035 2293 2105 Justini,

724 2126 815 2180 his
846 2128 1088 2181 occurrit
1125 2126 1442 2181 Graecorum
1481 2128 1719 2197 querelis
1745 2130 1789 2168 ⁷ο
1819 2146 1831 2183 :
1857 2127 2118 2193 Τατιανδς
2157 2130 2297 2202 ὑπὲρ

720 2216 967 2287 ἓλληνας,
1000 2218 1140 2288 ὑπὲρ
1174 2216 1232 2270 τὸ
1270 2218 1495 2290 ἄπειρον
1537 2218 1644 2272 τῶν
1683 2217 2115 2288 φιλοσοφούντων
2160 2219 2299 2289 πλῆ-

724 2308 836 2372 θος,
877 2312 1188 2380 καινοτομεῐ
1223 2309 1290 2363 τὰ
1336 2310 1625 2381 βαρϐάρων
1650 2309 1918 2381 δόγματα.
1967 2330 1985 2363 ι
2034 2309 2298 2365 Tatianus

724 2413 887 2470 supra
914 2399 1155 2462 Graecos.
1182 2416 1349 2471 supra
1379 2400 1646 2455 inﬁnitam
1689 2400 2136 2472 philosophorum
2166 2402 2288 2457 mul-

724 2491 1010 2545 titudinem
1036 2530 1052 2555 ,
1086 2507 1261 2546 novus
1295 2501 1382 2546 est
1416 2490 1777 2546 barbarorum
1817 2492 2079 2549 doctrina:
2111 2502 2289 2549 secta-

726 2590 830 2636 tor.
876 2600 895 2633 ι
941 2581 1164 2638 Novitas
1202 2585 1569 2652 exprobratur
1597 2584 1699 2639 hoc
1749 2583 1871 2640 loco
1902 2601 2007 2640 non
2036 2586 2299 2641 barbaro-

724 2687 844 2726 rum
879 2674 1166 2738 doctrinae,
1196 2686 1251 2727 ut
1281 2674 1663 2730 existimarunt
1689 2675 2035 2744 interpretes,
2061 2678 2154 2732 sed
2187 2672 2296 2731 Ta~

724 2763 859 2816 tiani
917 2764 1055 2818 hanc
1100 2765 1401 2818 doctrinam
1454 2765 1743 2833 sequentis
1800 2767 2064 2831 consilio;
2125 2767 2289 2836 idque

724 2852 1019 2908 conﬁrmat
1048 2853 1263 2909 Tatiani
1316 2857 1601 2926 responsio
1623 2898 1638 2925 ,
1670 2856 1763 2926 qui
1813 2855 1882 2911 ad
1921 2857 2297 2914 defensionem

726 2958 882 3000 suam
916 2945 1137 3000 adhibet
1164 2946 1292 3000 illud
1330 2945 1548 3002 Solonis
1576 2961 1588 2996 :

866 3036 1136 3108 Γηράσκω
1172 3038 1216 3091 δ’
1239 3039 1324 3092 ἀεὶ
1359 3038 1530 3092 πολλὰ
1565 3038 1966 3109 διδασκόμενος.

867 3127 1079 3196 Ξιηψιτ
1111 3148 1203 3200 ego
1234 3133 1510 3185 addisceus
1548 3132 1713 3185 multa
1744 3148 1955 3187 senesco
1984 3130 2161 3188 simul.

798 3221 886 3279 Ill.
936 3220 1353 3279 Pracclarissima
1404 3238 1541 3279 sane
1588 3225 1758 3281 edidit
1812 3226 1965 3280 initia
2013 3224 2295 3293 Tatianus,

2394 664 2569 711 morte
2602 654 2665 707 ad
2696 650 2986 706 Tatianum
3022 649 3205 713 rediit,
3236 655 3297 701 ut
3342 644 3663 715 conjicimus
3713 658 3781 697 ex
3818 641 3975 695 ιιιιο-

2394 746 2538 799 doue
2563 743 2762 814 insigni
2800 740 2981 796 steculi
3011 737 3235 795 secundi
3261 740 3550 807 scriptore,
3573 736 3664 805 qui
3693 749 3753 791 se
3780 731 3978 787 Romae

2395 852 2425 889 a
2458 836 2687 890 Taliane
2721 832 2997 888 eruditum
3036 830 3206 885 fuisse
3254 839 3488 885 testatus
3522 837 3627 893 est,
3668 837 3731 882 ut
3776 837 3977 881 narrat

2401 924 2692 991 Eusebius,
2738 923 2881 977 Hist.
2910 922 3008 977 lib.
3040 936 3093 987 ν,
3121 936 3174 977 c.
3210 920 3301 975 l5.

3000 1034 3228 1092 CAPUT
3270 1035 3358 1089 XI.

2400 1154 2475 1210 De
2509 1154 2695 1210 heresi
2733 1154 2797 1223 in
2831 1169 2986 1223 quam
3038 1152 3229 1223 lapsus
3252 1159 3325 1204 est
3370 1148 3627 1223 Tatianus
3663 1157 3713 1201 et
3742 1147 3807 1201 de
3828 1156 3980 1201 tecta

2755 1222 3156 1276 EnCratt‘tarum
3180 1222 3245 1275 ab
3273 1236 3332 1275 eo
3355 1222 3611 1289 conﬂata.

2398 1338 2435 1389 Ι.
2461 1338 2693 1389 Tatisnus
2711 1349 2810 1400 quo
2834 1334 3346 1400 tempore__ber_etlcns
3368 1331 3539 1400 factus.
3557 1331 3628 1400 il.
3653 1332 3861 1400 _Er_rores
3895 1332 3981 1383 illi

2459 1414 2567 1449 cum
2592 1402 2701 1449 aliis
2723 1394 3025 1449 communes.
3052 1394 3138 1445 ΙΙΙ.
3167 1397 3243 1445 An
3262 1394 3731 1457 mutivamACbﬁsti
3772 1408 3981 1444 cantem

2457 1460 2723 1573 docuerit‘.a
2733 1462 2813 1512 IV.
2840 1459 3062 1509 Salutem
3077 1458 3250 1509 Adami
3266 1454 3491 1518 negavit.
3516 1454 3574 1505 ν.
3602 1458 3677 1507 De
3700 1458 3984 1507 Encratita-

2457 1536 2672 1573 rumsec
2729 1559 2742 1571 .

2468 1630 2509 1686 l.
2540 1630 2741 1687 Justini
2772 1637 3039 1700 praecepta
3070 1637 3127 1683 et
3164 1626 3408 1699 exempla
3440 1640 3547 1681 non
3581 1626 3766 1680 statim
3796 1640 3829 1680 e
3858 1640 3983 1680 me-

2398 1724 2574 1779 moria
2624 1722 2843 1777 Tatiani
2893 1720 3151 1776 efﬂuxere
3182 1738 3195 1774 :
3231 1720 3472 1787 magistri
3521 1719 3781 1789 praeclare
3827 1717 3983 1774 facta

2396 1825 2451 1871 et
2474 1816 2615 1869 dicta
2648 1813 2907 1883 praedicat
2940 1812 2995 1867 in
3037 1810 3295 1867 Oratione
3344 1811 3597 1866 adversus
3627 1806 3867 1874 Gnaeos,
3910 1824 3985 1865 ac

2398 1905 2465 1959 de
2511 1903 2717 1959 Christi
2766 1903 3052 1958 divinitate
3098 1910 3154 1957 et
3194 1900 3601 1968 lncarnatione,
3652 1904 3720 1959 de
3778 1902 3981 1957 mundi

2401 1999 2683 2055 creatione
2715 1999 2769 2053 in
2812 2000 3060 2053 eamdem
3090 2012 3316 2068 prorsus
3352 2012 3416 2051 ac
3455 1993 3704 2052 Justinus
3748 2004 3986 2053 senten-

2401 2093 2557 2158 tiam,
2588 2104 2977 2159 nonnunquam
3023 2091 3076 2145 in
3119 2090 3307 2146 eadem
3348 2090 3515 2145 verba
3565 2091 3827 2159 disputat.
3865 2090 3985 2147 Sed

2400 2192 2581 2240 tamen
2613 2198 2723 2240 non
2755 2183 2927 2239 multo
2956 2193 3080 2254 post
3119 2184 3323 2238 amissa
3351 2182 3615 2238 doctrina:
3656 2183 3885 2251 lumina,
3919 2190 3985 2238 et

2397 2278 2526 2332 vita:
2554 2277 2849 2331 sanctioris
2894 2275 3221 2346 specimina,
3251 2288 3371 2345 qua:
3413 2276 3469 2330 in
3510 2273 3729 2329 Justino
3761 2276 3984 2330 habue-

2402 2378 2505 2433 rat,
2536 2366 2704 2422 vcluti
2735 2381 2912 2421 caecus
2946 2366 3172 2420 ductore
3214 2366 3502 2421 destitutus
3540 2367 3879 2436 praecipitem
3916 2382 3985 2423 se

2399 2459 2453 2514 in
2484 2473 2700 2515 errores
2740 2458 3104 2529 nequissimos
3131 2458 3295 2524 dedit,
3323 2468 3378 2513 et
3406 2475 3472 2514 ex
3497 2459 3747 2514 veritatis
3777 2460 3993 2533 defert-7

2398 2567 2522 2608 sore
2546 2552 2725 2607 factus
2751 2563 2832 2607 est
2856 2553 3035 2622 impia:
3064 2553 3284 2608 bzeresis
3312 2552 3528 2607 artifex.
3555 2553 3708 2609 Hanc
3724 2554 3983 2611 hominis

2400 2647 2467 2702 de
2504 2646 2746 2702 Ecclesia
2786 2647 2923 2702 bene
2950 2646 3131 2700 meriti
3166 2648 3376 2699 ruinam
3410 2647 3677 2716 superbia:
3720 2649 3984 2703 attribuit

2400 2742 2658 2807 lrenmus,
2682 2741 2775 2810 qui
2810 2742 2877 2795 de
2915 2738 3147 2793 Tatiano
3176 2739 3253 2793 sic
3279 2738 3537 2807 loquitur,
3569 2738 3665 2793 lib.
3696 2754 3735 2805 ι,
3771 2754 3821 2793 c.
3862 2738 3940 2795 28
3961 2755 3979 2792 :

2397 2831 2555 2887 Μετὰ
2579 2832 2635 2885 δὲ
2660 2830 2757 2902 τὴν
2786 2831 2993 2884 ἐκείνου
3038 2829 3337 2902 μαρτυρίαν
3363 2830 3605 2895 ἀποστὰς
3628 2832 3987 2906 τῆςἘκκλη-

2400 2922 2542 2990 σίας,
2574 2923 2796 2994 οἱήματι
2821 2923 3137 2977 διδασκάλου
3164 2922 3419 2995 ἐπαρθεὶς
3445 2922 3537 2976 καὶ
3575 2922 3865 2993 τυφωθεὶς,
3897 2924 3985 2989 ὡς

2400 3018 2670 3089 διαφέρων
2703 3017 2809 3072 τῶν
2836 3018 3036 3071 λοιπῶν
3082 3019 3209 3072 ἴδιον
3238 3018 3559 3091 χαρακτῆρα
3601 3016 3986 3071 διδασκαλείου

2402 3110 2788 3181 συνεστήσατο.
2823 3127 2840 3161 ι
2872 3109 3001 3163 Post
3031 3124 3159 3165 vero
3190 3110 3335 3165 illius
3364 3107 3609 3179 (Justini)
3646 3109 3983 3177 martyrium

2402 3202 2672 3259 absistens
2717 3202 2784 3257 ab
2833 3201 3099 3268 Ecclesia,
3149 3211 3205 3258 et
3245 3201 3670 3272 praesumptione
3721 3201 3984 3271 magistri

724 3321 782 3365 et
832 3327 954 3366 cum
1002 3327 1060 3367 se
1111 3312 1299 3369 Romae
1351 3317 1418 3369 ad
1468 3314 1740 3370 Iustinum
1802 3315 2160 3383 contulisset,
2215 3316 2294 3371 vi-
2326 3297 2368 3356 (ἶ
2402 3294 2583 3350 emus
2628 3304 2683 3351 εί
2730 3294 2969 3360 mam“,
3006 3297 3161 3367 qu"Si
3207 3310 3319 3365 pm"
3366 3295 3581 3350 cancris
3625 3304 3987 3383 essel’Pm‘

725 3421 867 3472 rum,
899 3417 956 3461 ut
983 3408 1097 3477 ipse
1136 3410 1407 3480 appellat,
1440 3411 1495 3465 in
1531 3411 1720 3480 primis
1753 3411 2157 3476 admirandum,
2185 3425 2293 3467 non

726 3514 915 3566 parum
941 3501 1154 3554 videtur
1181 3503 1234 3555 in
1272 3504 1371 3557 hac
1402 3505 1715 3558 sanctitatis
1741 3512 1797 3559 et
1826 3503 2095 3558 doctrinae.
2123 3502 2292 3557 disci-

721 3590 867 3659 plina
899 3592 1217 3661 profccisse.
1254 3592 1402 3648 lllius
1431 3609 1537 3649 non
1589 3594 1770 3650 solum
1814 3593 2115 3663 discipulus
2149 3603 2293 3660 erat,

725 3689 820 3739 sed
869 3687 1033 3739 etiam
1068 3685 1305 3753 adiutor,
1340 3686 1411 3740 ita
1441 3696 1501 3741 ut
1543 3688 1597 3742 in
1639 3686 1977 3743 defendenda
2011 3686 2293 3757 religione,

725 3793 791 3833 ac
825 3779 878 3833 in
921 3780 1261 3849 philosophis
1302 3779 1621 3836 refellendis
1651 3780 1919 3835 secundas
1962 3779 2108 3836 ferre
2138 3781 2294 3835 vide-

727 3882 896 3926 retur.
932 3870 1064 3924 Nam
1096 3886 1220 3925 cum
1256 3870 1523 3926 Crescens
1551 3870 1787 3942 Cynicus
1814 3870 1947 3924 nihil
1972 3872 2295 3926 intentatum

726 3959 1080 4028 relinqueret,
1110 3969 1168 4013 ut
1195 3956 1493 4025 Justinum,
1528 3975 1559 4012 a
1593 3976 1700 4030 quo
1731 3959 1915 4013 multis
1940 3960 2290 4015 audientibus

725 4051 1090 4122 ignorationis
1120 4052 1402 4105 convictus
1428 4051 1628 4117 fuerat,
1661 4066 1691 4105 e
1718 4051 1896 4106 medio
1929 4050 2171 4117 tolleret;
2203 4066 2295 4105 ea-

723 4142 848 4195 dem
899 4139 1129 4195 consilia
1181 4141 1246 4193 de
1290 4138 1505 4193 Tatiani
1556 4139 1796 4208 pernicie
1837 4140 2145 4194 instruebat
2196 4141 2295 4195 :in

723 4243 1018 4301 utrumque
1046 4231 1284 4286 nefarios
1314 4232 1515 4286 furoris
1544 4231 1626 4285 sui
1654 4242 1883 4287 conatus
1907 4231 2291 4287 meditabatur.

725 4325 817 4378 Sic
846 4325 989 4378 enim
1029 4322 1320 4386 Tatianus,
1356 4339 1412 4377 n.
1451 4322 1516 4377 l9
1558 4322 1842 4378 εθανάτου
1877 4323 1932 4376 δὲ
1961 4325 1989 4375 δ
2025 4340 2297 4395 καταφρο-

722 4417 849 4481 νῶν,
886 4416 1054 4478 οὕτως
1099 4414 1259 4467 αὑτὸν
1294 4414 1477 4468 ἐδεδίει
1512 4414 1600 4467 τὸν
1644 4414 1890 4479 Θάνατον,
1927 4415 2003 4477 ὡς
2046 4416 2137 4467 καὶ
2170 4416 2298 4468 Ἰου-

727 4512 903 4562 στῖνον
931 4507 1181 4576 καθάπερ
1212 4506 1304 4558 καὶ
1334 4505 1434 4575 ἐμὲ
1478 4500 1588 4558 οἷον
1616 4506 1772 4576 κακῷ
1797 4505 1873 4576 τῷ
1911 4505 2123 4576 Θανάτῳ
2150 4523 2297 4578 περι-

727 4600 910 4653 ϐαλεῖν
950 4597 1543 4669 πραγματεύσασθαι...
1574 4598 1739 4660 Τίνας
1778 4597 1835 4650 δὲ
1874 4596 1938 4651 ἂν
1988 4598 2081 4649 καὶ
2110 4597 2294 4664 διῶξαι

2396 3386 2580 3457 prium
2632 3386 3011 3440 characterem
3068 3386 3335 3441 doctrina:
3384 3385 3690 3441 constituit.
3742 3403 3761 3436 ι
3815 3382 3986 3439 Nunc

2402 3476 2829 3530 examinandum
2858 3476 3017 3531 nobis
3067 3486 3154 3531 est
3198 3492 3307 3553 (ιιιο
3344 3486 3589 3547 tempore
3628 3476 3696 3530 ab
3727 3475 3985 3531 Ecclesia

2397 3567 2678 3633 defecerit,
2710 3582 2955 3638 quosque
2983 3568 3325 3637 potissimum
3368 3578 3592 3625 secutus
3621 3570 3694 3623 sit
3728 3582 3981 3625 errores.

2468 3658 2667 3713 Narrat
2701 3659 3039 3728 Epiphanius
3069 3660 3114 3691 “
3153 3660 3442 3715 Tatianum
3477 3661 3531 3714 in
3575 3659 3980 3730 Mesopotamia

2396 3765 2592 3805 novam
2618 3758 2821 3805 sectam
2852 3750 3088 3805 condere
3114 3750 3403 3818 incmpisse
3429 3749 3576 3803 circa
3606 3764 3806 3803 animm
3836 3748 3985 3803 duo-

2398 3844 2668 3897 decimum
2722 3842 3071 3912 imperatoris
3124 3842 3419 3907 Antonini,
3471 3851 3831 3912 cognomento
3862 3840 3978 3901 Pii.

2397 3934 2499 3990 Vix
2550 3934 2822 4004 integrum
2873 3934 2947 3988 sit
2994 3934 3064 3987 ab
3103 3933 3206 3987 hac
3235 3933 3504 3987 sententia
3550 3934 3851 4001 discedere,
3888 3934 3981 3991 his

2395 4030 2488 4099 qui
2517 4026 2792 4083 Iustinum
2839 4026 2940 4081 sub
2981 4026 3259 4080 Antonino
3306 4041 3527 4095 passum
3568 4026 3789 4093 volunt;
3824 4028 3979 4096 quod

2396 4122 2619 4191 quidem
2649 4135 2772 4173 cum
2802 4119 3043 4173 arrident
3070 4119 3285 4173 erudito
3316 4118 3521 4173 auctori
3566 4118 3979 4174 dissertationis

2397 4228 2559 4282 supra
2594 4213 2796 4276 citatas,
2828 4211 3131 4279 Epiphanio
3183 4212 3239 4264 in
3292 4210 3403 4275 his,
3431 4224 3551 4280 qua:
3578 4211 3645 4263 ad
3675 4211 3976 4265 Tatianum

2397 4302 2656 4372 attinent,
2700 4304 3047 4373 astipulatur,
3079 4304 3152 4358 ita
3182 4314 3362 4357 tamen
3388 4314 3445 4358 ut
3478 4319 3679 4357 annum
3709 4305 3977 4360 duodeci-

2396 4412 2543 4451 mum
2572 4396 2834 4452 Antonini
2867 4410 2973 4451 non
3008 4405 3340 4458 currentem,
3380 4397 3473 4450 sed
3500 4406 3751 4450 exactum
3798 4397 3978 4452 inter-

2397 4497 2661 4561 pretetur,
2691 4503 2755 4544 ac
2781 4487 2992 4542 Tatiani
3018 4487 3268 4543 haeresim
3296 4487 3363 4541 ad
3395 4503 3596 4542 annum
3628 4488 3831 4543 Christi
3862 4489 3966 4544 151

2400 4582 2619 4638 referat.
2652 4583 2719 4635 At
2767 4581 2967 4651 quibus
3002 4580 3309 4635 rationibus
3350 4595 3514 4650 supra
3559 4591 3857 4651 pugnatum
3884 4591 3969 4636 est

720 4691 829 4745 τῶν
872 4647 1209 4760 φιλοσόφων,
1246 4690 1293 4741 εί
1326 4688 1400 4761 μὴ
1451 4688 1641 4760 μόνους
1682 4647 1831 4760 nisi;
1873 4688 2091 4754 εἴωθεν;
2131 4710 2149 4742 ι
2185 4647 2292 4744 Iste

2399 4675 2458 4733 S.
2486 4688 2778 4746 martyrem
2809 4671 3082 4727 Justinum
3106 4672 3205 4726 sub
3235 4671 3304 4726 Μ.
3330 4673 3551 4727 Aurelio
3576 4688 3794 4742 passum
3825 4688 3966 4740 esse,

722 4793 905 4837 autem
948 4783 1139 4836 mortis
1188 4790 1553 4849 contemptor,
1594 4783 1666 4835 ita
1718 4792 1947 4837 mortem
1994 4781 2286 4844 metuebat,

721 4884 781 4927 ut
808 4888 928 4927 eam
961 4874 1125 4928 veluti
1159 4875 1361 4928 malum
1386 4875 1602 4943 aliquod
1636 4874 1868 4939 Justino,
1904 4889 2011 4928 non
2038 4887 2196 4928 secus
2223 4888 2287 4927 ac

720 4965 879 5028 mihi,
925 4966 1425 5020 machinationibus
1467 4966 1580 5018 suis
1630 4965 1833 5020 inferre
1870 4974 2098 5020 conatus
2144 4963 2285 5017 sit...

721 5055 998 5123 Quosnam
1032 5068 1214 5111 autem
1244 5058 1692 5127 philosophorum
1745 5057 1848 5110 nisi
1893 5072 1989 5110 nos
2032 5054 2176 5110 s010s
2208 5055 2288 5106 in-

721 5148 923 5201 sectari
957 5147 1205 5201 solebat?
1233 5165 1252 5199 ι
1283 5148 1554 5213 Quantum
1586 5148 1759 5202 fuerit
1800 5146 2017 5200 Tatiani
2050 5145 2286 5199 studium

721 5235 1003 5306 religionis
1032 5236 1402 5301 defendendae,
1449 5252 1515 5291 ex
1560 5238 1664 5292 hoc
1694 5235 2010 5292 Crescentis
2049 5235 2101 5288 in
2137 5232 2288 5287 illum

718 5328 845 5382 odio
873 5328 1225 5398 perspicitur.

788 5418 1100 5474 Crescentis
1137 5419 1354 5475 insidiis
1399 5418 1633 5475 feliciter
1674 5417 1960 5475 succubuit
1998 5414 2284 5483 Justinus;

718 5525 827 5564 non
858 5510 977 5565 sine
1006 5527 1199 5581 magno
1228 5527 1329 5569 suo
1371 5513 1514 5567 malo
1553 5511 1725 5566 evasit
1765 5509 2048 5563 'l‘atianus.
2094 5506 2198 5561 Sed
2230 5516 2290 5560 ut

718 5602 967 5672 magistri
1000 5603 1242 5659 laborum
1268 5620 1492 5660 consors
1516 5614 1572 5659 et
1597 5604 1776 5658 socius
1800 5601 1999 5668 fuerat,
2033 5601 2105 5653 ita
2126 5601 2288 5653 etiam

718 5692 865 5749 illius
892 5712 957 5751 ex
995 5711 1117 5752 asse
1163 5699 1339 5753 haeres
1369 5697 1583 5752 videtur
1614 5694 1800 5749 tuisse.
1834 5691 1958 5749 Hazc
1988 5692 2133 5748 enim
2178 5688 2292 5744 vcl-

788 5868 835 5899 "
856 5868 919 5923 N.
958 5869 1046 5927 '55.
1106 5870 1151 5902 "'
1180 5868 1244 5926 Ν.
1273 5870 1362 5926 35.
1441 5870 1485 5904 '°
1524 5869 1730 5927 Haeres.
1760 5869 1828 5924 46

2398 4769 2590 4824 iisdem
2617 4768 2850 4822 edicitur
2884 4765 3171 4819 Tatianum
3202 4764 3270 4818 ad
3294 4764 3541 4819 hmresirn
3567 4765 3666 4818 sub
3691 4766 3972 4820 Antonino

2395 4862 2629 4916 deiicere
2685 4875 2797 4921 non
2844 4859 3112 4928 potuisse.
3145 4858 3345 4913 Verum
3392 4858 3494 4912 hoc
3538 4856 3659 4910 loco
3708 4858 3969 4911 nonnulla

2393 4952 2641 5022 proferre
2676 4950 2829 5015 libet,
2864 4965 2983 5020 qua:
3012 4951 3185 5021 magis
3210 4950 3430 5019 propria
3462 4948 3573 5003 sint
3602 4946 3841 5002 Tatiani.

2465 5044 2583 5110 Quo
2611 5054 2853 5112 tempore
2883 5042 3454 5106 scribebatTatianus,
3479 5050 3739 5111 perpetuo
3772 5042 3969 5096 mortis

2391 5136 2632 5209 periculo
2683 5134 2931 5203 exposita
2975 5143 3097 5189 erat
3137 5133 3465 5188 Christianae
3506 5133 3785 5200 religionis
3831 5147 3966 5202 pro-

2393 5228 2598 5293 fessio;
2640 5236 2847 5281 etcum
2880 5235 3134 5280 auctores
3184 5223 3424 5279 nonnulli
3480 5232 3662 5280 essent
3706 5224 3963 5288 Tatiani),

2393 5331 2455 5375 ut
2509 5328 2737 5373 mortem
2790 5316 3101 5371 mentiendo
3154 5316 3593 5385 subterfugeret,
3644 5317 3723 5371 sic
3768 5331 3962 5370 eorum

2395 5411 2619 5467 consilia
2666 5409 2878 5477 repellit
2926 5426 2942 5464 :
2989 5409 3055 5461 Τί
3088 5425 3177 5477 μοι
3223 5407 3609 5478 συμϐουλεύεις
3656 5406 3964 5477 ψεύσασθαι

2393 5504 2491 5576 τὴν
2542 5502 2846 5566 πολιτείανς
2893 5501 2946 5553 τί
2984 5502 3039 5555 δὲ
3094 5500 3267 5569 λέγων
3306 5501 3536 5555 Θανάτου
3580 5503 3962 5569 καταφρονεῖν,

2393 5591 2480 5645 διὰ
2517 5591 2711 5659 τέχνης
2759 5590 2979 5658 φεύγειν
3026 5588 3187 5640 αὑτὸν
3218 5588 3644 5657 καταγγέλλεις;
3691 5584 3831 5653 Ἐγὼ
3866 5588 3966 5658 μὲν

2395 5684 2495 5738 οὐκ
2523 5682 2631 5755 ἔχω
2674 5681 2897 5754 καρδίαν
2928 5680 3146 5752 ἐλάφου.
3182 5698 3199 5731 ι
3238 5679 3375 5749 Quid
3422 5681 3553 5736 mihi
3600 5689 3794 5735 auctor
3819 5697 3881 5739 es
3907 5688 3967 5737 ut
