4120 6406
141 461 257 518 I63

1185 455 1246 509 li.
1283 453 1545 510 MARANI
1584 453 1981 510 PRZEFATIO.
2013 483 2083 495 --
2112 451 2292 509 PARS
2325 451 2412 508 Ill.

3310 453 3414 510 166

139 600 338 640 meum
384 584 694 639 institutum
755 576 1022 634 mentiar?
1067 576 1133 632 Et
1175 578 1269 646 qui
1319 586 1548 632 mortem
1601 595 1628 630 a
1679 586 1732 632 te
1761 586 1806 642 Α
1838 587 1949 631 tum
2002 576 2187 630 Protei
2242 591 2543 646 cognomen
2578 575 2823 630 omnium
2853 589 3122 631 consensu
3170 582 3229 629 et
3270 576 3413 627 fatim

134 677 433 733 contemni
469 675 723 739 dictitas;
755 687 854 726 cur
879 671 1142 734 hortaris,
1176 677 1236 725 ut
1263 685 1382 723 eam
1409 680 1524 724 astu
1564 669 1725 723 decli-

135 769 317 824 nem?
354 770 418 822 At
443 781 538 837 ego
562 780 657 821 cor
680 764 826 819 cervi
854 779 957 818 non
991 763 1186 816 habeo.
1222 779 1238 812 γ
1278 759 1392 829 Etsi
1427 761 1477 814 in
1509 761 1594 814 his
1622 776 1728 814 nou

137 874 254 916 tam
313 858 577 914 Antonini
608 858 730 912 lene
773 855 1080 925 imperium,
1110 869 1276 924 quam
1307 854 1529 922 iniquus
1559 850 1728 904 Marci

139 957 196 1008 in
235 954 588 1010 Christianos
619 952 834 1005 animus
864 948 1210 1019 agnoscitur;
1265 961 1372 1000 non
1410 955 1589 1000 tamen
1629 945 1731 999 hoc

131 1059 271 1100 utar
313 1053 671 1114 argumento;
706 1041 869 1110 quia,
911 1049 968 1093 ut
1019 1053 1184 1108 supra
1229 1037 1539 1100 observavi,
1565 1049 1730 1104 paces

141 1139 246 1195 sub
278 1139 528 1194 Adriano
570 1147 626 1191 et
662 1134 938 1188 Antonino
974 1144 1281 1193 concessae,
1316 1129 1548 1182 induciae
1577 1142 1730 1198 quae-

143 1234 273 1286 dam
313 1231 556 1295 fuerunt,
578 1244 695 1297 qua:
721 1242 820 1282 nec
849 1225 1280 1281 Christianorum
1310 1222 1362 1274 in
1389 1220 1730 1275 cruciatibus

138 1322 481 1378 constantia:
517 1318 848 1374 oblivionem
882 1317 1246 1373 inducereut.
1279 1327 1380 1366 nec
1421 1311 1728 1365 futurarum

141 1409 605 1482 persecutionum
639 1416 841 1461 metum
880 1405 1154 1459 tollerent.
1190 1402 1405 1456 Certius
1437 1413 1732 1471 argumen-

141 1515 264 1558 tum
299 1501 618 1572 suppeditat
649 1498 938 1563 Eusebius,
976 1496 1067 1567 qui
1111 1495 1257 1549 inter
1298 1495 1594 1562 scriptores
1626 1493 1728 1546 sub

140 1604 342 1658 Marco
375 1601 594 1656 Aurelio
619 1607 838 1654 exortus
870 1596 1161 1651 Tatianum
1189 1604 1434 1648 recenset
1465 1607 1528 1645 ac
1561 1591 1726 1645 etiam

138 1699 476 1758 Musanum,
520 1709 548 1748 a
580 1707 688 1763 quo
742 1691 992 1745 hzeresim
1042 1686 1292 1749 Tatiaui,
1330 1685 1513 1739 statim
1565 1691 1730 1750 atque

137 1797 340 1842 exorta
379 1796 482 1849 est,
530 1782 847 1837 debellatam
895 1780 1059 1834 fuisse
1082 1779 1211 1834 dicit
1241 1777 1282 1808 ⁸¹
1312 1792 1325 1830 :
1354 1776 1460 1828 Καὶ
1500 1773 1726 1829 Μουσά-

137 1897 234 1931 von
277 1879 363 1936 δὲ,
386 1876 447 1928 ὃν
483 1875 538 1926 ὲν
564 1876 674 1936 τοῖς
705 1871 939 1939 φθάσασι
964 1869 1348 1939 κατελέξαμεν,
1385 1867 1607 1937 φέρεταί
1646 1883 1729 1930 τις

137 1964 715 2039 ὲπιστρεπτικώτατος
747 1963 901 2031 λόγος
944 1961 1078 2033 πρός
1119 1975 1269 2022 τινας
1307 1957 1455 2028 αὐτῷ
1495 1958 1728 2028 γραφεὶς

139 2059 438 2128 ἀδελφοὺς,
473 2055 866 2118 ἀποκλίναντας
891 2053 980 2106 ἐπὶ
1002 2053 1099 2123 τὴν
1129 2050 1235 2104 τῶν
1260 2048 1564 2120 λεγομένων
1604 2047 1728 2115 Ἐγ-

139 2149 428 2223 κρατιτῶν
459 2149 686 2219 αἵρεσιν,
724 2146 846 2216 ἄρτι
873 2144 994 2197 τότε
1021 2141 1175 2212 φύειν
1209 2140 1538 2213 ἀρχομένην,
1574 2138 1728 2207 ξένην

139 2262 202 2296 τε
255 2244 359 2296 καὶ
406 2240 734 2312 φθοριμαεαν
785 2235 1126 2307 ψευδοδοξίαν
1179 2231 1504 2297 εἰσάγουσαν
1558 2231 1615 2282 ὲν
1653 2229 1730 2300 τῷ

141 2335 266 2406 βίῳ.
299 2329 410 2396 ἿῙς
452 2330 832 2403 παρεκτροπῆς
871 2326 1109 2398 ἀρχηγὸν
1155 2323 1491 2393 καταστῆναι
1536 2322 1732 2374 Τατια-

140 2430 235 2480 νον
280 2426 442 2494 λόγος
483 2425 615 2494 ἔχει.
661 2442 678 2475 ι
718 2420 826 2476 Sed
860 2430 913 2476 et
945 2417 1179 2483 Musani,
1216 2415 1374 2484 cujus
1408 2429 1570 2483 supra
1621 2427 1734 2467 me-

145 2521 434 2582 minimus,
472 2514 911 2588 elegantissimus
958 2512 1182 2582 quidam
1233 2518 1411 2564 exstat
1468 2507 1605 2561 liber
1663 2507 1730 2559 ad

141 2613 416 2682 quosdam
484 2610 700 2676 fratres,
759 2610 850 2679 qui
907 2608 972 2662 ad
1028 2605 1430 2660 Encratitarum
1475 2599 1728 2655 haeresim

144 2704 504 2757 desciverant
550 2718 564 2755 :
611 2715 730 2769 qua:
801 2709 929 2752 tunc
990 2696 1225 2766 primum
1282 2700 1468 2746 exorta
1528 2704 1729 2743 uovunt

141 2795 444 2864 quemdam
500 2807 564 2847 ac
613 2791 979 2861 perniciosum
1037 2800 1279 2842 errorem
1339 2783 1459 2837 orbi
1497 2781 1726 2836 invexit.

143 2889 330 2958 Hujus
365 2897 525 2942 secta:
553 2897 828 2941 auctorem
862 2883 1149 2953 perhibent
1171 2880 1336 2935 fuisse
1361 2877 1672 2933 Tatianum.
1703 2893 1722 2927 ι

141 2982 297 3036 Idem
336 2979 597 3035 Eusebius
631 2979 683 3032 in
723 2977 972 3034 Chronic.
1015 2976 1082 3030 ad
1117 2989 1318 3029 annum
1349 2969 1728 3026 duodecimum

144 3072 215 3127 ﬂ.
254 3071 468 3126 Aurelii
504 3070 736 3124 collocat
777 3070 1026 3124 hmresim
1066 3065 1302 3120 Tatiaui.

215 3165 435 3219 Deinde
463 3178 593 3217 vero
627 3162 861 3216 Irenteus
888 3160 976 3229 qui
1007 3159 1167 3212 annis
1206 3170 1342 3227 pene
1369 3152 1728 3224 quadraginta

142 3267 241 3310 aut
277 3255 474 3310 saltem
511 3254 736 3322 triginta
792 3260 915 3320 post
961 3264 1160 3304 annum
1197 3248 1401 3302 Christi
1456 3245 1550 3299 151
1589 3243 1728 3298 scri-

141 3350 341 3412 bebat,
375 3347 624 3400 bzeresim
655 3345 896 3408 Tatiaui,
933 3352 991 3396 ut
1017 3351 1290 3396 recentem
1327 3355 1389 3393 ac
1430 3352 1599 3407 nuper
1641 3338 1727 3389 in--

143 3448 371 3495 vetitam
405 3447 818 3493 commemorat.
854 3435 1239 3491 Contradicunt
1265 3449 1490 3504 quoque,
1528 3429 1724 3500 inquit,

141 3536 242 3590 lib.
276 3551 317 3598 ι,
353 3549 404 3586 c.
436 3531 525 3598 28,
559 3532 672 3602 ejus
711 3531 874 3584 saluti
913 3529 1003 3599 qui
1037 3532 1239 3597 primus
1272 3526 1568 3595 plasmata:
1597 3530 1674 3576 est
1706 3536 1724 3586 ;

137 3643 187 3684 et
219 3633 325 3682 nec
354 3644 515 3695 nuper
539 3627 803 3678 inventum
832 3633 907 3676 est
939 3621 1077 3689 apud
1100 3636 1186 3674 eos
1210 3633 1228 3673 :
1254 3614 1724 3684 Tatianoquodam

143 3729 322 3792 primo
354 3723 489 3772 hanc
517 3718 875 3770 introducente
901 3714 1302 3781 blaSphemtam.

221 3816 280 3868 In
322 3813 576 3867 Oratione
606 3810 821 3864 Tatiaui
859 3817 982 3861 ante
1021 3806 1275 3862 haeresim
1315 3803 1516 3873 scripta
1550 3809 1730 3856 exstat

149 3923 256 3960 non
293 3903 548 3973 illepidus
596 3902 816 3971 quidam
847 3900 900 3953 in
933 3897 1287 3967 Peregrinum
1326 3895 1440 3949 sive
1471 3892 1728 3947 Proteum

153 3995 408 4058 aculeus,
445 3994 535 4062 qui
569 4008 693 4049 cutn
750 4008 812 4047 ea
866 3994 1158 4063 Opinione,
1196 4006 1358 4061 quam
1409 3987 1727 4054 refellimus,

153 4088 442 4143 conciliari
481 4101 585 4140 non
618 4086 808 4156 possit.
843 4084 935 4140 Sic
965 4085 1109 4140 enim
1159 4085 1248 4139 ille
1279 4082 1515 4155 Cynicus
1544 4084 1730 4151 exagi-

156 4193 305 4234 tatur
340 4196 368 4230 a
412 4179 664 4243 Tatiauo,
695 4187 755 4230 ut
801 4177 906 4232 iam
946 4187 1058 4231 tum
1111 4192 1237 4232 sese
1265 4179 1445 4230 vivum
1479 4175 1730 4229 combus-

154 4274 309 4335 sisse,
343 4272 487 4340 quod
522 4269 734 4337 quidem
761 4269 828 4322 ab
857 4284 920 4323 eo
957 4269 1157 4324 factum
1182 4277 1264 4323 est
1293 4267 1346 4321 in
1382 4266 1523 4320 ludis
1547 4263 1732 4336 Olym-

155 4364 289 4431 picis
341 4379 486 4414 anno
521 4360 658 4422 165,
694 4369 789 4413 aut
839 4360 1028 4412 saltem
1087 4358 1188 4413 sub
1238 4357 1422 4411 Protei
1475 4356 1728 4420 nomine,

154 4458 294 4524 quod
335 4455 382 4507 ei
426 4454 528 4505 sub
580 4452 740 4505 linem
795 4451 920 4503 vita:
952 4450 1266 4517 impositum
1303 4447 1429 4512 fuit,
1476 4447 1731 4516 cognitus

157 4550 410 4602 ouiuibus
460 4547 628 4597 fuisse
675 4544 947 4597 videatur.
997 4542 1089 4597 Sic
1142 4543 1384 4612 loquitur
1429 4540 1728 4602 Tatiattus,

1837 666 2102 721 tributum
2137 667 2432 735 Peregrino
2460 666 2647 721 fuisse.
2681 670 2746 720 At
2777 666 2905 720 illud
2951 682 3053 721 nec
3083 667 3140 720 in
3175 666 3414 737 Egypto

1833 759 2097 822 obtinuit,
2136 768 2194 812 ut
2225 759 2401 812 minus
2436 758 2576 812 belle
2609 759 2831 825 conjicit
2871 758 3277 820 Tillemontius,
3311 772 3413 814 nec

1833 851 1887 905 in
1945 852 2094 906 ltalia
2149 852 2200 906 in
2253 867 2419 922 quam
2470 851 2660 906 relicta
2704 852 2939 923 Egypto
2987 852 3167 916 venit,
3219 851 3311 906 sed
3355 852 3409 905 in

1832 941 2065 1005 Graecia,
2119 944 2173 997 in
2227 958 2391 1012 quam
2438 959 2496 998 se
2543 943 2694 998 Italia
2743 946 2928 1014 pulsus
2985 946 3208 1013 recepit,
3247 945 3411 1013 idque

1833 1036 2122 1089 admodum
2153 1050 2297 1102 sero,
2329 1044 2388 1089 ut
2433 1043 2668 1089 testatur
2695 1036 2866 1090 Aulus
2897 1031 3126 1091 Gellius.
3160 1035 3413 1089 Philoso-

1831 1127 1991 1196 phum
2035 1128 2244 1181 nomine
2291 1125 2656 1196 Peregrinum,
2702 1128 2914 1198 inquit,
2950 1128 3046 1183 lib.
3087 1144 3197 1195 xu,
3233 1145 3284 1185 c.
3320 1129 3410 1193 11,

1833 1219 1917 1271 cui
1954 1229 2132 1287 postea
2179 1228 2582 1288 cognomentum
2618 1217 2844 1274 Proteus
2874 1220 3074 1289 factum
3105 1230 3205 1284 est,
3239 1220 3413 1273 virum

1829 1324 2041 1376 gravem
2072 1318 2227 1377 atque
2261 1318 2587 1363 constantem
2619 1311 2864 1377 vidimus,
2893 1329 3010 1366 cum
3031 1313 3249 1367 Athenis
3273 1329 3413 1368 ease-

1830 1414 1969 1462 mus,
2012 1400 2360 1454 diversantem
2392 1401 2445 1454 in
2485 1402 2716 1472 quodam
2758 1404 2971 1472 tugurio
3015 1415 3163 1457 extra
3204 1407 3408 1458 urbem.

1831 1491 1948 1545 Non
1975 1493 2150 1560 potuit
2180 1506 2311 1561 ergo
2335 1493 2598 1549 Tatianus
2623 1495 2870 1549 haeresim
2903 1512 3054 1550 suam
3083 1511 3228 1550 anno
3252 1497 3384 1550 Cbri

1833 1583 1902 1638 ali
1941 1583 2034 1637 151
2067 1598 2349 1654 spargere,
2386 1598 2626 1653 veroque
2670 1585 3007 1640 simillimum
3053 1596 3140 1641 est
3176 1587 3415 1656 Epipha-

1832 1683 1982 1731 nium
2015 1692 2116 1746 pro
2153 1693 2296 1731 anno
2328 1677 2400 1731 Μ.
2444 1677 2650 1732 Aurelii
2704 1678 3050 1742 duodecimo,
3097 1693 3205 1748 quo
3240 1679 3412 1734 Euse-

1831 1772 1953 1827 bius
1979 1775 2120 1827 hanc
2151 1773 2401 1827 haeresim
2433 1772 2707 1841 prodiisse
2730 1773 2992 1835 declarat,
3030 1772 3409 1828 duodecimum

1833 1864 2092 1919 Antonini
2147 1865 2416 1934 posuisse.
2470 1862 2602 1918 Cum
2656 1865 2874 1919 Eusebii
2915 1864 2960 1896 ⁸³
3003 1865 3176 1932 major
3219 1875 3304 1920 est
3356 1865 3412 1920 iu

1790 1955 1792 1959 ’
1836 1958 2099 2027 ejusmodi
2151 1957 2538 2026 qmestionibus
2585 1959 2882 2011 anetoritas
2910 1973 3073 2028 quam
3097 1956 3410 2028 Epiphauii,

1838 2058 1948 2102 tum
1980 2063 2108 2102 vero
2133 2047 2276 2102 illius
2297 2049 2566 2103 sententia
2608 2063 2729 2102 cum
2761 2047 2980 2103 Tatiaui
3013 2058 3067 2103 et
3089 2048 3286 2104 Justini
3326 2065 3414 2105 re-

1838 2139 1938 2192 bus
1962 2137 2167 2206 optime
2197 2140 2496 2193 consentit.
2530 2139 2778 2193 Dandum
2830 2144 2973 2195 enim
3006 2141 3226 2210 aliquod
3275 2151 3412 2196 tem-

1835 2244 1938 2299 pus
1977 2229 2213 2285 Tatiauo
2259 2241 2381 2301 post
2431 2231 2707 2286 Justinum
2769 2232 2957 2288 Romae
3011 2235 3258 2300 docenti;
3309 2249 3412 2290 nec

1835 2323 2019 2377 statim
2052 2338 2116 2377 ac
2159 2322 2327 2377 Roma
2376 2324 2661 2389 discessit,
2709 2325 2956 2379 haeresim
3009 2327 3176 2397 erepit
3220 2327 3416 2397 praedi-

1836 2432 1995 2480 care.
2053 2433 2177 2473 cum
2230 2418 2415 2472 Oratio
2465 2420 2714 2472 adversus
2766 2418 3022 2483 (ἐι-ωερε,
3069 2435 3232 2488 quam
3288 2431 3416 2491 post

1837 2532 1993 2570 suam
2045 2515 2218 2571 Roma
2282 2518 2670 2572 discessionem
2716 2518 2958 2587 scripsit,
3011 2517 3232 2571 haeresis
3285 2527 3414 2572 uota

1837 2617 2041 2663 careat.
2071 2608 2434 2675 Quamobrem
2469 2625 2589 2663 cum
2625 2607 2870 2664 Justinus
2898 2612 3044 2663 circa
3079 2625 3280 2664 annum
3315 2611 3412 2664 167

1839 2709 1931 2753 aut
1970 2699 2072 2754 168
2102 2701 2269 2754 vitam
2314 2715 2415 2768 pro
2451 2700 2671 2754 Christo
2701 2699 3020 2770 profuderit,
3065 2717 3172 2755 non
3206 2701 3416 2756 incom-

1837 2793 1994 2846 mode
2041 2791 2255 2847 Tatiaui
2314 2793 2541 2846 hieresis
2587 2795 2651 2846 ad
2706 2809 2907 2847 annum
2959 2792 3062 2848 170
3124 2793 3413 2851 referetur.

1836 2887 1988 2953 Quod
2040 2890 2184 2942 enim
2226 2889 2492 2943 Eusebius
2541 2889 2593 2942 iu
2631 2887 2911 2941 Chronica";
2943 2903 3083 2941 anno
3126 2885 3230 2942 179
3255 2903 3417 2942 exor-

1839 2992 1947 3056 tam
1988 2991 2165 3050 putat,
2216 2982 2268 3034 id
2322 2989 2413 3034 aut
2458 2979 2729 3050 przeﬁuito
2768 2996 2871 3034 nou
2926 2980 3060 3035 dixit
3110 2992 3204 3034 aut
3237 2980 3416 3033 minus

1837 3059 1979 3126 dixit
2025 3082 2298 3126 accurate.
2359 3072 2496 3128 Nam
2548 3073 2917 3138 Moutanistze,
2952 3087 3090 3140 quos
3142 3088 3284 3125 auuo
3312 3071 3410 3126 171

1836 3167 2106 3236 prodiisse
2156 3166 2497 3235 gravissimis
2542 3167 2846 3222 rationibus
2900 3175 3068 3234 patet,
3122 3165 3280 3234 paulo
3333 3181 3420 3218 rc-

1755 3256 1799 3314 C
1839 3257 2114 3312 ceutiores
2145 3258 2375 3312 Tatiauo
2412 3259 2684 3323 videntur,
2709 3271 2766 3314 et
2805 3268 2926 3328 post
2962 3275 3082 3312 eum
3130 3273 3419 3312 recensen-

1839 3359 1948 3416 tJr,
1984 3361 2096 3404 tum
2147 3351 2289 3418 apud
2323 3351 2722 3404 Tertullianum
2767 3351 2821 3403 in
2871 3350 3012 3405 libro
3046 3349 3121 3403 De
3170 3352 3417 3417 prwscri-

1835 3441 2124 3510 ptionibus,
2155 3451 2264 3494 tum
2295 3442 2437 3508 apud
2476 3441 2838 3511 Epiphanium
2887 3457 3198 3511 quanquam
3235 3453 3416 3512 poste-

1836 3531 1951 3584 rior
1980 3533 2208 3584 nimium
2258 3533 2419 3601 spatii
2469 3532 2612 3587 inter
2649 3533 2942 3587 Tatiauum
2973 3544 3028 3589 et
3056 3533 3415 3590 Montanistas

1834 3620 2156 3691 interponit.

1907 3713 2021 3767 Non
2054 3730 2140 3769 me
2168 3713 2295 3768 latet
2324 3715 2771 3771 Montatiistarum
2801 3718 3063 3786 originem
3092 3720 3254 3774 citius
3280 3723 3418 3776 mul-

1837 3816 1890 3860 to
1921 3805 2176 3860 collocari
2231 3822 2258 3858 a
2317 3805 2598 3862 Blondello
2621 3818 2675 3862 et
2726 3807 2958 3864 Maresio
2998 3810 3065 3877 ⁸³,
3105 3814 3193 3880 qui
3228 3827 3418 3866 versus

1837 3897 2140 3967 Sibyllinos
2175 3938 2189 3961 ,
2241 3913 2377 3967 quos
2412 3909 2541 3961 ,octo
2575 3900 2729 3955 libris
2783 3904 3212 3970 comprehensos
3250 3905 3416 3957 babe-

1834 4005 1976 4056 mus,
2026 3989 2264 4044 Montani
2318 4002 2685 4046 commentum
2738 4007 2863 4046 esse
2903 3995 3256 4048 contendunt.
3322 3994 3417 4051 llis

1836 4085 2131 4135 assentitur
2158 4083 2241 4134 vir
2264 4097 2292 4135 a
2326 4099 2411 4137 me
2461 4099 2566 4137 nou
2620 4083 2785 4138 semel
2834 4084 3112 4150 laudatus,
3137 4085 3276 4140 Lud.
3311 4085 3417 4139 Du-

1834 4171 1960 4227 four
1991 4174 2058 4228 de
2097 4173 2420 4243 Longuerue
2449 4175 2510 4228 ⁸⁸.
2560 4176 2768 4231 lievera
2853 4177 3190 4246 antiquiores
3244 4178 3416 4232 multo

1834 4280 2016 4322 essent
2040 4267 2397 4335 Montanistm,
2427 4271 2469 4324 si
2499 4285 2688 4325 versus
2717 4271 2962 4341 Sibyllini
2991 4271 3206 4326 facinus
3233 4282 3420 4325 essent

1836 4358 2257 4429 Moutani,quos
2291 4378 2397 4415 non
2429 4362 2600 4414 solum
2641 4374 2766 4416 ante
2795 4363 2944 4419 Lucii
2977 4366 3119 4430 Veri,
3141 4367 3234 4421 sed
3252 4370 3418 4422 etiam

1847 4462 1977 4504 ante
2023 4453 2249 4506 Adriani
2315 4465 2547 4506 mortem
2593 4454 2893 4510 fabricatos
2944 4455 3112 4510 fuisse
3180 4458 3420 4513 declarat

1836 4536 1970 4591 falsa
2008 4540 2071 4593 de
2104 4540 2390 4608 utriusque
2432 4550 2607 4593 morte
2638 4543 2935 4609 prtedietio.
2992 4541 3123 4595 Nam
3156 4552 3264 4597 tres
3296 4555 3420 4614 post

155 4655 206 4692 n.
241 4641 310 4691 '25
345 4657 357 4690 :
401 4638 512 4688 Καὶ
545 4635 789 4701 λέγοντες
829 4634 926 4705 μὲν
965 4632 1171 4686 δεῖσθαι
1211 4631 1454 4702 μηδενός·
1492 4630 1631 4684 κατὰ
1673 4629 1729 4682 δὲ

1838 4632 2138 4686 Adrianum
2175 4632 2339 4685 futuri
2374 4633 2732 4701 imperatores
2763 4635 3135 4703 prtedicuutur
3164 4636 3208 4665 ⁸⁸
3237 4655 3248 4688 :
3281 4635 3418 4690 Ter-

158 4730 239 4781 τὺν
276 4731 318 4782 ll
331 4728 509 4799 ρωτέα
548 4727 871 4795 σκυτοδέψω
925 4727 1022 4796 μὲν
1065 4716 1356 4788 χρήζοντες
1389 4722 1476 4776 διὰ
1504 4723 1600 4794 τὴν
1634 4724 1732 4793 πή-

161 4840 284 4890 ρ;ν,
328 4822 567 4888 ὑφὰντου
625 4819 680 4871 δὲ
731 4819 819 4871 διὰ
866 4819 925 4872 τὸ
977 4820 1211 4889 ἱματίου,
1245 4819 1339 4871 καὶ
1379 4817 1550 4870 διὰτὸ
1579 4817 1732 4882 ξύλον

156 4912 468 4982 ὃμοτὸμου,
487 4911 572 4963 διὰ
589 4911 644 4963 δὲ
670 4911 766 4981 τὴν
786 4911 1226 4982 γαστριμαργίαν
1243 4915 1349 4964 τῶν
1366 4910 1734 4963 πλουτούντων

161 5006 245 5056 καὶ
266 5003 546 5072 ademto-3.
571 5023 588 5053 ι
633 5002 840 5058 Nullius
873 5006 1086 5072 quidem
1115 5019 1172 5058 se
1203 5019 1365 5072 egere
1395 5003 1580 5056 dicunt
1615 5005 1725 5072 phi-

162 5096 389 5164 losophi,
429 5095 521 5149 sed
557 5106 733 5147 tamen
773 5093 953 5148 Protei
1003 5111 1150 5150 tuore
1184 5096 1454 5164 modoque
1490 5096 1736 5164 indigent

160 5189 388 5239 roriaiio
429 5197 650 5257 propter
696 5203 924 5255 peram,
964 5196 1174 5243 textore
1231 5200 1454 5258 propter
1505 5198 1733 5254 vestem,

164 5277 385 5347 lignatio
431 5289 654 5348 propter
695 5279 970 5347 baculum,
1010 5281 1267 5335 divitibus
1305 5291 1526 5349 propter
1553 5281 1732 5350 inglu-

163 5371 295 5422 \iem
327 5380 378 5422 et
405 5386 607 5438 coquo.
631 5389 649 5421 ι
679 5369 833 5436 Quod
860 5368 1126 5423 Tatiauus
1157 5370 1515 5424 imitationem
1548 5370 1732 5424 Protei

165 5475 214 5515 ut
233 5466 492 5525 probrum
511 5464 700 5534 objicit
721 5465 1081 5534 philosophis,
1106 5466 1157 5519 id
1179 5475 1503 5532 argumento
1526 5465 1733 5533 estjum

167 5567 270 5606 tum
310 5558 459 5610 illum
513 5553 751 5608 fabulatur
789 5555 955 5609 fuisse
1000 5556 1068 5609 ob
1115 5556 1297 5609 varios
1347 5555 1472 5608 vita:
1503 5567 1733 5610 eventus

167 5663 222 5700 ac
255 5649 558 5716 praesertim
603 5650 670 5703 ob
714 5647 1104 5702 stultissimum
1155 5647 1344 5702 mortis
1371 5663 1563 5719 genus.
1598 5647 1734 5701 lllud

163 5741 340 5791 saltem
389 5755 456 5792 ex
503 5741 685 5795 verbis
715 5740 933 5796 Tal-iani
989 5742 1301 5796 necessario
1347 5748 1582 5811 constat,
1615 5741 1728 5812 jam

1841 4726 1945 4778 tius
1977 4739 2098 4778 sero
2128 4727 2370 4778 omnium
2409 4725 2916 4794 diciturpotiturus,
2951 4727 3006 4779 ὐ
3028 4727 3082 4779 δὲ
3114 4728 3293 4799 τρίτος
3321 4728 3420 4797 ὀψὲ

1840 4817 2102 4887 κρατήσει
2137 4817 2411 4871 ἁπάντων.
2439 4817 2556 4885 Ipse
2597 4829 2776 4873 autem
2799 4819 3070 4872 Adrianus
3118 4830 3259 4875 reste
3299 4837 3421 4890 per—

1841 4909 2038 4970 iturus,
2076 4910 2132 4962 Ὀ
2156 4911 2211 4963 δὲ
2245 4911 2388 4973 λίνος
2417 4911 2577 4963 αὑτὸν
2612 4912 2833 4965 ὀλεῖται.
2862 4915 2936 4966 lix
2968 4915 3050 4968 Itis
3076 4917 3269 4968 merito
3291 4929 3420 4966 cou-

1845 5001 2011 5054 cludit
2043 5003 2181 5056 idem
2216 5003 2298 5056 vir
2333 5004 2732 5059 eruditissimus
2769 5007 3082 5060 mendaeem
3114 5007 3254 5060 htmc
3283 5010 3418 5060 seri-

1842 5104 2057 5162 ptorem
2089 5095 2320 5164 turpiter
2350 5097 2558 5166 lapsum
2593 5113 2735 5164 esse,
2765 5100 2889 5167 quia
2938 5115 3043 5151 nou
3081 5097 3334 5158 habebat,
3365 5105 3419 5147 ut

1842 5187 1970 5240 aliis
2023 5187 2075 5240 iu
2119 5189 2302 5250 rebus,
2345 5190 2627 5243 historiam
2678 5207 2858 5244 rerum
2914 5201 3214 5259 gestarum,
3256 5203 3417 5256 quam

1840 5279 2033 5332 ducem
2067 5290 2413 5350 sequeretur,
2440 5281 2532 5336 sed
2577 5282 2874 5335 Adrianum
2926 5290 3070 5335 reste
3118 5283 3415 5350 periturum

1840 5371 2171 5439 conjiciebat
2219 5387 2284 5426 ex
2334 5373 2622 5427 doloribus
2688 5373 3040 5436 acutissimis,
3083 5373 3225 5426 inter
3277 5388 3418 5442 quos

1845 5465 1948 5518 sibi
2001 5467 2112 5533 ipse
2165 5476 2391 5521 mortem
2440 5467 2780 5522 consciscere
2834 5468 3070 5523 volebat.
3114 5465 3418 5521 Verisimile

1842 5565 1963 5610 erat
2012 5555 2236 5611 Lucium
2294 5559 2529 5624 Verum,
2559 5561 2650 5628 qui
2707 5569 2890 5614 tenera
2931 5561 3218 5613 admodum
3258 5569 3420 5613 actate

1843 5649 2098 5712 erat,M.
2155 5651 2377 5705 Aurelio
2427 5652 2864 5721 superfuturum.
2921 5653 3118 5721 Scripti
3175 5667 3303 5722 ergo
3364 5652 3417 5704 bi

1842 5737 1968 5793 libri
1994 5751 2122 5794 ante
2153 5751 2384 5796 mortem
2409 5743 2658 5799 Adriani.
2683 5744 2753 5798 At
2774 5757 2961 5798 eorum
2996 5752 3272 5812 parentem
3297 5757 3418 5796 esse

223 5854 264 5883 "
317 5853 481 5918 llist.,
520 5855 613 5912 lib.
647 5870 722 5922 tv,
753 5871 802 5912 c.
833 5856 926 5912 9.3.
1002 5858 1046 5889 δ’
1089 5857 1343 5913 Chronic.
1421 5855 1468 5889 ⁸³
1516 5855 1668 5925 Apud
1717 5854 1976 5913 Gallmum
2023 5855 2268 5926 dissert.-,
2303 5876 2358 5932 p.
2390 5860 2484 5916 20.
2558 5862 2605 5894 ⁸⁵
2659 5861 2715 5916 In
2747 5863 2973 5918 dissert.
3027 5879 3129 5917 ms.
3206 5859 3256 5896 ⁸³
3293 5860 3411 5920 Lib.

166 5939 189 5972 Ι
215 5937 264 5978 υι
301 5941 419 5980 VIN.
