4120 6406
738 415 841 470 Hi7

1654 400 1713 457 S.
1749 400 2083 457 JUSTlNUS
2114 398 2591 457 PHILOSOPHUS
2620 400 2709 456 ET
2742 399 3055 459 MARTVR.

3895 412 4027 470 168

742 520 1054 601 Mutttanum
1083 519 1223 576 nulla
1265 524 1499 591 probant
1551 526 1821 579 rationum
1870 536 2171 589 momenta,
2206 540 2313 580 non
2346 538 2389 589 Α
2419 525 2635 581 dicavit.
2689 524 2997 591 Quinetiam
3035 526 3370 585 matrimonii
3412 532 3818 590 institutionem
3873 538 4021 591 dia-

738 607 988 682 Phrygia:
1026 611 1242 676 laudes,
1294 628 1400 665 non
1456 615 1747 670 vehemens
1790 616 2007 687 Sibyllae
2058 618 2312 679 exstasls.

741 706 1002 772 non-ipsa
1049 705 1282 775 denique
1333 705 1703 760 calamitatum
1738 709 2131 762 imminentium
2179 723 2314 777 prte-

738 796 928 854 dictio.
958 798 1013 852 lu
1042 801 1125 853 his
1147 801 1295 855 enim
1324 800 1455 854 nihil
1479 809 1563 854 est
1580 801 1722 868 quod
1738 811 1900 855 sectre
1927 801 2164 854 Montani
2194 816 2317 870 pro-

738 887 917 958 prium
947 890 1037 943 sit.
1067 888 1277 943 Potiort
1325 890 1450 957 jure
1498 899 1692 943 auctor
1738 905 1992 943 versuum
2022 887 2317 960 Sibyllino-

738 992 858 1034 rum
888 980 1294 1035 existimaretur
1316 981 1513 1048 aliquis
1541 996 1607 1035 ex
1624 981 1954 1039 Christianis
1975 981 2315 1035 circumcisis

735 1080 793 1125 et
831 1071 1002 1141 legem
1064 1070 1445 1133 retinentibus.
1483 1073 1618 1130 Nam
1659 1075 1905 1128 hortatur
1959 1073 2024 1126 ad
2064 1071 2316 1126 Judaicas

736 1150 1115 1230 Iustrationes,
1148 1164 1242 1219 lib.
1273 1181 1343 1227 tv,
1376 1175 1441 1220 et-
1462 1166 1701 1219 futurum
1744 1164 1875 1218 dicit
1904 1173 1958 1216 ut
1989 1162 2122 1229 justi
2154 1164 2206 1217 in
2229 1178 2317 1217 se-

735 1256 918 1308 cundo
946 1248 1181 1310 adventu
1225 1257 1433 1311 Domini
1458 1270 1656 1325 corpus
1684 1254 1928 1325 quotidie
1952 1256 2109 1324 aquis
2133 1255 2315 1310 lavent

733 1363 765 1401 e
794 1348 935 1402 lecto
965 1360 1277 1416 surgentes,
1309 1349 1403 1403 lib.
1432 1365 1513 1404 ιιι.

806 1435 884 1493 ll.
908 1439 1001 1495 Sic
1044 1442 1293 1495 haeresim
1324 1456 1477 1495 suam
1506 1441 1896 1497 architectatus
1921 1449 2007 1495 est
2028 1438 2311 1507 Tatianus,

734 1539 795 1585 ut
822 1522 949 1585 dum
977 1532 1125 1586 aliud
1156 1548 1221 1586 ex
1256 1533 1377 1587 aliis
1409 1534 1683 1588 luereticis
1719 1543 2033 1602 mutuatur,
2062 1549 2163 1588 nec
2190 1550 2313 1588 cum

734 1631 872 1696 istis,
909 1646 1012 1685 nec
1036 1647 1218 1685 secum
1252 1632 1366 1701 ipse
1407 1631 1758 1686 consentiret.
1787 1629 2014 1685 Videtur
2061 1631 2113 1684 in
2145 1630 2314 1698 expli-

731 1724 905 1776 canda
931 1723 1113 1775 mundi
1149 1724 1433 1777 creatione
1452 1720 1723 1776 Valentini
1751 1721 1942 1775 deliria
1964 1711 2307 1791 compilasse.

732 1814 998 1869 Dicebant
1033 1813 1399 1869 Valentiniani
1430 1815 1613 1867 omnia
1641 1830 1669 1867 a
1693 1829 1824 1869 vero
1860 1814 1968 1869 Deo
1998 1829 2097 1883 per
2137 1814 2311 1879 ipsius

2421 616 2545 670 bolo
2576 627 2853 684 acceptam
2904 618 3117 675 referre
3147 620 3295 675 visus
3323 635 3406 677 est
3446 625 3707 681 Clementi
3742 628 4009 683 Alexan—

2424 706 2583 762 drino
2609 708 2675 759 ⁸³.
2713 708 2843 762 Nam
2881 708 3107 763 Paulum
3149 718 3227 767 sic
3276 713 3757 786 interpretabatur,
3791 728 3849 773 ut
3870 737 4015 775 eum

2418 802 2750 854 matrimonii
2776 817 2929 855 usum
2960 806 3322 870 permittendo
3335 810 3684 875 prohibuisse
3706 820 3761 865 et
3787 822 4021 881 utopus

2419 888 2768 945 fornicationi
2805 902 2860 945 et
2904 892 3124 946 diabolo
3164 896 3439 951 addictum
3490 900 3837 956 interdixisse
3867 918 4024 956 con-

2420 983 2689 1037 tenderet.
2747 983 2925 1039 Verba
2980 982 3195 1039 Tatiani
3263 972 3527 1044 habemus
3598 992 3653 1045 in
3712 993 4017 1062 Append.,

2416 1086 2560 1144 part.
2590 1090 2626 1129 ιι

2489 1167 2619 1223 Illud
2644 1170 2806 1223 etiam
2838 1187 2866 1224 a
2892 1170 3187 1227 Saturnino
3221 1182 3277 1228 et
3313 1173 3585 1230 Marcione
3612 1176 3874 1234 Tatianus
3897 1195 4015 1235 ac-

2415 1272 2654 1329 ceperat,
2720 1271 2858 1318 teste
2910 1262 3276 1331 Theodoreto,
3337 1265 3430 1320 lib.
3480 1283 3496 1321 ι
3561 1265 3767 1324 liceret.
3850 1272 4013 1340 fatu,

2415 1364 2536 1418 cap.
2562 1350 2654 1415 20,
2688 1362 2747 1406 ut
2769 1354 3086 1410 animalium
3118 1365 3172 1410 et
3204 1357 3315 1410 vini
3342 1373 3516 1422 usum,
3561 1378 3666 1417 non
3698 1368 3859 1420 modo
3894 1382 4017 1420 nu-

2415 1442 2577 1510 ptias,
2610 1443 3045 1501 abominaretur.
3074 1450 3418 1505 Abutebatur
3450 1455 3783 1509 auctoritate
3820 1458 4017 1514 Amos

2414 1533 2691 1601 propheta:
2708 1537 2774 1589 ad
2804 1538 3098 1605 impietatis
3118 1541 3491 1598 defensionem
3517 1560 3529 1597 :
3566 1562 3585 1597 ι
3622 1546 3693 1600 De
3719 1547 3822 1603 hoc
3844 1548 4015 1615 loco,

2415 1621 2592 1692 inquit
2624 1624 2992 1697 Hieronymus
3027 1632 3078 1683 in
3112 1631 3301 1700 Amos,
3334 1650 3454 1703 cap.
3478 1632 3532 1699 2,
3561 1635 3811 1690 haeresim
3831 1652 4005 1692 suam

2414 1711 2673 1769 Tatianus
2703 1716 3109 1774 Encratitarum
3139 1724 3398 1795 princeps
3422 1736 3635 1781 struere
3658 1729 3878 1793 nititur,
3909 1732 4011 1784 vi-

2414 1822 2544 1860 num
2575 1822 2827 1864 asserens
2870 1827 2975 1865 non
3020 1813 3335 1881 bibendum,
3371 1834 3492 1871 cum
3535 1829 3590 1873 et
3629 1820 3748 1889 lege
3783 1837 4007 1891 praece-

730 1904 968 1959 Verbutn
1023 1905 1193 1958 fuisse
1241 1896 1498 1968 condita,
1527 1904 1768 1965 adhibito
1800 1913 1978 1956 tamen
2000 1882 2306 1971 iDemiurgi
2339 1882 2382 1936 Β
2408 1908 2559 1966 ptum
2598 1910 2689 1964 stt,
2731 1915 2798 1953 ne
2828 1900 3068 1957 Nazarmi
3103 1906 3293 1959 bibant
3326 1910 3527 1974 vinum,
3558 1921 3611 1965 et
3639 1882 3991 1969 nunc-accu-

728 1996 841 2049 sive
888 1996 1167 2049 Creatoris
1200 1994 1540 2057 ministerio,
1568 2009 1729 2062 quem
1776 1995 1994 2063 quidem
2025 1994 2097 2048 ita
2154 1994 2311 2065 igno—_

730 2102 877 2140 rasse
949 2085 1220 2157 fingebant
1300 2088 1673 2155 operationem
1730 2087 1927 2140 divinae
1983 2084 2301 2154 Sapientiae,

727 2188 787 2230 nt
814 2179 917 2232 sibi
966 2181 1115 2233 solus
1163 2179 1393 2235 Creator
1445 2194 1567 2233 esse
1617 2178 1919 2234 videretur.
1952 2177 2120 2243 Paulo
2148 2180 2307 2235 aliter

726 2268 1010 2332 Tatianus,
1044 2270 1138 2323 sed
1181 2283 1287 2323 non
1326 2269 1524 2325 minus
1567 2269 1737 2338 impie
1774 2256 1849 2324 in
1880 2271 2115 2345 quodam
2155 2268 2306 2323 testi-

726 2361 931 2421 tnonio.
962 2360 1103 2428 quod
1132 2360 1183 2413 in
1226 2360 1527 2433 appendice
1578 2360 1759 2421 retuli,
1789 2360 1919 2413 illud
1961 2360 2257 2428 Scriptum
2286 2377 2299 2413 :

726 2450 851 2505 Fiat
884 2448 1059 2517 tua",
1093 2453 1340 2520 optantis.
1368 2459 1423 2505 et
1459 2452 1734 2521 precantis
1778 2464 1898 2505 esse
1927 2451 2161 2514 dicebat,
2197 2466 2303 2505 non

726 2546 1115 2615 praecipientis.
1152 2544 1421 2611 Fingebat
1470 2545 1631 2598 etiam
1675 2544 1739 2596 ad
1770 2544 1953 2597 mundi
1986 2542 2304 2612 explicatio-

724 2652 873 2699 nem.
905 2628 1047 2691 teste
1073 2635 1297 2699 Irenaeo,
1324 2633 1526 2689 .Eorm
1551 2637 1805 2704 quosdam
1838 2636 2140 2689 invisibiles.
2167 2633 2301 2689 Hinc

720 2726 862 2794 apud
909 2723 1299 2779 Tertullianum
1348 2719 1744 2792 Prmqr.,eap.
1789 2722 2076 2777 52:70am
2120 2739 2295 2776 secun-

719 2818 849 2870 dum
896 2814 1234 2885 Valentinum
1268 2832 1450 2884 sapere
1478 2816 1695 2869 dicitur.

793 2908 1231 2977 UtVa-lentinus,
1270 2909 1347 2961 ita
1378 2910 1542 2962 etiam
1579 2907 1843 2964 Tatianus
1882 2908 2059 2979 legem
2112 2907 2295 2963 Mosai-

720 3000 1175 3067 camrejiciebat,
1217 3014 1323 3053 non
1354 3015 1381 3051 a
1403 3010 1529 3051 vero
1559 2998 1689 3063 Deo,
1722 3001 1816 3051 sed
1842 3014 1871 3049 a
1902 2997 2191 3067 Demiurgo
2216 2998 2295 3051 in-

724 3094 970 3145 stitutam
998 3072 1384 3160 pronuntians,
1412 3099 1551 3144 teste
1594 3089 1876 3143 Clemente
1909 3088 2296 3151 Alexandrino,

721 3184 927 3239 Strom.
956 3200 1036 3247 ιιι,
1072 3199 1125 3253 p.
1150 3182 1279 3246 460,
1302 3172 1397 3236 sed
1417 3192 1603 3235 tamen
1635 3180 1751 3249 lege
1792 3190 1846 3233 et
1877 3180 2154 3248 prophetis
2180 3190 2296 3234 ute-

718 3281 919 3332 bantur
952 3276 1259 3338 Severiani,
1290 3285 1347 3327 ut
1384 3275 1461 3326 ait
1484 3272 1769 3335 Eusebius,
1799 3273 1888 3339 qui
1918 3273 2150 3342 primum
2200 3287 2292 3325 au-

719 3382 924 3424 ctorem
947 3369 1383 3423 etinstitutorem
1416 3368 1636 3421 illorum
1672 3366 1841 3420 fuisse
1884 3365 2173 3419 Tatianum
2202 3365 2298 3418 de-

718 3465 911 3518 clarat.
959 3464 1076 3531 ipse
1120 3462 1389 3518 Tatianus
1433 3461 1688 3514 utebatur
1738 3459 1971 3530 quodam
2025 3460 2299 3528 prophetae

718 3556 887 3611 Amos
916 3555 1256 3615 testimonio,
1282 3562 1344 3607 ut
1372 3554 1555 3605 vinum
1603 3552 1914 3620 prohiberet
1940 3550 2008 3604 ⁸⁷.
2035 3549 2153 3604 Νοιι
2182 3558 2314 3603 erat.

719 3660 946 3699 necesse
964 3645 1231 3715 ejusmodi
1266 3644 1537 3697 luereticis
1568 3641 1739 3699 Vetus
1773 3641 2178 3718 Testamentum
2229 3642 2296 3693 ab

718 3752 819 3790 usu
862 3752 959 3790 suo
989 3737 1207 3804 penitus
1236 3750 1534 3798 removere,
1562 3751 1685 3789 cum
1718 3748 1835 3786 eam
1866 3718 1989 3797 sibi,
2021 3741 2156 3786 teste
2190 3730 2298 3797 ibi:

720 3830 840 3881 dem
904 3828 1163 3889 Eusebio,
1220 3826 1495 3881 licentiam
1547 3826 1939 3887 interpretandi
1995 3832 2293 3887 sumerent,

715 3936 836 3991 qua:
866 3919 1001 3973 nihil
1033 3935 1139 3973 non
1164 3927 1345 3988 posset
1368 3920 1608 3973 eludere.
1798 3912 1806 3944 ³
2102 3926 2103 3929 ‘

792 4013 869 4066 De
902 4011 1136 4065 Tatiano
1188 4013 1267 4065 sic
1314 4011 1556 4077 loquitur
1590 4009 1843 4065 Clemens
1871 4007 2292 4068 Alexandrinus,

715 4104 873 4174 quasi
915 4103 963 4157 is
1000 4101 1269 4156 Valentini
1319 4099 1531 4155 schola:
1570 4116 1766 4155 nomen
1816 4100 2051 4153 dedisset
2083 4114 2145 4152 ac
2171 4099 2294 4153 inde

717 4196 1099 4259 abscessisset,
1155 4204 1211 4246 ut
1258 4195 1536 4263 pr0priam
1595 4203 1800 4247 sectam
1855 4180 2131 4245 conﬂaret.
2196 4188 2309 4243 Vix

675 4302 678 4303 '
713 4289 861 4345 enim
893 4289 1054 4341 aliter
1086 4288 1436 4357 interpretari
1470 4286 1634 4348 liceat
1662 4286 1778 4339 haec
1808 4285 1971 4337 verba
1998 4284 2062 4338 de
2110 4283 2295 4335 Tatia«

715 4383 804 4443 no’,
843 4378 1049 4433 Strom.
1082 4394 1165 4441 tu,
1199 4394 1320 4448 pag.
1352 4377 1458 4432 465
1492 4384 1514 4431 :'
1544 4378 1601 4431 '0
1633 4374 1689 4429 δὲ
1724 4379 1788 4429 ὲκ
1812 4374 1912 4444 τῆς
1941 4372 2319 4448 Οὐαλεντίνου-

717 4473 1028 4545 ὲξεφοιτησε
1064 4473 1282 4545 σχολῆς.
1325 4472 1431 4528 Sed
1465 4468 1642 4525 tamen
1680 4472 1911 4525 tremens
1953 4471 2005 4523 in
2044 4469 2290 4523 testimo—

2407 2002 2597 2045 sentur
2627 2008 2655 2045 a
2688 1995 2969 2062 propheta,
3000 1997 3090 2065 qui
3113 2001 3401 2068 prOpinant
3432 2000 3708 2059 Nazarmis
3729 2006 3997 2061 vinum.’

2402 2082 2463 2136 In
2493 2083 2769 2155 mysteriis
2792 2089 3136 2145 celebrandis
3164 2092 3336 2145 solum
3377 2109 3573 2162 aquam
3606 2098 3855 2152 adhiberi
3885 2115 4000 2153 vo-

2412 2175 2513 2229 luit
2541 2192 2554 2227 :
2598 2195 2616 2228 ι
2652 2176 2918 2233 Similiter
2961 2190 3017 2234 et
3047 2186 3305 2252 mysteria
3332 2186 3608 2256 quaedam,
3648 2188 3825 2255 inquit
3857 2190 4003 2260 Epi—

2407 2270 2661 2337 phanius,
2697 2289 2716 2321 ι
2760 2272 2823 2326 ad
2856 2273 3112 2330 Ecclesia:
3141 2289 3345 2332 sancta:
3393 2279 3761 2335 imitationem
3818 2281 3999 2338 insti—

2410 2362 2531 2426 tuit,
2581 2361 2677 2417 sed
2716 2364 2784 2417 ad
2815 2378 2878 2418 ea
2922 2376 3105 2419 tamen
3154 2368 3295 2422 nihil
3324 2386 3344 2420 ι
3372 2380 3571 2439 praeter
3598 2387 3796 2441 aquam
3824 2375 4004 2429 adhi-r

2406 2452 2540 2506 buit.
2576 2473 2597 2506 ι

2474 2543 2561 2598 ιιι.
2589 2544 2769 2612 Quaeri
2800 2563 2905 2601 non
2935 2548 3208 2605 immerito
3258 2552 3431 2620 possit
3459 2568 3638 2607 annon
3671 2555 3987 2624 putativam

2404 2636 2623 2692 Christo
2643 2656 2859 2694 carnem
2874 2644 3181 2698 attribuerit
3211 2645 3491 2716 Tatianus,
3521 2658 3575 2703 et
3600 2650 3699 2704 hac
3731 2650 3787 2705 in
3818 2663 3902 2715 re,
3926 2660 3996 2705 ut

2406 2728 2459 2782 iu
2500 2730 2684 2784 multis
2722 2732 2864 2800 aliis,
2912 2750 2941 2787 a
2989 2734 3261 2790 Valentini
3308 2741 3551 2807 partibus
3585 2742 3650 2794 ad
3679 2739 4002 2797 Marcionis

2404 2832 2588 2876 castra
2629 2825 3006 2895 transfugerit.
3037 2827 3161 2882 Haec
3189 2830 3335 2884 enim
3374 2839 3439 2885 de
3484 2834 3577 2886 illo
3606 2835 3746 2903 apttd
3776 2833 3996 2889 Hiero-r

2403 2930 2624 2987 nymum
2667 2917 2809 2970 dicta
2844 2919 3074 2987 legimus
3113 2921 3164 2974 in
3213 2922 3509 2980 Comment.
3555 2926 3608 2978 in
3658 2943 3781 2997 cap.
3824 2943 3877 2983 vr
3913 2931 3993 2984 ad

2402 3005 2581 3063 Galat.
2634 3029 2654 3061 ι
2685 3010 2949 3067 Tatiauus
2994 3015 3089 3082 qui
3137 3017 3439 3083 putativam
3486 3018 3688 3072 Christi
3748 3034 3993 3076 carnem

2404 3099 2756 3171 introducens
2794 3121 3010 3160 omnem
3043 3109 3486 3174 conjunctionem
3528 3111 3756 3166 masculi
3784 3115 3855 3165 ad
3896 3113 3988 3168 fe-

2326 3242 2368 3298 c
2407 3195 2609 3251 minam
2661 3200 2989 3253 immundam
3049 3201 3378 3269 arbitratur,
3434 3204 3836 3260 Encratitarutn
3891 3211 3986 3264 vel

2400 3290 2700 3363 acerrimus
2731 3291 3140 3360 hiBI‘CSIUI‘CheS,
3172 3295 3263 3349 tali
3298 3296 3584 3353 adversum
3610 3313 3708 3352 nos
3739 3298 3842 3353 sub
3878 3317 3985 3355 οε·-

2399 3381 2624 3436 casione
2666 3385 2951 3450 praesentis
2994 3386 3288 3440 testimonii
3349 3404 3481 3442 usus
3533 3400 3617 3444 est
3676 3405 3989 3460 argumen-

2402 3479 2497 3536 to,
2545 3482 2656 3527 etc.
2697 3474 2863 3529 »11οε
2916 3478 3227 3535 testimonio
3270 3480 3536 3536 adductus
3586 3482 3982 3540 Tilletnontius

2398 3562 2684 3619 Tatianurn
2737 3567 2802 3621 de
2856 3568 3063 3624 Christi
3112 3586 3285 3631 carne
3339 3574 3479 3626 idem
3531 3589 3594 3629 ac
3634 3575 3981 3632 Marcionem

2399 3652 2654 3735 docuisse
2692 3658 2989 3711 existimat.
3026 3659 3133 3714 Sed
3166 3672 3349 3717 monet
3381 3680 3478 3719 nos
3508 3668 3752 3722 eruditus
3796 3671 3983 3724 editor

2396 3759 2617 3810 operum
2658 3746 2717 3801 S.
2752 3748 3065 3821 Hieronymi
3090 3754 3488 3825 inperantiquo
3536 3760 3721 3813 codice
3749 3761 3979 3815 Clunia-

2396 3839 2582 3901 censi,
2610 3841 2746 3893 etin
2781 3842 2969 3896 codice
3018 3847 3167 3913 regio
3210 3846 3373 3913 5758,
3406 3866 3508 3902 non
3544 3850 3828 3941 Tatianu‘i
3864 3855 3981 3925 legi

2396 3930 2489 3983 sed
2517 3931 2863 3987 Cassianum.
2898 3934 3159 4001 Equidem
3198 3938 3355 3991 valde
3405 3942 3746 4007 probaverim
3776 3930 3979 3998 asser-

2394 4033 2572 4078 vatam
2618 4026 2702 4079 his
2738 4027 2789 4079 in
2827 4026 3108 4082 codicibus
3163 4030 3477 4087 lectionem.
3528 4034 3711 4089 Facile
3762 4036 3864 4089 fuit
3917 4050 3977 4093 ct

2395 4116 2655 4182 proclive,
2689 4128 2749 4171 ut
2781 4135 2877 4186 pro
2909 4120 3200 4186 Cassiano,
3231 4126 3319 4192 qui
3360 4126 3447 4177 vix
3480 4128 3731 4193 cuiquam
3752 4141 3985 4196 .prmtcr'

2393 4199 2721 4263 Clementem
2766 4211 3223 4280 Alexandrinum,
3275 4219 3535 4287 cognitus
3576 4218 3710 4284 fuit,
3766 4234 3969 4276 nomen

2394 4297 2611 4353 Tatiani
2672 4300 2835 4373 longe
2882 4306 3299 4362 celeberrimum
3344 4310 3655 4378 obreperet.
3696 4312 3766 4366 At
3793 4314 3979 4369 inulto-

2392 4389 2667 4446 dillicilius
2700 4402 2760 4447 ιιι
2806 4411 2903 4463 pro
2933 4394 3162 4452 Tatiano
3192 4400 3521 4456 Cassianum.
3549 4402 3757 4456 librarii
3794 4420 3972 4472 pone-

2392 4492 2533 4537 rent.
2565 4483 2735 4540 Porro
2783 4488 2836 4540 in
2868 4488 3190 4543 Cassianum
3233 4492 3437 4559 optime
3474 4496 3728 4548 convenit
3770 4494 3975 4549 Hiero—

714 4566 807 4619 nio
836 4566 979 4633 quod
1016 4570 1175 4619 modo
1207 4554 1390 4629 retuli,
1424 4564 1708 4619 Tatianum
1753 4552 1991 4615 declarat
2012 4574 2075 4613 ea
2110 4568 2287 4613 mente

2398 4576 2538 4643 nyuti
2575 4578 2966 4638 testimonium.
3000 4579 3048 4633 Is
3091 4588 3157 4634 de
3200 4581 3544 4635 matrimonio
3579 4584 3719 4637 idem
3764 4587 3972 4640 sentie-

711 4659 781 4709 ab
830 4655 1071 4709 Ecclesia
1122 4655 1509 4719 discessisse,’
1542 4664 1601 4709 ut
1649 4668 1840 4709 novatn
1898 4662 2100 4707 sectam
2159 4667 2289 4706 con-

711 4752 882 4804 deret.
1306 4755 1310 4759 ’
1371 4764 1376 4769 ’
1538 4759 1541 4762 ⁴

785 4836 1053 4891 Valentini
1082 4837 1290 4906 opinio,
1332 4838 1434 4892 etsi
1465 4837 1517 4891 in
1550 4838 1714 4891 Deum
1760 4836 1943 4889 mundi
1974 4846 2283 4890 creatorem
2330 4838 2333 4839 ⁷

711 4931 906 4996 injuria
942 4938 1060 4983 erat
1094 4938 1149 4985 et
1193 4931 1259 4983 ad
1295 4931 1644 4997 evertendam
1675 4930 2091 4983 resurrectionis
2122 4928 2281 4993 fidem

706 5004 1056 5091 excogitata,
1088 5023 1141 5077 in
1179 5023 1279 5076 hoc
1312 5034 1493 5087 tamen
1515 5022 1696 5077 lenior
1728 5033 1846 5076 erat
1868 5037 2027 5091 quam
2053 5020 2282 5075 Marcio-

708 5114 811 5174 nis,
842 5115 985 5179 quod
1030 5128 1126 5167 nec
1155 5128 1377 5167 carnem
1410 5111 1619 5167 Christi
1652 5112 1877 5167 omnino
1908 5112 2147 5176 tolleret,
2180 5126 2281 5164 nec

704 5207 1090 5260 necessitatem
1133 5208 1441 5274 imponeret
1502 5220 1565 5259 ea
1619 5204 1947 5270 detestandi,
1999 5218 2119 5273 quae
2162 5218 2281 5272 Aper

704 5300 1054 5368 Demiurgutn
1083 5314 1111 5351 a
1139 5314 1269 5352 vero
1296 5298 1407 5351 Deo
1438 5307 1623 5366 creata
1661 5298 1954 5351 fatebatur.
1990 5298 2060 5350 At
2091 5296 2279 5349 Tatia—

702 5409 803 5446 nus
827 5392 1061 5445 mutbari
1088 5407 1151 5465 ex
1180 5391 1456 5445 Marcione
1486 5407 1592 5445 non
1624 5376 1913 5456 dubitavit,
1948 5404 2067 5457 qua:
2088 5390 2279 5443 deesse

701 5482 992 5537 Valentino
1051 5483 1117 5535 ad
1183 5498 1455 5535 summam
1511 5482 1841 5548 impietatem
1921 5479 2265 5531 videbantur.

701 5574 957 5640 Nuptias,
982 5574 1157 5643 inquit
1189 5574 1439 5637 Irenteus.
1474 5573 1862 5640 corruptionem
1880 5564 1993 5625 esse
2021 5580 2068 5624 et
2096 5570 2269 5643 forni-

698 5685 956 5723 cationem
1004 5670 1252 5723 similiter
1312 5681 1366 5723 ut
1416 5668 1660 5722 Marcion
1686 5678 1736 5724 et
1764 5668 2093 5724 Saturninus
2119 5685 2262 5737 prte-

764 5839 808 5870 ⁸⁶
844 5838 975 5894 (icti.
1010 5856 1048 5907 ι,
1081 5840 1134 5896 5.
1211 5839 1254 5872 ⁸⁷
1279 5841 1464 5895 Amos.
1498 5856 1557 5908 ιι,
1590 5840 1642 5897 8.

2392 4670 2485 4722 bat
2522 4685 2607 4746 ac
2660 4668 2956 4735 Tatiauus,
3008 4682 3068 4725 ut
3112 4676 3315 4727 diserte
3382 4684 3614 4728 testatur
3671 4676 3966 4743 Clemens,

2392 4760 2598 4817 Strom.
2669 4776 2752 4824 Ill,
2793 4777 2914 4831 pag.
2949 4762 3073 4817 465.
3103 4765 3282 4831 Quare
3316 4782 3418 4821 non
3464 4768 3739 4822 immerito
3776 4774 3964 4831 vocari

2388 4851 2574 4917 potuit
2604 4850 3007 4906 Encratitarum
3053 4855 3136 4907 vel
3187 4858 3489 4910 acerrimus
3542 4858 3961 4916 haeresiarchcs.

2388 4940 2656 5021 Praeterea
2694 4944 2890 4998 ibidem
2926 4945 3352 5018 Docetarnm,_ld
3382 4960 3463 5002 est
3494 4966 3707 5013 eorum,
3741 4953 3831 5021 qui
3862 4968 3966 5020 μυ-

2390 5020 2613 5087 tativam
2656 5034 2858 5089 Christi
2900 5029 3117 5092 carnem
3153 5038 3448 5108 fingebant,
3489 5020 3810 5111 princepsa
3842 5046 3965 5098 Cie.

2385 5135 2567 5177 mente
2611 5126 2942 5194 appellatur,
2990 5130 3018 5180 ὁ
3058 5129 3155 5199 τῆς
3189 5129 3461 5201 δοκήσεως
3499 5130 3764 5203 ἐξάρχων.
3804 5137 3958 5200 Quod

2383 5215 2601 5282 quidem
2655 5217 2744 5269 de.
2783 5216 2985 5273 Christi
3038 5233 3199 5274 carne
3264 5234 3626 5277 commentum
3688 5225 3830 5287 illius
3891 5231 3958 5281 tle

2384 5296 2869 5362 tuundicreatione
2900 5312 3137 5379 opinioni
3173 5328 3513 5384 consequens
3550 5326 3687 5370 erat.
3726 5316 3957 5373 Dicebat

2382 5400 2527 5451 enim
2578 5396 2872 5467 Cassianus
2922 5403 2973 5455 in
3022 5404 3160 5458 libro
3212 5406 3285 5458 De
3333 5409 3711 5461 continentia:
3748 5410 3955 5478 Εἱτὰρ

2365 5485 2433 5559 ἦν
2458 5490 2622 5560 παρὰ
2651 5491 2783 5544 Θεοῦ
2812 5495 2890 5555 εἰς
2923 5495 2981 5546 ὃν
3017 5497 3318 5565 σπεύδομεν
3347 5500 3379 5569 ἡ
3410 5499 3633 5569 τοιαύτη
3667 5500 3954 5574 διασκευὴ,

2367 5580 2471 5632 οὐκ
2508 5582 2572 5634 ἂν
2618 5584 2919 5654 ἐμακάρισε
2978 5586 3103 5649 τοὺς
3134 5588 3441 5658 εὐνούχους.
3475 5610 3492 5641 ι
3536 5589 3591 5643 Si
3625 5591 3694 5643 ab
3722 5609 3787 5644 eo
3817 5594 3954 5661 Deo,

2369 5674 2442 5729 ad
2465 5689 2625 5761 quem
2666 5678 2959 5745 tendimus,
2990 5692 3135 5736 esset
3168 5681 3285 5738 haec
3318 5686 3566 5753 corporis
3593 5689 3949 5757 Constitutie,

1719 5842 1761 5873 ⁸³
1791 5840 2016 5907 Strom.,
2054 5856 2133 5906 ιιι,
2169 5855 2221 5908 ρ.
2250 5840 2371 5895 463.
