4120 6408
153 397 259 453 165

1177 393 1236 447 ι).
1277 391 1537 446 MARANI
1565 389 1704 446 PRx}

1803 389 1954 445 tTlO.
1992 421 2058 429 —-
2097 387 2277 442 PARS
2307 386 2395 442 ιιι.
3292 391 3388 440 17:;

147 506 265 543 non
295 503 428 543 sane
457 487 672 544 beasset
694 487 993 541 eunuchos.
1026 504 1044 539 ι
1076 483 1153 540 Es
1185 489 1382 555 quibus
1412 497 1559 556 patet
1585 488 1704 542 Cas-

1821 485 1991 560 Ἀδὰμ
2024 486 2083 538 οὐ
2108 484 2356 548 σώζεται,
2392 484 2450 537 τὸ
2472 484 2717 556 φύραμα,
2743 484 2861 538 οὑδέ
2889 504 2938 538 τι
2960 486 3050 538 τοῦ
3073 486 3387 554 φυράματος

147 580 372 633 sianum
401 594 531 640 non,
563 587 620 630 ut
649 576 1015 640 Valentinum,
1043 579 1224 631 omnia
1266 594 1294 631 a
1335 593 1462 631 vero
1488 578 1596 631 Deo
1627 593 1721 645 per

147 666 511 736 Demiurgum
551 675 733 721 creata
763 665 1023 729 sensisse,
1058 668 1151 721 sed
1181 667 1363 736 plane,
1404 678 1463 720 ut
1490 667 1719 721 Marcio-

151 773 309 820 nem,
341 772 472 812 vero
500 758 608 811 Deo
644 757 979 811 creationem
1025 757 1232 821 mundi,
1272 766 1366 810 aut
1392 757 1582 810 saltem
1623 758 1721 810 hu-

150 850 309 902 mani
349 849 591 916 corporis
610 848 970 916 abjudicasse.
1000 847 1108 904 Nec
1133 849 1359 919 proinde
1389 848 1584 904 mirum
1611 857 1716 912 est,

153 943 202 995 si
238 940 445 995 nullam
485 955 701 1011 prorsus
738 955 957 996 carnem
1005 941 1225 996 Christo
1259 925 1620 1010 relinquebat.
1651 942 1720 994 At

153 1031 430 1090 Tatianus
460 1034 513 1086 in
536 1034 619 1086 his
649 1047 767 1103 qnte
795 1033 865 1087 ad
888 1034 1216 1090 creationem
1244 1042 1513 1102 Spectant,
1569 1041 1719 1086 totus

145 1137 236 1181 est
272 1125 708 1186 Valentinianus;
745 1140 841 1178 nec
867 1125 1153 1194 quisquam
1188 1123 1254 1177 de
1297 1123 1502 1178 Christi
1551 1140 1717 1178 carne

149 1218 298 1271 idem
327 1217 474 1271 illum
510 1231 574 1271 ac
605 1215 941 1270 Marcionem
975 1217 1210 1280 semisse
1237 1216 1508 1285 perbibet.
1539 1219 1714 1271 Accu—

147 1316 274 1362 rate
306 1308 569 1377 colligunt
620 1307 851 1359 lrenaus
897 1311 953 1357 et
985 1304 1237 1358 Clemens
1282 1315 1339 1358 et
1385 1306 1717 1374 Epiphanius

147 1399 282 1466 quid
319 1396 716 1452 Valentinianis
741 1395 970 1451 somniis
1011 1410 1109 1455 auo
1148 1406 1322 1449 marte
1349 1397 1713 1466 excogitatum

151 1490 449 1554 addiderit,
477 1489 607 1558 quid
658 1490 743 1542 ex'
777 1487 1005 1541 Saturni
1051 1492 1106 1540 et
1145 1485 1716 1544 Marcionisffontibus

149 1580 506 1632 derivaverit.
543 1579 611 1632 At
646 1577 786 1632 nihil
823 1577 977 1646 prius
1016 1586 1111 1630 aut
1161 1578 1340 1646 potius
1384 1584 1716 1636 commentos

147 1670 264 1722 rari
307 1669 510 1735 debuit,
540 1685 701 1737 quam
744 1668 860 1722 hinc
898 1669 964 1720 de
1007 1667 1208 1723 Christi
1242 1685 1409 1724 carne
1434 1673 1639 1740 Opinio,
1668 1675 1716 1726 si

147 1759 315 1812 modo
348 1759 396 1810 ei
426 1757 749 1825 astipulalus
772 1769 859 1811 est
888 1751 1168 1813 Tatianus.
1201 1757 1512 1824 Quinetiam
1546 1762 1713 1818 Doce-

1815 577 2072 641 σώζεται.
2110 596 2124 626 ι
2167 578 2222 630 Si
2256 579 2494 639 Adamus
2521 577 2746 629 Salutem
2778 578 2999 631 minime
3026 587 3106 629 est
3138 578 3384 644 adeptus,

1823 671 1925 726 hoc
1956 680 2037 722 est
2066 670 2177 736 ipsa
2206 670 2602 737 quodammodo
2636 669 2847 737 generis
2883 684 3089 732 massa;
3139 683 3235 720 nec
3281 670 3383 720 ulla

1823 764 1986 831 hujus
2019 777 2209 816 massa:
2243 763 2508 831 particula
2535 763 2743 814 servari
2789 764 3002 829 poterit.
3057 784 3074 813 ι
3121 761 3217 814 Vix
3257 778 3385 817 sane

1820 849 2112 923 quidquam
2140 853 2354 920 reperio
2376 855 2515 919 quod
2539 851 2826 905 Tatianum
2858 853 2923 904 ad
2959 853 3068 905 haec
3090 851 3382 906 eﬂ‘utienda

1819 944 2115 1014 impulerit,
2171 954 2365 1012 praeter
2403 945 2640 1010 ineptum
2684 941 3287 1012 novitatis'aneupinm,
3330 954 3382 994 ut

1822 1037 2157 1091 existimavit
2192 1035 2448 1088 lrena'ns.
2477 1028 2609 1088 Nam
2640 1033 3001 1089 Valentiniani
3042 1042 3096 1086 et
3127 1032 3216 1084 alii
3250 1045 3384 1099 pene

1820 1143 2008 1182 omnes
2056 1127 2324 1194 Gnostici,
2365 1131 2486 1182 cum
2526 1127 2772 1196 sophian)
2824 1143 2978 1189 suam
3021 1127 3228 1178 Adanto
3279 1125 3383 1176 De-

1821 1219 2012 1288 minrgi
2046 1219 2297 1272 manibus
2325 1219 2558 1272 lormato
2597 1232 2782 1274 semen
2826 1216 3106 1285 spiritnale
3140 1217 3379 1268 dicerent

1819 1301 2111 1378 iniecisse,
2155 1327 2385 1379 cumque
2420 1311 2687 1364 neminem
2728 1310 2830 1364 hoc
2881 1310 3087 1362 semine
3125 1319 3377 1361 ornatum

1804 1401 2104 1457 sanctitate
2159 1410 2212 1455 et
2267 1401 2437 1456 salute
2484 1401 2738 1455 excidere
2778 1384 2938 1468 posse
2999 1408 3377 1464 autnmarent,

1819 1494 2197 1549 necessitatem
2239 1492 2351 1548 sibi
2388 1492 2743 1560 imponebant
2783 1493 3144 1562 agnoscenda:
3185 1491 3375 1544 Adami

1815 1584 2030 1637 salutis.
2063 1582 2332 1638 Praeterea
2378 1582 2493 1652 ipse
2534 1575 2826 1646 Tatianus,
2867 1594 2924 1636 ut
2965 1586 3216 1638 observat
3256 1582 3378 1648 Epi-

1767 1727 1770 1729 Α
1816 1678 2068 1748 phanius,
2101 1696 2209 1747 quo
2244 1679 2414 1748 magis
2445 1679 2662 1748 nuptias
2689 1679 2900 1738 oderat,
2936 1687 3002 1732 eo
3033 1678 3082 1732 in
3113 1679 3376 1732 Adamnm

1817 1770 1931 1822 sine
1956 1770 2160 1835 nuptiis
2193 1778 2439 1824 creatum
2481 1769 2687 1835 :equior
2716 1782 2840 1822 esse
2865 1766 3068 1822 debuit.

145 1859 334 1902 tarum
368 1860 512 1904 secta
545 1851 612 1903 ab
657 1847 959 1905 Encratitis-
990 1851 1197 1909 secerni
1228 1866 1340 1905 non
1370 1853 1577 1918 debuit,
1617 1856 1710 1909 sed
1745 1844 1783 1898 Β
1869 1846 2108 1914 (Videtur
2161 1874 2338 1915 lumen
2383 1861 2546 1929 impia
2608 1860 2674 1912 de
2728 1861 3073 1913 matrimonio
3108 1863 3373 1913 sententia

149 1955 258 1995 Ilia
289 1950 344 1994 et
371 1941 559 1994 eadem
598 1939 925 2002 existimari,
959 1941 1187 2009 ejusque
1234 1944 1567 2013 principatus
1599 1961 1706 1999 non

145 2031 411 2086 Cassiano
440 2031 761 2087 deferendos
795 2041 948 2096 erat,
983 2043 1056 2088 aut
1104 2033 1306 2088 factum
1354 2051 1385 2088 a
1431 2037 1712 2092 Clemente

148 2123 407 2185 vidimus.
469 2119 565 2179 sed
617 2124 874 2192 Taliane,
924 2141 1082 2196 quem
1133 2130 1486 2184 celebriorem
1545 2131 1708 2186 fuisse

152 2225 393 2288 cenant,
421 2218 783 2294 antiquiorem
817 2235 923 2274 non
956 2220 1189 2276 obscure
1213 2221 1414 2284 indicat
1435 2221 1705 2286 Clemens,

147 2304 278 2359 dna
304 2320 428 2360 eum
453 2316 580 2363 ante
610 2305 932 2362 Cassianum
979 2308 1247 2375 recenset,
1292 2310 1473 2378 eique.
1495 2309 1709 2365 Cassia-

148 2393 280 2452 au
331 2399 410 2472 de
445 2387 794 2453 matrimonio
833 2398 1073 2453 declarat
1120 2401 1402 2454 assentiri.
1446 2400 1709 2456 Videntur

142 2505 279 2560 ergo
307 2489 518 2545 librarii
559 2490 766 2560 aliquid
812 2489 1057 2546 vulneris
1100 2491 1294 2546 fecisse
1343 2491 1469 2546 huic
1511 2491 1712 2547 Hiero-7

145 2581 296 2652 qui
321 2581 470 2648 loco;
503 2591 668 2649 atque
696 2581 908 2642 etiamsi
935 2583 1142 2651 integer
1164 2582 1529 2644 existimetur,
1560 2583 1704 2636 haud

145 2682 328 2726 tamen
359 2674 475 2726 scio
505 2687 572 2725 an
605 2672 784 2726 minus
807 2671 911 2725 hac
944 2674 996 2726 in
1024 2687 1084 2730 re
1107 2671 1436 2747 Hieronymo
1460 2674 1704 2726 tribuen-

147 2764 271 2817 dam
309 2764 401 2826 sit,
427 2778 585 2832 quam
635 2762 758 2817 aliis
801 2752 1060 2818 Patribus
1097 2779 1203 2818 non
1239 2766 1394 2819 modo
1431 2766 1576 2819 hunc
1602 2764 1702 2818 Ta-

147 2857 282 2911 tiani
335 2871 575 2910 errorem
611 2859 967 2933 tacentibus,
1009 2872 1170 2927 quem
1232 2869 1408 2912 tamen
1468 2859 1704 2912 maxime

141 2963 572 3002 commemorare
601 2949 928 3016 debuerant,
966 2951 1061 3003 sed
1101 2949 1266 3006 etiam
1302 2950 1373 3003 ab
1396 2949 1704 3004 Encratita-

146 3054 262 3093 rum
294 3039 484 3095 baresi
517 3037 745 3095 Docetas
771 3041 1262 3109 distinguentibus,
1301 3052 1356 3096 et
1383 3044 1539 3097 alt‘eri
1568 3043 1697 3098 Cas-

141 3131 377 3196 sianum,
407 3131 565 3186 alteri
596 3131 885 3187 Tatianum
915 3134 1107 3188 ducem
1136 3143 1192 3190 et
1218 3134 1531 3204 signiferum
1565 3137 1704 3191 assi-

141 3223 446 3290 gnutilms.

205 3310 319 3368 Sed
345 3311 485 3367 forte
511 3312 808 3382 quominus
819 3313 1070 3370 Cassiani
1087 3327 1288 3371 nomen
1301 3308 1536 3369 Tatiano
1561 3318 1701 3386 apud

139 3397 529 3474 hieronymum’
578 3399 1333 3475 substituamus,~obj‘icietur
1362 3406 1575 3462 Tatiani
1618 3407 1701 3460 ιιι-

141 3491 318 3557 cinus,
353 3491 443 3561 qui
485 3509 549 3548 ex
593 3493 888 3564 Evangelio
923 3487 1225 3566 amputavit
1264 3495 1608 3567 genealogias
1647 3506 1700 3551 et

140 3585 241 3637 alia
263 3584 470 3650 omnia,
508 3602 625 3656 qua
659 3586 974 3652 Dominum,
1015 3595 1076 3642 ut
1099 3589 1177 3642 ait
1209 3587 1603 3653 Theodoretus,
1636 3601 1702 3643 es

140 3678 332 3730 senis:
384 3676 550 3729 Dat-id
592 3680 874 3733 secundum
913 3695 1128 3736 carnem
1175 3689 1357 3734 natum
1397 3680 1696 3735 ostendunt.

139 3771 209 3823 At
240 3783 463 3822 ueeesse
487 3786 591 3822 non
619 3781 703 3824 est
722 3772 790 3824 ad
821 3771 1223 3840 phantasticam
1251 3787 1469 3826 carnem
1509 3772 1700 3825 conlu-

140 3875 286 3930 gere,
319 3871 377 3914 ut
407 3863 509 3914 hoc
532 3860 744 3915 Tatiaui
783 3861 966 3918 scelus
995 3862 1351 3932 explicemus.
1391 3861 1541 3916 Satis
1580 3878 1698 3914 ma-

141 3969 274 4024 gnos
315 3953 390 4008 illi
423 3955 674 4009 stimulos
700 3956 768 4009 ad
804 3956 856 4009 id
886 3957 1190 4012 audendqu
1228 3957 1496 4027 subjicere
1526 3958 1700 4027 potuit

149 4045 640 4100 \‘alentinianorum
683 4045 942 4114 heresis,
990 4062 1111 4116 qua
1136 4047 1411 4102 Christum
1460 4048 1593 4101 nihil
1632 4063 1696 4101 es

147 4138 306 4192 Maria
330 4139 651 4206 sumpsisse,
685 4140 778 4194 sed
799 4153 1025 4198 cantem
1072 4139 1290 4195 aliunde
1329 4139 1608 4203 habuisse,
1644 4148 1701 4192 et

143 4244 235 4300 per
272 4229 500 4286 Iariam
524 4231 690 4286 veluti
723 4246 818 4301 per
845 4231 1095 4286 canalem
1131 4231 1358 4285 docebat
1394 4232 1694 4284 transisse.

207 4322 299 4379 IV.
330 4321 622 4378 Videbatur
668 4321 773 4377 sibi
813 4320 1081 4377 Tatianus
1129 4336 1234 4376 nou
1263 4320 1492 4376 multum
1526 4321 1700 4374 laudis

145 4421 357 4487 mereri,
395 4420 660 4488 adiunctis
688 4421 755 4474 ad
797 4434 931 4474 usus
965 4433 1095 4474 suos
1121 4416 1403 4473 Saturnini
1427 4426 1481 4471 et
1506 4416 1699 4472 \’alen~

1814 1950 1964 2004 illum
2013 1949 2304 2004 adduxisse
2347 1949 2406 2004 ut
2459 1950 2702 2018 iniquum
2739 1962 2798 2002 se
2834 1949 3042 2006 Adamo
3080 1949 3370 2015 praeberet.

1809 2043 1944 2101 Nam
1984 2042 2385 2098 obtrectatores
2437 2041 2802 2106 matrimonii,
2869 2049 2930 2092 ut
2977 2048 3213 2093 testatur
3258 2039 3362 2092 C|e4

1812 2146 1969 2185 mens
1995 2131 2171 2198 Alex.,
2204 2130 2424 2198 Strom.,
2447 2146 2530 2197 ut,
2563 2146 2619 2200 p.
2650 2129 2777 2197 470,
2811 2138 3025 2198 gustum
3062 2128 3189 2199 ligni
3224 2132 3353 2182 velit

1810 2223 2314 2294 interpretabantur
2361 2238 2516 2278 usum
2549 2222 2904 2285 matrimonii,
2947 2215 3106 2292 quem
3142 2237 3171 2276 a
3205 2221 3364 2277 Crea-

1812 2323 1932 2369 tore
2006 2316 2230 2382 vetitum
2291 2314 2582 2386 ﬁngebant.
2654 2313 2809 2369 Unde
2858 2315 3204 2368 matrimonii
3268 2331 3368 2367 non

1806 2406 2139 2473 Creatorem,
2192 2406 2285 2462 sed
2324 2406 2619 2471 diabolum,
2669 2399 2758 2475 qui
2796 2406 3063 2460 Adamum
3107 2415 3161 2459 et
3205 2400 3368 2457 Evam

1808 2498 2138 2565 pellexerat,
2189 2508 2470 2552 auctorem
2537 2496 2809 2550 dicebant.
2869 2493 2974 2549 Sed
3041 2504 3221 2549 tamen
3262 2495 3364 2548 etsi

1806 2590 2043 2643 Adamus
2083 2598 2412 2659 przeceptum
2457 2587 2735 2644 Creatoris
2782 2587 3120 2653 violaverat,
3171 2587 3223 2640 id
3272 2588 3370 2641 ob-

1807 2690 1952 2734 stare
1993 2696 2099 2734 non
2131 2679 2361 2734 debebat
2409 2679 2700 2748 quominus
2739 2693 2862 2731 eum
2894 2677 3166 2752 Christus,
3190 2677 3365 2746 longe,

1807 2784 1864 2828 ut
1895 2784 2188 2844 negatores
2231 2773 2305 2827 illi
2351 2775 2623 2838 dicebant,
2661 2764 2935 2841 putentior
2961 2770 3240 2836 Creatore,
3258 2774 3335 2824 eri

1803 2872 1976 2932 peret.
2010 2863 2079 2917 At
2108 2863 2436 2917 matrimonii
2467 2865 2593 2916 odio
2633 2847 2846 2917 videtur
2868 2862 3128 2916 Tatianus
3163 2864 3216 2916 in
3254 2878 3368 2916 ma-

1803 2957 2044 3011 trimonii
2081 2958 2428 3024 inccnptorem
2471 2957 2620 3009 virus
2656 2971 2811 3008 suum
2857 2970 3185 3020 evomuisse,
3215 2970 3368 3010 θιιιιιι

1809 3063 1908 3118 que
1934 3063 1963 3099 a
1999 3048 2214 3101 Christo
2238 3047 2458 3100 minime
2482 3046 2788 3110 liberatum,
2814 3047 2910 3101 sed
2942 3047 3063 3100 irati
3090 3047 3366 3101 Creatoris

1729 3188 1773 3249 Ο
1800 3138 2006 3208 judicio
2042 3138 2336 3210 (neminem
2390 3140 2535 3192 enim
2584 3154 2613 3191 a
2661 3140 2882 3194 Christo
2927 3139 3171 3192 damnari
3215 3140 3364 3192 dice.-

1805 3230 1955 3301 bant)
1989 3231 2232 3285 relictum
2265 3231 2512 3290 ﬁnxisse.

1872 3325 2029 3392 Apud
2049 3322 2442 3378 Tertullianum
2473 3323 2527 3376 in
2557 3323 2673 3376 loco
2689 3321 2800 3392 jam
2827 3325 2991 3376 citato
3020 3324 3365 3377 docuissedi-

1802 3415 1942 3472 citur
1971 3415 2227 3470 Tatianus
2241 3415 2407 3468 Adam
2432 3431 2524 3467 nec
2543 3417 2766 3467 salutem
2791 3415 3032 3486 consequi
3061 3432 3241 3483 posse;
3270 3418 3362 3469 sed

1801 3509 1855 3564 id
1883 3508 2071 3562 eodem
2099 3507 2235 3562 redit
2264 3522 2325 3561 ac
2346 3508 2491 3576 quod
2513 3509 2580 3560 de
2597 3507 2825 3560 Tatiauo
2842 3507 2931 3560 alii
2957 3509 3249 3576 scriptores
3280 3509 3362 3560 ili-

1803 3609 2021 3654 xerunt.
2053 3594 2248 3653 Posito
2288 3600 2431 3652 enim
2487 3598 2741 3667 injectum
2782 3614 2887 3652 non
2947 3600 3112 3653 fuisse
3161 3600 3364 3653 Adamn

1800 3690 2232 3746 comtnentitium
2279 3688 2407 3742 illud
2440 3703 2624 3743 semen
2666 3689 2967 3757 spiritualc,
3011 3691 3152 3759 quod
3182 3692 3361 3744 Acim-

1803 3784 1982 3849 moth,
2038 3784 2152 3835 sive
2181 3780 2460 3849 Sapientia
2487 3819 2503 3844 ,
2557 3783 2842 3835 animabus
2871 3783 3165 3835 electorum
3224 3785 3360 3836 clam

1788 3873 2057 3928 .Creatore
2119 3861 2434 3940 iujiciebat;
2502 3888 2607 3927 nou
2655 3872 2775 3942 jam
2839 3874 3070 3928 salutem
3122 3877 3364 3929 Adamus

1800 3963 2015 4030 assequi
2046 3971 2277 4029 poterat.

1874 4051 1936 4107 V.
1972 4050 2185 4107 Tatiani
2221 4061 2526 4107 sectatores
2555 4052 2900 4122 appellantur
2921 4050 3134 4108 Tatiani
3165 4065 3220 4108 et
3253 4053 3360 4106 Ta-

1803 4147 2038 4212 tianitm,
2092 4145 2418 4210 Encratitze,
2473 4147 2792 4214 bevcriaui,
2847 4146 3358 4217 Hydroparastatze,

1798 4237 2143 4306 Apotactitaz,
2190 4235 2544 4303 Saccophori,
2575 4237 2892 4306 Apostolici,
2946 4239 3141 4306 quibus
3187 4243 3364 4292 nomi-

1801 4329 1959 4382 nibus
1993 4329 2190 4396 partim
2235 4327 2348 4395 ipsa
2397 4325 2612 4380 Tatiaui
2659 4339 2840 4392 secta,
2899 4330 3096 4397 partim
3143 4331 3263 4383 alia:
3294 4347 3360 4382 es

1802 4421 1906 4475 ista
1941 4419 2140 4477 avulsa:
2170 4421 2544 4492 designantur.
2590 4419 2848 4476 Distiuxit
2885 4423 3220 4493 Epiphanius
3253 4425 3359 4478 Ta-

146 4514 237 4569 llni
271 4513 635 4575 οοιιιηιοιιιὶεο
675 4510 778 4565 nisi
827 4510 992 4568 etiam
1036 4507 1239 4579 aliquid
1273 4517 1508 4578 pareret.
1553 4506 1694 4575 quod
1727 4537 1771 4591 ι)
1804 4514 1978 4566 tianos
2016 4528 2042 4566 a
2085 4513 2393 4570 Severiauis
2430 4524 2486 4570 et
2530 4515 2859 4578 Encratitis,
2896 4528 2961 4568 ac
3007 4515 3357 4569 Severianum

146 4619 337 4658 novum
366 4618 431 4658 ac
457 4605 670 4673 proprie
694 4617 850 4657 suum
871 4602 1172 4657 videretur.
1201 4599 1387 4668 Itaque
1414 4609 1471 4652 ut
1500 4611 1695 4652 nomen

146 4710 292 4750 suum
334 4695 568 4763 posteris
614 4693 1052 4760 commendaret,
1101 4693 1328 4748 salutem
1377 4690 1569 4744 Adami
1606 4703 1698 4745 ue-

146 4789 303 4855 gavit,
330 4788 472 4855 quod
509 4795 634 4838 ante
677 4784 826 4839 illum
859 4787 1060 4841 neuiini
1103 4787 1155 4840 in
1187 4793 1421 4839 mentem
1453 4791 1692 4835 venerat.

147 4880 289 4934 Hunc
331 4879 476 4932 illius
499 4892 769 4944 errorem,
801 4887 860 4932 ut
897 4879 1256 4948 impietatem,
1294 4876 1544 4930 detestati
1574 4883 1698 4929 sunt

144 4974 389 5038 lrencns,
408 4969 798 5035 Tertullianus,
832 4969 1186 5040 Epiphanius,
1216 4965 1562 5030 Philastrius,
1591 4970 1698 5018 Au-

145 5068 380 5136 gustinus
400 5061 856 5119 etTheodoretus.
876 5062 968 5118 Sic
995 5071 1176 5117 autem
1202 5060 1399 5116 refellit
1423 5063 1562 5116 hanc
1588 5062 1696 5114 Iuc-

148 5160 294 5212 resirn
335 5156 590 5221 tremens,
625 5156 718 5209 lib.
758 5170 844 5219 ιιι,
877 5169 927 5211 c.
965 5152 1058 5218 25,
1097 5161 1158 5207 ut
1191 5166 1414 5210 cancros
1445 5153 1696 5207 homines

146 5249 367 5312 saturi,
408 5249 452 5302 si
497 5248 666 5302 Adam
722 5262 831 5302 non
878 5246 1115 5300 salvatus
1159 5245 1266 5307 sit,
1318 5259 1383 5300 ac
1426 5244 1698 5299 diabolum

143 5349 347 5404 Christo
379 5347 580 5401 victum
625 5353 681 5400 et
731 5351 1050 5413 superatum
1090 5351 1289 5411 neget,
1337 5343 1383 5396 si
1423 5341 1498 5407 is,
1538 5356 1698 5411 quem

147 5441 378 5495 diabolus
411 5441 638 5503 vicerat,
665 5447 720 5494 et
744 5439 800 5492 in
823 5439 1037 5492 vincula
1064 5435 1396 5507 coniecerat,
1427 5449 1456 5488 a
1481 5435 1698 5489 Christo

146 5535 342 5589 sensit
384 5540 605 5599 ereptus
642 5545 711 5585 es
766 5529 882 5597 ejus
927 5530 1174 5584 manibus
1202 5539 1256 5582 et
1298 5528 1351 5581 in
1389 5525 1694 5580 libertatem

149 5627 456 5681 vindicatus.
490 5623 581 5678 Sic
617 5625 785 5678 etiam
821 5622 1185 5678 Tertulliauus
1216 5621 1268 5674 in
1296 5619 1434 5673 libro
1456 5617 1532 5671 De
1552 5632 1695 5678 prte-

149 5737 272 5787 um,
311 5733 432 5787 cap.
465 5716 555 5781 52,
601 5716 840 5770 radicem
889 5715 1095 5771 salsam
1147 5727 1269 5768 esse
1311 5711 1610 5774 contendit,
1649 5709 1695 5762 si

154 5815 268 5866 rami
292 5811 426 5865 salvi
453 5809 605 5860 liuut.
640 5805 704 5860 Et
730 5807 1082 5876 Epiphanius,
1115 5810 1304 5862 luercs.
1334 5805 1435 5858 46:
1461 5800 1568 5855 Καὶ
1592 5802 1638 5853 ει
1662 5803 1689 5852 ὁ

401 5904 675 5964 Parant.
708 5900 824 5960 Gs.
858 5900 960 5962 Vl.

1798 4603 2050 4671 Tatiano,
2069 4605 2360 4660 ‘Tatianum
2390 4606 2684 4662 Encratitis
2707 4606 3018 4675 vprzelnaisse
3044 4617 3245 4662 censet.
3294 4611 3362 4663 At

1797 4695 2050 4763 lrenaeus,
2087 4696 2358 4761 Clemens,
2383 4697 2652 4753 Eusebius
2678 4708 2734 4753 et
2756 4697 3127 4753 Theodoretus
3155 4697 3360 4752 Encra-

1799 4791 2020 4841 titarum
2053 4799 2216 4844 sectae
2242 4801 2523 4858 parentem
2548 4800 2605 4845 et
2655 4803 2931 4845 auctorem
2967 4791 3248 4844 Talianum
3279 4794 3362 4844 di-

1800 4892 2020 4938 xerunt.
2072 4880 2237 4936 Addit
2287 4881 2550 4936 Eusebius
2597 4899 2700 4936 non
2742 4883 2908 4936 multo
2952 4891 3070 4953 post
3114 4882 3359 4937 Severum

1796 4970 2109 5038 quemdam,
2151 4985 2270 5023 cum
2324 4973 2642 5039 supradicta:
2687 4975 2875 5026 hwresi
2929 4974 3087 5026 robur
3122 4990 3183 5026 ac
3228 4974 3358 5026 vires

1797 5065 2106 5131 addidisset,
2146 5065 2200 5116 in
2239 5080 2400 5118 causa
2434 5063 2619 5132 fuisse,
2649 5082 2744 5119 cur
2777 5067 2918 5120 illius
2949 5078 3100 5120 secta:
3128 5067 3358 5120 homines

1797 5172 1862 5210 ea:
1904 5156 2070 5222 ipsius
2107 5155 2357 5209 vocabulo
2399 5155 2668 5210 Seueriani
2699 5159 3017 5211 dicerentur.
3058 5157 3188 5214 Late
3229 5173 3359 5226 ergo

1798 5247 2039 5308 manavit
2084 5249 2306 5302 haeresis
2344 5245 2595 5315 Tatiani;
2642 5265 2742 5302 nec
2783 5265 2901 5304 eam
2944 5255 3137 5303 merito
3168 5252 3360 5303 Antio-

1800 5340 1935 5395 ebiaa
1962 5349 2019 5395 et
2057 5339 2260 5394 Ciliciae
2303 5350 2358 5392 et
2389 5337 2600 5393 Pisidiae
2634 5338 2835 5394 finibus
2868 5351 3084 5395 coercet
3121 5337 3356 5408 Epipha-

1800 5431 1941 5499 nius,
1986 5448 2106 5487 cum
2151 5431 2467 5496 Encratitaa,
2516 5434 2638 5500 ipso
2669 5430 2894 5496 fatente,
2933 5446 3036 5484 non
3083 5433 3258 5484 solum
3308 5432 3360 5483 in

1799 5519 1884 5578 his
1927 5523 2276 5594 regionibus,
2322 5525 2415 5578 sed
2459 5523 2618 5574 etiam
2663 5523 2715 5574 in
2756 5521 2993 5592 Phrygia
3030 5521 3263 5586 adusta,
3308 5523 3360 5573 in

1799 5609 2022 5680 Isauria,
2057 5612 2369 5683 Pamphylia
2424 5624 2478 5667 et
2513 5611 2725 5666 Galatia
2761 5624 2924 5683 atque
2969 5616 3134 5667 etiam
3174 5613 3225 5665 in
3254 5612 3360 5664 Πολ

1801 5719 1960 5759 ma-no
1990 5713 2162 5758 tractu
2187 5705 2466 5773 propagati
2517 5703 2739 5758 fuerint.
2771 5705 3051 5758 Adductus
3080 5715 3161 5757 est
3192 5703 3358 5756 etiam

1801 5796 2132 5867 Epiphanius
2163 5797 2261 5852 hac
2291 5793 2685 5850 Tatianitarum
2732 5807 2787 5849 et
2826 5795 3223 5850 Eucratitarum
3259 5810 3360 5846 mn

3053 5888 3090 5948 6
