4140 6432
754 396 846 452 171

1666 394 1720 449 S.
1758 394 2087 450 JUS'IiNUS
2118 392 2597 452 PHILOSOPHUS
2631 395 2714 449 ΕΤ
2741 393 3050 451 ΜᾹΠΤῩΒ.

3894 402 4009 455 £72

755 533 857 571 nns
884 524 1139 571 accurata
1174 514 1539 583 distinctione,
1569 526 1625 569 ut
1656 516 1864 570 Tatiani
1887 527 2088 571 sectam
2130 514 2329 570 sa-eulo
2358 528 2399 584 Α
2435 525 2733 583 pugnantes
2789 514 2984 568 refellit
3038 516 3087 567 in
3151 524 3261 568 toto
3330 514 3471 567 libro
3534 515 3693 568 tertio
3750 514 4006 571 Slroma-

752 618 947 675 quarto
987 609 1254 661 interiisse
1291 610 1559 662 crederet.
1602 609 1666 660 At
1714 624 1835 662 cum
1879 609 2181 662 Encratitas
2214 609 2314 662 hoc

751 700 954 753 sarculo
984 699 1260 753 exstitisse
1298 714 1363 752 ex
1410 700 1523 767 ipso
1555 699 1849 767 Epiphanio
1882 710 2089 768 pateat,
2122 711 2172 754 et
2203 716 2317 753 ma-

749 793 895 843 xime
927 806 986 841 ex
1026 791 1247 853 Basilio,
1293 792 1431 858 apud
1469 804 1629 857 quem
1666 806 1771 843 non
1803 806 1974 858 pauca
2002 792 2066 843 de
2099 791 2312 843 illorum

750 885 1076 949 baptismate
1110 883 1360 950 leguntur
1390 883 1435 919 ⁸³
1462 922 1476 942 ,
1530 882 1843 936 necessario
1882 884 2125 951 sequitur
2158 884 2315 936 insti-

749 982 918 1027 tumm
952 990 977 1025 a
1008 974 1237 1026 Tatiauo
1279 985 1525 1035 sectam,
1567 989 1685 1040 qua:
1734 988 1840 1027 non
1884 975 1985 1026 alia
2026 985 2111 1029 est
2152 991 2311 1043 quam

746 1066 1178 1125 Encratitarum,
1232 1067 1296 1117 ad
1346 1067 1445 1117 lMC
1480 1073 1689 1132 tempus
1724 1079 2122 1132 perseverasse.
2161 1066 2312 1121 Basi-

745 1156 870 1219 lius,
900 1158 1000 1210 etsi
1026 1158 1307 1209 lzmretieos
1332 1157 1540 1211 solebat
1571 1159 1933 1227 rebaptizare,
1963 1161 2099 1212 duos
2129 1170 2307 1213 tamen

742 1260 809 1301 ex
850 1247 948 1299 hac
996 1256 1139 1300 secta
1179 1248 1499 1316 episcopos,
1543 1246 1769 1302 Zoinum
1813 1258 1869 1302 et
1912 1248 2307 1316 Saturninum,

742 1354 949 1406 magna:
975 1340 1192 1392 utilitati
1227 1339 1672 1393 consuetudinem
1714 1342 2068 1408 posthabcus,
2110 1344 2163 1397 in
2198 1345 2313 1411 epi-

741 1432 1011 1499 scopalem
1043 1433 1360 1486 cathedram
1394 1435 1650 1501 suscepit,
1688 1448 1751 1488 ac
1772 1449 1960 1488 eorum
1995 1451 2097 1489 non
2133 1436 2307 1490 solum

740 1523 1026 1591 baptisma,
1070 1525 1161 1578 sed
1192 1526 1353 1578 etiam
1384 1528 1784 1583 ordinationem
1817 1540 1994 1582 ratam
2026 1529 2235 1581 habuit.

812 1615 1089 1683 Suspicari
1134 1617 1346 1669 videtur
1398 1617 1735 1687 Epiphanius
1780 1620 2129 1683 Encratitas,
2177 1621 2305 1674 dum

736 1706 1038 1759 castitatem
1084 1722 1193 1775 pra:
1236 1722 1295 1760 se
1334 1707 1537 1769 ferunt.
1569 1726 1673 1764 non
1710 1721 1818 1764 tam
1864 1727 1891 1763 a
1938 1711 2307 1779 voluptatibus

734 1799 1112 1863 abhorruisse,
1140 1814 1299 1866 quam
1345 1800 1575 1853 latebras
1598 1803 1832 1856 occultis
1860 1803 2078 1873 flagitiis
2110 1806 2310 1874 quaesi-

2419 614 2526 656 tum
2555 608 2596 637 ’ί
2621 624 2633 658 :
2665 605 2799 675 Φέρε
2834 609 2913 669 είς
2934 606 3024 657 δύο
3048 606 3308 667 διελόντες
3335 606 3633 676 πράγματα
3653 607 3873 671 ἁπάσας
3897 611 4005 671 τὰς

2416 695 2671 767 αἱρέσεις,
2700 696 3122 767 ἀποκρινώμεθα
3148 697 3347 759 αὐτοῖς.
3378 699 3444 748 Ἢ
3470 698 3576 767 γὰρ
3598 696 3655 748 τὸ
3682 697 4001 769 ἀδιαφόρως

2418 788 2513 859 ζῇν
2540 788 2895 850 διδάσκουσιν,
2918 788 2951 857 ἢ
2976 788 3033 838 et,
3058 788 3347 860 ὑπέρτονον
3374 788 3621 855 ἄγουσαι,
3662 789 4003 859 ἐγκράτειαν

2414 879 2499 932 διὰ
2519 880 2829 939 δυσσεϐείας
2851 880 2941 933 καὶ
2966 878 3508 949 φιλαπεχθημοσύνης
3536 879 3996 947 καταγγέλλουσι.

2421 989 2440 1020 ι
2479 974 2611 1040 Age.
2644 972 2841 1036 inquit,
2884 968 3138 1024 bifariam
3174 970 3477 1023 dividamus
3514 986 3701 1024 omnes
3729 973 3997 1030 lxmreses.

2414 1062 2599 1130 eisque
2628 1061 3051 1130 reSpondeantus
3082 1081 3093 1113 :
3130 1061 3210 1113 vel
3235 1062 3377 1113 enim
3407 1060 3778 1115 indifferenter
3802 1062 4002 1115 vivere

2413 1154 2651 1217 docent;
2701 1152 2784 1206 vel
2819 1151 2959 1205 ultra
2993 1153 3210 1206 modum
3249 1168 3546 1221 progressa:
3590 1154 3998 1208 continentiam

2416 1259 2507 1312 per
2539 1246 2871 1314 impietatem
2898 1254 2951 1297 et
2980 1244 3164 1296 odium
3195 1244 3535 1311 protitcntur.
3567 1265 3587 1298 ι

2484 1334 2597 1387 Non
2626 1338 2797 1404 magis
2820 1335 3096 1389 consentit
3128 1351 3250 1388 cum
3279 1335 3361 1388 his
3382 1336 3593 1389 duobus
3616 1336 3999 1403 scriptoribus

2413 1425 2744 1495 Epiphanius
2775 1443 2894 1480 cum
2930 1437 3163 1481 testatur
3194 1428 3501 1481 Eucratitas
3529 1427 3994 1480 resurrectionem

2413 1530 2747 1573 mortuorum
2780 1520 3022 1573 credere.
3075 1520 3165 1574 Sic
3214 1521 3354 1572 enim
3387 1521 3529 1587 apud
3567 1520 3905 1572 Clementem
3942 1519 3996 1550 ”

2413 1607 2861 1659 resurrectionem
2914 1606 3388 1676 interpretantur,
3447 1618 3506 1661 ut
3557 1608 3668 1676 jam
3724 1623 3780 1661 se
3831 1607 3992 1659 illam

2412 1698 2633 1765 adeptos
2672 1712 2813 1761 esse,
2868 1707 2923 1751 et
2956 1697 3161 1751 idcirco
3194 1714 3221 1750 a
3272 1700 3473 1766 nuptiis
3498 1698 3744 1767 refugere
3769 1700 3992 1754 dicant.

2415 1786 2566 1842 Unde
2586 1787 2704 1841 illos
2726 1790 2803 1839 sic
2821 1788 3405 1843 verberatClemens”:
3428 1790 3489 1843 Ei
3505 1788 3610 1861 γὰρ
3628 1785 3720 1841 οὖν
3736 1790 3833 1859 τὴν
3849 1788 3995 1841 ἀνά.-

734 1889 895 1941 vissc.
943 1888 1033 1942 Sic
1076 1892 1219 1943 enim
1271 1889 1510 1957 loquitur
1547 1892 1611 1945 de
1659 1892 1931 1956 Tatiano,
1986 1897 2177 1949 haeres.
2208 1896 2299 1949 46:

2418 1894 2601 1930 στασιν
2630 1876 3011 1946 ἀπειλήφασιν,
3036 1877 3117 1937 ὡς
3141 1878 3291 1929 αὐτοὶ
3312 1876 3551 1945 λέγουσι,
3590 1880 3682 1931 καὶ
3704 1879 3791 1931 διὰ
3819 1878 3994 1930 τοῦτο

2399 1968 2590 2023 ἁθετοῦ
2600 1986 2650 2021 σι
2670 1969 2757 2021 τὸν
2770 1970 2963 2039 γάμον,
2988 1970 3119 2039 μηδὲ
3134 1970 3461 2022 ἐσθιέτωσαν
3485 1970 3615 2041 μηδὲ
3638 1970 3953 2024 πινέτωσαν
3972 1986 3987 1999 δ

2401 2061 2788 2132 καταργεῖσθαι
2825 2061 2930 2133 γὰρ
2959 2062 3057 2131 ἔφη
3080 2062 3177 2133 τὴν
3201 2061 3427 2123 κοιλίαν,
3459 2063 3551 2115 καὶ
3572 2063 3638 2114 τὰ
3661 2061 3935 2132 βρώματα
3957 2063 3991 2115 ό

2414 2154 2725 2215 Ἀποστολος
2742 2153 2799 2205 ὲν
2822 2156 2885 2223 τῇ
2911 2152 3219 2207 ἀναστάσει.
3242 2154 3331 2207 «Si
3358 2169 3489 2213 ergo
3516 2158 3987 2208 resurrectionem

2399 2253 2749 2314 acceperunt,
2781 2254 2839 2297 ut
2869 2244 2968 2313 ipsi
3001 2246 3204 2306 dicunt,
3240 2253 3287 2297 et
3332 2244 3534 2297 idcirco
3564 2244 3986 2298 matrimonium

2400 2334 2688 2403 abrogant,
2736 2348 2835 2387 nec
2869 2334 3193 2387 manducent
3240 2350 3339 2388 nec
3402 2335 3609 2387 bibant.
3658 2332 3790 2385 Nam
3836 2334 3989 2388 dixit

2397 2426 2689 2493 Apostolus
2726 2436 2973 2481 ventrem
3026 2435 3079 2481 et
3114 2425 3265 2479 cibos
3300 2427 3634 2479 destructum
3668 2427 3731 2478 iri
3784 2427 3837 2479 iu
3882 2442 3985 2481 re-

2393 2519 2731 2572 surrectione
2763 2518 2826 2569 ".
2866 2536 2884 2567 ι
2916 2516 3153 2571 lreuants
3198 2531 3262 2570 ex
3319 2518 3595 2571 haereticis
3638 2518 3971 2573 Creatorem

2399 2609 2765 2677 rejicientibus
2802 2608 3005 2661 nullum
3052 2624 3278 2678 prorsus
3319 2610 3549 2679 excipit,
3601 2610 3693 2680 qui
3728 2620 3989 2667 resurre“

2394 2701 2625 2754 cti0nem
2656 2699 2958 2765 admiserit,
3006 2709 3059 2752 et
3094 2699 3193 2751 bac
3241 2698 3292 2751 iu
3334 2716 3392 2754 re
3453 2717 3480 2753 a
3516 2701 3739 2754 uelariis
3761 2702 3875 2755 suis
3906 2703 3986 2757 de

2394 2793 2667 2847 creatione
2697 2792 3015 2846 discesserit
3044 2792 3346 2859 principiis,
3378 2792 3472 2847 lib.
3508 2808 3544 2857 ι,
3587 2809 3636 2848 c.
3672 2794 3765 2848 22.

2988 2880 3221 2936 CAPUT
3260 2881 3373 2935 XII.

758 1980 831 2031 Εν
858 1978 933 2049 τῷ
958 1982 1300 2050 προσχήματι
1325 1982 1420 2051 τῆς
1450 1984 1771 2056 ἐγκρατείας
1794 1988 1887 2038 καὶ
1908 1986 1998 2040 τοῦ
2024 1990 2297 2058 ἐγκρατη-

728 2072 878 2124 τικοῦ
907 2072 1068 2143 ἤθους
1107 2075 1431 2146 κυϐευτικὴν
1466 2076 1590 2145 ἔσχε
1618 2078 1717 2148 τὴν
1746 2079 1991 2150 ἀγωγήν·
2026 2080 2100 2142 ὡς
2138 2080 2297 2145 λύκος

728 2163 911 2236 ἅρπαξ
935 2164 1248 2236 ἐνδυόμενος
1281 2167 1548 2237 προϐάτου
1588 2168 1797 2231 κωδίον,
1845 2170 1936 2223 καὶ
1974 2172 2191 2226 πλανῶν
2221 2171 2299 2245 τῷ

725 2258 1044 2327 προσκαίρῳ
1075 2260 1418 2329 προσχήματι
1456 2261 1581 2322 τοὺς
1618 2262 2025 2331 ἀπατωμένους.
2070 2282 2087 2314 ι
2121 2265 2300 2321 Conti-

726 2351 922 2402 nentite
956 2366 1019 2403 ac
1064 2351 1337 2418 pudicitia:
1384 2353 1583 2419 specie,
1616 2354 1762 2407 velut
1813 2355 2068 2410 illecebra
2102 2374 2297 2428 propo-

725 2440 852 2504 sita,
893 2441 1053 2494 homo
1092 2443 1243 2494 vafer
1277 2442 1550 2512 obrepsit;
1598 2454 1854 2513 tanquam
1888 2462 2052 2514 rapax
2076 2451 2292 2518 quidam

723 2532 885 2600 lupus
924 2549 1079 2588 ovem
1124 2534 1282 2601 pellis
1327 2536 1573 2602 induens,
1608 2552 1784 2608 eoque
1817 2540 1987 2606 cultu,
2024 2556 2184 2609 quem
2229 2544 2296 2597 ad

724 2632 935 2690 tempus
974 2624 1243 2685 induerat.
1287 2627 1516 2682 miseros
1543 2626 1793 2684 homines
1824 2631 1876 2685 in
1911 2631 2153 2687 fraudem
2186 2633 2296 2701 pel-

722 2712 929 2769 licieus.
963 2734 981 2767 ι
1020 2718 1083 2770 Et
1115 2719 1180 2770 de
1227 2718 1533 2785 Encratitis,
1573 2722 1769 2776 luercs.
1802 2721 1903 2777 47:
1937 2725 2294 2795 Σεμνύνονται

721 2804 776 2858 δὲ
796 2805 953 2877 δῆθεν
977 2808 1300 2880 ἐγκράτειαν
1324 2811 1603 2883 σφαλερῶς
1624 2814 1690 2867 τὰ
1721 2814 1896 2869 πάντα
1918 2817 2289 2889 ἐργαζόμενοι,

719 2898 882 2966 μέσον
923 2901 1193 2968 γυναικῶν
1232 2900 1628 2974 εὑρισκόμενοι,
1663 2904 1755 2958 καὶ
1800 2910 2060 2975 γυναῖκας
2096 2927 2293 2964 πανταο

718 2989 869 3058 χόθεν
905 2993 1240 3059 ἀπατῶντες,
1266 2995 1357 3048 καὶ
1400 2996 1858 3069 συνδιαιτώμενοι,
1894 2999 1987 3053 καὶ
2022 3001 2291 3073 ἐξυπηρε-

718 3082 967 3153 τούμενοι
1010 3085 1112 3137 ὑπὸ
1152 3085 1260 3139 τῶν
1299 3087 1589 3151 τοιούτων,
1639 3088 1741 3154 ἔξω
1777 3086 1873 3161 μὲν
1907 3094 2003 3164 τῆς
2037 3092 2291 3166 ἀληθείας

717 3172 887 3237 ὅντες,
922 3176 1199 3256 μᾴρςτωσιν
1231 3178 1288 3231 δὲ
1324 3178 1520 3249 μᾶλλον
1560 3176 1907 3254 κεκτημένοι,
1940 3184 2037 3256 τὴν
2059 3186 2113 3239 δὲ
2133 3186 2293 3242 δύνα-

720 3282 810 3335 μιν
848 3244 1015 3336 αὑτῆς
1057 3269 1156 3337 τῆς
1198 3244 1478 3335 εὐσεϐείας
1532 3244 1849 3343 ἠρνημένοι.
1952 3244 2105 3343 Quod
2160 3294 2287 3332 vero
2315 3286 2357 3342 C

718 3357 1111 3411 continentiam
1144 3358 1441 3429 jactitaut,
1485 3362 1750 3417 lubricum
1789 3372 1870 3421 est
1912 3366 2131 3421 illorum
2170 3368 2293 3438 qui-

717 3446 838 3500 dem
866 3463 931 3502 ac
958 3449 1182 3518 periculi
1212 3450 1430 3520 plenum
1460 3453 1693 3509 facinus.
1722 3454 1856 3510 Nam
1899 3457 2040 3513 inter
2078 3458 2293 3513 mulier-

716 3539 868 3594 Culas
911 3552 1201 3596 versantur
1247 3546 1490 3608 assidue.
1542 3560 1684 3616 quas
1734 3551 2098 3619 undecunque
2133 3552 2291 3620 pelli-

716 3631 903 3685 eiuut:
937 3647 1058 3685 cum
1098 3634 1163 3688 iis
1191 3634 1295 3689 iter
1332 3635 1559 3702 faciunt,
1597 3652 1659 3692 ac
1686 3645 2050 3698 communiter
2081 3646 2289 3713 vivunt,

714 3733 1012 3798 earumque
1037 3726 1355 3782 ministeriis
1377 3738 1622 3783 utuntur.
1646 3730 1828 3797 Quare
1851 3748 1973 3787 cum
2000 3752 2030 3789 a
2061 3738 2291 3792 veritate

717 3810 931 3883 longius
959 3816 1160 3884 absint,
1197 3819 1326 3872 nihil
1378 3830 1578 3889 praeter
1614 3826 1935 3879 ementitam
1981 3825 2128 3881 illius
2173 3842 2289 3897 spe-

716 3906 855 3960 ciem
895 3917 1205 3975 ostentant;
1239 3913 1348 3963 vim
1401 3913 1571 3983 ipsam
1606 3915 1834 3969 sincera:
1874 3918 2093 3985 pietatis
2123 3920 2288 3975 abne-

715 4006 863 4067 gant.
900 4016 919 4049 ι
976 3997 1118 4054 Nihil
1170 4001 1347 4056 simile
1383 4003 1625 4059 lrcnzeus
1668 4017 1724 4059 et
1760 4007 2007 4063 Clemens
2050 4011 2285 4066 Alexan-

716 4086 909 4142 drinus
943 4087 1176 4146 Tatiauo
1218 4091 1559 4159 objecerunt,
1597 4096 1689 4163 qui
1717 4138 1731 4161 ,
1783 4098 1828 4151 si
1865 4098 1944 4152 eis
1987 4102 2284 4171 credimus,

715 4181 1176 4238 inconsideratum
1222 4186 1494 4241 castitatis
1536 4189 1778 4243 studium
1814 4206 1921 4245 non
1961 4194 2026 4245 ad
2079 4205 2286 4265 tempus

715 4278 1034 4339 ostentavit,
1080 4288 1136 4331 ut
1181 4280 1360 4347 placet
1414 4281 1759 4351 Epiphanio,
1791 4284 1883 4338 sed
1933 4288 2286 4354 pertinaciter

720 4368 958 4423 retinuit.
993 4371 1143 4437 Quod
1174 4388 1304 4440 ergo
1336 4376 1685 4440 reprehendit
1718 4374 2051 4445 Epiphanius
2083 4381 2134 4433 in
2179 4380 2283 4434 En-

2880 2951 2955 3005 Dc
2986 2954 3191 3019 scriptis
3227 2951 3463 3005 Tatiam'.

2393 3038 2430 3089 Ι.
2456 3040 2533 3089 De
2583 3040 2818 3103 operibus
2856 3040 3048 3091 Taliani
3084 3042 3372 3103 deperditis.
3412 3041 3474 3090 II.
3517 3040 3685 3093 Oratio
3732 3043 3988 3095 adversus

2453 3105 2760 3167 βιαιως-ηοω
2785 3106 3095 3167 pronuntiata
3142 3105 3230 3150 sed
3274 3107 3475 3165 scripta,
3517 3105 3668 3164 idque
3708 3113 3983 3167 postquam

2455 3164 2603 3228 Roma
2627 3163 2761 3228 abiit.
2790 3163 2875 3212 lli.
2904 3163 3143 3228 Scriptum
3166 3172 3281 3212 ante
3308 3163 3533 3228 heresim
3561 3163 3983 3228 fuisse'proliatur

2453 3226 2686 3288 adversus
2706 3227 3035 3288 doctissimum
3056 3226 3281 3274 abbatem
3322 3228 3385 3274 de
3426 3226 3845 3288 LonguerueIIV.
3890 3231 3979 3279 De

2453 3287 2651 3336 audacia
2703 3286 2892 3348 'i‘atiani
2940 3290 2986 3335 in
3030 3288 3297 3348 Scripturis
3351 3286 3713 3348 pervertendis.
3763 3290 3821 3337 V.
3859 3289 3980 3339 Non

2454 3356 2621 3397 exstat
2646 3347 2778 3396 illius
2826 3347 3153 3410 Evangelium’
3182 3347 3447 3410 Διιτισσὲμ..
3489 3349 3571 3398 Ἠ.
3607 3349 3814 3399 Videtur
3833 3352 3982 3402 idem

2455 3423 2568 3475 esse
2592 3423 2656 3475 ac
2696 3411 3018 3475 [cvangelium
3056 3412 3187 3471 quod
3220 3410 3457 3475 libionaais
3482 3412 3717 3475 attribuit
3760 3413 3812 3462 S.
3851 3414 3947 3475 Epi

2457 3473 2677 3534 phanius.
2704 3469 2803 3518 V11.
2829 3469 2963 3520 Idem
2985 3469 3133 3521 etiam
3152 3485 3206 3520 at
3227 3472 3348 3520 illud
3366 3474 3492 3533 quod
3514 3473 3766 3522 dicebatur
3788 3469 3979 3524 secun-

2457 3534 2567 3581 dum
2588 3533 2806 3581 Petrum.

2454 3534 2567 3581 dum
2588 3534 2806 3581 Petrum.

2465 3639 2504 3693 l.
2541 3640 2615 3693 Ex
2657 3639 2892 3693 maximo
2924 3640 3178 3693 librorum
3216 3654 3464 3707 numero,
3498 3655 3655 3710 quem
3696 3642 3977 3701 Eusebius

2394 3740 2448 3785 et.
2479 3730 2835 3800 llierouymus
2864 3745 2893 3782 a
2940 3728 3167 3783 Tatiauo
3199 3731 3445 3785 relictum
3482 3741 3770 3796 testantur,
3804 3740 3971 3804 pauci

2392 3823 2459 3875 ad
2511 3822 2876 3891 cognitionem
2917 3832 3192 3886 nostram,
3238 3836 3377 3875 nnus
3430 3832 3638 3876 tantum
3678 3825 3729 3876 in
3772 3841 3973 3881 manus

2394 3922 2605 3969 nostras
2649 3914 2913 3981 pervenit.
2968 3912 3303 3981 Seripscrat,
3348 3923 3483 3966 teste
3528 3914 3807 3969 Clemente
3837 3918 3974 3971 Ale-

2392 4005 2677 4069 xandriuo,
2727 4004 2949 4069 Strom.,
2981 4021 3075 4071 ttt,
3115 4023 3237 4076 pag.
3279 4006 3404 4073 460,
3436 4005 3631 4059 librum
3667 4008 3741 4061 De
3788 4010 3970 4077 perfe-

2388 4100 2557 4150 ctione
2594 4101 2879 4149 secundum
2913 4098 3266 4151 Salvatorem.
3316 4090 3372 4151 in
3404 4096 3661 4151 Oratione
3703 4107 3965 4153 adversus

2388 4186 2621 4252 Crwcas,
2656 4204 2806 4244 num.
2835 4188 2925 4251 15,
2975 4190 3106 4243 citat
3149 4189 3343 4243 librant
3393 4204 3422 4242 a
3469 4204 3530 4244 se
3566 4190 3828 4258 scriptum
3882 4191 3965 4244 De

2386 4282 2729 4335 animalibus.
2780 4281 2944 4336 Forte
2986 4284 3038 4335 in
3089 4282 3192 4337 hoc
3237 4281 3379 4337 libro
3427 4292 3860 4352 pertractaverat
3888 4284 3958 4345 ",

2384 4376 2528 4445 quod
2557 4392 2616 4431 se
2641 4376 2766 4430 alibi
2795 4377 3195 4430 demonstrasse
3222 4375 3353 4429 dicit
3386 4374 3661 4428 mirabiles
3688 4378 3961 4442 quosdam

716 4460 945 4521 eratitis,
1001 4462 1051 4513 id
1104 4472 1406 4530 temporum
1433 4462 1571 4517 ﬂexu
1609 4466 1659 4518 in
1692 4467 1835 4520 hanc
1864 4479 2068 4522 sectam
2121 4471 2280 4524 iudu-
2383 4469 2627 4533 effectus,
2672 4483 2776 4523 non
2822 4467 2875 4521 in
2914 4470 3122 4520 animas
3154 4467 3429 4521 hominum
3466 4477 3829 4533 mortuorum,
3860 4469 3960 4521 sed

716 4557 860 4599 ctum
899 4550 1130 4617 videtur,
1187 4568 1307 4605 cum
1339 4569 1528 4607 eorum
1582 4554 1815 4623 majores
1861 4558 2081 4627 impiam
2133 4560 2278 4614 illan:
2387 4562 2439 4614 in
2467 4562 2739 4616 daemones
2772 4560 2978 4614 rcfundi
3009 4560 3224 4613 debere.
3255 4560 3307 4611 ln
3340 4562 3527 4612 eadem
3554 4558 3810 4611 Oratione
3841 4575 3961 4627 pro-

715 4640 954 4705 quidem,
990 4647 1082 4694 sed
1123 4654 1299 4697 tamen
1332 4658 1672 4699 constantem
1706 4650 2008 4705 castitatem
2051 4653 2278 4721 professi
2315 4648 2356 4701 υ
2389 4653 2555 4707 mittit
2602 4654 2797 4707 librum
2832 4655 3094 4706 adversus
3126 4654 3376 4705 ethnicos
3406 4653 3698 4719 scriptores
3750 4654 3839 4719 qui
3890 4655 3959 4705 de

715 4728 963 4784 fuissent.
1021 4731 1249 4801 Opponit
1296 4752 1389 4790 eos
1443 4739 1677 4794 Irenaeus
1736 4742 1859 4797 aliis
1902 4744 2173 4799 luereticis
2228 4746 2281 4799 in
2384 4744 2824 4801 Christianorum
2855 4756 2911 4799 et
2947 4744 3253 4799 Judzeorum
3299 4744 3550 4796 instituto
3585 4752 3639 4795 et
3666 4746 3841 4795 sacris
3872 4742 3961 4795 hi-

716 4823 1042 4875 contrariam
1071 4837 1275 4891 partem
1306 4832 1655 4897 peccantibus
1681 4849 1743 4887 ac
1764 4849 1979 4889 onmem
2009 4837 2282 4891 licentiam
2383 4840 2567 4893 storiis
2627 4849 2829 4891 temere
2876 4837 3273 4903 iudicaverunt.
3328 4834 3420 4887 Sic
3476 4834 3621 4887 enim
3679 4833 3957 4900 loquitur,

712 4910 917 4979 ﬂagitio
960 4917 1341 4976 tribuentibus.
1400 4920 1695 4992 Postquam
1732 4927 1877 4979 enim
1936 4929 2002 4980 de
2058 4928 2285 4983 Tatiauo

2402 4946 2439 4985 ι.
2468 4931 2536 4983 40
2564 4953 2575 4984 ;
2615 4930 2750 5000 Περὶ
2786 4930 2883 4999 μὲν
2915 4924 3006 4979 οὖν
3037 4927 3135 4995 τῆς
3169 4926 3287 4979 καθ’
3313 4928 3458 4996 ἡμᾶς
3488 4925 3783 4988 πολιτείας,
3813 4925 3958 4977 ἱστο-

714 5000 926 5057 loeutus
961 5014 1063 5069 est,
1113 5008 1193 5062 sic
1235 5010 1299 5061 ad
1352 5011 1487 5065 alios
1535 5014 1728 5067 transit
1758 5017 1823 5069 '°.
1881 5035 1899 5067 ι
1956 5018 2060 5071 Alii
2106 5030 2283 5074 autem

2402 5022 2503 5086 iii;
2531 5040 2588 5075 τε
2622 5024 2717 5093 τῆς
2748 5021 2885 5075 κατὰ
2918 5020 3042 5082 τους
3077 5018 3378 5089 ἡμετέρους
3404 5019 3620 5087 νόμους,
3647 5017 3745 5068 ὅσα
3779 5032 3838 5067 τε
3872 5018 3957 5067 εἱ-

715 5106 906 5147 rnrsus
935 5110 965 5147 a
1005 5094 1240 5153 Basilide
1288 5108 1343 5154 et
1388 5104 1717 5173 Carpocrate
1761 5110 2084 5163 occasiones
2136 5111 2284 5164 acci-

2402 5118 2618 5187 οήκασιν
2645 5117 2693 5167 οἱ
2727 5113 2877 5185 παρὰ
2897 5116 3005 5175 τοῖς
3038 5110 3291 5180 ’Ἓλλησιν
3334 5111 3523 5177 λόγιοι,
3554 5109 3647 5163 καὶ
3678 5109 3830 5161 πόσοι
3863 5110 3957 5161 καὶ

710 5183 941 5251 pientes,
983 5187 1353 5247 ittdiﬂ'crentes
1385 5197 1576 5256 coitus.
1620 5210 1675 5252 et
1724 5200 1917 5255 multas
1948 5203 2164 5272 nuptias
2192 5204 2277 5257 in-

2402 5183 2521 5270 ςίνες
2550 5208 2657 5259 εἰσὶ
2700 5183 3187 5275 μνημονεύσαντες,
3216 5204 3273 5255 ὲν
3304 5201 3379 5271 τῷ
3424 5200 3559 5273 πρὸς
3589 5201 3713 5263 τοὺς
3740 5200 3959 5270 ἀποφη-

712 5277 1003 5345 duxeruut,
1044 5293 1100 5336 et
1128 5286 1514 5355 negligentiam
1550 5293 1811 5361 ipsorum,
1844 5311 1965 5363 qua:
1992 5309 2120 5351 sunt
2159 5299 2276 5352 ido-

2402 5301 2644 5370 ιαμένους
2674 5297 2742 5351 τὰ
2789 5298 2914 5368 περὶ
2946 5296 3079 5348 Θεοῦ
3111 5294 3474 5364 δειχθήσεται.
3509 5312 3528 5343 ι
3565 5292 3669 5346 Sed
3697 5290 3763 5344 de
3800 5291 3959 5343 insti-

712 5369 919 5441 iothyta
970 5375 1037 5427 ad
1085 5378 1545 5449 manducamlnm;
1588 5402 1693 5440 non
1734 5390 1888 5443 valde
1930 5392 2045 5446 tunc
2084 5409 2277 5449 curare
2383 5369 2497 5446 ιηιο
2528 5400 2736 5452 nostro,
2768 5400 2822 5443 ct
2850 5393 2917 5443 de
2956 5390 3129 5458 legum
3184 5398 3490 5439 nostrarum
3533 5384 3758 5438 historia
3800 5398 3953 5451 qute-

712 5463 956 5552 dicentes
988 5463 1176 5525 Deum.
1217 5489 1235 5521 ι
1285 5471 1547 5530 Similiter
1588 5480 1839 5536 Clemens
1874 5483 2276 5540 Alexandrinus
2382 5499 2504 5536 nam
2536 5482 2674 5552 apud
2706 5482 2927 5535 Grmcos
2960 5480 3155 5533 eruditi
3192 5478 3449 5542 dixerint,
3484 5491 3759 5547 quamque
3795 5474 3951 5530 multi

711 5551 843 5606 duas
872 5554 991 5609 illas
1020 5555 1275 5627 luereses,
1321 5572 1376 5616 ut
1413 5567 1659 5622 adversis
1708 5570 1985 5627 frontibus
2026 5575 2167 5627 inter
2214 5589 2275 5630 se
2382 5586 2436 5628 et
2482 5576 2672 5643 quales
2709 5574 2912 5628 fuerint
2962 5573 3051 5639 qui
3103 5570 3189 5625 his
3232 5572 3308 5624 de.
3338 5570 3499 5628 tebus
3547 5570 3863 5629 meminere.
3897 5568 3953 5621 in

779 5733 822 5765 ιτ
853 5733 1020 5811 Epist.
1055 5734 1173 5811 tas.
1252 5740 1297 5774 ιο
1319 5742 1437 5797 Lib.
1474 5761 1512 5811 ι,
1536 5762 1586 5802 c.
1617 5746 1706 5804 28.

751 5746 822 5809 _"
854 5746 1020 5819 Ιξριξξ.
1054 5746 1173 5819 fori.
1252 5746 1437 5797 "Lib.
1474 5761 1512 5811 ι,
1536 5762 1586 5802 c.
1617 5746 1706 5804 28.
1785 5752 1830 5787 “
1861 5752 1990 5819 Pag.
2022 5753 2145 5811 418.
2224 5756 2269 5789 "
2297 5756 2503 5813 iteres.
2546 5759 2637 5819 47,
2676 5775 2727 5815 c.
2762 5761 2810 5812 l.
2893 5757 2939 5787 ’³
2970 5756 3196 5819 Strom.,
3224 5771 3305 5819 ιιι,
3345 5771 3397 5819 p.
3431 5752 3554 5807 416.
3634 5746 3943 5819 "ICOT-Vt,

717 5798 799 5850 13.
878 5802 921 5831 π
954 5801 1016 5854 Ν.
1054 5803 1137 5857 ω.

1785 5752 1830 5787 ⁸⁸
1861 5752 1990 5823 Pag.
2022 5753 2145 5811 418.
2224 5756 2269 5789 θ’
2297 5756 2503 5813 iteres.
2546 5759 2637 5825 47,
2676 5775 2727 5815 c.
2762 5761 2810 5812 1.
2893 5757 2939 5787 ’³
2970 5756 3196 5819 Str0tt‘..,
3224 5771 3305 5821 ιιι,
3345 5771 3397 5823 p.
3431 5752 3554 5807 416.
