4140 6414
169 412 269 466 17⁸5

1165 404 1227 458 1).
1269 400 1531 456 ΜΑΒΑΝΙ
1566 395 1955 454 ΡΒᾹΞΡΑΤΙΟ.
1998 428 2063 435 -
2092 391 2270 448 PARS
2311 391 2399 446 iii.

3321 387 3423 439 1⁸7ιῦ

169 530 312 580 libro
345 543 369 577 a
412 542 598 578 vers-tis
628 541 727 578 eos
764 523 1002 593 (Grzccos
1033 520 1305 586 videlicet)
1350 521 1441 589 qui
1477 522 1541 573 de
1577 520 1738 572 rebus
1771 521 1808 572 Α
1841 513 2053 567 Iustino
2085 512 2343 579 scriptam
2371 524 2528 573 esse;
2575 509 2668 561 scd
2715 509 2856 576 quod
2890 507 3072 558 Roma!
3102 506 3423 573 pronuntia-

170 622 376 675 divinis
412 628 819 682 asseverarunt,
866 615 1348 672 demonstrabitur.
1375 636 1391 665 ι
1432 613 1545 666 Non
1580 612 1738 664 dissi-

161 717 398 768 mulabo
434 713 748 782 pneciarum
779 711 862 765 his
889 710 1086 771 verbis,
1115 707 1254 778 πρὸς
1295 707 1419 768 τοὺς
1454 708 1738 772 ἀποφηνα-

173 807 395 874 μένους.
445 819 657 856 sensum
709 801 923 869 adjungi
969 803 1033 852 ab
1085 810 1302 852 auctore
1343 797 1738 850 dissertationis

167 914 281 950 non
326 896 487 950 semel
536 895 780 949 laudatae.
821 893 992 947 Vertit
1043 894 1210 955 enim,
1244 891 1493 942 adversus
1527 904 1612 940 eos
1651 890 1736 955 qui

163 993 332 1040 ret-us
361 986 555 1039 divinis
586 986 739 1037 ﬁdem
788 985 1093 1036 detrahunt.
1136 985 1226 1035 Sic
1261 983 1423 1034 etiam
1470 980 1739 1034 intellexit

175 1079 572 1134 Tillemontius.
599 1077 706 1132 Sed
733 1078 858 1130 illud
891 1080 1111 1130 verbum
1146 1075 1597 1147 ἀποφηναμένους
1634 1088 1736 1126 non

177 1173 390 1223 videtur
431 1173 567 1224 hanc
613 1168 1112 1239 interpretationem
1167 1169 1294 1234 pati.
1329 1168 1602 1232 Quosnam
1651 1181 1738 1218 rc-

178 1263 440 1316 Fellendes
475 1262 573 1316 sibi
607 1263 658 1315 in
702 1263 801 1314 hoc
829 1274 990 1327 opere
1027 1269 1356 1328 proponeret
1385 1257 1648 1312 Tatianus
1685 1261 1736 1310 in

175 1355 524 1408 adnotatione
553 1355 616 1407 ad
649 1355 792 1407 hunc
823 1353 995 1406 locum
1023 1352 1308 1421 explicare
1339 1361 1566 1404 conatus
1595 1367 1732 1404 sum.

166 1449 512 1503 Perabsnrde
553 1448 823 1501 Gesnerus
872 1446 1185 1497 meditatum
1235 1452 1385 1510 putat
1411 1457 1529 1494 esse
1559 1442 1736 1494 Tatia-

177 1557 300 1593 mnn
347 1556 440 1593 eos
487 1540 752 1600 refellere,
799 1539 887 1606 qui
932 1538 994 1589 de
1029 1537 1134 1589 Deo
1170 1547 1213 1586 et
1244 1535 1392 1587 rebus
1427 1535 1618 1587 divinis
1649 1536 1738 1587 de-

175 1631 642 1684 monstrationibus
676 1639 865 1697 agunt,
913 1629 1015 1681 hoc
1044 1639 1124 1680 est
1155 1625 1488 1686 Cttholicos,
1529 1624 1618 1694 qui
1672 1626 1734 1676 ii-

169 1723 330 1782 dem,
354 1738 520 1792 quam
555 1721 766 1790 Apelles
800 1722 937 1787 apud
990 1719 1317 1779 Eusebium,
1366 1715 1530 1780 "iam,
1561 1733 1612 1780 ν,
1645 1717 1736 1778 15,

169 1813 584 1865 exatniuandam
622 1827 742 1866 esse
775 1821 957 1881 negat,
985 1810 1318 1878 argumentis
1352 1809 1654 1876 probabant
1687 1817 1736 1861 ct

171 1903 595 1958 conﬁrmabant.

241 1996 510 2058 Rhodon,
564 1994 795 2063 insignis
852 1994 1089 2060 scriptor
1149 1991 1592 2055 ecclesiasticus,
1653 1991 1744 2059 qui

171 2087 364 2137 Romae
397 2099 423 2134 a
457 2083 684 2136 Tatiano
721 2082 964 2136 eruditus
993 2081 1185 2145 fuerat,
1222 2083 1272 2134 in
1306 2081 1461 2135 libris
1486 2082 1747 2135 adversus

177 2176 529 2229 Marcionitas
572 2174 866 2234 referebat,
899 2173 1135 2228 Eusebio
1164 2184 1322 2238 teste,
1370 2172 1744 2227 elucubratum

175 2270 347 2322 fuisse
372 2284 399 2320 a
425 2268 646 2321 Tatiano
676 2267 873 2322 librum
906 2264 1317 2327 Problemntum,
1345 2267 1460 2321 sive
1489 2266 1746 2331 Qua’stio-

174 2381 296 2416 num
336 2366 387 2415 in
427 2362 758 2429 Scriptorum
801 2377 1028 2417 sacram.
1076 2360 1210 2429 Φησὶ
1257 2361 1342 2423 δὲ,
1377 2362 1551 2428 inquit
1584 2361 1748 2414 Ense-

173 2455 296 2507 hius
318 2454 383 2516 ",
414 2453 502 2506 καὶ
534 2453 893 2506 ἐσπουδάσθαι
943 2450 1019 2521 τῷ
1053 2451 1301 2520 Τατιανῷ
1347 2450 1747 2521 προϐλημάτων

173 2543 396 2613 βιϐλίον,
434 2545 498 2598 δι’
529 2538 602 2597 ὧν
630 2545 686 2596 τὸ
732 2543 939 2611 (iactos;
987 2543 1076 2596 καὶ
1128 2541 1603 2612 ἐπικεκρυμμένον
1640 2541 1746 2593 τῶν

171 2638 337 2690 Θειῶν
373 2637 599 2708 Γραφιω
628 2638 998 2708 cupiat-ﬁse”
1032 2636 1399 2706 ὑποσχομένου
1434 2635 1526 2688 τοῦ
1552 2637 1748 2688 Tatu-

166 2727 284 2789 νοῦ,
330 2729 486 2792 αὐτὸς
520 2733 546 2782 ὁ
593 2729 785 2782 Ῥόδων
827 2731 884 2781 ὲν
916 2728 1029 2799 ἰδίῳ
1071 2730 1459 2800 συγγράμματι
1494 2729 1591 2793 τὰς
1642 2729 1746 2782 τῶν

165 2819 382 2873 ἐκείνου
425 2820 822 2891 προϐλημάτων
873 2819 1146 2883 ὲπιλύσεις
1197 2820 1519 2892 ἐπιθήσεσθαι
1573 2826 1746 2893 ἐπαγ-

164 2912 442 2980 γέλλεται.
483 2932 501 2962 ι
536 2912 721 2967 Refert
771 2912 936 2968 etiam
984 2915 1360 2968 elucubratum
1411 2932 1534 2970 esse
1567 2933 1594 2970 a
1643 2919 1747 2972 'l‘a-

167 3008 327 3058 tiano
370 3005 564 3058 librum
610 3005 995 3072 Quintianum,
1043 3023 1137 3076 per
1168 3025 1303 3079 quas
1355 3011 1574 3078 quidem
1621 3029 1744 3067 cum

174 3094 449 3148 Tatianus
493 3096 751 3150 obscuras
799 3110 921 3151 esse
968 3108 1024 3151 ct
1065 3100 1374 3154 reconditas
1427 3100 1747 3171 Seripluras

1845 616 1950 656 tam
1997 603 2312 664 existimat,
2366 601 2416 654 id
2462 615 2583 654 cum
2638 597 2848 650 Tatiani
2890 597 3071 651 verbis
3119 595 3421 650 consistere

1843 711 1949 748 non
2001 705 2199 762 potest.
2254 694 2456 746 Ridens
2503 691 2646 743 enim
2704 689 2968 744 Tatiauus
3025 699 3236 743 statuas
3279 690 3420 755 apud

1840 787 2058 841 Graecos
2107 786 2304 853 partim
2339 783 2722 838 meretricibus
2757 792 2812 837 et
2854 783 3163 837 hominibus
3191 780 3422 849 impuris

1843 878 2069 946 positas,
2105 877 2303 944 partim
2350 875 2414 926 ad
2456 876 2777 929 memoriam
2828 891 3004 928 rerum
3056 874 3421 941 perabsurda-

1845 985 1962 1022 rum
1994 977 2228 1030 erectas,
2259 969 2341 1022 sic
2376 968 2534 1021 Iidem
2581 969 2706 1021 facit
2740 968 2820 1022 sui
2849 968 3036 1033 jndfcii
3068 987 3079 1020 :
3108 966 3293 1019 Ταῦτα
3327 965 3426 1036 μὲν

1841 1059 1932 1115 οὖν
1964 1063 2024 1114 οὐ
2053 1061 2180 1132 παρ’
2210 1059 2367 1114 ἄλλον
2418 1059 2602 1130 μαθὼν
2638 1060 2921 1129 ἐξεοέμην,
2969 1059 3167 1128 πολλὴν
3217 1061 3426 1126 ἐπιφοι-

1842 1157 2011 1225 τῆςας
2035 1155 2160 1223 γῆν,
2188 1154 2279 1206 καὶ
2321 1145 2477 1205 τοῦξο
2522 1153 2618 1222 μὲν
2658 1153 3014 1221 σοφιστεύσας
3047 1153 3112 1205 τὰ
3155 1153 3424 1222 ὑμέτερα,

1842 1246 2080 1299 τοῦτοδὲ
2119 1246 2332 1314 τέχναις
2379 1246 2470 1296 καὶ
2516 1246 2779 1307 ἐπινοίαις
2821 1244 3132 1314 ἐγκυρήσας
3184 1243 3426 1304 πολλαῖς,

1841 1337 2066 1408 ἔσχατον
2097 1337 2150 1390 δὲ
2185 1341 2246 1408 τῇ
2290 1337 2572 1407 Ῥωμαίων
2605 1335 2946 1406 ἐνδιατρίψας
2978 1336 3149 1399 πόλει,
3197 1336 3286 1388 καὶ
3331 1334 3426 1399 τὰς

1841 1433 1931 1500 ἀφ’
1958 1430 2109 1500 ὑμῶν
2137 1432 2209 1494 ὡς
2242 1432 2432 1493 αὐτοὺς
2466 1430 2917 1501 ἀνακομισθείσας
2949 1431 3277 1500 ἀνδριάντων
3309 1445 3429 1483 ποι-

1842 1523 2015 1586 χιλίας
2066 1523 2416 1592 καταμαθών.
2468 1524 2540 1575 Οὐ
2577 1523 2683 1594 γὰρ
2715 1523 2790 1584 ὡς
2823 1523 2941 1585 ἔθος
2988 1524 3101 1575 ἐστὶ
3144 1527 3255 1586 τοῖς
3298 1522 3426 1575 πολ-

1841 1613 1970 1675 λοῖς,
2003 1614 2310 1684 ἀλλοτρίαις
2339 1612 2518 1682 δρξαις
2564 1614 2843 1683 τάμαυτοῦ
2889 1613 3177 1685 κρατύνειν
3226 1615 3430 1685 πειρῶ-

1845 1721 1972 1773 μαι·
2011 1704 2226 1757 πάντων
2260 1705 2315 1756 δὲ
2346 1698 2419 1756 ὧν
2460 1705 2866 1777 ἀποποιήσομαι
2901 1706 3062 1769 αὐτὸς
3107 1707 3204 1776 τὴν
3255 1706 3426 1760 κατά-

1842 1797 2020 1867 ληψιν,
2066 1797 2268 1851 τοῦτων
2317 1799 2409 1851 καὶ
2455 1799 2554 1869 τὴν
2585 1800 2903 1871 ἀναγραφὴν
2951 1801 3266 1856 συντάσσειν
3305 1801 3429 1871 βού-

1848 1889 2027 1959 λομαι.
2079 1908 2098 1938 ‹
2131 1890 2254 1943 Ηιεο
2301 1891 2576 1959 equidem.
2620 1892 2812 1959 inquit,
2853 1911 2904 1945 ιι.
2935 1893 3023 1958 35,
3077 1909 3180 1945 non
3219 1896 3286 1947 ab
3321 1895 3427 1946 alio

1850 1992 2070 2047 accepta
2105 1984 2351 2052 exposui,
2380 1985 2470 2051 qui
2507 1985 2705 2038 multas
2735 1985 2986 2054 rrgioncs
3027 1989 3329 2056 peragravi,
3365 2004 3427 2040 ac

1849 2074 2045 2142 partim
2076 2074 2128 2126 in
2158 2074 2355 2128 vestris
2382 2076 2714 2136 exercitatus
2744 2091 2864 2129 sum
2884 2077 3205 2146 disciplinis,
3232 2079 3428 2147 partim

1845 2148 2073 2222 ‘inartes
2100 2178 2153 2220 et
2175 2169 2393 2221 inventa
2417 2168 2786 2231 multaincidi,
2812 2186 2874 2222 ac
2909 2170 3124 2222 tandem
3146 2171 3196 2222 in
3229 2171 3421 2224 Roma-

1852 2275 2041 2312 norum
2077 2259 2208 2314 urbe
2240 2271 2629 2320 commoratus,
2664 2270 2966 2314 statuarum
3022 2264 3311 2318 varietates
3355 2280 3424 2319 eo

1849 2363 1876 2402 a
1913 2352 2065 2405 vobis
2097 2363 2412 2420 exportatas
2451 2353 2582 2406 vidi.
2625 2350 2740 2406 Non
2773 2354 2941 2416 enim,
2971 2365 3026 2406 nt
3065 2355 3308 2424 plerique
3339 2371 3430 2410 so-

1851 2445 1982 2508 lent,
2011 2445 2201 2499 alienis
2234 2445 2584 2513 opinionibus
2613 2461 2732 2499 mea
2765 2448 3113 2512 conﬁrmare,
3143 2450 3237 2502 sed
3278 2464 3427 2517 qure—

1850 2551 2064 2605 cunque
2091 2536 2225 2598 vidi,
2261 2536 2457 2590 litteris
2485 2538 2743 2591 mandare
2766 2540 3107 2608 aggredior.»
3148 2539 3272 2595 Iimc
3302 2559 3424 2595 nar-

1853 2630 1989 2682 ratio
2021 2644 2212 2683 eorum
2259 2644 2378 2700 cpite
2423 2629 2605 2684 Ronne
2635 2629 2898 2686 Tatiauus
2926 2633 3160 2696 viderat,
3192 2636 3432 2689 hominis

1850 2734 1933 2777 est
1974 2724 2162 2777 Roma:
2195 2739 2300 2777 non
2335 2723 2744 2777 commorantis.
2777 2724 2906 2791 Quae
2935 2741 3096 2796 Supra
3144 2728 3430 2781 retulimus

1842 2815 1902 2869 in
1918 2815 2264 2870 Crescentem
2284 2817 2424 2870 dicta
2443 2834 2460 2868 τ
2487 2815 2732 2870 Crescens
2748 2821 2906 2886 igitur
2924 2820 3033 2884 ille,
3052 2820 3217 2889 quiin
3236 2838 3429 2890 magna

1851 2904 1977 2956 urbe
2006 2905 2190 2956 nidum
2223 2916 2490 2972 μεθείω-αι,
2524 2923 2806 2973 puerorum
2853 2910 3065 2970 quidem
3113 2927 3292 2965 amore
3335 2930 3430 2966 su-

1849 2995 2063 3060 perabat
2113 3013 2328 3061 omnes,
2363 3009 2495 3062 etc.,
2546 2999 2796 3053 similiter
2851 3004 3086 3068 probant
3138 3001 3427 3056 Tatianuin

1854 3096 1980 3140 tunc
2011 3103 2039 3140 ιι
2070 3090 2389 3154 Crescente,
2439 3099 2531 3143 aut
2563 3091 2782 3157 saltem,
2823 3093 2868 3146 si
2912 3094 2957 3147 is
3006 3107 3253 3150 mortuus
3285 3110 3429 3160 erat.

174 3191 562 3241 «Ienmustrare
598 3189 959 3252 instituisset,
1007 3191 1122 3259 ipse
1164 3191 1395 3246 Rhodon
1446 3194 1746 3254 solutiones
1774 3193 1816 3247 C
1849 3177 2018 3232 Roma
2045 3179 2303 3236 θυίυίεδθ·

166 3280 540 3345 Qua'uionum
591 3279 807 3334 Tatiaui
859 3283 1118 3345 peculiari
1159 3300 1323 3352 opere
1371 3287 1640 3342 editurum
1688 3306 1747 3345 se

161 3389 296 3428 esse
330 3375 628 3440 pollicetur.
657 3396 675 3426 ι
724 3377 951 3431 Videtur
987 3380 1101 3433 haec
1143 3379 1433 3437 luereticus
1465 3385 1748 3452 scripsisse

165 3467 461 3532 'i‘atianus,
490 3478 544 3522 et
580 3469 784 3524 idcirco
818 3472 1132 3539 proﬂigatus
1177 3475 1348 3530 fuisse
1378 3491 1406 3528 a
1449 3476 1744 3538 Rhodoue;

164 3557 303 3624 quia
336 3558 546 3613 scilicet
579 3558 896 3629 Scripturas
926 3565 1195 3620 obscuras
1225 3577 1280 3620 et
1321 3569 1630 3622 reconditas
1667 3570 1748 3622 di-

167 3647 363 3705 cebat.
388 3657 447 3700 ut
471 3664 626 3703 suam
656 3652 712 3703 in
753 3652 832 3705 eis
865 3654 1250 3721 detorquendis
1280 3665 1334 3709 et
1371 3660 1747 3720 pervertcndis

171 3737 456 3791 licentiam
487 3740 817 3797 defenderet.

237 3828 309 3882 ιι.
349 3827 598 3884 Omnium
665 3833 875 3887 Tatiaai
921 3851 1178 3904 operum,
1227 3839 1440 3894 Eusebii
1500 3849 1555 3896 et
1620 3842 1748 3898 Hie-

163 3924 383 3995 ronymi
427 3923 666 3991 judicio,
712 3926 1126 3982 celeberrimum
1175 3943 1228 3984 et
1291 3933 1740 3990 ﬂorentissimum

169 4015 296 4080 fuit,
333 4014 520 4070 Oratio
550 4018 796 4072 aduersus
837 4018 1064 4074 (ἔνατος.
1100 4022 1332 4092 Conjicit
1366 4024 1748 4081 Tiliemontius

171 4112 632 4165 hancoratienein
657 4128 838 4167 coram
861 4116 1094 4173 ethnicis
1118 4120 1521 4186 pronuntiatam
1543 4119 1743 4187 fuisse;

171 4204 336 4271 idque
368 4219 544 4258 causa:
588 4221 709 4261 esse
740 4210 1069 4277 suspicatur,
1108 4226 1205 4263 cur
1254 4227 1350 4264 nec
1383 4213 1518 4266 satis
1564 4213 1746 4268 elabo-

169 4303 316 4355 rata.
351 4311 449 4350 nec
491 4308 607 4352 arte
645 4309 700 4352 et
735 4301 927 4353 ordine
974 4302 1282 4370 dispcusma
1327 4303 1598 4359 videatur.
1634 4306 1744 4359 lie-

171 4403 303 4440 vera
334 4389 611 4443 auditores
643 4392 910 4445 interdum
943 4395 1136 4461 alloqui
1170 4397 1412 4460 videtur;
1446 4397 1594 4450 velut
1618 4413 1741 4452 cum

170 4481 246 4532 ait
276 4497 292 4533 :
329 4499 347 4529 ι
381 4481 493 4548 Ego
543 4485 729 4549 loquor
775 4493 827 4536 et
874 4499 969 4537 vos
1001 4484 1222 4550 auditis,
1257 4503 1310 4540 η.
1340 4487 1391 4540 5.
1424 4488 1624 4543 Audite
1658 4506 1742 4542 me

1922 3271 2272 3326 Elaboratum
2297 3287 2432 3340 opus
2461 3273 2514 3326 in
2536 3273 2759 3328 Graeciae
2788 3274 2968 3345 aliqua
2993 3278 3128 3332 urbe
3150 3281 3430 3335 exiSIimat

1849 3376 2036 3422 auctor
2067 3367 2470 3423 dissertationis
2490 3367 2784 3423 Oxonieusi
2817 3371 3045 3425 editioni
3073 3376 3294 3429 additae.
3321 3377 3430 3431 Cur

1852 3459 1925 3512 ita
1967 3459 2192 3512 sentiret
2225 3460 2308 3513 vir
2354 3460 2514 3529 longe
2546 3461 2910 3525 doctissimus,
2948 3465 2998 3517 id
3050 3469 3215 3521 credo
3260 3473 3433 3524 exsti-

1851 3552 1982 3606 tisse
2008 3567 2208 3616 causm,
2229 3554 2371 3621 quod
2395 3552 2616 3608 Gnaeos
2641 3555 2691 3607 in
2719 3555 2823 3609 hac
2849 3560 3097 3611 oratione
3119 3560 3431 3631 alloquatur

1851 3642 2137 3697 Tatianus.
2176 3643 2285 3698 Sed
2316 3660 2388 3700 an
2417 3660 2524 3698 non
2557 3647 2732 3714 potuit
2756 3661 2854 3703 eos
2874 3650 3037 3703 etiam
3060 3649 3426 3722 Grzecos,.qui

1850 3743 2008 3787 erant
2057 3736 2112 3788 in
2175 3734 2420 3798 Oriente,
2467 3735 2722 3804 alloqui?
2746 3737 2928 3805 Quare
2962 3741 3097 3794 nihil
3141 3757 3204 3796 ea
3235 3745 3301 3799 de
3371 3762 3428 3800 re

1849 3825 2062 3878 videtur
2089 3835 2238 3878 certo
2266 3839 2423 3894 posse
2449 3828 2730 3883 constitui.

1929 3915 2016 3970 lii.
2075 3918 2180 3972 Sed
2241 3919 2388 3973 aliud
2443 3930 2557 3984 est,
2601 3920 2654 3973 in
2707 3937 2814 3989 quo
2866 3922 3102 3991 ejusdem
3167 3928 3428 3981 disserta-

1852 4012 2016 4066 tionis
2055 4024 2248 4066 anetor
2279 4012 2494 4083 longius
2529 4014 2744 4067 videtur
2783 4029 2812 4067 a
2847 4029 2978 4069 vero
3007 4021 3286 4073 aberrare.
3321 4018 3427 4074 Fa-

1849 4113 1994 4158 tetur
2044 4103 2331 4158 Tatiauum
2383 4103 2436 4156 iu
2493 4104 2598 4158 hoc
2645 4106 2909 4172 spusculo
2975 4110 3424 4165 adversariormn

1849 4209 2166 4248 umcronem
2200 4191 2338 4247 belle
2371 4195 2687 4249 retundere.
2725 4195 2832 4250 Sed
2862 4197 3055 4250 ibidem
3087 4201 3254 4269 nigra:
3285 4202 3420 4255 lolli-

1841 4287 1983 4354 ginis
2027 4303 2240 4339 succum
2276 4289 2665 4355 wruginemque
2702 4304 2901 4340 meram
2944 4289 3263 4357 deprehendi
3304 4311 3430 4361 pro-

1850 4381 2082 4434 nuntiat.
2122 4399 2140 4429 ι
2171 4377 2304 4432 Nam
2345 4393 2602 4445 errores,
2644 4380 2852 4447 inquit,
2900 4395 3038 4449 quos
3083 4382 3346 4439 Tatiauus
3395 4406 3425 4439 a

1849 4469 2232 4525 Gnosticorum
2267 4485 2408 4541 penu
2449 4471 2799 4541 depromptos
2840 4473 3041 4526 dudum
3073 4475 3256 4529 animo
3286 4479 3427 4531 inse—

175 4583 431 4641 tauquam
475 4589 538 4626 ex
581 4574 698 4628 loco
741 4577 954 4630 excelso
1001 4579 1354 4641 clamantem,
1402 4595 1456 4632 n.
1491 4581 1576 4634 Π.
1619 4602 1638 4626 ι
1676 4582 1742 4633 At

1852 4574 2021 4627 verat,
2052 4576 2105 4618 et
2134 4574 2259 4618 ante
2286 4564 2485 4618 Justini
2521 4576 2756 4619 mortem
2789 4576 3008 4634 propter
3049 4568 3292 4637 magistri
3342 4587 3430 4624 re-

175 4679 333 4717 nemo
383 4667 554 4718 nescit
591 4667 830 4721 solemne
875 4684 996 4722 esse
1043 4669 1150 4731 bis,
1197 4672 1288 4738 qui
1341 4672 1616 4737 scribunt,
1665 4677 1743 4729 sic

175 4756 443 4810 interdum
478 4756 732 4810 lectorem
770 4759 1119 4824 compellare,
1151 4763 1304 4829 quasi
1344 4763 1483 4816 veris
1521 4765 1737 4818 vocibus

179 4857 478 4901 uterentur.
529 4847 792 4902 Tatiauus
837 4848 950 4916 ipse
1005 4866 1112 4905 non
1169 4854 1408 4907 oratoris
1456 4856 1551 4908 sed
1603 4858 1742 4911 scri-

175 4941 342 5006 ptoris
375 4949 556 5006 partes
575 4939 681 4994 sibi
705 4941 971 4995 attribuit.
1002 4943 1089 4996 Ait
1115 4945 1282 5009 enim,
1317 4961 1370 4998 ιι.
1398 4946 1467 4999 35
1495 4965 1507 5001 :
1551 4967 1568 4999 ι
1599 4947 1742 5014 Quo-

179 5031 331 5082 modo
362 5040 548 5084 nostra
581 5033 916 5103 philosophia
946 5037 1142 5091 vestris
1177 5040 1447 5108 antiquior
1476 5041 1548 5094 sit
1584 5042 1746 5096 disci-

179 5122 350 5188 plinis,
378 5138 502 5176 cum
535 5125 775 5180 scribere
805 5125 1146 5196 incteperim,
1173 5132 1266 5184 sed
1301 5143 1523 5200 prapter
1547 5149 1743 5202 urgen-

182 5225 282 5268 tem
310 5216 728 5283 disputationem
770 5218 1105 5286 distulerim,
1153 5239 1320 5287 nunc,
1361 5239 1486 5278 cum
1528 5234 1742 5293 tempus

176 5319 292 5370 est,
333 5310 401 5361 de
435 5309 576 5362 illius
627 5311 860 5366 decretis
903 5311 1086 5366 dicere
1128 5316 1431 5384 aggrediar.
1457 5335 1474 5367 ι
1523 5317 1585 5371 Et
1615 5333 1739 5386 per-

179 5414 381 5454 orans:
420 5419 438 5451 ι
471 5399 594 5454 Hac
628 5403 798 5465 vobis,
838 5419 870 5456 0
907 5404 1116 5471 Grzeci,
1161 5422 1261 5476 ego
1309 5406 1574 5463 Tatianus
1613 5409 1739 5461 bar-

181 5491 315 5545 barae
344 5491 695 5560 philosophiae
725 5495 976 5551 addictus
1009 5500 1311 5564 composui.
1339 5518 1355 5548 ι

247 5581 414 5635 ﬂecte
461 5585 713 5638 observat
757 5585 893 5640 idem
929 5591 1412 5655 praestantissimus
1445 5591 1738 5645 Tillemon-

185 5683 283 5734 tius
335 5681 473 5732 hanc
519 5680 818 5734 orationem
883 5694 1096 5739 mortuo
1151 5685 1458 5742 Crescentis
1525 5688 1738 5742 insidiis

250 5849 295 5880 θ·
330 5851 448 5904 Lib.
487 5864 539 5917 v,
574 5865 622 5904 c.
658 5851 742 5904 ιδ.

1846 4657 2150 4711 verentiam
2199 4656 2689 4718 dissimulaverat,
2734 4667 2924 4725 aperte
2977 4657 3271 4713 defendere
3317 4677 3425 4715 non

1847 4750 2089 4805 erubuit.
2115 4769 2132 4801 ι
2171 4749 2234 4803 Ει
2261 4749 2405 4804 inira
2431 4764 2448 4802 :
2489 4768 2508 4800 ι
2540 4749 2654 4804 Hoc
2683 4750 2734 4802 in
2765 4750 3027 4819 opuscu'o
3054 4767 3177 4804 enim
3209 4769 3428 4809 errores

1847 4843 2214 4912 perabsurdos
2245 4842 2297 4893 in
2330 4840 2615 4908 propatulo
2642 4843 2857 4906 doceat,
2885 4857 3008 4895 eum
3036 4859 3066 4894 a
3097 4843 3428 4900 Christiana:

1850 4935 2100 4988 veritatis
2127 4931 2303 4986 forma
2349 4943 2400 4985 et
2448 4933 2765 5002 evangelica
2817 4935 3000 5003 regula
3051 4935 3102 4987 id
3159 4941 3425 5006 temporis

1847 5042 2008 5096 quam
2041 5025 2357 5096 longissime
2399 5025 2639 5080 abfuisse
2672 5041 2778 5081 non
2826 5028 3176 5095 ambigimus.
3206 5029 3270 5082 Et
3300 5045 3424 5084 cum

1849 5121 2044 5189 primis
2072 5120 2350 5174 hominem
2382 5134 2448 5172 ex
2484 5115 2656 5172 tribus
2687 5119 2852 5171 veluti
2889 5121 3098 5175 naturis
3129 5121 3423 5177 conﬂatum

1849 5215 2050 5269 trudit:
2084 5217 2148 5267 ὲκ
2175 5214 2276 5283 τῆς
2311 5213 2462 5282 ὖλης,
2503 5233 2520 5263 ε
2548 5229 2615 5266 ex
2653 5214 2910 5279 materia;
2942 5232 2960 5265 ι
2997 5217 3061 5267 ἐκ
3086 5215 3185 5285 τῆς
3220 5215 3422 5286 ψυχῆς,

1851 5323 1870 5355 ι
1895 5322 1959 5360 ex
1993 5308 2176 5359 anima
2228 5319 2348 5373 quae
2373 5321 2409 5356 va
2451 5305 2675 5358 materia
2707 5306 2974 5374 originem
3012 5307 3194 5372 ducit;
3219 5328 3237 5358 ι
3274 5319 3328 5362 et
3357 5310 3423 5362 ἐκ

1846 5400 1938 5455 τοῦ
1974 5400 2302 5470 πνεύματος,
2341 5416 2359 5447 ς
2387 5412 2454 5450 es
2496 5398 2687 5465 spiritu
2734 5400 2824 5465 qui
2859 5413 2887 5448 a
2922 5397 3030 5451 Deo
3071 5414 3164 5454 seu
3203 5416 3232 5452 a
3272 5401 3427 5455 cmlis

1853 5501 2144 5569 primordia
2181 5500 2348 5567 capit.
2371 5515 2391 5548 ι
2431 5494 2690 5562 Displicet
2727 5495 2893 5547 etiam
2925 5497 3140 5550 erudito
3167 5499 3426 5566 scriptori

1855 5593 1944 5647 illa
1995 5593 2134 5658 apud
2177 5588 2466 5643 Tatianum
2509 5587 2790 5640 distinctio
2822 5588 3053 5641 duorum
3107 5590 3420 5657 spirituum,

1857 5701 2077 5757 quorum
2113 5684 2246 5738 alter
2275 5683 2450 5736 animo
2485 5693 2722 5746 rocatur,
2761 5681 2895 5735 alter
2927 5696 3054 5736 vero
3081 5684 3428 5752 pra'stantius
