4140 6404
730 369 832 422 ΠΒ

1610 369 1665 421 Β.
1700 364 2031 420 JlTSTlNUS
2066 362 2541 419 PHILOSOPHUS
2579 362 2661 415 ET
2691 359 2999 415 MAltTYR.

3881 362 3997 415 178

727 499 802 543 est
836 487 1033 550 anima,
1065 489 1236 554 imago
1278 487 1474 539 scilicet
1505 498 1550 541 et
1592 489 1884 541 similitudo
1925 487 2045 542 [)ei.
2084 485 2307 538 Videtur
2342 496 2381 543 Α
2413 485 2557 535 niani
2598 481 2872 551 indignam
2907 479 3248 545 judicabant,
3280 492 3442 546 quam
3477 474 3649 530 Filius
3690 475 3782 529 Dei
3810 475 4002 529 susci-

729 579 830 633 sibi
853 579 903 631 in
940 578 1026 631 his
1049 577 1231 632 verbis
1253 579 1481 630 dilucide
1500 580 1787 646 perspicere
1809 580 2195 632 distinctionem
2214 578 2304 630 τοῦ

727 671 910 725 ὐλικοῦ
941 686 994 725 et
1023 670 1116 724 τοῦ
1147 671 1533 739 πνευματικοῦ,
1563 688 1721 738 quam
1753 671 2006 724 Tatiauus
2035 682 2304 725 mutuatas

690 776 801 833 est
855 784 885 819 a
918 764 1182 819 Cnosticis
1231 777 1276 817 et
1325 765 1614 832 pru'sertim
1652 784 1685 818 a
1729 765 2028 818 Valentino.
2075 764 2304 817 Tatiauo

727 860 867 914 alios
904 859 1154 912 attribuit
1187 873 1427 920 errores,
1465 873 1659 927 Itetttpc
1696 859 1955 910 adversus
1980 857 2171 910 anima!
2205 858 2302 910 im-

726 953 1118 1006 mortalitatem
1169 961 1221 1004 ιιι
1274 953 1706 1021 simplicitatem,
1743 962 1800 1005 et
1828 951 1988 1002 Verbi
2028 951 2302 1004 :eternita—

682 1049 684 1051 ’
729 1033 875 1108 tem;
907 1060 969 1098 ac
1001 1061 1065 1097 ue
1095 1046 1178 1098 cui
1215 1045 1266 1097 in
1325 1055 1559 1099 mentem
1590 1046 1772 1098 veniat
1809 1043 2020 1097 Tatiani
2056 1046 2295 1113 patroci-

727 1138 877 1191 nium
923 1138 1230 1203 suscipere,
1286 1138 1364 1192 sic
1421 1138 1737 1193 concludit:
1788 1157 1805 1186 ι
1839 1137 1949 1191 Nec
2005 1139 2201 1191 mirum
2252 1140 2294 1190 si

729 1227 870 1280 male
901 1239 953 1290 et
989 1228 1230 1294 improbe
1284 1229 1349 1279 de
1397 1229 1801 1296 augustim-ihus
1836 1229 2164 1282 Christiana:
2217 1245 2296 1280 re-

723 1319 944 1388 ligionis
985 1322 1257 1388 mysteriis
1313 1322 1578 1373 sentiebat
1622 1321 1731 1382 ille,
1765 1321 1855 1389 qui
1890 1323 2296 1389 conspiraverat

719 1412 834 1480 jatn
868 1427 990 1465 cum
1023 1412 1320 1473 Gttosticis,
1357 1412 1536 1478 impiis
1590 1414 2090 1482 consceleratisque
2120 1415 2296 1467 homi-

725 1505 912 1568 nibus,
945 1517 997 1558 et
1031 1521 1058 1556 a
1116 1521 1242 1557 vera
1277 1506 1327 1558 in
1385 1505 1549 1560 Deum
1604 1506 1866 1575 religione
1921 1509 2292 1562 alienissimis.

725 1597 868 1650 Sane
892 1599 1112 1664 quidem
1145 1599 1366 1674 laterem
1431 1600 1656 1663 lavabit,
1707 1604 1748 1655 si
1784 1605 1904 1669 quis
1934 1603 2051 1668 ejus
2077 1606 2293 1670 generis

724 1699 1023 1756 litigatores
1049 1705 1076 1741 a
1112 1690 1266 1758 culpa
1296 1691 1418 1745 velit
1448 1695 1726 1758 eximere;
1755 1703 1808 1747 et
1841 1694 2154 1764 singulatim
2180 1693 2290 1748 Ta-

724 1789 930 1839 tiauttm
964 1801 1122 1840 nemo
1172 1804 1410 1856 purgare
1459 1791 1689 1856 poterit,
1741 1791 1829 1857 qui
1887 1789 2154 1845 Valentini
2208 1791 2286 1844 itt-

727 1893 893 1930 sanas
920 1879 985 1932 de
1022 1875 1287 1931 Aiouibus
1325 1881 1615 1947 opiniones
1643 1883 1824 1933 animo
1851 1881 2192 1934 imbiberat.»

793 1969 1134 2022 Sententiam
1162 1969 1374 2023 Tattani
1398 1971 1463 2023 de
1495 1973 1900 2025 immortalitate
1922 1975 2116 2025 attinue
2141 1977 2258 2039 ejus

719 2075 824 2128 que
864 2071 1083 2124 natura,
1116 2073 1167 2114 et
1201 2062 1266 2114 de
1313 2061 1470 2116 Verbi
1512 2067 1817 2118 mteruitate
1848 2067 1980 2119 satis
2028 2065 2290 2134 explana-

723 2164 832 2205 tam
873 2165 999 2221 puto
1027 2159 1077 2206 in
1105 2159 1339 2207 secunda
1381 2165 1530 2222 parte
1579 2156 1913 2222 przefationis
1945 2167 2000 2211 et
2032 2158 2083 2211 in
2118 2159 2286 2212 aduo—

723 2246 1038 2299 tationibus.
1073 2244 1254 2312 Neque
1297 2248 1456 2300 etiam
1508 2248 1559 2299 in
1617 2264 1682 2302 eo
1741 2249 2034 2303 refellendo
2095 2251 2289 2305 immo-

720 2338 951 2390 randum
980 2339 1123 2406 qnod
1154 2340 1230 2391 ait
1261 2340 1342 2390 vir
1363 2340 1789 2408 eruditissimus,
1810 2339 2096 2396 Tatianum
2122 2345 2284 2399 etiam

718 2428 819 2480 sub
846 2425 1046 2481 Justiui
1079 2429 1362 2496 disciplina
1421 2430 1682 2483 nefariam
1726 2431 1976 2487 haeresim
2012 2449 2135 2489 esse
2176 2452 2288 2489 tne-

716 2522 988 2574 ditatutn:
1051 2536 1221 2587 neque
1277 2523 1423 2575 enim
1491 2527 1830 2593 argumentis
1889 2526 2283 2594 refellendum,

715 2614 861 2680 quod
894 2613 1012 2667 sine
1042 2613 1149 2666 ullo
1182 2631 1403 2682 prorsus
1433 2629 1754 2683 argumento
1800 2620 2094 2685 profertur.
2132 2621 2284 2684 Quod

717 2718 895 2762 autem
926 2719 1136 2777 speetat
1175 2711 1238 2760 ad
1268 2709 1441 2775 ipsutn
1473 2711 1800 2777 opusculum
1849 2711 2084 2777 Tatiani,
2115 2715 2282 2768 multa

716 2802 770 2854 in
801 2817 866 2854 eo
894 2801 1106 2869 reperio
1132 2816 1252 2852 cum
1304 2798 1682 2854 Vah-utiniana
1736 2801 1932 2857 haeresi
1962 2809 2280 2871 pugnantia,

715 2894 919 2946 nullum
955 2908 1176 2962 prorsus
1238 2894 1399 2958 hujus
1451 2894 1655 2948 erroris
1689 2895 2001 2963 vestigium,
2036 2911 2102 2950 ne
2135 2900 2184 2950 in
2218 2898 2284 2952 iis

713 2987 930 3052 quidem
996 3002 1118 3056 quze
1181 2986 1512 3056 objiciuntur
1580 2987 1648 3040 ab
1719 2998 1943 3044 auctore
2019 2992 2282 3047 disserta-

714 3089 897 3136 Ilonts.

784 3169 928 3224 Fons
951 3179 1004 3223 et
1022 3171 1182 3267 origo
1208 3170 1418 3226 Tatiani
1451 3189 1718 3245 errorum,
1748 3187 1805 3230 ut
1828 3193 1990 3247 supra
2019 3171 2275 3246 vidimus,
2307 3193 2353 3254 ο

714 3278 882 3330 prava
916 3261 1126 3319 exstitit
1163 3266 1231 3318 de
1263 3268 1448 3320 mundi
1500 3270 1778 3323 creatione
1831 3275 2120 3328 sententia.
2155 3273 2280 3330 Inde

712 3365 1006 3409 manarunt
1035 3355 1262 3422 rEones,
1313 3358 1437 3412 inde
1489 3359 1814 3431 Demiurgus
1839 3379 1944 3417 non
1974 3364 2151 3418 lucem
2195 3365 2280 3420 [a-

711 3450 886 3513 cieus,
924 3449 1018 3504 sed
1049 3460 1106 3502 ut
1139 3450 1234 3502 fiat
1261 3460 1456 3517 optans
1502 3462 1558 3506 et
1595 3466 1797 3518 orans;
1829 3455 1955 3509 inde
1985 3459 2052 3509 de
2074 3457 2278 3513 Christi

712 3555 905 3604 carne,
939 3541 1004 3593 de
1031 3546 1429 3598 resurrectione
1457 3556 1513 3598 et
1563 3545 1629 3600 de
1678 3546 1851 3602 libero
1890 3549 2117 3604 arbitrio
2144 3553 2279 3605 stul-

714 3633 924 3690 tissima
959 3647 1289 3689 commenta.
1325 3637 1392 3690 At
1442 3637 1494 3690 in
1531 3635 1786 3693 Oratione
1834 3641 2085 3697 adversus
2131 3641 2282 3699 Grie-

710 3739 800 3777 cos
834 3727 1077 3781 materiae
1096 3729 1428 3783 creationem
1448 3731 1573 3783 data
1597 3747 1759 3800 opera
1790 3733 2051 3790 defendit.
2075 3737 2277 3806 Equa-

709 3816 816 3870 lctn
855 3817 967 3872 Deo
990 3819 1226 3874 futuram
1251 3823 1528 3875 contendit
1559 3824 1601 3876 si
1638 3823 1877 3879 increata
1903 3839 2043 3882 esset
2061 3830 2278 3886 ’⁷,Οὕτε

707 3910 816 3981 γάρ
877 3910 1110 3982 ἄναρχος
1163 3913 1197 3981 ἡ
1251 3912 1348 3983 ὕλη
1401 3914 1650 3987 καθάπερ
1687 3921 1715 3970 ὁ
1755 3917 1906 3981 Θεὸς,
1951 3921 2070 3973 οὐδὲ
2108 3921 2281 3976 διὰτὸ

705 4005 939 4074 ἄναρχον
982 4003 1296 4075 ἰσοδύναμος
1351 4007 1430 4077 τῷ
1463 4007 1612 4078 Θεῷο
1675 4013 1904 4084 γεννητὴ
1939 4012 1994 4065 δὲ
2055 4015 2148 4067 καὶ
2181 4016 2280 4085 οὐχ

705 4094 813 4150 ὑπὸ
848 4095 941 4150 τοῦ
985 4095 1142 4150 ἄλλου
1188 4102 1458 4166 γεγονυῖα,
1497 4102 1656 4170 μόνου
1695 4104 1752 4156 δὲ
1785 4105 1888 4157 ὑπὸ
1938 4105 2032 4159 τοῦ
2064 4108 2281 4162 πάντων

702 4188 1038 4259 δημιούργου
1088 4189 1522 4263 προϐεϐλημένη.
1560 4213 1578 4246 ι
1611 4184 1725 4248 Nan
1761 4201 1906 4250 enim
1941 4209 2090 4254 caret
2125 4202 2280 4256 initio

706 4284 961 4346 materia,
1009 4284 1467 4351 quemadmodum
1504 4287 1674 4354 Deus;
1701 4304 1800 4344 nec
1825 4289 1956 4356 Deo,
1989 4301 2047 4346 ut
2073 4294 2278 4363 princi-

703 4373 779 4440 pii
808 4388 1026 4439 expers,
1047 4388 1248 4442 ‘pareut
1286 4375 1447 4429 habet
1471 4387 1792 4444 potestatem
1823 4397 1837 4433 :
1871 4397 2060 4437 verum
2091 4393 2277 4438 creata

705 4472 810 4526 est,
842 4477 942 4518 nec
967 4463 1036 4516 ab
1065 4463 1170 4516 alio
1198 4464 1371 4529 facta;
1405 4470 1496 4520 sed
1534 4486 1561 4521 a
1594 4472 1709 4524 solo
1750 4473 2127 4531 universorum
2154 4479 2275 4546 opi-

702 4557 806 4609 fiee
837 4557 1153 4623 producta.»
1217 4557 1441 4614 Feriunt
1476 4563 1586 4616 ha-e
1631 4567 1793 4618 verba
1835 4545 2268 4634 Valentinianus,
2309 4545 2349 4597 θ

701 4661 1001 4715 eorumque
1029 4648 1094 4702 de
1155 4653 1393 4705 materiae
1450 4656 1752 4710 aeternitate
1797 4674 1862 4712 ac
1921 4675 2048 4715 vero
2101 4677 2264 4731 supra

702 4750 1006 4794 creatorem
1033 4741 1144 4795 Deo
1195 4746 1427 4798 somnia.
1477 4746 1541 4800 Ut
1596 4747 2004 4806 Valentinianos
2039 4756 2267 4808 materia

702 4831 961 4893 increata,
995 4844 1051 4888 et
1085 4834 1224 4889 Deus
1269 4851 1296 4888 ο
1332 4847 1583 4892 creatore
1624 4841 1872 4896 diversus
1905 4857 1970 4905 eo
2009 4843 2267 4913 ducebat,

700 4936 760 4976 ut
786 4939 984 4994 corpus
1023 4929 1320 4982 humanum
1355 4946 1451 4984 nec
1481 4945 1610 4985 vero
1635 4943 1688 4986 et
1722 4932 1938 4988 sublimi
1973 4934 2084 4989 Deo
2121 4953 2267 4992 cura:

699 5032 846 5081 esse,
877 5036 972 5071 nec
1003 5023 1068 5071 ab
1121 5021 1317 5088 opilice
1369 5025 1576 5076 restitui
1632 5040 1788 5093 posse
1847 5028 2271 5096 crederent;ita

702 5109 968 5164 Tatiauus
991 5127 1058 5166 ex
1084 5127 1149 5166 eo
1178 5115 1323 5182 quod
1379 5116 1608 5168 materia
1648 5127 1834 5171 creata
1879 5121 1972 5186 sit,
2007 5131 2060 5174 et
2090 5137 2118 5174 a
2153 5124 2271 5177 solo

705 5205 1082 5259 universorum
1115 5205 1309 5273 opifice
1345 5217 1550 5270 creata,
1594 5225 1880 5278 corporum
1911 5216 2273 5268 resurrectio-

704 5312 826 5349 nem
855 5297 1068 5349 astruit.
1106 5298 1266 5350 Addit
1297 5299 1442 5352 enim
1469 5303 1714 5367 protinus
1743 5302 1790 5333 ’⁸
1816 5319 1830 5355 :
1863 5304 1970 5357 Καὶ
1991 5305 2080 5358 διὰ
2110 5307 2271 5359 τοῦτο

697 5387 794 5440 καὶ
847 5388 1111 5456 σωμάτων
1178 5388 1466 5441 ἀνάστασιν
1533 5390 1749 5446 ἔσεσθαι
1796 5395 2265 5468 πεπιστεύκαμεν.

704 5493 725 5527 ι
756 5475 1046 5546 Propterea
1072 5479 1236 5530 etiam
1285 5493 1570 5547 corporum
1629 5485 2080 5539 resurrectionem
2123 5489 2269 5542 futu-

702 5584 817 5622 ram
850 5571 1178 5625 credimus.»
1209 5569 1511 5624 Humanam
1540 5591 1786 5638 carnem,
1822 5587 2007 5645 utpote
2029 5581 2098 5632 ab
2135 5581 2269 5634 infe-

702 5667 847 5718 riore
882 5667 984 5718 deo
1011 5680 1078 5718 ex
1133 5667 1360 5719 materia
1396 5667 1636 5720 increata
1689 5671 1963 5724 conditam
2025 5672 2268 5729 Valenti-

772 5822 1011 5878 "N.5.
1086 5824 1300 5880 ⁹⁸Ν.ϋ.
1376 5829 1420 5862 ’⁸
1463 5830 1526 5882 Ν.
1564 5831 1653 5887 21.
1733 5833 1845 5890 ‘N.
1879 5837 1961 5889 l7.
2039 5839 2249 5894 ³Ν.7.

2327 5842 2551 5900 ·Ν.ιι.

2411 585 2578 641 ιιιἹὌι.
2609 575 2822 640 (loipus
2846 571 2917 624 illi
2957 568 3262 622 tribuebant
3307 568 3541 622 animale
3577 583 3678 621 non
3711 581 3778 619 ex
3814 565 3998 619 Maria

2407 677 2771 731 assumptum,
2805 663 2898 716 sed
2931 677 3026 730 per
3055 661 3275 713 Mariam
3313 663 3649 719 traductum,
3686 657 3851 710 veittli
3886 673 4002 726 per

2405 757 2650 811 Cattalt'tll
2678 756 2988 824 quemdam.
3018 755 3083 807 At
3110 754 3297 822 pudori
3331 767 3435 804 non
3473 762 3555 804 est
3581 751 3815 803 Tatiano
3843 750 4002 804 Deus

2404 850 2504 898 sub
2540 847 2775 899 hominis
2808 846 2978 898 forma
3024 855 3185 898 natus
3220 846 3285 899 θ’,
3337 843 3411 895 Οὐ
3451 843 3559 911 γὰρ
3615 841 4001 912 μωραίνομεν,

2402 941 2596 1008 ἄνδρες
2630 938 2909 1006 Ἕλληνες,
2944 936 3061 989 οὐδὲ
3095 937 3289 1006 ρους
3313 935 3745 1003 ἀπαγγέλλομεν,
3771 931 3911 984 Θεὸν
3933 933 4001 982 ὲν

2402 1028 2688 1098 ἀνθρώπου
2749 1032 2928 1098 μορφῇ
2970 1028 3248 1095 γεγονέναι
3281 1025 3755 1094 καταγγέλλοντες.
3815 1044 3832 1075 ι
3863 1022 3996 1076 Non

2401 1122 2542 1174 enim
2601 1121 2936 1188 desipimus,
3003 1135 3034 1172 0
3088 1119 3281 1181 Graeci,
3332 1132 3430 1170 nec
3492 1132 3660 1185 nugas
3711 1117 3996 1185 pradica-

2404 1228 2542 1275 ums,
2598 1210 2761 1263 Deum
2823 1211 2923 1264 sub
2975 1210 3210 1262 hominis
3265 1208 3436 1262 forma
3496 1219 3678 1260 natum
3713 1208 3997 1261 nuntian-

2402 1314 2498 1356 ινδ.
2539 1320 2556 1351 t
3419 1361 3424 1364 .

2473 1392 2750 1462 Praecipue
2791 1408 2918 1445 vero
2953 1393 3002 1443 in
3046 1406 3308 1444 summam
3356 1405 3565 1442 morttm
3607 1388 3994 1457 corruptelam

2410 1485 2816 1538 ValentinianOs
2853 1484 3156 1552 prmeipites
3202 1484 3423 1536 dederat
3469 1480 3681 1535 sublata
3734 1481 3994 1533 hominis

2398 1577 2653 1639 libertas,
2687 1589 2806 1629 Clltlt
2841 1577 3142 1640 semetipsos
3177 1592 3280 1626 non
3329 1591 3420 1638 per
3450 1573 3810 1641 operationem
3839 1614 3852 1637 ,
3886 1572 3994 1626 sed

2401 1685 2461 1720 eo
2495 1670 2634 1736 quod
2665 1669 2769 1720 sint
2825 1667 3141 1719 naturaliter
3187 1667 3488 1734 spiritales,
3522 1666 3822 1719 omnimodo
3865 1666 3994 1718 sal-

2397 1764 2508 1810 t~ari
2551 1760 2820 1821 dicerent,
2852 1757 3019 1821 Iren.,
3057 1758 3149 1810 lib.
3183 1774 3235 1822 ι,
3269 1774 3316 1811 c.
3357 1759 3410 1812 6.
3444 1759 3512 1810 At
3541 1755 3799 1810 Tatiunus
3844 1756 3997 1811 nihil

2322 1852 2364 1907 Β
2395 1849 2444 1903 in
2508 1855 2669 1904 rebus
2717 1852 2917 1904 creatis
2961 1859 3152 1901 natura
3205 1850 3405 1902 malum
3455 1863 3581 1902 esse
3635 1847 3883 1902 declarat
3944 1849 3994 1905 ⁸.

2405 1945 2554 1996 Ἐπεὶ
2579 1943 2739 2004 αὐτὸς
2769 1943 2864 2010 μὲν
2900 1944 3006 1993 πᾶν
3031 1941 3090 1993 τὸ
3126 1937 3182 1993 εὖ
3207 1957 3322 2004 πως
3357 1941 3476 2011 ἕχον
3511 1939 3952 2012 ἐδημιούργησεν
3974 1957 3992 1974 ο

2390 2039 2423 2106 ἡ
2455 2037 2510 2088 δὲ
2547 2036 2651 2088 τῶν
2684 2036 2952 2104 δαιμόνων
2987 2035 3215 2096 ἀσωτία,
3257 2035 3368 2096 τοῖς
3415 2035 3471 2086 ὲν
3504 2031 3580 2102 τῷ
3615 2034 3804 2104 κόσμῳ
3839 2032 3995 2104 πρὸς

2389 2127 2448 2180 τὸ
2509 2130 2821 2180 κακοποιεῖν
2879 2128 3168 2197 ἐχρήσατο.
3213 2145 3230 2177 ι
3298 2127 3458 2189 Deus,
3523 2126 3734 2195 inquit,
3787 2127 3990 2182 omnia

2395 2220 2531 2272 bene
2567 2235 2624 2272 se
2658 2218 2909 2272 habentia
2944 2218 3188 2284 crearit,
3225 2218 3319 2271 sed
3360 2218 3662 2272 daemonum
3696 2218 3991 2288 intempe-

2390 2310 2565 2361 rantia
2606 2307 2691 2369 iis,
2729 2324 2849 2375 qua:
2899 2308 2949 2360 in
2983 2309 3184 2360 mundo
3215 2316 3377 2372 sunt,
3409 2306 3480 2359 ad
3527 2307 3667 2360 male
3698 2307 3985 2376 agendam

2389 2399 2554 2448 abusa
2589 2406 2691 2447 est.
2749 2414 2766 2444 ι
2804 2394 3010 2448 Justini
3047 2396 3289 2464 magistri
3327 2395 3573 2466 vestigiis
3618 2397 3871 2451 homines
3914 2413 3988 2454 et

2387 2487 2610 2553 angelos
2633 2501 2660 2537 a
2695 2485 2803 2538 Deo
2835 2485 3034 2540 liberos
3062 2489 3219 2540 docet
3254 2485 3419 2541 fuisse
3472 2498 3692 2543 creatos
3714 2490 3754 2543 '.
3784 2474 3991 2555 Ὅπως

2388 2579 2415 2630 ὁ
2453 2578 2550 2646 μὲν
2598 2578 2795 2645 φαῦλος
2844 2578 3064 2640 δικαίως
3118 2577 3411 2649 κολάζηται
3445 2579 3510 2632 δι’
3539 2581 3703 2634 αὑτὸν
3735 2581 3989 2650 γεγονὼς

2390 2670 2662 2740 μοχθηρός
2690 2687 2701 2698 ·
2739 2671 2765 2720 ὁ
2787 2669 2840 2720 δὲ
2875 2669 3078 2732 δίκαιος
3114 2671 3271 2740 χάριν
3310 2671 3416 2724 τῶν
3465 2671 3988 2743 ἀνδραγαθημάτων

2384 2759 2549 2822 ἀξίως
2585 2759 2895 2827 ἐπαινῆται.
2927 2778 2943 2808 ι
2979 2761 3042 2812 Ut
3076 2762 3246 2814 malus
3279 2764 3477 2815 merito
3499 2763 3754 2830 puniatur
3785 2779 3886 2832 per
3916 2779 3988 2819 se

2387 2849 2666 2917 improbus
2696 2851 2873 2904 factus
2897 2891 2912 2916 ,
2940 2852 3122 2918 justus
3153 2861 3336 2907 autem
3375 2857 3445 2908 ob
3479 2866 3628 2908 recte
3655 2854 3802 2909 facta
3833 2857 3973 2924 jure

2387 2938 2663 2992 laudetur.
2715 2961 2732 2993 ι
2773 2941 2902 3007 Quae
2948 2943 3204 3010 praedicta
3239 2954 3402 3007 sunt,
3455 2944 3622 2998 libera
3662 2945 3984 3016 eliyeruiam

2387 3032 2653 3085 voluntate
2695 3035 2841 3086 docet
2873 3036 3120 3098 evenire;
3156 3050 3260 3102 nec,
3302 3037 3427 3089 tnali
3455 3035 3719 3107 originem
3752 3038 3986 3094 aliunde

2388 3125 2584 3192 repetit
2627 3139 2786 3190 quam
2836 3141 2898 3178 ex
2953 3127 3118 3180 libero
3173 3126 3468 3182 arbitrio‘.
3505 3129 3618 3181 Οὐκ
3671 3130 3986 3201 ἐγενόμεθα

2791 3218 3034 3287 νήσκειν,
3071 3219 3487 3291 ἀποθνήσκομεν
3519 3222 3574 3274 δὲ
3617 3223 3682 3276 δι’
3717 3223 3978 3287 ἑαυτούς.

2397 3309 2700 3362 Ἀπώλεσεν
2735 3313 2879 3380 ἡμᾶς
2914 3309 2972 3362 τὸ
3025 3311 3369 3377 αὐτεξούσιον
3393 3328 3406 3342 ⁸
3461 3312 3636 3368 δοῦλοι
3665 3316 3983 3386 γεγόναμεν

2381 3404 2428 3454 οἱ
2463 3402 2757 3473 ἐλεύθεροι,
2812 3403 2898 3455 διὰ
2949 3403 3044 3472 τὴν
3095 3405 3360 3476 ἁμαρτίαν
3409 3405 3746 3477 ὲπράθημεν.
3801 3407 3982 3466 Οὐδὲν

2383 3493 2586 3562 φαῦλον
2613 3494 2715 3546 ὑπὸ
2743 3494 2835 3546 τοῦ
2869 3495 3004 3547 Θεοῦ
3031 3497 3344 3566 πεποίηται,
3381 3497 3477 3568 τὴν
3510 3500 3774 3570 πονηρίαν
3806 3501 3983 3570 ἡμεῖς

2384 3583 2754 3654 άνεδείξαμεν.
2778 3586 2838 3635 Οἱ
2875 3584 2927 3637 δὲ
2962 3585 3360 3650 ἀναδείξαντες,
3385 3587 3598 3641 δυνατοὶ
3633 3590 3796 3644 πάλιν
3829 3606 3964 3664 παρ-

2382 3674 2729 3745 αιτήσασθαι.
2785 3697 2800 3726 ι
2862 3675 2976 3730 Non
3031 3676 3158 3730 facti
3217 3691 3404 3732 sumus
3458 3688 3518 3732 ttt
3575 3694 3918 3736 morerentur
3952 3701 3973 3739 ε

2385 3768 2616 3835 perdidit
2650 3783 2746 3821 nos
2777 3767 2948 3822 libera
2987 3770 3263 3834 voluntas;
3293 3771 3438 3825 servi
3489 3772 3617 3826 facti
3653 3788 3840 3828 sumus
3870 3778 3972 3842 qui

2383 3856 2542 3910 liberi
2572 3873 2825 3922 eramus;
2861 3876 2958 3928 per
3002 3869 3288 3929 peccatum
3324 3862 3528 3916 venditi
3557 3878 3768 3920 sumus.
3811 3863 3970 3920 Nihil

2385 3948 2509 4000 mali
2570 3950 2772 4002 factum
2823 3959 2909 4003 est
2949 3965 2978 4002 a
3041 3951 3189 4015 Deo;
3243 3966 3341 4006 nos
3397 3953 3498 4022 ipsi
3549 3953 3968 4024 improbitatem

2380 4039 2764 4106 produximus.
2820 4039 2953 4093 Eam
3002 4055 3133 4095 vero
3177 4043 3264 4110 qui
3318 4042 3733 4110 produxerunt,
3779 4045 3968 4102 denuo

2382 4131 2668 4195 repudiare
2700 4142 2942 4200 possunt.
2985 4150 3002 4182 ι
3061 4132 3526 4198 Quemadmodum
3560 4133 3807 4191 homines
3836 4154 3962 4191 om-

2382 4237 2479 4276 nes
2514 4233 2736 4291 peccato
2767 4224 2956 4275 Adami
2989 4225 3207 4277 vitiatos
3252 4224 3458 4292 fuisse,
3490 4228 3563 4280 ita
3591 4229 3754 4282 etiam
3780 4230 3966 4284 omni-

2381 4312 2502 4379 bus,
2538 4323 2596 4367 ιιι
2649 4315 2702 4368 in
2759 4316 2996 4369 secunda
3054 4325 3206 4385 parte
3261 4319 3531 4384 vidimus,
3583 4320 3960 4376 ttecessarium

2380 4420 2503 4458 esse
2535 4405 2774 4474 Spiritus
2813 4406 2989 4461 sancti
3035 4407 3294 4460 auxilium
3327 4410 3518 4476 docet,
3555 4420 3613 4463 ut
3645 4412 3738 4465 Dei
3777 4412 3962 4473 imago

2383 4493 2436 4547 iu
2463 4497 2542 4549 eis
2573 4500 2913 4560 restituatur,
2960 4498 3157 4553 nedum
3198 4514 3528 4570 quemquam
3563 4509 3757 4555 natura
3797 4502 3962 4571 spiri-

2381 4589 2579 4642 tualetn
2613 4606 2734 4643 esse
2762 4596 3030 4646 crederet.

2448 4678 2677 4749 Nuptias
2714 4682 2768 4741 iu
2802 4684 2907 4737 diis
2935 4687 3132 4739 merito
3165 4686 3357 4739 irridet
3387 4685 3673 4756 Tatianus,
3705 4705 3762 4746 tt.
3796 4688 3865 4756 8,
3899 4699 3959 4744 at

2380 4771 2432 4823 in
2469 4774 2779 4826 hominibus
2811 4773 3052 4844 legitime
3093 4787 3405 4831 centractas
3437 4795 3706 4849 nusquam
3735 4784 3955 4851 vitupe-

2379 4872 2486 4918 rut.
2527 4863 2779 4932 Virgines
2829 4867 3170 4924 Christianas
3200 4870 3440 4939 laudat‘,
3467 4890 3585 4941 qua
3613 4875 3793 4928 divina
3828 4891 3960 4929 ora.

2378 4957 2495 5006 cula
2519 4956 2715 5008 circum
2745 4957 2863 5010 cola
2900 4960 3236 5026 recitabant,
3266 4978 3372 5017 non
3404 4974 3462 5018 ut
3498 4964 3600 5020 hoc
3635 4967 3950 5022 institutum

2392 5045 2566 5100 instar
2613 5044 2747 5115 legis
2793 5049 3043 5105 omnibus
3092 5055 3442 5120 praescribat,
3492 5056 3588 5111 sed
3625 5067 3684 5111 ut
3720 5057 3955 5128 repellat

2382 5138 2607 5190 dicteria
2658 5140 3032 5205 ethnicorum,
3091 5138 3182 5211 qui
3232 5145 3574 5214 Christianos
3624 5149 3951 5208 dictitabant

2379 5227 2518 5280 inter
2543 5227 2789 5283 mulieres
2827 5243 2874 5284 et
2903 5235 3277 5301 adolescentes,
3315 5241 3453 5293 inter
3481 5241 3705 5311 uirgines
3733 5252 3781 5296 et
3811 5257 3950 5297 anno

2382 5319 2595 5384 nugari.
2645 5319 2736 5373 Sic
2774 5322 2940 5376 etiam
2970 5327 3145 5380 allicta
3195 5330 3517 5386 Christianis
3547 5333 3776 5387 crimina
3818 5347 3951 5402 pro-

2381 5409 2562 5475 pulsat
2589 5410 2642 5470 ⁸,
2686 5412 2926 5481 iniquam
2958 5417 3029 5471 ob
3077 5418 3254 5473 solum
3303 5435 3499 5476 nomen
3531 5425 3947 5479 condemnatio-

2373 5514 2502 5551 nem
2529 5501 2714 5570 objicit
2743 5505 3006 5573 ethnicis,
3042 5518 3099 5561 ttt
3146 5512 3426 5567 catholica:
3460 5513 3715 5571 Ecclesia:
3757 5516 3950 5572 defen-

2379 5605 2493 5655 sor,
2534 5606 2596 5646 ae
2624 5608 3035 5661 persecutorum
3069 5602 3189 5655 telis
3222 5607 3489 5674 prmeipue
3524 5608 3824 5675 expositus,
3853 5625 3950 5663 ne-

2380 5681 2507 5735 dum
2559 5694 2684 5739 tunc
2739 5685 2880 5740 inter
2931 5688 3216 5746 luereticos
3273 5707 3608 5766 versaretur,
3663 5713 3800 5768 quos
3852 5711 3945 5753 aut
