4140 6414
191 397 291 450 ΓΠ

1151 396 1213 452 D.
1256 396 1516 451 MARANI
1551 395 1940 452 PREFATIO.
1979 426 2038 437 ν-
2078 395 2256 448 PARS
2293 391 2376 448 ΙΙΙ.

3333 372 3434 434 £78

186 515 494 583 persecutio
523 525 743 586 tangere
773 529 882 569 non
915 515 1145 583 solebat,
1177 527 1270 571 aut
1300 517 1546 588 negando
1576 518 1760 572 elude-
1789 528 1834 582 Α
1865 517 1965 569 hoc
2009 523 2092 568 est
2138 517 2204 567 ad
2235 513 2443 574 Titum,
2482 506 2707 580 apostoli
2749 502 3204 576 pronuntiandam
3246 498 3432 552 credi--

189 609 372 662 batur.
408 609 660 664 Ecclesiae
691 611 972 665 catholica
1005 624 1181 666 mores
1203 612 1467 669 describit
1488 627 1608 665 cum
1641 612 1752 675 ait,

190 720 244 754 η.
275 703 348 755 3‘2
382 716 396 754 :
429 703 780 772 Φιλοσοφοῦσί
832 721 887 757 τε
939 704 997 755 οὐ
1056 703 1216 774 μόνον
1264 705 1310 757 oi
1364 704 1752 769 πλουτοῦντες,
1817 742 1826 749 -

187 792 330 846 me:
378 793 468 845 καὶ
516 796 564 847 oi
616 795 844 866 πένητες
883 795 1082 864 προῖκα
1115 795 1212 864 τῆς
1243 794 1591 858 διδασκαλίας
1624 799 1758 850 ἀπο-

190 881 523 937 λαύουσιν...
561 886 696 941 Τοὺς
740 885 792 938 δὲ
825 873 1122 954 ἀκροᾶσθαι
1158 884 1508 956 βουλομένους
1552 888 1758 952 πάντας

189 971 361 1036 οὕτως
394 974 744 1045 προσιέμεθα,
776 973 879 1027 κᾶν
902 973 1253 1048 πρεσϐύτιδες
1275 968 1394 1038 ὦσι,
1426 975 1528 1029 κᾶν
1564 974 1756 1046 μειρά-

192 1081 285 1117 κια
307 1080 324 1095 ·
358 1067 505 1119 πᾶσα
530 1083 586 1118 τε
603 1064 932 1130 ἁπαξαπλῶς
953 1067 1135 1137 ἡλικία
1169 1065 1298 1136 παρ’
1330 1067 1464 1135 ἡμῖν
1498 1066 1753 1136 τυγχάνει

189 1157 372 1228 τιμῆς.
393 1158 471 1211 Τὰ
502 1158 559 1210 δὲ
585 1159 681 1228 τῆς
711 1158 994 1226 ἀσελγείας
1011 1160 1200 1230 πόρρω
1217 1158 1565 1229 κεχώρισται.
1596 1178 1613 1209 ‹
1630 1158 1756 1212 Phi—

191 1247 548 1318 losophantur
599 1264 702 1303 non
750 1252 926 1305 solum
964 1251 1186 1318 divites,
1239 1251 1330 1303 sed
1377 1262 1427 1303 et
1483 1265 1750 1320 pauperes

192 1342 429 1408 gratuito
459 1341 718 1412 doctrina,
746 1341 1188 1410 perfruuntur....
1221 1341 1541 1411 Quicunque
1577 1355 1756 1397 autem

193 1427 384 1481 audire
428 1430 739 1493 voluerint,
779 1448 968 1485 omnes
1027 1434 1129 1487 hoc
1174 1433 1332 1487 modo
1388 1435 1755 1498 admittimus,

191 1520 356 1573 etiam
399 1522 444 1574 si
482 1537 647 1588 auus,
694 1524 857 1575 etiam
901 1526 942 1576 si
994 1523 1373 1578 adolescentes
1417 1524 1648 1590 fuerint,
1697 1541 1760 1579 ac

186 1611 334 1665 omni
370 1629 587 1682 prorsus
631 1614 775 1667 artati
824 1630 951 1668 suns
997 1623 1081 1668 est
1111 1617 1254 1684 apud
1297 1631 1396 1669 nos
1436 1617 1625 1680 honor,
1666 1618 1758 1670 sed

191 1702 347 1773 looge
389 1704 542 1758 abest
589 1704 833 1758 lascivia.
881 1726 898 1756 ι
931 1705 1215 1761 “terebant
1245 1709 1418 1761 adhuc
1442 1709 1622 1761 animo
1650 1707 1757 1762 Ta-

192 1794 325 1847 tiani
349 1835 364 1860 ,
400 1809 521 1850 cum
566 1797 680 1849 haec
709 1798 1001 1861 scriberet,
1033 1814 1139 1851 non
1171 1799 1346 1852 solum
1376 1798 1573 1853 Justini
1616 1816 1756 1868 prte-

190 1895 380 1953 cepta,
407 1900 567 1954 quem
613 1887 789 1940 virum
826 1888 876 1940 in
922 1889 1111 1957 primis
1154 1889 1530 1943 admirandum
1556 1898 1753 1955 vocat,

191 1975 283 2029 sed
314 1977 474 2028 etiam
520 1977 762 2045 prmclari
817 1977 888 2031 illi
938 1979 1156 2046 pietatis
1191 1989 1403 2042 motus,
1438 1996 1576 2048 quos
1625 1982 1754 2033 olim

189 2078 572 2135 persenserat,
608 2084 727 2123 cum
755 2071 1051 2125 miraretur
1083 2072 1133 2125 in
1169 2073 1321 2126 libris
1348 2075 1520 2144 sacris
1551 2075 1755 2128 doctri-

190 2173 311 2210 nam
339 2159 604 2214 haereticis
633 2162 960 2227 oppositam,
982 2163 1238 2216 universa:
1266 2164 1553 2218 creutionis
1585 2165 1756 2234 expli-

185 2252 439 2304 cationem
485 2262 641 2320 captu
671 2253 882 2320 {at-item
903 2292 919 2318 ,
950 2271 1011 2307 ac
1036 2255 1358 2323 singularem
1393 2259 1756 2320 universorum

185 2343 534 2410 principatum
560 2342 603 2396 ⁸.

257 2433 534 2486 Immerito
584 2435 855 2502 vituperat
904 2435 1046 2490 idem
1101 2439 1187 2491 vir
1240 2440 1587 2496 doctissimus
1637 2459 1754 2511 qua:

184 2524 330 2591 apud
366 2524 658 2579 Tatianum
696 2528 761 2581 de
798 2543 1026 2596 corpore
1053 2569 1067 2593 ,
1112 2530 1293 2584 anima
1331 2542 1385 2586 et
1419 2534 1609 2601 spiritu
1633 2574 1648 2597 ,
1691 2551 1754 2589 ac

182 2618 414 2671 duorum
474 2619 760 2686 Spirituum
813 2618 1161 2676 distinetione
1204 2624 1477 2677 dicuntur.
1528 2622 1750 2680 Etiamsi

181 2708 447 2764 Tatianus
488 2710 758 2764 hominem
811 2725 875 2765 ex
931 2726 1188 2780 corpore,
1236 2715 1413 2767 anima
1460 2725 1515 2768 et
1564 2717 1751 2785 spiritu

177 2811 574 2868 componeret,
605 2803 826 2857 minime
855 2803 905 2857 id
945 2806 1268 2872 reprehendi
1325 2807 1538 2859 deberet
1567 2848 1579 2870 ,
1630 2823 1751 2860 cum

176 2892 367 2947 anima
416 2907 557 2960 sa-pe
609 2893 828 2957 spiritus
883 2905 1128 2955 vocetur,
1180 2912 1242 2948 ac
1297 2895 1532 2962 Spiritus
1578 2897 1750 2949 sancti

177 2985 387 3037 donum
422 3000 562 3053 smpe
593 2985 824 3039 hominis
857 2987 1081 3055 spiritus
1113 2988 1345 3063 dicatur.
1391 2991 1460 3042 At
1493 2989 1746 3042 Tatiauns

176 3076 422 3128 animam
452 3076 737 3150 distinguit
771 3094 799 3130 a
835 3080 893 3146 ὃ.
927 3079 1164 3147 Spiritu,
1193 3091 1252 3134 ttt
1284 3083 1538 3148 templum
1570 3083 1636 3135 ab
1670 3085 1751 3135 iu-

181 3164 472 3218 habitante
511 3165 620 3220 Deo
643 3209 656 3230 ,
698 3185 750 3220 n.
784 3169 870 3221 15.
916 3170 973 3223 In
1017 3171 1115 3224 hoc
1148 3172 1465 3239 gravissime
1501 3174 1754 3226 errabant

179 3253 584 3322 Valentiniani,
626 3259 763 3325 quod
803 3261 993 3314 aninue
1033 3277 1147 3314 sure
1194 3278 1377 3315 semen
1413 3255 1746 3331 a‘Sapientia
1777 3255 1819 3310 C

177 3347 439 3413 injectum
472 3348 747 3413 dicerent,
772 3351 925 3419 cujus
949 3353 1213 3407 beneficio
1246 3354 1472 3407 Salutem
1497 3365 1750 3425 a-ternam

174 3438 280 3492 sibi
323 3453 387 3492 ne
425 3441 673 3495 maximis
709 3444 925 3510 quidem
952 3455 1004 3497 et
1050 3448 1322 3514 perpetuis
1352 3448 1573 3516 ﬂagitiis
1611 3448 1750 3514 eripi

174 3546 340 3598 posse
362 3533 728 3588 conﬁdebant.
754 3536 892 3590 Nihil
915 3538 1093 3593 simile
1112 3538 1339 3594 Tatiano
1366 3541 1523 3607 ohjici
1552 3551 1748 3608 petest.

173 3625 489 3688 Quinetiam
543 3627 593 3677 in
641 3629 739 3680 hoc
788 3629 1088 3684 laudandus
1126 3634 1270 3699 quod
1316 3632 1574 3700 Spiritum
1628 3650 1752 3686 san-

176 3729 364 3780 ctum,
405 3733 562 3785 quem
599 3721 762 3774 Deum
793 3719 1092 3790 perfectum
1132 3735 1319 3784 vocat,
1352 3740 1378 3774 a
1413 3726 1604 3793 spiritu
1639 3742 1751 3777 tua-

175 3810 379 3862 teriam
441 3815 770 3878 pervadcute
823 3815 1134 3882 distinguat.
1203 3817 1408 3870 Similis
1473 3818 1751 3873 distinctio

173 3901 320 3969 apud
345 3899 704 3969 Theophilum
729 3945 741 3965 ,
781 3905 870 3958 lib.
904 3921 956 3970 I,
987 3925 1038 3958 ιι.
1071 3907 1104 3960 5
1132 3917 1183 3960 et
1210 3907 1238 3958 7
1266 3910 1306 3960 ⁷.

248 3991 338 4045 ιν.
368 3991 741 4062 Nequissimos
771 4013 987 4054 errores
1011 4000 1272 4054 Tatianus
1293 3982 1614 4074 pervulgata
1637 4007 1747 4059 ha:-

175 4085 474 4138 reticorum
503 4089 584 4137 via
613 4087 890 4153 defendit,
942 4107 1040 4145 nec
1083 4079 1378 4162 quidquam
1412 4096 1513 4149 sibi
1555 4097 1604 4149 in
1639 4098 1750 4150 vio-

175 4175 352 4229 landis
407 4175 705 4247 Scripturis
754 4180 911 4234 duxit
963 4184 1386 4252 impermissum.
1433 4186 1749 4256 Recipiehat

175 4267 264 4319 ille
295 4267 511 4336 quidem
543 4271 830 4340 plerasque
863 4272 1196 4343 Scripturas,
1231 4280 1355 4334 licet
1389 4279 1550 4349 prave
1583 4283 1750 4335 inter-

175 4368 508 4429 pretaretur.
545 4361 702 4435 Nam,
737 4373 793 4417 ut
824 4382 982 4435 supra
1033 4370 1282 4435 vidimus,
1319 4371 1449 4426 illud
1473 4351 1702 4427 Genesis
1732 4394 1743 4427 :

178 4448 309 4502 Fiat
331 4452 426 4504 tua:
450 4453 494 4519 ⁸,
526 4457 799 4521 precantis
824 4473 942 4512 esse
963 4499 977 4523 ,
1012 4477 1116 4514 non
1145 4462 1386 4531 jnbentis
1419 4463 1698 4524 eﬂ'ntiehat
1731 4484 1745 4519 :

175 4545 356 4598 vinum
406 4559 470 4600 ex
524 4549 755 4616 quodam
801 4553 968 4606 Amos
1017 4556 1402 4622 testimonio”,
1457 4561 1744 4611 matrimo-

177 4637 325 4690 nium
351 4653 420 4692 ex
461 4641 569 4694 alio
604 4642 750 4698 Pauli
801 4645 1146 4702 interdictum
1189 4664 1308 4704 esse
1357 4652 1742 4706 contendebat.

179 4746 198 4778 ι
234 4728 504 4784 Tentabat
528 4733 691 4788 etiam
713 4776 727 4798 ,
758 4746 895 4790 teste
938 4738 1140 4794 Irenzeo
1161 4781 1174 4804 ,
1200 4743 1427 4809 subinde
1455 4743 1530 4796 uti
1561 4744 1743 4811 hujus-

176 4823 314 4874 modi
371 4839 402 4876 a
448 4824 613 4880 Paulo
650 4829 864 4884 assidue
912 4833 1120 4888 dictis:
1158 4835 1420 4898 Quoniam
1469 4839 1527 4890 in
1575 4838 1744 4891 Adam

176 4930 349 4968 omnes
397 4918 713 4973 moriuntur.
749 4921 792 4952 ¹⁰
827 4940 846 4971 ι
895 4921 1120 4978 Plurimi
1175 4923 1407 4982 faciebat
1453 4928 1744 4995 Epistulam

177 5005 238 5057 ad
273 5005 492 5070 Titum;
542 5010 637 5063 sed
685 5015 930 5080 quamvis
960 5017 1128 5071 multa
1173 5018 1323 5074 Pauli
1358 5022 1424 5072 ad
1457 5036 1587 5075 usus
1617 5037 1744 5077 suos

177 5095 362 5150 idonea
413 5099 672 5168 duceret,
708 5107 994 5162 nonnullas
1043 5117 1223 5165 tamen
1284 5112 1428 5166 illius
1478 5114 1738 5181 epistolas

179 5187 387 5254 reiecit,
435 5206 530 5259 spe
590 5195 801 5250 sublata
866 5199 1115 5256 eludendi
1171 5212 1224 5258 et
1274 5204 1579 5257 cavillandi.
1626 5205 1749 5258 Haec

175 5276 428 5332 discimus
479 5294 544 5334 ex
593 5282 954 5356 Hieronymo,
984 5292 1076 5359 qni
1119 5293 1198 5347 sic
1250 5293 1485 5360 loquitur
1511 5309 1743 5363 prooem.

175 5377 462 5424 comment.
499 5371 552 5423 in
593 5373 766 5441 Epist.
809 5379 876 5433 ad
906 5377 1107 5436 Titum.
1141 5402 1159 5435 ι
1199 5383 1303 5437 Sed
1338 5385 1627 5451 Tatianus,
1664 5385 1748 5437 in-

175 5458 320 5523 quit,
367 5459 776 5520 Encratitarum
824 5471 1196 5540 patriarcbes,
1229 5476 1320 5544 qui
1357 5486 1412 5529 et
1450 5477 1563 5542 ipse
1615 5493 1747 5530 non-

177 5548 343 5603 nullas
393 5551 543 5606 Pauli
595 5554 865 5625 Epistolas
913 5562 1304 5631 rc}ecit,ltuttc
1353 5568 1430 5620 vel
1468 5570 1740 5633 maxime,

238 5661 257 5688 '
288 5659 419 5713 lbid.
526 5665 548 5695 ⁷
572 5665 638 5718 Ν.
665 5668 752 5721 15.

178 5726 318 5790 Ριιὶι..
367 5731 456 5784 lilt.
523 5751 643 5793 l.,c.
705 5738 795 5793 20.

181 5809 215 5848 ι.
257 5798 336 5852 ΙΙΙ.

897 5672 918 5702 ⁸
940 5671 1074 5725 Gen.
1109 5690 1148 5741 ι,
1183 5675 1236 5727 5.
1373 5679 1393 5708 ’
1417 5680 1582 5734 Amos
1621 5697 1681 5735 tt.
1707 5678 1758 5732 8.

926 5742 968 5773 ¹³
997 5743 1139 5802 Edit.
1196 5745 1392 5813 Paris,
1448 5759 1576 5802 tom.
1631 5749 1755 5817 VII;
1827 5749 1995 5820 Lug.,
2060 5760 2187 5802 tom.
2219 5749 2278 5802 Il.

1859 609 1968 672 dit,
2009 605 2404 675 parvipendeos
2448 598 2738 656 Marcionis
2775 606 2827 652 et
2867 597 3131 656 aliorum,
3167 592 3258 660 qui
3305 606 3428 644 cum

1858 712 1923 751 eo
1965 697 2017 749 in
2051 696 2153 750 hac
2200 704 2355 763 parte
2391 691 2779 754 consentiunt,
2819 687 3195 742 assertionem.
3235 701 3250 732 ι
3283 679 3429 734 Non-

1859 788 2004 842 nulla
2033 788 2199 841 etiam
2228 785 2472 855 Apostoli
2504 784 2673 847 dicta,
2713 781 2890 850 inquit
2921 779 3204 835 Eusebius,
3226 773 3321 826 lib.
3350 785 3425 833 tv,
3487 810 3490 814 .

1860 896 1978 949 cap.
2011 879 2113 946 29,
2152 879 2274 934 aliis
2320 877 2503 932 verbis
2542 874 2850 943 exprimere
2885 886 3049 924 ausus
3081 883 3200 922 esse
3231 867 3427 926 fertur,

1859 969 2012 1039 quasi
2045 983 2232 1023 eorum
2261 965 2709 1034 compositionem
2737 960 3054 1015 emendatis.

1930 1059 1994 1112 ν.
2030 1059 2134 1114 Sed
2168 1054 2726 1127 prmcipuumTatiani
2767 1052 2978 1104 facinus
3011 1049 3208 1104 enituit
3239 1049 3289 1100 in
3322 1063 3431 1101 uno

1858 1167 1925 1208 ex
1956 1162 2190 1220 quatuor
2223 1148 2530 1216 Evangeliis
2561 1143 2952 1212 compingendo
2973 1181 2987 1205 ,
3034 1140 3176 1209 quod
3223 1139 3432 1193 idcirco

1859 1243 2274 1309 Διατεσσάρων
2295 1239 2616 1308 appellabat.
2648 1233 2948 1302 Συνὰφειὰν
2983 1249 3102 1296 τινα
3136 1230 3230 1283 καὶ
3267 1244 3428 1283 συνα-

1858 1335 2043 1406 γωγὴν
2094 1335 2194 1388 οὐκ
2233 1328 2329 1385 οἷδ’
2372 1333 2518 1393 ὅπως
2545 1329 2650 1382 τῶν
2699 1323 3042 1394 Εὐαγγελίων
3094 1321 3337 1401 συνθεὶς,
3372 1318 3433 1373 τὸ

1860 1424 2274 1492 Διατεσσάρων
2323 1420 2479 1476 τοῦτο
2535 1420 2975 1490 προσωνόμασεν.
3019 1417 3083 1468 Ὃ
3135 1413 3429 1484 καὶπαρὰ

1860 1538 1997 1573 τισιν
2039 1506 2205 1572 εἰσέτι
2253 1516 2347 1570 νῦν
2399 1517 2642 1587 φέρεται.
2689 1531 2706 1564 ‹
2742 1512 3022 1572 Catenam,
3061 1509 3234 1576 inquit
3263 1508 3433 1561 Eusc-

1860 1613 1980 1666 bius
2014 1612 2077 1674 “,
2112 1619 2165 1664 et
2198 1609 2571 1664 collectionem
2605 1606 2790 1659 nescio
2816 1619 2976 1671 quam
3008 1598 3457 1679 Ermrgeliormu.

1861 1703 2155 1760 contexuit.
2192 1717 2353 1771 quam
2374 1696 2755 1769 Διατεσσάρων
2779 1692 3077 1748 nominavit
3103 1698 3115 1745 ι
3137 1691 3279 1762 quod
3296 1705 3434 1760 opus

1863 1813 1890 1850 a
1919 1795 2237 1865 quibusdam
2277 1792 2570 1857 etiamnum
2616 1789 2872 1842 habetur.
2917 1806 2932 1838 ι
2967 1786 3031 1839 Et
3061 1784 3392 1855 Epiphanius
3416 1824 3430 1841 .

1788 1862 1831 1920 Β
1862 1862 2050 1948 hat-res.
2098 1891 2167 1944 46
2211 1909 2222 1943 :
2276 1889 2506 1958 Λέγεται
2536 1885 2592 1937 δὲ
2631 1884 2690 1936 τὸ
2723 1880 3138 1948 Διατεσσάρων
3183 1878 3429 1947 Εὑαγγὲο

1857 1987 1967 2041 λιον
1989 1987 2077 2039 ὑπ’
2094 1983 2255 2037 αὑτοῦ
2285 1981 2627 2052 γεγενῆσθαι,
2650 1982 2785 2051 ὅπερ
2807 1978 2956 2032 κατὰ
2969 1977 3276 2045 Ἑϐραίους
3291 1974 3436 2039 τινὲς

1859 2078 2130 2132 καλοῦσι.‹
2155 2075 2358 2130 Ferunt
2385 2089 2520 2142 opus
2549 2071 2700 2143 illud,
2720 2072 2863 2140 quod
2892 2083 2957 2124 ex
2987 2082 3223 2138 quatuor
3254 2068 3464 2148 Evanf

1855 2169 2010 2238 geliis
2035 2177 2348 2224 contextum
2379 2172 2463 2219 est
2489 2207 2502 2231 ,
2540 2164 2793 2233 quodque
2838 2165 3125 2214 secundum
3181 2157 3436 2238 Hebr-(eos

1815 2286 1819 2289 ·
1856 2261 2096 2318 nonnulli
2131 2268 2345 2325 vocant,
2385 2257 2452 2313 ab
2498 2272 2562 2311 eo
2607 2273 2728 2312 esse
2776 2255 3168 2322 conscriptum.
3206 2265 3225 2302 ι
3276 2249 3436 2302 Plura

1857 2364 2042 2409 narrat
2089 2351 2501 2413 Theodoretus,
2557 2366 2619 2404 ex
2677 2351 2872 2419 quibus
2919 2349 3021 2401 hoc
3076 2343 3432 2414 Evangelium

1855 2449 2012 2517 quale
2061 2447 2221 2500 fuerit
2263 2446 2486 2517 intelligi
2522 2452 2714 2513 potest.
2763 2437 2928 2505 Οὗτος
2978 2441 3069 2493 καὶ
3103 2439 3162 2493 τὸ
3195 2443 3435 2493 Διατεσο

1855 2536 2056 2604 σὰρων
2089 2536 2413 2606 καλούμενον
2449 2532 2789 2587 συντέθεικεν
2822 2523 3169 2598 Εὐαγγέλιον,
3227 2530 3326 2594 τάς
3375 2548 3432 2584 τε

1855 2630 2199 2698 γενεαλογίας
2249 2628 2548 2700 περικόψας
2573 2669 2586 2691 ,
2623 2626 2716 2680 καὶ
2754 2625 2831 2679 τὰ
2853 2624 2986 2678 ἄλλα
3019 2625 3121 2678 ὅσα
3169 2626 3233 2677 ὲκ
3266 2623 3432 2694 σπέρ-

1859 2740 2022 2791 ματος
2073 2723 2236 2794 Δαϐἱδ
2287 2720 2424 2773 κατὰ
2479 2719 2652 2789 σάρκα
2709 2714 3073 2786 γεγενημένον
3108 2716 3197 2768 τὸν
3233 2715 3436 2785 Κύριον

1854 2815 2136 2868 δείκνυσιν.
2175 2816 2503 2885 Ἑχρήσαντο
2538 2813 2592 2865 δὲ
2621 2812 2794 2881 τούτῳ
2825 2812 2884 2864 οὑ
2925 2811 3072 2880 μόνοι
3092 2810 3141 2861 οἱ
3173 2809 3269 2879 τῆς
3302 2807 3451 2861 ἐκεί--

1855 2925 1945 2960 νου
1982 2907 2310 2976 συμμορίας,
2365 2905 2499 2959 ἀλλὰ
2534 2905 2624 2956 καὶ
2657 2905 2705 2956 οἱ
2739 2905 2848 2965 τοῖς
2900 2900 3272 2963 ὰποστολικοῖς
3296 2900 3439 2953 -ὲπὰ-

1859 3014 2011 3066 μενοι
2045 2996 2276 3066 δόγμασι
2299 3035 2313 3059 ,
2369 2995 2463 3065 τὴν
2514 2995 2609 3064 τῆς
2663 2993 2932 3062 συνθήκης
2971 2992 3304 3062 πανουργίαν
3337 2993 3437 3043 οὐκ

1856 3091 2189 3160 ἐγνωκότες,
2224 3089 2358 3144 ἀλλὰ
2408 3087 2771 3156 ἁπλούστερον
2816 3087 2890 3148 ὡς
2939 3085 3185 3154 συντόμῳ
3239 3082 3314 3152 τῷ
3351 3083 3435 3152 βι-

1855 3184 1984 3255 ϐλίῳ
2005 3183 2350 3255 χρησάμενοι.
2376 3175 2544 3251 Εὗρον
2565 3179 2619 3230 δὲ
2659 3177 2812 3245 κάγὼ
2843 3177 3057 3239 πλείους
3089 3178 3120 3247 ἦ
3155 3175 3436 3236 διακοσίας

1856 3274 2066 3344 βίϐλους
2100 3273 2348 3333 τοιαύτας
2383 3274 2439 3323 ἐν
2475 3273 2590 3332 ταῖς
2625 3269 2751 3338 παρ’
2778 3269 2905 3337 ἡμῖν
2945 3265 3259 3336 ἐκκλησίαις
3292 3283 3436 3317 τετις

1857 3364 2266 3436 μημένας,·καὶ
2300 3363 2477 3424 πάσας
2534 3359 2850 3428 συναγαγὼν
2900 3359 3203 3426 ἀπεθέμην,
3234 3358 3324 3410 καὶ
3371 3356 3436 3408 τὰ

1853 3458 1958 3510 τῶν
2021 3459 2296 3527 τεσσάρων
2355 3452 2749 3522 εὐαγγελιστῶν
2802 3452 3193 3520 ἁντεισήγαγον
3259 3449 3434 3513 Εὐαγ-

1852 3549 2024 3615 γέλια.
2058 3567 2073 3598 ι
2101 3547 2198 3600 llic
2236 3547 2607 3610 Evangelium,
2636 3542 2806 3610 inquit
2834 3543 2899 3603 ¹²,
2920 3546 3063 3609 quod
3089 3542 3432 3593 Dialessarnu

1853 3643 2071 3702 dicitur,
2107 3640 2445 3708 composuit,
2497 3636 2794 3702 ampulutis
2826 3635 3158 3703 genealogiis
3206 3643 3255 3686 el
3308 3633 3463 3698 aliis_

1852 3735 2120 3790 omnibus.
2143 3747 2261 3798 qua:
2287 3732 2573 3783 Dominum
2601 3743 2664 3780 ex
2695 3728 2903 3780 semine
2937 3725 3102 3778 iiavid
3132 3726 3429 3777 secundum

1854 3841 2068 3880 carnem
2096 3836 2278 3877 uatum
2305 3820 2622 3875 ostendunt.
2653 3820 2835 3886 quue
2857 3819 2935 3870 usi
2965 3828 3113 3876 sunt,
3143 3834 3246 3869 non
3277 3819 3432 3870 modo

1853 3919 1940 3986 qui
1973 3917 2091 3986 ejus
2138 3925 2295 3971 erant
2328 3920 2511 3976 sectze,
2563 3913 2654 3967 sed
2711 3912 2746 3965 ii
2802 3912 2966 3965 etiam
3003 3910 3091 3978 qui
3131 3910 3428 3977 apostolica

1853 4011 2100 4079 dogmata
2149 4013 2535 4075 sequebantur,
2582 4002 2998 4070 compositionis
3043 4001 3288 4055 fraudem
3324 4016 3428 4054 non

1851 4106 2268 4169 cognoscentes,
2307 4097 2400 4150 sed
2448 4094 2751 4162 simplicius
2782 4102 3038 4160 tanquam
3074 4093 3429 4160 compendia-

1854 4193 1934 4246 rio
1969 4193 2104 4244 libro
2137 4199 2368 4243 utentes.
2397 4185 2598 4240 Nactus
2627 4201 2744 4239 sum
2776 4184 2938 4238 etiam
2990 4185 3106 4252 ipse
3137 4183 3305 4237 libros
3334 4185 3431 4237 hn-

1848 4283 2078 4352 jusmodi
2106 4295 2265 4351 supra
2294 4281 2559 4333 ducentos
2589 4278 2640 4330 in
2673 4279 2881 4330 honore
2909 4276 3122 4329 habitos
3153 4275 3208 4328 in
3243 4276 3428 4330 Eccle-

1852 4377 1948 4429 siis
2000 4373 2234 4435 nostris,
2264 4386 2403 4440 quos
2450 4385 2638 4425 omnes
2686 4371 2741 4423 in
2798 4382 2962 4423 unum
3007 4377 3298 4437 congestos
3347 4383 3433 4422 se-

1853 4450 2028 4534 posui,
2052 4475 2105 4520 et
2138 4481 2234 4533 pro
2266 4464 2351 4518 his
2379 4471 2611 4532 quatuor
2641 4462 3098 4531 evangelistarum
3137 4459 3428 4528 Evangelia

1855 4556 2154 4611 introduxi.
2193 4575 2212 4607 ›
2683 4624 2688 4626 ἓ

1921 4647 1998 4702 Ex
2028 4646 2111 4700 his
2137 4654 2283 4715 patet
2306 4631 2653 4698 Harmoniam
2684 4642 3060 4711 evangelicant,
3094 4657 3215 4710 quae
3241 4650 3430 4694 exstat

1849 4742 1950 4796 sub
1995 4739 2211 4794 nomine
2253 4736 2464 4791 Tatiani
2500 4738 2553 4791 in
2597 4736 2852 4791 Biblioth.
2888 4737 3040 4789 Patr.
3087 4736 3129 4766 ¹³
3173 4749 3275 4788 non
3308 4750 3430 4787 esse

1846 4834 2091 4897 Tatiani;
2131 4831 2328 4900 quippe
2375 4845 2496 4884 cum
2529 4828 2872 4898 genealogias
2904 4843 2931 4879 a
2967 4827 3196 4880 Tatiano
3247 4825 3428 4879 subla—

1849 4936 1931 4978 tas
1953 4925 2252 4978 contineat.
2280 4921 2427 4975 llanc
2455 4931 2632 4974 tamen
2658 4919 2893 4974 Tatiano
2920 4919 3250 4973 attribuehat
3275 4927 3429 4970 sexto

1846 5017 2040 5071 Steculo
2072 5016 2258 5069 Victor
2300 5014 2610 5082 Capuanus.
2641 5012 2747 5066 Sed
2800 5026 2862 5064 ea
2916 5011 2981 5063 de
3033 5027 3089 5062 re
3139 5009 3280 5060 nulla
3315 5009 3427 5075 jam

1847 5110 1990 5162 inter
2039 5107 2280 5162 eruditos
2332 5105 2624 5157 dissensio.
2675 5104 2744 5156 At
2794 5103 3060 5154 Baronins
3114 5111 3168 5152 et
3217 5098 3428 5152 CJVCIIS

1850 5197 1998 5252 litem
2055 5204 2342 5250 moverunt
2391 5196 2458 5248 de
2507 5194 2609 5246 alia
2673 5192 2968 5244 Harmonia
3019 5191 3313 5244 Ammonio
3371 5189 3427 5241 in

1852 5292 2044 5345 iisdem
2079 5289 2296 5341 Patrum
2320 5287 2658 5340 Bibliotltecis
2691 5283 2894 5338 tributa
2926 5285 2990 5348 "t,
3016 5300 3181 5352 qnam
3206 5283 3426 5351 quidem

1851 5399 1958 5438 non
2009 5381 2280 5435 Ammonii
2333 5379 2426 5434 sed
2476 5379 2690 5432 Tatiaui
2741 5392 2861 5432 esse
2909 5377 3268 5431 contendunt.
3317 5373 3427 5426 Sed

1852 5478 2187 5543 postren‘lum
2242 5470 2368 5524 illud
2397 5486 2533 5540 opus
2566 5469 2746 5522 Latini
2780 5468 3065 5537 scriptoris
3098 5479 3182 5522 est
3213 5481 3428 5536 germa-

1852 5567 2111 5621 nissimus
2139 5566 2304 5628 fctus,
2339 5577 2438 5617 nec
2467 5561 2629 5614 ullam
2663 5577 2888 5631 prorsus
2917 5572 3103 5615 notam
3145 5560 3328 5622 habet,
3361 5573 3423 5609 ex

1893 5679 1934 5710 ¹⁰
1965 5679 1980 5732 l
2011 5681 2134 5732 (lor.
2162 5693 2249 5740 xv,
2285 5678 2374 5730 S2.
2513 5677 2552 5706 ¹¹
2584 5675 2701 5726 Lib.
2730 5692 2801 5734 ιν,
2845 5694 2893 5729 c.
2932 5675 3022 5729 ‘29.
3157 5676 3196 5703 ¹²
3229 5674 3423 5724 llmret.

2427 5748 2466 5776 ¹³
2515 5747 2656 5799 Edil.
2723 5746 2896 5800 i'uris.
2971 5758 3006 5798 t.
3073 5743 3157 5796 VII
3267 5745 3427 5809 [υς.
