4140 6412
738 346 841 402 I79

1618 355 1673 410 S.
1714 353 2046 412 JUSTINUS
2083 354 2563 412 PHILOSOPHUS
2593 353 2683 409 ET
2711 353 3024 412 HABTYR.

3891 353 4012 406 1’89

736 489 840 540 qua
894 471 1148 528 Latinum
1197 490 1227 530 e
1273 475 1464 531 Graeco
1512 477 1716 534 factum
1762 496 2058 552 agnoscas.
2107 483 2297 538 Deindt

2423 479 2496 551 μὴ
2545 478 2816 549 παύσησθε
2851 480 2943 532 τοῦ
2996 479 3173 544 θύειν,
3220 478 3281 532 οὐ
3335 477 3598 531 παύσεται
3640 474 3734 546 ἀφ’
3773 472 3930 546 Σιμῶν
3963 475 4005 542 ἡ

735 579 866 619 vero
893 566 1038 619 nulla
1068 583 1290 638 prorsus
1321 570 1372 623 in
1413 587 1470 626 re
1496 573 1708 628 Tatiani
1753 577 1946 631 haeresi
1979 580 2218 632 consulit
2243 581 2307 643 ¹⁸,

737 653 834 707 sed
877 656 1050 725 legem
1098 658 1260 714 Mosis
1308 663 1386 715 sic
1430 667 1809 728 Commendat,
1845 668 2004 738 idque
2033 672 2215 726 verbis
2260 674 2312 726 in

741 744 1022 811 Scriptura
1047 762 1152 801 non
1177 752 1731 823 exstantilms(ueque
1751 757 1896 811 enim
1924 759 2004 812 uti
2021 760 2162 813 solet
2186 760 2316 830 ipsis

740 831 1042 903 Scriptura:
1069 839 1284 909 verbis)
1315 852 1374 896 ut
1404 843 1638 899 Tauano
1667 846 1849 919 aliingi
1886 867 1991 905 non
2024 855 2216 920 possit.

809 927 895 980 VI.
951 928 1087 984 Cum
1144 942 1250 986 tam
1311 935 1418 988 late
1466 941 1770 993 numaverit
1825 943 1983 1010 hujus
2033 944 2312 1010 Evangelii

738 1017 900 1077 fama,
933 1022 1241 1077 accuratius
1274 1025 1711 1098 investigandum
1746 1033 1903 1087 nobis
1928 1046 2044 1100 est,
2081 1039 2212 1104 quid
2248 1040 2315 1094 de

735 1124 803 1163 eo
835 1119 1046 1168 veteres
1095 1116 1354 1170 dixerint.
1401 1117 1534 1174 Illud
1585 1123 1637 1174 in
1686 1125 1874 1190 primis
1916 1129 2312 1183 observandum

735 1212 854 1265 est,
891 1205 1035 1270 quod
1083 1208 1159 1263 ait
1195 1209 1556 1279 Epiphanius,
1584 1215 1688 1270 hoc
1712 1217 1928 1272 Tatiani
1963 1220 2311 1292 Evangelium

736 1309 765 1346 a
801 1296 1079 1351 nonnullis
1123 1306 1425 1357 secundum
1475 1305 1734 1364 Hehrmos
1786 1313 1988 1365 vocari.
2034 1312 2132 1368 Vix
2186 1332 2308 1384 pro-

738 1388 880 1444 fecto
939 1393 1198 1448 credibile
1237 1406 1321 1449 est
1371 1397 1626 1454 Hehrzeos
1675 1402 1832 1468 illos,
1883 1421 2114 1473 quorum
2175 1409 2266 1462 alii
2296 1450 2310 1470 ,

736 1495 929 1548 nempe
955 1480 1227 1548 Nazarzei,
1260 1487 1392 1556 legis
1423 1492 1862 1548 observationem
1895 1512 2016 1550 cum
2057 1499 2313 1554 Ecclesia:

734 1571 1016 1627 catholicm
1063 1578 1310 1631 doctrina
1359 1580 1696 1651 iungebant;
1749 1589 1839 1640 alii
1889 1605 2052 1652 vero.
2120 1609 2310 1662 nempe

736 1663 972 1718 Ehionaei
995 1667 1060 1731 ”,
1084 1668 1360 1725 Christum
1376 1675 1675 1742 simplicem
1695 1680 1968 1735 hominem
1983 1700 2047 1738 ex
2070 1684 2307 1753 Virgine,

731 1756 817 1808 vel
849 1756 1014 1810 etiam
1049 1775 1112 1813 ex
1140 1759 1375 1832 Josepho
1405 1767 1647 1834 genitqu
1680 1770 1936 1828 dicebant
1962 1816 1976 1836 .
2012 1777 2310 1848 Evangelio

2418 575 2574 645 ὀργή.
2627 590 2653 623 ο
2680 573 2790 642 Ego
2823 573 2890 625 ad
2923 571 3236 640 abrogamla
3273 570 3542 625 sacrificia
3583 571 3703 622 venl
3726 607 3742 632 ,
3776 577 3836 621 et
3885 568 4002 620 nisi

2417 663 2731 718 sacrificare
2762 665 3066 727 desieritis,
3097 663 3192 717 Dei
3223 664 3274 715 in
3298 677 3394 716 vos
3425 663 3504 714 ira
3539 677 3644 716 non
3678 660 3942 715 cessabit.
3973 677 3992 712 r

2417 751 2522 807 Pro
2553 769 2618 808 eo
2647 755 2789 824 quod
2821 753 3060 808 Joannes
3104 755 3303 809 dicitur
3335 753 3593 824 ἀκρίδας,
3635 753 3686 807 id
3717 761 3801 807 est
3844 751 4008 805 locu.-

2416 856 2531 899 stas
2562 848 2863 901 comedisse
2885 888 2900 908 ,
2934 849 3020 900 isti
3056 846 3313 917 ἐγκρίδας
3347 847 3603 918 Epichyta
3655 846 3860 900 mellita
3897 859 4007 912 p0-

2416 948 2655 992 suerant.
2691 938 2822 992 Illud
2855 939 3060 994 Christi
3098 940 3239 1008 apud
3271 941 3473 995 Lucam
3503 957 3516 992 :
3553 938 3826 993 Desiderio
3849 939 4011 993 dea!-

2415 1031 2597 1084 demvi
2633 1032 2729 1084 hoc
2772 1031 2978 1086 Pascha
3014 1033 3340 1086 manducare
3369 1033 3631 1087 robircum
3655 1032 3722 1096 ”,
3779 1032 3862 1087 sic
3911 1032 4008 1086 in-

2416 1122 2728 1176 vertebatur
2763 1123 2814 1176 in
2850 1123 3146 1192 Evangelio
3183 1123 4008 1192 Ebionitaromqutzerentibus

2414 1213 2728 1278 discipulis:
2755 1214 2855 1269 Ubi
2879 1218 2954 1269 vis
2981 1233 3224 1278 paremus
3255 1216 3350 1270 tibi
3378 1219 3643 1270 comedere
3671 1214 3885 1270 Pascha
3911 1216 4010 1269 "‘1'

2416 1307 2494 1358 sic
2527 1305 2778 1361 Christus
2811 1309 3172 1374 respondebat
3197 1327 3212 1362 τ
3242 1309 3333 1381 Μὴ
3363 1309 3632 1381 ἐπιθυμίᾳ
3660 1309 4010 1382 ἐπεθύμησα

2417 1399 2580 1468 κρέας
2614 1399 2769 1452 τοῦτο
2797 1399 2856 1452 τὸ
2886 1401 3070 1470 πάσχα
3094 1403 3284 1470 φαγεῖν
3317 1401 3432 1472 μεθ’
3460 1401 3642 1472 ὑμῶν;
3684 1421 3704 1455 ι
3732 1403 4006 1473 Nunquid

2415 1489 2692 1544 desiderio
2736 1492 3042 1546 desideravi
3087 1509 3308 1547 carnem
3359 1495 3462 1549 hoc
3498 1495 3708 1550 Pascha
3755 1497 4006 1550 mandu-

2414 1596 2542 1634 care
2565 1582 2887 1637 vobismttu?
2915 1603 2933 1643 ι
2964 1585 3018 1638 lu
3054 1587 3140 1640 his
3176 1601 3480 1656 agnoscere
3508 1589 3636 1643 licet
3666 1604 3774 1644 non
3810 1589 4003 1645 solum

2416 1671 2632 1728 Tatiaui
2658 1673 2847 1729 deliria
2869 1718 2884 1742 ,
2911 1677 3005 1731 sed
3036 1678 3202 1731 etiam
3234 1678 3378 1734 illius
3408 1681 3463 1734 in
3506 1680 3890 1748 perverteudis
3924 1685 4000 1737 ad

2415 1767 2704 1821 arbitrium
2752 1769 3054 1838 Scripturis
3098 1772 3402 1837 audaciam,
3448 1773 3516 1827 de
3555 1789 3663 1843 qua
3694 1772 4009 1842 Eusebius,

735 1844 974 1912 'I‘atiani,
1003 1854 1145 1918 quod
1182 1855 1247 1908 ad
1282 1855 1678 1916 dissimillimos
1701 1879 1920 1920 errores
1953 1869 2297 1926 insinuanda!

2423 1857 2590 1923 Ilist.,
2622 1876 2695 1925 tv,
2724 1861 2814 1918 29.

734 1934 1058 1992 fabricatum
1115 1941 1318 2009 fuerat,
1372 1963 1501 2004 usos
1554 1950 1739 2007 fuisse.
1795 1961 1871 2010 Ac
1923 1960 1992 2012 de
2033 1957 2312 2019 Nazarzeis

733 2031 952 2094 quidem
980 2036 1204 2092 minime
1231 2039 1484 2105 dubium,
1518 2046 1649 2112 quin
1685 2047 1750 2099 ad
1787 2065 1918 2105 usus
1939 2067 2068 2107 suos
2093 2057 2307 2110 ascive-

735 2122 845 2175 riut
899 2141 1004 2179 non
1062 2127 1281 2185 Tatiani
1339 2133 1726 2204 Evangelium,
1797 2144 1894 2197 sed
1959 2147 2088 2200 illud
2163 2152 2308 2219 quod

733 2215 790 2268 S.
814 2214 1183 2290 Hieronymus
1205 2224 1414 2282 Graecis
1446 2245 1506 2284 ac
1534 2230 1742 2288 Latinis
1769 2234 1966 2292 litteris
1992 2240 2306 2298 illustravit.

731 2312 801 2362 At
846 2315 987 2378 quod
1032 2326 1245 2383 spectat
1281 2319 1348 2370 ad
1394 2319 1717 2390 Ebiouitas,
1758 2328 2111 2400 Evangelium
2162 2338 2305 2404 quod

729 2402 809 2457 eis
861 2407 1116 2461 attribuit
1167 2410 1500 2480 Epiphanius
1552 2419 1604 2470 in
1661 2421 1852 2475 haeresi
1907 2425 2008 2488 56,
2057 2402 2192 2494 quze
2225 2441 2308 2484 est

728 2494 1138 2563 Ehiouitarum,
1189 2503 1328 2557 idem
1376 2521 1600 2572 prorsus
1634 2513 1849 2567 videtur
1902 2532 2022 2572 esse
2068 2536 2132 2574 ac
2175 2521 2303 2575 illud

727 2585 940 2646 Tatiani
979 2593 1345 2654 diatessaron.

799 2684 857 2736 1⁸
892 2685 946 2738 In
981 2687 1306 2759 Evangelio,
1334 2699 1478 2762 quod
1508 2698 1842 2766 Epiphanius
1875 2704 2141 2759 Ehionitis
2181 2722 2304 2774 pro-

722 2775 903 2844 prium
939 2781 1118 2843 tradit,
1153 2797 1444 2850 amputatre
1479 2801 1640 2842 et'aut
1668 2793 2190 2860 genealogia:"’.'£v
2226 2798 2302 2868 τῷ

723 2867 854 2934 γοῦν
914 2872 1062 2942 παρὰ
1113 2876 1294 2940 αὐτοῖς
1340 2880 1640 2952 εὐαγγελίῳ
1683 2886 1831 2939 κατὰ
1867 2889 2167 2943 Ματθαᾶν
2197 2892 2304 2944 ὀνο-

724 2962 1036 3033 μαζομένῳ,
1058 2967 1153 3036 οὐχ
1169 2967 1274 3039 ὅλῳ
1295 2969 1349 3022 δὲ
1370 2971 1472 3042 πλη
1482 2976 1744 3046 pasti-up,
1758 2978 1892 3031 ἀλλὰ
1908 2981 2294 3053 νενοθευμένῳ,

721 3055 814 3106 καὶ
856 3059 1392 3132 ἠκρωτηριασμένῳ,
1440 3067 1725 3138 Ἐϐραικὸν
1748 3071 1802 3124 δὲ
1831 3073 1990 3127 τοῦτο
2026 3077 2298 3137 καλοῦσιν.

721 3146 1046 3217 ἐμφέρεται,
1084 3169 1134 3204 κ.
1164 3172 1212 3206 τ.
1245 3155 1292 3207 λ.
1347 3173 1364 3206 ι
1397 3156 1563 3227 Igitur
1605 3162 1657 3214 itt
1702 3178 1768 3216 eo
1797 3167 1940 3233 quod
1981 3182 2146 3233 penes
2178 3169 2298 3222 illos

2481 1949 2538 2002 5‘
2580 1951 2930 2022 Evangelimn
2981 1956 3280 2010 secundum
3334 1955 3630 2020 llebrmos,
3663 1960 3808 2028 quod
3859 1959 4005 2031 Epi-

2415 2039 2617 2105 phanio
2643 2053 2830 2095 nolunt
2862 2044 2985 2109 fuit,
3022 2062 3128 2100 non
3150 2089 3165 2112 ,
3196 2057 3256 2100 ut
3291 2048 3421 2102 illud
3449 2050 3592 2118 quod
3622 2048 4006 2122 Hieronymus

2415 2134 2806 2203 interpretatus
2847 2147 2969 2200 est,
3016 2139 3133 2193 solo
3168 2139 3405 2195 Matthaai
3445 2151 3702 2197 contextu
3737 2147 4004 2201 contine-

2414 2223 2606 2289 batur;
2675 2230 2768 2282 sed
2834 2230 2992 2296 plane
3054 2241 3109 2284 ut
3172 2233 3523 2304 Evangelium
3590 2235 3807 2291 Tatiani
3867 2239 4008 2292 Δια-

2413 2319 2727 2387 τεσσάρων,
2759 2337 2823 2374 cx
2858 2323 2978 2377 aliis
3025 2327 3482 2395 evangelistarum
3510 2326 3644 2383 locis
3671 2328 3869 2383 callide
3903 2346 4007 2385 as-

2411 2411 2548 2462 sutis
2585 2414 2891 2470 constabat.
2945 2413 3241 2486 Perspicua
3295 2435 3382 2474 res
3426 2432 3510 2476 est
3549 2431 3663 2476 tum
3708 2437 3776 2477 ex
3824 2424 4006 2478 Lucae

2414 2503 2635 2566 verbis,
2666 2520 2788 2572 qum
2831 2505 2990 2560 modo
3038 2509 3090 2561 in
3143 2510 3245 2564 hoc
3290 2509 3588 2580 Evangelio
3631 2513 3868 2584 maligne
3901 2515 4006 2569 de-

2414 2603 2553 2645 torta
2595 2596 2864 2660 vidimus,
2905 2608 3017 2652 tmn
3068 2616 3132 2655 ex
3169 2602 3278 2655 alio
3326 2605 3674 2672 testimonio,
3727 2608 3874 2672 quod
3925 2608 4008 2661 ab

2411 2687 2716 2756 Epiphanio
2767 2694 3114 2761 appositum,
3149 2712 3202 2748 n.
3233 2696 3331 2760 l3,
3385 2698 3584 2767 partim
3613 2713 3678 2753 ex
3710 2696 4002 2766 Matthxi,

2410 2781 2606 2846 partim
2637 2795 2702 2833 ex
2726 2780 2891 2836 Marci
2917 2793 2971 2837 et
3003 2783 3160 2840 Luca:
3187 2786 3368 2840 verbis
3409 2785 3697 2842 conllatnm
3730 2797 3834 2840 est.

2479 2871 2534 2924 4ο
2572 2872 2628 2926 In
2661 2876 2850 2926 eodem
2897 2878 3198 2930 secundum
3251 2878 3509 2933 Hebrmos
3543 2878 3838 2948 Evangelia
3883 2885 3999 2934 Da-

2407 2966 2640 3029 ptismus
2692 2966 2894 3020 Christi
2942 2969 3308 3032 describitur,
3357 2980 3415 3024 ut
3460 2972 3601 3040 apud
3657 2975 3998 3042 magistrum

2407 3053 2617 3108 Tatiani
2653 3055 2923 3112 Justinum
2951 3075 2964 3112 :
3001 3059 3084 3112 ha:
3114 3058 3288 3112 Patris
3316 3075 3475 3114 voces
3508 3062 3710 3115 audita:
3745 3078 3998 3118 narran-

2406 3160 2546 3201 tur:
2603 3149 2713 3217 Ego
2760 3151 2915 3204 hodie
2963 3154 3121 3221 genui
3173 3166 3222 3208 te
3243 3156 3322 3207 "z
3373 3173 3628 3228 maguum
3687 3156 3870 3214 lumen
3930 3160 3995 3215 in

720 3244 802 3287 est.
849 3238 1082 3295 Matthzei
1118 3244 1436 3315 Evangelia,
1471 3250 1645 3318 inquit
1699 3270 1818 3320 cap.
1859 3255 1947 3319 15,
1980 3275 2295 3328 quanquam

2403 3239 2641 3297 Jordane
2670 3243 2872 3299 dicitur
2904 3244 3198 3302 aliulsisse.

722 3343 788 3379 ne
819 3329 1087 3399 integrum
1117 3337 1336 3403 quidem
1377 3341 1508 3396 illud
1539 3344 1761 3411 habent,
1793 3351 1888 3401 sed
1928 3352 2292 3407 adulteratum

720 3435 783 3470 ac
833 3423 1118 3489 mutilum,
1153 3428 1314 3495 idque
1361 3431 1534 3498 ipsum
1587 3432 1915 3493 Hebraicutn
1956 3455 2176 3504 vocant,
2222 3445 2294 3496 ita

721 3511 983 3576 scriptum
1015 3525 1116 3574 est.
1144 3527 1250 3572 etc.
1284 3539 1300 3570 ι
1340 3520 1398 3572 Et
1437 3522 1574 3574 infra
1600 3527 1640 3556 ⁸⁸
1671 3543 1682 3574 :
1719 3529 1991 3600 Κήρινοος
2020 3535 2110 3585 καὶ
2149 3536 2298 3605 Καρ-

722 3603 930 3673 πόκρας
968 3607 1042 3676 τῷ
1067 3609 1215 3678 αὐτῷ
1246 3611 1516 3682 χρώμενοι
1550 3615 1706 3687 δῆθεν
1743 3625 1871 3692 παρ’
1908 3624 2090 3688 αὐτοῖς
2125 3627 2298 3695 Εὐαγ-

718 3693 882 3763 γελίῳ
912 3697 1016 3748 ἀπὸ
1039 3700 1136 3762 τῖς
1166 3703 1338 3772 ἀρχῆς
1362 3705 1452 3757 τοῦ
1481 3711 1616 3762 κατᾶ
1655 3712 1927 3766 Ματοαῖον
1955 3717 2293 3786 εὐαγγελίου,

715 3785 805 3839 διὰ
843 3788 937 3857 τῆς
978 3793 1326 3861 γε“.·εα>.(ιγέας
1358 3797 1640 3865 βούλονται
1685 3810 1956 3878 rapta-1.1V
2007 3813 2070 3862 ἐκ
2134 3816 2295 3885 σπέρ-

721 3899 889 3948 ματος
931 3885 1123 3955 Ἰωσὴφ
1165 3888 1256 3940 καὶ
1294 3891 1512 3960 Magia;
1554 3889 1688 3946 εἶναι
1727 3897 1818 3949 τὸν
1851 3900 2100 3970 Χριστόν.
2139 3901 2295 3958 Οὗτοι

716 3975 773 4026 δὲ
825 3977 958 4030 ἄλλοι
1005 3980 1126 4031 τινὰ
1157 3981 1510 4037 διανοοῦνται.
1568 3989 1990 4058 Πειρακόψαντες
2045 3997 2154 4067 γὰρ
2200 4003 2294 4062 τὰς

719 4072 870 4142 παρᾶ
902 4071 978 4141 τῷ
1007 4073 1268 4144 Ματοαέῳ
1299 4078 1664 4146 γενεαλνιγὶας,
1700 4083 1959 4151 ἄρχονται
1993 4090 2091 4159 τὴν
2123 4092 2295 4162 ἀρχὴν

719 4165 1011 4227 ποιεῖσθαι,
1043 4166 1117 4230 ὡς
1149 4172 1428 4239 προεῖπον.
1469 4190 1485 4220 ι
1518 4174 1808 4228 Ccriuthus
1835 4180 1976 4230 enim
2011 4194 2058 4234 et
2087 4183 2293 4253 Carpo-

717 4267 895 4308 crates
925 4260 1111 4311 eodem
1143 4258 1399 4323 Matthaei,
1437 4275 1491 4315 ut
1520 4266 1738 4332 quidem
1763 4270 1968 4334 volunt,
1997 4273 2292 4344 Evangelia

716 4352 838 4402 l‘reti
871 4390 884 4412 ,
921 4367 986 4404 ex
1025 4353 1143 4418 ejus
1179 4353 1337 4405 initio
1363 4357 1682 4424 Christique
1711 4365 2026 4434 genealogia
2059 4369 2292 4434 probare

718 4442 988 4508 nituntur,
1015 4445 1294 4498 Christum
1327 4462 1356 4498 c
1389 4446 1614 4518 Josephi
1639 4463 1694 4505 et
1718 4452 1901 4511 Maria:
1928 4461 2138 4514 semine
2169 4476 2291 4516 esse

714 4546 1082 4602 procreatmu.
1138 4539 1214 4592 Illi
1269 4542 1606 4617 (Ebiouitm)
1647 4560 1836 4602 contra
1886 4553 2111 4606 oumino
2166 4565 2284 4607 sta-

714 4638 891 4681 tutmt.
925 4628 1059 4682 Nam
1091 4634 1237 4685 onmi
1284 4637 1595 4706 genealogia
1638 4652 1912 4709 amputata
1949 4645 2110 4708 inde,
2142 4649 2282 4701 unde

713 4721 993 4784 diximus,
1043 4724 1258 4777 initium
1305 4730 1529 4783 ducunt.
1562 4752 1579 4782 ι
1622 4733 1856 4786 Deerant
1901 4751 2031 4805 ergo
2085 4738 2138 4789 iu
2190 4739 2280 4792 illo

712 4817 1005 4868 secundum
1043 4818 1295 4873 llehrzeos
1328 4821 1623 4892 Evangelio
1655 4829 2005 4897 genealogiae,
2048 4847 2184 4898 quas
2213 4851 2277 4886 ex

708 4906 1006 4978 Evangelii)
1048 4915 1460 4983 Διατεπῖσάρων.
1496 4928 1546 4969 ιιι
1579 4935 1699 4986 qua:
1733 4919 1944 4973 'l'atiani
1977 4924 2169 4976 Itzercsi
2198 4926 2280 4977 itt-

707 5008 1141 5069 commodarent,
1170 5019 1476 5077 atnputatas
1509 5011 1675 5066 fuisse
1709 5013 2086 5070 Theodoretus
2112 5027 2278 5071 testa-

710 5108 817 5157 tttt',
855 5097 945 5151 lib.
981 5114 996 5151 t
1037 5099 1234 5154 eret.
1270 5102 1403 5169 [πίω
1429 5119 1476 5156 c.
1507 5104 1596 5157 Ξῖ).

777 5189 836 5240 ‘2'
893 5189 946 5241 lu
994 5190 1185 5244 coda-tn
1237 5193 1612 5248 Ebionitarum
1665 5199 1779 5251 sive
1828 5203 2126 5255 secundum
2178 5203 2278 5257 Ile-

710 5285 884 5336 Isrceos
911 5283 1205 5350 Evangelio
1240 5287 1407 5338 multa
1430 5289 1531 5338 alia
1566 5294 1933 5345 occurrebant
1969 5295 2034 5345 ad
2058 5295 2273 5348 Tatiani

711 5372 778 5424 de
813 5372 930 5439 lege
961 5374 1122 5427 Musis
1155 5384 1205 5425 et
1237 5378 1300 5428 de
1339 5378 1653 5432 animalium
1681 5399 1780 5434 Ihll
1813 5398 2031 5437 errores
2059 5402 2276 5439 aecum--

707 5468 946 5518 tnotlata.
999 5469 1090 5521 Sic
1122 5469 1446 5536 loquebatur
1479 5475 1733 5528 Christus
1786 5477 1840 5532 ilt
1886 5478 1987 5529 hoc
2035 5479 2278 5546 Evange—

704 5559 776 5612 iio
802 5558 841 5590 "
875 5574 890 5613 :
931 5562 1053 5612 Ὅτι.
1098 5557 1261 5614 ἷτλῢον
1307 5567 1601 5619 καταλῦσαι
1647 5568 1743 5629 τὰς
1780 5569 2000 5630 Θυσίας,
2052 5571 2142 5622 7.2".
2184 5571 2276 5622 ἐὰν

773 5723 819 5753 ³⁸
849 5723 980 5789 Cap.
1035 5725 1097 5776 12
1124 5734 1174 5776 ('l
1207 5725 1288 5777 I5.
1426 5731 1464 5755 "
1509 5729 1704 5780 iizt'l't'S.
1751 5731 1826 5785 ξεί,
1853 5752 1912 5780 t'..
1951 5735 1990 5784 I.

709 5791 787 5845 II).
867 5795 905 5824 ²⁶
943 5794 1109 5848 Matth
1167 5812 1312 5862 uti,
1359 5798 1438 5850 I7.
1524 5804 1562 5826 '-"
1599 5804 1714 5854 .‘nt.
1754 5818 1868 5869 xm,
1897 5803 1983 5856 3.3.
2075 5810 2107 5829 ’³
2143 5807 2275 5858 Elm-

2125 5737 2162 5765 τέ
2201 5734 2399 5787 ιιι-ινδ.
2434 5740 2522 5802 3a,
2554 5757 2600 5790 ‹·.
2640 5742 2720 5794 ιδ.

2375 5808 2398 5817 ο.

2376 5813 2438 5839 η
2580 5813 2631 5833 ,,

2375 5813 2660 5866 .r,n.lt.

2473 3359 2656 3412 Sensit
2692 3359 3027 3429 Epiphanius
3061 3366 3229 3418 multa
3281 3382 3404 3422 esse
3446 3370 3498 3423 in
3531 3370 3638 3424 hoc
3686 3371 3997 3444 Evangelia

2399 3466 2520 3504 Cum
2571 3451 2837 3508 Ebiuuitis
2869 3461 3162 3524 pugnantia
3181 3460 3250 3511 ⁸³.
3284 3459 3416 3516 Nam
3444 3479 3566 3517 cum
3596 3465 3876 3521 Christum
3907 3471 3990 3524 ab

2399 3544 2477 3594 cis
2508 3543 2809 3611 simplicem
2855 3546 3130 3601 hominem
3172 3551 3481 3608 existimari
3529 3556 3730 3621 sciret,
3780 3561 3985 3614 mirari

2399 3633 2533 3686 satis
2566 3648 2669 3686 non
2698 3646 2932 3699 poterat,
2959 3654 3056 3688 cur
3090 3639 3203 3694 hzrc
3233 3642 3438 3698 Christi
3484 3645 3651 3699 verba
3681 3663 3695 3698 :
3726 3645 3860 3712 Qua:
3902 3663 3989 3704 est

2401 3733 2564 3775 mater
2593 3742 2704 3776 mea
2736 3736 2780 3777 et
2816 3727 3011 3792 fratres
3045 3731 3142 3783 mei
3157 3733 3200 3762 “
3217 3733 3240 3784 ?
3273 3735 3324 3786 in
3367 3735 3510 3789 hunc
3556 3752 3710 3791 usum
3743 3739 3983 3795 adhibe-

2401 3825 2556 3880 rent,
2593 3819 2954 3872 utChristum
3007 3825 3302 3890 probarent
3351 3829 3629 3882 hominem
3661 3847 3768 3885 non
3816 3846 3984 3898 esse,

2399 3909 2490 3960 sed
2523 3924 2616 3963 eos
2649 3913 2875 3977 putabat
2921 3928 3106 3966 secum
3165 3918 3305 3983 ipsos
3337 3935 3601 3989 pugnare.
3642 3924 3712 3977 At
3747 3925 3990 3979 incredi-

2399 3999 2522 4052 bilis
2540 4011 2621 4053 est
2641 4010 2789 4054 tanta
2811 4003 3201 4069 inconstantia,
3231 4021 3287 4059 ut
3315 4011 3566 4064 emndem
3594 4023 3648 4066 et
3679 4015 3981 4071 hominem

2396 4107 2463 4142 ex
2495 4092 2802 4148 homiuilms
2832 4096 3074 4163 genitum
3129 4101 3404 4166 dixerint,
3454 4115 3505 4156 ct
3538 4106 3810 4160 hominem
3846 4124 3984 4164 esse

2398 4186 2734 4250 negaverint.
2764 4185 2926 4240 Multa
2964 4190 3068 4243 alia
3121 4185 3390 4249 libio'uitis
3433 4198 3682 4252 attribuit
3733 4199 3979 4269 Epipha-

2395 4277 2540 4339 nius,
2572 4292 2695 4329 cum
2727 4283 3094 4358 ea'opiniouc,
3125 4303 3285 4352 quam
3347 4291 3412 4343 de
3453 4291 3556 4343 illis
3589 4303 3698 4345 tota
3727 4295 3982 4363 antiqui-

2396 4379 2479 4421 tas
2524 4373 2848 4433 coulirmat,
2883 4376 3105 4431 omnino
3145 4383 3462 4447 pugnantia.
3503 4384 3812 4441 Detestatos
3859 4387 3974 4444 illis

2392 4473 2510 4514 csse
2542 4478 2730 4515 otnncs
2761 4466 3053 4533 prophetas
3079 4470 3340 4535 declarat,
3397 4492 3450 4526 ιι.
3485 4474 3571 4527 i5.
3609 4477 3673 4528 Αι
3701 4494 3820 4546 qua:
3846 4491 3975 4532 sunt

2392 4552 2702 4619 prop/retire,
2733 4557 2775 4608 si
2807 4557 3008 4613 Irenazo
3041 4564 3332 4630 credimus,
3387 4567 3480 4620 lih.
3509 4585 3548 4634 ι,
3576 4585 3626 4622 c.
3665 4571 3755 4635 9.6,
3791 4575 3969 4627 curio-

2389 4645 2499 4696 sius
2541 4660 2797 4712 «ponere
2826 4653 3160 4707 nitebantur.
3192 4655 3355 4710 Addit
3394 4660 3730 4728 Epiphanius
3761 4678 3856 4718 eos
3898 4665 3969 4720 ab

2391 4741 2642 4795 otnnilms
2670 4746 2924 4799 animatis
2947 4787 2960 4810 ,
2995 4760 3278 4817 propterea
3306 4757 3448 4820 quod
3478 4770 3507 4807 e
3539 4759 3824 4811 concubitu
3874 4778 3973 4830 ge-

2391 4835 2501 4884 nita
2536 4846 2694 4896 sunt.
2726 4839 3027 4900 abstinere.
3059 4857 3195 4908 aqua
3237 4853 3441 4896 tantum
3477 4846 3527 4898 in
3563 4850 3838 4918 mysteriis
3871 4869 3967 4926 ee-

2391 4925 2660 4978 lcbraudis
2719 4929 2832 4992 uti,
2890 4945 2953 4983 ac
3005 4933 3146 4985 inter
3199 4933 3382 4987 Jcsum
3456 4955 3520 4991 ac
3569 4939 3848 4995 Christum
3886 4925 3969 4999 “id

2388 5017 2717 5073 discriminis
2748 5038 2969 5087 ponere,
3011 5027 3366 5081 utChristum
3414 5031 3504 5083 Dei
3552 5031 3744 5089 Filium
3788 5038 3843 5090 in
3872 5035 3966 5093 Je-

2385 5127 2503 5162 sum
2542 5112 2886 5168 descendisse
2931 5116 3134 5171 dicant.
3185 5121 3420 5175 Credere
3467 5126 3718 5192 equidem
3773 5129 3964 5183 malim

2390 5203 2673 5259 Ebiouwos
2723 5209 2789 5260 ab
2839 5209 3136 5276 Epiphanio
3168 5228 3299 5264 cum
3350 5215 3596 5270 Cerinthi
3636 5229 3729 5272 aut
3759 5217 3965 5288 Carpo-

2388 5299 2558 5351 cratis
2599 5309 2692 5351 aut
2722 5300 2841 5353 aliis
2878 5302 3141 5366 ejusmodi
3189 5306 3354 5358 Sectis
3403 5309 3694 5375 confundi,
3729 5330 3848 5379 qum
3875 5313 3964 5369 Je-

2387 5404 2507 5441 sum
2540 5392 2758 5457 quidem
2799 5393 3068 5445 ltotniucm
3118 5410 3181 5447 ex
3228 5398 3538 5452 hominibus
3567 5405 3807 5468 genitum
3840 5421 3960 5459 esse

2386 5477 2660 5542 dicebant,
2691 5484 2784 5535 sed
2817 5500 2936 5537 cunt
2970 5487 3245 5541 Christqu
3277 5493 3665 5557 impassihilem
3697 5512 3818 5550 esse
3845 5508 3958 5550 sta-

2390 5581 2602 5624 tuerent
2629 5613 2642 5637 ,
2673 5589 2735 5626 ac
2767 5575 2931 5628 Deum
2962 5581 3161 5633 veteris
3214 5586 3522 5638 testamenti
3556 5597 3609 5638 et
3642 5586 3958 5646 Creatorem

2836 5747 2875 5772 '“
2903 5743 2963 5796 Ν.
3004 5747 3086 5799 li.
3201 5751 3238 5773 "‘
3272 5747 3333 5801 Ν.
3374 5752 3464 5805 ‘22.
3575 5754 3616 5782 π
3653 5754 3780 5810 Luc.
3819 5769 3952 5821 nti,

2740 5817 2777 5843 τί
2839 5815 3026 5868 Matth.
3073 5833 3164 5880 Ml,
3232 5819 3311 5874 ιδ.
