4140 6416
177 332 275 385 εει

179 545 342 597 tiano
371 545 699 608 habuerunt,
730 556 794 595 ac
818 539 936 608 ejus
961 537 1256 608 Evangelio
1280 552 1386 590 non
1410 533 1754 588 incommode

178 639 252 687 ad
283 651 506 689 errores
540 651 665 688 suos
693 634 768 687 uti
810 640 1122 700 potuerunt.

259 729 374 782 VII.
415 727 594 782 Facile
641 724 966 780 crediderim
1019 723 1149 777 illud
1184 722 1347 776 etiam
1386 719 1754 789 Evangelium,

182 824 337 889 quod
371 820 664 873 secundum
713 817 935 870 Petrum
986 814 1296 876 dicebatur,
1333 811 1544 865 Tatiani
1576 810 1754 864 Evan-

183 912 332 981 gelio
363 912 637 965 diversum
683 924 792 963 non
827 921 969 962 esse.
1015 905 1250 974 Tempus
1282 913 1336 957 et
1383 919 1470 956 res
1501 903 1630 970 ipsae
1662 903 1761 953 mi-

187 1006 346 1058 riﬁce
373 1002 720 1063 conveniunt,
767 1011 822 1053 ut
851 1001 1111 1053 discimus
1144 1013 1208 1051 ex
1246 995 1561 1050 testimonio
1598 992 1759 1046 Scra-

186 1096 374 1162 pionis
395 1093 718 1148 Antiocheni
745 1092 978 1160 episcopi
1009 1091 1145 1158 apud
1183 1087 1475 1141 Eusebium
1501 1129 1515 1153 ,
1549 1101 1629 1147 vr,
1666 1083 1754 1136 I2.

188 1185 239 1237 Is
288 1198 584 1252 antequam
631 1184 757 1237 illud
809 1183 950 1235 Petri
1004 1180 1353 1248 Evangelium
1407 1194 1500 1245 per
1543 1193 1601 1230 se
1649 1176 1762 1244 ipse

188 1277 602 1340 examinasset,
663 1275 982 1344 permiserat
1021 1283 1076 1324 ut
1110 1271 1378 1341 legeretur
1423 1272 1478 1324 in
1520 1268 1759 1337 parmcia

191 1368 534 1430 Ithnssensi,
578 1381 643 1419 nc
676 1367 815 1418 forte
855 1365 1174 1427 discordiae,
1219 1363 1418 1430 quibus
1475 1361 1758 1413 materiam

191 1457 424 1508 dederat
477 1453 604 1506 illud
648 1453 1032 1520 Evangelium,
1065 1453 1348 1521 graviores
1397 1449 1612 1504 ﬁerent.
1655 1447 1760 1502 Sed

192 1557 485 1612 postquam
537 1543 666 1597 illud
714 1543 980 1612 perlegit,
1028 1544 1082 1598 in
1125 1542 1358 1613 gratiam
1395 1555 1619 1603 eorum,
1667 1539 1756 1607 qui

191 1637 408 1703 decepti
441 1637 692 1698 fuerant,
732 1635 931 1690 librum
962 1633 1310 1705 composuit,
1343 1634 1395 1686 in
1427 1647 1534 1700 quo
1565 1632 1643 1685 sic
1681 1629 1760 1684 lo-

1201 325 1262 381 D.
1301 323 1566 378 MARANI
1595 318 1984 375 PBASFATIO.
2017 351 2084 359 —
2112 316 2292 370 PARS
2326 312 2410 368 Ill.

177 453 372 505 nit-udi
421 457 836 513 aversarentur,
869 447 1162 515 plurimum
1195 444 1473 499 afﬁnitatis
1501 458 1622 496 cum
1653 441 1759 494 Ta-
1788 444 1835 502 Α

3332 308 3437 362 18⁸3

2438 431 2668 490 CAPUT
2708 429 2820 483 XIII

2148 557 2220 608 De
2252 554 2406 623 gestis
2433 562 2479 604 et
2508 547 2724 618 scripti:
2756 545 3134 612 Athenagorm.

1862 664 1904 712 Ι.
1925 665 2288 713 Testimonium
2307 660 2531 723 Philippi
2544 656 2730 705 Sidetaa
2752 652 2817 702 de
2841 652 3159 723 Athenagora
3200 647 3445 723 expetit}!-

1927 705 2793 774 titvrT-l—liTAunide—tnir.‘thenagoras
2834 725 2889 761 ac
2930 705 3333 774 Athénogeties._
3351 705 3439 756 III.

1923 753 3442 848 X’gsiagiﬂs"23'“osiita:ﬁttiﬁaraig'aiigaasnaggara;

1925 831 2192 897 ἦιῖιέιὸζίϊῡ.
2215 831 2392 895 ablata
2417 855 2545 892 anno
2585 839 2693 900 176,
2716 851 2812 885 nec
2851 831 3010 900 solum
3054 831 3252 892 scripta.
3281 831 3340 880 V.
3367 833 3442 880 De

1926 911 2023 959 alio
2047 910 2182 958 illius
2205 908 2348 964 libro,
2371 903 2455 967 qui
2481 901 2643 952 estde
2664 898 3032 950 resurrectione
3055 899 3378 944 mortuorum.

1935 1016 1975 1068 l.
2036 1016 2438 1083 Athenagoram
2481 1007 2874 1062 Atheniensem
2933 1019 2999 1057 ac
3057 990 3444 1071 phiIOSOphum

1863 1109 2030 1162 fuisse
2074 1108 2274 1160 indicat
2319 1104 2436 1172 ejus
2476 1114 2704 1170 opermn
2739 1097 2944 1151 titulus.
2983 1094 3061 1148 De
3110 1091 3270 1147 rebus
3301 1091 3446 1146 illius

1862 1201 2028 1271 gestis
2069 1214 2175 1252 non
2210 1196 2483 1250 uberrima
2515 1203 2599 1249 est
2633 1190 2848 1246 dicendi
2884 1203 3066 1258 seges,
3117 1201 3238 1241 cum
3275 1185 3446 1252 ipsius

1865 1307 2059 1345 nanien
2114 1301 2251 1359 pene
2287 1285 2496 1341 oblivio
2536 1281 2827 1337 deleverit.
2864 1279 3000 1332 Nam
3035 1278 3078 1332 si
3112 1275 3445 1330 Methodinm

1865 1395 2155 1454 martyrem
2187 1391 2241 1436 et
2272 1374 2852 1446 PhilippumSidetam
2899 1368 3144 1438 excipias
3165 1407 3180 1432 ,
3209 1381 3445 1437 quorum

1863 1478 2000 1531 alter
2033 1490 2194 1528 unam
2227 1472 2467 1540 aliquam
2517 1468 2888 1535 Athenagora:
2929 1462 3260 1519 sententiam
3304 1459 3449 1526 apud

1863 1565 2226 1636 Epiphaniam
2263 1542 2456 1619 haeres.
2486 1559 2573 1622 64,
2624 1569 2677 1613 et
2720 1557 2970 1610 Photium
3005 1556 3130 1609 cod.
3157 1553 3263 1606 224
3295 1548 3448 1612 citat,

1866 1659 2004 1712 alter
2036 1661 2101 1711 de
2131 1657 2224 1710 illo
2261 1655 2499 1711 breviter
2527 1663 2582 1708 et
2611 1650 2767 1721 quasi
2805 1649 3078 1702 transiens
3109 1651 3319 1697 locutus
3343 1651 3447 1702 est,

191 1728 465 1797 quebatur
495 1743 510 1780 :
553 1728 913 1798 Ἐδυνήθημεν
945 1727 1053 1801 γὰρ
1091 1726 1222 1798 παρ’
1257 1725 1429 1778 ἄλλων
1453 1723 1562 1777 τῶν
1595 1724 1763 1792 ἀσκη-

207 1822 255 1837 νγ.
508 1820 531 1829 -
661 1821 674 1837 .
710 1822 771 1837 η,
906 1820 942 1837 ,ς
1121 1835 1165 1837 η
1215 1817 1313 1837 .__,
1349 1817 1492 1837 __‘,_
1518 1815 1622 1837 ,κη
1658 1815 1737 1837 ,ω

1879 1753 2035 1808 altum
2078 1751 2144 1804 de
2179 1749 2280 1802 hoc
2311 1745 2514 1801 eximio
2545 1742 2815 1808 scriptore
2863 1738 2916 1791 in
2974 1747 3082 1790 tota
3126 1733 3451 1802 antiquitate

195 1822 408 1872 σάντων
440 1820 597 1873 τοῦτο
628 1821 685 1874 τὸ
709 1820 1056 1889 Εὐατγέλιον,
1079 1817 1320 1872 τουτέστι
1344 1817 1495 1888 παρὰ
1515 1815 1622 1868 τῶν
1654 1815 1767 1868 δια-

193 1913 371 1983 δόχων
399 1912 504 1966 τῶν
535 1912 954 1984 καταρξαμένων
980 1910 1143 1964 αὐτοῦ
1165 1951 1178 1970 ,
1203 1909 1296 1971 οὓς
1313 1908 1555 1978 Δοκητὰς
1581 1905 1770 1960 καλοῦ-

199 2021 300 2072 μεν
342 2005 442 2073 (τὰ
475 2005 582 2074 γὰρ
623 2003 842 2056 πλείονα
876 2003 1198 2076 φρονήματα
1243 2000 1465 2053 ἐκείνων
1507 1998 1622 2052 ἐστὶ
1669 1997 1768 2066 τῆς

194 2096 571 2166 διδασκαλίας)
606 2095 938 2168 χρησάμενοι
981 2094 1110 2165 παρ’
1159 2091 1336 2146 αὐτῶν
1369 2090 1598 2143 διελθεῖν
1621 2107 1635 2119 ·
1678 2089 1769 2141 καὶ

197 2191 384 2259 εὗρεῖν
406 2189 474 2243 τὰ
500 2190 595 2260 μὲν
618 2188 839 2240 πλείονα
869 2187 963 2240 τοῦ
994 2185 1155 2258 ὀρθοῦ
1188 2185 1345 2253 λόγου
1373 2183 1467 2237 τοῦ
1494 2183 1768 2254 Σωτῆρος,

197 2281 323 2333 τινὰ
366 2279 423 2332 δὲ
462 2279 986 2350 προσδιεσταλμένα,
1032 2278 1067 2331 ἂ
1098 2278 1190 2331 καὶ
1243 2277 1588 2347 ὑπετάξαμεν
1621 2277 1767 2346 ὑμῖν.

201 2390 222 2421 ι
257 2370 484 2423 Mutnati
514 2373 657 2423 enim
685 2371 1055 2440 supradictum
1091 2369 1440 2439 Evangeliunt
1467 2367 1534 2422 ab
1563 2367 1647 2437 iis,
1681 2368 1769 2436 qui

199 2463 332 2516 illud
379 2479 479 2515 usu
528 2475 580 2516 et
615 2463 1002 2517 exercitatione
1052 2469 1476 2530 promovcrnnt,
1515 2460 1568 2513 id
1615 2469 1697 2514 est
1745 2473 1773 2511 a

203 2555 616 2609 successoribus
666 2570 856 2609 eorum
910 2556 998 2622 qui
1049 2554 1176 2607 illud
1221 2554 1342 2607 incu
1371 2563 1592 2621 ,ροιιιιιμ
1641 2566 1778 2620 quos

203 2647 434 2699 boeetas
466 2661 723 2699 vocamus
775 2652 939 2714 (sunt
982 2645 1125 2698 enim
1175 2644 1448 2712 pleneque
1495 2642 1778 2696 sentcntiae

197 2751 267 2787 ex
315 2751 500 2789 eorum
527 2738 800 2804 doctrina)
833 2737 1042 2805 legendi
1071 2736 1282 2802 copiam
1313 2737 1456 2789 nacti
1489 2750 1694 2800 sumus,
1729 2745 1781 2788 et

197 2828 661 2898 deprehendimus
689 2831 903 2899 quidem
953 2831 1005 2882 in
1051 2830 1324 2898 plerisque
1355 2838 1559 2882 rectam
1593 2828 1780 2880 Salva-

203 2919 343 2971 toris
372 2919 676 2972 doctrinam
708 2958 723 2984 ,
755 2921 846 2972 sed
881 2932 1055 2971 tamen
1087 2922 1298 2974 detorta
1345 2933 1466 2975 esse
1498 2919 1782 2997 nonnulla,

201 3027 324 3079 qua:
343 3023 397 3064 et
425 3014 578 3067 vobis
603 3013 954 3081 διιὶιῙρείιιιιιε.
987 3030 1006 3063 ›
1043 3011 1330 3078 Serapion,
1364 3011 1454 3080 qui
1485 3009 1781 3064 Ecclesiam

1869 1843 2169 1898 silentium.
2198 1839 2394 1894 Debuit
2429 1849 2609 1892 tamen
2646 1833 2796 1886 illius
2833 1831 2974 1884 fama
3009 1827 3176 1881 latius
3203 1839 3449 1887 manare,

1871 1937 1916 1991 si
1948 1948 2073 1988 vera
2117 1943 2244 1987 sunt
2289 1945 2409 2000 qua:
2439 1929 2695 2000 perhibet
2729 1923 3015 1992 Philippus
3047 1918 3234 1973 Sideta
3256 1957 3272 1981 ,
3315 1929 3453 1985 prac-

1871 2025 2037 2080 fuisse
2072 2024 2221 2078 illum
2251 2021 2452 2076 schola:
2495 2016 2899 2079 Alexandriam,
2929 2013 3092 2080 eique
3117 2010 3170 2062 in
3198 2009 3300 2063 hoc
3334 2021 3456 2060 mu-

1875 2132 2004 2172 nere
2053 2113 2378 2183 discipulum
2420 2111 2759 2166 Clementem
2796 2100 3152 2160 successisse.
3194 2098 3456 2152 Refertur

1877 2209 1979 2263 hoc
2022 2204 2391 2261 testimonium
2425 2199 2660 2268 Philippi
2712 2195 2912 2252 Sidetae
2961 2194 3014 2248 in
3066 2189 3300 2262 quodam
3344 2186 3457 2241 fra-

1877 2307 2131 2369 gmento,
2176 2296 2320 2364 quod
2364 2309 2432 2348 ex
2487 2290 2778 2360 Nicephori
2830 2284 3078 2348 Callisti,
3131 2290 3190 2336 ut
3234 2276 3459 2348 conjicit

1880 2388 2180 2444 Dodwcllus
2203 2427 2218 2449 ,
2251 2385 2508 2454 eperibus
2530 2389 2855 2450 excerptum
2886 2378 2953 2431 ad
2987 2374 3197 2431 calcem
3246 2371 3460 2425 disser-

1883 2483 2142 2536 tationuut
2178 2476 2438 2533 Dodtvclli
2474 2476 2526 2529 in
2557 2473 2824 2528 Irenaeum
2858 2469 3078 2539 legitur.
3130 2463 3220 2518 Sic
3256 2463 3460 2517 habent

1879 2592 2000 2646 quae
2037 2577 2103 2630 (le
2132 2574 2478 2641 Athenagora
2521 2570 2596 2625 ibi
2641 2568 2898 2622 dicuntur
2924 2580 2940 2619 :
2963 2561 3078 2615 Καί
3107 2575 3241 2634 φησι
3272 2556 3462 2610 Φίλιπ-

1882 2685 1982 2731 πος
2012 2668 2040 2720 ὁ
2073 2663 2298 2736 Σιδητὴς
2331 2665 2387 2717 ὲν
2416 2661 2559 2731 λόγῳ
2590 2660 2666 2713 κδ’
2694 2677 2707 2690 ·
2747 2656 2882 2710 «Τοῦ
2904 2651 3274 2709 διδασκαλείου
3289 2650 3383 2704 τοῦ
3400 2653 3463 2704 ὲν

1897 2756 2268 2830 Ἀλεξανδρείᾳ
2316 2755 2683 2825 Ἀθηναγόρας
2730 2749 2947 2822 πρῶτος
2990 2749 3267 2820 ἡγήσατο,
3321 2742 3464 2798 κατὰ

1883 2854 2011 2914 τοὺς
2063 2851 2286 2922 χρόνους
2329 2848 2586 2918 ἀκμάσας
2636 2841 2914 2916 Ἀδριανοῦ
2973 2841 3066 2895 καὶ
3123 2836 3461 2899 Ἀντωνίνον,

1885 2940 1965 3008 οἷς
1993 2945 2085 2997 καὶ
2104 2943 2192 2996 τὸν
2219 2942 2358 3013 ὑπὲρ
2387 2936 2728 3010 Χριστιανῶν
2758 2931 3152 3010 πρεσϐευτικδν
3177 2926 3465 3001 προσεφώ-

1887 3054 2075 3110 νησεν·
2113 3037 2251 3107 ἀνὴρ
2301 3036 2358 3087 ὲν
2393 3033 2540 3102 αὑτῷ
2572 3028 2944 3103 χριστιανίσας
2989 3024 3068 3096 τῷ
3111 3023 3335 3097 τρίϐωνι.
3369 3019 3465 3072 καὶ

202 3102 596 3156 Antiochenam
653 3103 792 3155 rexit
839 3102 904 3154 ab
937 3118 1080 3155 anno
1127 3101 1228 3154 l90
1274 3118 1441 3169 usque
1472 3101 1537 3153 ad
1572 3115 1768 3151 annum

1879 3130 1972 3200 τῆς
2021 3125 2424 3196 Ἀκαδημαϊκῆς
2459 3123 2654 3194 σχολῆς
2686 3119 3104 3192 προϊστάμενος.
3150 3111 3318 3178 Οὗτος
3357 3111 3466 3184 πρὸ

1884 3156 1969 3196 θῇς,
2034 3156 2422 3196 λὶιῑυιηδηαυιιδι,
2459 3156 2651 3194 utﬁunt”
2694 3156 2845 3192 ιυίιυιυ
2863 3156 3104 3188 δάμϋγνὶο

203 3193 336 3256 ΞΗ,
360 3195 588 3263 degebat
618 3209 739 3247 cum
767 3193 976 3249 Τειιὶαηί
1005 3193 1433 3250 successoribus.
1463 3191 1527 3247 Ut
1555 3191 1766 3244 Tatiani

206 3285 584 3347 diatessaron,
630 3283 703 3336 ita
735 3285 864 3338 illud
894 3285 1054 3339 etiam
1077 3328 1090 3351 ,
1119 3283 1260 3352 quod
1293 3282 1437 3336 Petri
1467 3284 1767 3346 dicebatur,

206 3375 560 3445 Evangelium
595 3388 743 3430 tanta
775 3387 894 3432 arte
925 3377 1304 3430 concinnatum
1343 3382 1460 3430 erat
1490 3386 1546 3426 ut
1572 3374 1770 3426 Catho-

208 3467 326 3518 licis
359 3481 464 3518 non
495 3466 827 3521 doctissimis
876 3466 1055 3520 lucum
1101 3467 1346 3522 faceret:
1379 3478 1665 3532 utrumque
1704 3466 1770 3519 ab

207 3558 437 3610 eruditis
469 3557 762 3628 episc0pis,
795 3558 1133 3616 Theodoreto
1159 3570 1213 3613 et
1237 3558 1558 3628 Serapione,
1589 3559 1773 3610 :nlmo-

209 3649 309 3701 ltiti
356 3664 386 3702 e
429 3649 682 3704 manibus
726 3649 1089 3718 proiecerunt.
1133 3649 1402 3704 Prartcrea
1451 3650 1770 3703 Docctsuann

209 3756 310 3793 usu
361 3741 640 3794 terebatur
685 3741 1029 3810 Evangelium
1087 3743 1378 3794 secundmn
1420 3741 1635 3794 Petrum
1675 3760 1686 3791 :
1722 3752 1776 3791 at

209 3832 469 3900 pleraque
512 3841 818 3886 continente
856 3850 883 3884 a
919 3830 1148 3887 Tatiano
1181 3833 1389 3885 DOtiL‘lie
1431 3841 1776 3898 acceperant,

211 3937 313 3976 uec
337 3922 496 3974 video
535 3938 628 3976 cur
677 3937 780 3974 ιιυιι
833 3921 964 3975 illud
1006 3923 1172 3975 etiam
1222 3921 1568 3990 Evangelium
1609 3922 1676 3974 ab
1715 3937 1779 3976 eo

213 4013 572 4082 acceperint,
622 4025 716 4065 aut
783 4029 880 4066 cur
929 4015 1052 4067 novi
1102 4014 1497 4068 atcltitectandi
1560 4029 1779 4082 operam

213 4107 574 4173 susceperint,
608 4120 728 4159 cum
761 4106 1142 4160 cennnunihus
1169 4107 1453 4161 erroribus
1481 4106 1616 4159 satis
1661 4119 1782 4173 pro-

213 4198 435 4250 vidisset
490 4196 786 4260 Tatianus,
837 4210 900 4250 ac
943 4197 1154 4251 etiamsi
1202 4196 1332 4266 quid
1387 4196 1532 4248 inter
1577 4209 1671 4247 eos
1718 4195 1783 4245 de

214 4307 376 4343 carne
443 4290 647 4343 Christi
717 4305 822 4344 non
891 4290 1243 4352 conveniret,
1312 4289 1361 4340 in
1431 4290 1532 4342 hoc
1603 4297 1780 4340 tamen

214 4379 458 4445 utrisque
519 4379 570 4431 in
631 4392 917 4432 commune
964 4375 1293 4447 genealogus
1343 4376 1531 4430 recisis
1581 4390 1781 4428 consu-

215 4470 421 4524 luisset.

286 4563 472 4632 Neque
502 4564 633 4618 illud
666 4564 1025 4618 omittendum
1051 4604 1065 4627 ,
1096 4563 1239 4630 quod
1271 4573 1498 4616 testatur
1528 4560 1784 4617 Theodo-

218 4668 363 4708 rctus
393 4697 407 4718 ,
469 4655 670 4709 Ilwret.
714 4656 851 4723 fatu,
905 4655 1000 4708 lih.
1038 4671 1076 4710 ll
1103 4696 1116 4718 ,
1166 4670 1287 4722 cap.
1318 4653 1388 4718 2,
1438 4653 1784 4722 Evangelium

219 4749 358 4802 I’ctri
393 4750 512 4800 usui
545 4748 710 4803 fuisse
732 4748 1030 4803 Nazarzeis.
1065 4749 1117 4802 Id
1151 4749 1391 4818 profecto
1424 4747 1778 4802 incredibile:

220 4860 338 4895 nam
411 4840 656 4914 Νηρτωί
708 4842 759 4895 id
814 4859 978 4896 unum
1026 4842 1360 4912 peecabant,
1414 4839 1558 4907 quod
1613 4840 1783 4908 legem

222 4933 382 4986 Nesis
414 4933 687 4987 obstinate
730 4933 1048 4987 retinerent.
1076 4932 1182 4987 Sed
1206 4950 1328 4986 cum
1369 4930 1608 4983 Nazarmi
1647 4945 1788 4999 sa-pe

220 5027 629 5081 confundantur
661 5041 786 5079 cum
820 5025 1120 5089 Ebionitis,
1146 5039 1287 5093 quos
1333 5023 1526 5078 scribit
1555 5021 1791 5090 Epipha-

224 5119 339 5172 nius
389 5116 608 5171 Tatiani
653 5115 944 5186 Evangelia
991 5130 1115 5170 usos
1168 5115 1365 5181 fuisse,
1414 5115 1536 5170 inde
1580 5115 1790 5168 videtur

225 5211 441 5266 errandi
469 5209 689 5266 occasio
713 5209 892 5264 oblata
921 5208 1281 5263 Theodorcto.

1867 3220 1961 3274 τοῦ
2009 3219 2216 3274 Κέλσον
2257 3217 2398 3270 κατὰ
2431 3213 2772 3287 Χριστιανῶν
2805 3211 3012 3283 γράψαι
3064 3204 3464 3281 προθυμηθεὶς,

1872 3310 2110 3382 ἐντυχὼν
2157 3312 2279 3372 ταῖς
2323 3309 2494 3371 θείαις
2523 3307 2767 3378 Γραφαῐς
2832 3306 2910 3367 εἰς
2966 3302 3025 3356 τὸ
3074 3300 3467 3372 ἀκριϐέστερον

1873 3403 2274 3473 ἀγωνίσασθαι,
2311 3401 2484 3463 οὕτως
2533 3400 2705 3452 εἵλετο
2751 3397 2831 3469 τῷ
2879 3394 3130 3464 παναγίῳ
3165 3393 3464 3462 Πνεύματι,

1874 3497 2015 3551 ὥστε
2048 3495 2385 3557 διδάσκαλον,
2417 3492 2554 3546 κατὰ
2587 3491 2676 3544 τὸν
2721 3490 2890 3561 μέγαν
2924 3486 3155 3550 Παῦλον,
3195 3486 3321 3539 ἀντὶ
3343 3482 3467 3536 διώ-

1875 3606 2001 3642 κτον
2025 3586 2391 3655 ἰἐνέσΘαιτῆς
2419 3585 2650 3646 πίστεως
2682 3578 2751 3655 ἧς
2783 3580 3024 3634 ἐδίωκεν.
3054 3600 3071 3630 ι
3107 3578 3310 3631 Τούτου
3365 3594 3468 3647 μα·-

1876 3680 2043 3750 Οητὴν
2091 3678 2342 3746 γενέσθαι
2393 3677 2558 3746 φησιν
2611 3677 2641 3728 ὁ
2681 3672 2942 3735 Φίλιππος
2994 3672 3086 3724 τὸν
3140 3667 3470 3740 στρωματέα

1877 3773 2177 3843 Κλήμεντα
2248 3771 2341 3822 καὶ
2401 3769 2702 3822 Πάνταινον
2754 3764 2848 3818 τοῦ
2913 3764 3252 3834 Κλήμεντος.
3314 3783 3330 3812 ι
3377 3760 3468 3812 Ait

1879 3862 2156 3930 Philippus
2188 3861 2369 3914 Sideta
2391 3859 2442 3911 in
2462 3873 2627 3912 sertn.
2647 3855 2718 3909 ΞΑ
2734 3873 2825 3908 :—
2841 3855 3056 3909 Schola:
3074 3852 3466 3908 Alexandriam

1880 3955 2088 4024 priums
2172 3951 2390 4020 praefuit
2466 3952 2890 4018 Athenagoras,
2966 3949 3058 4015 qui
3131 3945 3469 4014 temporibus

1882 4045 2111 4099 Adriani
2141 4054 2195 4097 ct
2230 4042 2488 4096 Antonini
2521 4039 2742 4106 floruit,
2800 4039 2999 4108 quibus
3043 4038 3212 4090 etiam
3259 4036 3467 4104 legato-

1885 4138 2022 4189 riam
2082 4134 2395 4188 orationem
2463 4146 2560 4200 pro
2613 4127 2948 4185 Christianis
3011 4123 3332 4193 inscripsit;
3381 4125 3470 4175 vir

1883 4228 2251 4283 Christianam
2303 4223 2620 4290 religionem
2674 4222 2728 4275 in
2781 4225 2899 4288 ipso
2949 4220 3120 4289 pallio
3163 4214 3468 4287 professus,

1885 4336 1950 4374 ac
1993 4317 2194 4372 schohr
2225 4316 2556 4370 academica:
2588 4313 2902 4382 pra-fectus.
2948 4312 2994 4366 Is
3020 4327 3146 4365 cum
3176 4319 3302 4362 ante
3343 4307 3470 4362 Cel-

1816 4435 1860 4489 ι)
1889 4427 2010 4464 sum
2057 4409 2110 4462 in
2154 4411 2338 4462 animo
2372 4407 2599 4460 haberet
2637 4405 2904 4459 adversus
2937 4402 3282 4458 Christianos
3323 4398 3469 4454 scri-

1889 4503 2039 4565 bere,
2078 4501 2264 4568 legens
2299 4498 2512 4553 divinas
2567 4494 2883 4566 Scripturas
2920 4494 2986 4548 ad
3016 4493 3331 4547 accuratius
3370 4507 3473 4561 pu-

1890 4593 2187 4664 gnandum,
2214 4593 2295 4647 sic
2322 4591 2528 4661 Spiritu
2561 4600 2754 4643 sancto
2785 4599 2980 4657 captus
3007 4595 3112 4647 est.
3137 4597 3196 4638 ut
3230 4598 3380 4638 more
3405 4599 3471 4638 ac

1890 4687 2053 4741 modo
2101 4686 2276 4756 magni
2325 4683 2475 4738 Pauli
2529 4699 2629 4751 pro
2680 4690 3031 4752 persecutore
3078 4680 3274 4733 doctor
3314 4679 3472 4730 ticret

1894 4780 2034 4834 illius
2063 4779 2327 4831 doctrina:
2370 4792 2531 4844 quam
2555 4771 3214 4841 insectabatur.——Ilujus
3231 4769 3471 4837 discipu-

1893 4871 2002 4924 lutn
2035 4870 2204 4923 fuisse
2250 4870 2324 4921 ait
2360 4868 2643 4934 Philippus
2664 4863 3001 4919 Clementem
3036 4859 3470 4916 Alexandrinum

1892 4971 1948 5014 et
1980 4959 2294 5013 Pantanum
2320 4959 2637 5011 Clementis.
2665 4977 2683 5008 ι

1965 5053 2227 5118 Quamvis
2275 5068 2377 5103 non
2443 5049 2678 5104 maxima
2721 5049 2794 5102 sit
2851 5049 3155 5104 auctoritas
3207 5042 3466 5111 Philippi,

1897 5146 2122 5216 ejusque
2147 5161 2305 5212 Opus,
2337 5145 2480 5213 quod
2544 5139 2844 5195 Historiam
2873 5140 3236 5193 Christianum
3275 5139 3477 5190 inscri-

1897 5250 2104 5306 pserat,
2144 5239 2322 5291 doctis
2371 5236 2577 5304 pariter
2643 5245 2699 5287 et
2752 5233 2985 5286 indoctis
3038 5231 3228 5285 inutile
3267 5229 3477 5296 iudicet

1899 5331 2180 5395 Socrates,
2208 5327 2308 5380 lib.
2341 5340 2476 5388 xm,
2500 5338 2624 5394 cap.
2654 5323 2746 5384 9.7,
2780 5323 2866 5375 cui
2900 5321 3202 5376 assentitur
3229 5319 3476 5382 I’hotius,

1899 5419 2021 5474 cod.
2051 5417 2142 5482 35,
2169 5433 2294 5471 cum
2323 5426 2502 5468 tamen
2560 5414 2868 5468 Dodwcllus
2915 5411 3021 5479 ipsi
3049 5413 3212 5469 etiam
3242 5410 3477 5464 Eusebio

1908 5514 1962 5565 in
2003 5512 2104 5564 hoc
2129 5510 2194 5563 de
2223 5510 2568 5576 Athenagora
2603 5517 2660 5560 et
2710 5506 2831 5560 aliis
2861 5504 3246 5559 Alexandrinae
3275 5504 3480 5558 schola:

1907 5604 2216 5657 rectoribus
2269 5599 2579 5655 testimonio
2635 5599 3071 5668 atttcponcttduzu
3121 5606 3296 5666 putat,
3352 5610 3475 5662 pro-

1910 5705 2094 5767 pterea
2129 5692 2272 5763 quod
2301 5688 2581 5749 Ithodonis
2611 5688 2908 5759 tliScipulus
2958 5689 3084 5750 fuit,
3119 5688 3210 5755 qui
3248 5684 3481 5741 Alexan-
