4140 6420
1630 340 1685 392 5.
1724 339 2051 394 ΙυδτΙΝῐὲο
2084 341 2301 397 l’lllLO!

2406 341 2552 397 ’llllS
2584 342 2668 396 ET
2706 341 3011 397 MARTYB.
3856 342 3979 398 185

738 455 908 503 drum
942 455 1140 508 schohe
1199 465 1346 549 post.
1378 452 1660 525 Didymum
1696 459 1927 525 pr:efnit,
1958 472 2009 514 et
2047 461 2291 515 eamdem
2327 472 2366 526 Α
2400 478 2546 529 gnra‘
2576 462 2964 524 conversione,
2996 468 3050 513 et
3099 459 3421 513 Christiana
3455 458 3723 529 religionis
3753 456 3807 510 in
3842 458 3976 525 ipsa

737 546 975 595 scholam
1021 545 1073 597 in
1109 547 1295 599 urbem
1336 545 1532 601 'Sidam
1573 551 1873 611 transtulit,
1910 552 1997 604 ubi
2019 566 2141 605 eum
2172 567 2201 604 a
2230 567 2289 607 se
2388 554 2553 623 pallio
2570 553 2909 622 professione
2939 560 3250 604 narrantur.
3274 549 3549 602 timet-nim
3572 550 3791 601 minime
3809 563 3973 616 rep-t-

734 634 976 685 auditum
1008 647 1192 687 narrat
1216 634 1491 703 Philippus
1545 641 1951 706 testeexcerpti
1988 646 2147 694 modo
2178 640 2291 694 lau-
2376 655 2591 713 guunt;
2622 644 2717 696 sed
2742 643 2975 695 certiora
3002 649 3209 702 essent,
3232 641 3275 693 si
3310 638 3586 707 Philippus
3612 638 3870 707 majorem
3912 640 3979 707 in

732 723 841 773 nati
878 736 1118 787 auctore,
1164 724 1278 778 sive
1330 727 1376 778 is
1408 724 1744 795 Nicephorus
1792 730 1884 794 sit,
1928 745 2020 782 seu
2064 728 2293 797 quilibet
2391 731 2617 784 historia
2652 730 2942 783 scribenda
2980 728 3137 781 fidem
3164 745 3225 780 ac
3244 726 3576 794 diligentiam
3606 726 3973 780 declarasset.

735 814 892 865 alius.
928 814 1076 867 llaud
1105 816 1355 884 equidem
1392 822 1702 887 negaverim
1739 819 1991 874 Dodwelli
2025 821 2289 874 rationem
2459 821 2523 877 Il.
2555 823 2919 890 Suspicantttr
2956 822 3058 874 vir.l
3101 819 3558 889 praestantissimi,
3616 816 3883 870 Baronitts
3918 815 3977 845 ⁸⁸

734 904 787 977 td
823 905 1022 970 valere,
1054 914 1113 958 ut
1158 907 1205 960 si
1250 908 1379 975 quid
1422 919 1608 989 narret
1649 909 1949 979 Philippus,
1984 910 2129 980 quod
2164 926 2288 966 cunt
2356 958 2357 961 η
2392 925 2445 967 et
2479 913 2867 967 'l'illetnontius
2904 912 3309 980 Athenagoram
3341 910 3591 964 eumdem
3641 924 3762 963 esse
3794 922 3857 959 ac
3896 906 3971 961 S.

734 996 956 1061 optimis
1016 999 1383 1052 monumentis
1415 1015 1520 1053 non
1558 1010 1782 1069 pugnet,
1826 1002 1876 1053 id
1918 1002 2199 1071 probetur.
2224 1003 2293 1056 At
2392 1004 2796 1072 Athenogenem
2833 1013 3161 1073 martyrem,
3190 1002 3351 1071 cujus
3382 1002 3639 1074 hymnum
3665 999 3973 1070 quemdam

738 1103 1009 1154 tulitquam
1066 1088 1378 1157 impetrabit
1417 1093 1745 1156 Dodwellns,
1808 1103 1867 1157 ut
1922 1093 2289 1163 scriptornon
2393 1082 2626 1147 laudavit
2681 1092 2921 1150 Basilius
2974 1094 3028 1146 in
3063 1093 3313 1154 libro,De
3361 1094 3813 1162 Spirituaattcto,
3832 1108 3974 1162 cap.

737 1182 913 1247 magni
937 1182 1210 1248 ponderis,
1237 1182 1429 1237 Proclo
1452 1198 1505 1238 et
1543 1187 1786 1240 Sisinnio
1821 1187 2047 1254 aqualis
2080 1202 2143 1239 ac
2169 1185 2287 1238 dia-
2378 1185 2484 1248 Ἦ),
2511 1186 2866 1254 compositum
2901 1200 2930 1239 a
2965 1183 3021 1241 S.
3054 1194 3297 1254 martyre
3318 1196 3371 1239 et
3395 1184 3678 1253 discipulis
3709 1184 3977 1237 relictum

734 1272 856 1321 moi
897 1287 1119 1326 munere
1148 1274 1253 1326 sub
1290 1272 1497 1328 Joanne
1521 1276 1907 1347 Chrysostomo
1954 1278 2285 1345 perfunctus.
2394 1276 2569 1331 instar
2620 1274 2898 1344 cujusdam
2948 1274 3194 1341 atnuleti,
3233 1290 3358 1329 cum
3394 1276 3517 1344 igne
3546 1274 3770 1343 jamjatn
3808 1290 3977 1327 com-

735 1361 991 1429 Euseltio,
1048 1365 1139 1433 qui
1185 1374 1239 1417 et
1288 1367 1567 1431 antiquior
1609 1379 1663 1420 et
1708 1369 2017 1421 accuratior
2066 1378 2177 1432 est,
2226 1382 2293 1422 ac
2394 1368 2672 1435 bureudus
2705 1376 2873 1422 esset.
2916 1367 3124 1431 Revera
3156 1368 3616 1436 pra-ternominis
3646 1365 3981 1419 similitudi-

736 1454 903 1507 mnlto
932 1456 1081 1523 plura
1110 1456 1310 1511 schola:
1341 1454 1731 1537 Alexandrina!
1776 1469 2146 1525 monumenta,
2174 1460 2294 1529 plu-
2394 1472 2538 1523 nent,
2572 1473 2693 1537 quae
2733 1450 2918 1521 fucum
2968 1457 3213 1513 librariis
3268 1460 3449 1510 facere
3499 1457 3673 1524 potuit
3694 1498 3709 1518 ,
3742 1457 3982 1511 videtur

737 1562 930 1615 resque
960 1551 1201 1603 eruditos
1228 1551 1379 1603 viros
1428 1560 1521 1602 aut
1570 1551 1618 1603 ei
1660 1534 1947 1618 praefectos
2004 1561 2098 1605 aut
2140 1549 2290 1603 inea
2393 1534 2780 1613 Athcnogeues
2830 1550 3141 1604 eruditione
3210 1562 3271 1602 ac
3330 1548 3609 1615 discipulis
3669 1547 3928 1602 ﬂoruisse
3958 1588 3979 1611 ,

736 1639 1013 1693 institutos
1041 1640 1277 1703 viderat,
1307 1650 1696 1707 anteponatur.
1729 1644 1908 1708 Quare
1952 1649 2009 1693 ut
2043 1642 2302 1694 omittam
2394 1641 2539 1710 quod
2571 1641 2789 1709 quidem
2822 1656 2927 1695 non
2955 1644 3135 1697 minus
3162 1630 3289 1711 apte
3312 1644 3364 1694 itt
3393 1640 3773 1709 philosophum
3803 1642 3985 1695 Athe—

736 1729 895 1798 longe
918 1747 944 1782 a
977 1746 1104 1785 vero
1134 1731 1393 1786 aberrare
1430 1731 1759 1801 Philippum,
1812 1746 1932 1787 cum
1984 1731 2292 1799 Apologiattt
2395 1731 2645 1785 niensem'
2679 1732 2957 1785 convenit.
3012 1732 3415 1801 Athenagoram
3464 1745 3677 1800 passum
3715 1746 3840 1786 esse
3866 1746 3982 1801 pro

735 1817 1098 1886 Athenagora:
1151 1819 1569 1886 imperatoribus
1618 1820 1859 1875 Adriano
1906 1830 1960 1874 et
2018 1822 2293 1876 Antonino
2324 1812 2371 1905 Β
2395 1821 2614 1878 Christo
2649 1824 2793 1875 nulla
2824 1822 3116 1891 perhibent
3170 1824 3416 1886 historia
3449 1833 3819 1878 monumenta.
3854 1804 3977 1877 Sed

736 1912 1049 1977 inscriptam
1099 1923 1288 1980 putat;
1346 1912 1512 1965 multa
1547 1915 1597 1965 in
1627 1915 1818 1967 eodem
1877 1912 2188 1968 testimonio
2217 1912 2293 1967 le-
2400 1919 2457 1962 ut
2488 1907 2606 1975 eius
2637 1911 2837 1979 scripta
2867 1926 3003 1980 pene
3035 1912 3089 1964 in
3124 1912 3407 1966 oblivione
3442 1913 3725 1975 iacuerunt
3748 1952 3763 1976 ,
3800 1912 3875 1965 ita
3914 1923 3982 1965 et

736 2013 937 2068 guutnr
964 2004 1156 2070 partim
1188 2003 1329 2057 haud
1362 2003 1515 2057 valde
1556 2004 1884 2071 probabilia,
1932 2004 2129 2068 partim
2160 2004 2293 2058 falsa
2397 2001 2721 2069 martyrium
2756 2000 2925 2056 latere
2955 2002 3244 2070 potuisset.
3295 2001 3406 2055 Nec
3442 2003 3685 2070 profecto
3734 2003 3983 2056 mirarer

735 2109 957 2161 prorsus
986 2104 1037 2147 et
1066 2094 1322 2148 absurda.
1358 2093 1473 2149 Non
1519 2096 1755 2150 libenter
1775 2096 2101 2151 crediderim
2130 2097 2295 2149 Athe-
2395 2090 2439 2143 si
2472 2090 2637 2142 vitam
2670 2106 2767 2157 pro
2796 2086 3019 2145 Christo
3040 2092 3395 2160 profudisset.
3429 2094 3523 2161 qui
3565 2096 3664 2147 sub
3688 2110 3752 2147 eo
3785 2096 3983 2163 impe-

735 2202 990 2253 ttngoram
1024 2185 1408 2255 Alexandrina
1439 2187 1637 2241 schola:
1670 2186 1974 2256 praefuisse.
2011 2187 2295 2255 Quomodo
2394 2188 2596 2241 ratore,
2620 2180 2721 2255 sub
2744 2194 2851 2246 quo
2896 2179 3110 2233 delatus
3160 2181 3504 2235 Christianus
3562 2196 3776 2248 pinnam
3818 2188 3978 2251 capi—

736 2280 879 2331 enint
909 2279 959 2332 itt
997 2289 1104 2333 tam
1148 2279 1257 2333 alto
1292 2291 1346 2333 et
1393 2280 1612 2333 sublimi
1654 2279 1771 2333 loco
1805 2280 1877 2331 ita
1926 2279 2069 2332 illius
2091 2279 2293 2346 scripta
2399 2270 2559 2322 talem
2597 2284 2703 2323 non
2730 2268 3043 2341 effugiebat,
3098 2286 3205 2324 non
3247 2274 3409 2326 modo
3460 2274 3699 2341 seipsum
3746 2273 3983 2327 deferre

737 2371 966 2431 latuere,
997 2382 1053 2423 ιιι
1084 2371 1226 2444 nulla
1252 2385 1475 2441 prorsus
1499 2372 1566 2424 ad
1601 2369 1890 2424 Eusebium
1934 2385 2069 2423 aura
2100 2384 2293 2436 perm-
2396 2375 2557 2414 ausus
2579 2370 2682 2425 est,
2741 2362 2834 2415 sed
2888 2362 3050 2413 etiam
3104 2361 3475 2419 Christianam
3526 2365 3844 2434 religionem
3884 2365 3980 2417 sic

736 2461 922 2514 niret?
955 2461 1086 2516 Illud
1122 2472 1268 2517 certe
1312 2466 1415 2538 dici
1455 2480 1562 2518 non
1597 2474 1771 2532 potest
1798 2462 1943 2531 quod
1977 2464 2055 2512 ait
2087 2460 2293 2525 Philtp-
2364 2450 2367 2453 ’
2396 2445 2708 2515 defendere,
2740 2461 2800 2505 ut
2831 2452 3215 2521 imperatorem
3245 2455 3618 2523 superstitioni
3651 2456 3980 2509 addictissi-

735 2568 836 2618 pus
866 2554 1267 2621 Athenagoram
1304 2555 1432 2609 huic
1463 2538 1677 2609 Schol.“
1715 2556 1947 2623 primum
1988 2554 2292 2624 paruis,“
2394 2557 2539 2598 mum
2569 2542 2880 2612 alloquens.
2941 2542 3236 2596 Christiani
3294 2544 3475 2601 cultus
3522 2548 3875 2598 sanctitatem
3913 2556 3982 2599 et

737 2642 869 2697 Nam
900 2644 1102 2699 diserte
1136 2656 1367 2701 testatur
1400 2646 1665 2704 Eusebius
1688 2648 1733 2680 ³⁸
1766 2648 2075 2701 litterarum
2112 2661 2297 2700 saera-
2398 2631 2745 2687 ίηιὶιιιιὶηιιοε
2800 2630 3232 2687 Οὺτίδιίίιηοΐυηι
3293 2647 3472 2687 mores
3524 2650 3645 2686 CtIIII
3715 2636 3983 2702 turpibus

737 2751 853 2787 mm
880 2737 1123 2791 scholam
1170 2738 1282 2807 jam
1319 2740 1442 2793 inde
1470 2757 1497 2791 ε,
1525 2741 1717 2808 priscis
1757 2739 2109 2807 temporibus.
2144 2748 2296 2792 “ne.
2395 2720 2677 2791 gentilium
2706 2721 2995 2775 sacriﬁciis
3021 2732 3078 2775 et
3102 2723 3411 2777 simulacris
3439 2740 3500 2779 ac
3524 2726 3631 2778 vita
3664 2728 3981 2793 corruptis-

734 2843 896 2891 quam
937 2830 984 2881 ei
1028 2840 1284 2896 ρηρεεεει
1332 2829 1643 2894 ι>εηιιεεηηεν
1679 2831 1731 2883 in
1765 2826 1897 2884 urbe
1930 2828 2294 2883 Αιθηυάτίιη
2395 2813 2531 2864 sima
2556 2820 2924 2879 compararet.
2962 2811 3091 2876 Sed,
3120 2823 3178 2866 ut
3207 2814 3553 2868 observatum
3606 2826 3687 2869 est
3737 2817 3803 2869 ad
3843 2818 3986 2869 ‘Iatt—

737 2917 1037 2971 institutam
1065 2918 1248 2973 futsse.
1552 2965 1555 2968 ι

2406 2903 2583 2957 datum
2626 2904 2810 2961 Basilii
2852 2903 3055 2969 locum,
3120 2906 3472 2963 verisimilius
3531 2918 3614 2962 est
3660 2910 3983 2979 Atltettogc-

810 3010 923 3061 Non
960 3010 1135 3061 minus
1189 3009 1425 3063 absurde
1489 3010 1630 3062 idem
1670 3009 1949 3077 philippus
1988 3008 2298 3076 Αιδεηθεο.
2397 3010 2518 3047 ttetn
2547 2995 2693 3046 illuttt
2722 3009 2752 3046 a
2787 2994 2845 3047 S.
2874 2995 3074 3050 Baulio
3130 2994 3444 3057 memorari,
3474 3014 3633 3067 quem
3685 3005 3783 3052 sub
3833 3002 3975 3051 Dm-

740 3119 853 3155 mm
898 3103 1189 3156 Clementis
1242 3103 1591 3156 Αιρηιηιιιεηί
1617 3145 1630 3166 ν
1691 3096 2019 3156 gementem
2056 3100 2294 3153 Ρειηιειή
2396 3087 2630 3139 t'lctiatto
2650 3085 3028 3156 Martyrologia
3050 3088 3114 3139 ad
3145 3089 3286 3141 diem
3306 3091 3372 3141 lii
3396 3092 3519 3143 Julii
3550 3107 3670 3145 cum
3698 3094 3981 3145 nonnullis

741 3195 1053 3263 magistrum
1114 3196 1281 3249 fuisse
1352 3196 1560 3249 suum.
1630 3196 1868 3249 Dubitari
1944 3208 2050 3245 ³,οη
2120 3177 2521 3262 ροιεειρειιὶίδ
2556 3191 2771 3245 passum
2830 3191 2949 3231 esse
3008 3176 3345 3231 Sebastiaein
3383 3182 3634 3232 Armenia
3674 3192 3976 3237 testantur.

737 3289 865 3353 quin
930 3285 1181 3341 Clemens
1205 3288 1605 3341 Alexandrinus
1636 3304 1740 3340 non
1775 3287 2029 3356 magister
2058 3284 2296 3339 Patttami

739 3379 830 3429 sed
856 3378 1151 3446 discipulus
1188 3378 1371 3449 fuerit.
1401 3380 1690 3446 Acceptam
1723 3394 1749 3430 a
1804 3376 2063 3431 Pantaano
2097 3372 2300 3428 doctri-

741 3490 863 3523 nam
900 3481 1054 3539 grato
1101 3471 1283 3523 animo
1338 3470 1672 3523 memorabat
1737 3468 1787 3521 itt
1856 3465 2296 3535 Hypotyposibus.

744 3562 872 3612 lletn
910 3570 1135 3613 testatur
1160 3560 1443 3623 Eusebius,
1504 3557 1667 3619 Ηίει..
1713 3573 1764 3619 v,
1801 3572 1921 3623 Cap.
1953 3558 2010 3608 ll
2048 3573 2060 3607 :
2114 3555 2209 3615 Ὃς
2238 3552 2300 3621 δὴ

741 3655 829 3703 καὶ
859 3653 1113 3721 ὀνομαστὶ
1142 3653 1197 3703 ἐν
1231 3645 1317 3713 αἷς
1348 3650 1633 3713 συνέταξεν)
1664 3647 2104 3704 ’Υποτυπώσεσιν
2128 3648 2201 3707 ὡς
2236 3644 2299 3697 ἂν

739 3743 1054 3796 διδασκάλου
1084 3742 1174 3795 τοῦ
1207 3740 1504 3793 Πανταίνω
1542 3741 1832 3810 μέμνηται.
1888 3757 1906 3789 ι
1944 3739 2198 3792 Clemens
2246 3738 2298 3788 itt

742 3836 1141 3889 lttstitutiottum
1172 3833 1323 3886 libris
1349 3850 1377 3885 a
1397 3848 1454 3885 se
1480 3833 1802 3899 conscriptis
1829 3832 2032 3883 diserte
2061 3828 2297 3882 Pantaeni

742 3940 797 3979 ut
835 3928 1075 3994 magistri
1105 3926 1350 3978 meminit
1384 3944 1401 3974 ι
1440 3925 1501 3977 Et
1539 3925 1780 3985 Photius,
1812 3923 1933 3975 cod.
1966 3922 2089 3983 109,
2124 3923 2190 3973 de
2216 3936 2302 3973 co-

742 4023 861 4072 dem
892 4020 1171 4072 Clemente
1196 4035 1210 4069 :
1244 4018 1505 4087 Μαθητὴς
1535 4017 1611 4078 δὲ,
1635 4017 1709 4078 ὡς
1743 4014 1902 4076 αὑτός
1936 4030 2088 4081 φησι,
2114 4012 2302 4080 γέγονε

744 4114 1061 4165 Πανταίνου.
1101 4129 1117 4159 t
1140 4110 1264 4163 Fuit
1284 4120 1487 4171 autem,
1517 4108 1967 4175 quemadmodum
1996 4109 2107 4173 ipse
2138 4116 2302 4157 testa-

744 4218 851 4266 tur,
878 4203 1175 4271 diseipulus
1216 4201 1511 4255 Patitur-ni.»
1552 4199 1737 4252 Fidem
1766 4213 1893 4265 ergo
1930 4212 2034 4249 non
2067 4205 2304 4249 meretur

745 4298 1044 4365 Philippus,
1079 4311 1201 4347 eum
1238 4295 1304 4344 de
1353 4293 1513 4347 rebus
1548 4291 1842 4345 Clementis
1885 4298 2167 4354 tantopere
2197 4288 2303 4340 dis-

746 4399 932 4455 crepat
969 4390 1035 4439 ab
1068 4389 1183 4454 ipso
1216 4385 1515 4438 Clemcnte.
1545 4384 1717 4451 Atque
1741 4382 1865 4434 hinc
1889 4382 2048 4434 etiam
2074 4379 2301 4446 perspici

747 4492 915 4549 potest
946 4498 1048 4531 nntt
1080 4479 1228 4531 inani
1262 4478 1595 4544 conjectura,
1623 4484 1680 4526 ut
1700 4475 1871 4526 visum
1901 4483 1981 4525 est
2012 4470 2300 4534 Dodwello,

2470 3266 2555 3321 Ill.
2599 3262 2731 3322 Cum
2788 3268 2939 3337 plura
3002 3284 3105 3322 non
3156 3280 3469 3337 suppetant,
3521 3286 3640 3338 qua:
3687 3275 3754 3325 de
3804 3275 3983 3327 rebus

2399 3364 2759 3430 Athenagora:
2784 3363 3165 3427 disseramus,
3210 3363 3545 3417 veniendum
3572 3367 3636 3417 ad
3667 3363 3808 3417 illius
3829 3366 3983 3419 scri-

2401 3467 2490 3523 pta
2535 3468 2760 3520 quorum
2806 3452 2963 3521 longe
3004 3452 3516 3519 praestantissimum
3574 3453 3803 3519 Legatio,
3851 3456 3981 3509 sive

2403 3543 2655 3611 Apologia
2683 3558 2775 3609 pro
2800 3541 3133 3594 ('Itriatt'auis.
3160 3540 3410 3597 Oblatam
3460 3541 3629 3594 fuisse
3652 3541 3721 3593 Μ.
3747 3543 3978 3597 Aurelio

2401 3637 2629 3701 ejusque
2660 3626 2768 3685 li'lto
2808 3633 3105 3686 Commodo
3163 3634 3321 3699 idque
3361 3647 3501 3683 anno
3549 3632 3645 3683 177
3679 3631 3978 3702 Barouius,

2405 3728 2662 3783 Petavius
2694 3738 2748 3781 et
2790 3727 3167 3781 Tillentontitts
3215 3727 3549 3785 existimant.
3582 3726 3779 3779 Contra
3826 3726 3980 3779 Lab-

2402 3821 2571 3883 bmus,
2605 3821 2804 3886 Pagius
2833 3828 2886 3873 et
2935 3818 3257 3882 Dodwellus,
3296 3817 3721 3884 imperatoribus
3754 3816 3823 3869 Μ.
3850 3820 3973 3869 Au-

2403 3913 2536 3967 relio
2574 3923 2628 3966 et
2669 3912 2834 3967 Lucio
2864 3912 3002 3965 Vero
3046 3910 3363 3977 inscriptam
3419 3910 3782 3973 contendunt;
3827 3911 3979 3962 Dod-

2402 4001 2589 4057 welhts
2617 4000 2833 4067 quidem
2888 4014 3029 4053 anno
3061 3998 3193 4061 l68,
3245 3999 3442 4065 Pa'gius
3484 4014 3611 4052 vero
3663 4014 3804 4050 anno
3843 4002 3970 4052 ltiti.

2403 4076 2457 4146 ln
2494 4095 2594 4147 hac
2625 4092 3020 4146 sententiarum
3065 4092 3331 4143 varietate
3352 4106 3456 4143 non
3491 4087 3723 4143 dillicilis
3763 4090 3974 4142 delibe-

2403 4186 2544 4239 ratio
2570 4195 2653 4237 est
2709 4194 2859 4235 utros
2899 4196 3215 4250 sequamur.
3271 4180 3488 4233 Baronii
3525 4182 3667 4233 enim
3722 4190 3775 4232 et
3804 4179 3974 4233 Titie-

2404 4278 2594 4329 tttoutii
2628 4270 2960 4328 sententiam
2983 4276 3034 4326 in
3068 4274 3369 4327 clarissima
3402 4276 3522 4326 luce
3548 4286 3823 4341 exponunt
3851 4276 3973 4329 luce

2406 4368 2761 4436 Athenagora:
2810 4367 2975 4420 verba
3004 4366 3094 4417 ’7‘:
3128 4366 3284 4427 Τίνες
3343 4364 3453 4433 γὰρ
3496 4366 3589 4416 καὶ
3642 4364 3974 4437 δικαιότεροι

2406 4454 2480 4511 ὧν
2535 4459 2741 4511 δέονται
2800 4460 2999 4525 τυχεῖν,
3030 4457 3064 4526 ἢ
3095 4456 3287 4517 οἵτινες
3338 4456 3460 4524 περὶ
3510 4454 3607 4523 μὲν
3648 4455 3745 4523 τῆς
3791 4457 3973 4525 ἀρχῆς

662 4568 666 4575 ’
748 4577 836 4625 κειί
868 4574 1033 4624 lit-mis
1066 4570 1279 4622 indiciis
1324 4568 1613 4620 Eusebium
1651 4565 1769 4628 niti,
1805 4579 1925 4617 cum
1986 4565 2301 4631 magistrum

2411 4551 2506 4619 τῆς
2532 4551 2798 4619 ὑμετέρας
2825 4547 3113 4617 εὐχόμεθα,
3153 4546 3239 4598 ἵνα
3269 4548 3395 4606 παῖς
3446 4547 3541 4615 μὲν
3574 4547 3723 4614 παρὰ
3764 4548 3975 4616 πατρὸς

749 4667 918 4723 lllllllt,
942 4678 1097 4729 quem
1127 4659 1380 4713 Cletnens
1418 4658 1605 4711 ordine
1656 4666 1709 4709 et
1739 4666 1983 4723 tempore
2027 4653 2298 4720 ultimum,

747 4768 797 4806 at
850 4757 1041 4806 tut-ritu
1098 4753 1251 4819 longe
1305 4751 1596 4819 principem
1656 4751 1707 4800 itt
1757 4749 1988 4817 Egypto
2032 4746 2298 4812 audierat,

748 4850 1059 4900 Paula-num
1124 4846 1287 4896 fuisse
1344 4842 1637 4895 concludit.
1705 4838 1835 4893 Nam
1892 4856 2012 4891 cum
2052 4838 2301 4891 Clemens

748 4941 838 4993 uni
869 4948 1076 4989 tantum
1110 4940 1397 5003 tttagistro,
1442 4946 1497 4985 ttt
1560 4937 1672 5000 ipse
1704 4942 1951 4994 testatur,
1982 4946 2200 4998 operam
2244 4930 2296 4983 in

748 5028 982 5101 [Egypto
1020 5028 1245 5087 dederit,
1290 5042 1520 5093 cumque
1552 5024 1837 5075 Pantamus
1871 5022 1923 5074 itt
1958 5020 2189 5089 ngypto
2212 5021 2305 5072 do-

748 5123 940 5184 cuerit,
990 5131 1045 5173 et
1093 5120 1338 5171 auditore
1390 5134 1520 5169 usus
1574 5117 1646 5168 sit
1682 5114 1992 5177 Clemente,
2030 5129 2095 5163 an
2127 5112 2300 5163 inanis

746 5214 1026 5269 conclusio
1060 5226 1143 5264 est.
1189 5210 1509 5276 magistrum
1555 5208 1723 5269 llllltll,
1774 5221 1934 5272 quem
1985 5203 2153 5255 solum
2186 5201 2305 5253 Cleo

751 5324 899 5359 lllt‘llS
932 5304 1175 5373 (Strottt.,
1216 5319 1251 5363 t,
1287 5319 1337 5367 p.
1372 5299 1499 5364 ‘2'“)
1548 5301 1598 5350 itt
1651 5298 1880 5365 .‘Egypto
1932 5295 2171 5355 audivit,
2199 5309 2301 5344 non

754 5404 913 5453 altum
947 5412 1067 5450 esse
1102 5394 1393 5447 l’atttzcno?
1426 5392 1683 5444 Fabulam
1714 5389 1890 5455 itaque
1924 5384 2126 5438 redolet
2166 5385 2309 5449 ejus-

755 5492 893 5543 modi
929 5488 1175 5541 historia.
1204 5484 1311 5536 Nec
1347 5496 1525 5534 tamen
1559 5496 1609 5532 tn
1656 5478 1885 5545 Pltilippi
1927 5474 2123 5529 Sidetm
2159 5474 2309 5527 testi-

756 5583 935 5635 .iiiilliu
968 5580 1166 5647 pariter
1192 5575 1497 5643 reiecerunt,
1530 5588 1648 5640 quge
1693 5570 1757 5623 de
1809 5568 2036 5620 mirabili
2072 5567 2307 5618 Atltctta-

823 5742 863 5768 επ
894 5741 1002 5794 itm
1106 5740 1197 5796 ob.
1233 5752 1279 5805 γ,
1315 5737 1450 5794 αις».

1538 5736 1577 5765 ³⁸
1611 5733 1783 5789 Buten
1836 5731 1895 5781 ,σοι
1942 5731 1999 5781 l9
2031 5729 2146 5781 Jan.
2223 5730 2260 5759 ³⁷
2304 5725 2365 5778 λ.

2411 4640 2549 4692 κατὰ
2575 4641 2635 4692 τὸ
2662 4639 2992 4692 δικαιότατον
3024 4636 3333 4706 διαδέχησθε
3365 4636 3461 4706 τὴν
3487 4637 3776 4704 βασιλείαν,
3806 4637 3978 4708 αὔξη-

2414 4750 2494 4785 σιν
2529 4733 2585 4783 δὲ
2619 4733 2712 4784 καὶ
2765 4729 3002 4782 ἐπίδθσιν
3064 4730 3097 4799 ἡ
3160 4728 3301 4798 ἀρχὴ
3349 4728 3534 4797 ὑμῶν,
3580 4729 3793 4781 πάντων
3833 4730 3973 4795 ὑποχ·

2411 4824 2632 4893 χειρίων
2658 4820 3009 4890 γιγνομένων,
3042 4818 3325 4890 λαμϐάνῃς
3374 4836 3392 4868 t
3429 4820 3655 4884 Quinam
3712 4823 3855 4872 cttittt
3893 4823 3971 4873 di-

2411 4918 2654 4983 gniores,
2681 4914 2772 4980 qui
2824 4926 2886 4964 ea
2935 4927 3053 4979 quae
3086 4919 3274 4976 petunt
3329 4909 3637 4976 impetrent,
3677 4925 3835 4977 quam
3874 4916 3967 4978 qui

2413 5022 2511 5073 pro
2569 5006 2798 5073 imperio
2847 5013 3027 5056 vestro
3082 5017 3388 5069 precamur,
3426 5013 3482 5053 ut
3537 5002 3679 5054 ﬁlius
3715 5018 3744 5053 :t
3792 5012 3969 5069 patre,

2413 5108 2570 5169 prout
2615 5099 2985 5167 atquissiutum
3024 5106 3127 5160 est,
3179 5112 3401 5164 regnum
3462 5097 3764 5163 accipiatis,
3792 5106 3847 5148 et
3876 5110 3970 5148 ae-

2380 5233 2385 5240 .
2415 5192 2759 5246 cessiouibus
2781 5204 2844 5241 ac
2875 5188 3227 5241 incrementis
3257 5187 3538 5256 imperium
3566 5197 3831 5249 vestrum,
3854 5203 3973 5238 om-

2415 5285 2573 5337 nibus
2624 5282 2809 5334 ditioni
2846 5292 3038 5333 vestra:
3094 5280 3349 5345 subjectis
3372 5320 3386 5342 ,
3421 5279 3729 5345 augeatur?
3766 5298 3783 5327 ι
3846 5279 3972 5334 Ηωο

2411 5373 2657 5440 profecto
2681 5373 2746 5425 ad
2778 5372 2847 5425 Μ.
2880 5371 3157 5424 Aurelium
3205 5382 3260 5425 et
3314 5370 3377 5423 L.
3408 5369 3605 5423 Verum
3645 5371 3831 5422 referri
3864 5387 3970 5423 non

2412 5472 2657 5533 possunt.
2690 5464 2859 5516 Ambo
2885 5464 3121 5530 adoptati
3154 5460 3367 5515 fuerant
3414 5464 3479 5514 ab
3524 5464 3533 5483 ‘
3560 5462 3817 5523 ulouino;
3846 5479 3971 5513 ncu-

2415 5573 2497 5615 tcr
2530 5561 2749 5615 alterius
2773 5570 2961 5629 pater;
2992 5573 3089 5611 nec
3130 5557 3493 5626 mquissitnum
3537 5565 3652 5609 erat
3681 5564 3738 5607 ut
3775 5550 3973 5605 Lucius

2408 5724 2492 5776 57.
