4140 6414
149 381 253 436 1Ἷῖ

1142 380 1203 438 D.
1247 379 1512 437 KARANI
1545 379 1931 436 PREFATIO.
1960 411 2027 420 —
2061 378 2242 434 PARS
2273 377 2361 436 lli.

3304 377 3405 432 186

147 517 179 553 a
204 501 277 554 Ι.
309 500 549 566 Aurelio,
585 502 801 568 quicum
829 503 946 572 pari
974 503 1096 571 jure
1117 502 1228 571 jam
1259 513 1369 559 tum
1398 503 1721 573 imperabat,
1754 517 1800 572 Α
1899 502 2085 556 Placet
2133 498 2482 555 Tillemontio
2535 512 2710 552 annus
2744 496 2867 561 177,
2906 495 3031 565 quia
3079 495 3405 549 Commodiis

149 593 250 645 sed
288 593 469 657 potius
495 603 553 646 ut
578 591 743 647 Marci
770 593 913 648 (ilius
942 609 1162 664 regnum
1195 610 1224 650 a
1251 606 1408 666 patre
1435 595 1725 665 aliquando

149 692 452 751 acciperet.

228 775 286 826 In
318 776 560 847 eamdem
579 778 896 829 sententiam
915 775 1030 829 hrcc
1051 776 1318 846 leguntur,
1339 774 1492 830 p.18:
1512 775 1726 843 Ἔχοιτε

153 869 246 934 ἀφ’
288 866 499 918 ἑαυτῶν
529 867 619 920 καὶ
648 869 745 937 τὴν
774 868 1089 939 ἐπουράνιον
1119 867 1391 938 βασιλείαν
1418 865 1690 931 ἐξετάζειν
1708 883 1721 895 ·

153 960 232 1021 ὡς
267 959 380 1029 γὰρ
401 959 529 1029 ὑμῖν
557 961 718 1030 πατρὶ
740 961 832 1013 καὶ
863 960 957 1030 υἱῷ
988 962 1163 1013 πάντα
1196 960 1513 1032 κεχείρωται
1533 1003 1546 1021 ,
1586 959 1725 1013 ἂνω-

155 1050 249 1101 θεν
270 1048 372 1118 τὴν
400 1050 667 1119 βαςιλείαν
699 1051 968 1120 εἰληφόσιν
999 1050 1318 1121 (βασιλέως
1349 1051 1458 1124 γὰρ
1477 1048 1729 1118 ψυχὴὲν

157 1143 310 1210 χειρὶ
336 1145 480 1196 Θεοῦ
501 1144 564 1202 ⁸⁸,
593 1144 723 1214 φησὶ
738 1143 794 1195 τὸ
813 1136 1143 1214 προφητικὸν
1165 1140 1431 1211 Πνεῦμα),
1453 1140 1624 1201 οὕτως
1647 1137 1727 1193 ἑνὶ

155 1230 277 1298 Θεῷ
309 1233 402 1283 καὶ
437 1231 510 1300 τῷ
535 1233 659 1301 παρ’
698 1231 859 1285 αὑτοῦ
894 1232 1066 1301 Λόγῳ,
1090 1231 1200 1301 Υἰῷ
1234 1230 1506 1301 νοουμένῳ
1534 1228 1725 1301 ἁμερί-

164 1338 294 1391 πῳ,
333 1323 507 1374 πάντα
554 1324 930 1384 ὑποτέτακται.
990 1342 1007 1373 i
1039 1323 1189 1378 Licet
1224 1332 1402 1375 autem
1446 1336 1512 1374 ex
1545 1321 1724 1375 vobis-

161 1413 412 1478 metipsis
443 1429 660 1478 regnum
694 1416 920 1467 caeleste
955 1415 1225 1482 spectetis.
1259 1412 1720 1477 Quemadmodum

157 1506 307 1554 enim
336 1505 488 1558 vobis
521 1506 655 1571 patri
682 1515 737 1557 et
766 1505 895 1566 ﬁlio,
922 1514 1112 1574 parent
1151 1506 1355 1570 omnia,
1379 1506 1574 1573 quippe
1603 1519 1718 1558 cum

159 1609 383 1648 sursum
427 1611 652 1663 regnum
699 1598 1019 1664 acceperitis
1075 1597 1286 1665 (Anima
1323 1598 1460 1649 enim
1485 1595 1625 1664 regis
1667 1595 1727 1649 in

157 1703 321 1739 mariti
369 1687 486 1749 Dei,
545 1688 715 1756 inquit
760 1688 980 1756 spiritus
1032 1684 1580 1760 propheticus"),sic
1627 1686 1717 1742 tto!

160 1778 270 1830 lico
299 1778 524 1846 ejusque
541 1777 741 1843 Verbo,
771 1794 928 1846 quem
963 1778 1156 1832 Filium
1181 1777 1297 1845 ejus
1328 1793 1601 1842 nunquam
1638 1792 1724 1831 se-

1831 594 2176 662 imperatoris
2208 591 2444 655 titulum,
2490 606 2649 660 quem
2687 589 2736 643 ei
2787 589 3163 656 Athenagoras
3206 587 3405 649 defert,

1755 677 1776 692 “’
1826 694 1951 738 ante
1975 699 2216 738 mensem
2242 682 2599 738 Novembrem
2627 681 2753 736 anni
2786 680 2890 735 176
2909 695 3014 734 non
3042 689 3127 733 est
3156 682 3400 748 adeptus.

1827 774 1934 828 Sed
1965 790 2086 827 cum
2112 784 2368 842 paternos
2395 771 2581 827 titulos
2612 772 2958 826 manifestum
2997 771 3213 825 sitcum
3237 769 3404 823 Com-

1827 868 1987 920 modo
2015 864 2404 922 communicari
2436 865 2504 919 ob
2531 863 2624 917 lilii
2655 874 2854 917 nomen
2880 871 2933 917 et
2951 858 3043 929 jus
3073 859 3406 914 hereditatis

1825 973 1856 1012 a
1897 968 2090 1014 natura
2139 965 2449 1026 acceptum;
2493 970 2612 1010 cur
2643 970 2748 1008 non
2779 954 2946 1007 etiam
2976 952 3026 1006 ei
3057 950 3405 1020 imperatoris

1828 1049 2018 1104 titulus
2059 1049 2225 1102 tribui
2271 1047 2463 1117 potuit,
2505 1057 2796 1114 antequam
2843 1044 2993 1097 illum
3030 1042 3257 1096 solemni
3309 1041 3404 1110 ile-

1826 1149 1980 1193 creto
2027 1136 2339 1207 acciperet?
2384 1135 2475 1190 Sic
2517 1135 2681 1188 etiam
2720 1147 2843 1187 eum
2882 1133 2960 1186 ait
2987 1131 3402 1198 Athenagoras:

1835 1227 1992 1280 Vobis
2020 1229 2160 1295 pam’
2200 1243 2262 1279 ac
2302 1226 2414 1290 ﬁlio
2444 1232 2629 1293 parent
2650 1223 2848 1284 omnia,
2880 1236 2986 1274 non
3026 1219 3254 1281 ascitum
3282 1230 3407 1271 esse

1829 1319 1880 1372 in
1930 1319 2139 1387 imperii
2191 1318 2506 1371 societatem
2554 1314 2908 1368 Commodum
2957 1311 3230 1382 signiticat
3276 1307 3402 1378 (etsi

1827 1410 1970 1464 enim
2018 1411 2310 1478 Augustus»
2344 1405 2540 1461 factus
2573 1414 2654 1460 est
2707 1418 2850 1458 anno
2894 1401 3022 1466 177,
3065 1417 3172 1454 non
3223 1408 3404 1453 tamen

1828 1499 2085 1558 credibile
2112 1507 2195 1553 est
2214 1509 2358 1561 eum,
2385 1494 2623 1565 quandiu
2653 1495 2790 1549 vixit
2817 1502 2992 1563 pater,
3020 1490 3407 1560 gubernanda—

1827 1604 1948 1645 ruin
1981 1605 2162 1650 rerum
2194 1588 2454 1658 plurimas
2480 1596 2665 1656 partes
2685 1584 3056 1653 sustinuisse),
3079 1584 3175 1637 sed
3203 1582 3403 1637 civium

1825 1684 2077 1736 allectum
2105 1681 2380 1757 exprimit,
2413 1680 2580 1735 lilium
2613 1681 2848 1750 patri'gin
2886 1679 3033 1733 omni
3061 1678 3326 1745 obsequio
3351 1686 3407 1729 ct

1827 1767 2208 1827 observatione
2231 1773 2655 1842 adjungentiuni.
2693 1769 2852 1824 Tanti
2882 1785 3013 1840 ergo
3043 1783 3165 1823 esse
3193 1785 3297 1820 nun
3318 1761 3407 1819 Ivi-

157 1868 453 1931 parabilem
489 1869 860 1937 intelllgimus,
885 1869 1123 1934 subjecta
1158 1866 1543 1920 suut'omniaJ
1581 1865 1719 1920 Prie-
1742 1863 1796 1917 Β
1825 1863 1986 1916 detur
2013 1865 2173 1918 allata
2203 1880 2230 1917 a
2267 1864 2612 1924 Tillemontio
2640 1865 2801 1926 ratio,
2831 1876 2887 1916 ut
2920 1864 3067 1915 hanc
3092 1859 3407 1929 Apologiam

155 1960 307 2010 clara
357 1973 483 2011 sane
516 1960 845 2026 comparatio
869 2000 882 2023 ,
920 1960 964 2013 si
1018 1960 1082 2013 de
1117 1960 1188 2014 Μ.
1219 1957 1450 2013 Aurelio
1473 1967 1527 2010 et
1552 1955 1716 2012 Com-

162 2050 324 2100 modo
350 2058 714 2116 agnum-cuin
739 2051 1036 2118 praesertim
1079 2052 1215 2104 satis
1259 2051 1456 2104 indicet
1483 2050 1721 2103 Athena-

158 2154 345 2203 goras,
379 2139 505 2206 quid
533 2140 744 2194 intersit
787 2141 926 2193 inter
957 2141 1195 2192 divinam
1224 2150 1276 2193 et
1307 2140 1595 2193 humanam
1627 2153 1721 2208 ge-

160 2229 520 2292 nerationem,
552 2229 678 2283 dum
739 2230 935 2288 Filium
977 2232 1065 2285 Dei
1095 2247 1122 2284 a
1152 2229 1313 2285 Patre
1345 2232 1585 2300 separari
1613 2246 1722 2287 non

161 2335 321 2384 posse
347 2320 608 2376 declarat.
638 2325 704 2375 At
731 2322 949 2392 indigna
982 2338 1208 2390 prorsus
1228 2333 1283 2378 et
1310 2319 1544 2378 absurda
1576 2338 1726 2378 com-

161 2416 374 2478 paratio
401 2413 614 2480 fuisset,
655 2417 699 2469 si
727 2417 794 2469 de
821 2416 889 2468 M.
925 2417 1142 2470 Aurelio
1173 2428 1227 2471 et
1268 2415 1434 2474 Lucio
1471 2419 1608 2485 Vero
1638 2416 1722 2474 lo-

161 2515 324 2558 nitns
357 2505 550 2559 fuisset
574 2509 966 2575 Athenagoras,
998 2523 1133 2575 quos
1166 2507 1364 2573 fratres
1418 2507 1590 2562 fuisse
1617 2523 1724 2562 non

164 2596 340 2660 potuit
371 2597 648 2665 ignorare.
689 2591 873 2666 Atque
893 2600 1058 2652 etiam
1108 2599 1153 2653 si
1206 2600 1306 2653 sibi
1345 2599 1591 2654 ﬁnxisset
1613 2599 1722 2653 Lu-

161 2687 309 2736 cium
346 2686 541 2738 Verum
570 2702 602 2740 a
649 2686 716 2741 Μ.
760 2689 984 2743 Aurelio
1015 2690 1328 2756 adoptatum
1362 2689 1561 2753 fuisse;
1589 2688 1726 2745 nihil

163 2788 341 2830 tamen
375 2780 544 2848 magis
586 2780 859 2849 pugnabat
907 2797 1031 2834 cum
1073 2781 1191 2835 aliis
1219 2781 1344 2847 ejus.
1363 2780 1432 2838 de
1459 2779 1728 2837 Trinitate

161 2869 467 2936 principiis,
503 2886 664 2938 quam
691 2863 1037 2925 ut'mternum
1079 2870 1173 2925 Dei
1221 2856 1414 2924 Filium
1447 2864 1568 2924 cum
1596 2870 1728 2925 ado-

163 2961 314 3025 ptis»)
345 2960 452 3013 tilio
475 2972 827 3028 compararet.

230 3053 346 3105 iluc
379 3054 582 3105 accedit
609 3056 748 3124 quod
812 3053 996 3108 Oratio
1043 3053 1092 3108 iu
1144 3059 1400 3112 omnibus
1440 3057 1726 3112 codicibus

164 3146 481 3196 inscribitur
535 3147 956 3213 imperatoribus
988 3147 1063 3214 Μ,
1116 3149 1330 3202 Aurelio
1368 3143 1650 3212 Antonino,
1675 3162 1725 3218 et

163 3235 224 3288 L.
279 3239 490 3288 Aurelio
546 3235 855 3300 Commodo,
911 3242 1255 3306 Arnieniacis,
1305 3242 1619 3297 Sarmaticis
1650 3255 1721 3309 et,

161 3330 302 3391 quod
333 3343 616 3379 nummum
673 3339 767 3392 est,
807 3329 1145 3397 pliiloroiiliis.
1176 3331 1342 3384 Porro
1397 3333 1615 3395 Lucius,
1655 3352 1724 3388 ex

166 3436 272 3484 quo
305 3418 426 3472 Veri
489 3437 683 3472 nomen
732 3438 854 3474 cum
915 3406 1142 3492 imperio
1174 3428 1404 3493 accepit,
1447 3439 1720 3496 nunquam

163 3513 494 3565 L‘ommodus
532 3515 836 3580 appellatus
859 3527 961 3574 est,
994 3517 1092 3568 nisi
1123 3517 1262 3570 forte
1293 3519 1360 3572 ab
1393 3511 1725 3590 Hieronymo
1755 3532 1757 3534 '

164 3619 267 3653 non
303 3604 418 3653 sine
464 3605 608 3669 gravi
661 3605 1100 3670 halluciuatione,
1138 3623 1255 3676 qua!
1289 3615 1338 3664 in
1399 3612 1718 3680 scriptorem

162 3694 420 3760 :i-qttalcm
447 3710 550 3746 non
585 3696 750 3748 cadit.
804 3696 986 3764 Neque
1039 3701 1199 3753 etiam
1231 3700 1396 3754 Lucio
1428 3702 1568 3755 V'ero
1594 3719 1723 3756 con-

163 3788 311 3852 gruit
340 3785 630 3842 Sarmatici
687 3805 1010 3858 cognomen,
1063 3771 1204 3859 quod
1256 3809 1322 3846 ne
1371 3795 1483 3862 ipse
1507 3792 1721 3862 quidem

163 3878 504 3934 [Aurelius
555 3894 680 3936 ante
735 3901 932 3937 annum
969 3884 1072 3939 170
1119 3899 1213 3942 aut
1259 3887 1398 3951 forte
1429 3891 1591 3945 etiam
1625 3893 1722 3945 174

163 3973 473 4038 assumpsit.
510 3973 659 4038 Quod
692 3977 767 4028 ait
809 3977 1188 4047 Athenagoras
1237 3979 1486 4038 Proteum
1523 3978 1722 4039 semet-

164 4065 332 4130 ipsum
361 4068 488 4134 περὶ
523 4066 616 4146 τὴν
633 4061 936 4138 Ὀλυμπίαν
970 4071 1348 4139 comhitssisse,
1387 4076 1437 4127 id
1473 4075 1544 4128 ita
1580 4078 1714 4130 acci-

165 4158 235 4218 pit
261 4156 581 4218 Dudvrellus,
607 4160 760 4224 quasi
813 4160 951 4213 idem
991 4162 1194 4215 valeret
1222 4178 1286 4216 ac
1327 4165 1377 4216 in
1411 4166 1509 4218 hac
1537 4165 1714 4234 Olym-

165 4248 334 4311 piade.
364 4249 447 4308 At,
489 4249 700 4301 etiamsi
729 4249 1037 4320 Olympicos
1065 4254 1217 4306 ludos
1241 4256 1576 4324 designasset
1624 4262 1723 4313 hac

167 4352 295 4388 mce
352 4338 768 4403 Athenagoras,
815 4357 916 4392 nou
977 4358 1094 4395 eam
1148 4341 1522 4412 Olympiadem
1575 4348 1722 4400 desi-

166 4439 379 4493 gnasset
413 4430 464 4478 iu
495 4444 594 4494 qua
625 4431 893 4482 scribebat
920 4451 931 4485 :
962 4448 1061 4483 non
1091 4436 1258 4502 magis
1290 4435 1532 4500 profecto
1558 4437 1721 4504 quam

166 4535 283 4567 cum
311 4521 403 4579 ait,
441 4536 493 4570 ii.
534 4519 616 4581 14,
652 4524 850 4572 caulem
884 4538 911 4574 a
945 4523 1572 4596 Tlieagcne’O‘Aopmici
1601 4544 1724 4594 pcr-

163 4619 449 4675 ui-tratam.
486 4610 756 4676 Ejusmodi
816 4617 1036 4669 vocibus
1091 4620 1298 4685 antiqui
1351 4601 1493 4672 nunc
1547 4623 1718 4691 ipsam

169 4707 373 4762 urbem,
406 4719 545 4755 nunc
576 4719 699 4756 cum
727 4706 858 4759 urbe
914 4709 1057 4773 ipsos
1085 4709 1238 4762 ludos
1269 4710 1572 4780 designant.
1629 4714 1720 4770 Sic

170 4791 546 4854 Philostratus,
589 4791 690 4844 Vit.
729 4794 902 4860 Apo!.,
933 4812 1003 4858 tv,
1040 4799 1072 4851 8
1142 4801 1346 4852 Ὄντων
1378 4785 1718 4872 Ὀλυμπίων·

168 4896 284 4944 mp.
319 4882 370 4936 9.
403 4884 460 4933 ὲν
486 4883 774 4953 Ὀλυμπίᾳ,
809 4889 924 4939 κατ’
958 4875 1353 4958 Ὀλυμπίαν,ει
1378 4911 1429 4948 c.
1463 4895 1548 4957 11,
1587 4899 1713 4966 μετὰ

167 4971 258 5036 τὴν
287 4971 616 5039 Ὀλυμπίαν
651 4975 914 5038 λΕΙίίιιιυε..
939 4979 1031 5031 lib.
1066 4996 1140 5043 tv,
1173 4998 1221 5034 c.
1254 4984 1307 5049 9,
1341 4987 1398 5037 ὲν
1431 4987 1720 5059 Ὀλυμπίᾳ,

169 5073 218 5111 ct
243 5062 336 5113 lib.
365 5079 442 5126 Ix,
472 5080 596 5132 cap.
637 5065 728 5128 34,
759 5069 834 5132 εἰς
863 5069 1156 5138 Ὀλύμπια.
1662 5115 1666 5118 -

239 5155 317 5207 lti'.
362 5155 470 5210 lloc
492 5174 627 5224 opus
660 5173 784 5214 ante
820 5175 1018 5216 annum
1049 5167 1149 5220 176
1173 5179 1265 5222 aut
1292 5170 1393 5223 177
1426 5173 1586 5225 scribi
1618 5191 1722 5227 non

175 5248 404 5306 potuisse
435 5249 624 5313 probat
650 5265 856 5303 summa
890 5255 976 5306 illa
1005 5271 1128 5322 pax,
1161 5253 1321 5325 quam
1345 5271 1457 5314 toto
1487 5264 1617 5316 orbe
1643 5282 1728 5318 re—

174 5353 330 5400 gnare
359 5339 432 5387 ait
460 5339 855 5406 Athenagoras,
890 5357 1036 5394 num.
1073 5345 1122 5395 i.
1166 5344 1321 5408 Nam,
1359 5359 1416 5399 ut
1441 5349 1734 5404 observant

176 5428 428 5480 BarOltillS
466 5438 519 5480 et
567 5427 964 5496 Tillcniontius,
996 5436 1047 5486 in
1080 5415 1192 5488 toto
1220 5436 1287 5489 lli.
1319 5439 1518 5492 Aurelii
1567 5442 1736 5507 impc~

178 5518 249 5568 rio
295 5519 382 5570 vix
424 5519 587 5570 ullum
619 5531 844 5586 tempus,
880 5535 1076 5590 printer
1111 5541 1309 5578 annum
1343 5527 1442 5580 176
1467 5537 1524 5584 et
1555 5529 1732 5588 i77.a

179 5611 320 5662 bellis
353 5625 578 5663 vacuum
613 5612 872 5679 reperias.

241 5772 278 5798 "'
315 5767 474 5822 l’rov.
514 5785 624 5836 xxi,
663 5771 711 5820 l.
788 5771 830 5801 ”
859 5769 1115 5830 Biblioth.
1149 5775 1269 5843 Gr.,
1307 5786 1436 5831 tom.
1465 5775 1527 5830 ν.

1823 1967 1968 2007 anno
1999 1953 2097 2005 177
2123 1954 2458 2009 addicamus.
2489 1953 2609 2011 Sed
2628 1953 2773 2007 illius
2804 1953 2870 2006 ad
2900 1968 3102 2006 annum
3130 1950 3231 2006 176
3263 1948 3407 2002 refe-

1822 2044 2001 2098 rendae
2053 2038 2432 2100 necessitatem
2485 2032 2766 2113 imponere
2814 2043 3028 2098 videtur
3089 2050 3406 2110 susceptum

1824 2138 1924 2203 hoc
1955 2143 2102 2192 anno
2136 2140 2242 2192 iter
2267 2151 2299 2191 a
2332 2133 2401 2190 Μ.
2431 2137 2654 2192 Aurelio
2689 2137 2740 2190 in
2775 2131 3065 2197 Grarciam,
3095 2133 3316 2204 Syriam
3346 2142 3400 2186 et

1819 2229 2136 2299 Aigyptum.
2169 2228 2296 2283 Sive
2325 2230 2471 2284 enim
2522 2227 2748 2282 Athenis
2782 2225 2979 2280 vixerit
3009 2224 3406 2292 Athenagoras,

1823 2331 1881 2375 ut
1929 2336 1995 2374 ex
2043 2305 2352 2390 philosophi
2383 2316 2736 2381 Atheniensis
2768 2317 2942 2374 titulo
2976 2315 3157 2384 colligi
3200 2323 3408 2383 posset,

1782 2426 1792 2489 ς
1823 2408 1937 2467 sive
1975 2412 2351 2482 Alexandriae;
2380 2411 2735 2480 imperatoris
2761 2407 3048 2479 praesentia
3079 2405 3162 2461 bis
3187 2407 3246 2458 in
3275 2403 3411 2458 locis

1821 2504 2265 2573 percommodam
2302 2502 2486 2555 attulit
2519 2497 3186 2556 occasionem-Merenda
3216 2493 3413 2562 Apolo-

1809 2597 1924 2664 -giie
1950 2609 1969 2646 :
2000 2600 2103 2653 nec
2133 2596 2459 2662 quemquam
2491 2594 2760 2647 dicturum
2819 2601 2952 2661 puto
2993 2588 3408 2673 Athenagoram

1824 2689 2187 2756 praetermissa
2213 2687 2335 2741 hac
2384 2686 2676 2741 occasione
2725 2685 2953 2738 Romam
2984 2697 3130 2734 anno
3160 2676 3409 2746 sequenti

1824 2777 2061 2843 venisse,
2093 2788 2152 2832 ut
2183 2779 2284 2834 hoc
2318 2779 2408 2834 sui
2457 2779 2508 2832 in
2555 2777 2852 2832 Ecclesium
2884 2773 3088 2828 amoris
3131 2770 3410 2840 specimen

1827 2872 2034 2927 ederet.
2815 2928 2819 2933 ,
2934 2888 2937 2891 ·

1879 2983 1922 3017 .i
1959 2961 2152 3017 Baiiius
2203 2961 2254 3014 in
2298 2959 2490 3013 Lexico
2517 2959 2773 3012 historico
2803 2955 3008 3012 Gallice
3035 2955 3207 3025 edito,
3235 2950 3412 3021 inquit

1828 3055 2490 3127 Fabricius",nunquam
2532 3053 2767 3105 oblatam
2820 3049 3033 3118 publico
3073 3046 3389 3101 Christiano

1831 3162 1950 3199 rnm
1982 3151 2199 3199 nomine
2226 3154 2398 3214 putat,
2426 3144 2523 3196 sed
2548 3142 2753 3195 tantuni
2778 3142 3036 3207 scriptam
3056 3138 3308 3205 privatim
3342 3137 3411 3188 ab

1828 3241 2198 3308 Athenagora,
2239 3237 2462 3305 perinde
2513 3244 2571 3287 ut
2623 3235 2676 3286 in
2709 3233 2892 3303 Gallia
2951 3230 3020 3282 ab
3071 3218 3214 3286 anno
3271 3222 3411 3283 1684

1827 3333 1980 3385 multi
2032 3343 2062 3383 e
2119 3326 2427 3381 reformatis
2472 3323 2910 3394 persecutionem
2970 3322 3150 3390 passis
3199 3319 3409 3372 libellos

1825 3420 2089 3489 ejuSmodi
2137 3419 2409 3488 supplices
2454 3426 2508 3469 et
2546 3414 2822 3483 apologias
2863 3412 2931 3464 ad
2964 3427 3144 3479 regem
3176 3411 3412 3478 scripse-

1826 3523 1952 3567 runt
2000 3512 2416 3578 edideruntqnc,
2468 3511 2580 3575 regi
2638 3513 2908 3574 nunquam
2963 3503 3194 3556 oblatas.
3252 3521 3270 3552 ι
3306 3501 3414 3555 lni-

1825 3618 1986 3672 quam
2015 3617 2137 3656 esse
2169 3601 2308 3654 hanc
2334 3607 2398 3651 de
2431 3600 2771 3664 Athenagora
2805 3595 3117 3672 opinionem
3149 3593 3410 3647 fatebitur

1823 3671 2076 3759 quisquis.
2095 3691 2266 3759 ipsam
2295 3689 2606 3756 Apologium
2634 3671 2944 3741 accuratius
2971 3684 3264 3754 expendet.
3291 3682 3409 3750 Ipse

1825 3784 2011 3836 titulus
2042 3772 2440 3851 Athenagoram
2473 3780 2634 3845 legati
2663 3778 2898 3844 quodam
2921 3790 3146 3829 munere
3181 3775 3409 3843 perfun-

1825 3876 1875 3942 gi
1905 3876 2077 3926 docet.
2120 3870 2199 3924 Eo
2221 3873 2441 3939 'spectat
2480 3879 2588 3921 tota
2621 3868 2763 3920 illius
2788 3867 2988 3942 oratio,
3025 3873 3079 3919 ut
3109 3866 3406 3932 imperato,

1828 3941 1902 4020 ris
1939 3963 2370 4017 benevolentiam
2401 3961 2728 4016 Christianis
2759 3941 3044 4021 cuncitiet;
3092 3958 3401 4014 dissimulat

1828 4054 2174 4122 imperatoris
2197 4049 2248 4105 in
2277 4053 2618 4106 Christianos
2647 4050 2831 4120 odium
2862 4063 3078 4103 causam
3129 4061 3249 4100 esse
3284 4059 3408 4114 per-

1827 4147 2148 4209 secutiouis,
2180 4146 2277 4198 sed
2302 4137 2639 4209 Christianos
2663 4142 2848 4196 vexari
2871 4144 2926 4194 et
2949 4139 3122 4198 occidi
3152 4140 3252 4200 ait,
3279 4139 3408 4205 quia

1785 4268 1788 4271 -
1830 4241 2086 4297 illosnon
2109 4234 2606 4302 tuetur-patrocinio
2634 4247 2734 4285 suo
2759 4233 3051 4298 imperator
3074 4245 3088 4279 :
3109 4226 3410 4282 inexordio

1824 4345 1878 4385 et
1907 4329 2261 4384 conclusione
2289 4335 2342 4379 et
2370 4325 2614 4393 pluribus
2645 4322 2766 4375 aliis
2792 4324 2844 4374 in
2867 4321 3002 4374 locis
3035 4319 3180 4372 illius
3219 4319 3411 4376 laudes

1828 4421 1984 4489 plena
2028 4433 2187 4477 manu
2236 4418 2291 4469 in
2347 4425 2492 4468 astra
2547 4414 2712 4475 tollit,
2759 4413 2920 4468 eione
2957 4428 3021 4464 ac
3070 4411 3188 4478 ejus
3224 4410 3407 4461 domui

1827 4511 2167 4564 Christianos
2198 4508 2436 4562 maximo
2465 4507 2643 4560 studio
2681 4516 2737 4558 et
2778 4505 3041 4571 obsequio
3072 4504 3260 4555 ailix‘os
3291 4517 3413 4556 esse

1830 4602 2192 4661 asseverat“.
2225 4600 2366 4667 Quot
2395 4599 2615 4653 adhibet
2660 4608 3005 4667 argumenta,
3037 4597 3260 4650 totidem
3307 4595 3414 4646 titi-

1834 4711 1922 4754 tur
1945 4695 2330 4752 occasionibus
2367 4693 2651 4746 deliniendi
2683 4691 3029 4758 imperatoris
3058 4703 3107 4743 et
3138 4689 3413 4764 perhono-

1833 4795 1984 4848 ritice
2013 4790 2343 4861 appellandi.
2376 4789 2508 4853 Quis
2543 4802 2648 4838 non
2679 4788 2825 4838 ridet
2854 4787 2924 4837 ita
2954 4785 3238 4840 disserenti
3278 4783 3420 4848 scrin

1833 4887 1976 4954 ptori
2008 4884 2148 4937 idem
2188 4899 2251 4936 ac
2279 4880 2491 4935 Justino
2520 4891 2571 4933 et
2603 4880 2828 4932 Tatiano
2858 4880 2909 4930 in
2940 4875 3282 4952 Orationibus
3313 4881 3412 4927 mt-

1835 4993 2014 5029 rerrur
2043 4974 2281 5036 Urit-cor,
2328 4966 2595 5026 Clementi
2629 4971 2680 5022 in
2718 4966 3076 5035 Protreptiro,
3107 4965 3327 5034 Origeui
3361 4968 3412 5024 in

1835 5071 1991 5123 libris
2020 5075 2203 5126 contra
2237 5063 2836 5132 Celsum,.proposituni
2871 5076 2974 5112 non
2999 5075 3140 5119 esse,
3176 5067 3236 5109 ut
3274 5057 3406 5108 veri-

1836 5167 1998 5210 tatem
2025 5155 2301 5225 religionis
2325 5152 2648 5218 Cliristiauac
2673 5150 3054 5203 tantummodo
3077 5150 3415 5202 demonstret
3509 5221 3512 5224 ί

1835 5267 1896 5304 ac
1919 5239 2132 5304 errores
2155 5238 2432 5316 gentilium
2461 5257 2669 5317 arguat,
2695 5247 2788 5299 Sed
2828 5245 2955 5314 illud
2991 5245 3156 5296 etiam
3181 5241 3415 5300 maxime

1838 5357 1895 5397 ut
1948 5343 2336 5412 persecutionis
2393 5343 2552 5395 linem
2610 5338 2891 5407 impetret?
2925 5339 3150 5390 Videtur
3199 5335 3301 5388 sibi
3349 5339 3416 5391 ad

1842 5437 2160 5498 imitandum
2195 5435 2543 5504 proposuisse
2574 5433 2854 5498 Apologia:
2893 5428 2952 5482 S.
2988 5428 3208 5488 limini,
3265 5427 3419 5494 cujus

1839 5527 2084 5594 exemplo
2117 5541 2214 5579 nec
2246 5527 2570 5580 atheisnium
2607 5539 2730 5576 cum
2759 5529 2960 5576 sancta
2986 5518 3270 5573 Trinitatis
3297 5518 3416 5572 cul-

1842 5630 1922 5685 tu,
1951 5633 2047 5673 nec
2073 5619 2175 5673 alia
2208 5619 2447 5674 facinora
2479 5633 2600 5671 cum
2630 5615 2871 5670 moribus
2893 5622 2946 5669 et
2979 5612 3224 5667 doctrina
3259 5611 3415 5666 Ctiri.

1605 5777 1648 5809 ³⁸
1680 5775 1741 5830 Ν.
1777 5777 1808 5830 ι
1842 5787 1893 5831 ct
1924 5777 2008 5832 38.
