4140 6414
763 348 873 404 187

1681 343 1738 398 S.
1775 342 2107 398 JUSTINUS
2131 337 2610 396 PHILOSOPHUS
2643 335 2729 391 ET
2758 335 3064 392 MARTYR.

3903 330 4027 384 188

759 465 1058 518 stianornm
1084 464 1381 516 consistere
1404 476 1562 533 posse
1581 460 1941 516 demonstrat.
1964 459 2161 520 Ducem
2185 463 2336 530 sequi
2367 476 2412 529 Α
2447 472 2662 525 uagam
2693 455 2890 523 prodiit
2923 468 3065 506 anno
3108 451 3246 506 l569
3289 466 3426 518 opus
3457 450 3532 504 De
3560 459 3748 503 verae!
3778 448 4023 516 perfecto

755 555 1029 610 Jnstinum
1062 555 1290 616 videtur,
1315 569 1438 608 cum
1463 554 1730 623 queritur,
1762 555 1904 622 quod
1932 555 2106 609 solum
2137 569 2329 608 nomen

756 647 812 701 in
851 646 1176 703 Christianis
1217 645 1528 708 damnetur,
1562 661 1710 698 num.
1747 645 1803 713 2,
1847 656 1970 700 cum
2006 647 2238 715 postulat
2273 656 2330 698 ut

751 737 941 790 eadem
983 739 1036 789 in
1067 736 1188 790 illos
1222 751 1286 789 ac
1333 735 1386 789 in
1435 735 1570 789 alios
1621 735 1869 790 homines
1917 735 2106 803 judicii
2154 735 2328 792 forma

751 837 1044 892 servetur;
1080 842 1202 881 cum
1237 828 1643 897 persecutiones
1673 843 1776 881 non
1822 827 2043 882 aliunde
2072 828 2206 882 oriri
2233 829 2328 883 (ἰθτ

750 919 944 982 elarat,
975 933 1135 987 quam
1180 935 1246 973 ex
1290 919 1514 988 antiqua
1566 919 1682 973 vitii
1726 935 1848 974 cum
1893 919 2090 972 virtute
2123 935 2321 988 pugna,

748 1009 970 1078 num.5,
995 1024 1115 1063 cum
1139 1007 1480 1062 Christianos
1509 1010 1578 1062 ab
1610 1009 1711 1062 hac
1743 1009 1851 1062 vita
1880 1007 1947 1061 ad
1975 1008 2136 1061 aliam
2165 1008 2323 1077 longe

747 1101 1022 1155 meliorem
1051 1116 1170 1154 cum
1198 1101 1306 1154 Deo
1335 1110 1390 1154 et
1419 1099 1560 1170 apud
1588 1100 1751 1154 Deum
1781 1101 2169 1154 traducendum
2196 1116 2321 1169 pro-

745 1192 913 1246 licisci
941 1191 1119 1256 docet,
1154 1206 1304 1244 num.
1345 1190 1436 1253 li,
1474 1202 1528 1246 et
1575 1207 1695 1246 cum
1725 1192 1791 1246 de
1822 1193 2134 1262 angelorum
2165 1191 2316 1261 lapsu

741 1282 1004 1352 loquitur,
1039 1299 1187 1336 num.
1214 1283 1302 1336 24.

809 1373 1085 1428 Justinnm
1119 1377 1274 1440 longe
1303 1387 1526 1443 superat
1563 1375 1935 1442 Athenagoras
1972 1377 2207 1445 expolita
2237 1379 2315 1432 di-

737 1467 892 1520 cendi
923 1482 1144 1535 genere,
1171 1469 1375 1522 ordinis
1419 1479 1703 1524 venustate
1728 1481 1782 1524 et
1814 1472 2086 1538 peracutis
2126 1471 2194 1524 ad
2223 1487 2314 1525 ca—

738 1559 991 1627 ptamlam
1045 1559 1470 1614 benevolentiam
1523 1561 1960 1617 circuitionibus.
2002 1561 2312 1631 Simplicior

735 1647 879 1701 enim
908 1645 1151 1702 Justinus
1182 1661 1237 1703 et
1273 1652 1484 1720 parcior
1517 1651 1569 1705 in
1614 1651 1909 1706 laudando.
1940 1652 2092 1718 Quod
2123 1653 2168 1705 si
2203 1669 2308 1706 non

739 1751 843 1791 tam
877 1739 1038 1792 tnnlta
1081 1754 1112 1793 e
1150 1739 1450 1810 Scripturis
1475 1752 1530 1796 et
1553 1741 1757 1797 Christi
1806 1743 2077 1813 mysteriis
2115 1745 2310 1813 repetit

2434 566 2637 615 amore,
2670 549 2853 602 verbis
2899 546 3115 614 quidem
3164 561 3194 597 e
3242 543 3429 598 Graeco
3459 558 3708 599 sermone
3735 540 4019 597 Gallicum

2433 639 2661 701 factum,
2708 636 2804 692 sed
2849 651 3036 690 revera
3066 651 3094 686 a
3128 645 3418 702 personata
3452 635 3747 702 interprete
3787 630 4019 684 Fummo

2430 732 2479 786 ia
2493 731 2779 795 bricatum,
2800 731 2885 784 cui
2919 729 3124 782 larvam
3150 728 3366 796 egregie
3393 727 3689 781 detractam
3718 725 3840 780 vide
3860 725 4018 792 apud

2427 821 2758 883 Fabricium,
2799 830 2929 873 tom.
2964 818 3026 881 V,
3064 817 3313 870 Biblioth.
3340 814 3455 880 σι’..
3487 831 3539 885 p.
3566 817 3653 870 88.

2499 912 2782 979 Displicuit
2820 909 3044 964 Petavio
3070 910 3214 978 quod
3261 909 3337 962 ait
3375 909 3749 976 Athenagoras
3796 909 3852 962 in
3898 909 4018 962 hoc

2426 1002 2504 1056 De
2533 1002 2913 1055 resurrectione
2946 1001 3106 1064 libro,
3154 1016 3209 1052 ιι.
3243 1000 3329 1064 ll,
3383 1009 3477 1054 aut
3505 999 3694 1054 saltem
3727 1001 3872 1069 quod
3903 1001 4018 1054 do-

2423 1091 2667 1146 ctissimo
2697 1090 2945 1158 theologo
2974 1089 3125 1142 visus
3153 1100 3235 1144 est
3259 1090 3460 1155 dicere,
3496 1109 3513 1141 ι
3543 1091 3680 1158 quod
3707 1089 3851 1144 Deus
3879 1102 4019 1160 pot-

2421 1191 2505 1234 est
2536 1181 2584 1234 id
2611 1196 2732 1234 eum
2762 1181 2916 1243 velle,
2940 1190 2994 1234 et
3022 1182 3166 1251 quod
3202 1179 3306 1232 vult
3337 1181 3389 1232 id
3412 1182 3630 1234 omnino
3655 1197 3835 1249 posse,
3859 1203 3876 1234 ι
3904 1185 4018 1236 καὶ

2419 1273 2477 1325 τὸ
2521 1273 2744 1326 δυνατὸν
2793 1273 3048 1342 βουλητὸν
3088 1274 3180 1324 καὶ
3226 1272 3284 1324 τὸ
3310 1273 3386 1342 τῷ
3413 1273 3529 1342 Θεῷ
3572 1273 3822 1344 βουλητὸν
3856 1275 3975 1326 πάν
4012 1304 4019 1311 -

2419 1379 2524 1424 τως
2556 1360 2693 1417 εἶναι
2727 1362 2968 1416 δυνατόν.
3007 1361 3113 1417 Sed
3147 1362 3277 1415 nihil
3307 1373 3554 1431 superest
3591 1363 3927 1419 dillicultatis
3956 1365 4026 1421 si,

2417 1454 2566 1508 locus
2606 1464 2864 1508 accurate
2906 1456 3265 1522 expendatur.
3298 1455 3414 1508 Non
3463 1457 3606 1509 enim
3643 1457 3772 1510 illud
3803 1457 4020 1528 βουληο

2416 1547 2507 1598 τόν
2542 1546 2676 1599 dicit
2708 1547 3108 1616 Athenagoras,
3141 1546 3284 1614 quod
3320 1547 3460 1602 Deus
3492 1548 3756 1602 facturum
3800 1565 3863 1602 se
3907 1550 4015 1604 tle-

2414 1638 2606 1703 erevit,
2629 1637 2723 1692 sed
2747 1639 2889 1706 quod
2917 1640 3052 1691 velle
3079 1649 3276 1706 potest.
3305 1639 3396 1693 Sic
3420 1650 3599 1700 antea.
3627 1657 3681 1694 ιι.
3718 1642 3804 1702 10.
3833 1640 4017 1694 ἁδού-

2412 1726 2571 1797 λητον
2601 1727 2852 1796 intelligit
2884 1728 2933 1779 id
2967 1729 3113 1795 quod
3158 1728 3298 1781 Deus
3347 1730 3482 1782 Velle
3521 1746 3625 1781 non
3673 1740 3872 1798 potest.
3910 1733 4013 1783 Ait

732 1829 1132 1898 Athenagoras,
1162 1847 1323 1900 quam
1354 1833 1518 1887 multa
1544 1835 1683 1902 apud
1707 1832 1979 1887 Justinum
2011 1835 2098 1888 his
2125 1835 2192 1889 de
2224 1851 2293 1890 re-

2410 1819 2554 1871 enim
2593 1817 2799 1871 idcirco
2829 1818 3124 1887 ἀϐούλητον
3151 1835 3293 1883 esse,
3325 1821 3450 1888 quia
3497 1821 3576 1873 vel
3619 1821 3880 1887 injustum
3915 1834 4009 1877 est

731 1919 834 1974 bus
856 1933 1150 1976 occurrunt
1187 1945 1198 1977 :
1231 1923 1442 1976 videtur
1469 1925 1656 1994 petitis
1682 1941 1748 1979 ex
1783 1925 1992 1980 ratione
2021 1940 2303 1996 argumen-

735 2013 1263 2082 tis.singnlaritatem
1296 2017 1414 2082 Dei,
1443 2027 1496 2070 et
1523 2018 1942 2073 simulacrormn
1971 2021 2151 2075 cultus
2175 2021 2309 2076 stul-

729 2104 902 2157 titiam
952 2105 1326 2161 demoustrare
1375 2107 1632 2162 maluisse
1678 2121 1731 2162 et
1775 2109 1828 2162 in
1883 2111 1970 2164 his
2002 2110 2304 2177 immorari,

727 2193 853 2264 quia
883 2193 1022 2248 hanc
1049 2196 1355 2265 diSputaudi
1389 2198 1654 2253 rationem
1678 2199 1984 2270 philosophi
2016 2202 2304 2270 imperato-

728 2290 804 2341 ris
828 2289 1049 2343 auribus
1074 2290 1369 2357 gratiorem
1401 2289 1634 2345 l'tttnram
1665 2295 1939 2362 sperabat.
1963 2292 2096 2348 Dum
2122 2303 2304 2348 autem

725 2382 780 2434 in
817 2382 899 2435 his
929 2392 1247 2449 occupatur,
1277 2384 1428 2438 visus
1457 2395 1540 2438 est
1575 2384 1793 2438 Petavin
1824 2385 1949 2455 (lib.
1983 2401 2020 2450 ι,
2053 2385 2130 2439 De
2169 2385 2300 2455 Deo,

726 2486 850 2540 pag.
881 2469 988 2539 85)
1023 2473 1322 2526 accidentia
1369 2472 1421 2524 in
1453 2471 1563 2526 Deo
1593 2473 1901 2528 admittere.
1936 2475 2106 2530 Vocat
2146 2475 2232 2530 ille
2259 2478 2300 2507 ⁸¹

722 2561 940 2629 quidem
972 2561 1066 2616 Dei
1099 2563 1358 2616 attributa
1388 2562 1456 2615 τὰ
1475 2561 1979 2635 ἐπισυμϐεϐηκότα,
2007 2581 2072 2620 ac
2100 2567 2300 2621 bonum

721 2653 833 2707 Deo
877 2653 1051 2708 inesse
1096 2653 1228 2707 dicit
1277 2651 1418 2705 κατὰ
1455 2653 1818 2725 ωμὸεϐηκός,
1870 2658 1963 2711 sed
2014 2673 2136 2712 cum
2187 2659 2301 2726 ipse

721 2753 956 2799 mentem
992 2759 1147 2799 suam
1180 2745 1409 2814 aperiat,
1443 2760 1549 2799 non
1603 2747 1818 2801 videtur
1864 2749 1914 2802 ei
1967 2750 2037 2801 ob
2070 2748 2295 2804 verbum

721 2833 786 2888 lis
810 2834 1177 2905 impingenda,
1213 2837 1300 2889 uhi
1327 2837 1590 2892 sententia
1634 2838 1684 2890 in
1716 2847 1830 2892 tuto
1860 2850 1961 2894 est.
1999 2841 2171 2895 Simili
2216 2843 2300 2895 in-

718 2927 995 2996 dulgentia
1053 2931 1311 2982 utendum
1362 2930 1416 2983 in
1470 2929 1894 2997 Tertulliannm,
1938 2935 2080 3002 apud
2130 2948 2293 3002 quem

716 3021 907 3073 eodem
955 3034 1118 3074 sensu
1167 3022 1428 3076 attributa
1488 3022 1580 3076 Dei
1633 3035 1898 3079 vocantur
1946 3027 2290 3096 appendices,

714 3108 810 3165 lib.
844 3126 859 3165 I
893 3111 944 3165 in
980 3110 1174 3178 Marc.,
1208 3129 1327 3181 cap.
1359 3113 1448 3168 9.5.

788 3203 852 3259 Υ.
895 3205 1298 3274 Athenagoram
1333 3208 1499 3261 ntulta
1529 3209 1814 3278 scripsisse
1842 3211 2117 3281 cnnjicere
2161 3229 2288 3279 pos-

715 3311 904 3351 sumus
929 3313 994 3350 ex
1031 3298 1183 3352 initio
1213 3299 1336 3353 libri
1376 3299 1449 3353 De
1479 3303 1880 3364 resurrectione.
1917 3304 2006 3358 ubi
2039 3316 2288 3373 testatur,

713 3407 769 3444 se
797 3405 1172 3459 nonnunquam
1201 3407 1462 3446 sermones
1486 3409 1579 3460 pro
1609 3395 1826 3448 veritate
1853 3398 1940 3459 iis,
1972 3414 2091 3467 qua:
2113 3404 2176 3452 de
2206 3416 2292 3452 ve-

715 3482 873 3535 ritate
901 3482 1178 3546 habentur,
1207 3487 1543 3552 prtrmittere,
1573 3487 1731 3554 idque
1755 3487 1843 3542 illo
1869 3489 1920 3541 in
1945 3488 2085 3544 libro
2109 3492 2290 3548 facere

711 3572 986 3625 statuisse.
1021 3572 1138 3636 Quo
1171 3584 1411 3641 tempore
1463 3575 1563 3628 hoc
1607 3591 1743 3644 opus
1792 3579 2055 3646 scriptum
2101 3579 2286 3646 fuerit,

712 3674 953 3718 statuere
986 3680 1090 3717 non
1120 3681 1376 3732 possum;
1412 3667 1506 3720 sed
1529 3676 1708 3722 tamen
1736 3669 1990 3737 Apologia
2019 3674 2289 3739 posterius

712 3753 948 3816 videtur,
975 3769 1136 3821 quam
1173 3759 1250 3808 sic
1278 3756 1528 3821 absolvit,
1556 3769 1613 3811 ut
1649 3759 2073 3826 disputationem
2108 3761 2176 3815 de
2202 3777 2290 3815 re-

713 3849 1049 3900 surrectione
1097 3849 1332 3902 nondum
1369 3851 1700 3918 suscepisse,
1736 3852 1830 3905 sed
1882 3854 1934 3905 in
1970 3853 2114 3906 aliud
2148 3863 2286 3908 tem-

711 3953 813 4007 pus
836 3937 1054 3994 dillerre
1081 3941 1349 3994 videatur.
1379 3941 1468 3994 Sic
1494 3943 1637 3994 enim
1664 3943 1902 4011 loquitur
1931 3963 1944 3997 :
1981 3945 2137 3997 Ἀλλὰ
2157 3947 2288 3998 ἁνα-

713 4031 913 4083 κείσΘω
936 4033 1032 4102 μὲν
1053 4033 1080 4082 ὁ
1103 4032 1230 4103 περὶ
1248 4031 1345 4102 τῆς
1367 4032 1715 4097 ἀναστάσεως
1740 4035 1914 4101 λόγος.
1939 4036 2071 4090 (Sed
2099 4037 2199 4090 lhc
2223 4039 2287 4092 de

709 4125 1100 4177 resurrectione
1129 4125 1496 4192 disputatione
1531 4128 1997 4194 supersedeainus.
2036 4149 2052 4180 ι
2087 4130 2288 4195 Quant-

705 4217 786 4268 vis
838 4215 1058 4268 minime
1109 4215 1331 4269 dnhinm
1384 4219 1455 4271 sit
1503 4221 1632 4285 quin
1686 4220 1798 4271 haec
1845 4220 2143 4287 disputatio
2181 4235 2283 4273 non

706 4309 1049 4374 promintiata
1100 4310 1194 4360 sed
1246 4310 1443 4368 scripta
1480 4309 1661 4373 fuerit,
1702 4311 1780 4364 sic
1813 4319 1989 4364 tamen
2024 4312 2284 4380 loquitur,

704 4411 756 4447 ιι.
789 4396 1063 4462 25,'quasi
1109 4400 1156 4450 ei
1210 4402 1544 4468 propositum
1598 4402 1668 4454 sit
1706 4403 2003 4453 summatim
2050 4402 2151 4464 his,
2196 4403 2279 4472 qui

2409 1908 2494 1960 Vel
2537 1909 2811 1979 indignum
2856 1910 2984 1963 Deo.
3027 1910 3098 1962 Τὸ
3127 1911 3235 1982 γὰρ
3270 1909 3647 1984 ἀϐούλητον,ῆ
3689 1912 3763 1975 ὡς
3806 1913 4014 1967 ἄδικον

2410 1999 2556 2070 αὐτῷ
2605 2002 2753 2053 ἐστιν
2799 2000 3110 2072 ἀϐούλητον,
3147 2002 3179 2072 ἢ
3213 2002 3287 2066 ὡς
3319 2003 3554 2068 ἀνάξιον.
3615 2005 3795 2072 Itaque
3825 2003 4008 2058 d606-

2409 2091 2568 2162 λητον
2617 2094 2959 2161 interpretari
3010 2110 3115 2147 non
3161 2095 3400 2147 dubitavi
3433 2095 3484 2148 id
3513 2097 3653 2164 quod
3687 2096 3738 2148 in
3770 2096 3860 2149 Dei
3892 2113 4003 2151 vo-

2411 2183 2674 2238 luntatem
2705 2201 2809 2254 non
2843 2187 3013 2249 cadit,
3045 2194 3098 2239 et
3151 2184 3408 2253 βουλητὸν
3444 2185 3493 2238 id
3530 2187 3670 2254 quod
3719 2188 3856 2239 velle
3886 2205 4002 2257 po-

2410 2283 2532 2328 test.
2575 2275 2720 2340 Quos
2751 2275 2949 2329 refellit
2981 2277 3156 2332 hocin
3191 2277 3330 2331 libro
3357 2278 3752 2345 Athenagoras,
3788 2279 3844 2332 hi
3887 2281 4003 2332 mi-

2407 2368 2552 2421 nime
2578 2369 2925 2434 inquirebant
2951 2381 3130 2423 utrum
3157 2372 3615 2424 resurrectionem
3651 2370 3793 2426 Deus
3815 2387 4002 2428 necne

2405 2459 2713 2524 promiserit
2763 2459 3093 2524 hominibus,
3146 2460 3237 2513 sed
3281 2476 3401 2513 eam
3446 2461 3560 2515 lieri
3604 2464 3824 2515 omnino
3873 2477 4002 2517 non

2403 2564 2561 2617 posse
2585 2550 3001 2605 contendebant.
3034 2549 3212 2618 Quare
3243 2548 3837 2621 Athenagoras'statuit
3864 2568 3996 2619 eos,

2401 2639 2446 2693 si
2479 2655 2600 2694 cum
2632 2640 2818 2710 aliquo
2851 2643 3078 2695 rationis
3111 2641 3293 2696 colore
3335 2643 3596 2697 increduli
3641 2658 3762 2698 esse
3791 2645 3994 2713 velint,

2401 2733 2780 2786 demonstrare
2811 2732 3009 2788 debere
3045 2735 3499 2790 resurrectionem
3524 2735 3606 2788 vel
3631 2735 3681 2787 in
3710 2734 3802 2790 Dei
3823 2746 3994 2806 pote—

2397 2831 2616 2888 statem,
2651 2823 2735 2877 vel
2762 2822 2814 2875 in
2846 2822 2964 2891 ejus
2987 2824 3322 2878 voluntatem
3353 2841 3458 2878 non
3493 2827 3711 2880 cadere.

2962 2955 3189 3012 CAPUT
3245 2954 3379 3014 XIV.

2557 3072 2638 3125 An
2665 3072 3021 3141 Athenagoras
3049 3069 3291 3124 Montani
3318 3079 3468 3123 secta:
3494 3073 3799 3124 aditu-serit.

2318 3151 2360 3208 Ο
2394 3187 2434 3235 Ι.
2463 3187 2912 3248 Athenagorteloca
2940 3198 3000 3232 ex
3024 3184 3206 3248 quibus
3250 3193 3366 3232 nata
3410 3186 3642 3248 suspicio.
3669 3184 3730 3233 ll.
3760 3185 3861 3232 lies
3901 3187 3992 3248 die

2447 3246 2708 3306 judicanda
2729 3260 2790 3294 ex
2819 3249 3091 3309 primordiis
3127 3246 3543 3309 Montanistarum:
3563 3247 3644 3309 ιιι.
3678 3248 3816 3295 Multi
3862 3247 3990 3298 anni

2456 3311 2648 3357 ﬂuxere
2675 3306 2936 3369 antequam
2961 3308 3167 3355 schisma
3192 3309 3477 3355 conllarent.
3519 3306 3602 3354 IV.
3637 3309 3988 3358 Tertullianus

2454 3379 2570 3418 ante
2594 3370 2884 3418 Montanista
2911 3383 3055 3430 qualn
3077 3371 3426 3416 schismaticus.
3452 3369 3509 3416 γ.
3539 3369 3742 3417 Dillicile
3769 3377 3846 3417 est
3877 3378 3988 3419 sla-

2455 3438 2598 3479 tuere
2622 3445 2719 3492 quo
2745 3439 2967 3491 tempore
2992 3432 3270 3478 absolutum
3293 3430 3606 3478 schisma.Vl.
3636 3432 3986 3492 Athenagoras

2457 3505 2628 3541 eorum
2654 3506 2747 3540 nec
2768 3495 3044 3541 schismatis
3067 3493 3418 3553 necidoctrina’.
3435 3495 3698 3553 particeps.
3728 3492 3831 3542 Vll.
3859 3495 3985 3542 lito-

2457 3567 2564 3602 rum
2589 3563 2815 3603 exstases
2841 3557 3066 3616 probatas
3087 3555 3136 3600 ei
3160 3552 3312 3601 fuisse
3344 3552 3482 3602 nullo
3504 3563 3641 3614 patet
3660 3563 3980 3616 argumento.

2461 3659 2501 3713 l.
2539 3660 2909 3714 Examinanda
2937 3661 3092 3714 nobis
3129 3660 3355 3729 quaestio
3387 3674 3491 3712 non
3522 3659 3669 3727 parvi
3704 3670 3758 3712 et
3789 3661 3855 3712 ad
3891 3662 3982 3713 la-

2393 3768 2532 3804 mam
2557 3753 2914 3820 Athenagorae
2939 3761 2992 3805 et
3017 3755 3084 3806 ad
3126 3753 3502 3821 antiquitatem
3536 3751 3978 3806 ecclesiasticam

2393 3845 2672 3898 momenti.
2708 3843 3106 3907 Tillemontius,
3139 3843 3292 3910 cujus
3323 3859 3428 3896 non
3475 3844 3652 3896 minus
3700 3844 3979 3899 laudanda

2391 3937 2444 3989 in
2497 3937 2736 4003 antiquis
2789 3939 2952 3990 rebus
3001 3936 3363 4005 dijudicandis
3419 3939 3667 4002 aequitas,
3698 3953 3862 4004 quam
3916 3938 3976 3992 in

2388 4029 2791 4098 comportandis
2843 4038 2897 4082 et
2956 4029 3277 4097 colligendis
3330 4029 3612 4093 eruditio,
3659 4031 3981 4097 suspicatur

2388 4121 2788 4189 Athenagoram
2839 4121 3224 4176 Montanistam
3255 4122 3444 4176 luisse.
3485 4140 3502 4172 ι
3536 4121 3690 4174 Haud
3719 4122 3851 4183 scio,
3887 4122 3975 4176 itt-

2388 4211 2530 4280 quit,
2562 4221 2599 4268 t.
2633 4213 2691 4278 ll,
2719 4229 2770 4281 p.
2797 4211 2917 4271 550,
2947 4230 3013 4264 an
3045 4213 3284 4266 adhibita
3311 4213 3378 4264 ab
3404 4226 3469 4265 co
3495 4214 3638 4265 etde
3663 4212 3971 4280 prophetis,

2389 4319 2494 4372 quo
2520 4315 2757 4372 tempore
2779 4317 3021 4358 esstases
3046 4305 3282 4358 Montani
3306 4305 3602 4358 Ecclesium
3638 4306 3972 4374 perturbare

2391 4395 2741 4464 incipiebant,
2777 4407 2829 4451 et
2876 4399 2940 4451 de
2993 4398 3245 4451 secundis
3278 4398 3477 4465 nuptiis
3516 4398 3763 4466 loquendi
3796 4399 3970 4464 ratio,

701 4505 1011 4553 convenere,
1039 4491 1272 4543 indimre
1299 4495 1422 4558 quid
1450 4496 1513 4545 de
1545 4496 1920 4548 resurrectione
1952 4497 2275 4549 sentiendum
2313 4487 2354 4540 Ι)
2387 4488 2656 4542 Illelllendi
2694 4489 2870 4542 locum
2914 4489 3106 4542 afferat
3149 4504 3213 4542 ne
3262 4490 3344 4542 his
3382 4489 3626 4557 partibus
3659 4490 3968 4556 implicatus

699 4581 788 4641 sit,
823 4590 869 4632 et
904 4597 1226 4649 argumenta,
1251 4585 1435 4651 quibus
1476 4585 1571 4635 hoc
1597 4586 1784 4652 dogma
1820 4586 2023 4651 nititur,
2071 4590 2138 4638 ad
2185 4605 2276 4639 au.

699 4672 959 4724 dientinm
981 4673 1286 4740 [uertitulcm
1312 4676 1727 4727 accommodare.
1745 4677 2000 4740 Quamvis
2023 4679 2268 4732 adhibita

701 4764 751 4815 iu
798 4765 898 4817 hoc
931 4779 1092 4831 Opere
1138 4775 1449 4832 argumenta
1487 4767 1628 4832 ipsos
1674 4768 1837 4819 eziam
1877 4768 2155 4822 hmreticos
2191 4769 2270 4822 l'e-

699 4856 878 4919 riant,
920 4858 1132 4909 videtur
1181 4866 1358 4910 tamen
1419 4857 1768 4925 philosophos
1802 4859 2142 4925 potissimum
2176 4877 2269 4915 vo-

699 4947 862 5000 luisse
894 4947 1156 5000 refellere.
1194 4947 1325 5000 Nam
1373 4951 1633 5018 quidquid
1681 4951 1935 5017 objicitur
1970 4951 2037 5004 ab
2073 4953 2265 5006 adver-

697 5040 878 5104 sariis,
907 5040 955 5092 id
987 5040 1300 5092 ratiuncnlis
1325 5043 1667 5093 continetur:
1694 5041 1954 5110 quidquid
1981 5058 2261 5110 argumen-

699 5140 873 5182 torum
906 5130 1124 5182 adhibet
1169 5133 1564 5200 Athenagoras,
1614 5133 1667 5184 id
1699 5148 1762 5186 ex
1798 5134 2030 5187 hominis
2075 5145 2266 5185 natura

693 5233 748 5274 et
794 5221 886 5274 Dei
930 5220 1138 5287 justitia
1175 5223 1386 5290 repetit.
1425 5221 1576 5276 Unde
1619 5225 1802 5282 etiam.
1835 5241 1890 5276 ιι.
1917 5222 1976 5289 3,
2004 5225 2266 5291 informis,

697 5328 747 5368 ut
779 5317 853 5368 illi
879 5317 1204 5377 existimant,
1235 5331 1423 5382 nempe
1447 5317 1769 5382 philoSOphi,
1799 5318 2023 5370 materia
2046 5318 2264 5370 dicitur.

695 5411 758 5460 At
783 5424 844 5460 ea
885 5423 988 5459 non
1018 5408 1184 5474 tangit
1227 5423 1345 5475 quae
1375 5423 1439 5459 es
1475 5408 1774 5475 Scriptnris
1823 5419 1876 5460 et
1901 5407 2103 5462 Christi
2144 5422 2264 5475 my-

692 5502 874 5555 steriis
905 5501 1171 5554 Catholici
1208 5501 1273 5552 ad
1305 5501 1638 5567 probandum
1678 5502 1779 5554 hoc
1812 5501 2024 5568 dogma,
2052 5509 2106 5553 et
2151 5500 2262 5554 hu:-

695 5593 845 5645 retici
901 5593 967 5644 ad
1015 5591 1364 5645 evertendutn
1394 5592 1679 5647 ducebant.
1709 5591 1820 5648 Sub
1857 5592 2071 5649 nomine
2100 5591 2261 5644 Athe-

766 5752 804 5782 "
841 5751 881 5805 Ν
934 5755 1002 5807 '25
1029 5763 1079 5806 ct
1107 5754 1196 5806 Ἡ.

2381 4580 2608 4634 fuerit.)
2672 4581 2745 4634 De
2809 4584 3087 4650 prophetis
3141 4583 3220 4635 sic
3272 4583 3512 4650 loquitur
3557 4582 3962 4649 Athenagoras,

2378 4674 2555 4743 Apol.,
2589 4691 2736 4728 num.
2769 4675 2800 4729 9
2832 4694 2845 4728 :
2882 4677 2942 4727 Οἳ
2992 4677 3110 4729 κατ’
3144 4677 3398 4728 ἔκστασιν
3431 4674 3536 4728 τῶν
3570 4677 3626 4726 ὲν
3661 4676 3840 4736 αὐτοῖς
3873 4673 3966 4726 λο-

2376 4767 2609 4837 γισμῶν,
2646 4769 2962 4838 κινήσαντος
3013 4767 3205 4829 αὐτοὺς
3240 4767 3332 4818 τοῦ
3369 4766 3509 4817 θείου
3558 4763 3892 4835 Πνεύματος,
3926 4766 3962 4818 ἂ

2378 4861 2702 4931 ἐκληργοῦντο
2751 4860 3092 4929 ὲξεᾳώνηςαν
3117 4877 3130 4889 °
3186 4860 3627 4930 συγχρησαμὲνου
3662 4859 3753 4911 τοῦ
3787 4858 3964 4911 ΙΙνεύ-

2379 4969 2546 5021 ματος
2596 4951 2727 5003 ὡσεὶ
2780 4952 2873 5004 καὶ
2926 4952 3161 5023 αὑλητὴς
3213 4952 3372 5004 αὐλὸν
3423 4950 3745 5012 ἐμπνεῦσαι.
3804 4971 3821 5000 ι
3855 4952 3957 5014 ριιῖ

2375 5057 2552 5097 mente
2581 5055 2633 5097 et
2666 5046 2847 5097 animo
2878 5057 3032 5098 extra
3081 5060 3139 5099 se
3189 5046 3350 5114 rapti,
3401 5046 3708 5112 impellente
3745 5045 3956 5111 Spiritu

2372 5145 2583 5197 sancto,
2632 5149 2752 5200 qua:
2809 5135 2941 5202 ipsis
2995 5136 3420 5203 inspiralmntur,
3457 5151 3520 5187 ea
3583 5147 3709 5187 sttuit
3762 5136 3952 5202 locuti,

2373 5234 2557 5278 tttente
2590 5225 2694 5277 illis
2742 5226 2949 5294 Spiritu
2977 5237 3189 5289 sancto,
3224 5228 3369 5278 velut
3397 5228 3441 5279 si
3478 5227 3662 5279 tibiam
3700 5227 3845 5280 inﬂet
3882 5232 3954 5279 ti-

2372 5316 2551 5369 bicen.
2589 5338 2606 5368 ι
2653 5317 2728 5370 De
2778 5320 3029 5373 secundis
3065 5332 3242 5373 autem
3275 5321 3477 5387 nuptiis
3508 5322 3619 5372 lum:
3659 5321 3947 5386 habemus,

2372 5425 2428 5461 ιι.
2469 5409 2534 5461 55
2568 5427 2579 5462 :
2619 5412 2693 5462 U5
2731 5413 2837 5482 γὰρ
2876 5411 3069 5481 μελέτῃ
3091 5413 3283 5479 λόγων,
3320 5412 3429 5463 ἀλλ’
3457 5411 3708 5475 ἐπιδείξει
3743 5412 3834 5465 καὶ
3868 5414 3950 5463 δι-

2365 5500 2630 5571 δκσκαλίᾳ
2681 5503 2854 5571 ἔργων
2916 5504 2984 5554 τὰ
3029 5506 3304 5574 ἡμέτερα·
3359 5506 3390 5574 ἢ
3444 5499 3552 5566 οἷός
3601 5520 3683 5564 τις
3728 5502 3942 5572 ἐτέχθη,

2369 5590 2568 5657 μένειν,
2608 5593 2637 5659 ἢ
2806 5596 2880 5646 ἑνὶ
2934 5595 3188 5665 ·,’ἁμ‹;›.ὐ
3217 5597 3324 5666 γὰρ
3374 5595 3620 5664 δεύτερος
3665 5594 3943 5666 εὐπρεπιβ
