4140 6418
187 370 290 424 1'59

1151 360 1215 414 D.
1265 356 1527 414 MARANI
1569 347 1960 411 PBA‘ZFA'HO‘.
1987 379 2055 388 —-
2085 346 2261 400 PARS
2299 345 2386 400 ιη.

3369 337 3473 389 190

181 492 300 540 ἐστι
341 489 680 557 pays-E230;
711 487 822 556 γᾶρ
855 485 918 539 ἂν
952 485 1217 555 ἀπολύσῃ,
1247 481 1398 550 φησὶ,
1423 477 1518 547 τὴν
1551 476 1765 543 γυναῖκα

1894 469 2016 522 Ιιιρο
2043 469 2136 520 ille
2160 470 2212 519 in
2246 467 2385 518 liliro
2419 463 2493 516 De
2518 462 2666 531 fuga,
2691 475 2740 513 c.
2782 460 2834 523 9,
2862 458 2950 513 uhi
2976 457 3136 512 etiam
3161 457 3266 510 duo
3307 452 3470 507 refert

180 575 375 637 αὐτοῦ,
414 579 503 630 καὶ
549 578 774 648 γαμήσῃ
822 574 1002 644 ἄλλην,
1043 573 1329 643 μοιχᾶται·
1369 567 1489 620 οὔτε
1525 563 1777 618 ἀπολύειν

179 671 497 739 ὲπιτρέπων
527 667 590 739 ἧς
627 667 828 721 ἔπαυσὲ
863 685 944 730 τις
976 668 1072 736 τὴν
1098 663 1411 734 παρθενίαν,
1435 658 1556 714 οὔτε
1579 661 1777 722 ἐπιγα-

184 767 332 831 μεῖν.
352 764 408 815 '0
441 762 548 832 γὰρ
580 759 893 830 ἀποστερῶν
930 759 1116 811 ἑαυτὸν
1151 758 1247 828 τῆς
1291 753 1563 826 προτέρας
1593 766 1779 816 vavat-

178 852 300 916 ιὼς,
337 856 427 906 καὶ
462 856 508 906 εἰ
542 854 785 925 τέθνηκε,
827 851 1006 922 μοιχός
1039 853 1154 903 ἐστι
1187 841 1774 918 παρακεκαλυμμένος,

179 946 545 1014 παραϐαίνων
583 947 680 1015 μὲν
721 945 817 1014 τὴν
865 949 1018 1014 χεῖρα
1045 941 1138 994 τοῦ
1174 938 1330 1000 Θεοῦ,
1367 940 1450 990 ὅτι
1484 940 1540 990 ὲν
1573 937 1713 1006 ἀρχῇ
1749 935 1778 986 ὁ

177 1038 315 1102 θεὸς
359 1042 454 1091 ’ἐνα
488 1039 650 1109 ἄνδρα
685 1038 885 1090 ἔπλασε
933 1037 1026 1092 θοαὶ
1075 1034 1200 1106 μίαν
1248 1035 1480 1101 γυναῖκα
1501 1049 1512 1061 ·
1548 1031 1692 1083 λύων
1722 1029 1777 1082 δὲ

177 1133 278 1203 τὴν
319 1131 498 1203 σάρκα
531 1131 664 1202 agas;
699 1129 876 1200 σάρκα
902 1128 1044 1183 κατὰ
1095 1127 1192 1196 τὴν
1236 1127 1429 1178 ἕνωσιν
1459 1123 1594 1194 πρὸς
1632 1122 1778 1193 μίξιν

179 1227 254 1285 εἰς
295 1223 392 1275 τοῦ
429 1223 612 1290 γένους
647 1221 947 1274 κοινωνίαν.
989 1240 1006 1270 ι
1035 1219 1218 1287 Neque
1242 1219 1383 1270 enim
1419 1218 1774 1271 meditatione

178 1332 497 1366 sermonum
549 1315 640 1367 sed
691 1316 1157 1366 demenstratioue
1189 1327 1243 1364 et
1279 1310 1562 1378 disciplina
1600 1309 1772 1361 actio-

181 1425 309 1458 num
355 1422 438 1460 res
473 1417 667 1459 nostra:
698 1405 1063 1467 continentur,
1103 1417 1160 1458 ιιι
1186 1405 1421 1473 quisque
1464 1400 1544 1454 vel
1594 1401 1775 1469 qualis

178 1511 343 1549 natus
381 1508 486 1558 est,
523 1507 762 1557 maneat,
796 1497 878 1549 vel
911 1497 1086 1549 unicis
1140 1497 1190 1547 in
1245 1495 1466 1562 nuptiis.
1507 1493 1772 1546 Secunda:

175 1600 325 1645 enim
368 1594 622 1646 decorum
673 1593 1021 1646 adulterium.
1063 1593 1378 1659 Quicunque
1419 1593 1556 1643 enim
1613 1589 1774 1642 diuti-

175 1686 327 1747 serit,
367 1685 562 1750 inquit,
596 1700 808 1736 uxorem
833 1701 979 1735 suam
1010 1692 1058 1735 et
1095 1684 1256 1736 aliam
1285 1684 1512 1745 duxerit,
1543 1684 1774 1735 nime/m-

176 1787 263 1826 ινιτ
288 1774 357 1836 ³²;
391 1789 489 1826 nec
519 1789 636 1826 eam
675 1774 874 1826 dimitti
911 1775 1114 1836 sineus,
1161 1774 1318 1841 cujus
1369 1771 1663 1841 virginitati
1714 1772 1773 1824 li-

1884 561 2193 613 tcstiuiouia
2229 555 2491 614 Montani,
2528 568 2648 621 qu.e
2684 551 3122 604 exhortationem
3161 549 3369 602 habent
3405 549 3472 600 ad

1883 651 2224 720 martyrium,
2271 660 2326 704 at
2380 646 2560 712 fingam
2590 644 2812 696 minime
2843 642 3230 696 condemnant.
3257 639 3464 693 Secuuo

1881 745 1976 797 das
2013 742 2228 809 nuptias
2274 740 2620 793 abstulerunt
2672 733 3036 796 Montanislaa,
3084 747 3219 785 nova
3251 745 3382 784 sane
3418 739 3473 784 et

1883 833 2117 887 inaudita
2149 831 2400 892 audacia,
2431 829 2524 882 sed
2552 839 2734 880 tamen
2769 827 2819 878 in
2841 825 3155 895 primordiis
3183 825 3253 878 ita
3279 822 3464 878 mode-

1880 937 2016 988 rate,
2053 934 2111 976 ut
2143 939 2264 977 eum
2299 920 2533 991 digamis
2557 919 2610 970 in
2654 916 2895 970 Ecclesia
2926 916 3338 970 communicare
3355 930 3465 969 non

1879 1018 2214 1071 dubitarent.
2243 1015 2529 1080 Quomodo
2560 1013 2704 1067 enim
2740 1028 2798 1065 se
2838 1012 2939 1064 hac
2986 1013 3038 1064 iu
3072 1025 3129 1064 re
3167 1010 3462 1080 gesserint,

1879 1108 2113 1174 spectari
2145 1117 2324 1176 potest
2351 1122 2413 1159 ex
2467 1120 2654 1159 eorum
2692 1105 2743 1156 iu
2785 1103 2908 1157 aliis
2942 1103 3100 1154 rebus
3137 1099 3329 1170 agendi
3371 1114 3460 1150 ra-

1880 1203 2042 1255 tione.
2088 1200 2283 1254 Nescio
2313 1215 2422 1267 quo
2473 1208 2633 1266 pacto
2677 1196 2893 1249 inducta
2946 1194 3122 1247 fuerat
3170 1195 3220 1244 in
3251 1191 3464 1260 aliquas

1878 1296 2153 1351 Ecclesias
2191 1310 2297 1347 non
2320 1305 2688 1347 consentanea
2724 1303 2993 1360 praerepto
3039 1289 3278 1358 Apostoli
3334 1304 3464 1342 con-

1878 1391 2129 1452 suetudo,
2173 1398 2232 1442 ut
2267 1388 2504 1456 virgines
2539 1386 2592 1438 in
2642 1384 2870 1438 ecclesia
2901 1383 3080 1436 velum
3119 1390 3458 1436 excuterem.

1885 1481 2132 1551 Virgines
2159 1480 2316 1534 novis
2349 1479 2647 1548 prophetiis
2677 1479 2905 1530 addicta:
2935 1476 3114 1530 velum
3148 1481 3460 1537 servarunt,

1880 1575 1972 1628 sed
2003 1586 2182 1628 tamen
2220 1573 2342 1626 aliis
2372 1572 2494 1625 velo
2526 1570 2843 1624 carentibus
2869 1574 3109 1624 molesta:
3136 1584 3241 1621 non
3267 1575 3458 1628 erant;

1877 1667 2050 1720 donec
2100 1666 2216 1718 ista:
2271 1666 2669 1731 impetrarunt,
2716 1672 2773 1713 ut
2823 1660 3275 1722 hocdisrrimen,
3319 1658 3462 1726 quod

1877 1773 1968 1812 eas
1999 1757 2215 1818 urebat,
2247 1756 2552 1810 tolleretur.
2594 1753 2684 1806 Sic
2728 1769 2838 1804 rem
2891 1761 3116 1804 enarrat
3169 1749 3465 1804 Tertullia-

173 1882 299 1918 nem
342 1867 466 1932 quis
505 1865 789 1932 imposuit,
827 1881 926 1919 nec
973 1866 1133 1919 aliam
1191 1867 1416 1934 insuper
1450 1867 1595 1920 duci.
1635 1864 1765 1918 Nam
1803 1853 1844 1905 Β
1875 1867 1993 1911 ""5.
2033 1850 2126 1903 “lt.
2167 1848 2241 1900 De
2267 1847 2362 1900 vel.
2395 1849 2551 1915 virg.,
2587 1861 2707 1914 cap.
2739 1846 2805 1898 3:
2843 1863 2860 1895 ι
2911 1843 3278 1898 Tolerabilius
3323 1846 3462 1914 aptnl

169 1959 263 2017 qui
298 1957 496 2024 seipse
528 1957 700 2023 prima
729 1973 896 2014 uxore
929 1957 1148 2027 spoliat,
1178 1958 1395 2011 etiamsi
1433 1967 1644 2010 mortua
1680 1958 1771 2020 sit,

171 2047 392 2099 occttlta
430 2049 660 2114 quadam
690 2049 903 2101 ratione
937 2060 1017 2103 est
1048 2049 1294 2113 adulter;
1331 2058 1438 2102 ttnn
1482 2050 1626 2117 quod
1661 2065 1774 2100 ma-

173 2154 301 2187 num
337 2138 427 2189 Dei
461 2140 898 2207 lransgrediatur
926 2142 1076 2211 (nam
1109 2141 1266 2194 initio
1301 2139 1443 2195 Deus
1481 2157 1644 2194 unum
1674 2143 1772 2194 ho-

172 2231 377 2283 minen
413 2232 568 2283 finxit
597 2249 659 2284 ac
698 2249 858 2285 uuam
895 2233 1221 2298 mulierem),
1254 2244 1364 2286 tum
1410 2235 1553 2302 quod
1591 2234 1772 2286 carnis

172 2337 296 2371 rum
331 2337 498 2375 carne
528 2323 967 2389 i-onjunctionem
999 2325 1234 2393 quodam
1259 2325 1422 2378 veluti
1456 2325 1672 2378 vinculo
1705 2326 1770 2378 ad

167 2412 638 2465 commiscendqu
691 2430 862 2483 genus
911 2415 1220 2484 colligatum
1267 2417 1548 2471 dissolvat.
1581 2437 1608 2474 ι.
1637 2417 1770 2470 Cum

172 2506 256 2556 bis
317 2504 542 2556 nimium
586 2506 837 2560 videntur
888 2522 1195 2576 congruere
1221 2524 1341 2577 qua:
1367 2511 1503 2576 apud
1546 2509 1770 2562 Tertul-

168 2599 384 2647 lianum
420 2595 675 2661 leguntur
718 2599 784 2649 de
831 2601 1088 2652 secundis
1117 2601 1339 2669 nuptiis.
1379 2599 1486 2653 llas
1519 2602 1758 2664 nuptiali-

164 2689 263 2736 bus
300 2696 353 2738 et
387 2686 647 2739 dotalibus
675 2689 719 2740 si
741 2689 877 2758 [orte
903 2689 1096 2742 tabulis
1134 2709 1164 2742 α
1197 2691 1430 2743 mter/tite
1456 2702 1504 2744 et
1537 2691 1774 2759 fornica-

163 2779 334 2829 tionis
359 2794 510 2845 opere
541 2781 773 2832 diversas
803 2797 921 2835 esse
953 2784 1026 2835 ait
1053 2783 1126 2835 De
1149 2785 1302 2850 putt,
1331 2801 1377 2837 c.
1411 2785 1460 2837 t.
1503 2785 1568 2838 Ut
1599 2799 1773 2852 neque

164 2871 484 2936 repudium,
522 2873 593 2923 ita
650 2889 746 2925 nec
804 2875 1136 2928 matrimonii
1185 2890 1468 2928 numerum
1517 2876 1584 2930 ab
1615 2875 1770 2928 initio

163 2963 344 3014 fuisse
387 2965 639 3016 observat
667 2965 742 3016 De
771 2983 1096 3034 monogam.,
1129 2982 1248 3034 cap.
1279 2967 1329 3020 9.
1365 2968 1456 3020 Sic
1501 2968 1763 3034 loquitur,

161 3069 298 3120 cap.
341 3055 422 3106 H:
461 3075 478 3105 ι
514 3057 691 3123 Neque
715 3057 796 3110 lex
825 3058 1044 3112 abstulit
1072 3060 1352 3127 repudium
1376 3078 1388 3123 ;
1415 3060 1603 3112 habuit
1626 3060 1770 3128 quod

162 3146 415 3198 auferret
446 3164 456 3198 :
491 3163 625 3198 nova
657 3148 935 3215 prophetia
987 3153 1281 3203 secundum
1335 3151 1765 3213 matrimonium,

162 3255 274 3290 non
333 3241 510 3290 minus
559 3240 838 3306 repudium
875 3241 1095 3308 prioris.
1130 3260 1144 3291 ι

237 3331 305 3383 ll.
349 3330 455 3382 Sed
492 3340 669 3382 tamen
715 3331 756 3384 si
803 3334 1211 3386 consideremus
1257 3333 1457 3399 quibus
1497 3335 1765 3401 gradibus

164 3417 517 3470 Montanistze
548 3434 610 3470 eo
645 3422 1013 3486 pervenerint,
1050 3435 1107 3476 ut
1141 3426 1208 3476 ab
1255 3426 1509 3478 omnibus
1541 3429 1765 3478 dauma-

164 3521 396 3572 rentur;
435 3527 532 3563 ncc
557 3525 758 3580 aperta:
786 3513 997 3567 illorqu
1026 3517 1254 3570 haeresis
1284 3517 1498 3571 amnem
1535 3521 1766 3586 reperie-

165 3618 290 3652 mus
334 3606 770 3669 Athenagoram;
823 3609 933 3659 imo
981 3621 1046 3657 ne
1088 3622 1276 3658 eorum
1320 3607 1536 3675 quidem
1589 3608 1766 3661 fautu-

166 3707 222 3743 re
253 3713 308 3752 ιν,
339 3709 458 3761 qua:
507 3695 555 3744 in
588 3694 897 3759 primordiis
928 3697 1258 3748 moderatius
1280 3698 1614 3752 sentiebant.
1645 3698 1761 3751 Non

161 3790 317 3837 enim
348 3787 535 3839 statim
571 3798 731 3854 atque
761 3789 960 3855 prodiit
995 3788 1302 3853 Montanus,
1335 3790 1538 3857 jejunia
1589 3794 1766 3845 instar

167 3877 308 3943 legis
353 3879 660 3943 imponere,
713 3877 891 3946 fugam
930 3879 982 3930 in
1047 3883 1311 3948 persecat
1400 3883 1522 3934 ibus
1553 3893 1761 3945 vetare,

169 3970 444 4021 secundas
476 3971 689 4037 nuptias
714 3971 963 4023 adulterii
1000 3973 1140 4025 notis
1195 3990 1365 4026 aUsus
1398 3997 1425 4026 ς.
1467 3986 1476 4007 '
1517 3975 1757 4030 inurere.

170 4061 305 4109 lieni
339 4062 508 4110 multo
536 4061 786 4113 callidius
817 4064 1242 4117 administrzn'it.
1282 4063 1473 4132 chuni.
1547 4068 1636 4132 iis,
1671 4072 1760 4137 qui

171 4155 322 4203 illum
363 4154 696 4212 audiebant,
758 4156 821 4206 ad
870 4157 1098 4224 alicujus
1149 4173 1329 4210 causm
1374 4174 1757 4222 occasunem,

172 4263 280 4294 Itntt
338 4247 431 4295 loti
485 4244 744 4297 Ecclesia:
775 4245 840 4296 ad
868 4255 1182 4313 perpetuam
1213 4264 1481 4300 annorum
1527 4266 1566 4301 ri
1641 4267 1757 4303 tun-

173 4353 304 4389 ttuni
355 4341 524 4389 vicem
575 4339 906 4406 imponebat.
939 4358 957 4389 ‹
1015 4339 1258 4407 Spiritus
1290 4351 1546 4405 sanctus,
1588 4346 1760 4410 inquit

175 4428 543 4481 'ii-riuflianus
579 4429 651 4480 De
671 4429 876 4496 jejun.,
923 4446 972 4484 c.
1018 4430 1097 4489 13,
1131 4447 1252 4483 cmn
1293 4434 1341 4484 in
1370 4433 1567 4501 quibus
1599 4435 1757 4486 vellet

1879 1959 1977 1996 nos
2010 1957 2184 2010 usque
2215 1940 2462 2009 proxime
2494 1941 2715 2006 utrique.
2754 1938 3132 1991 consuetudini
3160 1938 3466 1991 communi-

1878 2035 2126 2089 eabatur.
2157 2033 2406 2087 Arbitrio
2440 2031 2704 2099 permissa
2735 2047 2820 2084 res
2849 2040 2989 2093 erat,
3021 2041 3079 2083 ut
3107 2046 3336 2099 qumque
3371 2046 3464 2085 vo-

1878 2125 2068 2179 luisset
2095 2134 2186 2176 aut
2229 2124 2330 2194 tegi
2363 2136 2456 2176 aut
2485 2123 2760 2189 prosdmi,
2797 2122 2943 2175 sicut
2980 2131 3035 2174 et
3060 2124 3294 2174 nubere:
3317 2125 3462 2191 quod

1876 2229 1929 2271 et
1962 2218 2136 2286 ipsum
2164 2231 2339 2283 neque
2369 2215 2585 2284 cogitur
2614 2229 2788 2280 neque
2812 2212 3160 2282 prohibetur.
3188 2214 3461 2267 Contcnta

1876 2327 1996 2365 era.
2038 2310 2287 2362 veritatis
2322 2308 2524 2378 pacisci
2569 2323 2688 2360 cum
2726 2305 3145 2368 consuetudine,
3197 2317 3252 2358 nt
3299 2307 3464 2360 tacite

1875 2406 1975 2456 sub
2011 2403 2423 2455 consuetudinis
2453 2400 2670 2453 nomine
2695 2400 2972 2452 frueretur
2994 2414 3051 2451 se
3078 2398 3158 2451 vel
3186 2414 3248 2452 ex
3275 2409 3457 2467 parte,

1876 2495 1968 2545 sed
2005 2493 2260 2560 quoniam
2309 2501 2552 2560 emperat
2584 2491 2789 2558 agnitio
2821 2487 3125 2559 prolicere,
3170 2500 3227 2541 ut
3261 2505 3354 2558 per
3392 2491 3460 2543 li»

1874 2583 2112 2638 centiam
2148 2584 2436 2649 utriusque
2476 2583 2645 2635 moris
2693 2581 2954 2633 indicium
3012 2580 3258 2634 melioris
3291 2582 3462 2649 partis

1872 2687 2216 2745 emergeret;
2251 2676 2435 2728 statim
2487 2675 2573 2728 ille
2613 2675 2960 2726 adversarius
3001 2673 3292 2736 bonorum,
3324 2671 3457 2726 mul-

1877 2779 2038 2835 teque
2073 2766 2472 2829 institutorum,
2507 2767 2634 2819 fecit
2662 2783 2798 2836 Opus
2829 2782 3008 2820 sumu.
3053 2767 3315 2820 Ambiunt
3349 2766 3460 2820 vit-

1876 2863 2029 2928 gincs
2063 2862 2340 2913 hominum
2373 2863 2638 2912 adversus
2672 2861 2910 2927 virgines
2948 2859 3070 2919 Dei,
3111 2861 3250 2912 nuda
3305 2858 3462 2926 plane

1875 2951 2054 3006 fronte
2098 2956 2148 3006 in
2181 2953 2533 3007 temerariam
2580 2953 2868 3004 audaciam
2903 2954 3245 3006 excitatam...

1875 3047 2195 3108 dalizamur,
2236 3046 2522 3111 inquiunt,
2562 3044 2686 3111 quia
2720 3043 2877 3096 aliter
2907 3044 3029 3098 aliae
3078 3045 3409 3100 incedunt...

1873 3138 1982 3191 Cur
2018 3152 2121 3190 non
2166 3139 2337 3207 magis
2383 3139 2461 3190 lia.-
2517 3145 2816 3204 querantur
2866 3139 3123 3189 seandalo
3176 3139 3276 3190 sibi
3335 3153 3460 3191 esse

1874 3230 2262 3297 petulantiam,
2345 3229 2735 3298 impudentiam
2807 3229 3161 3283 ostentantia:
3234 3229 3457 3298 virgini-

1873 3323 2028 3376 tatis?
2062 3341 2080 3372 ι

1939 3414 2103 3468 Suam
2152 3414 2470 3467 Montanum
2518 3414 2770 3467 lncrcsim
2824 3416 2873 3466 iu
2922 3416 3237 3482 primordiis
3275 3415 3459 3486 aliqua

1870 3507 2110 3560 lenitatis
2153 3506 2278 3560 fuco
2328 3506 2725 3567 dissimulasse,
2761 3507 2888 3558 illud
2920 3508 3084 3558 etiam
3130 3518 3462 3575 argumento

1867 3610 1971 3657 est.
2011 3601 2154 3664 quod
2188 3602 2253 3652 de
2283 3600 2397 3668 ejus
2425 3598 2726 3668 proplietiis
2757 3599 2922 3649 varia:
2967 3613 3029 3648 ac
3075 3599 3461 3665 discrepantes

1869 3691 2023 3744 fuere
2067 3691 2474 3745 Catholicormn
2527 3692 2834 3743 sentcntize.
2886 3687 3016 3739 Nam
3067 3701 3120 3739 ut
3183 3690 3458 3757 propheta.

1869 3800 2065 3837 munus
2097 3799 2160 3836 ac
2195 3798 2387 3836 nomen
2419 3783 2518 3834 sibi
2549 3799 2705 3848 .irrog
2731 3811 2758 3831 -.
2780 3801 2803 3832 c
2838 3785 3038 3851 coepit,
3085 3783 3236 3833 multi
3276 3784 3454 3845 illum,

1870 3887 2003 3929 teste
2029 3875 2342 3939 Eusebio”,
2362 3874 2627 3939 ejusmodi
2657 3877 2814 3925 donis
2839 3885 3096 3926 ornatum
3121 3891 3242 3927 esse
3275 3873 3456 3925 credi-

1867 3973 2086 4033 derum,
2118 3985 2236 4037 qUte
2266 3980 2390 4021 tunc
2429 3985 2550 4020 tara
2582 3969 2631 4018 in
2661 3967 2901 4019 Ecclesia
2925 3971 3050 4018 'non
3091 3979 3265 4018 erant.
3309 3969 3376 4017 At
3407 3967 3451 4018 si

3288 2957 3430 3008 St'iitl

1866 4067 2047 4118 statim
2072 4079 2136 4116 ea
2173 4063 2489 4125 vomuisset,
2524 4078 2644 4129 qum
2679 4071 2863 4127 postea
2891 4059 3118 4120 eii'utiil,
3157 4059 3299 4110 nulla
3331 4074 3452 4112 esse

1867 4159 2133 4226 potuisset
2187 4158 2328 4211 inter
2371 4157 2686 4210 Catholitos
2733 4157 3039 4222 ambigendi
3098 4158 3258 4208 ratio.
3302 4157 3453 4209 Illius

1868 4250 2203 4303 anathemati
2240 4265 2446 4301 moram
2474 4266 2577 4299 non
2605 4248 2914 4300 attulissent
2947 4260 3225 4310 exstases,
3257 4250 3298 4300 si
3330 4262 3452 4301 sese

1865 4341 2122 4410 aperiens
2149 4343 2333 4393 statim
2363 4343 2613 4405 dixisset,
2649 4342 2699 4394 id
2735 4342 2878 4409 quod
2909 4342 2976 4394 ab
3009 4355 3076 4391 eo
3108 4350 3199 4391 aut
3233 4340 3299 4392 ab
3337 4356 3452 4406 eius

1868 4433 2189 4486 mulieribus
2238 4434 2445 4485 dictum
2499 4435 2664 4486 rcl'ert
2710 4434 3079 4485 'l'i:rtullianus
3131 4432 3202 4484 De
3247 4433 3448 4498 pudic.,

174 4525 333 4574 terris
366 4532 420 4574 et
454 4538 552 4590 per
574 4537 711 4589 quos
746 4521 908 4574 vellet
939 4524 1282 4590 praedicaret,
1313 4539 1376 4576 ex
1411 4527 1748 4591 providentia
1787 4541 1826 4592 ι)
1863 4541 1983 4594 cap.
2007 4525 2067 4576 '2!
2104 4543 2117 4578 :
2149 4543 2165 4574 ι
2199 4524 2379 4578 Potest
2405 4527 2645 4578 Ecclesia
2675 4526 2879 4579 donare
2906 4528 3194 4588 delictum;
3228 4528 3319 4578 sed
3345 4541 3449 4577 non

172 4614 575 4665 inuuinentium
605 4653 620 4676 ,
653 4613 764 4666 sive
816 4614 1311 4668 ecclesiasticarum
1365 4618 1753 4686 tentationum,

174 4711 284 4760 sive
318 4707 679 4760 nnmdialium
711 4706 1009 4776 plagarum,
1047 4724 1154 4776 qua
1199 4709 1542 4776 Paracletus,
1593 4712 1642 4764 id
1675 4722 1757 4766 est

175 4802 490 4861 advocatus,
539 4799 603 4849 ad
644 4796 1262 4863 exorandumjudicent,
1300 4799 1607 4867 hujusmodi
1647 4804 1756 4855 olli-

176 4891 377 4942 ciozum
414 4889 652 4941 remedia
691 4891 998 4942 mandabat.
1029 4890 1160 4942 Puta
1193 4909 1355 4955 nunc,
1397 4894 1462 4944 ad
1493 4909 1756 4947 exercen~

177 4987 292 5033 dam
333 4981 647 5034 sobrietatis
687 4992 740 5034 et
791 4984 1139 5036 abstinentia:
1189 4984 1559 5052 disciplinam,
1607 4987 1753 5040 hunc

177 5075 262 5138 qui
304 5076 616 5142 recipimus,
668 5076 981 5130 necessario
1027 5081 1190 5131 etiam
1233 5095 1353 5147 quin
1388 5088 1516 5133 tunc
1550 5081 1757 5134 consti-

182 5167 275 5220 tuit
306 5170 690 5221 observamus.
727 5188 743 5220 ι
779 5170 963 5238 Neque
1003 5173 1165 5223 etiam
1207 5173 1385 5242 fugam
1431 5177 1654 5230 omnino
1702 5193 1752 5227 In

179 5263 646 5324 persecutiondnts
707 5265 1020 5317 damnabat.
1078 5265 1331 5318 Testatur
1387 5266 1755 5321 Tertullianus

178 5371 295 5405 eum
347 5359 626 5408 hortatum
659 5371 781 5410 esse
825 5359 892 5409 ad
945 5359 1302 5427 martyrium;
1356 5360 1533 5428 fugam
1589 5363 1655 5414 ab
1687 5377 1754 5414 eo

183 5462 389 5513 penitus
429 5449 764 5516 prohibitam
812 5449 992 5502 dicere
1048 5466 1151 5502 non
1203 5453 1386 5508 audet.
1427 5473 1443 5502 ε
1487 5453 1752 5520 Spiritum

182 5559 300 5592 ii-ro
337 5544 381 5591 si
416 5542 690 5605 consulas,
736 5543 863 5610 quid
892 5547 1058 5614 magis
1091 5560 1348 5599 sermone
1392 5546 1484 5598 illo
1525 5547 1757 5614 Spiritus

181 5638 401 5699 pinnat?
431 5636 634 5688 Umncs
685 5652 820 5704 pene
867 5643 932 5688 ad
989 5641 1311 5708 martyrium
1350 5641 1692 5697 exhortatur.
1735 5661 1751 5692 ι

249 5795 287 5821 τ’
319 5797 505 5850 Matth.
546 5811 656 5860 xix,
693 5796 744 5849 9.
825 5797 866 5830 ³³
897 5795 1062 5860 Hist,
1097 5813 1144 5862 v,
1180 5799 1231 5852 '5.

1865 4619 2059 4670 iaciam
2093 4631 2157 4668 ne
2184 4625 2236 4668 et
2262 4619 2364 4668 alia
2393 4617 2722 4684 delinquant.
2762 4637 2775 4666 ι

1940 4707 2025 4761 ll].
2057 4709 2244 4777 Opera;
2269 4711 2504 4777 pretium
2531 4721 2614 4762 est
2640 4711 2786 4760 uliset
2805 4726 2930 4761 vare
2965 4710 3161 4762 multos
3187 4726 3358 4762 annos
3383 4711 3450 4762 ah

1873 4802 2033 4856 initio
2061 4812 2222 4854 secta:
2254 4801 2546 4855 efﬂuxisse.
2586 4817 2742 4870 'inth
2774 4820 2873 4853 :ain
2915 4814 3008 4854 aut
3045 4803 3260 4854 tolerari
3309 4803 3450 4854 desi-

1870 4907 2064 4949 nerent
2101 4896 2477 4960 Moulanistw,
2524 4907 2615 4945 aut
2661 4910 2717 4946 se
2769 4896 2908 4947 ultro
2945 4895 3011 4947 ab
3055 4897 3309 4946 omnibus
3349 4897 3450 4946 lic-

1869 4989 2049 5040 clcsiis
2080 4987 2478 5040 abscindcreut.
2518 4989 2668 5038 Auno
2713 4986 2828 5038 lTT.
2868 4989 2916 5036 id
2955 4997 3056 5048 est,
3097 5003 3189 5038 sex
3227 4991 3384 5039 annis
3419 5004 3447 5037 a

1857 5090 2018 5132 secta:
2054 5080 2373 5146 primordio,
2410 5081 2750 5132 conl'cssores
2786 5079 3172 5145 Lugdunenses
3195 5091 3242 5131 et
3283 5077 3448 5130 Vien-

1858 5190 2076 5238 nenses,
2114 5173 2197 5226 vel
2226 5192 2254 5224 a
2289 5173 2547 5226 fratribus
2580 5173 2718 5225 Asia:
2755 5185 2807 5224 et
2844 5173 3086 5241 Phrygia:
3111 5173 3341 5225 consulti
3381 5173 3445 5223 de

1859 5268 1959 5319 hac
1997 5265 2357 5330 dissensione,
2393 5265 2473 5316 vel
2510 5265 2780 5315 citaritate
2816 5266 3033 5330 propria
3067 5264 3299 5327 incitati,
3324 5280 3447 5327 par-

1857 5363 1948 5412 tim
1981 5361 2048 5411 (td
2079 5360 2270 5426 fratres
2316 5360 2369 5410 in
2409 5357 2534 5410 Asia
2584 5368 2628 5410 et
2677 5355 2908 5424 Phrygia
2953 5360 3226 5422 degentes,
3273 5355 3444 5422 inquit

1867 5455 2154 5516 Eusebius,
2187 5453 2352 5514 "isl.,
2386 5454 2479 5506 lib.
2514 5468 2566 5515 v,
2595 5469 2643 5504 c.
2677 5451 2731 5512 5,
2769 5453 2959 5515 partim
3002 5452 3068 5501 ad
3107 5449 3447 5502 litem/terum

1873 5546 2121 5598 Humana:
2164 5548 2306 5597 urbis
2337 5546 2633 5612 episcopum
2664 5544 3004 5607 scripserant,
3053 5558 3146 5609 pro
3185 5558 3312 5606 price
3339 5537 3445 5590 Et:-

1869 5641 2148 5695 clesiarttm
2208 5640 2360 5709 quasi
2421 5639 2679 5709 legatione
2732 5637 3021 5706 (turgentes.
3088 5633 3296 5686 Nullum
3361 5633 3447 5685 hic
