4140 6426
1625 373 1685 428 8.
1722 372 2055 429 JUSTINUS
2086 372 2567 432 PHILOSOPHUS
2601 374 2687 429 ET
2723 374 3031 429 MARTYR.

3880 373 4013 426 £91

720 483 984 547 schisma,
1019 488 1113 540 sed
1142 487 1439 544 vehemens
1472 489 1782 557 dissensio,
1836 492 1990 561 cuius
2040 495 2295 550 sedanda:
2325 503 2369 558 Α
2398 493 2659 561 ecclesias
2700 505 2755 549 et
2787 494 2961 549 cidem
2998 495 3307 550 auctaritati
3344 494 3622 565 paruisse;
3672 506 3799 546 cum
3850 488 4009 542 alim

719 590 844 647 spes
873 574 1177 645 aﬂulgehat.

790 664 979 721 Trium
1009 667 1383 724 Romanorum
1418 672 1731 741 pontiﬁcum
1770 676 2204 730 communionem
2238 689 2295 731 et

722 759 1174 827 approbationem
1222 762 1322 814 sibi
1367 763 1661 816 conciliare
1693 766 1871 817 conati
1917 775 2045 819 sunt
2083 766 2291 819 Monta-

720 852 896 914 nistar,
933 852 1027 905 sed
1053 867 1275 920 operam
1310 854 1576 911 luserunt.
1622 856 1757 909 Rem
1797 857 2060 912 discimus
2109 876 2175 913 ex
2209 859 2295 913 his

720 939 1039 995 Tertulliani
1080 942 1257 995 verbis
1281 954 1465 996 contra
1492 942 1685 1009 Ρναπ..
1707 960 1757 1001 c.
1787 946 1809 999 I
1850 966 1863 1000 :
1897 965 1915 996 t
1960 945 2102 1001 Idem
2137 948 2290 1015 (Pra-

721 1036 873 1100 xeas)
912 1043 1037 1086 tunc
1069 1038 1379 1101 episcopum
1434 1035 1734 1089 Romanum
1768 1048 2153 1103 agnoscentem
2178 1038 2291 1106 jam

721 1124 1034 1189 propitetias
1080 1123 1352 1188 Montani,
1402 1124 1620 1191 Priscae,
1670 1127 2002 1192 Maximillae,
2038 1140 2094 1183 et
2126 1146 2191 1185 ex
2228 1147 2289 1185 ea

722 1214 995 1282 agnitione
1022 1229 1213 1282 pacem
1251 1216 1509 1271 Ecclesiis
1544 1219 1688 1274 Asia:
1710 1229 1764 1273 et
1788 1219 2033 1291 Phrygiae
2054 1221 2293 1277 inferen-

724 1314 851 1367 tem,
888 1304 1020 1358 falsa
1046 1307 1110 1359 de
1135 1306 1269 1375 ipsis
1302 1309 1579 1375 prophetis
1608 1322 1660 1363 et
1698 1310 1953 1365 Ecclesiis
1984 1328 2172 1366 eorum
2205 1330 2294 1367 as-

721 1396 1061 1458 severando,
1111 1407 1169 1450 et
1214 1412 1605 1465 praecessornm
1649 1399 1766 1465 ejus
1812 1402 2167 1456 auctoritates
2201 1404 2294 1458 do—

722 1482 1012 1551 fendemlo,
1059 1490 1238 1555 coegit
1286 1498 1340 1544 et
1398 1490 1610 1547 litteras
1664 1494 1815 1559 pacis
1872 1509 2133 1551 revocare
2183 1493 2291 1566 iam

720 1576 985 1644 emissas,
1017 1588 1072 1632 et
1108 1594 1138 1633 a
1175 1582 1455 1649 proposito
1507 1585 1939 1653 recipiendorum
1988 1574 2295 1643 charisma-

725 1678 839 1723 tum
890 1684 1229 1728 concessam.
1288 1693 1307 1725 ι
1349 1675 1516 1745 Hujus
1570 1676 1876 1745 poutiticis,
1930 1680 2022 1747 qui
2077 1693 2215 1747 pene
2260 1694 2291 1733 a

724 1756 1068 1815 Iontauistis
1084 1764 1343 1832 deceptus
1374 1765 1889 1836 fuit,’pra:eessores
1927 1767 2147 1820 indicati
2188 1767 2291 1821 hoc

2398 600 2504 640 non
2531 586 2864 649 velarentur,
2890 586 3013 638 aliae
3044 586 3221 639 socias
3245 600 3370 639 snas
3407 583 3575 638 velari
3604 582 3834 636 moleste
3868 578 4008 631 fer-

2398 686 2538 739 rent,
2572 686 2627 730 et
2660 677 2863 730 idcirco
2889 678 3031 745 apud
3062 677 3284 745 eos,qui
3318 677 3644 731 auctoritate
3665 679 4007 744 praenitet,

2396 778 2618 836 agerent
2648 778 2705 821 ut
2742 769 2913 823 velum
2946 770 3346 822 detraheretur.
3386 767 3517 821 Tota
3557 782 3643 821 res
3679 768 3731 821 in
3780 764 4007 820 Eccleo

2397 858 2473 909 sia
2507 860 2810 927 agebatur,
2848 871 2944 911 nec
2981 857 3108 910 dum
3144 859 3210 911 ab
3254 873 3315 911 ea
3366 856 3729 911 Tertullianus
3761 856 4006 909 disces-

2397 958 2565 1003 serat.
2592 966 2609 998 ι
2642 948 2794 1017 Apud
2822 963 2918 1002 nos
2946 962 3117 1016 usque
3149 948 3394 1017 proxime
3418 947 3633 1016 utrique
3672 958 4007 1001 consuetu-

2397 1038 2507 1091 dini
2545 1038 3071 1092 comtnunicabatur.
3130 1055 3150 1090 ι
3202 1037 3507 1104 Quinetiam
3561 1039 3613 1093 in
3666 1037 3771 1092 hoc
3826 1037 4006 1092 libro

2395 1130 2614 1198 opponit
2644 1129 2971 1185 adversariis
3006 1129 3120 1185 suis
3153 1139 3367 1185 exteras
3396 1131 3691 1195 ecclesias,
3738 1130 4009 1200 quibus-

2396 1234 2518 1271 cum
2562 1229 2617 1272 ct
2654 1236 2713 1273 se
2746 1230 2800 1273 et
2845 1220 3191 1275 adversarios
3225 1222 3606 1276 communione
3645 1220 4007 1287 coniunctos

2396 1324 2516 1363 esse
2553 1309 2809 1363 declarat.
2861 1331 2881 1362 ι
2940 1310 3053 1367 Non
3107 1326 3421 1382 possumus,
3473 1314 3677 1381 inquit,
3731 1327 3848 1380 cap.
3902 1312 4000 1377 2,

2401 1410 2655 1463 respuere
2684 1403 3150 1464 consuetudinem,
3175 1417 3338 1470 quant
3355 1402 3613 1456 damnare
3644 1418 3747 1456 non
3776 1417 4007 1471 possu-

2398 1506 2535 1554 mus,
2565 1501 2749 1559 utpote
2769 1503 3233 1559 nouextraneaut,
3263 1495 3385 1561 quia
3419 1510 3523 1548 non
3556 1505 4001 1555 extraneorum,

2392 1593 2520 1632 cum
2571 1581 2769 1648 quibus
2812 1582 3019 1636 scilicet
3067 1586 3539 1638 communit-amns
3581 1583 3672 1651 jus
3718 1584 3868 1653 pacis
3930 1594 4007 1635 et

2396 1686 2589 1725 nomen
2627 1671 3009 1729 fraternitatis.
3052 1674 3167 1729 Una
3203 1676 3360 1730 nobis
3390 1688 3440 1730 et
3486 1677 3589 1731 illis
3622 1678 3789 1741 fides,
3827 1690 4004 1729 unus

2397 1764 2557 1828 Deus,
2612 1783 2749 1820 unus
2796 1766 3070 1832 Christus,
3119 1769 3309 1824 eadem
3345 1785 3486 1838 spes,
3529 1772 3718 1825 eadem
3762 1770 3998 1826 lavacri

719 1850 844 1906 loco
875 1852 964 1906 alii
1019 1868 1142 1908 esse
1186 1869 1293 1909 non
1341 1867 1598 1925 possunt,
1631 1874 1792 1928 quant
1844 1859 2003 1912 Seter
2034 1858 2138 1912 sub
2182 1876 2291 1927 quo
2324 1885 2366 1941 Β
2397 1867 2758 1909 sacramenta.
2791 1857 2968 1911 Semel
3002 1859 3232 1913 dixerim
3275 1875 3379 1911 una
3422 1859 3659 1913 Ecclesia
3698 1876 3913 1915 sumus.
3968 1882 3990 1913 ι

718 1952 867 1999 secta
904 1946 1140 2013 prodiit,
1191 1953 1248 2000 et
1291 1947 1612 2003 Eleutherus
1650 1952 1738 2004 cui
1791 1947 1978 2004 Vieior
2021 1954 2296 2007 successit

718 2048 863 2089 anno
894 2036 1016 2091 I92.
1054 2036 1241 2106 Itaque
1279 2040 1497 2095 Victore
1530 2042 1830 2098 Ecclesiam
1868 2044 2169 2099 Romanam
2209 2060 2295 2099 re-

662 2116 666 2119 ’
717 2135 878 2193 gente
907 2136 999 2179 aut
1032 2127 1227 2189 saltem
1265 2129 1318 2182 in
1355 2131 1671 2198 primordiis
1729 2135 1875 2190 illius
1918 2138 2288 2205 pontificatus,

720 2218 773 2272 id
811 2229 895 2273 est
944 2222 1104 2276 annis
1134 2222 1323 2291 viginti
1358 2235 1412 2279 et
1456 2227 1687 2293 amplius
1740 2238 1861 2295 post
1909 2228 2146 2284 Montani
2182 2233 2292 2299 pri-

718 2309 950 2373 mordia,
993 2312 1233 2366 nondum
1272 2312 1611 2370 Montanista:
1643 2316 1713 2370 ab
1750 2317 1994 2373 Ecclesia
2031 2322 2293 2379 discesse-

718 2401 1145 2465 nnknonduut
1199 2404 1267 2459 ab
1319 2419 1383 2459 ea
1436 2418 1595 2461 erant
1627 2410 1810 2476 eiecti.
1850 2411 2155 2468 Verisimile
2207 2426 2293 2469 est

718 2490 969 2547 homines
1016 2496 1283 2562 superbos
1330 2498 1596 2565 repulsam
1635 2500 1772 2554 hanc
1818 2518 1921 2555 non
1966 2506 2154 2559 tulisse
2197 2522 2290 2575 pa-

717 2582 945 2649 tienter;
1003 2586 1097 2638 sed
1166 2598 1345 2639 tamen
1398 2588 1580 2655 plures
1634 2591 1763 2645 anni
1811 2592 1881 2649 ab
1932 2594 2034 2648 hoc
2090 2607 2291 2651 eventu

716 2673 1079 2741 eﬂluxernnt,
1135 2689 1427 2747 antequam
1470 2684 1718 2737 schisma
1772 2686 1953 2754 palam
1997 2696 2053 2742 et
2103 2699 2291 2758 aperte

714 2777 1045 2836 erumperet.
1084 2767 1217 2821 Nam
1252 2769 1640 2837 Tertulliauus,
1675 2788 1835 2840 quem
1872 2775 2172 2830 verisimile
2205 2788 2292 2832 est

718 2859 923 2924 Iiomar,
967 2877 1089 2915 cum
1126 2862 1243 2915 haec
1292 2875 1608 2930 agerentur,
1646 2865 1839 2930 fuisse,
1896 2867 1948 2922 in
2006 2870 2108 2923 hac
2158 2872 2291 2927 urbe

717 2950 1045 3007 Iontauista
1094 2953 1267 3015 factus
1318 2965 1435 3016 est,
1484 2956 1535 3027 si
1574 2972 1692 3010 eam
1744 2958 2073 3029 Hieronymo
2128 2958 2286 3014 fidem

718 3045 999 3106 habemus,
1026 3060 1144 3112 qum
1167 3046 1240 3099 illi
1268 3048 1367 3099 hac
1399 3048 1450 3099 iit
1486 3063 1542 3101 re
1566 3064 1673 3101 non
1709 3050 1921 3103 videtur
1952 3053 2285 3120 deneganda.

716 3133 764 3186 Is
797 3134 941 3187 euitn
979 3134 1032 3187 itt
1072 3136 1211 3189 libro
1248 3136 1321 3189 De
1346 3139 1529 3207 script.
1561 3141 1744 3193 ποίεε.
1775 3141 2287 3195 narrat‘Tertnllia-

2397 1945 2567 2011 Quam
2597 1947 2883 2000 dissimilia
2912 1950 3025 2003 ltzrc
3047 1959 3172 2002 sunt
3207 1948 3388 2019 impiis
3416 1958 3470 2003 et
3511 1951 3813 2004 inhonestis
3840 1966 3995 2004 con-

2398 2038 2571 2102 viciis,
2603 2055 2725 2106 qua:
2759 2051 2946 2109 postea
2987 2039 3357 2095 Tertullianus
3402 2056 3501 2095 nec
3538 2036 3761 2097 modum
3798 2042 3996 2095 ullum

2396 2146 2495 2185 nec
2527 2132 2818 2184 consilium
2853 2134 3095 2187 retinens
3130 2134 3180 2185 in
3216 2133 3513 2187 Ecclesiam
3548 2133 3735 2186 eli‘ndit
3768 2152 3781 2186 :
3825 2135 4002 2188 velut

2394 2237 2519 2276 cutu
2546 2223 2620 2275 ait
2655 2223 2705 2275 iu
2736 2222 2877 2276 libro
2916 2222 2991 2275 De
3020 2224 3311 2289 pudicitia,
3346 2238 3465 2291 cap.
3512 2226 3574 2277 ιε
3609 2242 3626 2274 ι
3662 2224 3778 2277 Erit
3804 2225 4001 2292 igitur

2394 2325 2448 2368 et
2489 2316 2871 2370 ltic‘atlversus
2919 2318 3210 2384 psyclticos
3261 2316 3479 2379 titulus,
3524 2317 3791 2369 adversus
3832 2332 4000 2371 mean

2394 2423 2609 2474 quoque
2631 2409 2913 2461 sententia:
2945 2418 3089 2461 retro
3124 2423 3286 2476 penes
3318 2408 3439 2459 illos
3480 2408 3832 2472 societatem,
3862 2422 3999 2475 quo

2395 2501 2563 2565 magis
2598 2500 2694 2551 hoc
2735 2499 2863 2552 mihi
2903 2500 2953 2553 in
2991 2509 3170 2552 uolant
3226 2498 3459 2551 levitatis
3496 2499 3788 2565 objectcnt.
3823 2497 3999 2551 Nuit-

2392 2604 2553 2658 quatu
2587 2589 2867 2642 societatis
2908 2590 3191 2658 repudium
3224 2589 3401 2642 delicti
3439 2588 3813 2657 praeiudicium
3860 2599 3992 2653 est,

2392 2680 2547 2748 quasi
2583 2696 2688 2731 non
2721 2678 2932 2732 facilius
2956 2680 3028 2732 sit
3054 2693 3241 2732 errare
3274 2694 3395 2731 cum
3441 2678 3709 2747 pluribus,
3749 2678 3995 2746 quando

2393 2771 2596 2823 veritas
2631 2787 2751 2822 cum
2798 2770 2989 2838 paucis
3022 2780 3254 2822 atttelur.
3290 2786 3308 2821 ι
3353 2769 3692 2838 Scriptorum
3728 2762 3996 2822 Pastoris

2393 2867 2486 2925 ait.
2517 2880 2636 2931 cap.
2672 2863 2754 2925 II,
2785 2865 2926 2917 inter
2958 2862 3268 2931 apocrypha
3307 2863 3531 2925 referri,
3560 2863 3623 2914 ab
3661 2864 3805 2913 omni
3838 2877 3988 2915 con--

2392 2957 2511 3009 cilia
2544 2955 2901 3007 Ecclesiarum
2932 2954 3091 3005 etiaut
3132 2964 3450 3015 vestrarum,
3476 2952 3691 3021 inquit,
3720 2951 3987 3005 Catholi-

2393 3062 2485 3100 cos
2524 3046 2822 3111 alloquens.
2884 3042 3055 3113 Negat
3116 3036 3415 3098 Catltolicis
3468 3044 3650 3097 inesse
3704 3044 3986 3111 Spiritum

2392 3148 2639 3189 Sanctum
2691 3134 2815 3201 quia
2873 3134 3023 3187 illum
3073 3133 3125 3185 in
3181 3132 3432 3185 Montano
3490 3148 3595 3185 non
3647 3143 3986 3200 agnoscunt.

718 3244 843 3282 num
875 3230 1075 3283 invidia
1102 3241 1149 3287 et
1174 3234 1507 3305 contumeliis
1540 3237 1852 3287 clericorum
1894 3235 2148 3288 Ecclesia?
2182 3234 2289 3289 Ro-
2318 3227 2359 3283 C
2399 3249 2415 3279 ι
2457 3226 2644 3294 itaque
2681 3226 2804 3287 isti,
2841 3225 3014 3291 inquit
3043 3224 3102 3285 ³³,
3161 3228 3249 3293 qui
3303 3225 3465 3279 al-iutn
3514 3224 3861 3279 Paracletum
3915 3224 3984 3277 in

716 3338 888 3374 mana:
914 3324 981 3375 ad
1007 3323 1245 3379 Montani
1269 3328 1461 3394 dogma
1489 3327 1785 3396 delapsum.
1819 3328 1995 3380 llediit
2022 3339 2199 3382 tamen
2232 3330 2285 3382 iit

714 3409 955 3465 Africam
1013 3413 1253 3467 nondum
1309 3416 1745 3475 schistnaticus:
1806 3432 1929 3469 nam
1988 3418 2289 3473 Catholicis

714 3505 1009 3571 permistus
1056 3514 1206 3571 erat,
1252 3506 1425 3575 iisque
1466 3509 1818 3564 audientibus
1855 3508 2147 3571 Praxeam,
2196 3510 2290 3577 qui

714 3610 781 3649 ex
816 3595 962 3651 Italia
995 3598 1047 3651 in
1070 3598 1313 3653 Africam
1346 3610 1599 3664 venerat,
1640 3598 1823 3669 ibique
1857 3617 2100 3656 errorem
2132 3618 2286 3656 snuut

715 3690 1032 3758 spargebat,
1066 3688 1231 3759 fregit
1262 3700 1319 3745 et
1350 3693 1612 3755 convicit,
1641 3705 1804 3762 atque
1835 3694 2084 3746 haeresim
2111 3695 2292 3763 coegit

714 3779 968 3845 eiurare;
1041 3790 1148 3834 tum
1194 3784 1409 3837 demum
1458 3784 1696 3838 scbisma
1729 3785 2044 3839 conflatum.
2097 3785 2287 3840 Totam

712 3886 828 3925 rem
862 3872 944 3926 sic
978 3872 1094 3941 ipse
1125 3883 1336 3936 narrat,
1369 3890 1492 3944 cap.
1528 3876 1553 3928 1
1599 3878 1653 3929 in
1684 3875 1885 3930 Ρνατ.;
1920 3897 1936 3927 ι
1975 3877 2290 3933 I-‘ruticave—

716 3970 841 4038 rant
864 3972 1048 4016 avenae
1079 3962 1372 4019 Praxeatta‘.
1397 4004 1412 4027 ,
1449 3966 1537 4021 hic
1570 3962 1786 4034 quoque
1820 3970 2289 4036 snpersemiualze,
2334 4006 2337 4007 ν

714 4051 1116 4107 dormientibus
1143 4054 1330 4109 multis
1378 4055 1430 4108 in
1465 4057 1816 4124 simplicitate
1846 4058 2143 4123 doctrinae;
2182 4068 2292 4111 tra-

714 4145 890 4199 ductae
930 4147 1135 4205 dehinc.
1174 4161 1273 4214 per
1294 4162 1454 4216 quem
1500 4148 1643 4202 Deus
1663 4148 1858 4212 voluit,
1893 4150 2061 4203 etiam
2092 4150 2292 4204 avulsa:

716 4236 1062 4295 videbantur.
1116 4236 1616 4306 Deniquecavcrat
1668 4239 1958 4307 pristinum
1999 4240 2192 4295 doctor
2226 4242 2291 4294 de

714 4329 1095 4385 emendatione
1141 4339 1285 4382 sua:
1333 4340 1389 4383 et
1442 4338 1625 4389 manet
1674 4330 2097 4398 chirographum
2151 4332 2305 4401 apud

718 4420 1031 4489 psychicos,
1075 4421 1217 4487 apud
1258 4434 1397 4490 quos
1432 4431 1557 4474 tunc
1603 4431 1752 4490 gesta
1800 4436 1889 4475 res
1922 4433 2004 4475 est
2044 4440 2059 4475 :
2094 4424 2294 4477 exinde

716 4509 1012 4562 silentium.
1052 4510 1116 4563 Et
1158 4526 1257 4564 nos
1291 4511 1507 4579 quidem
1545 4522 1729 4579 postea
1767 4514 1974 4580 agnitio
2024 4512 2290 4568 Paraclcti

715 4608 768 4650 et
801 4600 1045 4653 defettsio
1089 4601 1351 4670 disjunxit
1399 4617 1427 4653 a
1481 4602 1773 4672 psycbicis.
1824 4624 1843 4655 ι
1897 4604 2164 4659 Accurata
2208 4618 2292 4661 est

716 4689 1036 4744 Tertulliani
1092 4694 1231 4745 ratio
1274 4691 1569 4760 loquendi:
1604 4710 1709 4751 non
1746 4694 1893 4747 illum
1937 4696 2050 4749 sola
2081 4698 2291 4769 agnitio

718 4784 841 4839 falsi
874 4784 1141 4841 Paracleti
1167 4827 1205 4852 ,.
1236 4788 1333 4841 sed
1378 4789 1611 4846 maxime
1665 4789 1909 4843 defensio
1947 4771 2211 4857 disjnnxit
2258 4806 2286 4843 a

713 4878 1028 4932 Catholiris.
1067 4878 1330 4932 Nimirum
1369 4889 1667 4949 agnoverat
1695 4891 1987 4949 antequam
2018 4883 2287 4935 schisma-

717 4971 822 5024 tice
854 4970 1189 5025 defenderet.

782 5061 872 5116 IV.
910 5060 1305 5115 Tertulliauum
1351 5077 1457 5116 non
1501 5066 1682 5118 statim
1733 5081 1796 5119 ac
1842 5065 2171 5119 Moutanista
2211 5066 2290 5118 fa-

713 5162 835 5209 ctus
867 5147 970 5219 est,
999 5153 1067 5207 ab
1100 5152 1355 5206 Ecclesia:
1383 5145 1761 5209 communione
1792 5156 2067 5210 exteriore
2088 5157 2293 5211 disces-

714 5247 852 5302 sisse
887 5246 1041 5299 testis
1078 5254 1162 5297 est
1198 5246 1330 5301 liber
1366 5244 1439 5297 De
1476 5246 1708 5299 vetandis
1747 5248 2036 5320 virginibus
2066 5285 2083 5311 ,
2135 5248 2292 5314 cujus

713 5334 991 5393 scribendi
1027 5338 1264 5398 occasio,
1302 5346 1361 5388 ut
1388 5336 1499 5403 jam
1531 5336 1787 5399 vidimus,
1823 5338 2030 5390 exstitit
2059 5348 2180 5392 orta
2212 5340 2298 5391 in-

714 5442 799 5488 ter
830 5425 1280 5479 Montamstarum
1315 5434 1370 5480 et
1402 5423 1806 5480 Catholi'corum
1840 5428 2078 5495 virgines
2118 5429 2173 5481 in‘
2203 5429 2299 5482 iis-

712 5519 833 5571 dem
870 5516 1123 5570 ecclesiis
1166 5524 1221 5570 et
1263 5517 1366 5570 sub
1410 5516 1601 5570 iisdem
1656 5519 1967 5584 pastoribus
2000 5518 2295 5576 dissensio.

715 5613 947 5673 Necesse
997 5620 1078 5665 est
1111 5611 1260 5667 enim
1308 5620 1567 5684 utrasque
1605 5612 1657 5670 in
1704 5615 1925 5675 easdem
1974 5616 2295 5675 convenisse

792 5771 833 5804 “
856 5772 985 5841 Cap.
1026 5770 1108 5823 1'2.

2391 3321 2655 3390 apostolis
2692 3329 2743 3371 et
2783 3333 2879 3386 per
2912 3317 3187 3386 apostolos
3214 3328 3571 3386 receperunt,
3595 3332 3755 3384 quem
3782 3331 3883 3369 nec
3914 3316 3981 3368 in

2389 3412 2670 3483 prophetis
2718 3410 2958 3477 propriis
3005 3410 3271 3475 agnitum,
3316 3409 3429 3477 jam
3474 3425 3572 3463 nee
3621 3409 3672 3461 in
3710 3405 3985 3474 apostolis

2391 3503 2691 3571 pessident,
2719 3517 2818 3569 age
2861 3516 3002 3553 nunc
3028 3500 3111 3553 vel
3145 3501 3210 3553 de
3254 3499 3552 3569 apostolico
3606 3500 3981 3551 instrumento

2391 3596 2621 3646 doceant
2667 3591 2909 3645 maculas
2955 3590 3140 3643 carnis
3192 3598 3309 3655 post
3362 3589 3628 3657 baptisma
3682 3603 3980 3655 respersm,

2388 3689 2704 3757 pmnitentia
2741 3685 2870 3738 dilui
2909 3696 3107 3752 posse.
3135 3701 3153 3733 ι
3188 3676 3251 3734 Et
3282 3696 3403 3750 cap.
3442 3681 3503 3734 2f
3536 3700 3550 3734 :
3589 3702 3607 3733 ι
3640 3681 3782 3749 Quid
3827 3698 3983 3736 nunc

2390 3788 2442 3833 et
2477 3780 2542 3830 ad
2577 3778 2896 3837 Ecclesium,
2920 3785 2973 3826 et
3002 3774 3219 3841 quidem
3258 3784 3406 3825 tuam
3445 3773 3741 3843 psycltice?
3764 3791 3781 3823 ι

2463 3871 2854 3930 Tillemontius,
2886 3867 2973 3935 qui
3032 3864 3380 3919 Montanistas
3434 3866 3709 3931 existimat
3754 3876 3970 3920 sectam

2391 3964 2461 4019 ab
2499 3963 2735 4018 Ecclesia
2786 3960 3084 4013 abscissam
3128 3955 3296 4011 fuisse
3327 3968 3620 4024 antequam
3665 3957 3713 4009 ei
3769 3972 3973 4012 nomen

2350 4100 2351 4103 η
2393 4056 2546 4109 dat-et
2586 4052 2977 4111 Tertullianus,
3016 4049 3153 4099 hanc
3197 4043 3502 4115 opinionem
3534 4047 3741 4115 accepit
3787 4048 3855 4100 ab
3888 4050 3984 4121 bis

2394 4147 2518 4200 libri
2554 4148 2626 4198 De
2660 4146 2783 4212 fuga
2814 4142 3031 4194 verbis:
3064 4157 3081 4189 ι
3133 4137 3320 4190 Dicitis
3365 4142 3531 4203 enim,
3574 4138 3834 4207 quoniatu
3888 4141 3979 4191 iit.-

2373 4240 2608 4293 rOndlte
2658 4234 3040 4293 convenimus.
3078 4233 3240 4286 simul
3284 4232 3640 4285 convenimus
3681 4241 3738 4283 et
3784 4230 3978 4299 plures

2397 4329 2780 4384 concurrimus
2814 4327 2865 4378 in
2899 4326 3232 4391 Ecclesiam;
3266 4324 3559 4393 qurrintur
3586 4338 3616 4375 a
3658 4323 3982 4378 nationibus

2396 4432 2451 4474 et
2484 4422 2736 4472 timemus
2775 4432 2842 4470 ne
2868 4418 3164 4477 turbentur
3190 4404 3453 4479 nationes,
3476 4433 3493 4465 ι
3513 4403 3635 4482 cap.
3658 4430 3739 4470 ιιι.
3769 4415 4001 4477 Ειὶδιί-“

2399 4511 2565 4564 mavit
2595 4510 2679 4561 vir
2708 4507 3054 4562 doctissimus
3088 4506 3174 4565 hic
3199 4506 3425 4559 ucscrtni
3455 4489 3684 4573 Synaxes
3706 4503 3982 4558 Montani-

2398 4608 2601 4656 staruut
2625 4578 2715 4652 :lat
2744 4601 2888 4667 ipsos
2915 4596 3244 4661 Catitolicos,
3271 4615 3297 4648 τι
3324 4597 3517 4664 quibus
3544 4596 3823 4649 οοιιευίῑυε
3846 4595 3979 4650 Γυθ-

2400 4703 2501 4759 rat,
2534 4692 2643 4745 huic
2683 4692 2923 4744 dicentes
2973 4691 3178 4743 inducit
3210 4687 3596 4752 Tertulliauus,
3628 4696 3789 4756 atque
3827 4687 3978 4742 hanc

2397 4802 2617 4841 causam
2649 4784 2957 4844 afferentes,
2983 4797 3080 4834 cur
3108 4779 3416 4852 fugiendum
3449 4781 3537 4843 sit,
3556 4789 3607 4830 et
3634 4795 3662 4831 a
3690 4782 3978 4834 conventi-

2394 4879 2493 4933 bus
2515 4876 2920 4939 abstinendum,
2938 4875 3061 4945 quia
3090 4876 3368 4938 nimirum,
3386 4874 3430 4925 si
3453 4873 3748 4927 Christiani
3775 4874 3972 4930 solitas

2396 4985 2631 5041 synaxcs
2658 4972 2873 5031 obeant,
2904 4970 3016 5021 haec
3043 4965 3328 5019 multitudo
3351 4965 3507 5018 facile
3530 4966 3976 5033 deprehendatur

2396 5081 2426 5117 a
2459 5064 2772 5134 gentilibus.
2810 5062 2961 5117 Unde
2993 5059 3363 5113 Tertullianus
3394 5060 3543 5111 addit
3574 5081 3584 5112 :
3617 5058 3811 5115 Annon
3856 5062 3973 5114 sci-

2396 5155 2466 5207 tis
2510 5150 2651 5217 quod
2698 5152 2838 5205 Deus
2882 5151 3123 5203 omnium
3174 5150 3243 5200 sit
3293 5149 3590 5201 Dominus?
3638 5148 3699 5201 Et
3748 5150 3790 5203 si
3838 5150 3973 5207 velit

2400 5233 2563 5307 Deus,
2593 5253 2719 5296 tunc
2749 5244 3179 5313 persecutionem
3206 5241 3459 5307 patieris;
3487 5244 3531 5293 si
3563 5257 3690 5294 vero
3712 5243 3970 5309 noluerit,

2403 5347 2533 5391 tunc
2564 5336 2803 5393 silebunt
2835 5338 3105 5389 nationes.
3145 5353 3161 5385 ι
3196 5333 3331 5385 llinc
3366 5336 3530 5385 etiam
3574 5342 3765 5387 auctor
3801 5346 3884 5389 est
3918 5339 3969 5389 ci

2401 5430 2493 5498 qui
2545 5428 2881 5491 consulebat,
2918 5437 2975 5479 ut
3021 5428 3065 5480 si
3120 5426 3348 5479 interdiu
3386 5442 3488 5479 non
3540 5437 3733 5494 potest,
3776 5428 3970 5482 saltem

2404 5531 2563 5574 nocte
2605 5529 2658 5573 et
2706 5536 2826 5575 cum
2870 5520 3055 5587 paucis
3100 5518 3405 5581 conveniat,
3451 5519 3493 5570 si
3545 5534 3647 5568 non
3687 5518 3811 5571 licet
3845 5534 3973 5572 cum

2406 5612 2771 5667 multitudine.
2807 5630 2825 5661 ι
2858 5610 3158 5671 Postremo,
3191 5609 3234 5662 si
3280 5609 3533 5676 colligere
3575 5608 3811 5663 interdiu
3861 5624 3968 5663 non
