4140 6418
166 371 267 422 11ιῦ

1112 371 1176 428 D.
1215 371 1478 426 MARANI
1517 372 1915 431 PREFATIO.
1956 407 2022 419 --
2049 377 2229 431 PARS
2266 379 2351 433 Ill.

3332 390 3431 445 Ιθό

157 504 343 557 potes,
368 492 535 546 babes
567 500 781 545 noctem
813 490 931 546 lucc
960 490 1161 549 Christi
1193 493 1519 549 luminosam
1548 498 1741 549 adver-
1768 500 1814 556 Α
1847 496 2134 552 Montanus
2169 512 2220 552 et
2256 498 2502 553 Priscilla
2533 512 2581 553 et
2611 501 2933 568 Maximilla,
2957 522 3050 559 uec
3080 508 3218 575 quod
3249 507 3435 563 Jesum

156 600 251 638 sus
281 600 428 638 eam.
463 584 573 638 Non
598 595 748 652 potes
773 584 1080 639 discurrere
1105 600 1200 653 per
1230 587 1504 655 singulos;
1541 590 1610 641 sit
1642 589 1737 643 tibi

158 688 213 730 et
242 678 298 729 in
337 675 507 729 tribus
554 664 811 730 Ecclesia.
844 695 861 726 ›
891 677 945 730 1η
998 678 1100 733 hoc
1141 680 1305 746 igitur
1332 681 1472 735 libro
1503 721 1517 745 ,
1555 682 1607 734 in
1633 697 1741 750 quo

160 768 507 823 Paracletum
561 784 714 823 suum
771 770 930 831 citat,
990 786 1053 823 ac
1118 771 1362 826 Montani
1409 774 1617 829 deliriis
1668 777 1743 830 ita

163 862 421 914 addictus
463 869 565 926 est,
601 870 655 913 ut
704 876 903 929 negare
941 861 1080 914 inter
1121 872 1384 918 tormenta
1423 865 1592 918 satius
1622 881 1743 922 esse

160 964 317 1023 putet
349 970 510 1022 quam
555 952 759 1023 fugere.
792 954 1141 1008 reverebatur
1186 966 1364 1010 tamen
1404 957 1741 1013 ecclesiasti-

159 1064 255 1102 co:
287 1055 613 1108 conventus,
644 1047 839 1114 eisque
889 1061 1121 1113 prmesse
1168 1048 1449 1104 Christum
1495 1050 1739 1119 putabat.

160 1140 314 1193 Nihil
369 1141 511 1192 enim
565 1139 706 1193 aliud
737 1148 819 1193 est
868 1139 969 1193 hoc
1017 1138 1133 1194 loco
1184 1140 1419 1197 Ecclesia
1459 1144 1512 1197 in
1551 1144 1739 1209 tribus,

162 1234 267 1286 nisi
303 1232 564 1295 fidelium,
586 1233 780 1300 quibus
811 1233 951 1289 inest
988 1231 1224 1302 Spiritus
1253 1244 1501 1299 sanctus,
1528 1237 1740 1292 etiamsi

163 1325 326 1396 pauci
364 1326 495 1388 sint,
525 1336 842 1381 conventus.
879 1325 971 1380 llis
1011 1327 1149 1379 adde
1183 1325 1432 1391 Fabium,
1470 1329 1562 1397 qui
1606 1327 1741 1383 Ter-

168 1421 455 1471 tulliannm
488 1418 854 1478 consuluerat.
884 1419 1208 1472 catholicum
1241 1418 1444 1487 fuisse;
1482 1436 1582 1476 nec
1614 1438 1739 1492 psy-

165 1512 357 1564 cbicos
386 1511 436 1563 in
469 1511 566 1563 hoc
600 1509 738 1562 libro
766 1508 1082 1563 Catholicos
1125 1510 1387 1578 appellari
1422 1510 1577 1567 :‘hoc
1622 1522 1743 1568 tau-

166 1612 280 1656 tutn
324 1603 376 1655 iu
416 1603 495 1656 eis
527 1602 726 1669 culpat,
757 1603 901 1669 quod
939 1602 990 1653 in
1022 1602 1207 1655 multis
1255 1604 1415 1657 rebus
1447 1603 1655 1658 hmrerc
1686 1615 1743 1659 et

164 1694 363 1750 incerti
393 1709 508 1747 esse
535 1695 781 1751 debeant.
818 1695 941 1761 quia
970 1693 1237 1747 Paracleti
1260 1695 1479 1748 oracula
1512 1712 1616 1749 non
1652 1711 1739 1751 re-

163 1787 395 1855 cipiunt.
432 1804 448 1835 r
480 1785 827 1839 Procuranda
854 1794 1033 1837 autem
1059 1787 1395 1841 examinatio
1423 1801 1589 1853 penes
1621 1803 1739 1854 vos,

166 1880 215 1933 ai
272 1878 412 1932 forte
471 1876 805 1931 Paracletum
862 1892 965 1930 non
1027 1877 1337 1945 recipiendo
1390 1879 1740 1934 deductorem

166 1974 351 2025 omnis
381 1970 645 2033 veritatis,
667 1969 859 2023 merito
885 1971 1059 2023 adhuc
1090 1971 1251 2023 etiam
1283 1970 1405 2024 aliis
1431 1973 1746 2039 quaestioni-

168 2064 267 2117 bus
303 2063 487 2117 obnixi
529 2062 686 2129 (forte
713 2063 973 2130 obnoxii)
1001 2064 1154 2129 estis,
1177 2079 1297 2132 cap.
1324 2080 1363 2117 ι.
1391 2064 1499 2119 Nec
1525 2078 1747 2133 praster-

166 2142 452 2212 eundaest
482 2155 538 2208 S.
573 2155 758 2208 Rutilii
790 2157 1047 2226 martyris
1072 2157 1372 2211 honorifica
1400 2159 1450 2211 in
1476 2160 1579 2214 hoc
1608 2160 1746 2213 libro

166 2249 635 2313 commemoratio,
660 2263 820 2316 quem
846 2247 1235 2313 Tertullianus,
1276 2267 1326 2305 c.
1369 2251 1421 2311 5.
1460 2253 1745 2307 sanctissi-

168 2360 317 2394 tnunt
358 2353 645 2411 martyrem
676 2350 856 2404 vocat,
882 2342 1135 2409 quamvis
1167 2344 1320 2397 toties
1371 2344 1587 2412 fugisset
1630 2361 1745 2410 per-

164 2440 486 2491 secutionem
513 2439 579 2490 de
600 2436 713 2490 loro
743 2439 797 2490 in
826 2436 1020 2503 locant,
1049 2436 1210 2490 etiam
1240 2437 1531 2502 periculum
1565 2444 1621 2489 at
1649 2453 1747 2505 pu-

164 2531 315 2583 tabat
350 2530 573 2583 nummis
606 2529 931 2584 redemisset.

239 2621 323 2675 Ex
358 2621 440 2674 his
469 2618 637 2673 refelli
662 2626 902 2689 possunt
932 2627 987 2673 et
1023 2618 1113 2687 qui
1148 2634 1178 2673 a
1210 2618 1548 2674 Tertulliano
1583 2620 1748 2673 luere-

160 2714 239 2767 sis
269 2724 455 2766 notam
487 2712 830 2780 propulsant,
860 2712 986 2781 quia
1029 2712 1296 2767 unitatem
1342 2712 1553 2765 videtur
1581 2713 1744 2765 etiaut

162 2806 496 2861 Iontanista
551 2804 819 2867 retinere,
868 2812 923 2859 et
972 2804 1065 2873 qui
1112 2803 1257 2859 illius
1306 2804 1372 2860 de
1420 2804 1750 2859 au‘ctoritate

162 2913 216 2956 et
259 2904 470 2954 unitate
512 2900 779 2969 principia
828 2898 1026 2953 nullius
1078 2900 1267 2953 volunt
1308 2914 1429 2954 esse
1465 2898 1743 2969 ponderis,

159 2991 298 3061 quia
331 2991 439 3045 haec
463 3006 586 3044 eum
607 2991 717 3059 jam
742 2990 1155 3045 schismaticum
1184 2991 1506 3045 disseruisse
1535 3002 1745 3061 putant.

164 3084 403 3153 Utrique
428 3092 613 3139 errant
639 3086 901 3152 graviter.
932 3087 975 3142 A
1012 3087 1322 3141 schismatis
1358 3087 1589 3142 crimine
1635 3101 1745 3140 non

1847 591 2112 643 Christum
2154 591 2381 656 solvant,
2417 609 2507 646 nec
2552 596 2693 662 quod
2740 596 2973 663 aliquam
3019 598 3142 666 [idet
3189 612 3282 653 aut
3323 603 3432 668 spei

1845 684 2080 751 regulam
2104 692 2373 738 evertam:
2416 684 2507 736 sed
2532 693 2671 752 quod
2707 686 2860 752 plane
2890 689 3110 742 doceant
3142 693 3333 759 stcpius
3354 694 3435 757 ie-

1837 778 2038 842 junare
2065 790 2219 843 quam
2251 778 2463 829 nubere.
2499 775 2566 827 At
2597 776 2854 843 pudorem
2882 781 3019 833 adeo
3056 797 3163 836 non
3188 783 3435 852 projece-

1846 872 1932 918 rat
1968 863 2359 931 Tertullianus,
2392 878 2449 920 ut
2499 869 2552 921 itt
2598 868 2716 937 ipso
2761 872 3053 926 schismate
3093 880 3432 932 communio—

1846 957 2109 1013 nerusibi
2135 974 2260 1012 cum
2294 946 2605 1027 apustolicis
2638 963 2914 1016 Ecclesiis
2962 967 3308 1027 attribueret.
3357 971 3432 1025 De

1844 1050 2114 1103 universre
2142 1050 2395 1105 Ecelesia:
2426 1061 2615 1107 contra
2658 1053 3018 1111 Montanistas
3059 1074 3327 1115 consensu
3354 1062 3429 1117 ita

1846 1140 2207 1207 dijudicaltat,
2237 1145 2392 1212 quasi
2421 1146 2576 1213 pauci
2606 1161 2726 1199 cum
2754 1148 3001 1215 pluribus
3028 1166 3090 1203 ac
3122 1167 3229 1204 non
3254 1156 3431 1220 potius

1847 1234 2055 1286 minuta
2118 1244 2267 1310 secta
2315 1251 2437 1289 cum
2510 1238 2761 1292 universa
2824 1240 3067 1295 Ecclesia
3139 1254 3429 1310 pugnaret.

1851 1341 1869 1373 ι
1898 1322 2181 1391 Nunquam
2219 1325 2495 1379 societatis
2541 1330 2850 1395 repudium,
2908 1332 3083 1399 inquit
3130 1334 3193 1399 ³⁸,
3246 1336 3427 1392 delicti

1845 1416 2216 1483 prmjttdjcittm
2246 1428 2352 1485 est,
2387 1419 2540 1488 quasi
2592 1435 2697 1473 non
2735 1424 2948 1481 facilius
2978 1424 3049 1478 sit
3088 1441 3277 1483 errare
3302 1444 3427 1485 cura

1844 1508 2112 1577 pluribus,
2146 1511 2362 1578 quando
2402 1512 2603 1566 veritas
2639 1528 2761 1567 cum
2806 1516 2994 1583 paucis
3044 1530 3280 1575 ametur.
3314 1540 3333 1573 ι
3362 1523 3430 1576 At

1846 1600 1896 1653 in
1933 1600 2069 1655 libro
2096 1601 2173 1655 De
2205 1604 2501 1672 prwscript.
2533 1604 2906 1668 Montanistas.
2934 1610 3023 1675 qui
3069 1614 3426 1680 apostolicam

1844 1692 1910 1745 de
1935 1694 2188 1747 secundis
2214 1696 2435 1763 nuptiis,
2467 1696 2533 1748 de.
2561 1698 2903 1765 pmnitentia,
2932 1701 3041 1757 imo
3066 1713 3120 1757 et
3151 1707 3216 1758 de
3242 1705 3430 1761 Eccle-

1847 1786 1940 1839 sia:
1983 1786 2313 1839 auctoritate
2354 1788 2657 1841 doctrinam
2717 1791 3105 1856 deseruerant,
3164 1808 3318 1863 atque
3363 1810 3428 1850 ac

1850 1877 1985 1935 alios
2016 1876 2337 1948 profligabat
2370 1878 2473 1933 hac
2499 1880 2911 1949 praeclarissima
2943 1887 3236 1940 sententia.
3266 1906 3284 1939 r
3318 1888 3429 1959 Ago

1848 1986 1994 2025 nunc
2016 1986 2205 2025 omnes
2228 1975 2558 2047 erraverint.
2590 1973 2798 2043 Ecquid
2828 1978 3123 2032 verisimile
3151 1989 3225 2033 est
3268 1990 3327 2034 ttt
3349 1992 3429 2035 tot

1849 2054 1911 2118 ac
1937 2072 2098 2117 tantm
2140 2065 2192 2135 in
2246 2082 2408 2119 unam
2459 2066 2616 2121 lident
2659 2069 3000 2123 erraverint?
3029 2090 3046 2121 ι
3083 2071 3134 2122 ιιι
3164 2072 3263 2126 hoc
3291 2088 3429 2141 prte-

1848 2156 2190 2211 Stantissitno
2222 2158 2357 2213 libro
2393 2158 2558 2212 multa
2602 2160 2703 2213 alia
2734 2172 3033 2215 occurrunt
3070 2177 3191 2215 cunt
3233 2163 3299 2217 iis
3338 2179 3429 2233 pe-

1851 2249 1995 2302 nitus
2032 2250 2349 2317 pugnantia,
2378 2265 2499 2319 quae
2531 2250 2896 2307 Te’rtullianus
2928 2253 3041 2319 jam
3074 2252 3427 2319 Muntanista,

1848 2338 1976 2395 licet
2015 2341 2251 2395 nondum
2298 2344 2697 2405 schisntaticus,
2732 2346 2912 2399 docuit
2937 2366 2952 2399 :
2980 2348 3106 2399 illud
3149 2347 3199 2400 in
3240 2350 3429 2416 primis

1848 2433 1991 2501 quod
2034 2432 2087 2486 in
2118 2434 2254 2488 libro
2282 2434 2354 2489 De
2384 2440 2679 2503 prwscript.
2716 2438 2757 2467 ³⁷
2783 2438 2984 2492 diserte
3007 2441 3198 2507 probat
3223 2439 3427 2495 Catho-

1849 2525 1971 2581 licis
2008 2526 2143 2581 nihil
2182 2527 2292 2594 jam
2341 2530 2695 2597 quaerendum
2741 2546 3053 2600 superesse,
3098 2533 3299 2600 quippe
3338 2532 3429 2598 qni

1850 2616 2138 2671 veritatem
2170 2618 2497 2685 invenerint.
2550 2630 2645 2674 aut
2694 2622 2883 2675 saltem
2936 2621 2986 2675 itt
3036 2620 3277 2674 Ecclesia
3311 2630 3363 2674 et
3399 2636 3429 2673 a

1849 2706 2115 2762 fratribus
2143 2712 2523 2781 quaerendum.
2557 2712 2627 2765 At
2652 2712 2704 2766 in
2733 2711 2871 2766 libro
2904 2712 2977 2767 De
3008 2712 3243 2765 velandis
3274 2712 3429 2783 virgi-

1850 2798 2002 2852 nibus
2044 2799 2088 2831 ⁸⁸
2133 2802 2513 2857 auctoritatem
2561 2819 2783 2858 onmem
2832 2804 3206 2857 commentitio
3264 2800 3434 2857 Para-

1851 2891 1994 2947 cleto
2020 2895 2270 2948 attribuit
2306 2896 2357 2948 in
2400 2895 2671 2951 solvendis
2698 2895 3107 2965 qumstionihus,
3136 2907 3187 2950 et
3227 2895 3431 2953 Catho-

1850 2982 1983 3039 licos
2028 2986 2080 3039 in
2126 2986 2265 3040 libro
2309 2986 2383 3041 De
2433 2986 2559 3057 fuga
2598 2988 2641 3017 ”
2668 2988 2854 3041 multis
2900 2988 3292 3057 quaestionibus
3329 2988 3429 3041 ob—

1851 3079 2048 3133 noxios
2081 3094 2203 3139 esse
2233 3082 2566 3150 pronuntiat,
2614 3082 2739 3151 quia
2790 3097 2897 3137 non
2944 3083 3214 3151 recipiunt
3256 3081 3434 3137 Para-

166 3179 378 3231 idcirco
409 3178 595 3232 insons
622 3187 677 3231 et
719 3193 885 3245 purus
916 3183 1041 3244 erit,
1069 3180 1194 3248 quia
1219 3180 1540 3248 quibusdam
1583 3179 1745 3231 veluti
1773 3188 1816 3246 ο
1850 3168 2040 3227 delum
2093 3170 2427 3229 deductor-ean
2482 3175 2649 3227 omnis
2692 3173 2949 3228 veritatis.
3005 3174 3256 3229 Statuere
3299 3188 3433 3245 ergo

162 3270 429 3337 gradibus
480 3272 534 3324 in
584 3272 687 3327 hoc
730 3272 1100 3327 tristissimum
1142 3272 1367 3327 exitium
1418 3272 1600 3340 lapsus
1632 3280 1737 3324 est.

164 3362 431 3416 l‘remunt
476 3363 666 3431 illum,
709 3372 814 3420 rion
857 3374 1096 3428 tuentur,
1149 3364 1377 3417 unitatis
1428 3362 1742 3432 aliquandiu

168 3464 400 3510 retenta:
434 3456 629 3512 indicia
674 3472 795 3512 cum
844 3457 1239 3527 posterioribus
1291 3452 1746 3511 manilestischi-

162 3550 367 3603 sinatis
390 3550 530 3605 notis
558 3550 777 3607 collata.
820 3551 1027 3619 Quibus
1058 3564 1236 3607 autem
1275 3548 1610 3619 argumentis
1639 3546 1759 3601 Ec-r

162 3641 353 3695 desim
382 3643 645 3698 unitatem
671 3653 726 3697 et
750 3642 1187 3699 infallibilitatem
1236 3641 1648 3703 demonstravit,
1668 3641 1747 3693 de

163 3748 362 3786 eorum
415 3734 651 3802 pondere
690 3744 745 3789 et
790 3747 1069 3791 momento
1113 3751 1181 3791 an
1232 3735 1522 3791 detrahere
1559 3724 1756 3786 debuit

164 3826 561 3894 Superveniens
584 3827 843 3882 schisma.

239 3916 363 3971 Non
402 3917 854 3973 dissimulandum
908 3928 992 3974 est
1039 3917 1429 3974 Tertullianum
1485 3916 1650 3973 etiam
1694 3915 1747 3970 in

168 4011 350 4077 libris,
375 4026 513 4081 quos
555 4011 934 4068 schismatieus
973 4012 1217 4081 scripsit,
1253 4012 1505 4065 Ecclesia:
1528 4018 1749 4080 aposto-

173 4107 296 4160 lica:
326 4106 649 4160 auctoritate
675 4105 743 4159 ad
786 4106 1107 4160 refellendos
1142 4106 1428 4159 hatreticos
1465 4102 1564 4157 uti.
1591 4120 1610 4153 ι
1643 4100 1748 4158 So-

174 4197 282 4260 leo,
322 4196 516 4265 inquit,
543 4196 636 4252 lib.
666 4213 717 4261 v,
758 4198 816 4251 in
857 4196 1203 4261 Marciorum,
1249 4212 1367 4266 cap.
1400 4197 1483 4259 l9,
1525 4196 1576 4250 in
1607 4208 1749 4264 prte-

172 4291 471 4358 scriptione
512 4290 773 4347 adversus
816 4292 1050 4346 haereses
1097 4304 1287 4343 omnes
1324 4290 1391 4342 de
1437 4285 1751 4343 testimOnio

174 4392 477 4449 temporum
524 4380 901 4449 compendium
951 4380 1139 4451 figere,
1182 4378 1420 4449 priorem
1469 4377 1750 4431 vindicans

174 4474 420 4543 regulam
468 4484 709 4527 nostrain
752 4473 900 4526 omni
951 4472 1210 4526 ltatretica
1258 4470 1684 4539 posterioritate.
1723 4486 1743 4524 ι

1846 3263 1972 3317 licet
2014 3264 2207 3330 librum
2258 3265 2335 3318 De
2382 3268 2870 3334 prescriptionibus
2926 3280 3033 3326 non
3086 3266 3248 3319 modo
3305 3275 3435 3320 ante

1846 3356 2105 3421 scbisma,
2137 3358 2229 3411 sed
2269 3358 2437 3411 etiarn
2481 3346 2903 3428 anteiadoptata
2940 3355 3181 3411 Montani
3216 3356 3430 3412 somnia

1847 3448 2121 3517 scriptum
2144 3432 2331 3504 inisse.

1924 3540 1985 3595 V.
2011 3542 2311 3597 Plurimum
2358 3542 2495 3598 lucis
2536 3543 2663 3599 huic
2697 3544 2983 3613 quaestioni
3025 3543 3334 3609 accederet,
3380 3543 3429 3598 si

1851 3642 2095 3688 statuere
2121 3649 2404 3703 possemus
2431 3649 2539 3704 quo
2561 3635 2902 3704 potissimum
2924 3651 3069 3692 anno
3091 3634 3432 3692 Montaniana

1847 3725 1916 3780 ab
1945 3723 2191 3780 Ecclesia
2222 3728 2440 3795 penitus
2470 3727 2789 3782 defecerint.
2839 3726 2959 3782 Jam
3007 3729 3242 3783 schistna
3278 3727 3434 3797 peni-

1852 3823 1938 3869 tus
2000 3815 2289 3870 conflatum
2346 3825 2498 3883 erat,
2554 3832 2677 3871 cum
2736 3817 3003 3872 scriberet
3061 3816 3431 3874 Tertulli-anus

1846 3918 2105 3981 quartum
2141 3910 2399 3965 adversus
2441 3908 2767 3965 Mareioucm
2813 3910 3033 3973 librum,
3067 3910 3120 3964 id
3147 3921 3234 3966 est
3262 3927 3429 3977 anno,

1851 4012 1912 4056 ut
1960 4000 2077 4069 ipse
2126 4000 2400 4066 declarat,
2451 4000 2663 4058 decimo
2704 4002 2895 4071 quinto
2948 4002 3291 4071 imperaruris
3333 4003 3431 4058 δεμ

1850 4091 1989 4150 veri.
2024 4092 2100 4148 lbi
2137 4093 2282 4147 enim
2317 4091 2559 4149 declarat
2600 4091 2742 4147 inter
2788 4092 3146 4149 Montanistas
3198 4102 3253 4148 et
3306 4109 3431 4166 psy-

1850 4185 2037 4241 chicos
2074 4184 2503 4240 controversiam
2537 4199 2661 4239 esse
2695 4186 2763 4240 de
2812 4186 3051 4250 exstasi,
3084 4201 3204 4256 cap.
3246 4185 3338 4241 ξε.
3372 4186 3429 4241 ld

1853 4275 2141 4333 confirmat
2174 4276 2235 4332 S.
2270 4276 2519 4333 Clemens
2550 4276 2950 4333 Alexandrinus
2982 4278 3073 4345 qui
3106 4276 3207 4331 sub
3235 4278 3429 4331 eodem

1851 4368 2187 4439 imperatore
2229 4368 2523 4424 scribebat.
2573 4367 2731 4434 Nam,
2768 4386 2893 4427 cum
2938 4371 2987 4425 is
3030 4370 3232 4425 librum
3266 4384 3433 4440 quar-

1854 4472 1969 4518 tum
2024 4462 2357 4519 Stramatum
2410 4472 2794 4530 componeret,
2856 4461 3167 4517 Catholicos
3221 4460 3431 4517 Monta-

172 4565 317 4621 idern
350 4574 725 4633 argumentum
759 4565 931 4634 tangit
960 4563 1056 4617 lib.
1094 4577 1135 4629 ι,
1177 4576 1298 4628 cap.
1331 4558 1495 4624 t;lib.
1524 4571 1663 4623 tv,c.
1687 4555 1742 4621 ι,
1776 4550 1821 4607 D
1852 4557 2006 4611 nistae
2034 4558 2343 4628 ,psyclticos
2399 4570 2593 4611 vocare
2644 4556 2990 4624 incipiebant.
3049 4555 3140 4611 Sic
3178 4554 3323 4610 enim
3362 4554 3431 4610 de

175 4670 229 4714 et
252 4660 372 4713 ade.
406 4657 690 4727 Praxeaat,
722 4673 771 4713 c.
803 4658 858 4712 2.
903 4659 1080 4725 Atque
1129 4656 1182 4709 in
1216 4655 1316 4711 his
1354 4653 1571 4723 quidem
1616 4650 1748 4704 locis

173 4752 359 4821 objicit
387 4751 655 4805 haereticis
678 4749 1057 4804 auctoritatem
1093 4746 1461 4801 Ecclesiarnm
1485 4743 1747 4815 aposwli-

176 4857 364 4896 carum
401 4860 415 4894 :
445 4852 499 4896 at
530 4856 889 4911 nequaquam,
916 4850 974 4895 ut
1018 4840 1073 4894 in
1104 4840 1170 4895 iis
1192 4852 1312 4909 quae
1349 4837 1584 4891 schisma
1610 4849 1748 4904 prae.

175 4943 478 4996 cesserunt,
532 4934 910 4987 communione
957 4933 1205 5001 junctum
1254 4944 1313 4984 se
1350 4928 1453 4981 illis
1485 4925 1747 4981 Ecclesiis

176 5040 293 5081 esse
325 5026 610 5097 gloriatur,
643 5040 748 5079 non
787 5023 879 5093 jus
913 5023 1065 5092 pacis
1104 5033 1159 5076 et
1205 5020 1429 5075 unitatis
1468 5033 1742 5087 unamque

181 5119 471 5175 Ecclesium
504 5120 779 5188 praedicat.
804 5118 1062 5173 Libenter
1097 5118 1350 5172 utebatur
1377 5114 1743 5183 pratscriptio-

183 5215 261 5267 ais
286 5222 625 5281 argumento,
648 5214 773 5282 quia
809 5212 942 5267 nihil
986 5212 1113 5268 illud
1146 5222 1307 5265 secta:
1354 5207 1594 5261 Montani
1623 5205 1744 5259 offi-

180 5318 299 5359 cere
335 5304 583 5373 putabat,
616 5313 799 5372 utpote
828 5305 1102 5373 antiquam
1146 5302 1375 5373 symboli
1417 5300 1577 5354 fidem
1615 5300 1743 5351 retiv

181 5396 353 5461 neuti;
385 5410 609 5450 necesse
648 5409 767 5449 esse
805 5398 1030 5465 putabat
1049 5394 1119 5458 ",
1140 5403 1200 5449 ut
1246 5402 1366 5445 ante
1394 5391 1512 5460 quis
1541 5392 1603 5442 de
1634 5388 1741 5441 Deo

180 5491 447 5543 hereticus
478 5491 545 5542 sit
580 5499 629 5542 et
656 5500 779 5543 tunc
815 5491 879 5543 de
910 5490 1176 5543 instituto.
1205 5484 1489 5540 Paracleto
1528 5493 1749 5537 contro-

181 5585 408 5637 versiam
440 5584 577 5646 lieri,
618 5592 673 5638 et
713 5594 931 5652 prepter
972 5584 1071 5637 hoc
1118 5596 1285 5637 novas
1322 5577 1631 5648 prophetias
1665 5592 1751 5629 re-

179 5675 349 5729 cusari
401 5675 641 5738 dicebat,
683 5691 784 5729 non
826 5675 962 5743 quod
1016 5674 1180 5725 alium
1241 5671 1407 5723 Deum
1460 5668 1744 5736 praedicent

246 5795 286 5823 ⁸⁸
320 5794 391 5844 De
456 5804 785 5857 tuonogatn.,
852 5804 903 5843 c.
954 5788 1023 5848 ἓξ
1090 5787 1163 5842 De
1214 5785 1408 5857 jejuna
1441 5799 1492 5839 c.
1526 5785 1581 5838 l.

189 5863 373 5930 nCap.
410 5864 458 5915 i.
538 5860 582 5890 ”
612 5863 740 5928 Cap.
779 5860 828 5911 ι.

1679 5780 1722 5813 ³⁸
1756 5779 1830 5837 De
1859 5774 2067 5850 pudic.,
2097 5796 2147 5837 c.
2180 5784 2228 5836 l.

1848 4647 1956 4703 illis
1986 4646 2260 4712 Clemens,
2294 4664 2347 4716 p.
2377 4647 2473 4701 5H
2514 4663 2529 4701 :
2568 4647 2707 4717 Ἤδη
2741 4646 2850 4718 γὰρ
2886 4646 2980 4699 καὶ
3002 4636 3149 4699 οὗτοι
3173 4643 3429 4717 (Φρύγες)

1843 4739 1971 4802 τοὺς
2085 4739 2180 4810 νέᾳ
2208 4738 2513 4811 προφητείᾳ
2542 4737 2616 4809 μὴ
2648 4738 3012 4810 προσέχοντας
3039 4737 3302 4807 ψυχικοὺς
3331 4751 3433 4790 u-

1843 4831 2039 4888 λοῦσι..
2079 4850 2097 4885 ι
2134 4830 2254 4889 Jam
2298 4834 2442 4888 enim
2488 4834 2522 4886 ii
2565 4846 2780 4902 quoque
2819 4846 2935 4898 eos,
2974 4834 3063 4900 qui
3112 4845 3263 4884 nova:
3307 4844 3433 4896 pro-

1843 4928 2045 4994 phetiae
2083 4942 2186 4979 non
2222 4927 2533 4988 attendunt,
2580 4925 2844 4979 animales
2890 4924 3194 4992 appellant.
3232 4941 3253 4975 ο
3278 4923 3431 4977 Idem

1853 5020 1907 5074 in
1928 5019 2151 5087 Strom.,
2172 5034 2267 5086 vn,
2291 5032 2345 5088 p.
2372 5016 2496 5083 765,
2525 5017 2882 5072 Montanistaa
2912 5026 3067 5071 vocat
3091 5015 3340 5070 haeresim
3364 5029 3431 5069 ex

1852 5123 2013 5183 gente
2068 5114 2499 5169 denominatam.
2559 5112 2817 5167 Testatur
2874 5112 3134 5181 antiquus
3195 5109 3435 5178 scriptor

1850 5207 2353 5276 apud.Eusebium,
2387 5204 2560 5269 Hist.,
2597 5223 2648 5269 ν,
2691 5205 2778 5268 16,
2826 5205 3113 5260 damnatos
3157 5201 3330 5258 fuisse
3380 5212 3435 5255 et

1852 5302 2354 5358 excommttnicatos
2393 5298 2445 5352 in
2471 5299 2670 5367 [multis
2711 5297 2854 5353 Asia:
2878 5296 3129 5353 conciliis
3166 5295 3435 5351 Montani-

1852 5404 1996 5456 stas';
2025 5392 2125 5446 sed
2150 5405 2260 5460 quo
2295 5398 2537 5456 tempore
2572 5390 2686 5445 haec
2720 5388 2959 5443 concilia
2988 5388 3173 5442 habita
3208 5386 3433 5453 iuerint,

1849 5482 2071 5536 minime
2096 5481 2361 5536 declarat.
2396 5480 2539 5537 Fieri
2574 5480 2750 5549 potuit
2780 5488 2839 5535 ut
2861 5480 3026 5535 citius
3065 5480 3119 5537 in
3157 5478 3434 5535 nonnullis

1846 5571 2129 5637 Ecclesiis,
2148 5572 2343 5627 serius
2368 5572 2419 5625 in
2452 5572 2573 5637 aliis
2598 5572 3014 5626 damnarentur.

1918 5664 2428 5735 Pseudoprophetas
2469 5664 2589 5721 illos
2634 5674 2795 5719 vocat
2840 5665 3096 5728 Irenzeus,
3136 5676 3339 5733 eosque
3375 5669 3435 5714 nt

2330 5778 2372 5814 ⁸⁷
2410 5780 2483 5835 De
2516 5781 2847 5849 prmscript”
2883 5793 2932 5833 c.
2959 5778 3045 5845 H,
3080 5778 3168 5843 ii,
3205 5776 3293 5843 13,
3335 5776 3429 5829 Ia.
