4140 6406
729 408 833 465 I95

1642 400 1699 456 S.
1732 396 2065 455 JUSTINUS
2096 393 2583 453 PHILOSOPHUS
2611 394 2700 450 ΕΤ
2736 392 3054 453 MARTYR.

3898 392 4020 452 I95

726 522 1022 598 prophetia:
1044 520 1285 591 insignia
1317 520 1436 574 sine
1463 517 1776 589 prophetica
1808 522 1982 588 gratia
2018 516 2117 571 sibi
2152 531 2305 570 arro-
2335 538 2378 592 Α
2410 515 2481 565 tis
2556 513 2737 567 scelus
2809 514 3047 580 nequitia
3128 509 3580 566 Montanistarum
3656 514 4016 582 pervenerit.

723 634 915 691 gautes
946 617 1160 687 egregie
1191 614 1453 682 depingit,
1502 611 1598 667 lib.
1647 626 1719 673 tv,
1764 626 1884 680 cap.
1928 612 2017 675 55,
2056 628 2108 663 n.
2145 609 2198 664 6.
2238 611 2308 664 At

720 696 1039 770 schismatis
1059 706 1237 762 scelus
1275 705 1423 759 falsa:
1457 704 1756 773 prophetia:
1786 702 2102 772 adiunctum
2133 703 2199 755 ab
2227 703 2308 757 eis

722 805 889 858 fuisse
920 818 1027 855 non
1056 798 1207 852 dicit.
1239 798 1351 851 Non
1382 808 1560 849 tamen
1595 796 1817 848 dubimu
1843 804 1987 847 esset
2012 795 2143 863 quin
2175 804 2307 848 tunc

721 890 1057 949 schisma'tici
1102 889 1337 953 fuerint,
1386 889 1428 941 si
1476 886 1541 939 de
1587 886 1693 939 illis
1735 886 1935 939 dictum
1989 895 2134 939 esset
2176 886 2307 939 illud

719 985 910 1041 lrenaai
936 983 982 1015 δ’
1006 999 1022 1037 :
1054 999 1073 1033 ι
1097 982 1201 1037 Alii
1236 994 1368 1033 vero
1398 986 1455 1033 ιιι
1476 981 1671 1032 donum
1695 977 1931 1046 Spiritus
1955 978 2304 1038 frustrentur.

720 1074 864 1143 quod
903 1074 957 1127 in
991 1072 1306 1127 novissimis
1334 1068 1677 1138 temporibus
1710 1070 2011 1122 secundum
2044 1069 2302 1136 placitum

720 1168 901 1224 Patris
934 1165 1159 1221 effusum
1210 1175 1295 1218 est
1328 1165 1381 1218 in
1418 1164 1717 1217 humanum
1761 1176 1956 1231 genus,
2004 1161 2149 1215 illam
2186 1176 2308 1229 spe—

720 1262 860 1315 ciem
917 1275 1021 1314 non
1071 1256 1398 1319 admittunt,
1447 1271 1567 1326 qua:
1610 1264 1695 1310 est
1733 1256 2029 1310 secundum
2080 1253 2307 1309 Joannis

719 1351 1091 1421 Evangelium,
1116 1350 1169 1405 in
1194 1366 1298 1418 qua
1336 1348 1677 1403 Paracletum
1711 1361 1769 1401 se
1803 1348 2097 1402 missurum
2126 1348 2307 1401 Domi-

721 1456 826 1499 nus
853 1442 1106 1512 promisit
1132 1460 1147 1508 ;
1174 1442 1267 1497 sed
1296 1441 1456 1495 simul
1485 1450 1539 1495 et
1574 1440 1925 1509 Evangelium
1973 1449 2028 1492 et
2069 1442 2307 1508 prophe-

721 1536 887 1590 ticum
947 1534 1210 1604 repellunt
1267 1532 1549 1602 Spiritum.
1603 1549 1622 1582 ι
1673 1530 1837 1584 Miror
1892 1531 2123 1585 eruditis
2177 1531 2307 1582 viris

719 1627 1070 1682 Tillcmontio
1116 1635 1172 1680 et
1222 1624 1533 1679 novissima:
1567 1621 1824 1677 editionis
1869 1623 2080 1676 auctori
2127 1622 2305 1674 visum

716 1735 843 1776 esse
867 1720 1127 1774 Irenteum
1157 1721 1223 1773 de
1252 1717 1597 1771 Montanistis
1634 1716 1801 1785 loqui.
1837 1713 2120 1781 Quomodo
2158 1713 2303 1767 enim

718 1810 781 1866 S.
808 1808 1032 1865 Joannis
1061 1809 1411 1879 Evangelium
1454 1810 1525 1863 ob
1561 1810 1735 1862 sancti
1789 1806 2030 1875 Spiritus
2074 1806 2307 1874 prornis-

2410 609 2464 660 5ο
2498 604 2574 661 Ne
2607 606 2736 658 illud
2768 606 2985 675 quidem
3027 604 3305 675 probabile
3335 606 3845 675 estAlhenagoram
3890 607 4017 659 ulla

2408 713 2529 750 cum
2567 697 2824 752 Montano
2869 699 3265 752 consuetudine
3310 706 3405 750 aut
3452 698 3715 751 doetriuaa
3759 712 4023 753 conserv-

2408 790 2565 844 sione
2617 790 2970 859 conjunctum
3024 789 3213 841 fuisse.
3268 788 3402 841 Nam
3455 790 3596 855 quod
3637 789 3699 842 de
3739 790 4027 845 secundis

2410 880 2611 947 nuptiis
2640 882 2847 943 statuit,
2874 881 2927 933 id
2959 896 3023 934 ex
3062 879 3268 933 Christi
3310 881 3510 945 verbis,
3552 880 3865 950 Quicunque
3914 882 4020 933 di-

2408 973 2609 1024 miserit
2647 988 2863 1025 uxorem
2928 989 3075 1024 suam
3136 980 3185 1025 et
3254 972 3415 1024 aliam
3470 972 3703 1037 duxerit,
3755 974 4017 1026 macha-

2409 1072 2495 1113 tur
2537 1064 2606 1126 δ’,
2655 1062 2930 1116 subtiliter
2984 1062 3365 1116 ratiocinando
3418 1063 3682 1117 deducit:
3738 1078 3794 1116 at
3836 1077 4028 1117 nova

2412 1154 2711 1221 prophetia:
2743 1153 3039 1207 auctoritas
3068 1154 3289 1208 minime
3328 1154 3401 1207 illi
3448 1156 3501 1207 in
3543 1162 3776 1208 mentem
3822 1153 4021 1206 venit.

2410 1246 2587 1313 Atque
2634 1243 2689 1297 in
2743 1244 2847 1299 hoc
2900 1245 3190 1299 manifesta
3234 1253 3317 1299 est
3370 1246 3514 1299 illius
3558 1262 3587 1297 a
3648 1244 4028 1297 Montanistis

2410 1336 2699 1389 dissensio.
2738 1336 2828 1391 Isti
2865 1338 3010 1390 enim
3044 1339 3235 1391 unicas
3263 1339 3481 1406 nuptias
3506 1351 3687 1406 neque
3713 1354 3740 1389 a
3771 1336 4027 1391 Christo

2412 1442 2587 1496 neque
2626 1428 2693 1483 ab
2749 1431 3013 1498 apostolis
3063 1431 3413 1501 prmscriptas
3460 1429 3795 1493 fatebantur,
3832 1430 3943 1481 secl
3985 1443 4022 1479 a

2411 1518 2714 1583 Paraclelo,
2747 1536 2908 1588 quem
2946 1538 2973 1574 a
3014 1522 3236 1575 Christo
3276 1523 3459 1576 datum
3495 1521 3747 1575 Montano
3774 1533 3830 1574 et
3871 1520 4021 1575 Pri-

2410 1610 2578 1663 scilla:
2622 1622 2681 1664 et
2722 1610 3032 1665 Maximilla:
3076 1613 3350 1675 dicebant,
3387 1622 3443 1665 ut
3472 1616 3721 1682 quoniam
3757 1613 4022 1666 humana

2409 1703 2748 1757 mediocritas
2780 1705 2957 1757 omnia
2993 1706 3152 1757 semel
3182 1722 3367 1773 rapere
3394 1722 3496 1758 non
3528 1716 3757 1773 poterat,
3802 1707 4024 1772 paula-

2410 1798 2502 1848 tim
2518 1798 2836 1865 dirigeretur
2850 1811 2897 1849 et
2921 1803 3260 1852 ordinaretur
3280 1809 3327 1853 et
3346 1802 3414 1852 ad
3434 1799 3719 1868 perfectum
3738 1802 4023 1867 perduce-

716 1903 929 1958 siouem
985 1901 1344 1969 reiecissent,
1389 1916 1525 1968 quos
1564 1903 1778 1953 constat
1822 1898 1875 1951 in
1927 1898 2033 1951 illis
2076 1896 2302 1951 Joannis

2407 1899 2551 1939 retur
2580 1889 2859 1953 disciplina
2881 1892 2945 1941 ab
2975 1889 3066 1941 illo
3086 1892 3281 1944 vicario
3314 1891 3525 1943 Domini
3551 1892 3754 1959 Spiritu
3780 1905 4015 1959 sancto,

718 1995 889 2061 locis,
928 1996 1018 2049 ubi
1068 1993 1303 2062 Spiritus
1356 1992 1715 2059 promittitur,
1765 1992 2093 2059 praecipuum
2140 2000 2304 2043 secta:

718 2101 832 2141 suae
878 2087 1185 2157 praesidium
1236 2084 1623 2139 constituisse?
1667 2083 1797 2149 Quze
1843 2092 2145 2148 sequuntur
2192 2082 2305 2135 lre-

720 2193 893 2233 meum
938 2179 1004 2232 de
1055 2177 1402 2232 Montanistis
1451 2193 1555 2229 non
1608 2175 1754 2244 loqui
1805 2172 2149 2239 confirmant,
2199 2173 2302 2227 etsi

720 2279 920 2341 augent
966 2270 1341 2324 difficultatem
1376 2266 1729 2338 dignoscendi
1775 2280 2039 2333 quosnam
2084 2264 2307 2333 potissi-

721 2379 867 2417 mum
919 2363 1182 2432 exagitet.
1230 2359 1399 2414 Addit
1434 2359 1579 2413 enim
1616 2376 1629 2411 :
1667 2355 1966 2411 «infelices
2012 2370 2170 2418 vere,
2214 2355 2303 2423 qui

720 2454 1208 2524 pseudOpropheta:
1246 2452 1467 2520 quidem
1512 2463 1635 2505 esse
1679 2448 1889 2509 volunt,
1928 2447 2302 2517 propheticam

717 2561 850 2601 vero
882 2545 1115 2615 gratiam
1140 2543 1412 2613 repellunt
1440 2541 1507 2595 ab
1538 2540 1815 2606 Ecclesia;
1850 2539 2049 2594 similia
2088 2538 2303 2608 patien-

721 2647 805 2692 tes
848 2638 934 2690 his
978 2635 1071 2704 qui
1114 2636 1337 2703 propter
1361 2648 1455 2688 eos
1506 2631 1598 2701 qui
1642 2632 1696 2685 in
1743 2630 2017 2701 hypocrisi
2056 2631 2303 2692 veniunt,

718 2729 881 2783 etiam
923 2743 952 2781 a
989 2726 1217 2781 fratrum
1265 2726 1649 2780 communione
1692 2731 1751 2779 se
1792 2724 2087 2778 abstinent.
2136 2722 2307 2777 Datur

719 2826 903 2873 autem
937 2816 1190 2887 intelligi,
1227 2816 1372 2885 quod
1416 2816 1728 2877 huiusmodi
1773 2830 1951 2886 neque
1995 2814 2302 2883 apostolum

720 2910 948 2965 Paulum
992 2908 1282 2977 recipiant.
1323 2925 1342 2959 ι
1376 2906 1645 2961 Discimns
1689 2920 1755 2961 ex
1806 2907 1891 2960 his
1941 2906 2122 2961 verbis
2166 2922 2303 2961 non-

719 3003 897 3057 nullos
912 3002 1214 3063 exstitisse,
1234 3000 1327 3070 qui
1351 3014 1380 3052 a
1403 2999 1784 3054 communione
1800 3012 1922 3053 sese
1937 3007 2302 3061 removerent,

724 3110 793 3150 ne
827 3110 951 3147 cum
985 3093 1282 3166 hypocritis
1323 3092 1810 3146 communicarent.
1843 3090 1977 3146 Ctitn
2019 3089 2105 3145 his
2152 3105 2303 3145 com-

718 3197 877 3252 parat
922 3200 1017 3241 eos
1054 3186 1147 3257 qui
1190 3185 1251 3239 S.
1300 3182 1527 3239 Joannis
1575 3184 1925 3255 Evangelium
1960 3184 2299 3254 rejiciebant,

717 3274 846 3350 quia
878 3278 930 3332 in
963 3279 1065 3333 hoc
1094 3277 1331 3332 maxime
1370 3275 1665 3345 Evangelio
1696 3276 2030 3347 promittitur
2064 3276 2304 3348 Spiritus

720 3379 966 3426 sanctus.
996 3367 1225 3437 Utrique
1265 3382 1395 3437 ergo
1427 3368 1730 3438 peccabant
1775 3364 2310 3423 inconsiderato'eo—

720 3478 844 3517 rum
873 3462 965 3532 qui
1004 3460 1211 3515 sanctis
1237 3460 1399 3513 rebus
1424 3462 1746 3523 abutuntur,
1774 3461 1928 3526 odio;
1971 3470 2132 3530 atque
2156 3470 2215 3515 ut
2247 3461 2299 3523 ii,

719 3555 859 3623 quia
883 3551 1265 3605 communione
1289 3550 1674 3615 abscedebant,
1703 3551 1775 3605 ita
1801 3566 1861 3606 se
1879 3552 2159 3622 gerebant,
2183 3553 2305 3620 quia

720 3645 841 3715 plus
878 3636 1034 3713 aequo
1068 3642 1265 3697 infensi
1305 3652 1465 3698 erant
1507 3644 1809 3714 hypocritis
1851 3646 2308 3700 communicanti-

722 3736 861 3801 hus;
895 3737 967 3789 ita
996 3749 1221 3790 necesse
1246 3742 1333 3788 est
1367 3744 1426 3787 ut
1455 3748 1549 3789 eos
1587 3737 1676 3804 qui
1717 3735 2063 3809 Evangelium
2086 3737 2311 3794 Joannis

720 3837 775 3882 et
804 3823 1220 3897 promissionem
1262 3828 1440 3883 sancti
1472 3826 1708 3895 Spiritus
1758 3827 2094 3897 rejiciebant,
2134 3831 2187 3884 id
2230 3831 2311 3885 fe-

719 3922 862 3977 cisse
884 3920 1129 3976 dicamus
1152 3931 1374 3991 pr0pter
1409 3938 1503 3977 eos
1537 3923 1628 3993 qui
1676 3922 1969 3992 Evangelio
1991 3933 2045 3978 et
2072 3925 2305 3995 promis-

721 4013 875 4068 sione
909 4011 1297 4067 abolebantur.
1342 4013 1527 4080 Quare
1557 4032 1663 4070 non
1700 4017 2039 4072 Montanisttc
2066 4018 2317 4090 Evange-

720 4105 855 4169 Iiu_m
888 4102 948 4157 S.
980 4102 1210 4157 Joannis
1249 4104 1504 4172 rejecisse
1546 4106 1760 4161 dicendi
1810 4117 1956 4174 sunt,
1993 4113 2089 4163 sed
2132 4110 2312 4179 potius

720 4199 849 4252 dum
879 4212 964 4260 eo,
1007 4197 1073 4249 ad
1116 4210 1290 4251 causae
1330 4213 1442 4251 sua:
1479 4198 1851 4259 defensionem
1892 4200 2212 4265 abutuntur,
2247 4203 2310 4255 il-

718 4289 820 4342 lius
842 4288 1116 4358 rejiciendi
1142 4302 1329 4341 ausam
1348 4288 1720 4345 immoderatis
1736 4292 2058 4347 adversariis
2074 4295 2305 4351 dedisse.

792 4377 852 4433 Si
874 4379 1059 4433 minus
1096 4385 1339 4433 statuere
1369 4395 1666 4449 possumus
1682 4397 1790 4452 quo
1805 4383 2152 4452 potissimum
2168 4393 2307 4441 tem—

718 4476 854 4533 pore
872 4463 1215 4518 Montanistte
1232 4462 1571 4523 schismatici
1595 4468 1801 4523 fuerint
1822 4487 1837 4537 ;
1855 4469 1989 4525 illud
2007 4473 2206 4529 saltem
2218 4490 2306 4532 as-

2407 1977 2683 2034 TERTULL.
2710 1979 2783 2033 De
2806 1980 3065 2051 vel.virg.,
3090 1998 3140 2036 c.
3174 1983 3224 2038 1.
3244 1982 3388 2035 Nihil
3410 1984 3587 2036 simile
3605 1986 4019 2053 Athenagoras

2404 2071 2659 2136 designat
2688 2087 2701 2135 ;
2741 2072 2874 2125 solis
2901 2072 3107 2126 Christi
3143 2074 3327 2127 verbis
3358 2075 3572 2127 nititur.
3610 2075 3796 2143 Neque
3824 2078 4015 2130 etiam

2411 2162 2476 2213 de
2530 2161 2900 2227 Montanistis,
2949 2165 3041 2216 sed
3095 2165 3162 2217 de
3205 2165 3535 2219 Christianis
3565 2169 3663 2229 ait,
3701 2169 4018 2229 unum-'55,

2406 2268 2852 2322 unumquemque
2904 2255 2987 2307 vel
3029 2257 3209 2326 qualis
3274 2270 3433 2312 natus
3479 2270 3563 2314 est
3616 2272 3863 2324 manere,
3926 2263 4017 2315 oet

2406 2345 2575 2397 unicis
2611 2346 2665 2398 in
2706 2348 2928 2414 nuptiis.

2484 2435 2598 2494 Vll.
2640 2438 2753 2491 Non
2779 2440 2984 2508 justior
3007 2444 3304 2497 accusandi
3336 2443 3700 2515 Athenagorte
3730 2461 3897 2501 causa
3933 2461 4014 2501 ex

2409 2527 2555 2583 illius
2596 2529 2661 2585 de
2694 2532 3080 2601 prophetarum
3123 2536 3327 2590 exstasi
3374 2537 3535 2590 dictis
3577 2538 3820 2592 ducitur.
3855 2537 4016 2594 Nam

2407 2621 2462 2673 1°
2490 2621 2705 2676 etiamsi
2743 2640 2848 2677 non
2888 2624 3080 2680 fuisset
3114 2642 3180 2682 ex
3214 2628 3430 2683 illorum
3467 2637 3722 2692 numero,
3753 2634 3850 2699 qui
3883 2642 4013 2685 sta-

2411 2711 2504 2765 tim
2548 2714 3056 2771 animadverterunt
3101 2720 3231 2786 quid
3266 2722 3377 2775 vitii
3430 2722 3639 2777 inesset
3678 2726 4015 2779 exstasibus

2407 2801 2867 2861 Montanistarum
2898 2819 2955 2861 et
2987 2811 3195 2862 oritura
3244 2827 3312 2864 ex
3360 2814 3445 2867 his
3490 2816 3803 2870 hominibus
3853 2817 4010 2871 mala

2406 2906 2845 2963 prospexerunt;
2876 2913 2981 2951 non
3034 2900 3240 2953 idcirco
3280 2902 3523 2956 Montani
3552 2920 3658 2958 non
3692 2907 3816 2959 dico
3847 2908 4012 2960 schi-

2407 2986 2594 3051 smati,
2648 2989 2743 3042 sed
2801 2990 2885 3043 vel
2928 2991 3192 3047 doctrina:
3249 2994 3501 3049 addictus
3542 2998 3649 3052 dici
3681 3008 3896 3066 posset.
3944 3002 4009 3053 In

2408 3078 2496 3132 illa
2531 3080 2676 3133 enim
2721 3081 3083 3149 dissensione,
3129 3100 3292 3154 quam
3339 3087 3407 3142 de
3451 3086 3799 3144 Montanistis
3856 3093 4012 3146 inter

2406 3169 2721 3226 Catholicos
2751 3182 2998 3228 exortam
3051 3186 3236 3230 narrat
3279 3176 3569 3241 Eusebius,
3602 3177 3773 3246 Hist,
3822 3195 3901 3246 tv,
3942 3181 4005 3244 '5,

2408 3264 2721 3331 quicunque
2764 3267 3081 3336 prophetias
3114 3265 3354 3321 Montani
3396 3285 3501 3323 non
3541 3269 3886 3326 damnabant
3913 3275 4009 3327 vei

2406 3356 2574 3407 etiam
2604 3357 2933 3423 probabant,
2967 3372 3072 3412 non
3113 3359 3320 3413 idcirco
3354 3359 3611 3415 Montano
3641 3364 3915 3432 regendos
3940 3379 4007 3417 se

2406 3449 2825 3501 committebant
2872 3467 2885 3504 :
2944 3458 2999 3505 et
3078 3452 3319 3519 quandiu
3392 3452 3691 3508 Catholieis
3737 3455 4005 3524 permisti

2410 3537 2561 3594 fuere
2608 3540 2977 3610 illontattistm,
3026 3544 3170 3597 ltuud
3227 3544 3450 3598 dubium
3493 3548 3625 3614 quin
3680 3547 3838 3603 multi
3899 3564 4007 3602 eos

2410 3631 2753 3687 laudaverint
2804 3644 2859 3688 et
2918 3636 2986 3689 ab
3036 3636 3117 3691 eis
3162 3636 3365 3691 laudati
3399 3638 3622 3703 fuerint,
3670 3653 3772 3692 nec
3806 3649 4002 3693 tamen

2410 3734 2602 3776 eorum
2638 3725 2849 3779 vivendi
2877 3735 2934 3781 et
2961 3729 3233 3783 sentiendi
3261 3730 3501 3784 rationes
3537 3730 3707 3784 secuti
3749 3731 3885 3785 sint.
3920 3733 4002 3788 Ex

2412 3832 2521 3887 quo
2547 3820 2712 3872 etiam
2738 3830 2888 3885 patet
2917 3836 3080 3891 quam
3117 3822 3361 3892 iniquum
3390 3838 3664 3893 quamque
3689 3825 4001 3879 absurdum

2413 3910 2574 3977 foret,
2618 3914 2957 3982 exprobrare
3000 3914 3257 3972 Ecclesiae
3303 3919 3585 3973 catholicae
3629 3918 3837 3974 cultum
3874 3935 3999 3972 mu-

2409 4000 2607 4056 lierqu
2658 4003 2900 4059 Montani
2968 4016 3132 4061 secta:
3183 4007 3543 4075 addictarum,
3596 4012 3724 4080 quia
3775 4010 4001 4065 scilicet

2410 4105 2616 4148 sanctae
2653 4095 2934 4165 Perpetua:
2969 4111 3025 4153 et
3059 4111 3265 4156 sanctae
3303 4101 3607 4157 Felicitatis
3642 4106 3776 4158 Acta
3816 4104 4000 4159 colle-

2409 4196 2496 4237 cta
2521 4196 2651 4240 sunt
2682 4188 2751 4240 ab
2778 4190 2998 4243 homine
3035 4189 3171 4243 sicut
3200 4191 3525 4261 prophetiae,
3554 4205 3612 4248 ut
3637 4204 3725 4249 est
3762 4201 3814 4250 in
3849 4211 3998 4265 pra:-

2410 4275 2637 4344 fatione,
2693 4280 2771 4332 ita
2822 4290 2872 4334 et
2922 4284 3146 4336 visiones
3183 4300 3340 4337 noras
3372 4298 3705 4354 agnoscente
3726 4300 3781 4343 et
3815 4291 3999 4347 hono—

2412 4379 2589 4424 rante.
2630 4371 2851 4427 Diﬂicile
2882 4385 2965 4428 est
2996 4373 3344 4431 Montanistis
3386 4379 3629 4434 invidere
3655 4382 3994 4451 scriptorem

2411 4464 2486 4515 ita
2520 4463 2626 4516 illis
2660 4467 3000 4535 temporibus
3025 4469 3091 4522 de
3123 4472 3277 4524 novis
3299 4475 3600 4541 prophetiis
3631 4477 3946 4545 loquentem
3976 4494 3993 4531 :

720 4568 973 4608 severam
1004 4555 1153 4619 licet,
1187 4557 1463 4612 εοτιιιεηιε
1500 4558 1813 4631 Apologia,"
1855 4561 2206 4635 Athenagora
2247 4575 2304 4623 ει
2335 4583 2377 4637 ο
2411 4551 2649 4606 Montani
2677 4566 3003 4611 sectatorem
3049 4556 3221 4614 fuisse
3264 4564 3544 4617 contendit
3576 4563 3844 4635 Valesius,
3887 4585 3991 4624 ne—

721 4645 911 4699 multis
935 4652 1057 4714 post
1080 4648 1261 4711 annis,
1281 4646 1525 4704 nondum
1543 4666 1639 4706 eos
1658 4652 1727 4707 ab
1751 4652 1994 4708 Ecclesia
2030 4654 2301 4713 catholica

717 4737 1059 4793 discessisse.

794 4827 1053 4885 V‘l.'H;ee
1108 4843 1369 4888 accurate
1425 4836 1714 4907 explorare
1769 4850 2000 4897 conatus
2049 4859 2191 4912 sum,
2237 4857 2301 4900 ut

721 4920 1023 4976 habeamus
1049 4926 1181 4992 quid
1225 4924 1293 4980 de
1325 4925 1432 4981 fide
1461 4928 1823 5002 Athenagora:
1854 4942 2180 4990 statuamus.
2216 4940 2294 4993 Ac

723 5011 779 5065 1⁸
800 5012 1022 5080 quidem
1077 5030 1399 5071 asseverare
1434 5033 1722 5087 possumus
1761 5024 2027 5079 secundas
2078 5028 2293 5096 nuptias

722 5101 795 5155 ab
846 5114 914 5159 eo
959 5103 1181 5160 minime
1242 5108 1530 5163 damnatas
1586 5112 1773 5167 fuisse.
1828 5114 2111 5181 Quomodo
2147 5119 2292 5172 enim

732 5195 854 5247 illas
886 5195 1220 5260 damnasset,
1258 5216 1396 5267 quas
1450 5216 1516 5255 ne
1573 5201 1859 5259 Montanus
1901 5208 2115 5274 quidem
2169 5219 2295 5264 tunc

722 5287 986 5355 temporis
1009 5290 1375 5344 condemnare
1415 5292 1688 5347 audebat?
1711 5294 1769 5347 2°
1802 5296 2024 5351 Etiamsi
2052 5299 2291 5354 Athena-

720 5392 885 5447 goras
913 5378 1148 5434 Montani
1198 5381 1448 5449 partibus
1480 5397 1540 5437 se
1582 5378 1917 5449 addixisset,
1954 5402 2058 5442 non
2109 5400 2290 5443 tamen

721 5470 868 5524 illius
915 5472 1122 5525 nomini
1173 5472 1323 5526 labes
1372 5475 1691 5529 schismntis
1738 5478 2004 5534 inlmrere
2044 5481 2286 5546 deberet,

719 5575 842 5613 cum
871 5577 1015 5615 anno
1052 5562 1157 5619 I76
1188 5578 1297 5631 quo
1334 5564 1630 5631 scribebat,
1682 5583 1747 5622 ac
1801 5569 2045 5639 pluribus
2097 5584 2283 5641 postea

720 5650 1108 5723 eiapsis‘annis
1137 5659 1374 5711 nendum
1405 5658 1469 5711 ad
1498 5668 1802 5715 extremum
1836 5662 1971 5717 illud
2010 5665 2284 5718 schisma-

790 5812 838 5847 ⁸ο
872 5815 989 5872 Lib.
1023 5834 1106 5886 ut,
1153 5837 1200 5875 c.
1234 5822 1322 5889 Η,
1356 5838 1409 5876 ιι.
1443 5823 1496 5878 9.
1645 5823 1685 5855 ⁵³
1728 5821 1917 5879 Matth.
1953 5842 2068 5894 xix,
2095 5827 2147 5881 9.

2406 4659 2500 4718 gat
2539 4648 2883 4706 Ruinartius.
2915 4652 3021 4707 Sed
3052 4655 3098 4708 si
3128 4658 3174 4710 is
3212 4655 3533 4712 Moulanista
3576 4658 3700 4725 fuit,
3750 4678 3857 4717 non
3905 4666 3993 4719 id-

2402 4741 2550 4797 eirco
2580 4740 2927 4799 Moutanistis
2966 4758 3169 4801 sanctae
3216 4748 3325 4802 illa:
3364 4762 3631 4823 martyres
3675 4756 3987 4822 tradendae;

2407 4842 2503 4885 aut
2533 4844 2683 4887 certe
2713 4836 2963 4891 eamdem
2996 4846 3178 4897 notam
3227 4855 3332 4894 non
3378 4840 3598 4912 effugiet
3636 4844 3693 4901 S.
3746 4846 3989 4902 Rutilius

2402 4938 2634 4995 martyr,
2678 4942 2842 4996 quem
2873 4931 3115 4998 quidem,
3154 4936 3257 4994 etsi
3311 4934 3628 4992 Montanum
3667 4954 3984 5008 Sperneret,

2404 5021 2616 5085 magnis
2662 5028 2841 5074 tamen
2887 5022 3141 5079 laudibus
3187 5029 3406 5083 ornavit
3444 5029 3836 5099 Tertullianus,
3878 5033 3983 5089 lib.

2401 5107 2480 5161 De
2503 5111 2629 5177 fuga
2664 5106 2717 5163 in
2745 5128 2967 5180 pensa,
2992 5130 3043 5167 c.
3075 5114 3129 5167 5.
3520 5156 3526 5163 -

2471 5204 2528 5256 2ο
2568 5204 2645 5259 Ne
2690 5206 2821 5262 illud
2872 5211 3091 5278 quidem
3146 5214 3252 5268 dici
3296 5225 3479 5286 potest
3521 5217 3883 5277 Montanistas
3911 5224 3986 5278 ab

2403 5297 2749 5369 Athenagora
2783 5301 3016 5370 rejectos
3059 5314 3115 5358 et
3144 5306 3427 5362 damnatos
3463 5325 3571 5364 non
3616 5310 3801 5369 fuisse.
3842 5311 3983 5369 Nam

2401 5388 2461 5444 S.
2489 5390 2742 5445 Clemens
2768 5393 2925 5452 Alex.
2979 5396 3121 5451 hanc
3162 5410 3365 5453 sectam
3413 5402 3556 5456 inter
3606 5405 3846 5460 haereses
3888 5423 3979 5461 re-

2396 5496 2604 5553 censet,
2652 5489 2746 5542 sed
2789 5499 2966 5546 tamen
3021 5495 3332 5562 prophetas,
3393 5498 3580 5552 itidem
3639 5511 3697 5554 ut
3735 5502 3983 5555 Athena-

2396 5593 2581 5646 goras,
2612 5582 2666 5634 in
2712 5585 2918 5638 exstasi
2972 5586 3180 5642 locutos
3224 5593 3491 5659 agnoscit,
3532 5603 3587 5647 et
3634 5595 3976 5665 pseudopro-

2401 5671 2591 5733 phetas
2641 5688 2853 5741 omnes,
2894 5679 2987 5747 qui
3044 5691 3171 5734 ante
3220 5683 3495 5739 Christum
3542 5688 3780 5755 fuerant,
3825 5692 3975 5745 fures
