4140 6408
136 410 233 463 197

1178 396 1244 454 D.
1280 395 1546 454 MARANI
1582 391 1970 449 PliASFATlO.
1996 421 2064 431 -—
2093 388 2273 445 PARS
2312 388 2410 445 lli.

3297 392 3401 447 I98

137 528 307 583 fuisse
334 526 528 598 probat
557 525 629 586 “,
656 524 781 592 quia
804 537 977 577 revera
1000 520 1381 590 prepltetabant
1414 520 1468 572 in
1494 516 1724 587 exstasi,
1756 530 1803 585 Α
1834 528 1939 567 non
1978 513 2029 565 id
2064 511 2194 565 mihi
2225 511 2437 564 videtur
2470 505 2707 563 indicari
2733 516 2849 563 tres
2897 506 3016 562 illos
3052 507 3397 575 patriarchas

137 623 399 676 nimirum
431 622 678 675 imitante
731 628 787 673 et
831 616 1131 672 suﬂ'nranle
1167 613 1384 668 diabolo
1433 611 1716 682 propheti-

139 728 260 769 cam
294 711 576 767 exstasim.
616 709 751 762 Vide
786 706 843 761 ὃ.
889 706 1230 759 Ambrosium
1264 704 1317 755 in
1346 703 1486 771 psal.
1520 716 1715 754 xxxix.

212 804 281 857 3°
320 800 465 855 Νιιιιι
497 800 585 853 hic
617 799 973 866 Athenagora!
1010 810 1131 849 cum
1164 794 1516 847 Montanislis
1548 806 1565 844 ξ
1601 801 1714 845 tota

137 890 213 944 illi
267 907 391 944 cum
443 887 678 944 ethnicis
733 886 1048 954 disputatio.
1098 884 1398 952 Prophetas
1447 892 1602 936 extra
1661 896 1719 934 se

141 994 333 1054 raptos
362 983 531 1036 fuisse
560 982 719 1045 dicit,
765 994 869 1033 non
910 979 1053 1047 quod
1096 990 1321 1030 nece-se
1360 990 1481 1029 esse
1525 974 1719 1027 crede-

146 1085 332 1139 ret,ut
364 1076 416 1127 in
467 1072 651 1141 spiritu
703 1071 856 1124 homo
905 1068 1243 1132 constitutus,
1297 1076 1355 1119 ut
1384 1067 1459 1121 ait
1504 1066 1720 1120 Tertul-

140 1168 323 1224 lianns
348 1167 419 1229 “,
443 1165 648 1220 excidat
685 1180 862 1226 sensu,
904 1161 1246 1214 obumbratus
1285 1159 1485 1212 scilicet
1523 1159 1720 1212 virtute

147 1258 346 1323 dicina,
373 1257 469 1312 sed
498 1258 620 1325 quia
659 1271 781 1309 cum
814 1254 1045 1309 exstasis
1079 1253 1133 1305 in
1170 1252 1449 1322 gentilium
1480 1250 1721 1304 oraculis

150 1350 343 1403 divina:
375 1348 747 1416 inspirationis
779 1354 903 1398 nota
934 1343 1251 1406 haberetur,
1290 1342 1582 1409 prophetas
1630 1340 1718 1393 di-

153 1444 350 1495 vinitus
380 1440 548 1495 fuisse
596 1438 895 1503 inSpiratos
926 1444 1247 1505 argumento
1282 1434 1347 1486 atl
1396 1448 1721 1502 permoven-

153 1532 248 1587 dos
307 1533 538 1603 gentiles
592 1530 785 1583 idoneo
835 1529 1068 1597 probare
1122 1526 1357 1579 volebat.
1398 1524 1513 1578 Non
1553 1526 1720 1578 mtdto

152 1622 310 1679 aliter
335 1624 545 1677 locutus
582 1622 633 1673 in
667 1618 1040 1674 Cohortatioiie
1067 1614 1312 1683 Justinus
1342 1615 1407 1679 ⁸⁵,
1436 1614 1527 1683 qui
1554 1614 1718 1667 etiam

155 1714 368 1784 Sibyllae
404 1721 678 1782 potentem
714 1710 951 1764 albatum
991 1707 1197 1761 laudat.
1223 1708 1314 1761 Sic
1345 1707 1509 1759 etiam
1541 1706 1720 1761 Theo-

150 1806 351 1876 philus,
392 1803 489 1857 lib.
530 1818 589 1865 ιι,
625 1818 679 1854 ιι.
718 1803 770 1857 9.
804 1800 948 1855 Idem
977 1800 1191 1855 Philoni
1223 1800 1438 1853 videtur
1474 1797 1721 1868 proposi-

1818 606 2008 659 eodem
2046 603 2116 661 M.
2148 602 2349 655 Aurelii
2382 616 2528 655 anno
2566 600 2769 654 electos
2810 600 2998 663 fuisse,
3050 600 3142 655 sed
3187 608 3397 655 tantum

1821 696 2016 750 eodem
2073 695 2193 748 illos
2233 705 2474 762 tempore
2518 692 2814 747 Ecclesiam
2847 693 3209 760 gubernasse.
3261 691 3394 744 Nam

1821 789 1865 840 si
1908 786 2127 839 Eusebii
2184 786 2345 838 verba
2396 784 2587 839 stricte
2629 792 2945 849 sumantur,
3016 798 3081 836 ex
3136 782 3220 838 his
3272 780 3398 832 illud

1822 877 2001 944 potius
2028 887 2307 943 sequetur,
2329 875 2440 941 jam
2470 884 2580 927 tum
2613 873 2920 927 AtillOClllII'
2951 872 3200 925 ﬂoruisse
3224 872 3400 926 Theo-

1821 966 2053 1036 philum,
2081 982 2204 1019 cum
2255 965 2414 1021 Soter
2463 966 2711 1029 Aniceto,
2758 966 3091 1034 Agrippiuus
3122 963 3398 1019 Celadionl

1821 1068 2103 1113 successu.

1894 1174 1958 1228 II.
2000 1173 2208 1228 Prmter
2257 1171 2633 1242 quotidianum
2674 1171 2880 1225 laboris
2914 1185 2987 1226 ac
3019 1169 3401 1225 sollicitudinis

1822 1282 2074 1337 pensum,
2114 1264 2256 1334 quod
2296 1263 2549 1318 omnibus
2578 1262 2847 1332 episcopis
2890 1262 3226 1328 impositum,
3258 1260 3401 1313 haud

1822 1374 2013 1429 parum
2050 1357 2253 1426 negotii
2289 1356 2541 1418 haereses,
2573 1370 2692 1423 qua:
2733 1364 2861 1408 tunc
2891 1353 3195 1407 Ecclesiam
3227 1368 3402 1419 oppu—

1824 1449 2081 1518 gnabant,
2121 1447 2425 1515 Tchphilo
2458 1454 2645 1501 nostro
2675 1444 3026 1498 addiderunt.
3076 1442 3227 1495 illius
3262 1443 3398 1511 vigi-

1826 1540 1996 1593 lantia
2037 1548 2092 1595 et
2134 1539 2375 1593 excubiae
2420 1552 2524 1608 pro
2575 1536 2881 1590 commissis
2922 1535 3114 1589 ovibus
3166 1533 3401 1601 spectari

1827 1641 2052 1701 possunt
2092 1647 2161 1685 ex
2197 1630 2398 1695 studio,
2431 1629 2575 1698 quod
2620 1629 2673 1681 in
2726 1625 3083 1696 proﬂigandis
3131 1626 3405 1680 haereticis

1825 1733 1880 1776 et
1908 1738 1938 1776 a
1965 1737 2129 1792 grege
2165 1735 2265 1773 suo
2303 1718 2619 1775 avertendis
2649 1714 2995 1783 significavit.
3036 1714 3126 1768 Sic
3155 1717 3301 1769 enim
3337 1714 3405 1768 de

1829 1816 1917 1869 illo
1940 1814 2202 1867 Eusebius
2236 1810 2281 1843 ’⁵⁸
2308 1829 2321 1865 :
2351 1810 2471 1864 Τῶν
2501 1826 2564 1879 γε
2600 1808 2702 1879 μὴν
2726 1805 3016 1879 αἱρετικῶν
3040 1806 3190 1858 οὐδὲν
3224 1809 3406 1878 χεῖρον

154 1906 268 1949 tum
305 1893 494 1959 fuisse,
520 1908 643 1947 eum
686 1894 751 1945 de
794 1892 1179 1964 prophetarum
1222 1890 1422 1943 exstasi
1458 1890 1718 1956 loquitur,

1832 1905 1917 1958 καὶ
1972 1905 2090 1959 τότε
2140 1901 2390 1969 ζιζανίων
2443 1902 2597 1973 δίκην
2657 1899 3068 1969 λυμαινομένων
3125 1897 3214 1949 τὸν
3278 1896 3409 1951 εἰλι-

157 2000 345 2054 nempe
373 1994 431 2037 ut
459 1983 685 2052 gloriam
714 1992 770 2035 et
796 1983 960 2036 decus
993 1996 1177 2036 eorum
1203 1979 1426 2034 extollat
1454 1994 1518 2032 ac
1560 1978 1725 2045 inspi-

159 2080 423 2131 rationem
453 2076 664 2145 probet.
698 2074 820 2127 για.
851 2074 945 2127 lih.
983 2089 1041 2136 ιι,
1078 2073 1230 2142 Legis
1271 2072 1516 2140 allegan,
1555 2083 1609 2136 p.
1634 2068 1722 2131 5‘2,

155 2178 207 2224 et
233 2169 432 2223 librum
458 2184 474 2221 :
514 2164 645 2231 Quis
669 2182 839 2219 rerum
868 2166 1167 2218 divinarum
1191 2164 1376 2218 limes.

743 2258 969 2314 CAPUT
1007 2257 1124 2313 XV.

224 2355 298 2409 De
326 2355 485 2423 gestis
518 2362 565 2408 et
591 2353 803 2421 scriptis
832 2354 1001 2435 structi
1033 2350 1311 2432 ‘Tlteophili
1345 2349 1654 2403 Antinclzeni

818 2439 1067 2491 episcopi.

156 2517 193 2567 ι.
212 2519 287 2568 De
305 2520 630 2567 conversione
658 2514 1014 2578 etepiscopatu
1038 2512 1384 2578 StTheophili.
1410 2510 1473 2560 Il.
1496 2512 1569 2560 De
1590 2510 1727 2557 illius

214 2580 491 2641 deperditis
516 2574 879 2641 operibus-“Ill.
899 2574 1169 2641 Theophili
1195 2589 1290 2623 nou
1314 2582 1431 2641 sunt
1475 2584 1725 2641 commen-

216 2632 330 2689 tarii
349 2644 401 2689 in
426 2632 720 2702 Evsn'gelta.
745 2638 952 2702 Ν.-οω
972 2632 1225 2702 occasione
1248 2634 1415 2696 scripti
1442 2632 1727 2702 8d_Alll.O‘-l:!-

213 2717 328 2750 eum
368 2710 473 2751 tres
521 2691 652 2751 libri.
680 2703 736 2749 ι’,
764 2691 885 2749 Sub‘
904 2699 1150 2759 Commodi
1197 2691 1405 2758 imperio
1426 2695 1613 2759 scripti.
1642 2691 1721 2759 \fl.

212 2764 775 2814 RefelliturDodwellus
786 2763 868 2823 qui
891 2762 1040 2809 alium
1052 2756 1386 2821 Theophilum
1407 2756 1727 2817 excogitavit.

224 2848 265 2904 1.
310 2847 485 2903 Natus
520 2858 604 2902 est
645 2864 710 2902 ac
754 2847 1032 2902 institutus
1069 2843 1404 2912 Theophilus
1445 2841 1497 2894 in
1535 2853 1726 2907 super-

156 2942 437 2996 stitionum
464 2941 808 2995 ethnicarum
850 2936 1119 3000 tenebris;
1150 2937 1401 3004 idemque
1440 2932 1517 2985 illi
1546 2927 1726 2983 conti-

159 3034 255 3101 git,
286 3033 429 3101 quod
461 3032 529 3085 de
556 3045 615 3085 se
646 3030 746 3098 ipsi
779 3027 1027 3084 Justinus
1054 3036 1108 3082 et
1133 3026 1415 3091 Tatianus,
1448 3026 1514 3077 de
1553 3022 1724 3077 Athe-

162 3139 359 3192 nagora
417 3122 701 3191 Philippus
748 3120 937 3174 Sitleta
990 3129 1302 3183 testantur,
1366 3127 1425 3171 ut
1478 3112 1725 3184 legendis

163 3215 462 3284 Scripturis
501 3217 567 3269 ad
612 3214 979 3269 Christianam
1016 3211 1328 3281 religionem
1373 3216 1722 3264 convertere-

160 3319 268 3367 tur.
298 3310 431 3364 Rem
482 3309 596 3377 ipse
632 3306 710 3361 sic
741 3316 930 3360 narrat
955 3303 1054 3359 sub
1088 3303 1247 3357 linem
1287 3301 1409 3355 libri
1451 3300 1612 3368 primi
1655 3298 1722 3351 ad

162 3401 475 3470 Autolycum
500 3417 518 3452 .-
557 3417 575 3449 ι
609 3397 685 3452 Ne
710 3400 789 3453 sis
830 3397 997 3469 igitur
1034 3392 1370 3455 incredulus,
1410 3392 1505 3446 sed
1552 3390 1732 3458 potius

161 3495 339 3547 crede.
376 3490 510 3547 Nam
546 3502 602 3547 et
637 3491 751 3561 ipse
801 3505 907 3545 non
942 3488 1230 3544 credebam
1270 3484 1727 3540 resurrectionem

161 3586 435 3654 futuram;
469 3587 561 3641 sed
604 3602 746 3641 ιιιιιιο
783 3586 968 3651 credo,
1004 3594 1295 3654 postquam
1322 3581 1437 3636 haec
1466 3579 1733 3636 attentius

162 3679 541 3743 considerari;
591 3678 752 3733 simul
789 3678 932 3747 quod
975 3678 1027 3730 in
1076 3689 1264 3730 sacras
1298 3673 1612 3742 Seripturas
1648 3674 1735 3726 in-

163 3774 269 3828 cidi
317 3782 631 3827 sanctorum
681 3772 1102 3841 prophetarum,
1157 3768 1249 3837 qui
1306 3782 1403 3836 per
1462 3766 1732 3835 Spiritum

163 3874 417 3919 sanctum
439 3873 496 3918 et
525 3863 795 3932 praeterita
836 3865 1029 3917 eodem
1058 3876 1166 3930 quo
1195 3868 1347 3929 gesta
1392 3868 1519 3912 sunt
1554 3858 1735 3920 modo,

164 3966 217 4011 et
248 3957 539 4026 prmsentia
584 3956 773 4011 eodem
816 3970 928 4024 quo
968 3962 1235 4023 geruntur
1265 3952 1656 4021 praedixerunt,
1682 3958 1739 4002 et

165 4046 343 4100 futura
373 4048 564 4102 eodem
595 4046 786 4102 ordine
815 4062 923 4117 quo
962 4041 1345 4114 perficiuntur.
1402 4042 1537 4095 Cum
1578 4042 1739 4109 igitur

162 4154 374 4209 eaque
421 4140 683 4193 eveniunt
720 4149 779 4193 et
827 4136 1083 4208 praedicta
1132 4136 1273 4190 olim
1320 4134 1738 4189 demonstratio-

168 4248 288 4287 nem
350 4233 480 4286 mihi
532 4232 861 4294 exhibeant;
909 4245 1013 4283 non
1072 4245 1192 4284 sum
1253 4228 1590 4292 incredulus,
1644 4225 1737 4280 sed

168 4327 329 4381 credo
360 4327 750 4394 obtemperans
775 4322 906 4377 Deo.

229 4416 387 4471 Hunc
414 4416 774 4483 Theophilum
817 4412 1150 4477 Dodvrellns,
1201 4425 1362 4479 quem
1403 4408 1545 4463 inl'ra
1580 4407 1739 4462 refel-

168 4508 355 4572 lemus,
382 4508 532 4575 justo
573 4508 785 4577 longius
822 4504 889 4559 ab
921 4504 1219 4574 apostolica
1258 4511 1419 4557 aetate
1462 4512 1741 4554 removere

169 4611 221 4654 et
242 4601 537 4669 episcOpali
566 4602 833 4669 dignitate
870 4598 1105 4669 spoliare
1133 4608 1299 4649 ausus
1326 4603 1438 4660 est;
1474 4592 1565 4646 alii
1604 4607 1738 4645 non-

174 4694 296 4746 nulli
360 4709 485 4746 cum
545 4708 631 4757 eo,
688 4694 774 4746 cui
822 4694 990 4747 Actus
1036 4688 1408 4760 apostolorum
1466 4684 1737 4751 inscripti,

172 4788 346 4840 minus
393 4785 528 4840 belle
569 4783 883 4839 confudere.
921 4782 1104 4853 Longe
1162 4782 1233 4834 ab
1278 4779 1384 4833 hoc
1432 4775 1737 4845 Theophila

174 4880 330 4933 distat
357 4878 447 4931 ille
479 4888 686 4941 noster,
716 4876 806 4946 qui
851 4888 1063 4930 mortuo
1104 4873 1271 4927 Erote
1312 4871 1502 4940 quinto
1544 4870 1739 4923 Antio-

174 4970 300 5025 chia:
322 4970 597 5039 episcopo,
629 4970 773 5024 circa
799 4983 1000 5021 annum
1050 4966 1118 5019 Μ.
1148 4964 1355 5019 Aurelii
1387 4972 1665 5024 octavum,
1690 4962 1740 5014 id

175 5073 252 5116 est
278 5078 483 5115 annum
515 5061 715 5114 Christi
748 5061 868 5121 llis.
899 5059 1259 5113 Antiocheam
1298 5055 1413 5110 sedi
1451 5053 1741 5123 praefectus

176 5150 288 5204 iuit.
329 5150 584 5205 Testatur
623 5150 768 5204 enim
808 5149 1073 5203 Eusebius
1115 5160 1262 5199 anno
1305 5145 1465 5214 hujus
1504 5144 1741 5211 impera-

179 5244 300 5296 loris
347 5252 544 5296 octavo
586 5242 770 5295 Romae
799 5239 1048 5294 Soterem
1099 5238 1352 5301 Aniceto,
1398 5233 1739 5289 Alexandriae

176 5334 444 5387 Celadioni
491 5334 843 5404 Agrippinum
890 5331 1263 5396 successisse;
1309 5344 1374 5382 ac
1428 5328 1611 5383 statim
1645 5327 1741 5380 ad-

180 5424 248 5478 dit
277 5424 323 5456 “
354 5442 369 5476 :
409 5423 716 5497 Τηνικαῦτα
760 5423 854 5476 καὶ
894 5422 988 5475 ἐπὶ
1014 5421 1112 5493 τῆς
1145 5420 1461 5490 Ἀντιοχέων
1511 5415 1739 5486 Ἐκκλη-

177 5516 285 5581 duc
303 5517 557 5585 Θεόφιλος
581 5516 735 5580 ἕκτος
766 5516 873 5569 ἀπὸ
901 5513 1009 5567 τῶν
1042 5511 1355 5567 ἀποστόλων
1389 5506 1737 5580 ὲγνωρίζετο.

184 5607 375 5663 «Tunc
423 5616 604 5662 autem
642 5614 702 5661 et
755 5607 807 5658 in
854 5604 1203 5658 Antiochena
1250 5600 1498 5656 Ecclesia
1552 5607 1739 5651 sextus

181 5700 241 5752 ab
263 5699 519 5769 apostolis
559 5696 889 5768 Theophilus
944 5693 1191 5749 ﬂorebat.
1243 5712 1260 5743 ι
1314 5692 1519 5758 Quibus
1557 5687 1760 5745 verbis.

1825 1999 1984 2070 κρινῆ
2022 1998 2120 2067 τῆς
2158 1995 2516 2066 ἀπωτολικῆς
2551 1992 2895 2055 διδασκαλίας
2930 1992 3151 2063 σπόρον,
3184 1992 3232 2043 οἱ
3274 2006 3409 2044 mv—

1826 2092 2020 2160 ταχόσε
2042 2088 2147 2141 τῶν
2166 2087 2503 2157 Ἐκκλησιῶν
2538 2084 2813 2156 ποιμένες,
2837 2082 3023 2153 ὥσπερ
3050 2080 3201 2144 τινὰς
3234 2080 3407 2152 Θῆρας

1824 2181 2049 2254 ἀγρίους
2090 2183 2195 2234 τῶν
2241 2178 2334 2234 τοῦ
2378 2176 2613 2251 Χριστοῦ
2675 2176 2959 2248 προϐάτων
3012 2172 3408 2237 ἀποσοϐοῦντες

1824 2274 2019 2334 αὐτοὺς
2049 2274 2315 2344 ἀνεῖργον
2352 2271 2484 2323 τοτὲι
2504 2270 2621 2340 μὲν,
2665 2271 2783 2332 ταῖς
2815 2266 2951 2340 πρὸς
2980 2266 3105 2329 τοὺς
3146 2264 3407 2332 ἀδελφοὺς

1821 2361 2126 2426 νουθεσίαις
2171 2362 2263 2416 καὶ
2310 2359 2683 2431 παραινέσεσι·
2730 2358 2851 2410 τοτὲ
2893 2356 2972 2419 δὲ,
3019 2354 3158 2427 πρὸς
3211 2354 3408 2417 αὐτοὺς

1826 2458 2157 2529 γυμνότερον
2190 2453 2564 2524 ἀποδυόμενοι,
2590 2450 2859 2521 ἀγράφοις
2896 2465 2951 2503 τε
2994 2450 3074 2510 εἰς
3116 2447 3411 2519 πρόσωπον

1826 2546 2083 2620 ζητήσεσι
2114 2544 2210 2598 καὶ
2251 2544 2601 2608 ἀνατροπαῖς·
2653 2540 2753 2610 ἠδη
2803 2539 2856 2590 δὲ
2887 2536 2980 2590 καὶ
3004 2536 3081 2590 δι’
3120 2537 3409 2607 ὲγγρὰιτων

1827 2638 2233 2711 ὑπομνημάτων
2279 2634 2375 2697 τὰς
2416 2634 2571 2698 δόξας
2609 2632 2789 2686 αὐτῶν
2835 2628 3248 2700 ἀκριϐεστάτοις
3266 2629 3409 2696 ἐλέγ-

1820 2754 1938 2805 χοις
2000 2728 2388 2791 διευθύνοντες.
2418 2727 2485 2779 ’Ὀ
2508 2725 2571 2793 γέ
2600 2742 2679 2777 τοι
2704 2722 2961 2790 Θεόφιλος
2978 2723 3078 2776 σὺν
3100 2720 3410 2785 τοῖςᾶλλοις

1822 2824 1964 2879 κατὰ
1992 2826 2194 2877 τούτων
2228 2818 2699 2892 στρατευσάμενος
2745 2814 2903 2886 δῆλός
2940 2817 3087 2867 ἐστιν
3112 2812 3224 2867 ἀπό
3266 2829 3413 2875 τινος

1824 2917 1922 2969 οὐκ
1956 2913 2194 2983 ἀγεννῶς
2222 2910 2377 2980 αὐτῷ
2399 2910 2540 2963 κατὰ
2561 2909 2888 2980 Μαρκίωνος
2914 2902 3199 2975 πεπονημὲ
3211 2919 3305 2971 ,νουί
3324 2900 3415 2953 λό-

1824 3024 1943 3077 γου,
1967 3007 2025 3069 ὃς
2062 3007 2156 3059 καὶ
2196 3005 2358 3075 αὐτὸς
2406 3001 2524 3073 μεθ’
2568 2996 2642 3054 ὧν
2675 2999 2848 3053 ἄλλον
2890 2998 3207 3071 εἰρήκαμεν,
3246 2992 3413 3047 εἰσέτι

1823 3101 1918 3153 νῦν
1964 3100 2344 3153 διασέσωσται.
2376 3094 2576 3149 Τοῦτον
2616 3094 2710 3165 μὲν
2755 3087 2847 3144 οὖν
2882 3088 3112 3158 ἕϐδομος
3153 3086 3264 3141 ἀπὸ
3305 3084 3413 3140 τῶν

1824 3193 2131 3247 ἀποστῦλων
2145 3192 2245 3261 τῆς
2260 3189 2571 3261 Ἀντιοχέων
2584 3185 2909 3256 Ἑκκλησὲας
2922 3182 3223 3253 διαδέχεται
3239 3181 3413 3246 Maii-

1836 3290 2005 3357 μῖνος.
2050 3308 2063 3337 ι
2108 3288 2277 3337 l‘crro
2308 3299 2429 3336 cum
2467 3281 2822 3335 nihilominus
2862 3278 2965 3331 hac
2994 3277 3160 3331 etiam
3206 3284 3412 3343 tempe-

1834 3389 1975 3432 state
2019 3372 2256 3432 haeretici
2304 3375 2642 3429 zizaniorum
2684 3372 2859 3426 instar
2892 3371 3160 3425 sinceram
3193 3376 3411 3436 aposto-

1832 3470 1951 3524 licae
1974 3470 2232 3524 doctrina:
2259 3475 2554 3521 sementem
2584 3462 3002 3525 labefactarent,
3038 3459 3408 3515 Eeclesiarum

1838 3570 1951 3614 toto
1978 3558 2109 3612 orbe
2139 3567 2403 3627 pastores,
2435 3570 2529 3609 eos
2563 3562 2822 3623 tanquam
2849 3551 2999 3606 feras
3028 3561 3193 3618 atque
3218 3549 3414 3601 imma-

1837 3666 1935 3705 nes
1970 3650 2181 3705 belluas
2224 3651 2293 3703 ab
2338 3647 2465 3701 ovili
2516 3644 2726 3699 Christi
2773 3642 2965 3712 fugare
3008 3648 3176 3709 atque
3218 3651 3413 3695 arcere

1839 3742 2246 3813 properabant;
2304 3738 2510 3809 partim
2565 3735 2838 3791 hortando
2890 3742 2953 3788 et
3017 3730 3413 3787 commonendo

1834 3835 2063 3897 fratres,
2115 3832 2317 3903 partim
2368 3830 2629 3884 adversus
2680 3828 2827 3896 ipsos
2869 3824 3159 3879 haereticos
3199 3821 3412 3877 fortiter

1836 3926 2221 3981 colluCtando:
2261 3938 2399 3993 quos
2443 3920 2526 3975 vel
2556 3918 2851 3987 pr0positis
2890 3915 3140 3970 cominus
3178 3914 3411 3967 interm-

1844 4019 2161 4089 gationibus
2189 4017 2310 4070 viva
2342 4028 2494 4077 voce,
2529 4011 2610 4066 vel
2641 4010 2797 4064 libris
2831 4004 3241 4061 accuratissime
3270 4000 3411 4057 scri-

1844 4114 1975 4183 ptis,
2019 4110 2306 4181 opiniones
2376 4121 2563 4162 eorum
2640 4099 2975 4164 refellendo,
3027 4093 3410 4152 confutabant.

1844 4205 2183 4274 Theophilus
2217 4201 2382 4271 igitur
2414 4216 2519 4253 una
2553 4212 2674 4248 cum
2717 4192 2930 4247 caeteris
2978 4191 3241 4243 adversus
3291 4185 3415 4239 illos

1840 4298 2130 4353 haereticos
2158 4292 2502 4362 depugnavit,
2533 4300 2590 4340 ut
2634 4293 2843 4347 onustat
2894 4298 2958 4335 es
2990 4282 3227 4349 quodam
3270 4276 3412 4330 illius

1843 4390 1982 4443 libro
2030 4388 2449 4453 haudquaqtmm
2497 4378 2819 4447 spernendo,
2851 4388 3010 4443 quem
3047 4383 3236 4425 contra
3266 4367 3411 4421 Mar-

1842 4480 2060 4532 cionem
2090 4474 2414 4535 elaboravit,
2456 4474 2547 4537 qui
2592 4469 2732 4520 liber
2769 4481 2893 4517 cum
2926 4463 3051 4515 aliis
3076 4476 3213 4529 quos
3238 4458 3413 4537 retuli

1842 4570 2135 4623 etiamnum
2189 4574 2384 4618 exstat.
2435 4581 2453 4614 ι
2499 4562 2803 4630 διςι·ἱι)ιςοι’.ιι
2853 4556 3013 4609 etiam
3058 4534 3413 4620 'l‘heophile,

1768 4629 1813 4683 Β
1843 4660 2078 4715 Eusebio
2129 4668 2183 4711 et
2250 4657 2583 4726 Hieronymo
2628 4651 2877 4715 testibus,
2929 4648 3095 4701 alium
3156 4647 3414 4700 adversus

1845 4750 2199 4819 Hermogenis
2239 4750 2487 4804 hmresim
2520 4747 2743 4809 librum,
2768 4744 2820 4796 in
2859 4756 2965 4811 quo
2999 4736 3326 4794 testimoniis
3349 4750 3415 4787 ex

1841 4841 2071 4898 Joannis
2106 4839 2429 4912 Apocalypsi
2479 4836 2780 4905 desmnptis
2826 4836 3107 4887 utebatur.
3146 4829 3281 4882 Cum
3329 4826 3415 4879 his

1843 4941 2104 4993 adversus
2134 4936 2418 4992 haereticos
2445 4926 2960 4983 elucubrationibus
3009 4916 3274 4977 interiere
3321 4917 3414 4971 alii

1843 5032 2082 5099 ejusdem
2108 5028 2249 5091 librl,
2267 5029 2321 5080 in
2348 5025 2537 5095 quibus
2564 5022 2820 5074 elementa
2842 5018 2968 5085 ﬁdei
2991 5014 3227 5083 exposita
3251 5010 3417 5081 fuisse

1846 5129 2075 5177 testatur
2099 5118 2365 5174 Eusebius
2407 5135 2423 5171 :
2464 5115 2575 5168 Καὶ
2608 5114 2774 5185 ἔτερα
2811 5112 2869 5165 δέ
2906 5126 3031 5163 τινα
3074 5104 3417 5177 κατηχητικά

1846 5215 2010 5275 αὑτοῦ
2068 5212 2265 5287 βιϐλία,
2324 5212 2456 5271 sive,
2500 5217 2557 5260 ut
2598 5208 2993 5274 interpretatur
3027 5200 3416 5269 Hieronymus.

1846 5311 2017 5363 breres
2064 5308 2420 5374 elegantesque
2453 5309 2712 5353 tractatus
2759 5296 2828 5348 ad
2870 5294 3267 5362 a'diﬁcationem
3310 5288 3417 5341 Ec-

1845 5402 2020 5456 clesia:
2053 5402 2389 5469 pertinentes.

1918 5493 2086 5549 Forte
2137 5493 2189 5545 iu
2240 5490 2326 5542 his
2373 5484 2891 5556 pertractationihus
2938 5473 3257 5533 numerandi
3288 5479 3419 5525 sunt
3486 5496 3489 5499 -

1847 5587 1999 5651 libri,
2034 5600 2176 5654 quos
2207 5598 2236 5636 a
2270 5596 2330 5635 se
2383 5580 2617 5649 scriptos
2664 5583 2899 5630 testatur
2937 5566 3297 5638 TheOphilus.
3358 5560 3415 5617 In

1841 5680 1938 5735 lib.
1975 5649 2015 5734 ιι
2048 5649 2125 5732 ,λιι
2165 5674 2479 5743 Autolycum
2522 5672 2651 5723 citat
2697 5667 2936 5736 primum
2988 5661 3061 5715 De
3091 5656 3327 5711 historiis
3353 5649 3416 5704 li-

239 5839 283 5873 “
306 5837 533 5900 Strom.,
558 5850 596 5899 ι,
625 5848 676 5899 p.
708 5832 829 5887 διε).
868 5824 1388 5890 δ³ι.ιγίιιὶ1ειι·ς.,ο.
1418 5824 1509 5877 22.
1585 5821 1630 5852 “
1672 5819 1730 5873 Ν.

1832 5827 1881 5872 et
1904 5815 1998 5871 37.
2072 5810 2297 5876 “msh,
2322 5809 2416 5865 lib.
2439 5819 2578 5871 tv,c.
2618 5803 2685 5857 i9
2717 5814 2768 5857 et
2793 5802 2881 5855 ‘20.
2961 5798 3002 5832 “
3039 5796 3297 5859 llist.,tv,
3323 5786 3415 5843 26.
