4140 6412
127 392 228 445 391

1139 382 1202 438 Β.
1241 379 1502 435 MARANI
1531 376 1922 432 ΡΒᾹΞΙΡᾹΤΙΟ.
1951 405 2018 415 -—-
2049 373 2234 429 PARS
2269 375 2357 430 ill.

3284 376 3388 429 2J2

128 509 502 562 mulacrorum
553 522 725 578 genus
758 506 955 574 pietas,
1015 513 1068 560 et
1119 505 1407 572 periniqua
1447 504 1511 557 de
1551 500 1710 555 Chri-
1745 512 1783 561 Α
1819 501 2005 568 lycum
2031 496 2363 566 TheOpbilus
2405 497 2471 562 ad
2525 494 2784 564 frequens
2825 494 3154 564 colloquium
3183 512 3196 558 ;
3224 493 3387 563 idque

127 605 328 656 stianis
357 619 423 655 ex
459 615 678 655 rumore
707 599 953 669 populari
1008 597 1213 667 opinio.
1255 595 1390 648 Nam
1421 594 1514 660 qui
1544 603 1704 648 caete-

130 710 316 748 rarum
355 709 538 748 rerum
571 692 806 760 diligens
838 699 960 746 erat
1009 690 1328 758 indagator,
1363 685 1708 740 Christianos

129 787 474 856 negligenter
514 784 788 846 audiebat,
825 797 1030 851 eosque
1055 780 1345 834 malesanis
1384 778 1709 832 commentis

130 876 391 931 credulus
412 889 538 930 cum
563 874 841 930 sororibus
865 873 1108 935 misceri,
1141 883 1196 926 et
1223 885 1421 926 carnes
1439 871 1709 940 humanas

132 983 332 1022 vorare
374 966 742 1021 existimabat.
770 964 962 1018 Talem
993 963 1148 1018 nobis
1183 961 1511 1030 Autolycum
1541 959 1708 1014 variis

135 1063 185 1113 in
221 1061 360 1114 locis
386 1057 627 1126 depingit
662 1055 1016 1123 TlteOphilus.

203 1153 480 1220 Opinatus
522 1159 602 1203 est
657 1148 1038 1201 Tilletnontius
1083 1145 1346 1213 scriptum
1379 1143 1448 1196 ab
1477 1141 1702 1211 Autoly-

137 1262 199 1299 (ο
237 1247 506 1297 adversus
540 1241 885 1294 Christianos
920 1239 1118 1291 librum
1164 1235 1468 1306 Theophilo
1515 1243 1705 1287 nostro

141 1336 300 1402 hujus
348 1332 782 1387 elucubrationis
831 1329 1177 1384 occasionem
1235 1329 1597 1381 ministrasse.
1641 1324 1708 1376 At

143 1428 342 1480 nullum
383 1427 607 1479 omnino
659 1422 819 1488 hujus
879 1426 1143 1475 adversus
1193 1420 1536 1474 Christianos
1585 1417 1706 1471 libri

139 1519 451 1587 vestigium.
478 1515 781 1571 Obtuderat
827 1511 1186 1582 Theophilum
1232 1510 1536 1580 Autolycus
1591 1510 1709 1563 ina-

143 1608 296 1662 nibus
327 1607 700 1668 sermonibus,
750 1605 903 1657 ﬁctos
929 1619 994 1656 ac
1018 1603 1194 1669 pictos
1215 1603 1351 1654 deos
1377 1601 1663 1654 venditans
1689 1614 1705 1663 ;

143 1699 439 1754 Christiani
472 1713 666 1753 nomen
705 1697 878 1751 instar
911 1694 1099 1764 probri
1131 1694 1410 1762 obiecerat
1433 1710 1448 1759 ;
1475 1707 1541 1746 ac
1587 1702 1708 1744 tan-

144 1795 259 1847 dem
284 1791 575 1860 quaesierat
608 1799 664 1842 ut
692 1789 856 1844 Deum
884 1803 1043 1842 suum
1088 1787 1422 1842 ostenderet.
1457 1784 1562 1839 Sed
1591 1783 1708 1838 hare

1811 591 2027 644 videtur
2084 591 2188 644 iste
2235 604 2342 642 non
2383 588 2687 658 neglexisse
2721 605 2737 651 ;
2771 589 2868 642 sed
2899 604 3023 643 cum
3057 589 3232 643 adhuc
3267 604 3389 658 post

1810 684 1910 738 hos
1937 696 2265 751 congressus
2293 681 2580 735 veritatem
2616 680 2792 734 instar
2834 679 3014 735 delirii
3047 683 3294 746 haberet,
3325 697 3387 735 ac

1805 773 2062 830 recentes
2089 789 2211 828 esse
2252 773 2462 826 litteras
2519 782 2734 827 nostras
2779 774 2881 828 sibi
2914 775 3166 844 lingeret,
3195 790 3385 828 eorum

1808 865 2192 934 antiquitatem
2217 862 2555 932 Theophilus
2581 863 2633 917 in
2661 862 2802 918 libro
2825 865 2986 920 tertio
3012 866 3386 921 demonstrare

1811 955 2073 1010 instituit.

1885 1047 1948 1101 V.
1978 1046 2339 1116 Suppeditant
2365 1048 2420 1101 hi
2454 1047 2578 1102 libri
2611 1063 2715 1102 non
2756 1047 3022 1105 obscuras
3053 1060 3230 1114 notas,
3265 1054 3384 1119 qui-

1811 1139 1912 1192 bus
1940 1138 2238 1206 dijudicare
2287 1140 2582 1207 possimus,
2611 1156 2717 1209 quo
2746 1151 2990 1209 tempore
3039 1146 3226 1213 scripti
3263 1146 3381 1200 fue-

1813 1226 1945 1280 rint.
2004 1226 2138 1280 Nam
2190 1229 2596 1298 chronologiam
2640 1230 2692 1283 in
2746 1231 2885 1286 libro
2937 1237 3098 1290 tertio
3145 1241 3385 1304 pertexit

1811 1317 2142 1388 Theophilus
2168 1320 2235 1373 ab
2271 1321 2479 1389 origine
2530 1322 2712 1374 mundi
2767 1339 2936 1392 usque
2977 1327 3043 1379 ad
3093 1327 3163 1381 Il.
3212 1333 3386 1385 Aure-

1815 1413 1965 1477 lium,
2001 1428 2162 1482 quem
2192 1415 2258 1469 i9
2285 1430 2481 1481 annos,
2515 1416 2632 1470 dies
2665 1417 2752 1481 10,
2785 1418 3080 1486 imperasse
3128 1432 3383 1479 testatur.

1811 1503 1961 1558 Citat
1992 1506 2156 1559 etiam
2209 1506 2594 1576 Chryserotetn
2627 1508 2697 1562 Μ.
2726 1513 2930 1567 Aurelii
2964 1513 3234 1583 libertum,
3265 1521 3381 1588 qui,

1812 1605 1952 1652 teste
1995 1597 2298 1666 Theophilo
2329 1610 2533 1662 nostro,
2562 1610 2862 1669 temporum
2911 1607 3105 1662 seriem
3133 1610 3200 1664 ab
3241 1609 3384 1666 Urbe

1812 1690 2030 1744 condita
2061 1706 2236 1760 usque
2272 1693 2340 1747 ad
2387 1693 2594 1748 obitum
2629 1697 2844 1763 patroni
2893 1701 2976 1752 sui
3039 1701 3387 1770 imperatoris

1817 1784 1888 1838 Μ.
1929 1785 2137 1839 Aurelii
2165 1785 2546 1856 descripserat.
2581 1788 2654 1842 Ex
2677 1789 2761 1843 his
2793 1800 2941 1860 patet
2973 1793 3070 1848 hos
3103 1795 3267 1850 libros
3286 1800 3387 1851 sub

145 1885 389 1944 dicteria,
435 1897 556 1950 qua:
609 1880 940 1950 TheOphilus
975 1880 1029 1932 in
1077 1880 1257 1948 primo
1307 1878 1448 1931 libro
1487 1874 1702 1935 refellit.
1739 1866 1782 1923 Β
1812 1876 2108 1932 Commodo
2139 1879 2372 1947 scriptos
2397 1896 2536 1947 esse,
2569 1898 2668 1938 nec
2701 1885 2877 1938 serius
2903 1898 2994 1940 aut
3023 1889 3182 1942 citius
3209 1892 3388 1945 collo-

147 1992 247 2030 non
295 1976 501 2044 scripto
541 1974 712 2028 fuisse
746 1974 1090 2042 consignata,
1130 1982 1187 2025 nt
1217 1972 1392 2024 visum
1427 1979 1513 2024 est
1543 1967 1709 2022 Tille-

147 2067 371 2130 montio,
402 2067 501 2120 sed
539 2068 592 2119 in
630 2067 863 2134 quodam
894 2065 1172 2133 colloquio
1193 2063 1418 2132 iactata,
1460 2077 1524 2115 ex
1551 2059 1710 2113 initio

149 2159 263 2213 libri
297 2159 522 2213 secundi
566 2159 943 2228 perspicimus,
977 2157 1066 2209 ubi
1093 2155 1424 2224 Theophilus
1475 2154 1715 2208 breviter

149 2266 437 2306 recensens
472 2266 593 2319 qua:
640 2251 780 2303 inter
825 2264 916 2303 eos
949 2249 1210 2301 hactenus
1264 2247 1710 2311 intercesserant,

148 2345 486 2414 θίιεἙπειδὴ
522 2344 626 2412 πρὸ
659 2341 862 2394 τούτων
895 2341 1002 2392 τῶν
1041 2339 1263 2410 ἡμερῶν
1306 2339 1517 2407 ἐγένετο
1557 2337 1712 2405 λόγος

148 2437 291 2504 ἡμῖν,
325 2429 371 2488 ὦ
397 2432 703 2500 ἀγαθώτατε
722 2433 1013 2495 Αὑτόλυκε,
1038 2432 1340 2502 πυθομένου
1379 2447 1470 2482 σου
1503 2430 1586 2492 τίς
1611 2446 1711 2499 μου

149 2530 174 2578 ὀ
202 2526 350 2590 Θεὸς,
389 2526 482 2577 καὶ
514 2525 578 2576 δι’
611 2523 790 2591 ὀλίγον
825 2523 1196 2593 παρασχόντος
1244 2539 1335 2574 σου
1381 2521 1448 2574 τὰ
1505 2515 1619 2574 ὦτα
1644 2522 1712 2592 τῇ

151 2617 326 2687 ὁμιλίᾳ
360 2616 536 2687 ἡμῶν,
555 2616 682 2685 περὶ
712 2614 812 2683 τῆς
844 2613 1150 2674 Θεοσεϐείας
1185 2631 1284 2683 μου
1308 2612 1572 2683 ἐξεθέμην
1597 2627 1710 2665 σοι·

152 2709 224 2759 ἔτι
258 2708 312 2762 δὲ
367 2710 460 2760 καὶ
509 2703 910 2775 ἀποταξάμενοι
973 2708 1206 2768 ἑαυτοῖς,
1261 2704 1398 2774 μετὰ
1454 2704 1714 2773 πλείστης

151 2799 321 2865 φιλίας
376 2799 755 2870 ἐπορεύθημεν
806 2798 1034 2862 ἕκαστος
1087 2800 1166 2862 εἰς
1199 2799 1286 2850 τὸν
1321 2797 1511 2850 ἑαυτοῦ
1544 2793 1711 2858 οἷκον,

150 2892 304 2943 ιαὲπε
312 2910 342 2960 ρ
361 2891 610 2962 σκληρῶς
627 2891 693 2943 τὰ
711 2891 899 2961 πρῶτα
920 2891 1130 2960 ἔχοντος
1147 2890 1286 2961 κσοῦ)
1306 2890 1440 2960 πρὸς
1457 2891 1620 2960 ἡμᾶς’
1639 2886 1715 2941 οἷ-

148 2984 238 3046 δας
288 2985 399 3054 γὰρ
450 2985 543 3036 καὶ
595 2985 888 3054 μέμνησαι,
924 2986 1005 3037 ὅτι
1038 2982 1297 3045 ὑπέλαϐες
1337 2981 1544 3053 μωρίαν
1577 2979 1713 3033 εἶναι

149 3076 232 3127 τὸν
263 3075 418 3142 λόγον
451 3075 626 3145 ἡμῶν.
660 3095 678 3127 ι
720 3076 857 3130 Cum
914 3087 1041 3129 ante
1092 3075 1190 3127 hos
1243 3075 1358 3127 dies
1407 3087 1712 3128 sermonem

151 3168 282 3219 inter
311 3183 430 3228 nos,
465 3168 670 3236 optime
707 3165 987 3237 Autolyce,
1041 3165 1408 3231 haberemus;
1448 3165 1708 3233 quaerenti

152 3258 240 3311 tibi
275 3259 529 3326 quisnam
557 3274 707 3314 meus
730 3268 876 3313 esset
896 3259 1057 3324 Deus,
1099 3273 1163 3312 ac
1198 3257 1549 3326 disputationi
1582 3274 1714 3311 mea:

151 3365 302 3403 aures
340 3349 657 3418 aliquandiu
697 3351 958 3416 praebenti
1027 3348 1346 3418 religionem
1404 3363 1580 3403 meam
1619 3363 1714 3400 ex-

153 3443 317 3510 posui.
372 3444 445 3496 lta
498 3453 609 3495 tum
642 3443 1018 3505 discessimus,
1064 3441 1459 3496 utamicissimi
1495 3440 1712 3494 domum

155 3538 472 3601 rediremus,
502 3537 746 3603 quamvis
777 3544 936 3590 antea
966 3536 1280 3590 duriuscule
1333 3552 1541 3590 mecum
1574 3538 1714 3606 egis~

154 3642 254 3680 ses.
282 3627 432 3681 Nosti
469 3629 615 3681 enim
665 3639 721 3681 et
765 3628 1056 3682 meministi
1090 3628 1376 3684 stultitiam
1402 3630 1498 3682 tibi
1543 3629 1712 3683 videri

156 3729 393 3772 nostram
424 3721 753 3774 doctrinam.

219 3811 292 3866 Ex
338 3812 424 3864 his
480 3812 644 3878 liquet
674 3815 992 3884 Autolycum
1045 3829 1151 3867 non
1189 3814 1397 3881 scripto
1433 3813 1530 3868 sed
1565 3831 1714 3870 mero

155 3918 397 3957 sermone
442 3904 522 3957 sic
548 3905 599 3956 in
630 3903 798 3959 Deum
823 3921 888 3958 ac
917 3921 1114 3960 nomen
1164 3905 1601 3959 Christianorum
1629 3907 1716 3976 jo-

157 4007 327 4050 calum
360 4011 506 4060 esse,
549 4007 610 4050 ut
654 3997 1011 4068 Theophilum
1043 3999 1108 4052 ad
1131 3999 1232 4053 has
1273 4015 1447 4068 nugas
1472 3999 1720 4054 refellen-

157 4095 249 4147 das
304 4093 579 4148 incitaret.
615 4094 838 4149 Videtur
880 4111 1012 4165 ergo
1053 4096 1263 4166 primus
1295 4097 1363 4148 ad
1402 4096 1719 4166 Autolycu")

160 4185 289 4238 liber
333 4198 438 4238 non
486 4195 590 4238 tam
623 4186 690 4240 ad
717 4184 1074 4242 refellendum
1108 4189 1236 4242 data
1283 4203 1448 4258 opera
1490 4204 1714 4256 compo-

159 4277 308 4339 situs,
336 4293 498 4345 quam
532 4277 597 4328 ad
621 4292 682 4330 ea
709 4277 904 4332 litteris
928 4281 1319 4348 consignanda,
1368 4297 1490 4351 qua!
1540 4281 1719 4335 Theo-

162 4369 329 4436 philus
353 4367 621 4438 Autolyco
643 4369 751 4436 jam
792 4371 1171 4438 responderat.
1210 4372 1345 4425 Hinc
1400 4372 1594 4426 librmn
1635 4388 1720 4426 sc.-

163 4459 384 4511 cunduui
420 4459 634 4510 hortatu
670 4460 917 4529 Autolyci
949 4463 1032 4516 sic
1047 4463 1330 4516 exorditur
1363 4461 1717 4531 Theophilus,

1813 1970 1924 2022 cari
1955 1984 2144 2036 posse;
2184 1972 2228 2025 si
2264 1973 2482 2040 quidem
2520 1973 2664 2029 aliud
2693 1991 2874 2033 causa:
2901 1995 3021 2034 esse
3048 1998 3151 2034 non
3186 1995 3383 2052 potest,

1813 2076 1913 2115 cur
1942 2060 2278 2130 Theophilus
2340 2075 2640 2134 temporum
2675 2070 3095 2139 descriptionem
3127 2076 3190 2128 ad
3229 2092 3383 2130 suam

1816 2167 1986 2221 usque
2030 2164 2244 2207 aetatem
2297 2155 2592 2224 pollicitus,
2625 2174 2797 2214 annos
2828 2160 3112 2218 Commodi
3155 2181 3262 2220 non
3299 2184 3384 2221 re-

1814 2254 2057 2311 censeat,
2083 2247 2183 2300 nisi
2217 2250 2344 2316 quia
2376 2249 2421 2304 is
2453 2251 2628 2306 adhuc
2663 2253 2989 2322 imperabat.

1887 2333 2006 2399 Quo
2027 2346 2206 2389 autem
2239 2335 2518 2392 Commodi
2545 2355 2692 2395 anno
2716 2343 3092 2402 collocandum
3113 2350 3184 2403 sit
3219 2367 3382 2419 opus,

1815 2443 1920 2482 non
1955 2428 2113 2482 facile
2139 2431 2420 2484 statuitur.
2448 2430 2563 2486 Non
2604 2433 2761 2505 longe
2796 2438 2864 2491 ab
2897 2438 3067 2494 initiis
3103 2443 3382 2501 Commodi

1814 2518 2226 2584 collocabimus,
2261 2521 2306 2575 si
2350 2532 2628 2576 auctorem
2659 2540 2956 2595 sequamur
2994 2529 3383 2599 Nicephorum.

1811 2613 1904 2682 qui
1932 2621 2043 2665 tres
2072 2621 2122 2667 et
2159 2613 2346 2667 decem
2371 2616 2716 2684 episcopatus
2747 2634 2920 2674 annos
2952 2621 3254 2693 Theophilo
3293 2630 3385 2680 tri-

1817 2703 1951 2756 buit.
2000 2702 2132 2757 Cum
2185 2705 2329 2760 enim
2365 2705 2726 2774 Theophilum
2766 2710 3052 2777 Eusebius,
3111 2727 3166 2769 ut
3219 2734 3381 2788 Supra

1818 2795 2071 2861 vidimus,
2108 2797 2257 2850 Eroti
2292 2799 2436 2851 circa
2467 2807 2681 2854 annum'
2711 2802 2812 2856 168
2863 2809 3193 2864 successisse
3223 2820 3387 2866 teste-

1819 2898 1936 2953 tur;
1970 2889 2013 2942 si
2077 2905 2199 2942 cum
2247 2887 2556 2958 Nicephoro
2611 2909 2784 2948 annos
2834 2895 2900 2948 13
2951 2899 3297 2968 episcopatus
3335 2907 3384 2957 ei
3423 2961 3426 2964 ,

1817 2982 2044 3043 demus;
2100 2992 2360 3048 sequetur
2389 2981 2533 3036 circa
2567 2999 2769 3038 annum
2806 2986 2901 3040 181
2944 3001 3214 3046 mortuum
3245 3012 3384 3058 esse,

1819 3085 1883 3123 ac
1912 3071 2133 3140 proinde
2173 3083 2476 3128 extremum
2511 3074 2614 3130 hoc
2656 3092 2816 3146 opus,
2855 3090 2910 3133 ut
2935 3097 3040 3136 non
3075 3085 3229 3155 longe
3263 3102 3387 3142 ante

1819 3172 2069 3228 mortem,
2109 3164 2180 3217 ita
2214 3167 2314 3220 sub
2357 3165 2638 3222 Commodi
2697 3171 3042 3239 imperatoris
3075 3177 3226 3232 initia
3272 3181 3389 3233 elu-

1816 3254 2090 3310 cubrasse.
2129 3256 2490 3327 Theophilum
2546 3261 2842 3332 Eutycbius
2885 3267 3233 3324 Antiochenze
3270 3275 3385 3327 ευιΗ

1817 3362 1987 3402 annos
2008 3348 2073 3402 21
2108 3351 2394 3418 prteruisse
2435 3351 2620 3417 refert,
2650 3371 2715 3409 ex
2749 3371 2858 3424 quo
2906 3360 3228 3429 sequeretur
3265 3381 3385 3418 eum

1817 3439 1962 3494 circa
1991 3455 2190 3494 annum
2218 3442 2320 3496 l88
2342 3444 2567 3498 abiisse.
2595 3445 2701 3500 Sed
2725 3450 3004 3518 antiquior
3030 3452 3384 3523 Nicephorius,

1819 3532 2286 3588 utTillemontius
2335 3534 2614 3600 observat,
2645 3554 2708 3592 ac
2741 3541 2964 3610 majoris
3010 3559 3170 3610 quam
3221 3546 3388 3617 Euty-

1817 3625 1972 3679 chius
1998 3626 2365 3680 auctoritatis.
2394 3628 2544 3694 Quod
2579 3641 2761 3685 autem
2798 3632 2851 3685 in
2903 3633 3118 3710 Eusebii
3153 3636 3388 3691 Chroni—

1818 3717 1898 3769 cis
1927 3715 2198 3771 Maximus
2225 3717 2528 3788 Theophilo
2553 3730 2740 3776 nostro
2765 3723 2964 3777 dicitur
2993 3740 3136 3779 anno
3165 3729 3262 3779 177
3295 3739 3388 3783 aut

1820 3807 1920 3862 178
1953 3809 2308 3873 successisse,
2341 3811 2391 3864 id
2422 3811 2767 3866 manifestum
2797 3825 2884 3868 est
2913 3827 3178 3872 erratum.

1888 3899 2048 3952 Aliud
2100 3912 2480 3970 argumentum
2529 3919 2628 3956 cur
2684 3904 2785 3959 hoc
2833 3920 2967 3974 opus
3018 3912 3084 3963 ad
3145 3923 3390 3968 extrema

1821 3993 2104 4050 Commodi
2154 4006 2400 4065 tempora
2449 3997 2601 4065 rejici
2655 4016 2762 4054 non
2799 4003 3016 4070 debeat,
3049 4007 3117 4061 ab
3165 4007 3389 4073 Irenzco.

1821 4089 1914 4156 qui
1979 4089 2239 4142 nonnulla
2290 4106 2321 4144 e
2373 4090 2681 4161 Theophilo
2729 4105 2918 4150 nostro
2962 4111 3243 4164 mutuatus
3287 4119 3392 4169 eet,

1822 4182 2219 4250 suppeditatur.
2269 4182 2557 4239 Scribebat
2624 4186 2864 4242 lrenaaus
2922 4189 3121 4245 librtnn
3175 4196 3391 4250 tertium

1823 4281 2012 4326 contra
2065 4273 2304 4329 hatreses
2353 4276 2454 4330 sub
2509 4276 2807 4332 Commodo
2862 4289 2918 4333 et
2975 4282 3286 4350 Eleuthero,
3332 4303 3396 4340 ac

1824 4367 2050 4432 proinde
2102 4376 2228 4422 ante
2278 4379 2479 4422 annum
2514 4368 2617 4424 l92
2645 4385 2754 4439 quo
2789 4371 3124 4429 Commodus
3153 4379 3393 4438 occisus,

1827 4460 2117 4514 Eleuthero
2175 4460 2358 4514 Victor
2392 4463 2680 4520 successit.
2725 4464 2901 4520 Porro
2940 4469 3180 4537 quinque
3226 4471 3395 4524 libros

163 4551 304 4616 quasi
332 4537 466 4601 nihil
501 4558 659 4601 antea
695 4550 760 4602 de
790 4551 1055 4605 industria
1083 4553 1423 4622 scripsisset:
1445 4552 1564 4606 Κᾶν
1589 4552 1722 4604 ἱδιὼ-
1756 4577 1796 4629 D
1827 4553 2085 4606 adversus
2111 4553 2345 4608 haereses
2372 4569 2478 4607 non
2513 4556 2672 4608 simul
2704 4557 2948 4627 vulgavit
2988 4559 3250 4624 Irenzcus.
3277 4566 3393 4626 sed.

163 4658 248 4710 της
277 4636 322 4695 ὦ
357 4641 612 4711 τῷλόγῳ,
632 4641 769 4712 πλὴν
803 4642 1063 4714 βούλομαί
1096 4660 1177 4697 σοι
1210 4644 1304 4697 καὶ
1336 4644 1431 4696 νῦν
1462 4644 1548 4696 διὰ
1569 4643 1721 4696 τοῦδε

163 4733 243 4786 τοῦ
262 4735 690 4804 συγγράμματος
707 4734 898 4804 ἁκριόέ
907 4752 993 4787 ne
1003 4752 1093 4804 ρον
1110 4736 1370 4801 ἐπιδεῖξαι
1387 4740 1484 4808 τὴν
1501 4757 1721 4808 ματαιον

166 4829 342 4880 πονξαν
376 4827 469 4877 καὶ
503 4826 734 4894 ματαίαν
763 4825 1058 4894 Θρησκείαν
1121 4830 1178 4878 ὲν
1318 4828 1540 4900 κατέχῃ,
1587 4829 1722 4881 ἀλλὰ

167 4918 248 4968 ita".
264 4917 329 4968 δι’
364 4915 559 4982 ὀλίγων
593 4913 698 4966 τῶν
731 4915 873 4968 κατὰ
908 4917 966 4968 σὲ
1000 4917 1280 4987 ἱστοριῶν,
1335 4911 1410 4969 ὧν
1460 4918 1725 4985 ἀναγινώο

169 5025 299 5070 attat;
355 5008 484 5069 ἴσως
515 5005 608 5058 καὶ
638 5005 848 5060 οὐδέπω
878 5005 1184 5074 γινώσκεις,
1241 5009 1300 5060 τὸ
1333 5009 1528 5080 ἀληθὲς
1561 5029 1724 5078 φανε-

169 5102 247 5169 ρὸν
281 5099 519 5168 ποιῆσαι.
551 5115 569 5147 ι
616 5096 768 5150 Nunc
819 5111 1000 5152 autent
1051 5101 1269 5153 hortatu
1323 5113 1452 5166 ttto,
1511 5103 1722 5170 inquit,

170 5193 402 5260 quamvis
452 5193 740 5259 imperitus
781 5191 885 5245 sint
928 5193 1166 5255 dicendi,
1213 5195 1336 5247 volo
1391 5208 1572 5248 tamen
1623 5196 1725 5250 hoc

171 5298 366 5352 quoque
396 5283 577 5335 libello
607 5283 916 5336 acc‘uratius
946 5283 1040 5334 tibi
1075 5285 1454 5340 demonstrare
1479 5286 1723 5338 inutilem

172 5377 392 5431 laborem
423 5387 482 5430 et
512 5376 727 5429 inanem
778 5378 1224 5442 superstitionem
1272 5394 1376 5446 qua
1423 5377 1724 5440 detineris;

172 5470 263 5522 into
291 5484 356 5522 ex
389 5480 694 5520 vesuarutn
726 5469 1080 5522 historiarum
1133 5469 1427 5534 nonnullis,
1462 5484 1581 5535 qum
1606 5484 1634 5520 a
1673 5479 1723 5522 te

172 5563 398 5625 leguntur
421 5558 667 5628 quidem,
701 5559 845 5614 forte
879 5570 1064 5614 autent
1114 5562 1353 5615 nondum
1403 5562 1720 5626 intelligun-

174 5664 261 5712 lttr,
294 5669 478 5708 verum
506 5653 601 5705 tibi
643 5663 769 5706 ante
798 5653 988 5706 oculos
1019 5669 1240 5721 ponere.
1273 5674 1290 5706 ι
1331 5655 1520 5710 Invitat
1553 5656 1721 5708 Auto-

228 5819 266 5850 ⁸⁸
305 5821 423 5873 Lib.
467 5837 528 5879 ll.
561 5836 608 5872 c.
651 5821 707 5876 6.
737 5841 790 5872 tt.
825 5824 878 5875 ‘2.

471 5917 742 5972 ΡΑτιιοι..
800 5919 844 5974 C
858 5934 914 5974 ιι.
956 5917 1034 5976 γι

1833 4652 1890 4695 ut
1921 4642 2062 4698 inter
2092 4658 2281 4698 omnes
2310 4645 2590 4711 convenit,
2635 4646 2842 4716 aliquid
2883 4652 3041 4718 spatii
3082 4652 3397 4706 iutetcessit

1833 4735 1976 4788 inter
2013 4734 2153 4789 duos
2187 4737 2418 4804 priores,
2444 4746 2498 4790 et
2527 4753 2622 4792 eos
2661 4739 2750 4807 qui
2787 4743 3065 4794 consecuti
3095 4755 3241 4805 sunt,
3275 4746 3398 4797 licet

1830 4825 1970 4880 forte
1994 4842 2099 4879 non
2133 4843 2386 4895 magnum
2420 4828 2582 4882 fuerit
2613 4830 2974 4884 intervallum.
3003 4835 3189 4888 Exstat
3218 4849 3395 4890 autem

1833 4919 1887 4971 in
1916 4917 2053 4972 libro
2088 4922 2326 4972 secundo
2358 4922 2602 4987 quadam
2635 4925 2928 4986 sententia,
2956 4940 3117 4992 quam
3150 4929 3279 4980 mihi
3322 4945 3400 4980 Vl-

1833 5008 1967 5060 deor
1998 5022 2029 5061 e
2068 5007 2381 5076 TheOphilo
2431 5011 2739 5078 decerptam
2783 5029 2885 5064 non
2923 5013 3148 5068 incertis
3189 5018 3402 5071 indiciis

1827 5100 2163 5166 perspicere.
2200 5100 2292 5153 Sic
2323 5100 2526 5153 refellit
2549 5099 2786 5157 Irenams
2825 5104 3205 5158 haereticorum
3245 5124 3397 5161 com-

1828 5194 2105 5242 mentadc
2133 5191 2242 5244 Deo
2269 5203 2517 5246 creatore
2558 5209 2743 5247 verum
2795 5209 2860 5248 ac
2891 5213 3200 5266 supremum
3231 5198 3400 5253 Deum

1831 5279 2113 5345 ignorante
2137 5281 2181 5310 “
2209 5299 2222 5332 :
2260 5301 2276 5332 I
2306 5285 2416 5334 Aut
2467 5285 2711 5352 nunquid
2765 5286 2819 5339 hi
2853 5287 2946 5354 qui
2996 5289 3099 5340 sub
3129 5288 3403 5343 Romano-

1832 5388 1952 5426 rum
1997 5374 2224 5442 imperio
2251 5387 2396 5441 sunt,
2427 5379 2678 5444 quamvis
2722 5395 2997 5448 nunquam
3032 5383 3266 5436 viderint
3311 5387 3405 5437 im-

1830 5475 2164 5534 peratorem,
2207 5466 2298 5520 sed
2338 5469 2495 5522 valde
2543 5482 2598 5524 et
2651 5486 2748 5540 per
2795 5482 2994 5525 terram
3027 5485 3083 5527 et
3131 5491 3226 5543 per
3255 5496 3406 5532 mare

1830 5561 2066 5627 separati
2098 5562 2164 5612 ab
2193 5576 2279 5625 co,
2317 5571 2644 5628 Cognoscent
2673 5573 2896 5632 propter
2923 5565 3222 5620 dominium
3257 5584 3405 5631 eum,

1830 5653 1921 5721 qui
1971 5654 2265 5709 maximam
2317 5654 2479 5709 habet
2531 5665 2858 5721 p0testatem
2909 5660 3281 5725 principatus;
3316 5679 3407 5727 ψιι

3020 5918 3050 5969 7
