4140 6414
743 381 848 434 203

1706 374 1757 429 S.
1793 372 2128 431 JUSTINUS
2159 372 2641 430 PHILOSOPHUS
2676 373 2762 427 ΕΤ
2798 372 3109 428 MAB'HR.

3889 372 4026 431 204

752 508 933 549 alitem
967 509 1129 563 super
1149 507 1248 546 nos
1281 502 1430 544 crant
1468 491 1666 561 angeli.
1698 492 1779 547 vel
1813 492 1921 558 ille,
1942 506 2099 562 quem
2129 493 2317 547 mundi
2353 500 2393 553 Λ
2428 492 2529 544 hoc
2569 504 2708 559 npus
2754 490 3015 544 refertum
3053 496 3159 553 est,
3192 495 3268 542 tot
3315 497 3596 559 portarum
3656 490 4020 554 testimonia,

742 587 1125 641 fabricatorem
1162 586 1371 647 dicunt,
1427 601 1532 636 non
1586 592 1922 652 cognoscent
1972 584 2317 639 omnipoten-

740 677 930 731 tem?»
985 679 1075 730 Sic
1125 686 1306 729 autem
1363 675 1717 743 Theophilus.
1768 675 1909 730 libro
1954 691 1994 737 t,
2026 690 2179 729 num.
2236 674 2314 729 5:

738 762 870 819 Εἶτα
906 766 1154 834 βασιλεὺς
1208 766 1305 833 μὲν
1358 766 1594 832 ἐπίγειος
1645 758 1783 817 εἶναι
1835 762 2169 825 πιστεύεται.
2206 762 2320 815 καί-

739 877 843 929 περ
881 858 954 929 μὴ
988 859 1154 910 πᾶσιν
1190 856 1541 927 βλεπόμενος,
1576 855 1664 909 διὰ
1713 856 1769 908 δὲ
1802 857 1981 926 νόμων
2015 857 2110 909 καὶ
2142 854 2320 909 διατά-

739 951 872 1015 ξεων
906 948 1072 1002 αὑτοῦ
1108 948 1201 1002 xal.
1236 947 1515 1011 ἐξουσιῶν,
1551 947 1973 1017 καὶιδυνάμεων
2022 946 2118 1000 καὶ
2169 945 2317 999 εἰχό-

736 1061 841 1097 νων
874 1044 1105 1094 νοεῖται·
1144 1039 1234 1093 τὸν
1266 1039 1321 1092 δὲ
1353 1039 1486 1091 Θεὸν
1536 1038 1597 1091 οὐ
1651 1038 1829 1107 βούλει
1865 1040 1929 1092 σὺ
1963 1038 2197 1093 νοεῖσθαι
2229 1036 2319 1091 διὰ

736 1134 908 1206 ἔργων
945 1133 1036 1186 καὶ
1070 1131 1394 1198 δυνάμεωνς
1437 1150 1455 1181 t
1484 1131 1691 1185 Deinde
1747 1146 1878 1185 vero
1929 1142 2181 1186 terrenus
2222 1145 2317 1184 rex

739 1227 1010 1279 exsistere
1049 1225 1317 1287 creditur,
1344 1222 1600 1293 quamvis
1628 1224 1696 1278 ab
1720 1223 1973 1279 omnibus
1998 1238 2104 1277 non
2136 1222 2321 1277 videa-

736 1330 844 1378 tur.
899 1319 993 1372 sed
1044 1333 1143 1387 per
1197 1318 1351 1385 leges
1382 1328 1434 1371 et
1478 1316 1762 1380 mandata,
1791 1325 1848 1370 et
1898 1317 2237 1385 principatus
2264 1324 2322 1369 et

741 1417 1044 1479 putestates
1066 1454 1079 1471 ,
1110 1420 1163 1463 et
1187 1408 1457 1477 imagines
1490 1410 1855 1478 cognoscitur.
1900 1408 2071 1461 Deum
2100 1422 2231 1461 vero
2252 1420 2317 1459 ex

738 1500 858 1570 ejus
890 1500 1146 1569 operibus
1185 1510 1239 1554 et
1285 1501 1649 1569 potestatibus
1681 1514 1788 1553 non
1821 1500 1902 1553 vis
1935 1497 2315 1568 intelligere?»

730 1589 1022 1645 Manifesta
1056 1598 1139 1643 est
1172 1592 1227 1643 in
1255 1598 1483 1658 utroque
1519 1589 1789 1650 scriptore
1808 1588 2091 1643 sententiae
2132 1584 2322 1641 simili-

734 1684 911 1748 tudo;
955 1685 1052 1738 sed
1102 1680 1250 1735 illam
1284 1680 1547 1735 Irenaeum
1582 1694 1612 1737 e
1637 1678 1965 1746 Theophila,
2001 1694 2107 1733 non
2138 1675 2320 1731 Theo-

730 1775 936 1843 philum
978 1791 1042 1830 ex
1074 1773 1279 1828 lrenrco
1319 1782 1623 1827 mutuatum
1660 1786 1781 1826 esse
1821 1772 1945 1825 inde
1968 1778 2143 1839 patet,
2171 1768 2315 1838 quod

730 1867 869 1937 apud
908 1865 1270 1932 TheOphihnn
1300 1864 1449 1918 clara
1480 1873 1538 1917 et
1565 1861 1850 1923 splendida
1880 1872 1986 1925 est,
2016 1862 2159 1931 apud
2193 1857 2307 1914 Ire-

731 1972 906 2011 na-urn
939 1972 1071 2009 vero
1105 1964 1362 2010 enervata
1393 1955 1801 2023 quodammodo
1831 1963 1886 2007 et
1918 1951 2262 2006 subobscura
2290 1966 2304 2004 :

730 2061 852 2115 quo:
907 2047 1038 2100 vitia
1084 2047 1389 2101 imitatores
1440 2042 1685 2115 eﬂ’ugere
1744 2061 1852 2099 non
1904 2044 2102 2098 solent.
2139 2040 2310 2094 Multo

729 2138 873 2193 enim
902 2137 1219 2207 prmclarius
1253 2138 1399 2205 quod
1431 2138 1509 2190 ait
1530 2136 1873 2206 Theophilus
1919 2136 2307 2204 imperatorem

728 2244 825 2297 per
850 2234 988 2299 leges
1020 2238 1067 2283 et
1101 2230 1379 2295 mandata,
1426 2244 1521 2296 per
1559 2229 1892 2296 principatus
1940 2237 1987 2279 et
2030 2234 2309 2295 potestates

728 2322 806 2392 (id
832 2331 919 2376 est
948 2336 1045 2389 per
1086 2320 1257 2375 duces
1278 2329 1334 2373 et
1363 2318 1696 2389 praefectos),
1730 2332 1792 2373 ac
1818 2334 1912 2388 per
1935 2317 2199 2387 imagines
2219 2329 2310 2370 co-

727 2414 940 2482 gnosci,
970 2429 1139 2483 quam
1183 2412 1331 2483 quod
1364 2411 1604 2466 lrenaeus
1632 2420 1844 2480 prapter
1888 2409 2183 2463 dominium
2216 2422 2309 2459 co-

725 2506 928 2575 gnosci.
958 2504 1015 2559 ln
1043 2519 1151 2572 quo
1183 2504 1405 2573 quidem
1445 2501 1776 2557 crediderim
1820 2500 2006 2554 Irenati
2041 2500 2309 2568 interpre-

728 2608 860 2659 tem,
893 2608 953 2651 ut
995 2612 1141 2666 saepe
1172 2596 1330 2661 alias,
1361 2595 1431 2648 ita
1460 2593 1623 2647 etiam
1655 2593 1756 2646 hoc
1788 2590 1904 2646 loco
1927 2590 2085 2643 unius
2116 2588 2310 2644 litterae

723 2704 915 2743 errore
942 2690 1226 2755 deceptum
1252 2685 1448 2755 legisse
1475 2682 1541 2736 δι’
1562 2683 1805 2750 ἐξουσίαν
1829 2698 1925 2750 pro
1945 2679 2011 2732 δι’
2027 2678 2306 2745 ἐξουσιῶν.

724 2791 778 2834 et
822 2781 1132 2836 reddidisse
1178 2789 1389 2847 propter
1439 2778 1757 2840 dominium,
1789 2790 1888 2845 pro
1918 2789 1983 2827 eo
2009 2776 2152 2843 quod
2187 2773 2309 2827 red-

723 2874 855 2926 dere
908 2870 1190 2926 debuisset
1240 2885 1336 2938 per
1398 2879 1707 2939 potestates,
1761 2869 1874 2922 sive
1910 2882 2009 2936 per
2041 2866 2207 2919 duces
2254 2872 2310 2916 et

722 2963 1039 3029 pratl‘ectos.
1070 2961 1379 3027 Quinetiam
1438 2958 1679 3012 adhibita
1715 2957 1781 3011 ab
1814 2967 2046 3024 utroque
2084 2969 2309 3023 compa-

724 3054 869 3108 ratio
906 3057 1077 3124 magis
1113 3055 1363 3121 apposita
1394 3052 1609 3105 videtur
1645 3050 1908 3104 adversus
1932 3048 2187 3118 gentiles,
2212 3046 2305 3116 qui

2423 595 2531 637 tam
2582 584 2878 638 reconditae
2920 582 2988 635 tle
3036 581 3481 650 philosophorum
3513 579 3805 636 sententiis
3834 597 3898 635 ac
3924 582 4020 636 de

2420 676 2776 745 clrronologia
2805 674 3226 742 disputationes,
3265 672 3570 741 frequentia
3605 688 3731 728 cum
3767 673 4021 727 homine

2425 768 2669 823 litterato
2698 767 2999 835 colloquia,
3041 766 3300 836 episcopo
3337 777 3501 820 tanta:
3531 766 3699 829 sedis,
3732 762 4019 835 gravissi-

2421 860 2524 913 mis
2553 859 2712 913 rebus
2742 867 3035 928 occupato,
3072 859 3255 912 minus
3280 858 3580 913 convenire
3610 857 3921 915 videantur.

2492 948 2598 1003 Sed
2643 948 2866 1001 minime
2916 946 3111 1000 mirum
3140 947 3185 1001 si
3209 957 3268 1002 et
3298 946 3365 1002 de
3391 947 3569 1015 seipso
3595 945 4020 1004 demisse.seu-

2422 1042 2563 1094 tiens
2583 1041 2873 1107 episcopus
2907 1039 3218 1107 imperitum
3247 1054 3309 1093 se
3336 1038 3640 1102 existimat,
3658 1047 3709 1093 et
3729 1038 3798 1092 de
3827 1038 4022 1093 rebus

2423 1130 2668 1202 profanis
2716 1129 2886 1185 multa
2920 1132 3029 1185 rvir
3077 1130 3326 1185 eruditus
3382 1130 3623 1194 disserit,
3660 1130 3788 1199 quia
3844 1129 4018 1183 illius

2422 1226 2704 1295 proposito
2731 1225 3141 1287 conducebant;
3192 1238 3501 1291 quanquam
3533 1220 3764 1297 plurima
3815 1218 4023 1291 Theo-

2425 1316 2603 1385 philus
2636 1330 2666 1368 e
2696 1316 2870 1368 media
2935 1314 3194 1383 religione
3246 1312 3555 1367 Christiana
3603 1311 3816 1381 mpetit.
3864 1310 4024 1365 Fre—

2422 1409 2641 1475 quentia
2677 1408 2763 1461 illa
2807 1424 2934 1462 cum
2983 1408 3247 1478 Autolyco
3289 1406 3558 1474 colloquia
3600 1420 3711 1459 non
3748 1404 4021 1459 hominis

2422 1510 2577 1555 erant
2609 1502 2720 1555 otio
2771 1499 3097 1553 abundantis
3126 1539 3141 1559 .
3176 1500 3269 1553 sed
3299 1498 3537 1567 episcopi
3584 1496 3857 1551 charitate
3888 1495 4023 1549 fer-

2424 1593 2631 1656 ventis,
2661 1595 2753 1661 qui
2801 1594 2905 1647 hoc
2935 1594 3206 1662 pmeipue
3250 1591 3564 1660 impositum
3596 1589 3699 1644 sibi
3734 1589 4019 1653 ducebat,

2423 1694 2668 1737 errantes
2698 1683 2765 1737 ad
2807 1683 3091 1736 veritatem
3136 1684 3430 1737 adducere.

2498 1772 2653 1827 Haud
2686 1773 2938 1842 equidem
2976 1775 3289 1841 negaverim
3346 1772 3516 1827 libros
3541 1774 3610 1826 ad
3644 1769 4017 1840 Autolycum,

2341 1840 2385 1895 Β
2416 1875 2475 1919 ιιι
2504 1840 2764 1921 observat
2793 1865 3028 1921 Grabius
3086 1865 3339 1936 Spicileg.
3406 1874 3540 1919 tom.
3578 1864 3645 1928 ll,
3688 1879 3796 1918 non
3827 1864 4013 1917 simul

2412 1960 2716 2027 prodiisse;
2758 1968 2815 2011 at
2853 1958 3239 2013 brevissimum
3298 1957 3558 2025 temporis
3610 1956 3846 2024 spatium
3909 1955 4015 2008 in-

2414 2050 2737 2104 tercessisse
2766 2048 3065 2104 contendo.
3096 2046 3229 2101 Nam
3266 2047 3421 2101 initio
3443 2047 3567 2100 libri
3591 2046 3816 2101 secundi
3844 2059 4015 2100 com-

2417 2150 2684 2194 memorat
2718 2154 3026 2194 sermonem
3084 2154 3112 2189 a
3164 2153 3225 2194 se
3275 2148 3401 2194 ante
3457 2138 3667 2207 aliquot
3706 2138 3827 2191 dies
3865 2151 4015 2187 cum

2414 2230 2685 2301 Autolyco
2727 2230 3000 2297 habitum,
3036 2230 3129 2299 qui
3162 2244 3344 2285 sermo
3380 2230 3504 2284 libri
3552 2228 3711 2297 primi
3760 2228 4013 2281 materia
4052 2236 4055 2239 λ

2412 2320 2539 2374 fuit.
2572 2321 2685 2375 Sub
2718 2319 2881 2373 ﬁnem
2918 2318 3044 2373 libri
3088 2320 3317 2374 secundi
3369 2319 3619 2373 hortatur
3653 2318 3930 2387 Autolyco
3947 2332 4009 2370 ιιι

2412 2422 2473 2466 ut
2495 2426 2636 2481 sape
2664 2410 3053 2479 congrediatur
3077 2425 3293 2475 secum;
3319 2424 3550 2478 cumque
3586 2409 3632 2462 is
3662 2422 4016 2476 congressus

2412 2512 2560 2557 esset
2586 2518 2709 2558 cum
2744 2502 3052 2571 TheOphilo
3085 2517 3185 2556 nec
3219 2512 3396 2555 tamen
3419 2501 3636 2555 veritati
3669 2514 3862 2554 manus
3894 2501 4010 2554 de-

2412 2596 2605 2659 disset,
2654 2596 2873 2649 tertium
2908 2594 3104 2648 librum
3154 2594 3496 2648 elucubravit
3537 2593 3901 2661 Theophilus,
3936 2605 4011 2647 ut

2414 2688 2741 2754 anticipatas
2775 2686 3091 2755 opinio;‘.cs,
3123 2698 3244 2753 quae
3273 2686 3391 2753 ejus
3425 2684 3610 2737 animo
3641 2684 4001 2746 insederant,

2414 2777 2682 2830 radicitus
2726 2775 3003 2830 evelleret.
3067 2774 3139 2828 Ea
3189 2785 3275 2829 est
3330 2789 3463 2843 ergo
3497 2775 3661 2829 trium
3712 2774 4002 2829 librorum

2410 2869 2585 2922 series
2612 2876 2667 2921 et
2714 2865 2997 2934 junctura,
3036 2876 3094 2919 ut
3124 2865 3308 2920 divelli
3335 2882 3399 2919 ae
3430 2864 3719 2918 dissociari
3754 2880 3862 2917 non
3897 2865 4008 2918 de-

2410 2960 2600 3014 beant.
2639 2958 2713 3012 Eo
2757 2968 2939 3011 autem
2970 2959 3208 3026 scriptos
3254 2956 3425 3011 fuisse
3451 2958 3665 3019 ordine,
3696 2971 3805 3026 quo
3845 2973 4007 3011 nnttc

2413 3052 2712 3117 habentur,
2754 3053 2882 3107 inde
2908 3064 3077 3121 patet,
3112 3052 3256 3120 quod
3309 3052 3363 3105 iu
3426 3052 3588 3105 tertio
3616 3052 3823 3120 primus
3846 3053 4006 3107 desi-

726 3146 894 3202 Dcnm
942 3161 1009 3200 ex
1042 3144 1353 3213 conspicuis
1402 3143 1455 3195 in
1509 3142 1614 3196 hoc
1648 3142 1853 3195 mundo
1894 3139 2151 3208 operibus
2197 3152 2302 3191 non
2330 3180 2372 3238 ο
2418 3157 2642 3215 gnetur,
2678 3161 2827 3197 num.
2861 3145 2931 3209 '5;
2961 3146 3235 3199 secundus
3265 3159 3396 3199 vero
3418 3144 3737 3197 nominatim
3766 3145 4005 3211 citetur,

722 3242 1122 3312 agnoscebant,
1153 3254 1315 3307 quam
1364 3240 1629 3290 adversus
1663 3238 1966 3300 barretieos,
1997 3231 2087 3304 qui
2140 3232 2301 3300 hujus

727 3334 911 3387 IIltllItJi
945 3332 1193 3386 Creatori
1240 3340 1295 3384 et
1347 3330 1555 3397 angelis
1591 3331 1711 3397 ejus
1774 3340 2089 3395 supremum
2136 3325 2304 3379 Deum

725 3427 1002 3495 ﬁngebant
1058 3425 1299 3492 ignotum
1347 3422 1535 3477 luisse.
1568 3420 1814 3474 Imitatus
1858 3428 1941 3473 est
1989 3418 2153 3471 etiam
2196 3417 2306 3471 Ire-

724 3534 896 3580 naeus,
926 3533 1045 3584 quae
1071 3518 1138 3570 de
1171 3517 1366 3573 puerili
1422 3515 1613 3567 Adami
1649 3524 1792 3567 statu
1842 3512 1987 3581 apud
2021 3509 2303 3578 Tbcophi~

725 3608 833 3660 lum
865 3618 1111 3660 nostrum
1154 3607 1207 3658 in
1240 3606 1377 3659 libro
1405 3606 1641 3657 secundo
1691 3604 1982 3672 leguntur:
2014 3603 2305 3669 utriusque

726 3698 1038 3751 testimonia
1073 3698 1124 3749 in
1156 3695 1373 3749 Praefat.
1404 3713 1419 3749 ι
1475 3695 1691 3761 parte“I
1719 3694 1909 3761 inspici
1960 3702 2017 3747 et
2064 3693 2209 3746 inter
2245 3706 2306 3745 se

723 3787 966 3863 conferri
1003 3797 1252 3854 possunt.
1283 3788 1609 3856 Ambiguum
1649 3803 1753 3838 non
1800 3786 1906 3839 erit
1949 3794 2070 3839 uter
2120 3784 2304 3837 imita-

724 3892 809 3932 lor
845 3880 1095 3945 alterius,
1136 3894 1259 3932 cum
1315 3878 1653 3945 Theophilus
1694 3892 1887 3945 magno
1920 3885 2119 3931 conatu
2163 3877 2305 3929 hanc

721 3971 1056 4025 sententiam
1096 3981 1337 4033 tueatur,
1373 3971 1605 4023 lrcmcus
1662 3972 1816 4037 quasi
1876 3973 2146 4025 transiens
2176 3986 2305 4040 pro-

721 4069 907 4128 ponat.
942 4058 1018 4111 Ex
1077 4058 1163 4112 bis
1216 4060 1598 4113 concludimus
1647 4061 1815 4114 libros
1871 4065 1939 4113 ad
1987 4065 2302 4130 Autolycum

720 4153 910 4219 procul
944 4155 1011 4205 ab
1044 4154 1211 4204 initiis
1246 4152 1535 4203 Commodi
1568 4168 1673 4205 non
1705 4154 1941 4214 distare,
1983 4171 2104 4207 cum
2136 4172 2199 4209 ex
2226 4155 2305 4207 eis

727 4247 987 4305 lrenams,
1019 4246 1109 4309 qui
1142 4246 1241 4295 sub
1276 4242 1577 4297 Cmmuodo
1615 4246 1914 4305 scribebat.
1956 4254 2215 4304 nonnulla
2252 4256 2302 4305 itt

721 4351 861 4402 opus
902 4352 1057 4386 suum
1090 4339 1450 4389 transtulerit.

796 4426 901 4476 Sed
939 4425 1203 4477 adtersus
1242 4444 1300 4477 ca
1336 4444 1456 4494 qua)
1490 4428 1776 4481 statuimus
1803 4428 1966 4497 objici
1998 4434 2163 4499 possit
2205 4435 2303 4490 hos

722 4518 786 4564 ut!
820 4516 1127 4582 :lltiljlgt‘llllt
1158 4516 1331 4569 libro»
1358 4533 1455 4571 nec
1482 4518 1717 4571 hominis
1754 4522 1804 4573 in
1831 4523 2123 4578 scribendo
2147 4541 2305 4579 excr-

723 4610 919 4671 t-it.tti,
980 4625 1077 4659 nec
1132 4610 1375 4676 episcopi
1425 4610 1771 4677 gravissimis
1831 4616 1979 4669 curis
2039 4615 2303 4684 implicati

725 4704 890 4751 Mum
944 4701 1218 4762 redolere;
1252 4704 1615 4766 quamobrem
1651 4706 1823 4758 satius
1867 4721 1991 4760 esse
2024 4708 2126 4761 hoc
2168 4724 2303 4777 opus

721 4811 749 4844 a
777 4792 1082 4861 'l‘heopbilo
1120 4797 1360 4845 nondum
1401 4804 1564 4848 {etate
1610 4806 1867 4865 provecto
1900 4800 2302 4865 elucubratntn,

719 4902 782 4935 ae
820 4897 1008 4951 postea
1036 4886 1101 4936 ab
1134 4887 1250 4953 ipso
1286 4888 1372 4950 iis,
1407 4905 1527 4956 qua:
1551 4890 1618 4941 de
1652 4888 1720 4941 Μ.
1753 4890 1969 4943 Aurelii
2018 4902 2195 4945 morte
2225 4893 2303 4947 le-

718 4990 945 5045 guntur,
980 4989 1195 5029 auctum
1233 4980 1579 5033 existimare.
1629 4980 1896 5035 Invitatus
1952 4984 2017 5035 ad
2060 4986 2302 5037 scriben-

719 5068 843 5118 dum
878 5067 945 5119 ab
987 5067 1255 5135 Autolyco
1289 5066 1625 5136 ThCOpbilus
1660 5070 1969 5135 itnperitum
1999 5088 2057 5124 se
2085 5073 2312 5125 dicendi

715 5158 939 5222 fatetur,
980 5174 1080 5211 nec
1117 5163 1235 5213 sine
1268 5176 1477 5213 sutmua
1512 5162 1806 5215 timiditate
1838 5165 1993 5215 oneri
2024 5165 2292 5217 succedit.

716 5253 794 5303 Au
826 5252 904 5305 sic
930 5250 1207 5319 loquatur,
1237 5254 1461 5317 objiciet
1492 5252 1709 5319 aliquis.
1742 5256 1828 5321 qui
1856 5257 1967 5323 jam
2004 5257 2204 5307 multos
2227 5270 2293 5307 ex

718 5342 989 5395 lrzerelicis
1023 5343 1329 5406 triumphos
1369 5344 1684 5412 reportarit,
1717 5360 1779 5396 ac
1810 5347 2105 5411 plurimum
2153 5347 2291 5399 scri-

718 5437 873 5488 bendi
930 5451 1087 5488 usum
1143 5436 1359 5499 habeat,
1412 5435 1624 5503 qualem
1685 5445 1810 5487 tunc
1870 5437 2071 5489 habere
2104 5439 2292 5492 debuit

716 5526 1069 5595 'l‘hcophilus,
1098 5530 1142 5581 si
1169 5539 1475 5580 extremum
1503 5528 1604 5581 hoc
1636 5543 1770 5593 opus
1804 5529 1960 5595 paulo
1990 5539 2115 5581 ante
2143 5544 2289 5582 mor-

716 5632 819 5671 tem
859 5619 1168 5671 scribebat?
1223 5618 1384 5670 Forte
1440 5618 1856 5670 ctiameruditto
1892 5620 2119 5685 profana
2175 5637 2281 5691 qua

781 5792 822 5819 "
867 5790 995 5853 Cap.
1030 5789 1079 5841 Li.
1163 5790 1205 5817 ⁵³
1233 5789 1273 5841 ι)
1302 5799 1461 5846 ssert.
1498 5788 1549 5854 2,
1593 5788 1755 5854 Tmen”
1787 5804 1844 5846 ιι.
1887 5790 1976 5854 ei,
2008 5805 2061 5861 p.
2102 5790 2230 5843 l7l.

2411 3254 2562 3292 num.
2596 3238 2679 3293 l9.
2710 3237 2892 3305 Neque
2927 3238 3091 3291 etiam
3142 3238 3489 3307 superaddita
3546 3237 3717 3290 videri
3765 3237 4003 3301 debent,

2408 3344 2529 3397 qua:
2562 3329 2614 3380 in
2642 3329 2805 3382 tertio
2830 3327 2971 3381 libro
3002 3327 3069 3382 de
3100 3325 3170 3380 Μ.
3207 3326 3413 3381 Aurelii
3447 3328 3675 3395 imperio
3702 3327 4000 3395 leguntur.

2410 3419 2543 3473 Nam
2568 3435 2691 3473 cum
2718 3434 2909 3474 omnes
2940 3433 3298 3472 numerorum
3326 3419 3584 3481 rationes,
3607 3434 3727 3488 quae
3747 3433 3779 3471 a
3808 3416 4003 3471 Theo-

2409 3513 2563 3581 philo
2589 3515 2995 3582 expenduntur,
3029 3513 3080 3565 in
3116 3512 3277 3581 hujus
3308 3512 3469 3566 linem
3512 3512 3759 3580 imperii,
3814 3511 3994 3565 veluti

2410 3607 2460 3660 in
2495 3622 2781 3659 commune
2820 3618 3076 3674 punctum
3133 3606 3419 3670 desinant;
3454 3605 3591 3657 nihil
3628 3615 3714 3657 οδι
3769 3604 3824 3658 in
3876 3614 4001 3660 toto

2408 3697 2546 3751 libro
2579 3700 2719 3767 quod
2754 3698 2932 3751 minus
2958 3706 3269 3766 suSpcctum
3303 3711 3422 3750 esse
3447 3697 3661 3751 debeat.

2483 3788 2568 3844 Vl.
2598 3788 2711 3858 Non
2760 3792 3102 3844 itnmorabor
3138 3790 3190 3842 in
3224 3789 3523 3842 refellendo
3560 3788 3855 3856 Dodwello,
3893 3791 3998 3858 qui

2408 3884 2607 3936 nodum
2654 3882 2708 3936 in
2752 3882 2936 3951 scirpo
2966 3896 3239 3951 quatrens,
3277 3893 3390 3935 tres
3441 3881 3631 3946 libros,
3661 3882 3727 3935 de
3782 3881 3999 3950 quibus

2409 3991 2550 4029 nunc
2596 3976 2827 4044 agimus,
2890 3991 2997 4030 non
3049 3992 3079 4029 ιι
3130 3973 3433 4044 Thcnphilo
3498 3975 3805 4029 Antiochia:
3867 3978 3993 4044 epi-

2408 4082 2573 4138 scopo
2610 4070 2842 4137 scriptos
2897 4068 3067 4123 fuisse
3096 4071 3444 4139 pronuntiat,
3470 4070 3563 4122 sed
3594 4069 3794 4123 abalio
3815 4068 3996 4124 Theo-

2409 4160 2560 4227 philo
2584 4161 2952 4225 Antiocheno,
2991 4174 3149 4229 quem
3183 4162 3283 4216 sub
3314 4160 3519 4216 Severo
3546 4160 3833 4229 scripsisse
3855 4177 3996 4217 cou-

2409 4251 2578 4304 tendit
2601 4252 2669 4305 ⁸³.

2479 4341 2798 4396 Reclamant
2828 4344 2953 4396 huic
2984 4355 3294 4398 commento
3327 4343 3596 4399 Eusebius
3627 4353 3682 4399 et
3714 4343 3991 4417 Hierony-

2408 4448 2559 4486 mus:
2588 4434 2848 4487 reclamat
2865 4434 3117 4501 lrenzeus,
3139 4438 3229 4504 qui
3256 4436 3355 4489 sub
3372 4434 3672 4490 Commodo
3689 4438 3791 4491 hos
3816 4437 3993 4491 libros

2411 4524 2476 4577 ad
2511 4540 2637 4578 usus
2688 4540 2815 4580 suos
2864 4526 3130 4594 adjuuxit.
3162 4528 3421 4592 Quianiant
3470 4543 3603 4597 ergo
3652 4528 3989 4583 Dudwcllutn

2414 4616 2657 4668 rationes
2699 4615 2873 4666 virum
2924 4630 3057 4669 sane
3096 4617 3470 4671 doctissimum
3522 4618 3877 4685 impulerunt,
3930 4630 3991 4671 nt

2412 4715 2606 4757 contra
2637 4703 2985 4771 antiquitatis
3014 4718 3342 4757 consensum
3373 4705 3620 4759 veniret?
3657 4708 3725 4757 At
3760 4719 3840 4758 ea:
3875 4714 3988 4758 tam

2409 4795 2578 4859 leves,
2614 4796 2694 4848 vel
2728 4798 2905 4863 potius
2939 4806 3043 4847 tam
3071 4795 3205 4849 nihil
3237 4807 3381 4861 sunt,
3415 4808 3472 4851 ut
3495 4796 3863 4863 Tillemoutio,
3891 4814 3992 4852 cu-

2402 4889 2494 4956 jus
2529 4903 2739 4941 summa
2782 4889 2948 4940 animi
2985 4890 3290 4944 moderatio
3313 4892 3568 4945 onmibus
3600 4900 3747 4949 nota.
3778 4903 3991 4944 stoma-

2410 4984 2570 5034 chum
2608 4981 2871 5045 fecerint,
2902 4992 2956 5035 et
2986 4985 3315 5038 temeritatis
3354 4996 3535 5037 notam
3580 4982 3858 5039 Dodwello
3904 4987 3988 5038 in-

2408 5088 2568 5127 urere
2586 5076 2885 5142 coegerint.
2906 5073 3085 5128 Prima
3111 5078 3412 5131 ratiuncula
3436 5078 3557 5130 inde
3575 5077 3814 5142 ducitur,
3840 5078 3987 5145 quod

2405 5176 2593 5218 auctor
2642 5167 2904 5221 librorum
2938 5171 3005 5221 ad
3050 5170 3365 5240 Autolycum
3410 5172 3793 5240 Chryserotem
3826 5173 3985 5238 citet,

2405 5257 2493 5322 qui
2530 5267 2653 5309 ante
2686 5274 2887 5311 anntun
2930 5260 3028 5315 l80
3061 5264 3309 5317 scribere
3357 5279 3461 5316 non
3512 5265 3706 5330 potuit.
3744 5264 3814 5316 At
3852 5266 3985 5331 quid

2408 5358 2553 5401 vetat
2581 5353 2876 5417 quominus
2903 5352 3238 5422 TbeOpbilus
3271 5358 3371 5410 sub
3402 5357 3703 5410 Commodo
3730 5357 3987 5411 scribens

2403 5456 2498 5494 0οκ
2534 5442 2812 5507 citaverit,
2841 5445 2935 5512 qui
2968 5446 3068 5498 sub
3095 5446 3285 5500 eodem
3316 5449 3646 5514 imperatore
3668 5456 3798 5501 ante
3828 5446 3984 5501 illum

2401 5533 2735 5599 scripserant
2757 5535 2778 5586 ‘2

2472 5624 2667 5693 Ubjicit
2697 5628 2937 5683 secundo
2963 5628 3080 5684 loco
3108 5628 3413 5686 Dodwellus
3445 5632 3544 5687 hos
3568 5630 3740 5685 libros
3764 5627 3984 5699 vigente
