4140 6406
678 372 784 428 ΞΜ

680 583 923 638 bendum
954 581 1189 643 curavit,
1226 594 1367 634 nunc
1398 578 1645 649 Lugduni
1700 579 2028 634 Batavorum
2081 595 2261 636 asser-

679 683 860 727 vatur.
898 670 1077 726 Editio
1104 670 1323 739 quidem
1349 669 1460 738 jam
1498 684 1530 723 e
1579 669 1731 740 prelo
1782 672 2025 736 exierat,
2081 680 2258 727 tamen

681 763 920 816 nondum
948 762 1221 832 prodierat
1261 760 1315 813 in
1350 761 1665 831 publicum,
1696 764 1821 833 quia
1854 763 1996 817 illius
2022 765 2259 834 theologi

678 853 1072 925 Friburgensis
1137 855 1521 924 interpretatio
1584 863 1639 909 et
1699 857 2115 912 emendationes
2166 860 2260 912 diu

681 956 1013 1016 exspectatas
1041 946 1283 1001 nondum
1325 947 1378 1000 in
1424 946 1686 1016 Stephani
1733 964 1927 1004 manus
1978 958 2257 1003 venerant.

686 1059 706 1091 s
743 1040 1111 1111 thuoniam,
1139 1042 1317 1111 inquit
1348 1057 1400 1111 p.
1435 1041 1504 1096 97
1532 1057 1641 1110 sq.,
1673 1042 1825 1097 illum
1853 1043 2119 1113 quosdam
2146 1043 2257 1097 dil-

685 1134 857 1189 liciles
887 1134 1035 1189 locos
1070 1134 1231 1188 aliter
1265 1135 1685 1204 interpretatum
1727 1149 1849 1190 esse
1881 1136 2128 1189 videbam
2150 1174 2165 1196 .
2194 1150 2261 1189 ac

682 1226 986 1295 praesertim
1026 1226 1273 1281 diversas
1298 1242 1326 1280 a
1358 1228 1493 1282 meis
1521 1226 1870 1295 conjecturas
1908 1226 2054 1281 illius
2103 1228 2260 1281 inve-

682 1319 923 1380 niebam.
956 1333 1079 1373 cum
1106 1320 1260 1387 alibi,
1288 1330 1398 1373 tum
1439 1333 1569 1375 vero
1612 1321 1702 1375 ubi
1745 1321 1952 1375 lacuna:
1979 1331 2075 1373 aut
2106 1319 2259 1375 lacu-

684 1411 825 1467 nulae
855 1422 951 1465 aut
975 1412 1167 1466 saltem
1196 1411 1391 1467 littera:
1420 1411 1655 1484 ἐξίτηλοι
1684 1419 1740 1466 et
1767 1410 1957 1467 oculos
1989 1412 2261 1481 fugientes

684 1506 740 1559 in
775 1514 965 1559 nostro
989 1504 1288 1574 exemplari
1322 1512 1479 1559 erant
1506 1506 1639 1570 (uno
1669 1504 1813 1557 enim
1847 1504 2151 1569 eodemque
2177 1503 2260 1557 usi

681 1610 907 1663 sumus;
950 1596 1043 1650 sed
1069 1610 1169 1664 ego
1196 1605 1322 1647 ante
1362 1595 1559 1663 illum),
1584 1605 1640 1648 et
1664 1603 1741 1657 te.
1773 1594 1967 1657 lector,
1997 1594 2133 1648 tanti
2161 1594 2259 1646 viri

681 1689 1045 1744 fraudandum
1088 1690 1294 1758 judicio
1340 1701 1445 1742 non
1496 1688 1785 1743 censebam
1820 1702 1834 1739 :
1876 1687 2262 1741 adnotationes

684 1781 914 1851 aliquot,
950 1782 1005 1835 in
1047 1779 1244 1851 quibus
1274 1779 1359 1834 vel
1402 1779 1650 1835 diversas
1685 1794 1713 1832 a
1742 1778 1880 1833 meis
1922 1776 2041 1845 ejus
2073 1791 2261 1831 emen-

1596 363 1651 422 S.
1688 365 2021 421 JUSTINUS
2059 364 2541 423 PHILOSOPHUS
2576 366 2662 422 ET
2708 366 3020 424 MARTYR.

678 492 950 561 quaedam.
980 488 1158 544 Codex
1190 496 1373 541 autem
1415 496 1608 553 mstus,
1646 465 1808 556 quem
1860 490 2000 560 typis
2043 488 2254 545 deseri-
2286 492 2333 546 Λ

3835 374 3970 429 208

2442 488 2567 545 llaec
2593 490 2867 559 Sylliurgii
2892 490 3058 543 editio
3084 502 3270 542 recusa
3299 499 3379 544 est
3400 505 3517 545 cur.
3541 490 3667 546 Fed.
3696 490 3858 546 Morel
3876 494 3966 557 iis,

2363 582 2680 651 professore
2720 584 2905 652 regio,
2941 581 3170 635 Lutetite
3218 580 3391 635 Paris.
3448 583 3586 651 apud
3621 581 3964 638 Micliaelem

2364 673 2630 727 Sonnium
2664 673 2792 741 (alia
2825 673 3065 742 exempl.
3093 673 3349 740 inscripta
3386 682 3515 727 sunt
3542 690 3553 725 :
3576 676 3715 742 apud
3740 672 3963 729 Claud.

2365 762 2727 831 Morellum),
2770 764 2855 816 via
2904 762 3136 817 Jacobea
3184 766 3285 819 sub
3324 774 3481 819 scuto
3527 764 3831 830 Basiliensi,
3892 782 3961 818 a.

2367 853 2530 917 1615,
2559 854 2676 918 101..
2704 863 2760 908 et
2782 854 2979 909 dehinc
3009 855 3151 923 apud
3176 855 3365 909 Claud.
3413 855 3677 910 Sonnium
3711 858 3786 923 (in
3819 856 3965 910 aliis

2363 945 2602 1015 exempl.
2639 968 2650 1000 ε
2682 946 2827 1013 apud
2879 945 3062 1000 Garol.
3121 944 3427 1013 Novellum)
3451 986 3465 1009 ,
3511 946 3596 998 via
3631 943 3839 1006 Jacoh.,
3872 947 3961 1021 ad

2365 1038 2579 1105 insigne
2632 1038 2774 1093 scuti
2805 1037 3146 1099 Basiliensis,
3174 1053 3223 1091 a.
3261 1038 3424 1101 {636,
3457 1036 3551 1091 fol.
3580 1037 3737 1102 (tom.
3779 1036 3843 1091 lll
3887 1042 3957 1091 in

2364 1128 2382 1182 l
2436 1130 2602 1196 vol.).
2660 1130 2925 1197 Adjuncta
2981 1139 3065 1183 est
3109 1129 3161 1183 in
3215 1140 3446 1198 utraque
3498 1130 3954 1185 editione.Pctri

2364 1221 2660 1285 Lansselii,
2687 1220 3095 1291 Cravelingani,
3127 1220 3251 1275 See.
3285 1219 3411 1274 Jesu
3456 1221 3788 1292 presbyteri,
3819 1222 3958 1275 dis-

2364 1314 2589 1383 punctio
2622 1314 3153 1368 animadversionum
3182 1315 3233 1367 in
3259 1314 3527 1371 .Iustii....n
3551 1355 3567 1381 ,
3596 1331 3730 1385 quas
3764 1315 3953 1369 lsziac.

2364 1407 2719 1461 Casaubonus
2754 1408 3243 1461 Exercitationibus
3293 1408 3408 1462 suis
3456 1410 3720 1462 adversus
3764 1407 3957 1461 Baro-

2365 1504 2514 1556 nium
2551 1502 2802 1556 inseruit.
2839 1502 3104 1555 Prien-rea
3146 1502 3417 1555 accedunt
3457 1510 3712 1571 tanquam
3754 1505 3955 1554 corol-

2366 1597 2502 1651 laria
2536 1597 2934 1665 Athenagorae,
2970 1595 3288 1663 Theophili,
3341 1594 3554 1650 Tatiani
3603 1606 3655 1650 et
3701 1594 3955 1649 Hermia

2370 1699 2658 1744 tractatus.
2687 1686 2916 1741 Prmﬂxa
2942 1698 3027 1743 est
3056 1690 3301 1758 qua-dam
3338 1688 3539 1744 Justini
3571 1689 3775 1759 eﬂlgies
3804 1703 3950 1743 Clllll

2367 1782 2471 1837 hoc
2520 1781 2779 1837 lemmate
2820 1798 2832 1833 :

684 1873 932 1927 dationes
956 1871 1041 1928 vel
1067 1873 1336 1926 diversam
1386 1871 1893 1940 interpretationem
1928 1870 2023 1923 tibi
2058 1882 2257 1938 propo-

2375 1896 2547 1952 'Hrl'd'
2578 1897 2899 1951 Ἰουστίνου
2934 1895 3152 1963 διττοῖς
3180 1896 3468 1964 στέφεσίν
3507 1894 3659 1962 κάρα
3683 1893 3948 1959 mlier,

685 1979 874 2020 nerem
896 2004 912 2029 ,
946 1964 1316 2034 superioribus
1341 1963 1579 2031 adjicere
1608 1963 1865 2025 ,decrevi,
1895 1972 2059 2031 atque
2098 1963 2150 2016 id
2201 1970 2261 2016 ut

684 2060 1036 2115 decreveram
1066 2056 1324 2113 effectum
1359 2058 1591 2112 reddidi.
1624 2075 1643 2108 ι
1689 2056 1795 2111 Sed
1824 2043 2135 2125 Stephanus
2163 2055 2262 2109 do-

683 2154 966 2209 ctissimus
994 2152 1385 2223 grammaticus
1420 2152 1471 2206 iu
1505 2151 1723 2220 scriptis
1759 2150 1864 2204 illis
1899 2148 2260 2202 emendandis

684 2248 765 2303 sic
794 2258 1065 2311 versatur,
1099 2248 1254 2316 quasi
1302 2246 1539 2299 Platonis
1585 2254 1770 2299 essent
1814 2255 1906 2298 aut
1944 2244 2260 2299 Demosthe-

687 2342 774 2394 nis
802 2355 1010 2411 opera;
1042 2349 1376 2410 quapmpter
1408 2338 1679 2392 interdum
1730 2353 1836 2392 non
1880 2348 1989 2391 tam
2033 2336 2259 2391 sanandi

684 2447 851 2502 quam
885 2434 1118 2487 ornandi
1160 2443 1343 2487 textus
1374 2444 1557 2501 partes
1584 2432 1839 2486 sustinet.

752 2524 948 2580 Omnia
996 2523 1087 2577 illa
1145 2524 1205 2579 S.
1250 2522 1453 2578 Justini
1501 2538 1691 2593 opera,
1745 2525 1813 2579 ab
1862 2533 2091 2594 utroque
2138 2523 2262 2581 Stc-

683 2618 871 2687 phano
925 2615 979 2669 in
1038 2616 1212 2669 lucem
1278 2614 1528 2684 prolata,
1585 2614 1774 2669 Graece
1831 2630 1954 2669 cum
2008 2620 2261 2671 versione

684 2708 734 2763 J.
781 2706 946 2777 Langi
991 2708 1192 2775 passim
1235 2708 1555 2771 emendata,
1590 2709 1731 2762 notis
1759 2720 1815 2761 et
1852 2708 2119 2763 iudicibus
2162 2726 2257 2764 eo-

687 2800 857 2867 piosis
879 2798 1052 2854 edidit
1075 2799 1388 2854 l-‘ridericus
1415 2799 1761 2871 Sylburgius,
1795 2798 2166 2869 lleidelhergze
2192 2816 2259 2855 ex

690 2894 1080 2962 typographeio
1111 2892 1333 2948 Hieron.
1366 2892 1686 2949 Commelini
1717 2908 1771 2949 a.
1797 2893 1960 2957 1593,
1985 2891 2102 2959 fol.,
2130 2896 2258 2947 tum.

686 2987 749 3041 Ill
784 2987 838 3041 in
868 3003 976 3041 uno
997 2988 1297 3042 volumine.
1343 2987 1539 3041 Libros
1577 2989 1647 3040 ita
1688 2987 1977 3041 collocavit
2006 3005 2020 3042 :
2053 2997 2184 3042 toni.
2219 2988 2257 3052 Ι,

686 3094 739 3148 p.
784 3078 952 3132 1-167
986 3099 998 3135 :
1034 3077 1345 3135 Cohortatio
1393 3080 1462 3131 ad
1496 3078 1733 3141 Gra'cos,
1769 3078 1953 3133 Oratio
1997 3082 2063 3132 ad
2112 3078 2259 3131 Grat-

686 3186 794 3234 cos,
831 3167 1065 3238 Utraque
1098 3170 1367 3239 apologia,
1401 3168 1477 3221 De
1512 3169 1818 3222 nionurchia
1864 3168 2015 3233 liber,
2050 3172 2257 3223 Aristo-

689 3263 962 3316 telicorum
985 3264 1336 3331 quorumdam
1356 3264 1661 3331 dagmatuni
1685 3263 1902 3326 eversio,
1930 3263 2259 3327 Qmestiones

686 3356 1109 3429 Christianorum
1157 3359 1226 3408 ad
1276 3352 1486 3409 Grates
1534 3373 1651 3407 cum
1702 3354 2005 3409 Grazcorum
2049 3372 2259 3422 respon-

686 3454 833 3503 sione
870 3460 916 3502 et
960 3450 1314 3513 responsionis
1364 3449 1507 3503 illius
1552 3448 1939 3515 confutatione,
1986 3452 2263 3517 Appendix

686 3544 754 3594 ed
810 3538 1055 3603 Graecos,
1084 3558 1187 3609 qua
1230 3553 1278 3593 et
1326 3540 1624 3595 Aristotelis
1670 3554 1717 3594 et
1760 3542 1985 3595 aliorum
2030 3542 2263 3607 philoso-

685 3640 904 3699 phorum
944 3634 1191 3701 dogmata
1234 3634 1475 3701 quadam
1511 3632 1876 3698 confutantur,
1928 3630 2259 3694 Quwstiones

686 3724 992 3778 ercorum
1056 3725 1124 3775 ad
1192 3723 1523 3777 Christianos
1574 3724 1637 3775 de
1698 3726 2044 3791 incorporeo,
2098 3734 2255 3785 etc.;

690 3830 821 3870 tom.
855 3817 916 3879 ll,
950 3831 1001 3885 p.
1050 3817 1280 3870 167-291
1314 3833 1327 3868 :
1362 3815 1613 3883 Dialogus
1637 3832 1749 3868 cum
1782 3814 2095 3883 Tryphone;
2124 3825 2254 3869 tom.

687 3909 772 3967 lll.
802 3924 852 3976 p.
890 3907 1177 3962 292—598:
1214 3906 1485 3977 Expositio
1522 3917 1671 3961 recta
1705 3908 1849 3973 ﬁdei,
1880 3907 2258 3975 Responsiones

684 4001 754 4053 ad
788 4001 1111 4054 orthodoxos
1147 4002 1209 4053 de
1235 4001 1544 4065 quibusdam
1596 4002 1904 4053 necessariis
1943 4004 2259 4069 quiestioni-

684 4095 802 4158 bus,
836 4091 1077 4159 Epistula
1101 4094 1169 4145 ad
1209 4091 1546 4161 Diognetunt,
1590 4091 1831 4159 l'jpistola
1874 4092 1942 4143 ad
1987 4090 2184 4145 Zenam
2211 4102 2257 4145 et

683 4184 960 4238 Serenum.
987 4182 1194 4239 Textus
1228 4193 1308 4237 est
1340 4183 1764 4251 Stephaniauus.
1796 4201 1814 4233 ι
1852 4182 1930 4235 Ad
1975 4184 2113 4235 hanc
2140 4182 2258 4235 edi-

686 4280 932 4342 tionem,
968 4277 1144 4345 inquit
1187 4277 1276 4345 (p.
1314 4275 1453 4342 Mli)
1506 4276 1588 4327 vir
1637 4274 1727 4328 ille
1770 4272 2256 4341 diligentissimus,

688 4372 910 4427 Henrici
947 4370 1214 4437 Stephani
1246 4366 1567 4433 discipulus,
1602 4366 2019 4421 contribuerunt
2060 4366 2255 4421 Joann.

684 4466 969 4522 Arcerius.
1002 4478 1031 4517 e
1062 4462 1244 4530 Belgio
1264 4500 1279 4525 ,
1313 4471 1369 4513 et
1404 4460 1533 4513 Dav.
1567 4458 1931 4526 Hieschelius,
1960 4475 1990 4514 e
2018 4458 2258 4513 Vindeli-

2459 1991 2761 2059 Οὐρανίηρ
2802 1992 3027 2059 σοφίης
3074 1990 3402 2057 μαρτυρίου
3442 1989 3491 2041 θ’
3527 1988 3722 2041 ὁσίου.

2366 2124 2817 2194 Reprzesentatur
2864 2134 3026 2179 aetate
3082 2124 3135 2176 in
3190 2126 3402 2178 senium
3468 2133 3770 2193 vergente,
3841 2123 3950 2176 sed

2367 2222 2589 2275 robusto
2632 2220 2878 2289 corporis
2948 2220 3172 2283 habitu;
3234 2220 3418 2288 digitis
3480 2220 3646 2272 micat
3703 2222 3755 2270 in
3825 2232 3955 2270 mo-

2365 2312 2492 2365 dum
2526 2311 2888 2381 disputantis.
2925 2311 2997 2364 ita
3032 2321 3246 2377 tamen,
3282 2322 3339 2363 ut
3379 2311 3539 2365 unius
3592 2310 3682 2364 Dei
3735 2310 3956 2363 verita-

2366 2414 2471 2459 tem
2495 2443 2510 2467 ,
2543 2419 2706 2474 quam
2737 2404 2895 2457 index
2939 2403 3176 2457 sinistrm
3212 2412 3467 2456 extentus
3514 2401 3811 2471 signiﬁcat.
3847 2402 3953 2454 de-

2366 2493 2765 2547 monstratione
2803 2493 3021 2547 evincat
3062 2493 3393 2563 syllogistica
3418 2534 3432 2556 ,
3464 2508 3562 2560 per
3588 2503 3698 2545 tres
3727 2492 3951 2560 priores

2366 2584 2785 2654 dextraedigitos
2802 2585 3077 2636 denotata.
3097 2584 3201 2635 Aut
3221 2592 3371 2636 vetus
3389 2584 3478 2637 ille
3495 2584 3671 2651 pictor
3691 2598 3857 2636 unum
3884 2586 3949 2637 in

2364 2687 2618 2750 essentia,
2637 2686 2689 2738 in
2717 2685 2971 2741 Personis
2999 2685 3204 2739 trinum
3224 2686 3389 2739 Deum
3413 2684 3724 2751 exprimere
3744 2682 3951 2736 voluit.

2435 2779 2726 2848 Exemplar
2758 2776 3069 2831 Parisiense
3117 2792 3171 2832 a.
3216 2777 3357 2831 1656
3402 2777 3546 2829 foras
3584 2776 3845 2829 emismm
3873 2789 3949 2827 ex

2365 2887 2488 2925 asse
2514 2872 2772 2939 exprimit
2807 2870 2999 2933 editio,
3028 2884 3149 2938 qum
3171 2869 3415 2922 Colonia:
3434 2909 3448 2932 ,
3480 2868 3559 2921 vel
3590 2869 3767 2937 potius
3793 2867 3952 2921 Vite-

2364 2964 2637 3033 berga:(3)
2667 2963 2807 3032 apud
2837 2961 3039 3015 Jerem.
3077 2960 3282 3031 Sclirey
3306 2969 3359 3014 et
3384 2960 3549 3013 llenr.
3582 2959 3632 3012 ι.
3666 2958 3950 3026 Meyerum

2364 3070 2415 3107 ει.
2454 3053 2612 3118 1686,
2650 3052 2743 3107 fol.
2769 3095 2783 3115 ,
2822 3064 2954 3107 tom.
2996 3052 3057 3107 lll
3093 3053 3157 3119 in,
3196 3053 3211 3105 l
3260 3053 3365 3108 vol.
3404 3051 3623 3122 prodiit.
3654 3050 3953 3105 Prioribus

2366 3143 2574 3195 auctior
2599 3150 2683 3194 est
2707 3141 2911 3194 Christ.
2946 3140 3219 3195 Kortholti
3240 3181 3256 3207 ,
3300 3141 3629 3210 professoris
3661 3140 3951 3196 Kilonieu-

2366 3237 2461 3300 sis,
2490 3236 2544 3289 in
2576 3234 2874 3297 Justinum,
2903 3236 3332 3305 Athenagoram,
3362 3234 3721 3306 Theophilum
3744 3235 3951 3290 Antio-

2365 3331 2628 3393 elienum,
2663 3327 2954 3381 Tatianum
2996 3329 3413 3393 commentario,
3442 3329 3681 3397 primum
3712 3344 3948 3398 separa-

2366 3423 2461 3499 tim
2494 3421 2692 3489 publici
2730 3420 2871 3489 juris
2902 3420 3048 3474 facto
3074 3419 3301 3475 Kilonize
3331 3437 3383 3475 a.
3420 3420 3582 3489 1675,
3614 3421 3706 3478 fol.
3733 3420 3949 3475 Perva-

2366 3515 2649 3584 gatissima
2686 3515 2801 3569 haec
2850 3515 3020 3569 editio
3051 3512 3401 3568 Coloniensis
3448 3513 3947 3569 innumerabilibus

2365 3618 2535 3664 scatet
2563 3610 2797 3672 mendis,
2830 3609 3037 3662 lacunis
3071 3609 3389 3676 inutilisque
3416 3608 3679 3677 periodis.

2435 3703 2502 3755 Et
2548 3701 2663 3755 hinc
2722 3703 2938 3770 quidem
2990 3700 3058 3753 de
3109 3700 3175 3753 iis
3227 3698 3661 3754 Justinianorum
3708 3714 3941 3769 operum

2362 3795 2732 3858 editiouibus,
2773 3808 2895 3858 quae
2944 3795 3230 3849 lectionem
3270 3792 3700 3863 Stephanlanam
3738 3804 3947 3849 secuta

2363 3897 2509 3941 sunt.

2436 3981 2638 4036 Novam
2678 3983 3049 4037 recensionem
3075 3982 3297 4039 exhibet
3324 3981 3604 4052 splendida
3634 3982 3806 4039 editio
3839 3985 3941 4040 Be-

2364 4075 2653 4135 nedictina.
2683 4085 2788 4130 etc.
2818 4075 2917 4145 (ι).

2434 4168 2750 4223 Maraniana
2791 4170 2983 4231 editio.
3012 4171 3225 4239 paginis
3254 4170 3530 4240 paulisper
3560 4170 3815 4233 mutatis,
3844 4180 3939 4225 est

2365 4264 2590 4331 repetita
2630 4263 2874 4317 Venetiis
2918 4264 3060 4330 apud
3093 4263 3382 4331 Augustin.
3416 4261 3653 4326 Savioli,
3683 4277 3736 4316 a.
3770 4262 3935 4328 1747,

2365 4357 2457 4410 [οι.
2509 4357 2636 4425 inaj.
2688 4356 2794 4411 Sed
2843 4357 3097 4425 permulti
3144 4356 3248 4411 hoc
3293 4356 3348 4409 in
3392 4354 3532 4410 libro
3581 4356 3940 4413 inveniuntur

2363 4466 2582 4505 errores
2628 4452 3027 4522 typographiei.
3062 4451 3142 4504 Ad
3183 4451 3322 4505 idem
3355 4450 3484 4504 illud
3514 4451 3797 4519 exemplar
3843 4466 3937 4504 re-

683 4572 873 4612 corum
906 4557 1177 4625 Augusta.
1226 4553 1371 4609 Idem
1423 4552 1511 4606 hic
1553 4552 1894 4607 llceseholius
1929 4554 2067 4607 ultra
2100 4568 2253 4605 suam
2290 4551 2333 4605 D
2364 4558 2490 4598 ουδὲ)
2521 4555 2646 4599 sunt
2676 4544 2851 4613 Opera
2886 4545 3071 4600 Graece
3108 4555 3164 4600 et
3197 4546 3388 4599 Latine
3439 4546 3491 4599 in
3540 4544 3675 4613 Opp.
3710 4542 3937 4597 Patrum

686 4652 989 4721 symbolam
1033 4649 1240 4703 addidit
1264 4648 1427 4702 etiam
1480 4647 1705 4701 llieron.
1736 4646 1917 4702 Wollii
1956 4650 2262 4703 adnotatio-

689 4762 805 4811 nes,
834 4760 863 4800 e
892 4746 1031 4799 libro
1062 4743 1176 4812 ejus
1224 4759 1323 4797 sua
1368 4758 1527 4796 manu
1565 4754 1873 4813 excerptas.
1908 4754 1964 4797 ut
2004 4758 2069 4798 eo
2100 4755 2259 4812 pacto

684 4852 740 4895 et
768 4839 899 4893 boni
950 4840 1305 4909 praeceptoris
1348 4839 1666 4893 memoriam
1714 4848 2045 4907 propagaret
2082 4847 2136 4891 et
2182 4839 2257 4891 rei

688 4934 969 4989 litterariae
1026 4934 1314 4988 commoda
1362 4934 1573 5004 plenius
1623 4932 1923 5000 adjuvaret.
1966 4952 1983 4984 ι
2033 4932 2262 5003 Insuper

686 5028 937 5099 apposuit
965 5028 1041 5097 (p.
1066 5028 1175 5081 452
1202 5027 1346 5097 sqq.)
1373 5028 1602 5083 selectas
1626 5025 1812 5082 Joach.
1841 5027 2073 5082 Perionii
2103 5037 2259 5083 notas

689 5138 792 5175 una
829 5137 951 5176 cum
998 5122 1063 5174 iis
1092 5137 1211 5191 qua:
1256 5120 1443 5175 Jacob.
1478 5120 1664 5175 Billius
1712 5124 1765 5175 in
1816 5122 2255 5177 Observationum

686 5230 962 5269 sacrarum
998 5214 1194 5283 (Paris.
1238 5214 1402 5277 1585,
1434 5215 1553 5284 fol.)
1588 5217 1681 5270 lib.
1717 5232 1774 5282 ll,
1817 5233 1937 5285 cap.
1974 5217 2025 5282 6,
2059 5219 2126 5271 ad
2158 5216 2258 5271 Ju-

688 5308 811 5360 stini
844 5306 1159 5377 Apologiam
1200 5306 1227 5359 1
1266 5319 1570 5365 notaverat.
1616 5309 1828 5379 Adjccit
1870 5311 2099 5378 denique
2139 5324 2259 5379 quae

687 5398 752 5451 11.
782 5398 1096 5467 Stephanus
1121 5401 1173 5453 in
1199 5401 1455 5455 editionis
1486 5403 1635 5457 ealce
1659 5413 1820 5472 atque
1851 5402 1914 5457 ll.
1944 5404 2255 5474 Stephanus

685 5502 739 5544 et
778 5490 1051 5546 Beurerus
1079 5493 1145 5546 de
1172 5506 1323 5547 texui
1358 5495 1629 5549 Orationis
1666 5498 1734 5549 ad
1775 5495 1990 5549 Grazcos
2022 5505 2075 5551 cl
2121 5493 2253 5563 Epi-

684 5585 833 5635 ποια]
859 5583 926 5634 ad
966 5581 1277 5651 Diognetnnt
1312 5588 1653 5641 emendando
1684 5597 2031 5642 monuerant.

754 5737 833 5805 (3)
876 5738 1005 5791 Vide
1043 5742 1361 5796 Willi.Ern.
1394 5744 1641 5809 Tentzel,
1680 5745 2013 5801 Miscellann.
2056 5745 2243 5801 eules.

684 5807 851 5880 (Lips.
888 5810 1043 5876 17113,
1086 5814 1155 5880 1),
1185 5829 1232 5881 p.
1272 5830 1306 5877 I,
1338 5832 1388 5881 p.
1426 5816 1548 5869 MSS.

2364 4637 2672 4692 Graecorum
2703 4640 2857 4708 (cura
2898 4638 3049 4693 Frid.
3084 4638 3416 4703 Obertliiir),
3456 4637 3565 4691 vol.
3602 4636 3741 4700 l-lll,
3786 4634 3938 4689 Wir-

2362 4732 2587 4801 ceburgi
2625 4747 2690 4787 ex
2722 4731 2939 4788 oﬂiciua
2970 4734 3194 4787 libraria
3236 4732 3573 4795 Staheliana,
3608 4728 3935 4793 17774779,

2363 4825 2427 4885 8,
2480 4824 2553 4876 ita
2606 4823 2863 4891 quidem,
2911 4834 2964 4876 ut
3016 4823 3174 4877 vol.l
3224 4822 3535 4876 Orationem
3584 4823 3651 4875 ad
3697 4820 3935 4882 Gmcos,

2363 4914 2790 4968 Cohortationem
2832 4916 2901 4967 ad
2952 4912 3188 4975 Gra'coa,
3228 4914 3443 4967 Librum
3486 4914 3550 4967 de
3601 4914 3936 4976 manare/tia,

2365 5008 2659 5077 Utramque
2697 5008 2993 5075 apologiam
3023 5022 3040 5069 ;
3091 5006 3196 5059 vol.
3228 5004 3296 5067 ll,
3338 5006 3615 5075 Dialogum
3647 5021 3763 5057 cum
3799 5003 3936 5073 Try-

2362 5102 2553 5168 phone,
2585 5110 2639 5153 et
2670 5098 2777 5152 vol.
2811 5096 2897 5166 111,
2935 5116 2988 5167 p.
3011 5098 3166 5164 3-23,
3203 5098 3499 5167 Epistolam
3524 5102 3591 5151 ad
3617 5097 3935 5166 Diognetum

2363 5200 2663 5255 contineat.

2435 5315 2508 5370 Ex
2542 5316 2637 5373 illo
2671 5316 2878 5370 Maroni
2916 5326 3157 5384 tempore
3186 5330 3279 5384 per
3310 5325 3529 5368 centum
3556 5326 3730 5366 annos
3764 5309 3937 5365 Justio

2367 5424 2468 5463 nus
2499 5419 2688 5462 noster
2712 5408 2888 5461 caruit
2916 5422 3055 5461 novo
3084 5406 3313 5461 editore.
3338 5405 3514 5458 Fuere
3548 5414 3781 5469 tantum,
3816 5404 3935 5470 qui,

2364 5508 2422 5553 ut
2447 5509 2573 5553 ante
2609 5500 2741 5553 illud
2774 5510 2989 5568 tempus
3016 5514 3045 5551 a
3083 5498 3359 5552 nonnullis
3388 5496 3589 5550 factum
3623 5506 3741 5562 est,
3772 5494 3851 5548 sic
3884 5505 3940 5548 et

2362 5600 2547 5661 postea
2577 5590 2821 5660 singulos
2847 5592 3074 5645 ederent
3101 5590 3220 5657 ejus
3262 5591 3427 5645 libros
3456 5589 3536 5645 vel
3558 5589 3792 5659 junctim
3821 5587 3871 5656 pl
3885 5601 3942 5637 u-

2436 5744 2514 5814 (1)
2557 5744 2950 5799 lleeensionem’
2992 5745 3250 5799 editionis
3282 5742 3683 5807 Benedictinte.
3711 5754 3833 5812 quae
3880 5738 3936 5795 in

2367 5828 2551 5873 nostra
2578 5816 2874 5883 reviviscit,
2910 5818 3230 5869 omittimus.
3267 5816 3419 5872 Ευιτ.
3451 5814 3623 5870 Pun.
