4140 6410
197 362 309 418 209

954 355 1322 413 EXCERPTA
1357 353 1447 407 EX
1484 346 1948 407 PREFATIONE
1992 344 2312 401 EDITORIS
2351 344 2682 399 IENENSIS.

3333 344 3438 398 210

197 501 292 539 res
317 499 377 536 cx
408 482 660 537 omnibus
688 481 940 535 selectos.
971 483 1117 544 Quos
1149 479 1386 534 editores
1413 493 1553 530 nunc
1581 491 1764 529 reccn-
1798 480 1838 531 Α
1940 468 2138 524 Justini
2197 466 2451 536 operibus
2505 465 2732 519 Oxonite
2783 464 2935 533 prelo
2977 464 3284 518 commissis
3326 465 3438 518 lucc

196 591 293 630 3C3
304 590 439 628 mus.

281 665 342 719 S.
371 666 571 720 Justini
595 665 727 732 phil.
754 675 801 716 et
836 673 991 716 mart.
1018 662 1270 731 Apologia
1298 664 1467 731 prima
1497 679 1591 729 pro
1617 662 1770 716 Chri-

194 760 394 814 stianis
443 760 856 811 adAntoninum
917 754 1106 819 Pium,
1155 771 1274 808 cunt
1305 752 1498 808 Latina
1545 755 1769 808 Joannis

197 849 377 918 Langi
407 851 638 902 versione
662 847 1060 916 quamplurintis
1093 847 1148 898 in
1185 845 1315 898 loris
1346 857 1614 908 correcta;
1647 847 1768 897 sub-

195 941 406 1006 iunctis
450 941 903 995 emendationibns
941 948 992 992 et
1036 940 1168 992 notis
1212 937 1427 992 Roberti
1464 949 1511 991 et
1551 937 1768 990 llenrici

195 1032 614 1102 Stephanoruns,
656 1032 904 1095 l’erionii,
932 1031 1116 1094 Billii,
1157 1030 1456 1100 Sglburgii,
1482 1029 1766 1099 Scaligeri,

202 1127 493 1192 Halloixii,
533 1125 857 1190 Casauboni,
889 1123 1228 1189 Montacutii,
1258 1123 1450 1187 Gratii,
1491 1122 1767 1188 Salmasii,

207 1219 438 1284 Valesii,
465 1219 732 1286 Cotelerii,
767 1220 1103 1289 pluribusque
1130 1223 1271 1274 novis
1299 1221 1523 1283 additis;
1550 1221 1768 1272 annexis

196 1313 416 1381 insuper
444 1314 513 1366 ad
539 1313 730 1366 calcem
753 1313 1178 1366 adnotationibus
1205 1311 1368 1381 Langi
1396 1322 1442 1364 et
1476 1309 1766 1372 Kortholti,

195 1402 477 1467 prmissa
510 1417 631 1455 vero
660 1399 828 1470 Langi
861 1401 1202 1469 pra'fatione,
1239 1419 1341 1470 qua
1377 1417 1637 1454 summam
1667 1401 1767 1452 hu-

191 1491 285 1556 jus
335 1492 595 1561 apologia:
655 1493 960 1556 enarravit;
1011 1493 1152 1546 edita
1207 1507 1238 1543 a
1283 1490 1494 1546 Joanne
1541 1490 1765 1543 Ernestb

195 1580 397 1645 Grabe,
425 1582 668 1648 Omnia,
693 1600 720 1636 e
742 1585 946 1637 theatro
968 1583 1324 1639 Sbeldoniano
1345 1601 1397 1638 a.
1416 1583 1572 1636 Dom.
1605 1580 1763 1645 i700,

193 1672 252 1727 8.
294 1672 546 1726 Prastant
580 1677 784 1727 venales
816 1676 956 1741 apud
983 1672 1152 1728 Henr.
1192 1673 1475 1727 Clements.
1517 1671 1670 1726 Alter
1701 1673 1764 1726 ti-

197 1768 395 1821 tulus:
437 1765 546 1819 ΐοῦ
588 1767 758 1834 ἁγίου
813 1767 1135 1819 Ἰουστίνου
1202 1767 1506 1834 Ἀπολογία
1566 1764 1761 1832 πρώτη

195 1857 349 1924 ὑπὲρ
389 1857 758 1925 Χριστιανῶν
788 1859 936 1925 πρὸς
975 1857 1314 1912 Ἁντωνῖνον
1352 1857 1459 1910 τὸν
1500 1857 1758 1925 Εὐσεϐῆ.

206 1951 307 2003 Ἐκ
335 1950 580 2019 θεάτρου
610 1951 680 2003 ἐν
720 1951 971 2018 Ὀξονίᾳ,
1018 1952 1134 2006 ἔτει
1181 1952 1486 2020 θεογονίας
1525 1950 1655 2020 δαψιῖ
1709 1952 1762 2005 in

194 2041 518 2110 praefatione
549 2043 693 2097 dolet
726 2042 807 2095 vir
840 2041 928 2095 ille
960 2041 1332 2102 clarissimus,
1360 2053 1528 2096 mstos
1568 2051 1765 2110 praesto

196 2146 308 2186 non
353 2132 523 2188 fuisse
564 2133 816 2197 codices,
847 2147 1077 2201 quorum
1109 2133 1440 2201 paucissima
1488 2131 1764 2200 supersint

195 2225 557 2295 exemplaria.
598 2223 942 2294 Quapropter
978 2233 1181 2278 textum
1209 2225 1639 2292 Stephanianum
1672 2238 1764 2276 cu-

198 2316 342 2368 ravit
382 2317 830 2383 exprimendum;
867 2317 980 2383 ipse
1010 2319 1076 2370 ad
1118 2317 1399 2386 scriptoris
1451 2314 1765 2381 intelligen-

199 2407 330 2460 tiam
361 2422 460 2476 pro
488 2408 692 2463 viribus
726 2410 976 2463 contulit.
1007 2438 1077 2450 —
1099 2407 1395 2463 Nonnullae
1424 2408 1766 2462 observatio-

198 2513 296 2550 nes
323 2499 389 2550 ad
423 2498 566 2553 hanc
611 2499 901 2553 editionem
945 2499 1092 2553 dedit
1129 2497 1184 2553 J.
1221 2499 1344 2552 Aib.
1392 2497 1676 2552 Fabricius
1711 2497 1764 2550 in

202 2588 526 2642 Bibliotheca
568 2588 792 2655 Graca,
837 2605 954 2647 cur.
997 2589 1206 2646 llas-les.
1252 2589 1360 2646 vol.
1411 2589 1494 2644 \lll
1543 2586 1761 2658 (Hamb.

200 2681 359 2744 {801,
390 2680 469 2749 4),
496 2696 547 2748 p.
579 2681 649 2736 59
668 2697 756 2750 sq.

272 2773 350 2826 Ad
377 2772 666 2827 editionem
697 2772 1022 2827 Grabianam
1048 2773 1101 2828 in
1135 2773 1390 2828 omnibus
1423 2770 1763 2827 conformata

198 2876 280 2922 est
304 2867 515 2919 hancce:
539 2863 594 2919 S.
623 2862 824 2918 Justini
853 2865 985 2933 phil.
1012 2873 1059 2918 et
1087 2873 1244 2918 mart.
1263 2863 1516 2933 Apologia
1537 2865 1766 2916 secunda

199 2974 292 3022 pro
317 2957 651 3019 Christianis,
670 2956 855 3010 Oratio
869 2957 1244 3022 cohortatoria,
1262 2956 1445 3009 Oratio
1465 2957 1531 3009 ad
1557 2954 1598 3010 C
1608 2971 1766 3009 necas

198 3056 247 3098 et
270 3047 332 3098 de
354 3045 656 3098 monarchia
678 3043 840 3099 liber:
870 3059 983 3097 cum
1023 3043 1216 3098 Latina
1251 3041 1307 3095 Ι.
1339 3042 1504 3110 Langi
1536 3041 1768 3094 versione

1871 574 2084 630 quoque
2127 560 2293 613 editio
2344 560 2644 612 conformis
2689 567 2808 611 est:
2867 556 2928 612 S.
2969 557 3168 612 Justini
3217 557 3345 622 phil.
3389 566 3440 610 et

1872 660 2028 704 mart.
2062 668 2179 705 cum
2209 650 2482 719 Tryphone
2536 652 2726 706 Judwo
2763 650 3034 719 Dialogus,
3092 664 3207 702 cum
3245 646 3438 701 Latina

1868 747 2095 800 Joannis
2136 745 2302 814 Longi
2331 748 2566 800 versione
2599 744 3000 814 quamplurintis
3025 743 3079 796 in
3107 743 3235 798 locis
3265 757 3438 794 corre-

1869 845 1989 898 cta;
2023 835 2308 903 subjunctis
2334 837 2782 890 emendationibus
2823 844 2869 886 et
2910 834 3045 886 notis
3082 831 3292 887 Roberti
3315 832 3436 884 Ste-

1868 928 2047 994 phani,
2101 925 2374 986 Perionii.
2410 926 2712 997 Sylburgii,
2753 926 3048 986 Halloixii,
3098 924 3436 988 Montacutii,

1872 1013 2072 1078 Drusii,
2110 1013 2410 1080 Colomesii,
2454 1018 2622 1081 Cavii,
2651 1017 2816 1081 Bnlli,
2857 1015 3060 1080 Grabii,
3102 1017 3439 1085 pluribusque

1871 1106 2012 1160 novis
2049 1108 2279 1170 additis;
2318 1111 2538 1163 annexis
2579 1113 2792 1176 insuper
2823 1112 2892 1163 ad
2917 1111 3111 1163 calcent
3141 1112 3438 1164 adnotatio-

1871 1198 2018 1252 nibus
2067 1199 2224 1269 Langi
2252 1212 2298 1254 et
2328 1199 2628 1265 Kortholti;
2657 1205 2942 1269 prtemissis
2966 1220 3085 1256 vero
3112 1201 3281 1272 Longi
3300 1220 3440 1272 prm-

1872 1290 2116 1357 futione,
2165 1309 2268 1360 qua
2328 1309 2585 1346 summam
2645 1295 2802 1362 hujus
2856 1293 3064 1363 Dialogi
3123 1296 3387 1348 enarravit
3422 1335 3437 1354 ,

1870 1384 2111 1452 Actisque
2159 1388 2398 1455 martyrii
2451 1386 2509 1439 S.
2543 1387 2746 1440 Justini
2782 1396 2832 1440 et
2870 1389 3152 1440 sociorum.
3201 1385 3362 1439 Edita
3408 1404 3439 1440 a

1868 1476 2111 1530 Samuele
2145 1476 2296 1530 Jebb.
2342 1477 2605 1532 Londini:
2651 1479 2898 1545 impensis
2938 1478 3062 1532 Gul.
3096 1487 3144 1530 et
3183 1477 3312 1529 Joh.
3346 1476 3438 1530 In-

1869 1585 1984 1638 nys,
2019 1568 2422 1633 bibliopolarum
2459 1568 2892 1623 Lontlinensium.
2921 1570 3079 1634 i719,
3117 1571 3168 1624 8.
3209 1569 3304 1622 Vir
3342 1571 3438 1622 do-

1867 1668 1985 1713 ctus
2017 1660 2066 1713 in
2091 1662 2299 1715 edendo
2335 1660 2436 1714 hoc
2468 1660 2690 1729 Dialogo
2712 1661 2898 1716 Grabii
2927 1671 2981 1715 et
3006 1662 3259 1715 llutchini
3295 1664 3433 1714 viam

1869 1752 2146 1822 ingressus
2181 1762 2298 1818 est;
2333 1753 2482 1807 ineo
2516 1763 2719 1807 tantum
2769 1756 2836 1808 ab
2880 1753 2987 1808 illis
3042 1752 3245 1815 diil‘ert,
3290 1753 3438 1822 quod

1866 1845 2219 1912 paucissimas
2251 1854 2404 1898 notas
2426 1859 2627 1913 easque
2663 1844 2776 1897 fere
2809 1860 3023 1913 semper
3052 1861 3116 1898 ex
3145 1844 3438 1914 Sylhurgio

1864 1935 2211 2005 depromptas
2243 1937 2459 2006 adjecit.
2497 1936 2552 1989 lu
2587 1938 2902 2003 prrel'atione
2950 1938 3015 1990 dc
3046 1947 3293 2005 tempore
3327 1954 3438 2006 quo

1866 2030 2110 2100 dialogus
2159 2030 2378 2083 habitus
2413 2031 2508 2092 sit,
2552 2031 2793 2085 breviter
2838 2031 3080 2094 disserit,
3134 2031 3186 2082 in
3231 2030 3435 2084 calcem

1867 2137 1994 2174 vero
2015 2127 2089 2190 (p.
2111 2121 2215 2174 405
2240 2122 2386 2188 sqq.)
2415 2119 2714 2186 fragmenta
2739 2121 3144 2190 deperditorum
3168 2135 3234 2173 ex
3251 2119 3436 2174 Grabii

1867 2212 2143 2283 Spicilegio
2167 2211 2264 2267 SS.
2300 2211 2521 2265 Patrum
2556 2214 2735 2268 surculi
2777 2214 2998 2268 secundi
3038 2213 3236 2282 (Oxon.
3275 2213 3436 2274 i700,

1865 2303 1943 2370 8),
1977 2320 2028 2373 p.
2060 2305 2155 2356 t7!
2189 2319 2310 2370 sqq.
2346 2303 2646 2367 transtulit,
2675 2304 2879 2358 omisso
2912 2314 3091 2357 tamen
3131 2301 3436 2373 fragmento

1866 2398 1928 2449 de
1960 2395 2354 2449 resurrectione.

1938 2485 2086 2539 Novo
2123 2486 2346 2554 posthac
2392 2485 2589 2539 vestitu
2634 2485 2952 2553 prodierunt
2979 2485 3182 2538 Justini
3216 2483 3348 2552 phil.
3388 2493 3437 2535 et

1865 2587 2022 2631 mart.
2063 2577 2329 2645 Apologite
2357 2577 2476 2628 dua:
2505 2586 2552 2630 et
2587 2575 2843 2644 Dialogus
2880 2592 2997 2629 cum
3025 2575 3298 2645 Tryphone
3335 2573 3438 2627 Ju-

1866 2665 2000 2720 dteo.
2047 2666 2178 2719 Cum
2226 2671 2361 2720 notis
2401 2679 2446 2720 et
2471 2669 2916 2721 emendationibus
2960 2666 3148 2737 Styani
3196 2665 3435 2720 Thirloii.

1866 2756 2118 2823 Londini,
2149 2761 2395 2827 impensis
2437 2758 2685 2812 Richardi
2716 2760 2871 2823 Sare,
2894 2761 3055 2826 juxta
3093 2769 3299 2828 portum
3338 2775 3438 2810 au-

1867 2853 2080 2905 stralem
2130 2848 2363 2917 Hospitii
2408 2848 2648 2913 Greiani,
2694 2851 2749 2902 in
2803 2853 2913 2904 uico
2955 2851 3096 2904 dicto
3135 2849 3432 2905 Ilolbourn.

1875 2941 2027 3006 t72‘2,
2071 2942 2162 2997 [οι.
2205 2942 2332 3010 nia].
2372 2941 2438 2997 Ut
2485 2941 2756 3011 ipsissima
2803 2943 2947 2996 illius
2979 2943 3142 2998 verba
3188 2943 3294 2996 huc
3351 2956 3437 2994 re-

1869 3035 2094 3090 ducam:
2151 3052 2170 3085 ι
2215 3034 2441 3090 Codices
2475 3053 2602 3092 mss.
2632 3067 2701 3077 —
2733 3038 2911 3106 inquit
2939 3037 2990 3091 in
3021 3038 3340 3106 praefatione
3368 3064 3438 3076 —-—

199 3135 594 3203 quamplurimis
621 3136 671 3186 in
691 3135 820 3188 locis
843 3133 1420 3201 correcta;subjunctis
1442 3131 1766 3184 emendatio-
1795 3153 1840 3215 ο
1873 3129 2061 3182 horum
2089 3130 2417 3196 scriptorum
2440 3127 2638 3184 lustini
2685 3133 2738 3185 in
2776 3130 2962 3199 Anglia
2996 3129 3126 3184 nulli
3155 3139 3298 3190 sunt,
3339 3146 3436 3185 uc-

201 3226 351 3279 tsibus
376 3236 425 3278 et
448 3229 586 3280 natis
611 3225 820 3279 Roberti
840 3235 887 3278 et
905 3225 1123 3281 Ilenrici
1153 3223 1556 3292 Stephanorum,
1580 3221 1768 3274 Perio-

200 3319 298 3378 nii,
361 3317 529 3381 Billii,
567 3317 874 3387 Sylbnrgii.
915 3319 970 3373 Ι.
1007 3319 1140 3374 Ern.
1178 3318 1387 3380 Grabii,
1424 3316 1483 3370 J.
1529 3314 1766 3377 Potteri,

199 3411 536 3480 pluribusque
557 3412 679 3465 aliis
708 3412 940 3477 additis;
980 3415 1195 3465 annexis
1229 3413 1439 3480 insuper
1477 3410 1543 3462 ad
1574 3411 1767 3462 calcem

198 3505 626 3563 adnotationibus
655 3503 827 3574 Langi
861 3515 909 3558 et
950 3503 1218 3557 Kortholli
1248 3545 1262 3567 ,
1319 3503 1604 3572 prtemissis
1651 3517 1768 3554 vero

203 3597 365 3666 Longi
404 3597 828 3664 pra'fationibus,
880 3598 1065 3666 quibus
1104 3613 1360 3650 summam
1400 3611 1578 3649 eorum
1602 3635 1616 3657 ,
1651 3610 1767 3664 quas:

199 3689 252 3742 in
300 3689 398 3741 hoc
440 3689 703 3748 volumine
742 3688 1111 3749 continentur,
1160 3691 1457 3740 enarravit:
1499 3689 1640 3740 edita
1701 3687 1764 3738 ab

202 3779 274 3834 Η.
302 3779 560 3841 ΗιιεΙιίιι.
583 3781 650 3831 Α.
685 3777 761 3832 Μ.
783 3796 847 3833 η
870 3780 979 3833 α’άθ
1007 3779 1223 3835 Christi.
1251 3779 1493 3842 Oxonire,
1518 3796 1544 3832 e
1568 3779 1764 3830 theatro

202 3871 692 3938 διειιιωιΛἹυὸᾢ.
712 3871 864 3926 Alter
881 3871 1064 3925 titulus
1088 3894 1098 3926 :
1126 3873 1233 3925 Τοῦ
1249 3872 1420 3939 ἁγίου
1452 3872 1765 3925 ιουστίνου

212 3964 532 4033 Ἀπολογία
566 3961 816 4032 δευτέρα
844 3964 992 4032 ὑπὲρ
1024 3962 1410 4032 Χριστιανῶν,
1437 3965 1625 4030 Λόγος
1658 3976 1767 4016 πα-

198 4057 528 4126 made
542 4056 690 4124 πρὸς
715 4058 1040 4123 Ἕλληνας,
1066 4057 1253 4125 Λόγος
1269 4055 1419 4124 πρὸς
1436 4055 1764 4123 Ἕλληνας.

198 4148 338 4216 Περι
364 4149 714 4218 μοναρχίας.
752 4149 844 4201 Ἐκ
866 4148 1113 4215 θεάτρου
1135 4147 1205 4200 ἐν
1232 4147 1486 4214 Ὀξονίςι,
1504 4150 1618 4203 ἔτει
1642 4152 1768 4201 θεο-

199 4244 405 4312 partem
426 4246 598 4311 ρψγ.
619 4241 876 4311 Impensis
899 4241 1030 4296 Th0.
1057 4240 1277 4304 Bennet,
1295 4242 1364 4293 nd
1384 4242 1579 4309 insigne
1604 4238 1765 4294 Luna

203 4336 438 4391 Fateatur
465 4338 522 4390 in
538 4335 842 4392 Caneterio
863 4335 926 4389 D.
950 4333 1134 4398 Pauli,
1155 4334 1402 4389 Londini.
1427 4333 1663 4386 Plurima
1698 4333 1762 4386 ad

201 4432 340 4485 hunc
391 4429 585 4484 librum
629 4429 858 4483 contulit
891 4427 1158 4490 Grabius.
1215 4428 1392 4482 editor
1442 4441 1540 4481 suo
1592 4425 1766 4481 Marte

200 4535 365 4590 pauca
413 4521 580 4576 dedit.
614 4521 694 4575 Ad
727 4520 1064 4584 Paraenesin,
1115 4529 1170 4574 ut
1208 4521 1260 4574 in
1305 4520 1627 4590 praefatione
1675 4535 1762 4575 re-
1795 4507 1840 4564 Ι)

199 4610 324 4676 fert,
349 4611 459 4666 duo
482 4610 824 4667 bibliotheca
848 4611 1030 4682 Regia:
1051 4610 1375 4667 Parisiensis
1395 4611 1612 4666 codices
1638 4610 1762 4665 msti

198 4705 403 4774 (hodie,
430 4711 490 4757 ut
531 4714 783 4761 accurato
825 4705 1151 4774 inquirendo
1189 4705 1440 4773 cognovi,
1475 4719 1628 4757 num.
1657 4703 1756 4758 451

197 4811 250 4853 et
276 4796 380 4851 ιη
402 4795 677 4867 insigniti;
722 4779 870 4850 illum
906 4807 1067 4852 vocat
1095 4812 1197 4852 ms.
1229 4795 1362 4865 Reg.
1395 4795 1444 4861 i,
1491 4796 1636 4850 hunc
1664 4798 1760 4850 de-

198 4893 370 4959 signat
387 4890 568 4943 verbis
592 4903 691 4944 ms.
718 4887 850 4959 Reg.
875 4890 929 4958 2)
953 4891 1210 4944 lectiones
1231 4888 1598 4957 praebuerunt,
1624 4903 1760 4957 quas

201 4986 421 5042 Michael
452 4985 692 5056 Lequien
723 4989 1105 5042 transmiserat
1127 4984 1348 5040 Thema:
1369 4985 1600 5049 Creech,
1645 4985 1759 5039 edi-

201 5079 395 5133 tionem
423 5075 623 5133 Justini
651 5079 905 5148 martyris
928 5077 1173 5147 paranti:
1210 5087 1326 5145 post
1351 5079 1504 5147 cujus
1533 5086 1763 5132 mortem

197 5185 316 5225 cum
343 5170 398 5224 in
426 5185 618 5226 manus
641 5170 859 5227 Roberti
886 5171 1289 5235 Bartbolommi,
1314 5171 1526 5240 collegii
1549 5167 1766 5224 Lincol-

200 5265 400 5320 aiensis
428 5265 586 5330 socii,
617 5265 915 5330 venissent,
942 5267 1158 5321 easdem
1205 5265 1292 5320 ille
1325 5281 1449 5319 cuin
1490 5263 1764 5318 Hutchino

200 5353 633 5409 coinmunicavit.
668 5354 765 5410 Hic
793 5371 919 5410 vero
951 5366 1156 5410 tantum
1189 5358 1399 5420 aberat,
1425 5367 1483 5409 ut
1515 5355 1762 5409 codicum

201 5445 695 5515 antiquissimorum
763 5447 1026 5502 lectiones
1078 5451 1144 5502 ad
1211 5460 1415 5504 textum
1479 5448 1765 5502 adhiberet

200 5537 612 5606 emendandum,
645 5548 706 5593 ut
735 5539 787 5593 in
816 5538 1227 5597 adnotationem
1254 5556 1348 5598 eas
1376 5539 1661 5609 reiegaret.

1868 3236 1973 3289 que
2027 3223 2152 3276 alibi
2203 3224 2440 3291 gentium
2484 3240 2736 3291 usquam,
2781 3224 2924 3292 quod
2973 3223 3192 3293 quidem
3241 3224 3436 3285 sciam,

1869 3324 2228 3383 printerquam
2277 3316 2330 3368 in
2388 3315 2602 3378 Gallia,
2669 3316 2758 3369 ubi
2817 3319 2922 3371 duo
2985 3324 3152 3376 sunt.
3207 3332 3436 3386 quorum

1871 3406 2150 3473 utriusque
2204 3416 2516 3460 accuratam
2556 3407 2896 3462 collationem
2951 3408 3082 3461 mihi
3133 3407 3439 3476 desponde-

1870 3513 2027 3561 ram;
2087 3497 2288 3565 alioqui
2338 3513 2611 3567 nunquam
2662 3512 2792 3553 sane
2849 3499 2976 3553 huic
3017 3500 3169 3568 operi
3217 3513 3437 3552 manum

1867 3591 2250 3646 admovissem.
2282 3592 2479 3646 Verum
2498 3593 2719 3657 accidit,
2746 3593 2973 3646 duorum
3000 3593 3438 3647 doctissimorum

1870 3683 2172 3748 hominum,
2205 3698 2432 3753 quorum
2457 3700 2620 3755 opera
2650 3685 2715 3739 ad
2746 3700 2862 3739 eam
2897 3700 3008 3738 rem
3034 3700 3231 3740 usurus
3263 3700 3437 3749 eram,

1869 3781 2095 3836 alterius
2143 3782 2433 3836 immatura
2460 3791 2655 3843 morte,
2695 3782 2919 3836 alterius
2958 3782 3221 3852 temporis
3268 3796 3442 3848 augu-

1869 3876 2006 3939 stiis,
2035 3884 2092 3927 ut
2129 3875 2262 3929 nihil
2293 3876 2528 3929 obtineri
2559 3885 2743 3944 posset
2764 3875 3024 3942 amplius,
3057 3889 3219 3943 quam
3249 3883 3306 3926 ut
3339 3873 3440 3928 ioci

1868 3969 2087 4039 quidam
2121 3969 2302 4023 selecti
2354 3983 2477 4022 cum
2530 3983 2638 4022 uno
2693 3983 2883 4022 eorum
2929 3967 3327 4021 conferrentur.
3385 3964 3439 4017 In

1867 4076 1976 4130 quo
2014 4063 2130 4130 ipso
2156 4063 2256 4115 hoc
2283 4065 2503 4130 insuper
2533 4062 2766 4115 accessit
2798 4059 3102 4122 infortunii,
3137 4069 3195 4111 ut
3228 4058 3275 4112 is
3305 4072 3443 4110 unus

1869 4159 1999 4222 (quo
2029 4169 2159 4207 casu
2190 4153 2272 4208 vel
2300 4168 2488 4208 errore
2519 4154 2725 4216 nescio,
2758 4152 2863 4206 nisi
2898 4166 3139 4220 agnosco
3169 4149 3440 4206 fortunam

1869 4245 2083 4314 meam)
2135 4245 2225 4299 ille
2280 4257 2460 4312 esset,
2510 4244 2651 4300 unde
2699 4243 2920 4299 Roberti
2969 4242 3232 4311 Stephani
3271 4240 3442 4296 editio

1869 4353 2123 4407 expressa
2152 4349 2259 4402 est,
2291 4347 2348 4392 ut
2374 4339 2598 4393 minime
2634 4339 2832 4393 mirum
2857 4337 2954 4402 sit,
2995 4337 3041 4390 si
3087 4336 3187 4390 ista
3217 4334 3440 4392 collatio

1869 4444 1975 4483 non
2002 4430 2072 4482 ita
2108 4430 2334 4484 multum
2367 4431 2523 4484 nobis
2555 4429 2937 4500 profuit(5-6).
2976 4427 3229 4483 Destituti
3257 4427 3445 4496 itaque

1869 4531 2084 4590 sperato
2113 4524 2358 4576 codicum
2384 4523 2607 4587 auxilio,
2631 4525 2924 4578 editionem
2948 4521 3210 4591 Stephani
3229 4533 3444 4574 summa

1869 4614 1977 4670 ﬁde
1999 4615 2344 4685 etdiligcntia
2372 4617 2734 4670 exhibendam
2755 4615 3027 4669 duximus.
3054 4633 3074 4666 ι
3113 4613 3336 4668 Addidit
3360 4613 3445 4666 vir

1865 4709 2060 4761 doctus
2094 4709 2399 4762 versionem
2443 4705 2638 4762 Joann.
2669 4707 2859 4777 Langi,
2906 4707 3002 4761 sed
3051 4706 3284 4762 multum
3319 4722 3442 4760 mu-

1871 4807 2064 4853 tatam.
2101 4799 2352 4868 Magnum
2388 4815 2551 4868 porro
2583 4799 2823 4854 laborem
2875 4799 3137 4873 impendit
3167 4798 3219 4850 in
3253 4797 3445 4852 conice

1870 4891 2055 4943 rcndis
2095 4889 2226 4943 locis
2266 4889 2566 4958 Scriptura:
2609 4906 2730 4944 cum
2763 4891 3098 4944 editionibus
3141 4886 3442 4943 Bibiiorum

1868 4989 1922 5032 et
1949 4977 2218 5034 Patribus.
2259 4978 2529 5035 Praeterea
2564 4982 2732 5034 textui
2765 4980 3044 5049 subjunxit
3075 4978 3305 5032 aliorum
3336 4992 3437 5031 no-

1872 5081 1970 5136 tas,
2005 5072 2232 5127 aduexis
2256 5075 2477 5142 insuper
2495 5075 2561 5129 ad
2587 5074 2790 5129 calcem
2814 5071 3257 5128 adnotationibus
3274 5070 3443 5125 Pear-

1868 5166 1985 5220 soni
2017 5176 2071 5222 et
2095 5165 2289 5221 Joann.
2319 5168 2556 5234 Davisii;
2585 5167 2690 5222 illa;
2724 5165 3112 5220 Pearsoniana:
3144 5179 3291 5218 nunc
3329 5165 3443 5230 pri-

1871 5272 2016 5311 mum
2061 5273 2129 5313 ex
2179 5262 2505 5316 bibliotheca
2547 5262 2696 5330 regia
2734 5257 3171 5326 Cantabrigiensi
3224 5256 3446 5325 prodie-

1873 5361 2020 5415 runt,
2080 5353 2161 5407 lue
2214 5356 2291 5417 (in
2325 5356 2637 5422 Apologiam
2670 5353 2921 5420 primam)
2950 5369 2979 5404 a
3019 5351 3236 5404 Davisio
3286 5359 3446 5403 erant

1874 5445 2015 5497 ultro
2048 5446 2247 5512 missae,
2286 5447 2442 5500 simul
2479 5457 2535 5498 ut
2569 5447 2881 5499 ederentur.
2921 5442 3200 5497 Thiribius
3231 5451 3447 5508 autem,

1868 5549 2096 5594 caeteros
2125 5539 2366 5595 editores
2407 5538 2606 5593 Justini
2635 5538 2966 5600 Anglicauos
2998 5537 3437 5596 supereminens.

262 5717 408 5789 (5-6)
441 5717 626 5773 Codex
680 5720 768 5775 ille
808 5729 1013 5785 mstus,
1043 5735 1206 5789 quem
1241 5724 1298 5776 V.
1340 5722 1398 5777 υ.
1433 5721 1819 5779 consulendum
1859 5721 2114 5787 curavit,
2168 5721 2268 5777 iuit
2313 5719 2808 5784 Ciaromontanus,
2856 5717 3026 5788 Regio
3074 5734 3103 5772 a
3163 5716 3443 5785 Stephano

207 5789 333 5857 typis
364 5789 644 5856 descripto
675 5791 1108 5847 consimillimus.
