4140 6406
691 358 785 414 ‘2”

1607 357 1664 412 S.
1697 352 2032 412 JUSTINUS
2064 350 2541 409 PHILOSOPHUS
2576 351 2661 407 ET
2699 351 3007 411 MABTYR.

3820 340 3954 398 212

690 475 745 529 in
779 490 875 530 sua
914 475 1150 531 editione
1189 487 1354 530 multa
1387 479 1649 545 praeclara
1677 479 1930 548 praestitit
1974 478 2261 531 doctrinae-
2293 490 2331 540 Α
2367 490 2423 527 se
2471 475 2524 527 in
2567 475 2932 529 exscribendo
2975 472 3247 541 Apologia
3279 470 3339 525 ll
3374 480 3521 526 textu
3553 467 3954 522 Thirlbianaus

688 582 795 635 que
844 567 986 621 baud
1039 568 1276 637 vulgaris
1326 571 1565 637 prodidit
1621 572 1980 634 documenta;
2017 572 2106 638 qui
2159 572 2257 623 etsi

689 659 852 711 nullis
895 660 1194 712 instructus
1234 662 1514 716 codicibus
1550 665 1706 716 mstis
1751 663 1818 716 ad
1865 677 1975 716 rem
2010 665 2257 724 accessit,

690 759 869 801 tamen
918 749 1196 819 ingeniose
1251 753 1521 806 interdum
1574 755 1885 808 emendavit
1933 755 2261 824 sustulitque

690 840 816 890 vitia
842 841 1073 907 exempli
1099 843 1488 911 Stephaniani:
1534 847 1625 900 sed
1659 847 1820 899 nimia
1847 849 2074 900 sanandi
2110 849 2261 915 cupi-

687 930 859 984 ditate
889 931 1174 996 adductus,
1219 951 1598 1004 smpenumero
1636 939 1802 992 etiam
1835 939 1979 994 locos
2021 941 2261 1007 integros

690 1025 939 1084 tentavit,
988 1037 1145 1090 quos,
1198 1035 1522 1095 antcaquam
1566 1044 1727 1083 sanos
1752 1045 1873 1083 esse
1902 1045 1998 1086 eos
2045 1031 2259 1086 intelle-

689 1111 790 1176 xit,
825 1113 983 1165 veluti
1019 1125 1305 1181 corruptos
1343 1132 1510 1173 ausus
1554 1120 1625 1172 sit
1666 1122 1976 1177 emendare.
2027 1123 2254 1177 Contro-

687 1205 898 1257 versias
929 1219 1057 1258 vero
1091 1205 1426 1275 tbeologicas
1452 1210 1655 1276 optimo
1691 1211 1813 1279 jure
1859 1215 2105 1279 nuspiam
2135 1215 2259 1268 aul-

686 1295 780 1363 git.
812 1296 948 1349 Sunt
978 1306 1113 1351 teste
1140 1297 1382 1353 liarlesio
1407 1302 1458 1354 in
1495 1302 1724 1355 Fabricii
1762 1302 2012 1360 Biblioth.
2055 1303 2173 1371 Gn,
2220 1305 2254 1358 Ι.

687 1403 738 1440 c.
763 1427 778 1446 ,
812 1403 865 1456 p.
915 1388 1004 1454 58,
1054 1391 1146 1458 qui
1190 1392 1289 1444 sub
1324 1392 1554 1447 Thirlbii
1596 1396 1814 1448 nomine
1840 1395 2254 1462 illlarklandum,

687 1481 1018 1550 philologum
1049 1483 1483 1548 celeberrimum,
1523 1495 1712 1553 putent
1756 1487 2000 1542 latuisse.
2032 1519 2096 1527 --
2131 1491 2259 1542 Aul-

689 1573 1089 1629 inadversimies
1121 1577 1172 1630 in
1204 1576 1399 1632 Justini
1435 1590 1599 1633 mari.
1627 1584 1932 1651 Apologiam
1967 1583 2015 1647 1,
2053 1594 2105 1637 ct
2134 1583 2258 1635 Dia-

685 1667 864 1731 logum
895 1683 943 1720 c.
972 1665 1170 1736 Tryph.
1200 1687 1264 1722 ex
1297 1672 1536 1725 editione
1576 1674 1891 1727 Thirlbiana
1921 1675 2010 1730 dat
2050 1691 2254 1745 anony~

689 1773 808 1809 tuus
831 1760 1069 1826 scriptor
1089 1761 1138 1812 iu
1163 1760 1492 1816 .lfiscellann.
1521 1766 1902 1820 obserentioun.
1934 1767 1985 1819 iu
2013 1776 2259 1821 auctores

2363 571 2699 631 editionem,
2729 566 3153 634 Stcphanianam
3201 565 3251 617 in
3301 563 3442 617 libro
3490 562 3563 616 De
3618 561 3946 612 monarchia

2361 670 2604 713 secutum
2639 673 2777 713 esse.
2826 659 2979 724 Quod
3029 669 3210 713 autem
3255 662 3320 713 ad
3364 657 3668 723 Apologiam
3708 653 3942 715 attinet,

2363 751 2656 805 nonnullas
2689 750 2895 817 recepit
2923 748 3153 803 Thirlbii
3203 759 3259 804 et
3304 748 3510 801 Iaraui
3561 747 3913 814 conjecturas

2432 841 2490 897 S.
2533 842 2731 895 Justini
2783 851 2942 896 snarl.
3001 851 3049 894 et
3098 841 3228 908 phil.
3285 839 3575 908 Apologite.
3627 837 3806 890 Edidit
3858 840 3932 886 Ι.

2363 934 2490 987 Wil.
2520 933 2634 987 Jos.
2678 933 2946 986 Braunius
2967 974 2984 998 ,
3008 934 3062 985 in
3102 932 3337 986 univers.
3371 927 3667 983 Fridericia
3695 926 3938 980 Wilhel-

2361 1028 2466 1080 miu
2533 1025 2781 1080 Rhenana
2831 1026 3098 1093 professor
3160 1025 3399 1091 publicus
3435 1021 3938 1082 extraordinarius,

2359 1140 2404 1175 s.
2455 1122 2727 1190 theologia:
2767 1130 2815 1174 et
2859 1119 3052 1187 philos.
3099 1117 3162 1171 υ.
3205 1116 3269 1170 In
3311 1133 3465 1169 usum
3503 1114 3933 1183 prtzlectionum.

2362 1218 2559 1271 Bonna
2585 1217 2654 1268 ad
2684 1213 2943 1274 Rhenum.
2975 1214 3222 1281 impensis
3268 1210 3329 1264 T.
3365 1209 3640 1264 Habichti.
3672 1205 3838 1267 18³50.
3866 1205 3938 1260 8.

2362 1309 2595 1362 Ετιιόὶιειε
2619 1307 2778 1375 hujus
2804 1303 3065 1360 editionis
3083 1313 3264 1358 textus
3289 1303 3355 1355 ad
3387 1300 3588 1353 Maroni
3616 1297 3939 1362 exemplum

2361 1412 2648 1466 expressus
2694 1406 2811 1460 est;
2865 1393 3088 1460 adjecta:
3144 1403 3268 1447 sunt
3322 1389 3540 1445 Braunii
3583 1390 3942 1455 aliorumque

2361 1489 2860 1543 animadversiones
2885 1529 2899 1551 ,
2952 1487 3245 1540 lectionum
3273 1486 3511 1538 varietas
3537 1491 3592 1536 et
3632 1481 3793 1536 index
3843 1493 3942 1534 re-

2363 1597 2523 1644 rum,
2567 1581 2844 1649 [immissa
2877 1594 3004 1634 vero
3055 1577 3219 1631 Prud.
3262 1575 3467 1630 Mat-ani
3513 1574 3830 1629 summaria.
3856 1598 3940 1610 —-

2363 1671 2488 1726 Hmc
2536 1671 2872 1739 potissimum
2919 1669 3088 1722 editio
3140 1667 3429 1736 respicitur
3475 1666 3528 1719 in
3566 1664 3939 1717 Animadver-

2363 1765 2604 1818 sionibns
2637 1765 2686 1814 in
2718 1763 2946 1831 primam
2986 1758 3046 1814 S.
3076 1759 3275 1812 Justini
3316 1758 3381 1812 Μ.
3413 1757 3761 1826 Apologiain,
3787 1769 3943 1822 quas

686 1858 898 1901 veteres
945 1860 997 1900 et
1035 1854 1362 1904 recentiores
1399 1854 1506 1908 vol.
1553 1851 1592 1917 Ι,
1643 1865 1774 1908 ιοιη.
1823 1854 1887 1907 lll
1938 1855 2259 1922 (Amstelm-
2293 1861 2331 1913 Β
2361 1855 2405 1910 J.
2452 1855 2566 1924 lgn.
2599 1855 2798 1920 Ritter,
2846 1854 2968 1908 novi
3021 1853 3254 1906 rectoris
3301 1851 3598 1906 solemnem
3629 1849 3938 1915 inaugura-

686 1938 831 1992 daiui
858 1940 1016 2004 1752,
1043 1942 1096 2008 8)
1120 1983 1131 1999 .
1167 1957 1216 2009 p.
1253 1943 1356 1997 363
1393 1961 1511 2012 sqq.
1546 1945 1683 1999 Coll.
1720 1946 1782 1999 Τ.
1813 1945 1975 1998 Rovv:
2018 1947 2256 2014 Critique

687 2048 754 2084 on
783 2031 1039 2101 Thirlby‘s
1061 2033 1248 2087 Justin
1269 2047 1471 2105 martyr
1495 2039 1581 2090 in:
1609 2038 1957 2091 (.‘entleman's
1983 2037 2259 2107 Magasine

685 2122 772 2190 far
801 2125 886 2176 the
916 2142 1040 2193 year
1070 2127 1225 2189 1785,
1260 2145 1329 2181 in.
1366 2140 1498 2196 sepl.
1526 2171 1539 2194 ,
1570 2145 1618 2197 p.
1657 2129 1758 2182 750
1780 2145 1897 2198 sqq.

759 2215 812 2268 In
850 2219 1086 2272 Auder
1107 2220 1373 2274 Gallautlii
1409 2220 1734 2274 Bibliotheca
1771 2236 1997 2276 veterum
2040 2221 2257 2274 Patrum

686 2312 1123 2381 antiquorumque
1159 2315 1474 2377 scriptorum
1512 2316 1986 2368 ecclesiasticarum
2018 2315 2259 2366 continet

687 2413 816 2456 tum.
854 2403 1160 2470 I(Veneliis
1205 2404 1360 2470 1765,
1393 2406 1483 2458 fol.
1517 2408 1675 2476 maj.;
1719 2423 1781 2458 ex
1829 2407 2174 2476 typograpbia
2207 2404 2252 2456 J.

689 2495 842 2564 llapt.
877 2497 1094 2550 Albritii
1145 2496 1367 2551 Hieron.
1404 2498 1564 2567 ῆι),
1620 2514 1671 2564 p.
1715 2497 1810 2550 «111
1867 2514 2013 2564 sqq.,
2060 2495 2256 2549 Justini

687 2591 1001 2657 Apologias,
1048 2589 1327 2657 Dialognm
1359 2600 1403 2642 et
1436 2589 1756 2660 Fragmenta
1787 2591 1967 2643 Cra'ce
1997 2601 2044 2642 et
2080 2589 2258 2642 Latine

687 2694 810 2731 cth
858 2680 1062 2733 Maroni
1121 2681 1603 2744 adnotationibus,
1675 2682 1872 2749 quibus
1927 2683 2115 2733 doctus
2171 2680 2258 2737 ille

685 2772 970 2841 presbyter
1031 2773 1468 2840 congregationis
1523 2773 1761 2826 Oratorii
1822 2788 2020 2840 paucas
2082 2772 2257 2840 alias,

687 2866 986 2931 praesertim
1013 2864 1380 2927 Tbirlbianas,
1411 2867 1661 2933 aspersit.

744 2955 1065 3020 Commoda:
1119 2965 1246 3010 sunt
1301 2966 1357 3010 et
1407 2957 1829 3026 COlanlldlal'llB
1887 2958 2257 3024 Apologiarum

683 3045 952 3100 editiones
996 3047 1202 3100 hzecce:

757 3135 816 3192 S.
848 3136 1049 3190 Justini
1080 3147 1237 3192 mart.
1271 3140 1535 3209 Apologia:
1566 3157 1592 3194 e
1626 3141 1921 3193 recensione
1961 3137 2256 3200 Grabiana,

2364 1950 2562 2003 tionem
2635 1948 2920 2009 indicens,
2968 1944 3309 1998 \v'ratislavia:
3350 1943 3494 2012 typis
3535 1938 3940 1994 Universitatis

2361 2041 2521 2104 1856,
2553 2042 2604 2100 ιι,
2634 2040 2832 2108 publici
2863 2037 3004 2106 juris
3035 2028 3182 2090 fecit.

2435 2134 2558 2187 llaec
2587 2135 2652 2186 de
2685 2133 3014 2186 editionibus
3043 2132 3183 2184 dicta
3229 2137 3409 2183 sunto.
3435 2125 3621 2182 Liceat
3645 2123 3757 2191 jam
3791 2136 3938 2175 non-

2364 2226 2504 2277 nulla
2537 2225 2733 2277 addere
2764 2226 2830 2277 de
2859 2222 3102 2291 Epistola
3130 2221 3202 2274 ad
3232 2220 3537 2289 Diognetum
3558 2256 3572 2278 ,
3610 2216 3675 2268 de
3709 2213 3936 2289 prolixo

2363 2318 2495 2383 Περὶ
2545 2315 2933 2380 ἀναστάσεως
2977 2314 3282 2382 fragmento
3329 2322 3386 2366 et
3427 2310 3492 2363 de
3543 2305 3939 2378 Hartgrologio

2367 2413 2428 2477 (i.
2461 2424 2510 2462 c.
2540 2410 2604 2462 de
2631 2409 2782 2462 Acus
2806 2406 3075 2477 martyrii)
3101 2403 3327 2459 Justini.

2437 2499 2671 2565 Epistola
2715 2501 2783 2552 ad
2837 2500 3154 2565 Diognetum
3200 2512 3267 2551 ex
3329 2495 3534 2551 Maroni
3582 2493 3822 2548 editione
3870 2491 3937 2545 in

2365 2594 2741 2646 Bibliothecam
2787 2589 3200 2644 Gallandianam
3259 2599 3390 2643 tom.
3442 2589 3498 2651 I,
3554 2603 3606 2656 p.
3655 2585 3760 2640 ΜΟ
3799 2598 3934 2653 sqq.

2364 2687 2599 2746 transiit,
2629 2700 2727 2738 nec
2761 2699 2864 2736 non
2896 2692 3071 2736 exstat
3101 2683 3248 2734 brevi
3282 2679 3632 2734 adnotatione
3662 2678 3937 2731 instructa

2362 2783 2412 2832 in
2467 2778 2688 2845 Opuscc.
2743 2774 2959 2829 Patrum
3008 2775 3204 2828 selectt.
3253 2771 3444 2844 [edid.
3491 2770 3691 2838 Georg.
3747 2767 3932 2838 Bohl]

2361 2889 2410 2939 p.
2445 2888 2458 2924 I
2489 2870 2762 2940 (Berolini
2810 2868 2977 2930 1826,
3012 2868 3076 2930 8,
3105 2867 3356 2919 venditur
3383 2864 3452 2918 ab
3483 2863 3540 2916 Ε.
3576 2861 3930 2928 Franclino),

2362 2963 2543 3034 p.124
2571 2979 2691 3031 sqq.
2725 2970 2886 3030 atque
2933 2960 2985 3012 in
3031 2957 3249 3010 Patrum
3307 2955 3721 3023 apostolicoruus
3759 2951 3929 3020 Opp..

2360 3055 2532 3110 edidit
2571 3054 2801 3108 Carolus
2852 3051 3121 3119 losephus
3161 3048 3382 3110 Ilefele,
3432 3047 3714 3115 theologia!
3740 3045 3938 3098 doctor

2361 3148 2712 3214 ejusdemque
2772 3146 2825 3198 in
2883 3142 3040 3196 acad.
3087 3141 3317 3210 'l‘ubing.
3366 3139 3427 3194 P.
3477 3138 3537 3195 P.
3594 3145 3734 3191 extr.
3799 3136 3940 3203 (Tu-

686 3242 796 3281 car.
856 3230 975 3283 lect.
1011 3238 1062 3282 et
1107 3232 1434 3291 coniecturas
1486 3231 1602 3285 νγ.
1633 3233 1749 3285 DD.
1791 3244 1837 3285 et
1880 3249 2006 3285 suas
2054 3234 2256 3283 addidit

2365 3211 2538 3305 bingre
2608 3211 2662 3289 in
2713 3235 3030 3304 bibliopolio
3099 3231 3270 3287 Henr.
3343 3232 3526 3301 Laupp
3582 3230 3759 3296 1359,
3819 3227 3936 3297 8),

683 3318 1016 3373 Christianus
1033 3320 1176 3375 Guil.
1201 3320 1607 3382 Thalcmannus.
1632 3323 1696 3375 Α.
1719 3323 1794 3374 Μ.
1819 3333 1927 3378 ets.
1947 3324 2103 3376 theol.
2129 3323 2259 3375 Bac-

645 3453 648 3455 .
687 3411 1007 3482 cal.Lipsite
1037 3417 1177 3481 apud
1211 3415 1267 3469 J.
1306 3415 1433 3469 Chr.
1466 3414 2077 3484 Langenltemiuntl755,
2111 3417 2163 3470 8.
2204 3415 2258 3466 In

683 3509 980 3563 leotionum
1003 3523 1157 3562 usum
1181 3510 1320 3562 hanc
1350 3508 1642 3564 editionem
1677 3509 1930 3571 curavit;
1958 3523 2130 3576 quare
2164 3523 2262 3561 no-

688 3615 773 3655 tas
808 3602 1041 3671 praebuit
1084 3603 1463 3671 paucissimas.
1524 3623 1542 3654 ι
1592 3603 1928 3658 Grabianum
1980 3602 2260 3670 exemplar

684 3703 969 3762 prepterea
1002 3692 1387 3762 praiplacebal,
1439 3695 1582 3762 quod
1628 3696 1680 3748 in
1717 3696 1956 3749 minores
1988 3696 2259 3750 sectiones

684 3795 803 3839 erat
827 3786 1061 3840 divisum
1095 3794 1260 3857 atque
1289 3788 1427 3841 adeo
1467 3788 1794 3841 lectionibus
1843 3787 2021 3858 magis
2048 3801 2260 3840 accom-

685 3877 981 3931 modatum.
1018 3878 1201 3931 Visum
1233 3889 1412 3934 autem
1439 3888 1521 3933 est
1544 3880 1744 3933 nudum
1772 3888 1980 3934 textum
2010 3880 2258 3935 Graecum

685 3969 805 4024 sine
823 3971 1073 4024 versione
1090 3972 1376 4035 exhibere,
1406 3980 1518 4024 tum
1544 3983 1604 4042 u_t
1624 3972 1920 4042 parabilius
1937 3972 2258 4040 opusculum

682 4070 850 4127 esset,
881 4071 992 4114 tum
1026 4072 1084 4114 ut
1109 4062 1389 4130 diligentia
1419 4076 1710 4117 acueretur
1733 4073 1898 4133 atque
1929 4067 2263 4118 excitaretur

702 4151 792 4217 iis,
842 4152 937 4220 qui
982 4151 1200 4206 lectioni
1230 4165 1285 4207 et
1323 4155 1676 4223 explicationi
1716 4155 1833 4222 ejus
1863 4155 2064 4210 vellent
2088 4158 2261 4209 inter-

680 4257 824 4297 esse.
859 4262 878 4295 ι
909 4243 1148 4299 Proeti-xit
1191 4257 1508 4315 argumenta
1557 4250 1837 4316 utriusque
1870 4250 2160 4317 Apologiw,
2192 4263 2260 4302 ex

683 4333 926 4389 editione
960 4332 1210 4389 monachi
1254 4338 1588 4391 Benedictini
1629 4338 1970 4407 deprompta,
2006 4339 2259 4393 brevem-

681 4441 787 4494 que
836 4441 1027 4479 vocum
1057 4436 1112 4480 et
1150 4428 1429 4496 plurasiuni
1467 4429 1704 4484 indicem
1747 4432 1974 4485 addidit.
2026 4431 2259 4486 Perraro

683 4516 749 4572 ν.
787 4517 848 4571 D.
881 4519 1128 4592 discessit
1154 4534 1184 4570 τι
1216 4519 1449 4574 lectione
1482 4522 1719 4592 vulgata.

752 4607 811 4662 S.
840 4589 1038 4663 luitini
1075 4610 1206 4677 phil.
1254 4619 1303 4663 et
1339 4621 1498 4664 mort.
1530 4589 1801 4682 Apologia:
1824 4613 1944 4665 dua:
1969 4629 2064 4679 pro
2093 4614 2254 4668 Chri—

681 4702 888 4754 stianis.
933 4701 1116 4755 erce
1139 4712 1187 4753 ct
1239 4703 1463 4768 Latine,
1506 4706 1988 4772 interpretationem
2032 4709 2156 4764 Lat.
2187 4711 2257 4759 ad

683 4792 870 4844 Graeca
919 4795 1099 4865 aptius.
1133 4797 1550 4849 accommodavit
1587 4808 1633 4848 et
1666 4799 2033 4851 adnotationes
2064 4800 2256 4867 adjecit

681 4885 905 4938 Carolus
931 4886 1152 4941 Ashton.
1179 4886 1488 4956 Cantabrig.
1531 4887 1689 4954 1768,
1714 4890 1764 4941 8.
1802 4888 1950 4944 Hauc
1979 4906 2107 4946 vero
2143 4892 2257 4944 edi-

682 4977 880 5031 tionem
913 4993 1138 5047 prorsus
1164 4995 1268 5033 non
1307 4981 1460 5034 licuit
1509 4982 1818 5047 asciscere;
1867 4985 2121 5052 quocirca
2151 5000 2255 5038 non

680 5072 876 5138 habeo,
910 5087 1032 5140 quae
1057 5073 1122 5127 de
1151 5089 1212 5129 ea
1249 5073 1501 5129 referam.

748 5163 997 5219 lustinus
1044 5167 1136 5220 des
1172 5165 1472 5238 Martyrers
1515 5171 1690 5224 sweite
1731 5169 1986 5239 Apologia
2013 5171 2122 5224 und
2155 5169 2256 5222 Be-

677 5255 799 5309 weis
829 5255 924 5309 der
953 5255 1425 5330 Alleinherrschaft
1481 5259 1680 5316 Gottes.
1723 5261 1936 5315 Griech.
1968 5279 2023 5316 u.
2056 5264 2255 5316 leutsch

676 5348 772 5400 init
791 5349 1161 5403 erldizternden
1184 5351 1607 5422 Anmerkungen.
1633 5353 1797 5407 Nebst
1822 5356 1988 5407 einem
2005 5355 2259 5422 Anhange

676 5435 802 5491 iiber
838 5439 936 5492 das
963 5437 1135 5494 Lebon
1165 5481 1180 5505 ,
1230 5443 1317 5496 die
1363 5442 1634 5511 Schriften
1683 5445 1790 5497 und
1841 5445 2042 5499 Lehren
2087 5445 2257 5500 dieses

682 5527 1088 5587 Kirchenvaters
1119 5535 1204 5600 {ur
1235 5537 1403 5602 junge
1452 5533 1700 5590 Freunde
1723 5536 1818 5589 der
1844 5536 2122 5604 Theologie
2164 5553 2258 5590 von

844 5622 1014 5714 Adam
1047 5623 1180 5689 65:,
1225 5625 1514 5679 Conrchtor
1547 5629 1642 5714 de!
1671 5627 1924 5681 Sebaldet'
1953 5628 2146 5682 Schule
2193 5646 2257 5682 zu

681 5710 979 5783 Nuruberg.
1018 5715 1225 5768 Nurnb.
1277 5734 1329 5768 τι.
1379 5710 1708 5787 ΑΙιΑογΓὺεὲ
1743 5721 1796 5776 J.
1842 5720 1900 5773 C.
1946 5719 2166 5773 Manath
2203 5739 2252 5773 u.

677 5802 731 5858 J.
767 5801 836 5871 ιε.
873 5805 1096 5863 KuSsler
1129 5809 1285 5878 1796,
1340 5811 1392 5866 8.
1429 5811 1616 5870 liclcrt
1664 5814 1923 5885 (Praefat.
1960 5830 2013 5888 p.
2047 5830 2091 5870 ti
2125 5815 2252 5886 sq).

2364 3348 2413 3400 p.
2448 3330 2550 3383 125
2584 3345 2705 3398 sqq.

2437 3423 2509 3475 De
2541 3423 2919 3476 resurrectione
2945 3421 3119 3472 carnis
3152 3418 3538 3487 fragmentum,
3569 3429 3598 3467 a
3624 3412 3682 3466 S.
3722 3410 3940 3465 Joanne

2366 3515 2700 3567 Damasceno
2732 3513 2784 3566 in
2819 3509 3105 3564 Paratlelis
3135 3509 3299 3561 sacris
3335 3514 3608 3561 servatum
3633 3543 3649 3566 ,
3696 3504 3938 3572 primum

2362 3607 2552 3661 Latine
2578 3606 2752 3659 lucem
2791 3603 2926 3656 vidit
2954 3603 3004 3654 in
3052 3599 3371 3654 Damasceni
3403 3597 3668 3667 Operibus
3697 3610 3762 3649 ex
3808 3593 3937 3647 edi-

2365 3699 2510 3750 tione
2557 3693 2743 3749 Jacobi
2788 3693 2928 3747 Billii
2965 3692 3190 3746 Parisiis
3220 3706 3273 3744 a.
3302 3689 3474 3754 1619,
3527 3688 3623 3742 fol.
3659 3687 3811 3741 Haud
3854 3687 3932 3740 ita

2365 3790 2532 3844 multo
2564 3795 2688 3856 post
2716 3785 2911 3840 Petrus
2937 3784 3238 3839 Halloixius
3268 3784 3320 3836 in
3366 3780 3424 3836 S.
3471 3780 3673 3834 Justini
3712 3777 3843 3846 phil.
3880 3788 3935 3831 et

2363 3891 2519 3933 mart.
2558 3879 2678 3933 Vita
2701 3890 2748 3933 et
2781 3877 3108 3932 documentis
3139 3876 3330 3944 (Duaci
3361 3873 3519 3937 i622,
3548 3871 3689 3940 tol.),
3733 3885 3846 3924 rec.
3875 3871 3936 3924 in

2365 3972 2657 4025 lllnstrium
2693 3969 2944 4022 Ecclesia:
2977 3967 3263 4022 Orientalis
3297 3967 3647 4033 scriptorum,
3691 3961 3780 4032 qui
3812 3977 3939 4013 san-

2363 4068 2541 4119 ctitate
2576 4063 2735 4131 juxta
2777 4072 2824 4113 et
2869 4059 3166 4112 eruditione
3214 4047 3457 4110 secundo.
3491 4052 3692 4106 Christi
3737 4051 3936 4104 sarculo

2362 4161 2686 4228 ﬂoruerunt,
2735 4153 2852 4207 vitis
2906 4161 2949 4205 et
3001 4148 3329 4202 documentis
3375 4145 3542 4215 (ibid.
3598 4159 3664 4197 ex
3716 4139 3932 4196 olﬁcina

2364 4247 2748 4320 typographica
2779 4244 2924 4298 Petri
2953 4241 3186 4311 Bogardi
3211 4237 3371 4302 1656,
3405 4237 3544 4300 101.ὶ,
3573 4236 3753 4302 p.299
3779 4250 3931 4302 sqq.,

2362 4357 2428 4394 ex
2488 4337 2878 4390 Parallelorum
2939 4332 3129 4386 codice
3187 4338 3365 4392 msto,
3415 4341 3578 4393 quem
3633 4323 3936 4378 cardinalis

2365 4434 2687 4487 Franciscus
2721 4426 3124 4496 Rnpel’ucaldus
3153 4423 3498 4477 bibliotheca
3530 4419 3744 4489 collegii
3775 4417 3934 4471 Pari-

2289 4548 2332 4601 ι)
2366 4526 2561 4578 siensis
2591 4521 2879 4577 Societatis
2925 4518 3050 4572 Jesn
3084 4519 3227 4570 dono
3270 4516 3526 4579 dederat,
3562 4512 3939 4581 fragmentum

2363 4616 2488 4670 illud
2531 4616 2716 4667 Grince
2745 4627 2866 4666 cuni
2918 4610 3104 4663 Latina
3149 4607 3399 4660 versione
3441 4605 3582 4676 typis
3617 4603 3938 4657 describen-

2361 4710 2483 4761 dum
2529 4706 2759 4759 curavit.
2788 4733 2854 4740 ——
2892 4699 3145 4755 Proxime
3189 4698 3260 4750 ab
3301 4697 3404 4750 hoc
3457 4693 3674 4763 repetiit
3700 4691 3750 4746 J.
3802 4690 3934 4746 Ern.

2360 4801 2593 4856 Graliius
2617 4801 2668 4851 iu
2714 4798 2991 4865 Spieilegio
3020 4792 3119 4848 SS.
3151 4791 3370 4845 Patrum
3401 4787 3580 4845 saaculi
3625 4803 3660 4840 ll
3709 4785 3932 4852 (Oxon.

2364 4887 2530 4948 1700,
2561 4887 2594 4941 8
2621 4887 2666 4952 ),
2701 4902 2750 4954 p.
2779 4886 2876 4938 1ἷ7
2907 4899 3027 4952 sqq.
3080 4881 3205 4936 Inde
3240 4897 3307 4934 ex
3341 4881 3433 4933 illo
3457 4876 3648 4932 codice
3688 4875 3934 4943 Bupalo-

2362 4980 2574 5034 caldino
2597 4979 2787 5032 ϐτωρθ
2817 4992 2878 5030 ac
2908 4976 3100 5028 Latine
3139 4974 3310 5027 edidit
3338 4972 3478 5025 inter
3511 4978 3703 5024 cmtera
3731 4964 3931 5020 Paral-

2361 5073 2460 5126 tola
2517 5070 2797 5125 Michaelis
2847 5067 3084 5137 Loquien
3127 5082 3140 5117 :
3187 5064 3412 5121 Joannis
3465 5061 3720 5114 Dauiasc.
3767 5057 3932 5126 0pp.,

2361 5176 2495 5218 tom.
2530 5162 2574 5217 ll
2617 5162 2829 5232 (Paris.
2865 5160 3022 5225 1713,
3069 5158 3163 5214 fol.
3190 5158 3245 5227 ),
3279 5172 3331 5225 p.
3361 5154 3468 5208 756
3494 5168 3614 5221 sqq.
3648 5151 3839 5206 Graece
3877 5158 3937 5204 et

2361 5255 2586 5322 Anglice
2625 5255 2878 5322 notisque
2917 5250 3193 5320 evolgavit
3248 5249 3377 5303 Dav.
3445 5245 3789 5313 Humphreys
3841 5241 3934 5309 (Α

2361 5348 2573 5402 carious
2617 5345 2905 5415 Fragment
2936 5345 2998 5413 of
3031 5342 3217 5396 Justin
3247 5341 3456 5407 Hartyr
3496 5353 3565 5390 on
3606 5337 3691 5388 the
3736 5333 3936 5386 Resur-

2364 5440 2582 5502 rection,
2608 5448 2694 5490 not
2729 5437 3002 5505 published
3032 5435 3201 5488 in'his
3230 5433 3444 5496 Works,
3478 5431 3600 5484 with
3642 5430 3727 5482 the
3771 5429 3935 5496 origi-

2359 5533 2448 5584 nal
2486 5532 2669 5594 Creek,
2697 5531 2831 5583 done
2869 5531 2976 5584 into
3017 5527 3258 5597 English,
3287 5529 3406 5579 with
3437 5524 3624 5592 Notes)
3663 5537 3771 5575 una
3808 5537 3938 5574 cum

2363 5625 2611 5677 versione
2645 5638 2741 5676 sua
2770 5624 3145 5690 Athenagora.
3201 5620 3429 5673 Loudini
3465 5617 3618 5682 1711,
3650 5617 3700 5669 8.
3735 5616 3788 5668 In
3820 5615 3936 5666 edi-

2365 5717 2512 5768 tione
2546 5712 2897 5767 Bcuedictina
2931 5713 3126 5781 legitur
3157 5711 3209 5762 in
3236 5709 3508 5777 Append.,
3549 5723 3598 5774 p.
3634 5721 3699 5764 ιι,
3749 5720 3801 5771 p.
3833 5702 3937 5756 588

2364 5826 2480 5880 sqq.
2533 5807 2660 5865 Usui
2699 5811 2797 5863 fuit
2842 5805 3084 5873 Murano,
3121 5814 3177 5856 ut
3213 5804 3325 5878 ipse
3361 5816 3416 5876 p.
3466 5800 3589 5866 588,
3621 5805 3732 5853 not.
3768 5799 3822 5862 ι),
3859 5794 3938 5855 div-
