4140 6410
161 347 270 404 115

908 346 1280 404 EXCERPTA
1318 345 1410 401 EX
1449 343 1916 400 PREFATIONE
1955 340 2276 397 EDITORIS
2322 340 2654 397 IENENSIS.

3325 345 3420 397 2H

162 466 238 516 cit
265 505 280 527 ,
337 481 355 513 ι
396 465 809 535 antiquissimus
873 465 1041 518 codex
1093 462 1462 518 Coislinianus
1488 503 1504 527 ,
1538 483 1556 516 ι
1627 464 1731 516 nisi
1765 468 1808 524 Α
1840 461 1989 524 fecti,
2018 461 2151 513 Acta
2181 459 2449 527 passionis
2478 457 2673 511 Justiui
2705 457 2768 509 ad
2798 457 3026 512 Kalend.
3053 457 3176 513 Jun.
3203 462 3413 524 Graece,

161 555 386 624 egregie
411 556 590 622 fallor,
629 573 854 612 numero
877 556 982 610 276
1013 557 1301 625 insignitus
1332 572 1344 607 :
1383 556 1535 608 isest
1567 570 1736 607 mem-

161 645 474 700 branaceus
498 691 510 711 ,
557 648 757 702 decimi
795 647 974 702 saeculi
1017 647 1262 709 circiter,
1293 644 1550 699 foliorum
1590 644 1732 708 278;

161 736 270 789 fuit
314 736 504 794 Laurte
552 739 606 792 S.
653 739 935 793 Athanasii
966 740 1017 792 in
1051 746 1235 792 monte
1275 738 1452 802 Atho,
1497 737 1550 788 in
1589 744 1736 791 cate-

158 829 456 884 chumenis
483 830 554 883 ibi
586 833 853 898 repositus
880 846 974 900 per
997 831 1363 898 Sophronium
1385 832 1733 892 monachum,

161 931 221 971 ut
264 921 473 974 dicitur
518 921 611 976 fol.
657 923 756 976 271
797 936 976 976 verso.
1007 921 1089 975 Cf.
1126 921 1435 974 Bernartius
1466 920 1533 973 de
1562 918 1736 973 Mont-

161 1011 365 1066 faucon
396 1030 408 1066 :
440 1012 761 1066 Bibliotheca
804 1011 1164 1077 Coisliniana,
1209 1015 1333 1065 olim
1376 1012 1698 1075 Segueriana
1718 1053 1731 1076 ,

163 1107 274 1156 sive
306 1121 434 1158 mss.
453 1107 684 1158 omnium
712 1105 1040 1165 Cra’coruut,
1069 1121 1186 1176 qua:
1209 1109 1264 1157 in
1287 1121 1345 1157 ea
1380 1104 1734 1165 continentur,

163 1208 425 1249 accurata
484 1199 805 1261 descriptio.
857 1206 962 1250 etc.
1013 1195 1275 1265 (Parisiis
1341 1194 1513 1257 1715,
1573 1193 1730 1260 101.),

164 1305 219 1356 p.
256 1289 364 1342 389
393 1304 477 1358 sq.
513 1288 816 1357 Separatim
851 1303 970 1342 eum
999 1290 1247 1343 versione
1271 1289 1459 1341 Latina
1494 1287 1732 1354 prodiit:

161 1377 373 1431 Justini
449 1379 613 1432 Mart.
685 1379 989 1446 ἀπόδειξις
1061 1380 1461 1434 resurrectionis
1535 1379 1731 1431 carnis.

172 1466 552 1536 Fragmentum
602 1470 656 1521 in
720 1471 1046 1522 solemnitate
1093 1469 1332 1536 paschali
1388 1483 1440 1521 a.
1484 1469 1544 1522 C.
1604 1466 1737 1520 1766

168 1563 376 1614 editum
432 1576 552 1616 cum
620 1563 1092 1617 οὺεωνίιιίοιιίιιιςο
1146 1563 1644 1617 historico-criticis
1708 1582 1736 1617 a

165 1651 316 1706 Guil.
338 1654 544 1708 Abrah.
574 1641 780 1708 'l‘cller.’
803 1655 1118 1709 Hclmstadii
1143 1662 1193 1707 in
1230 1655 1550 1724 typograph.
1580 1656 1734 1709 acad.

169 1745 280 1798 vid.
347 1744 691 1808 Schnorriae;
752 1747 892 1815 apud
950 1745 1000 1801 J.
1078 1746 1141 1800 Ι).
1212 1745 1277 1801 G.
1353 1745 1732 1800 Schnorrium.

1838 567 1961 604 cum
2008 551 2452 604 adnotationibus
2505 549 2711 616 primus
2742 549 2913 601 edidit
2957 548 3094 603 Dan.
3141 549 3415 619 Papehro-

1837 643 1991 696 (hius
2044 644 2096 694 in
2156 641 2300 694 Actis
2347 651 2652 693 sanctorum
2700 639 2889 703 Junii,
2939 639 3135 694 illustr.
3187 655 3215 692 a
3267 642 3405 696 God.

1838 734 2216 796 Henschenio,
2275 733 2412 785 Dan.
2448 731 2843 798 Papebrocliio,
2894 731 3091 785 Franc.
3129 731 3327 786 Bzertio
3367 744 3420 785 et

1837 827 1998 882 Cour.
2025 825 2314 892 Janningo,
2350 833 2482 877 tom.
2516 823 2537 875 1
2569 824 2870 893 (Antwerp.
2909 822 3065 887 1695,
3095 821 3236 890 fol.),
3266 839 3318 890 p.
3350 823 3420 876 ‘20

1837 937 1944 989 sq.,
1986 921 2087 974 ista
2139 917 2496 971 translatione
2571 915 2864 968 Sirletiana
2901 931 2930 967 e
2961 916 3180 984 regione
3221 916 3415 982 posita.

1837 1013 2030 1078 Quam,
2069 1011 2119 1064 in
2152 1009 2338 1078 paucis
2363 1008 2663 1068 diversam,
2695 1007 2860 1059 etiam
2884 1006 3261 1059 Theodericus
3285 1004 3419 1056 lini-

1837 1112 2024 1156 nartus
2060 1101 2110 1154 in
2140 1115 2235 1155 sua
2283 1100 2414 1151 Acta
2455 1097 2753 1164 primorum
2794 1108 3089 1166 martyrum
3134 1098 3336 1149 sincera
3375 1107 3420 1148 et

1836 1195 2025 1248 selecta
2075 1191 2408 1262 (Amstelted.
2441 1190 2600 1249 1715.
2638 1187 2782 1255 fol.),
2843 1202 2896 1255 p.
2938 1188 3006 1243 58
3055 1204 3174 1256 sqq.
3215 1189 3420 1241 intulit.

1838 1287 1912 1339 Ex
1959 1285 2176 1336 Baronii
2224 1281 2518 1333 Annalibus
2565 1279 2871 1347 desumpsit
2925 1295 2987 1332 ac
3039 1279 3263 1347 Dialogo
3305 1295 3424 1330 cum

1839 1379 2150 1448 Tryphone,
2201 1375 2433 1429 Londini
2485 1390 2539 1428 a.
2589 1374 2728 1429 1719
2771 1375 2920 1428 edito
2968 1375 3234 1441 prtemisit
3275 1374 3422 1427 Sam.

1837 1469 1992 1527 Jebb.
2026 1470 2080 1522 lu
2113 1469 2354 1522 editione
2389 1465 2745 1521 Benedictina
2781 1472 3001 1518 exstant
3047 1465 3100 1517 in
3151 1464 3420 1532 Append.,

1837 1580 1890 1632 p.
1934 1579 2005 1625 ιι,
2056 1577 2106 1630 p.
2168 1562 2270 1616 585
2315 1573 2436 1628 sqq.
2468 1578 2486 1610 ι
2523 1558 2646 1612 11ωο
2705 1558 2843 1610 Acta
2889 1558 3057 1609 —ait
3114 1555 3369 1608 Maranus
3402 1597 3415 1616 ,

1841 1672 1890 1724 p.
1925 1655 2116 1710 581-
2153 1669 2257 1705 non
2293 1666 2435 1705 nunc
2466 1652 2706 1718 primum
2749 1647 2938 1702 Grmce
2977 1649 3280 1715 prodeunt,
3325 1648 3423 1698 sed

1841 1758 2019 1800 tamen
2052 1753 2308 1800 accurate
2338 1744 2537 1798 eruditi
2567 1742 2770 1796 sodalis
2804 1757 2967 1794 manu
2992 1780 3006 1802 ,
3041 1740 3241 1793 domini
3276 1739 3425 1792 Petri

167 1829 404 1884 Textum
470 1831 846 1888 Martinianum
899 1836 1078 1899 dedit,
1135 1835 1466 1891 Grabianum
1531 1836 1582 1889 in
1643 1837 1738 1890 tri-
1769 1840 1810 1893 Β
1843 1840 2071 1902 Maloét,
2113 1835 2556 1906 congregationis
2621 1844 2828 1888 nostrae
2879 1839 2930 1886 in
2977 1833 3128 1888 curia
3181 1832 3426 1887 Romana

167 1923 269 1974 bus
324 1930 418 1974 aut
461 1931 695 1990 quatuor
749 1932 953 1976 tantum
1010 1924 1244 1978 retinens
1296 1924 1447 1978 locis.
1499 1924 1739 1993 Denique

166 2015 435 2066 duntaxat
474 2013 664 2068 Graece
717 2015 989 2068 invenitur
1061 2015 1190 2069 illud
1240 2014 1600 2085 fragmentum
1643 2017 1739 2069 in:

165 2105 594 2160 Chrestomathia
626 2110 900 2172 patristica
948 2107 1018 2158 ad
1063 2123 1187 2160 usus
1233 2123 1412 2161 eorum
1442 2108 1533 2176 qui
1575 2108 1741 2162 histn-

168 2203 304 2250 riam
359 2199 659 2268 dogmatum
705 2198 1126 2252 Christianorum
1199 2201 1498 2254 accuratitts
1544 2201 1743 2254 discere

171 2294 397 2357 cupiunt
434 2292 697 2345 adornata
732 2309 764 2344 a
796 2291 848 2344 Ι.
884 2289 1083 2348 Christ.
1115 2289 1261 2344 Guil.
1288 2291 1535 2361 Augusti.
1564 2291 1684 2346 Vol.
1725 2291 1742 2343 1

169 2384 368 2452 (Lips.
429 2384 568 2454 apud
644 2383 685 2438 l.
751 2375 996 2453 Tltedph.
1082 2383 1306 2453 Dykium
1397 2384 1566 2451 1812,
1625 2385 1738 2454 8),

169 2493 223 2546 p.
266 2475 302 2531 3
338 2491 460 2545 sqq.

241 2571 375 2622 A—cta
411 2570 650 2638 martyrii
690 2565 888 2621 Justini
921 2577 974 2622 et
1000 2569 1276 2623 sociorum
1308 2585 1372 2624 ex
1403 2569 1593 2622 Latina
1619 2583 1742 2622 car-

172 2661 377 2714 dinalis
406 2660 681 2713 Guiliehni
733 2661 912 2713 Sit-leti
957 2659 1401 2728 interpretatione
1434 2675 1639 2728 prunus
1678 2661 1744 2711 ad

171 2753 314 2807 diem
353 2753 420 2806 l2
451 2753 595 2807 Junii
626 2753 899 2819 evolgavit
933 2753 1115 2822 Aloys.
1149 2752 1478 2821 Lipomanus
1512 2752 1562 2804 in
1614 2749 1742 2802 Vitt.

173 2843 382 2896 Sauctt.
429 2841 688 2903 Patrum,
727 2853 854 2895 tom.
895 2841 1012 2907 Vll,
1058 2857 1108 2908 p.
1143 2858 1177 2894 ιι
1230 2841 1424 2910 (Rom.
1468 2839 1624 2903 1558,
1657 2840 1742 2906 4),

172 2951 224 3003 p.
265 2936 398 2998 {84;
431 2936 614 2989 editor
643 2935 789 2987 Vitas
817 2949 1026 2995 omnes,
1052 2949 1171 3002 qtne
1201 2932 1342 2988 illius
1378 2937 1504 2987 tomi
1530 2941 1683 3002 parte
1709 2946 1746 2984 tt

172 3029 562 3091 continentur,
606 3025 776 3079 refert
843 3041 939 3095 per
981 3025 1292 3081 Simeonem
1343 3025 1745 3093 Metaphrasten

177 3121 372 3181 partim
417 3120 741 3186 descriptas,
777 3121 972 3186 partim
1020 3119 1280 3173 collectas
1327 3118 1378 3169 in
1414 3118 1745 3172 monasterio

178 3208 392 3278 Cryptae
432 3206 671 3260 Ferrata‘.
729 3207 806 3277 (7)
867 3208 1112 3262 inventas
1183 3206 1374 3261 fuisse.
1449 3203 1820 3266 SirletianaC

180 3304 433 3353 Actorum
463 3297 895 3352 Justinianorum
933 3299 1111 3352 versio
1139 3303 1364 3367 posthac
1407 3300 1632 3367 repetita
1663 3309 1746 3352 est

180 3399 226 3447 in
270 3393 436 3446 Laur.
479 3393 626 3446 Surii
674 3391 997 3446 Sanctorum
1028 3391 1153 3446 vitis
1187 3393 1251 3445 ad
1300 3391 1442 3445 diem
1486 3391 1551 3443 i9.
1593 3388 1744 3444 Junii

176 3488 284 3552 iam
331 3500 498 3548 supra
543 3494 894 3537 memoratum
918 3523 933 3550 ,
966 3499 1072 3552 quo
1104 3485 1192 3537 die
1244 3483 1334 3537 illa
1381 3484 1544 3537 habet
1576 3482 1746 3537 Meta-

177 3578 425 3645 pbrastes
451 3577 665 3647 (Colon.
697 3577 916 3646 .‘lgripp.
950 3577 1106 3641 1618,
1140 3577 1282 3645 fol.),
1321 3594 1374 3645 p.
1415 3577 1518 3630 182
1550 3592 1658 3646 sq.,
1693 3577 1745 3630 iu

176 3670 314 3722 Cas.
363 3668 582 3722 Barouii
621 3668 910 3720 Annalibus
934 3668 1326 3731 ecclesiasticis,
1352 3671 1420 3720 ad
1448 3683 1574 3720 ann.
1618 3668 1742 3732 165,

181 3773 311 3814 tom.
343 3760 384 3814 ll
408 3761 562 3831 (edit.
599 3762 803 3815 noviss.
829 3760 1017 3814 Colon.
1047 3762 1177 3830 Agr.
1208 3763 1367 3828 1685,
1398 3762 1541 3829 101.),
1564 3777 1615 3830 p.
1646 3761 1751 3814 105

180 3870 326 3922 sqq.,
365 3867 420 3908 et
460 3853 684 3907 liberius
713 3855 764 3907 iu
798 3853 943 3908 Petri
973 3854 1228 3910 Halloixii
1280 3855 1340 3911 S.
1370 3853 1572 3909 Justini
1612 3856 1744 3910 nhil.

181 3956 226 3998 ct
276 3955 434 4000 mut.
483 3949 590 3999 vita
627 3956 674 4000 et
713 3947 1060 4012 documentis,
1095 3946 1130 4000 l.
1166 3962 1244 4010 c.,
1275 3963 1329 4016 p.
1359 3947 1454 4001 181
1496 3961 1617 4015 sqq.
1663 3946 1742 3998 Ex

185 4040 270 4094 illo
317 4050 500 4094 autem
546 4041 762 4111 Cryptae
797 4040 1034 4095 Ferrataa
1073 4050 1216 4094 msto
1255 4040 1444 4094 codice
1479 4038 1748 4092 beneficio

185 4131 553 4188 Emmanuelis
607 4133 964 4188 Schellstratii
989 4173 1004 4198 ,
1035 4131 1385 4189 bibliothecae
1418 4131 1578 4184 istius
1613 4146 1749 4194 pra:-

1846 1932 1973 1987 olim
2004 1930 2395 1999 procuratoris,
2429 1943 2460 1981 e
2494 1927 2687 1981 codice
2717 1925 2987 1978 Vaticano
3013 1924 3119 1978 655
3148 1923 3301 1978 fuere
3332 1925 3427 1977 dc-

1847 2023 2072 2091 scripta.
2106 2038 2123 2072 ›
2159 2020 2251 2073 Est
2293 2019 2438 2072 haud
2475 2017 2641 2071 dubie
2694 2017 2835 2070 idem
2881 2015 2970 2070 ille
3017 2017 3185 2070 codex
3234 2025 3425 2074 iustus,

1846 2116 1935 2182 qui
1987 2115 2039 2168 in
2092 2112 2423 2166 bibliotheca
2458 2109 2678 2178 Cryplat
2716 2109 2957 2163 Ferrata:
2992 2107 3264 2177 quondam
3306 2121 3426 2159 ser-

1846 2208 2075 2261 vabatur
2105 2204 2204 2274 (8).
2249 2204 2323 2258 Ex
2355 2202 2598 2258 editione
2637 2202 2993 2256 Benedictina
3030 2199 3254 2256 transiit
3288 2216 3431 2251 tuar-

1848 2301 2052 2370 tyrium'
2083 2300 2136 2352 in
2180 2297 2355 2350 Andr.
2396 2296 2670 2352 Gallandii
2721 2295 3107 2348 Bibliothecam
3161 2304 3282 2346 vett.
3322 2293 3430 2344 Ραο

1846 2402 2025 2457 trum,
2067 2399 2198 2456 etc.,
2236 2399 2367 2442 tom.
2405 2388 2444 2452 Ι,
2477 2404 2532 2455 p.
2564 2388 2670 2440 621»
2706 2403 2829 2455 sqq.
2880 2386 3094 2452 Optime
3127 2399 3257 2438 vero
3299 2384 3431 2437 illud

1847 2485 2017 2539 edidit
2051 2482 2274 2536 Alexius
2299 2479 2666 2550 Symmachus
2697 2477 3044 2532 Mazoehius:
3073 2475 3430 2528 Commentnr.

1846 2578 1901 2629 in
1933 2585 2072 2628 vetus
2104 2591 2461 2626 marmoreum
2492 2571 2863 2640 Neapolitame
2893 2569 3128 2621 ecclesia:
3164 2566 3432 2619 Kalends-

1849 2669 1989 2720 rium
2017 2666 2264 2737 (Neapol.
2302 2666 2486 2734 1763),
2524 2677 2652 2719 tom.
2686 2663 2726 2716 11
2752 2693 2775 2726 σ
2812 2677 2864 2728 p.
2900 2662 3005 2715 145
3038 2674 3156 2727 sqq.
3198 2660 3334 2723 (rec.
3380 2663 3431 2709 in

1848 2759 2119 2814 Gallandii
2146 2759 2426 2822 Biblioth.,
2457 2759 2488 2811 l.
2530 2773 2603 2819 c.,
2635 2773 2688 2826 p.
2724 2757 2823 2808 711
2856 2755 3021 2822 sqq.).
3059 2751 3156 2804 llic
3183 2739 3433 2804 Graecum

1849 2852 2328 2905 Bollandianorum
2362 2851 2668 2919 exemplar,
2715 2848 2856 2901 unde
2883 2847 3048 2899 etiam
3102 2842 3152 2896 J.
3202 2842 3268 2893 A.
3320 2839 3433 2892 Οὐκ

1849 2944 2071 3012 (Justin.
2104 2946 2159 2996 il.
2194 2943 2359 2997 Μᾱνι.
2405 2945 2577 2996 zweite
2618 2942 2773 3010 Apol.
2799 2981 2812 3003 ,
2844 2950 2949 2992 etc.
2975 2978 2990 3001 ,
3037 2953 3092 3007 p.
3124 2937 3228 2989 H5
3261 2933 3432 3002 sqq.)

1850 3047 2058 3092 textum
2095 3037 2348 3105 repetiit,
2386 3037 2695 3091 versionem
2725 3031 2991 3099 adjiciens
3021 3031 3396 3096 germanieam
3420 3067 3433 3087 ,

1850 3137 2070 3182 secutus
2095 3166 2110 3193 ,
2138 3137 2298 3181 vetus
2329 3125 2565 3196 (Sirleti‘;
2601 3121 2984 3191 interpretatio
3015 3133 3139 3173 cum
3197 3118 3437 3186 plerum-

1853 3235 1960 3289 que
1991 3222 2292 3274 sententias
2330 3228 2559 3273 veuetur
2590 3215 2762 3286 magis
2803 3228 2962 3281 quam
2993 3212 3160 3264 verba
3183 3250 3196 3274 ,
3243 3222 3436 3261 novam

1855 3311 2146 3365 castiorem
2182 3325 2244 3364 ac
2274 3310 2667 3378 simpliciorem
2727 3302 3236 3372 interpretationem
3273 3299 3437 3354 exhi—

1852 3404 1992 3466 buit,
2032 3417 2193 3472 quam
2226 3404 2277 3454 in
2313 3402 2602 3470 perpaucis
2629 3407 2838 3450 tantum
2876 3404 3139 3451 mutatam
3174 3408 3278 3445 nos
3300 3406 3439 3457 quo-

1851 3509 1959 3562 que
2018 3492 2429 3554 transtulimus;
2483 3498 2752 3559 praeterea
2813 3485 3140 3553 martyrium
3205 3480 3438 3550 prolixis

1853 3584 1999 3640 notis
2029 3595 2086 3637 et
2111 3582 2590 3651 disquisitiouibus
2616 3580 2899 3633 illustrare
2931 3585 3161 3632 conatus
3190 3585 3294 3630 est.

1930 3763 2198 3832 Escerpta
2229 3778 2295 3816 ex
2323 3760 2519 3815 Justini
2556 3760 2774 3827 scriptis
2809 3768 2935 3812 sunt
2964 3758 3015 3810 in
3051 3760 3103 3808 .I.
3155 3754 3218 3808 F.
3248 3752 3434 3821 Burgii

1859 3853 2243 3910 Chrestomath.
2271 3853 2480 3920 patrist.
2519 3850 2715 3913 Graia,
2758 3850 2893 3903 fuse.
2928 3865 2941 3902 ι
2987 3845 3238 3908 (Vratisl.
3277 3843 3442 3910 1756,

1859 3947 1947 4015 8),
2003 3962 2055 4014 p.
2090 3947 2111 3999 1
2143 3962 2300 4013 sqq.;
2339 3946 2494 4013 plura
2523 3984 2537 4007 ,
2584 3944 2677 3996 sed
2725 3942 2948 4007 Latine,
2987 3939 3337 4007 reperiuntur
3386 3937 3439 3987 in

1860 4035 2140 4090 Francisci
2191 4034 2338 4087 Rous
2369 4032 2531 4087 Mella
2563 4030 2787 4084 Patrum
2812 4072 2826 4097 ,
2876 4044 2981 4084 etc.
3021 4029 3236 4097 (Lond.
3273 4025 3439 4091 1650,

1860 4127 1969 4197 8),
2003 4143 2054 4196 p.
2086 4128 2152 4180 21
2194 4141 2315 4195 sqq.

1774 4278 1844 4291 —

697 4397 777 4457 11.
814 4430 888 4440 -
919 4396 1024 4456 DE
1051 4394 1349 4457 JUSTINI
1390 4394 1805 4458 CODICIBUS
1852 4395 1933 4454 IN
1970 4391 2206 4452 ALIAS
2241 4387 2583 4450 LINGUAS
2614 4384 2910 4446 VERSIS.

259 4523 426 4581 Paulo
451 4532 576 4595 post
601 4524 890 4580 editionem
915 4524 1182 4592 Stephani
1214 4523 1539 4593 principem,
1569 4522 1758 4577 Graece
1792 4526 1836 4580 D
1867 4521 2012 4576 risiis
2043 4520 2181 4587 apud
2215 4518 2360 4572 Guil.
2397 4515 2675 4570 lulianum
2713 4510 2874 4575 1575,
2922 4509 2954 4565 8
2993 4508 3093 4578 (9),
3137 4517 3192 4561 et
3235 4507 3443 4561 Joanne

187 4621 489 4674 nescientes
530 4627 590 4672 ut
627 4617 898 4672 Justinum
941 4617 1096 4672 adire
1134 4628 1398 4687 possent,
1438 4617 1756 4686 prodierunt

185 4711 391 4766 Latime
458 4725 685 4779 operum
735 4709 1167 4765 Justinianorum
1236 4709 1753 4777 interpretationes,

188 4804 503 4860 auctoribus
544 4802 834 4858 Joachimo
877 4803 1166 4866 Perionio,
1211 4801 1569 4855 Benedictin
1620 4801 1755 4854 Cor-

188 4899 530 4956 mteriacensi
557 4940 574 4965 ,
607 4900 697 4968 qui
730 4899 1141 4954 observationes
1177 4913 1390 4967 quoque
1429 4899 1497 4952 ad
1545 4907 1752 4950 textum

188 4991 566 5046 illustrandum
600 4991 830 5047 addidit.
860 4990 1088 5046 Lutetiae
1125 4990 1300 5043 Paris.
1325 4990 1464 5057 apud
1495 4987 1617 5041 Jac.
1648 4989 1752 5042 Du-

188 5100 319 5155 puys
352 5083 510 5147 1554,
545 5082 664 5148 fol.,
699 5091 832 5138 tom.
861 5082 899 5136 ll
928 5082 980 5137 in
1010 5084 1034 5137 1
1066 5081 1176 5136 vol.
1219 5085 1355 5151 (rec.
1406 5081 1457 5132 in
1497 5077 1752 5131 Biblioth.

189 5187 377 5240 magna
415 5179 532 5223 cett.
579 5169 800 5224 Patrum
832 5209 848 5234 ,
876 5170 1067 5224 tZolon'.
1111 5169 1250 5224 1618
1273 5209 1289 5234 ,
1331 5167 1428 5223 fol.
1451 5206 1465 5233 ,
1512 5176 1642 5221 tom.
1678 5165 1756 5232 ll,

190 5280 239 5332 p.
269 5265 293 5318 1
325 5262 506 5332 sqq.);
555 5261 901 5333 Sigismundo
938 5262 1187 5324 Gelenio,
1221 5261 1440 5329 Bojemo
1463 5299 1479 5326 ,
1524 5257 1758 5313 Basilete

193 5357 327 5427 apud
375 5354 525 5410 Hier.
558 5355 886 5411 Frobenium
928 5353 1086 5421 1555,
1135 5355 1252 5419 fol,
1295 5364 1457 5424 atque
1494 5354 1621 5409 inde
1653 5351 1756 5407 Pa-

257 5494 333 5562 (7)
373 5494 447 5547 De
476 5494 998 5562 luqusmonasteril
1034 5492 1284 5562 (ordinis
1317 5493 1375 5546 S.
1414 5488 1643 5557 Basilii)
1676 5487 1758 5562 bi:

195 5557 451 5619 bliotlteca
479 5557 589 5617 vid.
627 5561 836 5618 Frider.
865 5557 1051 5617 Bluute
1076 5576 1089 5613 :
1122 5560 1232 5614 lter
1262 5561 1532 5624 Italicum,
1559 5568 1689 5612 tom.
1718 5557 1757 5610 11

195 5633 327 5700 (11ςι1.
365 5634 519 5694 1827,
546 5635 622 5702 8).
659 5649 709 5701 p.
746 5635 838 5688 191
876 5649 998 5702 sqq.

372 5704 454 5760 Cf.
488 5698 797 5760 Fr.'Blume
841 5705 876 5759 1.
923 5698 996 5771 ἐξ,
1048 5714 1176 5758 ιοιιι.
1214 5698 1276 5755 lll
1308 5700 1452 5771 (llal.
1492 5700 1645 5766 1850,
1683 5701 1759 5768 8),

1862 4615 2071 4684 Lango,
2096 4613 2316 4676 Silcsio,
2351 4612 2444 4680 qui
2476 4610 2643 4664 etiam
2674 4605 3103 4662 conmentarios
3128 4602 3444 4669 iudicesque

1862 4707 2092 4777 adjecit,
2124 4705 2289 4757 Basil.
2329 4719 2424 4774 per
2465 4700 2815 4756 Ambrosium
2849 4707 2903 4750 et
2934 4696 3210 4777 Aurelium
3240 4735 3254 4757 ,
3302 4693 3441 4746 Fro-

1861 4775 2056 4855 benios
2103 4799 2326 4861 fratres,
2361 4794 2534 4857 1565,
2567 4792 2660 4848 fol.
2682 4833 2698 4858 ,
2731 4801 2860 4844 tom.
2893 4787 2956 4842 Ill
2987 4789 3038 4841 in
3073 4775 3097 4840 1
3140 4787 3245 4841 vol.
3284 4789 3438 4854 (rec.

1860 4893 1978 4945 sine
2021 4897 2340 4945 commentt.
2391 4889 2445 4940 in
2495 4884 2644 4938 Max.
2705 4881 2954 4935 Biblioth.
3014 4889 3134 4932 vett.
3186 4877 3440 4937 Patrum,

1862 4982 2032 5053 Lugd.
2075 4980 2243 5046 1677,
2275 4978 2369 5033 fol.
2395 5019 2410 5044 ,
2463 4990 2592 5031 tom.
2633 4976 2710 5040 11,
2741 4991 2792 5044 p.
2832 4991 2907 5038 ιι,
2936 4989 2991 5042 p.
3025 4973 3058 5026 5
3089 4968 3258 5038 sqq.).
3315 4967 3439 5019 lltee

1861 5077 2063 5142 versio,
2120 5074 2249 5128 licet
2294 5072 2510 5127 duobus
2562 5067 2800 5132 exteris,
2857 5063 3199 5133 elegantibus
3265 5058 3440 5126 magis

1861 5183 2024 5238 quam
2064 5164 2356 5227 accuratis,
2388 5163 2548 5228 longe
2583 5157 2929 5230 praestantior
2957 5156 3062 5220 sit,
3096 5163 3278 5205 tamen
3323 5149 3440 5216 ipsa

1863 5260 2012 5315 vitiis
2030 5256 2325 5328 cujuslibet
2353 5254 2572 5324 generis
2604 5261 2810 5314 scatet;
2845 5262 3076 5318 quorum
3103 5245 3244 5299 haud
3268 5255 3440 5311 pauca

1864 5348 2081 5420 Langus
2114 5348 2376 5404 evitasset
2398 5385 2414 5412 ,
2448 5346 2494 5401 si
2522 5343 2760 5399 Perionii
2803 5351 2860 5396 et
2896 5336 3108 5394 G‘elenii
3153 5333 3442 5390 elucubra-

1935 5486 2011 5551 (9)
2055 5485 2192 5539 lluic
2235 5481 2460 5537 editioni
2496 5479 2790 5551 Parisiensi
2824 5475 3077 5544 adjuncta
3102 5479 3189 5551 est
3304 5465 3441 5551 ‘llip-

1865 5537 2032 5626 90Ῐῇίί
2058 5537 2275 5608 ἠοῖάιὶο
2323 5555 2385 5605 de
2445 5537 2918 5626 consummatione:
2947 5544 3233 5626 τῖιιιηιίξηιξι⁸
3273 5537 3445 5626 dicit:

1867 5613 2062 5680 chriam
2090 5637 2137 5678 et
2173 5627 2401 5677 secunth
2440 5625 2661 5674 adventu
2709 5619 2918 5672 Domini
2943 5616 3073 5670 Jcstt
3108 5613 3342 5673 Christi,
3377 5620 3444 5660 ex

1869 5697 2319 5764 interpretatione
2343 5693 2568 5748 Joannis
2593 5689 2726 5746 Pici.
