4140 6410
223 349 327 403 217

950 344 1320 400 EXCEBPTA
1365 344 1450 398 EX
1490 341 1955 399 PliEFATlONE
1996 340 2311 396 EDITORIS
2350 337 2658 395 IENENSIS

3356 333 3454 388 918

220 464 317 513 der
361 462 815 527 Mteinherrschaft
864 458 1063 514 Gottes.
1105 459 1309 513 Griech.
1348 477 1400 510 α.
1448 460 1669 516 teutsch.
1710 490 1777 498 —
1808 480 1850 533 Α
1883 459 1973 510 der
1995 455 2414 510 Kirchen—ther
2437 457 2488 507 in
2521 435 2940 519 Uberselzungen
2980 457 3085 502 und
3131 449 3453 518 Aussitgm.,

219 567 324 604 von
352 551 473 608 Joh.
501 555 663 606 Adam
692 554 822 608 Goz.
859 553 972 606 Vid.
1007 568 1167 620 supra
1206 553 1312 605 col.
1343 551 1468 604 2L1.

295 643 556 712 Exi-erpta
574 659 634 696 ex
650 644 898 712 Apologia
932 651 1178 708 utraque.
1198 641 1415 710 Dialogo
1439 657 1553 692 rum
1582 638 1774 706 Tryph.

1879 559 2008 604 tom.
2045 548 2062 600 1
2093 548 2264 615 (Lips.
2299 547 2456 608 1776,
2486 546 2671 611 iit-8°),
2706 560 2757 612 p.
2789 541 2886 598 101
2926 556 3046 610 sqq.

1952 639 2132 692 Italica
2161 656 2176 690 :
2207 638 2270 692 S.
2305 637 2549 692 Giustino
2575 637 2736 689 Mart.
2764 635 2996 688 tradotto
3029 648 3126 686 con
3163 631 3348 692 alcune
3377 634 3453 683 ri—

215 745 275 787 et
313 734 618 802 fragmento
642 732 711 786 De
738 735 1118 787 resurrectione
1143 731 1463 786 Germanice
1501 731 1645 783 dedit
1686 744 1784 782 no-
1886 727 2120 799 ﬂessioni
2179 729 2291 784 dat.
2325 727 2476 784 ϐίον.
2504 727 2660 796 Bapt.
2692 723 3009 780 Galliccioli.
3037 721 3270 782 Venezia
3295 718 3454 784 1799,

214 826 398 895 tisque
444 827 731 880 illustravit
773 826 972 881 Christ.
1000 826 1150 881 Frid.
1184 826 1400 880 Russler
1433 844 1444 878 :
1485 821 1782 876 Bibliothek
1887 820 2041 876 in~8'.
2071 819 2205 874 Voll.
2239 819 2300 873 ll.

1017 1074 1128 1133 lll.
1174 1074 1279 1132 DE
1312 1073 1608 1133 JUSTINI
1659 1069 2076 1133 CODICIBUS
2105 1065 2708 1128 MANUSCRIPTIS.

285 1197 452 1250 Valde
493 1204 576 1249 est
621 1194 927 1254 dolendum,
966 1195 1108 1262 quod
1160 1195 1315 1263 pauci
1350 1204 1553 1246 tantum
1589 1208 1776 1261 super-

208 1304 336 1350 sunt
384 1293 438 1345 in
480 1289 822 1345 bibliothecis
845 1289 1058 1344 codices
1085 1304 1308 1356 operum
1345 1286 1774 1341 Justinianorum

211 1400 374 1438 manu
433 1382 652 1450 scripti;
699 1395 928 1449 quorum
968 1381 1211 1451 plerique
1239 1380 1318 1434 vel
1352 1377 1776 1433 Cohortationem

209 1477 280 1526 ad
309 1473 520 1528 Gnaeos
551 1472 632 1525 vel
659 1470 966 1538 suppositos
999 1479 1261 1524 tractatus
1288 1473 1584 1524 continent.
1617 1470 1777 1524 Refe-

211 1580 330 1620 ram
369 1575 548 1619 autem
577 1564 642 1617 de
685 1563 750 1617 iis
777 1563 1130 1631 genuiuorum
1153 1563 1347 1617 Justini
1394 1565 1652 1618 librorum
1683 1578 1778 1618 co-

210 1657 421 1712 dicibus
470 1657 626 1711 mstis
662 1657 796 1724 (11),
840 1670 976 1725 quos
1008 1655 1420 1726 diligentissime
1452 1656 1775 1725 inquirendo

211 1747 411 1812 reperi.

280 1837 335 1890 ln
376 1837 602 1891 Francia
634 1845 689 1894 et
723 1835 943 1892 Parisiis
975 1836 1192 1904 quidem
1229 1841 1280 1889 ln
1321 1835 1641 1890 bibliotheca
1672 1835 1778 1891 Re-

208 1931 294 1999 gia
340 1929 557 1998 plurimi
601 1938 966 1990 asservantur,
996 1936 1053 1980 ut
1102 1936 1295 1996 praeter
1341 1929 1642 1993 Maranum.
1685 1929 1778 1996 qui

203 2024 353 2090 justo
386 2021 601 2077 brevius
633 2022 697 2074 de
744 2021 810 2074 iis
851 2025 1119 2087 exposuit,
1163 2020 1538 2086 Catalogorum
1585 2021 1777 2077 biblio-

209 2119 379 2168 theca
409 2113 584 2183 Regia:
613 2127 739 2180 pars
772 2114 1002 2167 secunda
1033 2112 1400 2181 complectens
1423 2112 1636 2167 codices
1666 2129 1779 2166 ma-

207 2222 276 2258 nu
303 2206 538 2272 scriptos
553 2204 773 2259 Graecos
791 2209 879 2269 (ex
908 2206 1255 2275 typographia
1284 2205 1447 2275 Regia
1475 2207 1633 2270 1740,
1660 2206 1777 2274 fol.)

206 2308 457 2351 testatur.
495 2295 612 2349 Jam
646 2298 729 2352 his
762 2298 812 2352 in
836 2297 1094 2366 catalogis
1125 2297 1408 2351 observata
1435 2297 1674 2359 afferam,
1702 2298 1776 2350 ita

208 2397 412 2451 tamen,
449 2397 510 2442 ut
556 2390 754 2454 passim
807 2389 1024 2452 addam,
1052 2405 1172 2457 qua
1200 2387 1425 2449 Carolus
1451 2388 1778 2444 Benedictus

207 2478 370 2542 llase,
395 2479 635 2532 lnstituti
673 2479 820 2547 Regii
855 2478 1096 2533 Francia:
1137 2481 1337 2542 socius,
1372 2478 1422 2531 in
1458 2479 1644 2533 schola
1674 2478 1779 2532 Re-

204 2570 290 2637 gia
311 2568 697 2638 Polytechnica
730 2568 1004 2637 Regiaque
1031 2568 1249 2635 speciali
1279 2569 1578 2637 linguarum
1600 2571 1779 2623 orien-

206 2661 392 2713 talium
434 2661 725 2730 professor,
761 2659 812 2711 in
853 2659 1192 2714 bibliothecae
1226 2659 1406 2729 Regia:
1440 2671 1593 2729 parte
1617 2661 1776 2716 codd.

203 2762 374 2806 mstos
418 2751 817 2818 complectente
860 2762 1228 2824 conservator,
1259 2767 1468 2805 mecum
1500 2751 1780 2820 benignis—

203 2843 337 2896 sime
367 2841 812 2895 communicavit.
844 2841 1045 2895 Facere
1097 2857 1199 2895 non
1244 2855 1486 2909 possunt,
1517 2842 1648 2909 quin
1699 2842 1779 2894 in-

201 2935 408 3003 signem
452 2934 554 2986 viri
596 2933 885 2987 clarissimi
935 2934 987 2984 in
1022 2950 1104 2986 me
1135 2933 1437 2999 adiuvando
1469 2933 1779 2987 humanita-

203 3036 310 3080 tem
344 3036 502 3095 grato
532 3026 716 3079 animo
742 3040 1186 3081 commemorem.

1877 1189 1946 1242 τὰ
1978 1187 2201 1256 φυσικὰ,
2241 1199 2346 1241 etc.
2395 1186 2490 1259 [p.
2522 1187 2626 1241 555
2660 1187 2717 1240 Β.
2750 1187 2836 1240 ed.
2871 1185 3075 1242 Maran.
3105 1184 3122 1256 ]
3174 1198 3344 1253 usque
3390 1187 3456 1240 ad

1881 1281 1972 1335 fol.
1999 1280 2103 1334 502
2139 1280 2171 1333 1)
2199 1296 2215 1332 :
2261 1279 2524 1350 Ἀγένητα.
2557 1277 2722 1349 [sic]
2761 1279 2818 1330 ὲν
2852 1277 2929 1347 τῷ
2963 1275 3193 1347 ἐνιαυτῷ
3228 1277 3318 1348 [ρ.
3354 1277 3458 1332 555

1880 1374 1943 1426 D.
1981 1375 2065 1426 ed.
2114 1372 2348 1443 Marem]
2377 1372 2415 1441 ).
2466 1373 2520 1424 8°
2554 1371 2806 1439 Ejusdem
2855 1369 3092 1434 Quaesita
3123 1379 3171 1422 et
3209 1385 3457 1436 responsa

1877 1463 1946 1517 ad
1973 1460 2184 1516 Graecos
2233 1464 2249 1532 (
2281 1462 2374 1516 fol.
2426 1461 2532 1514 502
2556 1459 2588 1513 1)
2619 1461 2686 1497 —‘-
2717 1458 2844 1523 455,
2871 1458 2962 1512 ubi
2999 1455 3456 1524 quemadmodum

1875 1555 2017 1622 apud
2068 1554 2348 1607 Maranum
2397 1569 2452 1620 p.
2481 1552 2584 1605 547
2633 1551 2694 1614 Ε,
2724 1550 2978 1603 (10⁸³0001
3011 1549 3064 1602 in
3102 1549 3265 1604 verba
3303 1563 3316 1599 :
3357 1546 3458 1614 τῆς

1875 1648 2067 1715 ἀλόγου
2099 1646 2277 1700 αὐτῶν
2307 1645 2622 1714 ἀπιστίας).
2675 1644 2798 1698 11κο
2847 1642 3052 1710 excipit
3097 1641 3459 1711 Athenagora:

1877 1739 2014 1793 liber
2067 1740 2206 1806 Περὶ
2257 1737 2646 1801 ἀναστάσεως
2694 1733 2812 1788 τῶν
2856 1732 3102 1800 νεκρῶν,
3155 1733 3306 1800 cujus
3355 1732 3461 1785 ini-

1881 1830 2010 1885 tium
2046 1848 2058 1884 :
2093 1829 2255 1883 Παντὶ
2286 1829 2516 1899 δόγματι
2541 1829 2634 1880 καὶ
2667 1827 2828 1896 λόγῳ,
2854 1833 2983 1888 etc.,
3016 1834 3070 1877 et
3095 1823 3254 1880 linis:
3293 1821 3460 1893 τιμῆς

1876 1922 1908 1992 ἢ
1939 1922 2115 1993 δίκης,
2152 1932 2212 1975 ut
2247 1924 2386 1991 apud
2424 1922 2700 1974 Maranum
2732 1922 2818 1972 ed.
2850 1917 2986 1988 Opp.
3016 1915 3155 1971 Just.
3196 1931 3248 1984 p.
3283 1915 3388 1969 515
3415 1915 3461 1968 Δ

1879 2025 1932 2070 et
1964 2015 2067 2069 556
2095 2015 2229 2068 E.——
2256 2014 2304 2068 ls
2333 2015 2508 2068 codex
2537 2028 2680 2066 anno
2709 2012 2847 2066 1564
2874 2019 3133 2065 exaratos
3167 2017 3282 2074 est;
3312 2007 3462 2061 clau-

1879 2104 2025 2156 ditur
2073 2105 2238 2165 enim,
2274 2111 2334 2157 ut
2382 2103 2546 2155 etiam
2583 2101 2850 2155 Bernard.
2902 2101 2969 2154 de
3022 2096 3372 2152 Montfaucon
3407 2096 3460 2150 in

1880 2193 2248 2265 l’alwograph.
2275 2194 2369 2248 Gr.
2407 2195 2607 2264 (Paris.
2629 2195 2788 2256 1708,
2823 2192 2966 2261 fol.),
2998 2207 3049 2258 p.
3083 2191 3174 2253 71,
3203 2190 3462 2243 observa-

1880 2285 1974 2348 vit,
2030 2289 2129 2342 hac
2177 2299 2300 2341 nota
2350 2309 2360 2341 :
2403 2286 2719 2357 Ἐτελειώθη
2775 2290 2836 2340 τὸ
2892 2284 3066 2356 παρὸν
3119 2282 3320 2352 βιϐλίον
3368 2281 3461 2335 ἐπὶ

1880 2380 2031 2443 ἔτους
2065 2379 2265 2450 ,ςωοϐκ
2296 2381 2393 2434 ενδ.
2421 2380 2486 2450 β’.
2513 2383 2570 2432 ὲν
2591 2380 2718 2450 μηνὶ
2737 2378 3049 2449 ἓπτεόρίῳ
3065 2357 3288 2448 [Sidi-ti,
3318 2375 3372 2428 h.
3405 2389 3457 2428 e.

1880 2473 2161 2525 Absolutus
2179 2484 2252 2525 est
2273 2473 2355 2525 hic
2373 2473 2504 2524 liber
2522 2490 2574 2524 α.
2599 2453 2968 2539 6872(Christi
2991 2469 3462 2537 l36-5),indictione

1879 2565 2145 2631 secunda,
2178 2567 2369 2618 mensis
2403 2562 2718 2631 Septembris
2763 2564 2848 2616 die
2899 2563 2985 2616 11.
3040 2562 3186 2616 Idem
3241 2569 3325 2616 est
3371 2560 3464 2614 hic

1879 2660 2047 2713 codex
2073 2698 2087 2721 ,
2117 2671 2299 2728 quem,
2332 2657 2624 2726 perpaucis
2659 2664 2866 2709 tantum
2901 2653 3222 2717 immutatis,
3253 2653 3462 2707 Robor-

1882 2759 1966 2804 tus
2015 2749 2324 2817 Stephanus
2355 2749 2405 2802 iu
2443 2750 2690 2818 principe
2728 2763 2824 2802 sua
2863 2762 3090 2816 operum
3122 2745 3460 2800 Justiniano—

1881 2855 1996 2894 rum
2023 2840 2258 2894 editione
2293 2859 2310 2892 ι
2345 2855 2409 2894 es
2451 2841 2775 2894 bibliotheca
2818 2840 2980 2907 Regia
3017 2857 3034 2890 ι
3078 2837 3222 2907 typis
3249 2835 3462 2890 descri-

1880 2932 2110 2985 bendum
2140 2934 2372 2985 curavit.
2424 2933 2492 2986 Ut
2536 2932 2802 2986 brevitate
2844 2930 3002 2984 solito
3035 2944 3186 2983 more
3215 2938 3458 2991 utamur,

1880 3038 1998 3078 cum
2036 3024 2258 3078 Marano
2305 3041 2428 3079 eum
2480 3026 2532 3078 in
2582 3024 2956 3077 Cohortatione
3006 3023 3074 3074 ad
3121 3019 3332 3074 ereos
3363 3036 3460 3090 per

274 3116 312 3167 l.
352 3115 534 3170 Codex
577 3114 769 3190 {legitis
806 3113 965 3177 CDL,
986 3115 1113 3168 olim
1141 3129 1370 3170 numero
1399 3115 1556 3178 1428,-
1587 3123 1772 3185 poslea
1801 3135 1845 3191 (ς
1880 3128 2061 3170 notam
2091 3118 2557 3186 compendiariam
2591 3117 2722 3170 Cod.
2751 3115 2874 3184 Reg.
2900 3115 2956 3178 '5,
2996 3115 3049 3168 in
3077 3114 3290 3169 caneris
3329 3128 3458 3167 vero

199 3207 340 3261 2270
364 3216 606 3267 notatus,
627 3208 968 3269 chartacens,
990 3207 1041 3259 in
1067 3206 1160 3260 fol.
1193 3207 1350 3271 min.,
1375 3206 1626 3261 foliorum
1650 3205 1775 3272 461,

200 3317 306 3368 quo
342 3301 491 3360 (vid.
533 3298 810 3367 Catalogg.
845 3315 898 3367 p.
932 3299 1018 3363 63,
1044 3299 1167 3352 coll.
1202 3297 1319 3352 Nic.
1354 3299 1402 3352 le
1431 3298 1639 3368 Nourry
1672 3300 1778 3366 Ap-

197 3403 439 3460 paratus,
473 3401 511 3445 ι.
543 3390 581 3456 l,
616 3409 667 3459 ρ.
700 3393 824 3462 467)
855 3394 1203 3446 continentur
1224 3406 1238 3442 :
1262 3391 1314 3443 1°
1346 3389 1524 3444 Sancti
1553 3391 1775 3458 Justini,

197 3482 494 3549 philosophi
518 3491 564 3533 et
586 3483 848 3550 martyris.
876 3481 1117 3548 Epistola
1139 3482 1205 3533 ad
1231 3480 1425 3534 Zenam
1457 3492 1504 3535 et
1524 3481 1776 3536 Serenum

198 3575 412 3642 (incipit
460 3573 553 3627 fol.
587 3574 619 3627 6
646 3574 679 3628 b
709 3573 886 3627 verbis
918 3591 931 3624 :
971 3574 1064 3627 Ἐκ
1111 3573 1462 3644 παρασκευῆς
1512 3574 1776 3644 ἀνδραγα-

200 3666 312 3719 θεῖν
335 3683 346 3694 °
525 3667 646 3718 ἐπεὶ
669 3665 759 3718 τοῦ
783 3664 874 3717 νῦν
904 3664 1094 3726 αἰῶνος
1119 3665 1193 3735 [ρ.
1216 3663 1317 3718 408
1334 3664 1395 3720 C.
1417 3665 1498 3718 ed.
1518 3663 1774 3736 Marum],

200 3759 341 3812 unde
387 3767 606 3826 apparet
644 3774 760 3810 eam
811 3756 1031 3810 minime
1067 3756 1333 3824 integram
1385 3771 1535 3820 esse,
1571 3765 1630 3808 ut
1660 3758 1773 3826 jam

201 3852 334 3903 vidit
359 3851 560 3911 scriba,
600 3865 760 3900 unam
792 3850 1045 3917 paginam
1079 3849 1412 3902 dimidiatam
1440 3848 1636 3902 litteris
1667 3863 1771 3902 non

201 3942 466 4008 impletis;
509 3939 692 3992 linitur
715 3948 905 4019 autem
939 3938 1030 3995 fol.
1062 3939 1124 3992 16
1156 3939 1188 3992 b
1220 3957 1233 3993 :
1261 3939 1361 4008 Εἴη
1387 3938 1523 4007 μετὰ
1559 3939 1773 3991 πάντων

199 4036 353 4105 ὑμῶν
378 4035 415 4103 ).
473 4035 880 4088 Przemittuntur
908 4033 1040 4103 (fol.
1077 4037 1126 4089 1.
1149 4063 1216 4074 --
1247 4035 1278 4088 5
1308 4035 1340 4088 1)
1363 4035 1403 4104 ).
1455 4035 1716 4102 Excerpta
1743 4049 1772 4088 e

202 4127 378 4180 Pbotii
422 4126 736 4193 lyriobiblo
782 4125 847 4179 de
892 4126 1110 4192 scriptis
1148 4126 1318 4179 sancti
1355 4123 1587 4188 Justini,
1623 4136 1679 4179 et
1703 4142 1769 4178 ex

203 4216 419 4270 Eusebii
450 4214 687 4268 Historia
711 4215 1063 4268 ecclesiastica
1092 4215 1157 4269 de
1183 4215 1384 4270 sanctis
1406 4213 1641 4279 Iustino,
1671 4216 1772 4270 Po-

205 4310 420 4376 lycarpo
449 4316 505 4361 et
536 4307 756 4360 lrena-o.
803 4307 859 4360 2'
899 4306 1149 4376 Ejusdem
1189 4308 1375 4362 Sermo
1419 4310 1769 4377 parwneticus

202 4402 266 4452 ad
299 4396 511 4450 Crtrcos
543 4398 659 4462 (fol.
691 4401 752 4452 17
775 4428 841 4437 —
868 4399 979 4453 501.
1007 4399 1061 4451 3°
1085 4399 1336 4466 Ejusdem
1375 4398 1626 4468 Dialogus
1653 4416 1769 4452 cum

1881 3209 2098 3278 scriptis
2131 3212 2249 3263 κατ’
2285 3207 2474 3280 ἐξοχὴν
2506 3225 2603 3279 per
2648 3223 2828 3264 nomn
2860 3208 2994 3262 Cod.
3031 3205 3159 3275 Reg.
3193 3206 3459 3261 indicavi-

1881 3316 2022 3355 mus.

1952 3394 2013 3447 Il.
2055 3393 2232 3447 Codex
2269 3393 2463 3463 Regius
2494 3392 2686 3457 σου,
2715 3393 2843 3447 olim
2886 3393 2985 3446 sub
3032 3393 3275 3447 numeris
3323 3390 3461 3445 1169

1878 3495 1932 3540 et
1961 3486 2121 3548 2271,
2148 3487 2619 3548 membranaceus,
2653 3487 2706 3539 in
2733 3485 2852 3550 fol.,
2887 3485 3031 3539 foliis
3049 3493 3307 3539 constans
3327 3482 3464 3546 105,

1879 3590 1987 3645 quo
2019 3575 2159 3641 (vid.
2182 3575 2460 3644 Catalogg.
2499 3576 2534 3629 l.
2566 3577 2640 3641 c.)
2663 3575 3014 3629 continentur
3047 3591 3060 3626 :
3099 3576 3152 3627 1⁸
3176 3573 3458 3629 Clementis

1881 3666 2227 3718 Alexandrini
2252 3667 2382 3719 liber
2405 3666 2798 3719 adhortatorius
2827 3667 2895 3718 ad
2925 3665 3159 3719 ercos.
3179 3666 3462 3719 Accedunt

1877 3757 2080 3811 scholia
2121 3757 2458 3824 marginalia,
2490 3773 2662 3825 eaque
2709 3773 2813 3810 non
2861 3757 3284 3819 contemnenda,
3335 3770 3457 3809 cum

1878 3849 1929 3902 in
1980 3851 2188 3903 huncce
2239 3859 2555 3914 tractatum,
2590 3858 2702 3903 tum
2753 3851 2804 3902 in
2856 3849 2992 3901 alios
3021 3849 3112 3916 qui
3155 3857 3462 3916 sequuntur

1876 3939 1990 4008 (fol.
2023 3942 2046 3994 1
2076 3970 2142 3977 —
2169 3940 2236 3994 56
2268 3940 2345 3998 b).
2373 3940 2428 3992 2°
2462 3940 2713 4009 Ejusdem
2747 3939 3104 4014 Pwdagogus,
3151 3939 3206 3990 in
3253 3948 3358 3990 tres
3397 3937 3463 3990 li-

1875 4033 1993 4085 bros
2020 4034 2242 4088 divisus.
2272 4033 2422 4087 Libri
2447 4033 2606 4100 primi
2639 4035 2825 4086 decem
2851 4033 3033 4099 capita
3060 4031 3244 4101 priora
3274 4039 3332 4083 et
3360 4045 3462 4084 un-

1874 4125 2070 4180 decimi
2105 4126 2320 4179 initium
2350 4127 2730 4180 desiderantur
2759 4125 2875 4193 (fol.
2910 4124 3155 4180 57—154
3187 4124 3264 4192 b).
3295 4122 3460 4179 Ξυν-

1873 4220 2001 4273 stini
2033 4219 2102 4271 ad
2134 4217 2330 4271 Zenam
2361 4228 2408 4271 et
2438 4216 2688 4271 Serenum
2722 4218 2912 4284 fratres
2940 4216 3165 4282 epistola
3191 4216 3458 4284 (fol.1bb-

1875 4313 1976 4365 163
2013 4311 2047 4365 1)
2079 4331 2092 4366 :
2137 4312 2199 4363 Ἡ
2239 4312 2394 4381 χάρις
2431 4311 2568 4380 μετὰ
2598 4312 2818 4363 πάντων
2850 4309 3000 4379 ὑμῶν
3025 4313 3063 4378 ).
3124 4313 3178 4363 4ο
3209 4308 3460 4378 Ejusdem

1875 4405 2060 4458 Oratio
2091 4405 2410 4472 partcnrtica
2451 4405 2517 4455 ad
2553 4402 2761 4457 Cra'cos
2817 4404 2952 4472 (fol.
2986 4405 3086 4457 163
3120 4405 3150 4456 b
3178 4435 3246 4442 ——
3273 4404 3368 4457 187
3403 4405 3454 4456 b-

207 4488 474 4558 Trgphone
524 4489 714 4542 λωίαό
759 4493 821 4542 de
869 4491 1078 4543 veritate
1146 4493 1413 4559 religionis
1459 4490 1779 4544 Christiana:
1810 4484 1851 4537 D
1885 4498 2084 4552 Ultima
2140 4495 2306 4548 verba
2337 4513 2352 4548 ε
2387 4497 2449 4547 υἱ
2493 4496 2548 4546 δὲ
2587 4497 2703 4565 μετ’
2738 4495 2932 4548 αὐτόν·
2969 4496 3166 4549 desunt
3211 4497 3354 4548 enim
3405 4498 3458 4549 in

207 4581 319 4646 (fol.
351 4582 669 4648 50—193).
703 4582 758 4633 4ο
779 4580 1027 4649 Ejusdem
1055 4581 1322 4648 Apologia:
1350 4584 1468 4635 dua:
1496 4598 1590 4650 pro
1623 4581 1779 4633 Chri-

206 4674 414 4735 stianis,
449 4687 553 4726 una
583 4672 798 4725 brevior
825 4672 887 4725 ad
919 4682 1164 4726 senatum
1192 4673 1492 4726 Romanum
1524 4672 1781 4739 (fo|.l93-

203 4764 348 4826 20H.
384 4764 550 4816 altera
582 4764 846 4830 prolixior
878 4764 943 4815 ad
971 4765 1298 4818 Antoninum
1338 4764 1486 4817 Pium
1508 4764 1626 4827 (fol.
1648 4765 1780 4817 201-

204 4856 305 4907 238
359 4853 455 4918 b).
507 4852 821 4921 Sequuntur
868 4853 1120 4920 Epistolas
1170 4865 1302 4916 tres,
1339 4856 1541 4907 eaedem
1572 4871 1692 4922 qua:
1724 4856 1774 4906 in

203 4949 360 5001 editis
391 4947 519 5016 (fol.
546 4947 651 5002 258
678 4954 708 5000 1)
747 4947 969 5015 -—2H).
1004 4947 1058 5002 5°
1090 4946 1338 5016 Ejusdem
1373 4940 1503 4999 liber
1551 4950 1612 4999 de
1659 4965 1774 4999 mo-

204 5042 420 5093 rarehia
457 5041 562 5093 sive
589 5043 652 5092 de
687 5039 779 5092 Dei
811 5043 1011 5094 unitate
1035 5041 1150 5108 (fol.
1181 5042 1508 5103 *ΞΗ-217).
1539 5044 1594 5096 6°
1618 5040 1776 5109 Ejus-

206 5134 314 5181 dem
358 5129 630 5196 Expositio
678 5123 981 5189 orthodoxa:
1022 5132 1146 5198 ﬁdei
1191 5131 1327 5201 (fol.
1375 5133 1568 5186 247-
1603 5133 1699 5186 961
1734 5132 1775 5199 ).

208 5223 258 5276 ’1⁸
288 5221 536 5291 Ejusdem
555 5221 858 5291 Confutatio
876 5224 1178 5291 dogmatum
1209 5227 1557 5293 quorumdam
1583 5226 1777 5277 Aristo-

209 5314 469 5365 telirorum
504 5313 640 5373 (fol.
673 5315 771 5368 261
801 5346 870 5354 —
903 5317 1007 5371 300
1043 5313 1098 5369 ἰ).
1150 5317 1379 5386 Explicit
1413 5335 1426 5370 :
1461 5318 1568 5370 Καὶ
1603 5317 1776 5384 γίνον-

209 5422 288 5458 rat
317 5403 376 5469 ἐξ
404 5405 644 5476 ἀλλήλων
681 5405 757 5477 [ρ.
791 5407 894 5463 583
923 5408 983 5464 Β.
1017 5410 1106 5464 ed.
1142 5408 1374 5480 Marum]
1403 5426 1416 5472 ;
1459 5409 1641 5462 statim
1674 5424 1771 5461 au-

212 5508 309 5549 tetu
336 5508 640 5566 sequuntur
674 5499 725 5551 in
754 5501 874 5554 cod.
899 5511 1037 5555 msto
1063 5519 1076 5555 :
1100 5501 1168 5570 β’.
1189 5502 1250 5554 ’11
1285 5501 1443 5570 φύσις
1475 5504 1507 5572 ἡ
1544 5500 1770 5553 ποιοῦσα

1878 4589 2067 4643 codice
2096 4600 2234 4641 msto
2257 4597 2492 4656 quatuor
2517 4589 2903 4655 quaterniones
2947 4576 3267 4658 [:eepiSLa],
3319 4587 3374 4640 h.
3406 4603 3458 4645 e.

1879 4678 2101 4748 triginta
2147 4679 2254 4731 duo
2299 4676 2419 4730 folia
2471 4678 2582 4732 sive
2628 4679 2909 4746 sexaginta
2945 4689 3182 4745 quatuor
3223 4677 3458 4746 pagina}.

1875 4786 1996 4839 qua:
2039 4771 2148 4839 jam
2189 4769 2386 4822 saeculo
2413 4769 2624 4823 decimo
2659 4781 2854 4836 quarto
2887 4769 3363 4830 desiderabantur.
3401 4779 3461 4823 ut

1877 4863 2046 4928 liquet
2077 4875 2141 4914 ex
2177 4861 2358 4915 verbis
2389 4862 2479 4913 illo
2509 4871 2750 4928 tempore
2779 4861 3105 4926 subscriptis
3131 4878 3143 4911 ε
3182 4859 3461 4914 Ἐντεῦθεν

1876 4953 2179 5005 ἐλλείπουσι
2214 4952 2465 5022 τετράδια
2495 4953 2578 5021 δ’).
2619 4953 2672 5004 5°
2702 4953 2916 5006 Eusebii
2944 4953 3214 5020 Pamphili
3239 4969 3460 5022 evange-

1876 5045 1991 5097 lica:
2037 5043 2454 5112 Pra’parationis
2479 5047 2598 5096 libri
2621 5046 2846 5112 quinque
2877 5046 3082 5110 priores
3120 5048 3138 5113 (
3166 5045 3303 5100 liber
3335 5059 3348 5097 t
3377 5053 3462 5096 est

1877 5136 2143 5206 principio
2170 5136 2388 5189 mutilus
2419 5154 2432 5188 :
2468 5139 2600 5205 ἡμῖν
2629 5138 2660 5204 ἡ
2707 5136 2999 5208 [deficiunt
3030 5137 3192 5205 igitur
3227 5136 3330 5188 tria
3360 5150 3458 5190 Vo-

1879 5227 2095 5297 cabula]
2137 5227 2271 5297 μετὰ
2307 5231 2489 5296 χεῖρας
2526 5226 2649 5299 [sic]
2683 5229 2991 5280 ὲκπονείται
3026 5226 3301 5299 πρόθεσις,
3328 5237 3458 5292 etc.,

1881 5320 1989 5373 vid.
2026 5319 2155 5372 edit.
2197 5320 2372 5388 Vigor.
2401 5321 2590 5374 Colon.
2626 5321 2782 5383 1688,
2832 5319 2951 5382 fol.,
2983 5335 3036 5387 p.
3070 5320 3098 5370 7
3134 5322 3216 5381 A;
3277 5319 3461 5370 linitur

1877 5407 1974 5462 fol.
2010 5410 2136 5473 522,
2167 5412 2356 5465 eadem
2392 5412 2598 5465 ratione
2627 5426 2733 5479 qua
2762 5412 2904 5478 apud
2931 5411 3114 5477 Viger.
3147 5426 3200 5476 p.
3236 5409 3342 5463 ΞΜ
3373 5409 3457 5474 C).

1878 5501 1935 5555 6'
1967 5503 2311 5573 Athenagora:
2352 5505 2679 5558 Atheniensis
2739 5503 2958 5573 Legatio
3003 5519 3098 5571 pro
3140 5500 3462 5556 Christiania

270 5655 380 5738 il!)
420 5655 493 5734 Dr}
518 5657 922 5738 S_tto_pos_itorum
947 5643 1160 5738 iustitio
1188 5661 1450 5738 librorum
1492 5665 1768 5722 codicibus
1820 5666 1972 5722 mstis
2015 5668 2175 5724 adeas
2228 5666 2559 5736 Fabricium,
2613 5665 2865 5722 Biblioth.
2897 5666 3090 5732 (ἕπει-η
3122 5665 3209 5723 ed.
3239 5662 3460 5738 llarles,

209 5719 489 5797 Uamburgi
525 5719 685 5793 18⁷01,
721 5727 870 5793 iri-4',
909 5739 946 5783 t.
980 5729 1086 5799 γη,
1112 5746 1166 5800 p.
1205 5735 1274 5788 68
1301 5749 1420 5804 sqq.
