4140 6408
643 335 753 391 219

1572 337 1628 392 S.
1671 337 2012 393 JUSTINUS
2043 334 2528 392 PHILOSOPHUS
2565 335 2652 390 ΕΤ
2688 335 2999 390 MARTYR.

3806 329 3936 386 220

642 454 788 525 (fol.
823 453 932 511 33%
959 454 994 510 b
1017 484 1086 494 —
1109 452 1219 510 548
1242 455 1282 522 ).
1312 456 1370 509 7'
1400 455 1549 510 Idem
1585 456 1646 508 de
1677 459 2055 509 resurrectione
2091 473 2234 508 mor-
2267 463 2311 518 Α
2345 457 2476 510 nihil
2506 457 2605 512 nisi
2639 457 2900 519 rubricas,
2938 455 2992 506 1ι.
3025 468 3074 508 e.
3107 453 3314 506 indices
3360 464 3540 504 rerum
3600 450 3669 502 de
3716 447 3936 517 quibus

641 559 858 602 tuorum
885 557 906 618 (
933 547 1027 601 fol.
1059 548 1165 602 348
1193 550 1226 604 b
1249 579 1321 589 —
1354 549 1459 604 567
1497 551 1529 604 b
1554 549 1592 617 ).
1639 549 1695 602 8⁸
1725 548 1938 602 Eusebii
1975 548 2236 613 Pamphili

641 641 892 693 adversus
923 635 1223 692 Hieroclem
1253 639 1388 693 liber
1415 639 1531 708 (fol.
1563 639 1667 692 368
1690 669 1756 678 —-
1779 638 1873 692 401
1915 639 1988 706 1ι).
2018 639 2073 692 9’
2098 642 2238 691 Ano-

642 732 786 800 1ιῃωί
830 732 1185 802 fragmentum
1235 735 1300 787 de
1342 734 1490 800 loco,
1538 735 1677 788 unde
1716 733 1989 786 accersivit
2026 734 2235 784 asinum

641 819 895 876 Senator
921 823 1156 889 (addidit
1191 824 1292 878 hoc
1325 824 1689 894 lragmentum
1723 824 1842 895 μοι.
1878 823 1983 877 4112
2009 823 2118 893 sq.]
2149 823 2235 877 lit-

641 911 774 964 teris
810 913 1121 968 urcialibus
1169 915 1476 970 minoribus
1521 926 1806 969 exaratum
1842 915 1980 968 alius
2028 916 2230 979 scriba,

637 1002 729 1070 qui
783 1018 851 1057 ex
904 1004 1091 1070 Hasii,
1121 1008 1327 1060 veteris
1375 1009 1452 1060 rei
1491 1008 1856 1076 diplomatitxe
1888 1006 2230 1074 peritissimi,

637 1096 951 1164 conjectura
999 1097 1203 1151 seculo
1243 1099 1456 1152 decimo
1506 1099 1638 1151 vixit
1684 1097 1819 1166 (12).
1865 1127 1934 1136 —
1985 1097 2033 1150 Is
2065 1098 2228 1150 codex

640 1203 804 1242 manu
829 1186 1047 1254 Baanis,
1079 1191 1282 1243 notarii
1312 1192 1491 1243 Aretze
1517 1189 1782 1244 Cmsarea:
1810 1190 2231 1262 archiepisc0pi,

640 1295 786 1336 anno
817 1281 1019 1336 Christi
1051 1281 1156 1336 9H
1203 1293 1464 1336 exoratus
1505 1293 1622 1344 est;
1661 1284 1866 1336 etenim
1909 1283 1976 1336 ad
2025 1283 2232 1336 calcem

639 1369 758 1438 (fol.
781 1369 876 1423 ιοι
909 1370 966 1438 1))
994 1371 1157 1425 habet
1185 1389 1196 1424 :
1240 1372 1482 1440 Ἐγράφη
1519 1373 1658 1440 χειρὶ
1695 1373 1952 1434 Βαάνους,
1985 1373 2231 1442 νοταρίου

651 1462 845 1530 Ἀρέτα
875 1464 1304 1532 ἁρχιεπισκὸπου
1337 1464 1667 1533 Καισαρείας
1691 1465 2100 1527 Καππαδοκίας,
2125 1464 2230 1516 ἔτει

637 1553 846 1624 κόσμου
897 1555 1072 1618 ,ςυχ6’
1125 1560 1220 1621 (a.
1254 1555 1414 1618 6422,
1471 1556 1525 1607 h.
1568 1570 1618 1609 e.
1650 1555 1853 1609 Christi
1907 1557 2057 1624 9H).
2098 1557 2230 1621 Qui-

635 1646 760 1699 dam
814 1644 927 1699 VV.
985 1644 1120 1708 00.,
1155 1656 1212 1696 ιιι
1247 1645 1556 1699 llttlcltiuus
1608 1645 1707 1714 (in
1747 1645 1955 1714 ιιι-πιπτει.
1993 1649 2058 1700 ad
2097 1649 2225 1701 edit.

637 1736 855 1804 Apolog.
883 1749 1021 1799 ωε..
1049 1737 1180 1798 etc.)
1211 1744 1265 1788 et
1295 1733 1560 1787 Nourrius
1608 1735 1624 1802 (
1651 1735 1686 1786 l.
1717 1749 1793 1799 c.,
1825 1751 1876 1803 p.
1908 1734 2012 1789 468
2039 1737 2075 1802 ),
2109 1750 2231 1803 per-

2342 551 2393 601 in
2429 559 2578 601 textu
2605 547 2804 617 agitur,
2831 552 2913 600 vel
2939 546 3128 599 breves
3158 553 3314 598 notas
3371 540 3936 611 grammatico-asce-

2341 640 2474 694 ticas
2505 639 2842 700 contineant,
2886 640 2970 691 vix
3003 652 3068 691 ac
3107 651 3174 691 ne
3205 637 3290 689 vix
3321 636 3538 702 quidem
3589 633 3752 701 digna
3792 639 3936 685 sunt

2339 746 2456 799 qua:
2486 739 2670 784 nostro
2704 739 2946 798 tempore
3001 728 3142 798 typis
3189 725 3590 780 describantur.
3623 722 3695 778 Ut
3730 734 3936 775 exem-

2339 822 2483 890 plum
2516 820 2760 886 afferam,
2794 822 2935 887 quod
2966 820 3106 872 haud
3129 817 3244 872 scio
3260 833 3325 870 an
3345 817 3415 870 sit
3442 815 3618 869 instar
3645 814 3934 875 omnium,

2338 911 2429 965 tot.
2464 912 2585 971 108,
2617 913 2682 965 ad
2707 912 2868 964 verba
2901 908 3138 978 (Cohort.
3185 924 3236 963 c.
3279 907 3368 974 5|)
3402 921 3417 958 :
3446 906 3554 958 Kal
3589 902 3774 970 ἐπέϐη
3816 903 3935 956 ἐπὶ

2336 1005 2638 1071 Χερουὸίμ,
2681 1007 2969 1058 adnotatur
3018 1019 3030 1052 :
3077 1001 3185 1054 Καὶ
3218 1000 3305 1063 τό,
3342 997 3546 1067 Ἐπέϐη
3583 997 3676 1048 ἐπὶ
3709 997 3934 1064 Χερου-

2335 1096 2434 1164 ϐὶμ
2467 1097 2558 1147 καὶ
2593 1095 2882 1163 ὲπετὰσθη·
2920 1092 3191 1160 ὲπετάσθη
3223 1095 3316 1144 ἐπὶ
3361 1089 3646 1158 πτερύγων
3689 1089 3930 1157 ἀνέμουο

2335 1181 2422 1256 ἆρ’
2481 1188 2538 1237 οὺ
2598 1190 2959 1256 σαφέστερονς
3001 1186 3061 1238 Et
3115 1185 3274 1254 paulo
3328 1192 3493 1253 post:
3537 1184 3662 1234 Οὐκ
3713 1181 3786 1233 ἐν
3840 1179 3938 1243 τῷ

2333 1280 2617 1345 πνεύματι
2664 1280 2893 1345 Κύριος.
2956 1277 3124 1328 Τοῦτο
3169 1279 3226 1329 ὲν
3275 1279 3339 1345 τῇ
3396 1275 3513 1327 καθ’
3578 1275 3764 1327 Ἠλίαν
3831 1274 3940 1338 γέ-

2335 1385 2573 1436 γραπται
2647 1369 2886 1439 Θεοπτία·
2936 1370 3010 1432 ὼς
3069 1369 3168 1420 οὐκ
3225 1370 3282 1420 ὲν
3343 1367 3420 1436 τῷ
3478 1366 3747 1434 πνεύματι
3782 1362 3939 1414 Θεοῦ

2333 1460 2759 1528 ὲμφανιξομένου
2808 1458 3131 1526 ἀνθρώποις,
3175 1458 3276 1509 οὐκ
3332 1459 3390 1509 ὲν
3442 1455 3518 1525 τῷ
3583 1452 3936 1523 συσσεισμῷ,

2330 1556 2429 1606 οὐκ
2458 1557 2516 1606 ὲν
2542 1551 2618 1620 τῷ
2648 1553 2798 1620 πυρὶ.
2841 1552 2996 1622 Ψυχὴ
3038 1553 3146 1622 γὰρ
3177 1550 3485 1622 ἀνθρώπου,
3518 1553 3582 1619 τῇ
3618 1550 3747 1619 περὶ
3787 1549 3938 1602 Θεὸν

2331 1641 2733 1712 ὲνασχολεῖσθαι
2777 1641 3056 1712 ἀρξαμένη
3117 1643 3342 1712 θεωρίᾳ,
3391 1642 3528 1713 πρὸς
3587 1641 3778 1694 τοῦτον
3823 1641 3940 1710 μὲν

2329 1731 2418 1786 οἷά
2479 1751 2583 1785 τινι
2629 1732 2786 1800 βιαίῳ
2835 1731 3100 1800 πνεύματι
3148 1734 3381 1802 αἴρεται,
3430 1732 3539 1786 ἀπὸ
3582 1733 3692 1785 τῶν
3746 1729 3941 1801 χαμαὶ

636 1803 820 1894 peram
852 1827 1103 1896 legerunt
1139 1824 1412 1890 Βαάνους
1442 1827 1642 1888 νότου,
1676 1826 1728 1880 id
1758 1827 1901 1893 quod
1922 1825 2034 1891 jam
2065 1825 2224 1880 Bern.

2332 1825 2639 1895 ἐρχομένων
2671 1824 2945 1878 ἁπάντων.
2978 1826 3072 1877 11⁰
3104 1823 3312 1877 Tatiani
3342 1823 3530 1878 Oratio
3569 1826 3639 1877 ad
3680 1824 3935 1879 Gra’cos.

637 1918 703 1972 de
729 1914 1078 1970 llontl'ancon
1110 1917 1183 1985 (Ι.
1215 1931 1264 1968 c.
1301 1930 1354 1984 p.
1383 1912 1510 1980 275,
1545 1916 1670 1970 coll.
1705 1932 1756 1984 p.
1783 1917 1851 1970 55
1877 1927 1932 1970 et
1961 1917 2052 1986 43)
2084 1920 2228 1971 vitu-

637 2010 870 2078 peravit.
901 2009 1044 2063 Idem
1070 2024 1133 2061 es
1168 2009 1270 2061 hoc
1307 2009 1527 2062 eximia:
1561 2019 1700 2061 noue
1725 2009 1914 2062 codice
1946 2020 2104 2074 msto,
2133 2024 2219 2064 eo-

635 2103 757 2155 dem
816 2114 926 2168 quo
977 2099 1221 2167 scriptus
1295 2109 1379 2153 est
1455 2098 1859 2167 elegantissimo
1908 2100 2226 2156 charactere

631 2189 944 2260 exemplum
975 2189 1261 2258 proposuit
1299 2189 1379 2257 (l.
1409 2202 1458 2241 c.
1500 2203 1556 2256 p.
1596 2187 1723 2251 974,
1759 2205 1813 2242 n.
1844 2188 1904 2242 Ill
1934 2192 1972 2257 ).
2009 2192 2229 2246 Videtur

633 2280 804 2335 Hasio
855 2281 1184 2334 observante
1229 2277 1320 2330 ille
1368 2277 1634 2348 νοτάριος,
1673 2279 1727 2333 b.
1760 2294 1810 2333 e.
1844 2280 2223 2349 ealiigraphus,

632 2373 875 2442 linguam
923 2369 1175 2425 Graecam
1221 2369 1393 2432 probe
1434 2370 1710 2439 cognitam
1756 2370 2034 2434 habuisse,
2062 2371 2136 2422 ita
2170 2381 2228 2424 ut

632 2464 766 2517 vitia
824 2464 1028 2532 passim
1078 2463 1236 2516 obvia
1287 2461 1461 2529 codici
1514 2461 1622 2515 sint
1673 2462 2015 2530 imputandi,
2065 2479 2224 2533 quem

634 2556 1007 2624 transcripsit.
1055 2554 1287 2623 Egregio
1337 2562 1515 2606 autem
1551 2554 1653 2606 hoc
1699 2554 1841 2607 libro
1875 2564 2039 2619 msto,
2074 2554 2228 2623 cujus

633 2645 958 2702 auctoritati
1009 2659 1118 2715 prae
1168 2645 1407 2707 caneris,
1445 2653 1631 2712 utpar
1681 2654 1786 2710 est,
1812 2646 2225 2712 obsequendum

630 2743 974 2806 censuimus,
999 2743 1112 2810 jam
1139 2752 1303 2793 antea
1334 2743 1385 2792 in
1407 2739 1716 2793 Partenesin
1744 2744 1826 2793 usi
1856 2751 1982 2792 sunt
2009 2739 2227 2792 Hutchi-

634 2849 738 2888 nus
767 2845 822 2888 et
851 2833 1130 2899 Maranus,
1163 2834 1490 2902 quibuscum
1539 2831 1672 2886 Cod.
1707 2831 1836 2903 Reg.
1876 2833 1898 2886 1
1930 2832 2226 2902 appellari-

692 2942 778 2980 us.

634 2942 788 3072 Inlll.
819 3016 999 3072 Codex
1023 3015 1215 3087 Regius
1239 3014 1545 3080 CLXXIV,
1571 3016 1700 3070 olim
1729 3017 1886 3078 1558,
1923 3027 2035 3070 tum
2055 3017 2223 3082 29l9,

2327 1917 2606 1971 Accedunt
2642 1917 2846 1969 scholia
2885 1915 3045 1984 paulo
3079 1916 3354 1976 uberiora,
3401 1931 3503 1968 nec
3549 1915 3770 1984 indigna
3810 1929 3946 1968 om-

2328 2010 2458 2062 nino
2480 2025 2599 2076 qua:
2626 2009 2801 2062 lucem
2853 2007 3121 2075 publicam
3177 2007 3471 2076 aspiciant.
3523 2007 3703 2060 Varia:
3733 2016 3933 2060 autem

2327 2101 2532 2154 codicis
2560 2100 2702 2153 illius
2733 2100 3012 2153 Orationis
3065 2099 3331 2154 lectiones
3373 2099 3428 2152 in
3486 2099 3729 2152 editione
3773 2098 3938 2152 Oso-

2330 2193 2503 2245 niensi
2536 2193 2659 2244 anni
2693 2190 2830 2244 1700
2873 2201 3274 2258 νερτωεθηιιιιςε
3305 2201 3457 2246 sunt.
3492 2189 3590 2244 12⁸
3619 2191 3938 2257 Athenago-

2331 2299 2424 2347 ται,
2457 2283 2787 2336 Atheniensis
2811 2283 3134 2350 philosophi,
3174 2280 3390 2349 Legatio
3429 2299 3525 2350 pro
3565 2280 3891 2336 Christianis
3917 2323 3938 2346 ,

2328 2389 2449 2427 cum
2506 2375 2774 2427 similibus
2822 2374 3066 2430 scholiis.
3123 2374 3222 2428 15°
3258 2372 3511 2442 Ejusdem
3549 2384 3810 2427 tractatus
3862 2377 3940 2427 de

2328 2475 2652 2517 mortuorum
2682 2466 3084 2518 resurrectione.
3135 2464 3229 2516 Ηο
3262 2464 3478 2518 Eusebii
3509 2461 3772 2534 Pamphili
3797 2466 3940 2516 liber

2329 2559 2576 2609 adversus
2635 2555 2953 2609 Hieroclem.
2988 2585 3054 2594 —
3099 2555 3146 2609 Is
3198 2557 3392 2621 codex,
3450 2555 3604 2624 cujus
3645 2556 3936 2622 specimen

2329 2649 2475 2701 dedit
2524 2647 2785 2700 Bernard.
2831 2649 2898 2700 de
2954 2646 3274 2700 Monl'aucou
3330 2648 3392 2715 (l.
3420 2662 3492 2707 c.,
3520 2663 3572 2716 p.
3618 2647 3748 2710 279,
3777 2662 3831 2699 n.
3861 2646 3938 2716 l),

2330 2737 2527 2790 seculo
2579 2738 2868 2790 undecimo
2920 2749 3180 2790 exaratus
3229 2739 3444 2791 videtur
3486 2739 3599 2806 (l3)
3629 2753 3658 2790 a
3693 2739 3939 2791 diversis

2327 2833 2543 2900 quidem
2570 2829 2842 2891 manibus,
2874 2844 2994 2897 quae
3041 2839 3222 2882 tamen
3277 2844 3468 2883 omnes
3515 2828 3764 2897 ejusdem
3813 2828 3940 2884 iero

2330 2923 2588 2991 temporis
2635 2931 2778 2975 sunt.
2815 2921 2868 2972 In
2931 2919 3036 2973 line
3066 2920 3184 2988 (fol.
3236 2919 3338 2974 I90
3377 2920 3431 2987 b)
3470 2921 3752 2988 reperitur
3813 2922 3938 2976 haec

2328 3013 2652 3082 possessoris
2687 3021 2811 3064 nota
2873 3011 3186 3065 inferiorem
3239 3021 3458 3065 aetatem
3512 3012 3800 3081 prodens:
3864 3013 3941 3068 Ἡ

632 3113 1111 3174 membranaceus,
1146 3110 1334 3163 forma:
1365 3111 1671 3177 quadratre,
1711 3109 2221 3172 Fonteblaudcusis,

2332 3105 2511 3174 βίΰλος
2539 3103 2674 3172 αὕτη
2710 3103 2958 3166 εὐτελοῦς
3000 3104 3412 3174 χαρτοφὺ).ακος
3450 3104 3604 3165 πέλει
3651 3103 3939 3176 Γεωργίοο

631 3201 684 3256 1ι.
715 3215 766 3256 e.
793 3214 858 3254 ex
896 3199 1066 3270 Regia
1100 3199 1433 3253 bibliotheca
1473 3199 1601 3253 olim
1633 3201 1686 3254 iu
1740 3215 1866 3254 arce
1899 3199 2223 3253 Fonteblan-

629 3293 781 3348 densi
809 3302 1093 3347 asservata
1125 3290 1392 3361 originem
1428 3292 1667 3344 trabeus.
1719 3291 1866 3344 Folia
1932 3301 2058 3344 sunt
2106 3290 2224 3344 190.

630 3381 706 3436 Ibi
759 3381 893 3444 (vid.
945 3379 1231 3450 Catalogg.
1293 3397 1347 3449 p.
1405 3381 1472 3434 27
1538 3381 1646 3450 sq.)
1721 3383 2118 3437 continentur:
2166 3383 2226 3436 1°

632 3472 1002 3543 Olympiodori
1031 3471 1457 3548 Commentaries
1480 3473 1535 3526 in
1569 3473 1944 3528 Ecclesiasten.
1973 3475 2039 3527 ‘20
2065 3475 2228 3528 Scho-

629 3565 706 3619 lia
736 3566 792 3618 in
833 3563 1118 3618 Proverbia
1158 3563 1489 3625 Salomonis,
1521 3576 1552 3617 e
1575 3563 1782 3626 Basilii,
1836 3564 2102 3629 Diadecti,
2139 3564 2229 3616 Di-

630 3651 801 3723 dymi,
836 3651 1075 3721 Evagrii,
1104 3650 1375 3721 Hippolyti
1405 3660 1460 3704 et
1485 3650 1713 3703 Palladii
1763 3652 1980 3719 scriptis
2038 3667 2229 3704 escer-

629 3759 744 3816 pta.
775 3745 1054 3800 Laudatur
1083 3745 1250 3799 etiam
1272 3744 1615 3798 Aristoteles.
1661 3744 1724 3796 3°
1755 3745 2032 3796 Athanasii
2083 3745 2227 3796 locus

627 3843 696 3892 de
728 3835 985 3892 Psalmis.
1018 3836 1085 3890 4ο
1108 3835 1298 3890 Decem
1331 3835 1518 3889 ueteris
1547 3835 1675 3905 legis
1704 3838 1979 3888 mandata.
2014 3835 2077 3888 5°
2111 3835 2232 3889 Ma-

629 3929 761 3983 ximi
813 3927 1134 3997 confessoris
1177 3925 1538 3991 Qua'stiones,
1589 3926 2026 3995 interrogationes
2064 3937 2110 3980 et
2147 3942 2227 3978 re-

628 4020 940 4088 sponsiones
965 4018 1224 4071 breviores
1241 4031 1262 4079 ;
1292 4019 1413 4068 item
1466 4019 1797 4067 diversorum
1832 4017 2061 4082 capitum
2094 4017 2228 4083 difﬁ-

629 4114 811 4168 cilium
855 4111 1046 4166 selecto
1099 4108 1400 4176 explicatio.
1443 4109 1510 4163 ϐ’
1543 4107 1762 4160 Scholia
1801 4107 1855 4159 in
1904 4106 2228 4161 Ezecltielem

628 4207 960 4276 praphetans,
992 4217 1059 4256 ex
1094 4200 1444 4269 Apollinarii,
1500 4198 1750 4265 Gregorii
1810 4197 2065 4269 Nysseni,
2105 4199 2228 4254 Ori-

630 4299 808 4370 genis,
837 4295 1266 4366 Polychrnniie:
1297 4291 1630 4344 Theodoreti
1679 4291 1898 4357 scriptis
1946 4301 2224 4360 excerpta.

631 4393 696 4446 7°
719 4390 936 4447 Scholia
965 4390 1022 4444 in
1056 4387 1365 4449 Danielem;
1394 4385 1467 4437 ibi
1513 4397 1889 4450 saepenumero
1937 4381 2228 4435 laudantur

630 4481 962 4546 Africanus,
1014 4478 1364 4542 Ammonius,
1424 4476 1848 4544 Chrysostomus
1874 4513 1888 4537 ,
1950 4473 2221 4542 Cyrillus,
2256 4481 2301 4535 ι)

633 4573 961 4644 Hippolytus
1002 4582 1056 4626 et
1082 4570 1500 4639 Polychronius.
1533 4570 1596 4622 8°
1639 4566 1903 4633 Excerpta
1926 4582 1953 4619 e
1995 4566 2231 4619 Theodo-

634 4666 730 4719 reti
765 4663 1006 4732 Dialogis
1033 4661 1226 4725 tribus,
1260 4658 1549 4730 ὲρανιστὴν
1581 4659 1718 4712 inter
1757 4667 1805 4710 et
1855 4656 2226 4709 orthodoxam.

631 4755 697 4812 9°
736 4753 924 4808 Sancti
976 4749 1181 4806 Justini
1228 4750 1479 4817 martyris
1526 4748 1596 4800 ad
1644 4746 1840 4799 Zenam
1883 4756 1930 4799 et
1975 4743 2230 4798 Serenum

631 4846 854 4916 epistola
885 4844 1005 4914 (fol.
1062 4843 1262 4908 85-92;
1319 4842 1490 4911 prima
1536 4847 1592 4892 et
1644 4847 1886 4891 extrema
1942 4838 2107 4890 verba
2163 4838 2238 4890 le-

633 4949 834 5011 guntur
886 4937 963 4992 uti
1013 4935 1153 5005 apud
1186 4933 1467 4987 Maranum
1492 4948 1545 5000 p.
1572 4929 1674 4984 £08
1710 4929 1955 4982 Λ.-41Ἰ
2000 4929 2100 4998 Β).’
2135 4931 2230 4983 11)0

633 5031 893 5105 Ejusdem
919 5029 1112 5084 Oratio
1135 5028 1458 5095 paranetica
1488 5025 1558 5078 ad
1607 5023 1841 5078 ercos.
1875 5023 2131 5093 Conjecta
2165 5025 2232 5077 ad

635 5123 938 5193 marginem
964 5118 1153 5174 brevia
1181 5117 1432 5187 quaedam
1461 5114 1666 5169 scholia
1710 5115 1979 5168 hactenus
2028 5112 2230 5167 inedita

627 5212 835 5289 (fol.92
873 5209 1231 5279 b—ll2).Ea
1265 5217 1474 5274 autem,
1506 5205 1668 5262 Hasio
1702 5205 1907 5276 judice,
1943 5220 2065 5259 cum
2115 5203 2230 5258 fere

709 5346 824 5471 (12‘:
864 5343 1321 5428 Biantel'aleonius
1351 5350 1534 5396 autem
1562 5339 1996 5421 (Ραιωοςι-..ιέγη
2028 5353 2082 5404 p.
2103 5340 2231 5418 2:16)

709 5436 738 5471 a
823 5432 895 5471 uo
945 5415 1075 5468 [olla
1129 5423 1340 5471 mteara
1397 5427 1427 5465 a
1481 5411 1662 5464 Baane
1692 5418 1936 5464 exercitu
1976 5417 2030 5461 et
2065 5423 2231 5460 amnu

636 5409 738 5473 ista
783 5409 895 5471 duo
945 5415 1075 5468 lolia
1129 5417 1340 5481 integra
1397 5427 1427 5465 a
1481 5409 1662 5464 Baane
1692 5409 1936 5481 exercitii
1976 5417 2030 5461 et
2065 5410 2231 5460 animi

636 5502 807 5542 causa
835 5485 1038 5540 unciali
1066 5479 1388 5538 charactere
1423 5481 1683 5548 opinatur
1712 5479 1983 5545 descripta
2017 5491 2158 5548 esse.

709 5557 824 5625 (15)
849 5556 996 5610 Idem
1034 5546 1485 5625 Slontel'alcouius
1527 5549 1575 5625 (Ι,
1608 5565 1668 5625 _c.
1698 5565 1750 5616 p.
1785 5549 1888 5625 2η
1951 5546 2101 5616 sqq.)
2135 5547 2230 5599 de-

639 5619 784 5684 cimo
807 5619 953 5679 hunc
979 5623 1222 5677 codicem
1278 5619 1480 5674 Saecula
1525 5621 1733 5684 judicat
1787 5619 2045 5685 scriptum
2087 5632 2229 5671 esse.

643 5716 663 5748 ι
704 5696 857 5757 Nam,
909 5696 1106 5762 inquit,
1161 5693 1212 5745 iu
1260 5692 1472 5762 aliquot
1517 5691 1758 5762 ejusdem
1803 5687 2232 5762 lorma:_codiees

642 5766 828 5828 incidi.
866 5758 1000 5820 anui
1029 5775 1213 5819 notam
1249 5761 1508 5826 ferentes,
1541 5761 1629 5829 qui
1679 5773 1865 5811 omnes
1909 5758 2097 5811 eodem
2130 5772 2222 5810 sa:-

2329 3196 2422 3248 τοῦ
2482 3195 2793 3263 Σκληράτου
2841 3195 3085 3247 διακόνου
3136 3197 3235 3265 τῆς
3275 3196 3482 3262 Πάφου.
3544 3194 3602 3251 ld
3649 3206 3739 3252 est
3781 3197 3937 3251 enim

2330 3287 2537 3355 signum
2567 3286 2764 3348 crucis,
2790 3283 2965 3352 quod,
3000 3297 3058 3338 ut
3085 3285 3280 3338 [Iasius
3322 3288 3526 3339 abhinc
3571 3297 3814 3354 quatuor
3835 3302 3942 3339 an-

2330 3393 2430 3430 nos
2452 3377 2505 3429 iu
2533 3375 2741 3430 Graecia
2787 3375 2942 3441 vidit,
2982 3377 3189 3431 nostris
3213 3393 3431 3446 quoque
3463 3377 3804 3446 temporibus
3832 3379 3939 3434 ho-

2332 3472 2504 3522 mines
2537 3478 2665 3520 uatu
2706 3470 2938 3538 grandes
2981 3478 3143 3538 atque
3183 3470 3255 3538 pii
3298 3479 3534 3535 ponunt,
3571 3470 3935 3538 quotiescun-

2329 3577 2432 3630 que
2467 3561 2667 3630 aliquid
2715 3571 2841 3614 sunt
2884 3562 3176 3628 scripturi;
3230 3571 3549 3630 nuncupant
3593 3561 3658 3614 τὸ
3699 3562 3937 3630 σταυρέ

2323 3654 2553 3718 βοήθει.
2578 3652 2832 3706 Codicem
2865 3663 3046 3706 autem
3084 3652 3230 3705 illum
3271 3651 3552 3707 Orationis
3583 3658 3937 3722 parmuetica:

2331 3745 2469 3798 haud
2505 3745 2980 3807 contemnendum,
3030 3746 3143 3813 qui,
3180 3755 3236 3797 ut
3283 3759 3348 3799 ex
3408 3747 3640 3800 mirifica
3691 3761 3936 3801 consen-

2329 3841 2482 3894 sione
2515 3841 2762 3908 patescit,
2797 3840 3037 3909 ejusdem
3079 3840 3298 3896 inutilia:
3351 3851 3436 3897 est
3490 3853 3658 3911 atque
3697 3842 3837 3913 Reg.
3872 3844 3931 3898 1.

2329 3932 2401 4000 (n.
2435 3930 2586 3997 451),
2632 3929 2894 3982 llulchiui
2942 3941 2998 3983 et
3051 3928 3255 3984 Marani
3306 3932 3442 4001 siglo
3501 3933 3634 3986 Cod.
3683 3931 3816 3998 Rea.
3873 3933 3936 3998 2,

2328 4021 2747 4089 designavimus.

2401 4109 2465 4160 IV
2513 4109 2690 4161 Codex
2715 4107 2905 4176 Regius
2939 4106 3098 4171 XIX,
3155 4109 3285 4160 olim
3337 4109 3694 4164 Culhcrtinus
3749 4110 3934 4178 358i;

2329 4200 2452 4252 inde
2493 4203 2561 4254 ab
2593 4215 2735 4253 anno
2761 4200 2920 4262 1752,
2960 4215 3084 4252 cum
3113 4199 3353 4254 Colberti
3383 4216 3572 4270 nepos,
3614 4217 3801 4256 comes
3862 4205 3935 4258 de

2331 4291 2638 4360 Seignelay,
2673 4301 2841 4345 iustos
2881 4290 3048 4344 libros
3087 4293 3412 4345 haereditate
3449 4300 3705 4360 acceptos
3745 4293 3936 4350 Ludo-

2332 4383 2452 4436 vico
2505 4381 2594 4436 XV
2663 4383 3012 4445 vendidisset,
3080 4380 3280 4450 Regius
3350 4383 3514 4450 2854,
3576 4386 3932 4456 chartaceus,

2336 4569 2520 4624 forma:
2551 4569 2850 4636 quadrata.
2881 4567 2953 4620 lbi
2984 4567 3114 4637 (vid.
3149 4568 3430 4636 Catalogg.
3458 4583 3509 4637 p.
3546 4573 3602 4635 9)
3641 4572 3930 4629 contine"-

2335 4673 2421 4715 tur
2464 4685 2474 4716 ;
2516 4663 2572 4714 1ο
2603 4659 2724 4713 Job.
2777 4659 2841 4712 2°
2870 4659 3070 4710 Justmi
3115 4659 3410 4726 philosophi
3453 4671 3503 4714 et
3543 4664 3793 4732 martyris
3829 4664 3938 4719 Co-

2350 4753 2579 4805 hortutio
2626 4753 2694 4803 ad
2761 4747 2992 4802 (ἔνατος.
3031 4751 3094 4803 ὅθ
3124 4749 3491 4819 Apocalypsis.
3529 4781 3600 4792 —
3644 4752 3693 4806 ls
3731 4757 3932 4822 codex,

2333 4843 2486 4910 cujus
2515 4844 2640 4895 folia
2675 4858 2778 4895 nou
2808 4851 3088 4894 numerata
3126 4854 3274 4906 sunt,
3303 4844 3506 4898 swculo
3531 4846 3746 4899 decimo
3773 4860 3935 4904 sexto

2332 4945 2587 4987 exaratus
2613 4934 2828 4986 videtur
2869 4933 3028 5000 idque
3064 4932 3231 4987 llasio
3281 4936 3616 4990 admonente
3649 4937 3720 4991 ab
3748 4939 3932 5008 aliqua

2334 5027 2613 5094 Eur0pazo,
2650 5027 2705 5078 h.
2738 5039 2789 5079 e.
2813 5026 3167 5079 occidentalis
3197 5039 3377 5089 terrm,
3416 5029 3533 5082 sive
3596 5029 3763 5083 Italia:
3818 5035 3939 5087 sive

2332 5115 2544 5181 Galli-aa,
2574 5117 2773 5181 incola,
2802 5119 2894 5184 qui
2930 5119 3032 5172 hoc
3063 5117 3300 5172 fortasse
3341 5119 3504 5173 modo
3525 5122 3822 5188 quamdam
3882 5125 3936 5176 in

2332 5209 2533 5264 Graecis
2572 5210 2767 5265 litteris
2816 5211 3269 5265 exercitationem
3323 5211 3430 5266 sibi
3476 5213 3649 5268 voluit
3700 5231 3935 5287 parare;

2333 5343 2456 5396 culo
2478 5343 2683 5396 exarati
2712 5354 2855 5397 sunt.
2887 5342 2982 5396 Hic
3005 5343 3188 5398 dativo
3212 5362 3228 5396 ι
3255 5344 3574 5410 ascribitur,
3625 5360 3682 5399 ut
3739 5351 3791 5400 in
3825 5351 3939 5402 ἐπι-

2334 5413 2538 5476 στολῆι,
2584 5413 2726 5479 quod
2747 5414 2798 5464 iu
2826 5414 3030 5479 aliquot
3054 5415 3456 5480 exemplaribus
3484 5415 3847 5477 observatur;
3881 5422 3934 5470 iu

2337 5485 2575 5550 pluribus
2608 5483 2897 5534 omittitur.
2938 5484 3208 5536 Acceutus
3247 5502 3351 5536 non
3400 5485 3469 5537 ita
3518 5498 3779 5540 accurate
3811 5489 3932 5539 ubi-

2334 5567 2437 5624 que
2464 5561 2740 5624 putantur,
2775 5553 2867 5624 sed
2896 5554 3040 5624 haud
3075 5569 3197 5606 raro
3231 5555 3596 5622 negliguntur,
3623 5567 3678 5609 et
3704 5557 3934 5624 spiritus

2335 5621 2604 5688 similiter,
2650 5622 2739 5692 qui
2789 5623 2968 5677 orisca
3012 5622 3184 5677 forma
3233 5621 3554 5695 plerumque
3600 5621 3933 5684 describun-

2337 5701 2438 5743 tur.
2479 5710 2495 5741 ι
