4140 6410
662 378 759 434 251

1615 374 1670 429 S.
1709 372 1970 429 JllSTlNl
2012 371 2420 429 PHILOSOPHI
2447 373 2533 428 ET
2560 371 2916 427 MARTYRIS

3806 372 3921 428 253

663 499 961 554 Briseidem
994 496 1311 551 inimicitias
1335 496 1592 565 suscepit.
1634 496 1749 565 Ipse
1788 508 1965 551 autem
1999 497 2223 564 Pelides,

2333 499 2361 549 ὁ
2387 498 2624 565 ποταμὸν
2651 496 2893 567 πηδήσας
2912 497 3007 563 (ὅ),
3025 495 3215 565 Τροίαν
3240 496 3635 567 καταστρέψας,
3674 496 3919 567 Ἕκτορα

661 590 756 656 qui
791 588 1017 642 ﬂuvium
1052 589 1191 642 saltu
1256 587 1536 649 transiliit,
1589 589 1681 656 qui
1736 588 1957 657 Trojam
2013 590 2231 642 evertit.

659 682 755 749 qui
794 680 1083 733 Hectorem
1120 680 1171 733 in
1209 688 1533 747 putestatem
1567 679 1798 748 redegit,
1821 690 1998 734 vester
2025 680 2113 732 ille
2140 681 2235 733 lte-

663 786 773 835 ros,
809 770 1097 840 Polyxena:
1150 770 1473 824 servitutem
1530 769 1821 830 serviebat,
1862 771 1929 824 ab
1960 772 2236 825 Amazone

661 871 876 914 mortua
906 872 1198 929 superatus
1231 871 1392 914 erat:
1438 876 1558 913 cum
1592 874 1745 913 arma
1772 874 1801 912 a
1838 860 1937 914 deo
1966 859 2232 914 fabricata

661 953 928 1014 exuisset,
963 962 1017 1005 et
1052 963 1278 1011 vestem.
1315 952 1531 1019 qualem
1565 951 1746 1019 sponsi
1776 959 1992 1020 gemat,
2027 953 2237 1005 induis-

660 1050 765 1104 set,
796 1043 995 1095 amoris
1022 1041 1367 1095 conciliatrix
1400 1042 1621 1096 victima
1675 1041 1728 1094 in
1770 1042 2041 1110 Apollinis
2094 1054 2234 1097 tem-

661 1134 750 1201 plo
789 1134 910 1189 fuit.
943 1134 1013 1186 At
1046 1133 1343 1187 Ithacensis
1389 1132 1729 1197 Laertiades,
1766 1149 1832 1188 ex
1887 1134 2235 1204 improbitate

662 1225 862 1280 famam
895 1226 1113 1281 virtutis
1162 1226 1406 1280 lucratus
1451 1236 1551 1280 est.
1614 1226 1809 1281 Fuisse
1846 1237 2024 1283 autem
2080 1227 2234 1281 bona

662 1314 963 1383 prudentiae
992 1322 1294 1383 expertem,
1328 1312 1417 1365 illa
1452 1313 1600 1366 circa
1634 1311 1835 1375 locum,
1875 1312 1966 1365 ubi
2010 1309 2235 1366 Sirenes

661 1417 842 1470 erant,
874 1405 1154 1475 navigatio
1186 1404 1522 1458 declaravit:
1577 1418 1695 1458 cum
1729 1404 2013 1472 prudentia
2075 1418 2236 1458 aures

658 1497 923 1551 obturare
967 1512 1080 1550 non
1140 1498 1394 1565 potuerit.
1444 1493 1793 1549 Telamonius
1843 1494 1932 1549 ille
1962 1495 2117 1564 Ajas,
2149 1510 2235 1549 se.

660 1586 969 1657 ptemplicis
1000 1585 1175 1657 clypel
1213 1596 1475 1653 gestator,
1512 1584 1718 1652 judicio
1772 1586 1915 1654 quod
1947 1584 2015 1641 de
2067 1586 2233 1639 armis

659 1678 887 1733 Achillis
913 1678 1178 1731 adversus
1233 1675 1478 1747 Ulyssem
1538 1676 1869 1737 intenderat.
1919 1684 2228 1743 superatus,

660 1769 845 1823 furore
880 1768 1307 1838 corripiebatur.
1353 1766 1477 1821 llatc
1522 1766 1703 1821 doceri
1756 1766 1901 1821 nolo.
1935 1765 2050 1820 Non
2084 1766 2229 1820 enim

2336 587 2756 655 χειρωσάμενος,
2812 586 3114 655 Πολυξένης
3158 589 3185 637 ὁ
3237 588 3385 657 ήρως
3423 588 3575 657 ὑμῶν
3606 586 3792 649 δοῦλος
3819 583 3913 657 ἦν.

2336 676 2439 725 ὑπὸ
2492 675 2782 744 Ἀμαζόνος
2807 678 3005 745 νεκρᾶς
3034 677 3280 747 νενίκήτο
3303 694 3314 705 ·
3353 679 3420 730 τὰ
3447 678 3737 730 θεότευκτα
3769 676 3918 728 ὅπλα

2336 766 2777 832 ἀποδυσάμενος,
2827 767 3100 836 νυμφικήν
3161 768 3353 838 στολὴν
3390 768 3467 838 (6)
3524 768 3914 837 ἐνδυσάμενος,

2337 858 2571 929 φίλτρων
2600 857 2746 927 θῦμα
2791 859 2998 925 ἐγίνετο
3047 860 3107 909 ὲν
3156 860 3232 929 τῷ
3264 860 3359 913 τοῦ
3409 860 3738 922 ’Λπόλλωνος
3774 858 3913 929 νηῷ.

2348 951 2405 1003 Ὀ
2448 950 2555 1020 γὰρ
2620 950 2919 1021 Ἰθακήσιος
2968 952 3306 1021 Λαερτιάδης
3357 953 3423 1005 ὲκ
3470 951 3669 1013 κακίας
3710 949 3917 1021 ἀρετὴν

2337 1041 2750 1112 ὲνεπορεύσατο.
2804 1042 2925 1093 Ὅτι
2968 1042 3023 1094 δὲ
3076 1042 3286 1110 ἀγαθῆς
3333 1044 3647 1114 φρονήσεως
3686 1042 3916 1112 ἄμοιρος

2335 1126 2423 1198 ἦν,
2446 1134 2475 1183 ὁ
2497 1130 2634 1184 κατὰ
2663 1129 2806 1201 [τὰς]
2834 1131 3093 1201 Σειρῆνας
3119 1131 3379 1195 διάπλους
3409 1132 3698 1201 ἐδήλωσεν,
3729 1132 3808 1182 ὅτι
3834 1132 3916 1199 μὴ

2335 1228 2566 1297 ἠδυνήθη
2635 1228 2900 1297 φρονῆσαι
2975 1227 3051 1293 (7)
3111 1224 3386 1296 ἐμφράξαι
3438 1226 3536 1295 τὴν
3593 1226 3781 1294 ἀκοήν.
3856 1224 3922 1275 '0

2336 1313 2677 1384 Τελαμώνιος
2717 1316 2884 1379 Δίας,
2924 1316 2956 1366 ὁ
3004 1316 3065 1366 τὸ
3116 1316 3429 1367 ἑπταϐόειον
3490 1315 3669 1385 φέρων
3724 1314 3919 1375 σάκος,

2334 1403 2423 1456 διὰ
2446 1405 2543 1475 τὴν
2568 1406 2702 1473 πρὸς
2757 1406 3011 1458 Ὀδυσσέα
3063 1406 3189 1476 περὶ
3225 1405 3335 1457 τῶν
3388 1406 3566 1458 ὃπλων
3608 1406 3787 1476 κρίσιν
3809 1407 3917 1474 ήτ-

2334 1495 2519 1565 τηθεὶς
2574 1498 2678 1549 ὑπὸ
2702 1497 2896 1566 μανίας
2928 1499 3196 1567 ἡλίσκετο.
3251 1497 3433 1549 Ταῦτα
3464 1496 3811 1549 παιδεύεσθαι
3851 1496 3920 1547 οὐ

2336 1584 2496 1640 θέλω.
2537 1588 2611 1641 Οὐ
2662 1588 2769 1659 γὰρ
2811 1589 3064 1659 τοιαύτης
3125 1588 3327 1657 ἀρετῆς
3371 1585 3759 1657 ὲπιδικάζομαι
3808 1584 3921 1655 (8),

2335 1678 2421 1729 ἶνα
2448 1679 2560 1740 τοῖς
2597 1677 2833 1748 Ὀμήρου
2867 1677 3056 1748 μύθοις
3078 1678 3371 1748 πείθωμαι.
3396 1679 3551 1731 Ἔστι
3568 1678 3677 1748 γὰρ
3700 1678 3732 1746 ἡ
3763 1678 3921 1729 πᾶσα

2338 1768 2599 1840 ῥαψῳδία,
2641 1768 2858 1832 Ἰλιάδος
2888 1785 2947 1820 τε
2970 1768 3063 1821 καὶ
3106 1768 3418 1832 Ὀδυσσείας
3449 1768 3591 1839 ἁρχὴ
3617 1767 3713 1820 καὶ
3738 1766 3923 1829 τέλος,

659 1862 728 1915 de
758 1860 853 1914 tali
888 1860 1088 1915 virtute
1112 1860 1405 1924 contendo,
1461 1868 1520 1911 ut
1577 1857 1795 1912 Homeri
1836 1857 2034 1911 fabulis
2067 1855 2229 1912 ﬁdem
2264 1864 2306 1924 Β
2334 1862 2494 1932 γυνή.

658 1952 948 2022 praebeam.
988 1950 1083 2005 Est
1130 1950 1275 2004 enim
1310 1956 1419 2003 tota
1480 1949 1793 2017 rhapsodia,
1842 1963 1907 2003 ac
1964 1946 2148 2003 Iliadis
2174 1956 2228 2001 et

656 2044 910 2113 Odyssea:
942 2042 1268 2111 principium
1296 2057 1361 2096 ac
1406 2040 1531 2095 linis
1559 2040 1774 2095 mulier.

723 2132 781 2186 2.
811 2132 918 2187 Sed
954 2132 1210 2201 quoniam
1258 2140 1381 2201 post
1420 2131 1710 2185 Homerum
1745 2128 2025 2193 Hesiodus,
2051 2127 2226 2197 Opera

654 2234 712 2279 et
745 2225 871 2280 Dies
925 2223 1281 2291 conscripsit,
1332 2223 1457 2291 quis
1501 2221 1696 2291 nugaci
1754 2221 1873 2290 ejus
1901 2219 2228 2291 Theogoniaz

656 2314 1027 2368 assentieturi
1052 2315 1221 2367 Aiunt
1259 2312 1553 2367 Saturnum
1576 2312 1707 2367 Caeli
1747 2313 1912 2364 lilium
1942 2312 2225 2379 imperium

654 2403 795 2471 patri
826 2405 1153 2472 abrogasse,
1186 2412 1243 2456 et
1274 2411 1489 2471 sceptra
1529 2402 1739 2468 cepisse
1767 2419 1779 2451 :
1808 2416 2040 2469 cumque
2074 2410 2227 2453 ortus

654 2494 704 2547 ei
730 2506 909 2549 metus
930 2506 1075 2549 esset
1117 2509 1185 2548 ne
1207 2494 1405 2549 similia
1449 2503 1752 2563 pateretur,
1785 2493 1837 2545 in
1875 2493 2113 2545 animum
2146 2493 2229 2545 in-

655 2586 873 2639 duxisse
900 2585 1101 2639 liberos
1141 2586 1463 2649 comedere;
1514 2587 1608 2639 sed
1641 2583 1851 2650 Jovem,
1905 2598 2027 2635 cum
2058 2582 2229 2639 Cure-

659 2686 771 2729 tutu
806 2675 1027 2730 solertia
1058 2675 1201 2729 furto
1239 2676 1491 2729 sublatus
1521 2684 1669 2729 esset
1697 2684 1753 2728 et
1801 2674 2072 2739 latuisset,
2105 2677 2227 2727 vin-

654 2768 795 2822 culis
821 2777 1030 2837 patrem
1068 2768 1469 2821 constrinsisse
1496 2784 1509 2819 :
1539 2782 1603 2820 ac
1632 2765 1949 2834 partitione,
1970 2777 2029 2819 ut
2049 2766 2226 2833 aiunt,

723 2924 801 3004 (5)
848 2925 901 3003 ’ρ
932 2922 1202 3004 ποταμὸν
1250 2922 1551 2990 πηδήσας.
1597 2923 1911 3004 Dillicultas.
1938 2924 2226 3004 ineslrica-

654 2994 789 3047 bilis
829 2995 873 3047 si
934 2994 1412 3047 nihil'mutetnr:
1487 3010 1750 3062 nusquam
1824 2995 1969 3045 enim
2033 2995 2228 3062 legitur

654 3064 896 3117 Achilles
953 3062 1175 3116 ﬂuvium
1210 3064 1348 3116 saltu
1403 3078 1709 3131 superasse.
1761 3063 1868 3117 Sed
1907 3065 1951 3115 si
1987 3065 2227 3132 legamus

2399 2124 2453 2178 2.
2502 2122 2642 2175 Ἀλλ’
2666 2123 2787 2175 ἐπεὶ
2830 2121 3071 2183 Ἠσίοδος
3119 2118 3235 2189 μεθ’
3268 2119 3514 2189 Ὅμηρον
3538 2118 3612 2188 (9)
3653 2117 3828 2188 Ἔργα
3857 2134 3923 2169 τε

2329 2216 2423 2270 καὶ
2457 2214 2696 2283 Ἡμέρας
2723 2211 3048 2282 συνέγραψε,
3089 2211 3172 2273 τίς
3226 2209 3389 2261 αὑτοῦ
3433 2212 3499 2279 τῇ
3532 2208 3765 2279 ληρώδει
3798 2210 3918 2277 (l0)

2329 2306 2575 2375 θεογονίᾳ.
2626 2303 2981 2373 συνθήσιται;
3021 2304 3158 2354 ⁴Ιιασ).
3219 2299 3373 2371 [γὰρ]
3408 2296 3614 2369 Κρόνον
3632 2298 3725 2351 τόν
3749 2300 3919 2370 Οὐραη

2329 2397 2420 2451 νοῦ
2451 2397 2636 2458 παῖδα,
2666 2396 2765 2465 τῆς
2797 2396 2969 2465 ἀρχῆς
2992 2393 3244 2446 καθελεῖν
3272 2394 3373 2445 τὸν
3398 2396 3629 2464 πατέρα,
3665 2400 3761 2445 καὶ
3804 2393 3921 2446 τῶν

2331 2497 2629 2565 σκήπτρων
2662 2489 2959 2544 λαϐέσθαι·
3009 2489 3103 2541 καὶ
3161 2486 3584 2557 διευλαϐηθέντα
3635 2487 3696 2539 τὺ
3729 2489 3924 2557 ὅμοιον

2330 2587 2543 2645 παθεῖν,
2576 2585 2929 2651 τεκωφαγεῖν
2986 2580 3229 2633 ἑλέσθαισ
3263 2581 3329 2648 τῇ
3369 2580 3425 2632 δὲ
3466 2578 3576 2632 τῶν
3615 2581 3923 2651 Κουρήτων

2329 2680 2541 2749 ἐπινοίᾳ
2572 2679 2661 2730 τὸν
2694 2678 2791 2730 Δία
2824 2675 3094 2729 κλαπέντα
3121 2676 3213 2727 καὶ
3245 2673 3495 2735 λαθόντα,
3528 2673 3747 2743 δεσμοῖς
3777 2671 3923 2725 καθ-

2328 2772 2502 2843 εῖρξαι
2570 2771 2665 2822 τὸν
2718 2769 2969 2839 πατέρα,
3027 2769 3118 2820 καὶ
3146 2766 3561 2836 δέανείμασθαι,
3610 2766 3687 2829 ὠς
3728 2766 3918 2835 λόγος,

2334 2930 2476 2983 modi
2508 2926 2777 2992 exempla,
2813 2924 2865 2977 ln
2897 2922 3097 2993 quibus
3151 2922 3278 2977 illud
3308 2923 3390 2975 ὅτι
3416 2922 3473 2976 δέ
3505 2922 3817 2993 idemvalet
3846 2938 3920 2974 ac

2328 2999 2467 3068 .,uod
2523 3003 2743 3068 spectat.
2772 2994 2889 3048 Vid.
2918 2992 3096 3068 'Apol.
3131 3009 3170 3058 ι,
3199 3009 3253 3046 n.
3405 2993 3497 3055 45,
3522 2992 3615 3055 47,
3792 2994 3922 3047 Non

2331 3062 2783 3120 dissimulandum
2835 3074 2919 3118 est
2976 3063 3225 3116 aculeum
3273 3063 3447 3124 illum,
3490 3079 3599 3130 quo
3648 3062 3916 3131 Ulyssem

653 3133 906 3203 πιδρσας,
937 3135 1026 3201 qui
1068 3134 1288 3201 ﬂuvium
1340 3135 1525 3186 excivit
1550 3172 1565 3195 ,
1623 3148 1709 3185 res
1748 3133 2005 3186 illustrari
2051 3144 2227 3203 potest
2332 3136 2578 3190 Justinus
2604 3134 2741 3203 ﬁgit,
2768 3135 2997 3201 benigna
3032 3133 3490 3201 interpretatione
3519 3132 3783 3203 indigere.
3802 3133 3924 3187 Cur

652 3218 718 3257 es
751 3200 1111 3273 Lycophrona
1156 3212 1210 3255 et
1263 3203 1381 3269 ejus
1411 3204 1719 3273 scholisste.
1748 3204 1835 3256 Sic
1870 3203 2031 3271 igitur
2062 3202 2229 3273 Lyco-
2258 3203 2301 3259 C
2334 3207 2481 3259 enim
2514 3200 2773 3273 peccandi
2806 3200 3115 3273 occasionis
3145 3200 3268 3270 luga
3301 3203 3477 3273 instar
3509 3200 3696 3273 probri
3722 3202 3923 3273 objict-

654 3272 830 3339 phron
863 3274 916 3326 in
942 3273 1272 3331 Alexandra,
1300 3288 1441 3325 vers.
1468 3272 1574 3324 245
1602 3290 1615 3323 :

726 3342 903 3396 Ὅταν
925 3341 1237 3408 πελασγὸν
1260 3340 1421 3404 ἅλμα
1441 3337 1743 3407 λαιψηροῦ
1770 3340 1956 3406 ποδὸς

720 3414 827 3478 Εὶς
854 3412 962 3466 θῖν’
986 3412 1692 3477 ἐρείσαςλοισθίαναῐθων
1716 3412 1923 3475 λύκος,

720 3481 1019 3550 Κρητί-αῖον
1042 3482 1109 3544 ἐξ
1143 3480 1355 3549 ἄμμοιο
1391 3480 1685 3546 ροιόδήσῃ
1720 3479 1903 3550 γάνος

720 3549 922 3620 Πηγὰς
946 3551 1195 3614 ἀνοίξας
1226 3550 1331 3614 τὰς
1362 3551 1543 3602 πάλαι
1570 3549 1996 3617 κεκρυμμένας.

724 3622 952 3685 Quando
996 3620 1354 3672 Thessalicum
1386 3621 1569 3671 celeris
1601 3628 1797 3672 saltum
1834 3626 1981 3686 pedis

721 3690 789 3744 In
828 3692 998 3757 ripam
1033 3690 1337 3757 imprimens
1363 3690 1606 3741 ultimam
1652 3704 1809 3740 ravus
1832 3690 1986 3756 lupus

725 3758 1024 3813 Fontanam
1068 3774 1133 3811 ea:
1170 3774 1331 3810 arena
1357 3760 1510 3811 ciebit
1550 3774 1741 3827 aquam

724 3829 923 3883 Fontes
957 3832 1083 3883 olim
1119 3839 1323 3894 opertos
1361 3828 1620 3891 aperiens.

654 3902 880 3958 Setlicet
912 3916 1033 3953 cum
1067 3897 1275 3952 Graecis
1306 3898 1627 3966 praedictum
1684 3896 1897 3964 fuisset,
1948 3909 2006 3952 ut
2037 3916 2225 3960 narrar

650 3970 1063 4043 Lycophronis_
1095 3967 1452 4043 scholiastes,_
1466 3970 1707 4043 primum
1736 3970 1976 4043 omnium
2022 3974 2225 4039 peritu-

653 4037 797 4104 rum,
828 4041 920 4106 qui
984 4038 1192 4109 primus
1247 4051 1278 4090 e
1332 4037 1645 4091 navibusin
1678 4048 1877 4109 terram
1933 4037 2218 4109 irruisset;

650 4124 887 4177 cmnque
922 4107 1288 4171 Protesilaus,
1320 4108 1409 4175 qui
1439 4110 1644 4174 primus
1682 4108 1995 4174 desiluerat,
2021 4113 2089 4163 ab
2113 4107 2221 4167 Hei-

648 4192 808 4235 ctore
853 4190 965 4250 aut
992 4179 1057 4231 ab
1111 4177 1509 4250 alio_occisu_s_
1550 4177 2071 4250 fuisset,_Achilles,
2108 4184 2223 4250 ejus

650 4265 781 4305 casu
812 4248 1083 4313 eruditus,
1110 4247 1352 4300 omnium
1414 4246 1640 4300 ultimus
1683 4248 1921 4311 desiluit,
1947 4251 2039 4303 sed
2074 4246 2221 4307 tanto

653 4322 878 4389 impetu,
901 4328 957 4370 ut
974 4333 1052 4389 ex
1079 4329 1244 4389 terra,
1270 4331 1433 4383 quam
1465 4317 1691 4389 pedibus
1710 4332 2072 4389 percusserat,
2098 4320 2219 4377 fons

650 4385 912 4457 eruperit.
973 4387 1089 4441 Non
1148 4385 1311 4457 aliam
1370 4387 1612 4457 profecto
1662 4387 1895 4457 tabulam
1950 4391 2052 4444 huc
2103 4392 2219 4447 loco

648 4454 901 4514 Justinus
930 4459 1203 4526 attingere
1228 4456 1465 4526 videtur.
1498 4454 1519 4526 ί
1550 4454 1627 4510 Ne
1658 4458 1743 4510 cui
1777 4456 2060 4523 displiceat
2092 4476 2219 4513 sen-

2338 3276 2469 3329 tur?
2502 3270 2620 3341 Ipse
2648 3272 2891 3326 Justinus
2920 3273 2969 3325 in
2997 3270 3243 3331 Cultam.
3267 3272 3577 3339 exemplum
3604 3270 3818 3343 Ulyssis
3845 3275 3922 3325 ad

2336 3346 2659 3399 imitandum
2685 3343 3149 3412 proponit,_atque
3181 3352 3372 3393 aut-tor
3399 3352 3484 3412 est
3513 3351 3573 3394 ut
3594 3357 3757 3395 aures
3784 3358 3923 3395 cera

2332 3417 2674 3475 obturetnus,
2703 3430 2757 3466 n.
2787 3410 2902 3466 ‘36.
2944 3410 3165 3465 Videtur
3198 3412 3338 3464 idem
3390 3410 3593 3464 factum
3644 3413 3746 3465 hoc
3793 3412 3921 3467 loco

2332 3485 2633 3554 exagitare,
2662 3485 2787 3550 quia
2835 3482 3133 3554 adhibitam
3166 3482 3234 3535 ab
3273 3480 3830 3554 Ulyssehcautionem
3884 3497 3919 3536 a

2336 3550 2465 3609 vera
2492 3557 2700 3622 peccati
2738 3552 2973 3621 fugiendi
3004 3553 3235 3613 ratione,
3260 3566 3391 3622 quae
3417 3550 3551 3604 solis
3578 3551 3924 3622 Christianis

2330 3621 2547 3692 cognita
2581 3623 2961 3692 precationem
3008 3631 3064 3671 et
3103 3635 3253 3692 spetn
3288 3621 3457 3692 divini
3500 3621 3889 3692 auxilii_adjun

2331 3689 2474 3749 ctam
2505 3689 2688 3758 habet,
2728 3693 2883 3759 longe
2916 3690 3119 3743 distare
3173 3689 3560 3761 intelligebat.)
3588 3720 3658 3731 —
3686 3690 3773 3745 Ea:
3806 3693 3879 3745 ad

2332 3765 2513 3817 dendis
2555 3772 2604 3815 et
2629 3761 2992 3815 emendandis.

2402 3832 2475 3901 (6)
2510 3830 2833 3901 Νυμφικὴν
2869 3827 3129 3901 στολήν.
3186 3826 3371 3901 Longe
3408 3829 3705 3884 aberrabat
3755 3846 3785 3884 a
3816 3830 3917 3885 Ju-

2330 3899 2463 3956 stini
2511 3899 2781 3955 sententia
2838 3901 2951 3954 haec
2986 3899 3244 3967 Stephani
3305 3903 3732 3968 interpretatio:
3774 3902 3915 3955 Cum

2328 3983 2535 4033 vestem.
2565 3971 2768 4041 qualern
2815 3984 3025 4041 sponsav
3046 3980 3283 4041 gerunt,
3314 3971 3593 4041 induisset.
3629 3971 3745 4025 Non
3778 3982 3917 4027 tunc

2328 4038 2647 4111 muliebrem
2672 4050 2874 4094 vestem
2906 4040 3083 4111 induit
3109 4038 3371 4111 Aehilles,
3406 4054 3530 4111 cum
3571 4040 3915 4111 Polyxenam

2329 4110 2529 4164 Priami
2563 4110 2727 4163 tiliam
2767 4111 2819 4162 in
2870 4108 3078 4179 templo
3120 4109 3399 4179 Apollinis
3431 4107 3745 4179 Thymbraei
3776 4127 3911 4165 uxo-

2327 4196 2441 4234 rem
2473 4182 2702 4243 ducens,
2727 4196 2756 4232 a
2786 4178 2983 4232 Paride
3016 4192 3082 4231 ex
3116 4178 3329 4232 insidiis
3355 4178 3576 4235 occisus
3620 4191 3727 4235 est.
3768 4182 3915 4235 Ulnn

2324 4252 2541 4318 quidem
2570 4251 2671 4303 sub
2694 4251 2795 4303 hac
2822 4259 2971 4302 veste
3010 4249 3151 4316 apud
3186 4247 3547 4320 Lycomedem
3577 4250 3914 4307 delitescens

2328 4321 2576 4373 inilitiam
2606 4320 3048 4386 subterfugerant;
3100 4327 3157 4370 at
3188 4319 3329 4371 idem
3367 4321 3435 4373 ab
3464 4336 3529 4373 eo
3559 4320 3763 4374 factum
3802 4340 3913 4377 non

2324 4389 2545 4457 legitur,
2576 4404 2700 4442 cum
2760 4390 3009 4459 conjugis
3068 4393 3233 4443 taedas
3288 4390 3343 4443 in
3385 4391 3589 4459 templo
3634 4392 3912 4459 Apollinis

2323 4460 2697 4528 praetenderet.

648 4546 766 4604 sus,
790 4544 952 4604 quem
1008 4524 1175 4580 verbo
1229 4524 1458 4588 πιδύσας
1487 4524 1727 4604 adjunxi,
1756 4528 1986 4604 monebo
2010 4530 2217 4601 ῤοῦδή-

2327 4524 2338 4528 ’
2391 4528 2471 4604 (7)
2531 4528 2864 4604 Φρονξῆσαι.
2904 4526 3063 4604 Legit
3130 4525 3439 4604 Stephanus
3490 4530 3758 4602 φρονήσει
3806 4533 3911 4604 ἐμ-

644 4595 752 4661 σας
780 4595 968 4651 eodem
999 4609 1226 4664 prorsus
1254 4610 1417 4668 sensu
1450 4598 1699 4668 usurpari
1754 4595 1807 4648 in
1841 4595 2215 4668 Lycophronis

650 4668 901 4722 versibus
957 4668 1153 4720 ibidem
1216 4665 1418 4719 citatis.
1474 4664 1781 4733 Stephanus
1830 4664 2215 4724 animadvertit

647 4746 965 4806 corruptum
1017 4749 1139 4806 esse
1172 4735 1317 4789 hunc
1346 4735 1563 4806 locum:
1590 4736 1934 4790 doctissimus
1959 4737 2212 4794 Potterus

650 4808 785 4861 nihil
812 4804 1011 4877 inutat,
1051 4805 1169 4877 sed,
1214 4805 1362 4877 quod
1405 4804 1621 4877 quidem
1666 4806 1906 4877 probare
1949 4822 2053 4860 non
2095 4824 2217 4877 pos-

647 4880 777 4939 sim,
834 4876 950 4929 haec
981 4876 1143 4929 verba
1199 4876 1228 4926 ὁ
1285 4874 1526 4945 ποταμὸν
1580 4874 1829 4945 πηδήσας
1862 4876 2001 4930 idem
2040 4874 2216 4933 valere

646 4947 930 4999 existimat
981 4961 1046 4999 ac
1088 4945 1293 4996 insiluit
1328 4946 1381 4996 in
1427 4944 1833 5007 Scamandrum,
1882 4946 1967 4999 vel
1993 4947 2213 5013 [luvium

647 5019 789 5070 saltu
815 5018 1079 5069 excitavit.
1134 5013 1250 5067 Non
1300 5016 1436 5067 satis
1488 5025 1746 5068 accurate
1808 5015 1939 5069 tnihi
2004 5020 2215 5071 videtur

649 5086 711 5140 ﬂ.
748 5088 1059 5153 Stephanus
1094 5083 1397 5153 reddidisse
1426 5084 1554 5136 illud
1580 5085 1647 5153 de
1677 5080 1869 5153 Ulysse
1893 5086 2115 5150 dictum,
2151 5090 2215 5140 ὲκ

646 5151 857 5218 κακίας
876 5154 1081 5225 ἀρετήν
1128 5151 1663 5225 ὲνεπορεύσατο.ᾼ5ιο
1693 5151 1837 5207 enim
1871 5158 2069 5209 vertit:
2132 5158 2215 5209 Ea:

648 5222 984 5294 improbitate
1022 5222 1221 5293 [amant
1276 5222 1485 5276 virtutis
1538 5223 1774 5275 lucratus
1828 5235 1923 5278 est.
1978 5227 2216 5279 Accura-

650 5300 759 5349 tius
788 5298 893 5350 erit
923 5299 1095 5364 ipsam
1122 5296 1374 5364 virtutem
1399 5308 1462 5347 ex
1492 5294 1644 5356 vitio,
1688 5294 1943 5364 nimirum
1976 5299 2212 5362 pruden-

651 5367 783 5418 tiam
814 5380 878 5419 ex
935 5363 1059 5419 dolo
1105 5363 1393 5418 conﬂatam
1449 5363 1821 5431 interpretari.
1870 5364 1993 5417 Mos
2022 5367 2215 5430 probat

649 5434 893 5489 lustinus
918 5449 1061 5488 vera:
1092 5438 1393 5502 prudentia:
1420 5445 1701 5500 expertem
1734 5431 1981 5503 Ulyssem
2012 5437 2209 5488 luisse:

646 5504 742 5573 qui
768 5508 988 5574 quidem
1045 5506 1195 5557 locus
1247 5504 1331 5557 sic
1372 5504 1609 5564 videtur,
1662 5502 1797 5554 nihil
1844 5518 2069 5570 prorsus
2097 5520 2213 5556 mu-

650 5573 839 5638 tando,
897 5574 1045 5627 reddi
1106 5589 1267 5641 posse
1295 5590 1309 5624 :
1341 5574 1495 5635 Quod
1528 5582 1705 5625 autem
1740 5582 1936 5640 spectat
1967 5573 2034 5625 ad
2066 5574 2212 5627 illius

646 5646 1037 5713 ignorationem
1082 5646 1231 5696 bona:
1274 5643 1607 5710 prudentiw,
1654 5646 1891 5695 declarat
1941 5641 2034 5693 illa
2072 5649 2213 5696 circa

648 5716 860 5768 Sirenes
876 5716 1163 5780 nauigatio,
1181 5728 1321 5775 eum,
1341 5713 1464 5778 quia
1484 5728 1665 5778 sapere
1682 5728 1785 5764 non
1810 5724 2031 5781 poterat,
2058 5729 2212 5765 aures

648 5786 941 5840 obturasse.
972 5783 1211 5839 Plurima
1237 5791 1532 5841 occurrunt
1582 5784 1723 5851 apud
1765 5782 2035 5838 Justinuui
2067 5799 2213 5846 etus-

2320 4598 2545 4669 φράξαι.
2582 4598 2689 4652 Sed
2724 4600 2867 4653 haud
2895 4602 3011 4653 seio
3034 4611 3118 4669 an
3161 4598 3339 4665 aptior
3366 4608 3423 4653 et
3449 4598 3795 4655 commodior
3819 4598 3907 4655 tit-

2319 4666 2560 4746 (στα-εει
2615 4671 2949 4746 emendatio,
3000 4668 3043 4746 si
3105 4666 3352 4746 legamus
3380 4670 3523 4746 :néte
3549 4671 3625 4742 μὴ
3655 4671 3908 4746 ἠδυνήθη

2316 4738 2605 4809 φρονῆσαι,
2655 4736 2919 4821 ἐνέφραξε
2947 4735 3097 4821 ἔην.
3123 4736 3319 4821 ἀκοήνζ
3340 4820 3349 4821 7
3368 4736 3523 4821 ,ϐιαιο
3540 4735 3757 4821 ἐειζρὲνε
3799 4735 3906 4796 νὶοὴ

2314 4806 2511 4872 posset,
2535 4824 2689 4860 aures
2717 4806 3003 4860 animavit.
3025 4819 3043 4855 :
3071 4806 3159 4858 ὅτε
3190 4806 3389 4873 probat
3420 4806 3641 4881 Sauppe

2385 4873 2461 4941 (8)
2499 4869 2941 4941 Ἐπιδικάζομαι.
2972 4869 3022 4921 td
3046 4878 3148 4933 est,
3180 4883 3288 4923 non
3314 4871 3476 4941 talem
3500 4877 3757 4941 Virtutem
3789 4883 3888 4941 ap-

2313 4938 2451 5007 peto.
2492 4954 2598 4992 non
2636 4940 2864 5007 cupidus
2894 4954 3011 4991 sum
3059 4953 3122 4991 ac
3151 4946 3313 5007 lenas
3338 4938 3607 5003 ejusmodi
3638 4939 3885 4995 virtutis.

2312 5005 2431 5074 Quo
2452 5025 2611 5063 sensu
2636 5005 2887 5061 Christus
2907 5008 3104 5060 dicitur
3125 5008 3263 5073 apud
3286 5005 3571 5075 Origenem
3599 5010 3655 5076 (Ι.
3688 5024 3740 5060 Iv
3760 5012 3887 5062 adr.

2312 5077 2474 5137 Cels.,
2493 5094 2543 5145 p.
2564 5078 2685 5145 l59)
2708 5078 3009 5145 praetulisse
3029 5076 3166 5144 plebi
3189 5086 3284 5141 eos
3300 5078 3391 5142 qui
3415 5076 3589 5144 ipsius
3606 5080 3890 5146 sapientia:

2310 5148 2487 5216 cupidi
2512 5156 2683 5217 erant,
2704 5146 2830 5209 τοὺς
2852 5147 2951 5215 τῆς
2963 5146 3165 5217 σοφίας
3190 5146 3352 5217 αὐτοῦ
3380 5146 3885 5217 ὲπιδικαζομένους.

2383 5213 2471 5337 (9g1
2488 5217 2625 5268 Μεθ’
2660 5213 2930 5283 Ὅμηρον.
2963 5213 3171 5267 Nodum
3217 5216 3269 5268 in
3316 5217 3420 5269 hoc
3461 5219 3643 5285 scirpo
3669 5213 3889 5285 'qttterit

2383 5302 2438 5337 an
2479 5301 2637 5337 anus.
2668 5302 2731 5337 ac
2772 5296 2889 5337 nost
2920 5285 3018 5337 has
3047 5298 3205 5337 voces
3232 5285 3539 5337 addendum
3576 5296 3729 5337 nutat
3757 5289 3886 5337 ἐγέ-

2311 5285 2889 5361 Stephanu§,.ac__post
2920 5285 3018 5337 has
3047 5285 3539 5361 voceiatldendum
3564 5296 3729 5361 putat
3757 5289 3886 5361 ξγέ-

2308 5372 2446 5418 νετο,
2471 5356 2547 5425 δς,
2579 5353 2704 5425 Ροῖςι
2734 5354 3015 5425 Homerum
3041 5355 3140 5422 fuit
3169 5353 3457 5416 Hesiodus,
3486 5357 3596 5423 qui,
3625 5368 3731 5409 etc.
3761 5356 3887 5412 Mox

2308 5423 2597 5548 Legend‘pm‘
2622 5423 2761 5509 φησί
2782 5425 2865 5477 vel
2892 5424 3080 5478 eodem
3105 5424 3269 5478 modo
3293 5439 3356 5478 ac
3388 5440 3552 5492 supra
3587 5426 3893 5494 intelligen-

2348 5508 2483 5546 umi
2532 5509 2579 5545 ιιι
2630 5510 2781 5548 φασι.

2348 5508 2435 5546 um
2469 5508 2597 5545 ιιιιιιι
2630 5510 2781 5547 φασι.

2867 5562 3089 5632 Legitur
3140 5562 3289 5633 λήρῳ
3340 5564 3479 5631 apud
3540 5564 3882 5631 Stephanum

2307 5633 2398 5697 qui
2436 5632 2575 5701 hanc
2606 5647 2790 5701 vocem
2825 5633 3087 5697 adjective
3118 5632 3436 5687 sumendam
3466 5642 3640 5701 putat,
3683 5644 3776 5685 aut
3811 5637 3887 5685 le-

2307 5702 2547 5779 gentium.
2567 5700 2815 5779 ληρώσει.
2854 5701 3016 5759 Recte
3032 5703 3317 5767 Stcoltan.,
3343 5700 3501 5772 cujus
3520 5702 3589 5756 cl.
3622 5701 3882 5756 Thesaur.

2308 5770 2394 5824 ed.
2431 5769 2603 5824 Paris.
2638 5769 2689 5823 in
2722 5772 2777 5823 h.
2811 5788 2860 5837 ν,
