  <div class='ocr_page' id='page_1' title='image "/cluster/home/n/w/nwhite01/storage/ocr_20150623/6/pst.000005711826/126.png"; bbox 0 0 4140 6428; ppageno 0'>
   <div class='ocr_carea' id='block_1_1' title="bbox 214 385 320 442">
    <p class='ocr_par' dir='ltr' id='par_1_1' title="bbox 214 385 320 442">
     <span class='ocr_line' id='line_1_1' title="bbox 214 385 320 442; baseline 0 -3"><span class='ocrx_word' id='word_1_1' title='bbox 214 385 320 442; x_wconf 66' lang='lat'><strong>237</strong></span> 
     </span>
    </p>
   </div>
   <div class='ocr_carea' id='block_1_2' title="bbox 1451 385 2190 446">
    <p class='ocr_par' dir='ltr' id='par_1_2' title="bbox 1451 385 2190 446">
     <span class='ocr_line' id='line_1_2' title="bbox 1451 385 2190 446; baseline -0.003 -2"><span class='ocrx_word' id='word_1_2' title='bbox 1451 386 1712 445; x_wconf 79' lang='lat' dir='ltr'><strong>ORATIO</strong></span> <span class='ocrx_word' id='word_1_3' title='bbox 1744 387 1836 442; x_wconf 83' lang='lat' dir='ltr'><strong>AD</strong></span> <span class='ocrx_word' id='word_1_4' title='bbox 1867 385 2190 446; x_wconf 69' lang='lat' dir='ltr'><strong>GRECOS.</strong></span> 
     </span>
    </p>
   </div>
   <div class='ocr_carea' id='block_1_3' title="bbox 3367 403 3476 463">
    <p class='ocr_par' dir='ltr' id='par_1_3' title="bbox 3367 403 3476 463">
     <span class='ocr_line' id='line_1_3' title="bbox 3367 403 3476 463; baseline 0.018 -2"><span class='ocrx_word' id='word_1_5' title='bbox 3367 403 3476 463; x_wconf 75' lang='grc'><strong>238</strong></span> 
     </span>
    </p>
   </div>
   <div class='ocr_carea' id='block_1_4' title="bbox 217 500 1782 578">
    <p class='ocr_par' dir='ltr' id='par_1_4' title="bbox 217 500 1782 578">
     <span class='ocr_line' id='line_1_4' title="bbox 217 500 1782 578; baseline 0.001 -23"><span class='ocrx_word' id='word_1_6' title='bbox 217 500 450 572; x_wconf 65' lang='grc' dir='ltr'>τοσούτῳ</span> <span class='ocrx_word' id='word_1_7' title='bbox 482 502 642 574; x_wconf 86' lang='grc' dir='ltr'><strong>σωρῷ</strong></span> <span class='ocrx_word' id='word_1_8' title='bbox 669 503 776 556; x_wconf 89' lang='grc' dir='ltr'><strong>τῶν</strong></span> <span class='ocrx_word' id='word_1_9' title='bbox 813 503 1000 557; x_wconf 82' lang='grc' dir='ltr'>κακῶν</span> <span class='ocrx_word' id='word_1_10' title='bbox 1042 503 1140 575; x_wconf 81' lang='grc' dir='ltr'><strong>τὴν</strong></span> <span class='ocrx_word' id='word_1_11' title='bbox 1190 503 1325 558; x_wconf 74' lang='grc' dir='ltr'>αἰδῶ</span> <span class='ocrx_word' id='word_1_12' title='bbox 1377 505 1782 578; x_wconf 85' lang='grc' dir='ltr'>περιγράφετε·</span> 
     </span>
    </p>
   </div>
   <div class='ocr_carea' id='block_1_5' title="bbox 1880 500 3480 578">
    <p class='ocr_par' dir='ltr' id='par_1_5' title="bbox 1897 505 3480 578">
     <span class='ocr_line' id='line_1_5' title="bbox 1897 505 3480 578; baseline 0.006 -17"><span class='ocrx_word' id='word_1_13' title='bbox 1897 507 2147 571; x_wconf 89' lang='lat' dir='ltr'><strong>incitant,</strong></span> <span class='ocrx_word' id='word_1_14' title='bbox 2177 505 2366 574; x_wconf 99' lang='lat' dir='ltr'><strong>quales</strong></span> <span class='ocrx_word' id='word_1_15' title='bbox 2395 516 2526 560; x_wconf 90' lang='lat' dir='ltr'><strong>sunt</strong></span> <span class='ocrx_word' id='word_1_16' title='bbox 2562 517 2732 562; x_wconf 72' lang='lat' dir='ltr'><strong>(nstro</strong></span> <span class='ocrx_word' id='word_1_17' title='bbox 2761 508 3128 578; x_wconf 89' lang='lat' dir='ltr'><strong>percitorum;</strong></span> <span class='ocrx_word' id='word_1_18' title='bbox 3172 522 3224 566; x_wconf 89' lang='lat' dir='ltr'><strong>et</strong></span> <span class='ocrx_word' id='word_1_19' title='bbox 3256 516 3480 571; x_wconf 85' lang='lat' dir='ltr'><strong>unctio-</strong></span> 
     </span>
    </p>
   </div>
   <div class='ocr_carea' id='block_1_6' title="bbox 211 594 1793 668">
    <p class='ocr_par' dir='ltr' id='par_1_6' title="bbox 211 594 1793 668">
     <span class='ocr_line' id='line_1_6' title="bbox 211 594 1793 668; baseline 0 -18"><span class='ocrx_word' id='word_1_20' title='bbox 211 594 308 650; x_wconf 66' lang='lat' dir='ltr'><strong>ai.</strong></span> <span class='ocrx_word' id='word_1_21' title='bbox 338 595 465 648; x_wconf 92' lang='grc' dir='ltr'>νοῦν</span> <span class='ocrx_word' id='word_1_22' title='bbox 498 594 826 666; x_wconf 76' lang='grc' dir='ltr'>πληροῦσθε,</span> <span class='ocrx_word' id='word_1_23' title='bbox 856 595 960 650; x_wconf 73' lang='grc' dir='ltr'>ὑπὸ</span> <span class='ocrx_word' id='word_1_24' title='bbox 997 597 1270 668; x_wconf 83' lang='grc' dir='ltr'><strong>ἀκρασίας</strong></span> <span class='ocrx_word' id='word_1_25' title='bbox 1300 598 1793 668; x_wconf 73' lang='grc' dir='ltr'>ὲκϐακχευὸμενοισ</span> 
     </span>
    </p>
   </div>
   <div class='ocr_carea' id='block_1_7' title="bbox 209 686 1797 762">
    <p class='ocr_par' dir='ltr' id='par_1_7' title="bbox 209 686 1797 762">
     <span class='ocr_line' id='line_1_7' title="bbox 209 686 1797 762; baseline 0.001 -22"><span class='ocrx_word' id='word_1_26' title='bbox 209 686 307 742; x_wconf 58' lang='lat' dir='ltr'><strong>tui</strong></span> <span class='ocrx_word' id='word_1_27' title='bbox 335 689 459 752; x_wconf 86' lang='grc' dir='ltr'>ταῖς</span> <span class='ocrx_word' id='word_1_28' title='bbox 509 689 752 751; x_wconf 83' lang='grc' dir='ltr'>ἀνοσίαις</span> <span class='ocrx_word' id='word_1_29' title='bbox 791 689 885 741; x_wconf 78' lang='grc' dir='ltr'>καὶ</span> <span class='ocrx_word' id='word_1_30' title='bbox 928 688 1229 743; x_wconf 87' lang='grc' dir='ltr'>λυσσώδεσι</span> <span class='ocrx_word' id='word_1_31' title='bbox 1279 689 1511 762; x_wconf 75' lang='grc' dir='ltr'>χρᾶσθαι</span> <span class='ocrx_word' id='word_1_32' title='bbox 1565 689 1797 744; x_wconf 75' lang='grc' dir='ltr'><strong>εἰώθατε</strong></span> 
     </span>
    </p>
   </div>
   <div class='ocr_carea' id='block_1_8' title="bbox 210 779 1794 852">
    <p class='ocr_par' dir='ltr' id='par_1_8' title="bbox 210 779 1794 852">
     <span class='ocr_line' id='line_1_8' title="bbox 210 779 1794 852; baseline 0.001 -20"><span class='ocrx_word' id='word_1_33' title='bbox 210 779 450 850; x_wconf 79' lang='grc' dir='ltr'>μίξεσιν.</span> <span class='ocrx_word' id='word_1_34' title='bbox 479 780 702 851; x_wconf 82' lang='grc' dir='ltr'>Εῖποιμι</span> <span class='ocrx_word' id='word_1_35' title='bbox 728 781 772 832; x_wconf 80' lang='grc' dir='ltr'>δ’</span> <span class='ocrx_word' id='word_1_36' title='bbox 801 781 868 834; x_wconf 79' lang='grc' dir='ltr'><strong>ἂν</strong></span> <span class='ocrx_word' id='word_1_37' title='bbox 901 781 1034 852; x_wconf 81' lang='grc' dir='ltr'>ὑμῖν</span> <span class='ocrx_word' id='word_1_38' title='bbox 1084 781 1166 835; x_wconf 77' lang='grc' dir='ltr'>ἔτι</span> <span class='ocrx_word' id='word_1_39' title='bbox 1214 782 1310 835; x_wconf 79' lang='grc' dir='ltr'><strong>καὶ</strong></span> <span class='ocrx_word' id='word_1_40' title='bbox 1342 781 1502 836; x_wconf 87' lang='grc' dir='ltr'>τοῦτο</span> <span class='ocrx_word' id='word_1_41' title='bbox 1521 797 1535 813; x_wconf 86' lang='lat'><strong><em>°</em></strong></span> <span class='ocrx_word' id='word_1_42' title='bbox 1565 781 1794 850; x_wconf 83' lang='grc' dir='ltr'>τί·ἀγα-</span> 
     </span>
    </p>
   </div>
   <div class='ocr_carea' id='block_1_9' title="bbox 209 872 1794 944">
    <p class='ocr_par' dir='ltr' id='par_1_9' title="bbox 209 872 1794 944">
     <span class='ocr_line' id='line_1_9' title="bbox 209 872 1794 944; baseline 0.001 -20"><span class='ocrx_word' id='word_1_43' title='bbox 209 875 447 936; x_wconf 59' lang='grc' dir='ltr'>ηκτείς,</span> <span class='ocrx_word' id='word_1_44' title='bbox 484 872 680 943; x_wconf 83' lang='grc' dir='ltr'>Ἕλλην</span> <span class='ocrx_word' id='word_1_45' title='bbox 713 872 806 937; x_wconf 84' lang='grc' dir='ltr'><strong>ῶν,</strong></span> <span class='ocrx_word' id='word_1_46' title='bbox 847 873 983 944; x_wconf 85' lang='grc' dir='ltr'>πρὸς</span> <span class='ocrx_word' id='word_1_47' title='bbox 1016 874 1076 926; x_wconf 83' lang='grc' dir='ltr'><strong>τὸ</strong></span> <span class='ocrx_word' id='word_1_48' title='bbox 1106 873 1295 928; x_wconf 82' lang='grc' dir='ltr'>τέκνον</span> <span class='ocrx_word' id='word_1_49' title='bbox 1336 891 1453 938; x_wconf 89' lang='grc' dir='ltr'>σου,</span> <span class='ocrx_word' id='word_1_50' title='bbox 1498 876 1546 928; x_wconf 83' lang='grc' dir='ltr'><strong>εί</strong></span> <span class='ocrx_word' id='word_1_51' title='bbox 1577 875 1667 928; x_wconf 79' lang='grc' dir='ltr'><strong>τὸν</strong></span> <span class='ocrx_word' id='word_1_52' title='bbox 1695 875 1794 926; x_wconf 86' lang='grc' dir='ltr'>Δία</span> 
     </span>
    </p>
   </div>
   <div class='ocr_carea' id='block_1_10' title="bbox 209 965 1792 1038">
    <p class='ocr_par' dir='ltr' id='par_1_10' title="bbox 209 965 1792 1038">
     <span class='ocr_line' id='line_1_10' title="bbox 209 965 1792 1038; baseline 0.003 -22"><span class='ocrx_word' id='word_1_53' title='bbox 209 965 546 1035; x_wconf 76' lang='grc' dir='ltr'>μιμούμενος</span> <span class='ocrx_word' id='word_1_54' title='bbox 575 965 910 1020; x_wconf 71' lang='grc' dir='ltr'>ἐπιϐουλεύει</span> <span class='ocrx_word' id='word_1_55' title='bbox 942 985 1045 1030; x_wconf 90' lang='grc' dir='ltr'>σοι,</span> <span class='ocrx_word' id='word_1_56' title='bbox 1091 966 1186 1020; x_wconf 85' lang='grc' dir='ltr'><strong>καί</strong></span> <span class='ocrx_word' id='word_1_57' title='bbox 1218 984 1314 1020; x_wconf 87' lang='grc' dir='ltr'><strong>σου</strong></span> <span class='ocrx_word' id='word_1_58' title='bbox 1346 967 1434 1021; x_wconf 81' lang='grc' dir='ltr'><strong>τὸν</strong></span> <span class='ocrx_word' id='word_1_59' title='bbox 1471 967 1651 1038; x_wconf 82' lang='grc' dir='ltr'>γάμον</span> <span class='ocrx_word' id='word_1_60' title='bbox 1681 967 1792 1037; x_wconf 75' lang='lat'><strong>(28)</strong></span> 
     </span>
    </p>
   </div>
   <div class='ocr_carea' id='block_1_11' title="bbox 210 1059 1790 1134">
    <p class='ocr_par' dir='ltr' id='par_1_11' title="bbox 210 1059 1790 1134">
     <span class='ocr_line' id='line_1_11' title="bbox 210 1059 1790 1134; baseline 0.001 -22"><span class='ocrx_word' id='word_1_61' title='bbox 210 1062 510 1132; x_wconf 81' lang='grc' dir='ltr'>σεσῦληκε;</span> <span class='ocrx_word' id='word_1_62' title='bbox 537 1063 600 1115; x_wconf 90' lang='grc' dir='ltr'>Τί</span> <span class='ocrx_word' id='word_1_63' title='bbox 631 1061 816 1116; x_wconf 86' lang='grc' dir='ltr'>τοῦτον</span> <span class='ocrx_word' id='word_1_64' title='bbox 843 1059 1032 1134; x_wconf 77' lang='grc' dir='ltr'>ἐχθρὸν</span> <span class='ocrx_word' id='word_1_65' title='bbox 1062 1065 1193 1134; x_wconf 82' lang='grc' dir='ltr'>ἡγῇ,</span> <span class='ocrx_word' id='word_1_66' title='bbox 1213 1062 1302 1116; x_wconf 75' lang='grc' dir='ltr'><strong>τὸν</strong></span> <span class='ocrx_word' id='word_1_67' title='bbox 1332 1063 1390 1115; x_wconf 79' lang='grc' dir='ltr'><strong>δὲ</strong></span> <span class='ocrx_word' id='word_1_68' title='bbox 1422 1064 1607 1133; x_wconf 84' lang='grc' dir='ltr'>ὅμοιον</span> <span class='ocrx_word' id='word_1_69' title='bbox 1642 1061 1790 1132; x_wconf 76' lang='grc' dir='ltr'>αὑτῴ</span> 
     </span>
    </p>
   </div>
   <div class='ocr_carea' id='block_1_12' title="bbox 210 1154 1792 1229">
    <p class='ocr_par' dir='ltr' id='par_1_12' title="bbox 210 1154 1792 1229">
     <span class='ocr_line' id='line_1_12' title="bbox 210 1154 1792 1229; baseline 0 -22"><span class='ocrx_word' id='word_1_70' title='bbox 210 1154 376 1226; x_wconf 76' lang='grc' dir='ltr'><strong>σέ6ῃ;</strong></span> <span class='ocrx_word' id='word_1_71' title='bbox 418 1156 484 1209; x_wconf 83' lang='grc' dir='ltr'>Τί</span> <span class='ocrx_word' id='word_1_72' title='bbox 536 1156 591 1208; x_wconf 82' lang='grc' dir='ltr'>δὲ</span> <span class='ocrx_word' id='word_1_73' title='bbox 651 1156 840 1229; x_wconf 78' lang='grc' dir='ltr'>μέμφῃ</span> <span class='ocrx_word' id='word_1_74' title='bbox 895 1174 989 1209; x_wconf 88' lang='grc' dir='ltr'><strong>σου</strong></span> <span class='ocrx_word' id='word_1_75' title='bbox 1029 1156 1128 1226; x_wconf 78' lang='grc' dir='ltr'>τὴν</span> <span class='ocrx_word' id='word_1_76' title='bbox 1187 1159 1421 1224; x_wconf 85' lang='grc' dir='ltr'>γυναῖκα</span> <span class='ocrx_word' id='word_1_77' title='bbox 1474 1155 1792 1218; x_wconf 82' lang='grc' dir='ltr'>ἀκολάστως</span> 
     </span>
    </p>
   </div>
   <div class='ocr_carea' id='block_1_13' title="bbox 208 1247 1795 1319">
    <p class='ocr_par' dir='ltr' id='par_1_13' title="bbox 208 1247 1795 1319">
     <span class='ocr_line' id='line_1_13' title="bbox 208 1247 1795 1319; baseline 0.001 -20"><span class='ocrx_word' id='word_1_78' title='bbox 208 1247 410 1313; x_wconf 84' lang='grc' dir='ltr'>ζῶσαν,</span> <span class='ocrx_word' id='word_1_79' title='bbox 435 1248 532 1319; x_wconf 82' lang='grc' dir='ltr'><strong>τὴν</strong></span> <span class='ocrx_word' id='word_1_80' title='bbox 565 1248 619 1300; x_wconf 80' lang='grc' dir='ltr'>δὲ</span> <span class='ocrx_word' id='word_1_81' title='bbox 659 1247 976 1318; x_wconf 83' lang='grc' dir='ltr'>Ἀφροδίτην</span> <span class='ocrx_word' id='word_1_82' title='bbox 1033 1249 1183 1311; x_wconf 84' lang='grc' dir='ltr'>ναοῖς</span> <span class='ocrx_word' id='word_1_83' title='bbox 1232 1248 1570 1318; x_wconf 87' lang='grc' dir='ltr'>τετίμηκας;</span> <span class='ocrx_word' id='word_1_84' title='bbox 1608 1247 1720 1300; x_wconf 76' lang='grc' dir='ltr'><strong>Καὶ</strong></span> <span class='ocrx_word' id='word_1_85' title='bbox 1747 1249 1795 1300; x_wconf 87' lang='grc' dir='ltr'><strong>εί</strong></span> 
     </span>
    </p>
   </div>
   <div class='ocr_carea' id='block_1_14' title="bbox 213 1333 1790 1410">
    <p class='ocr_par' dir='ltr' id='par_1_14' title="bbox 213 1333 1790 1410">
     <span class='ocr_line' id='line_1_14' title="bbox 213 1333 1790 1410; baseline -0.003 -18"><span class='ocrx_word' id='word_1_86' title='bbox 213 1342 306 1410; x_wconf 76' lang='grc' dir='ltr'>μὲν</span> <span class='ocrx_word' id='word_1_87' title='bbox 332 1342 507 1395; x_wconf 83' lang='grc' dir='ltr'>ταῦτα</span> <span class='ocrx_word' id='word_1_88' title='bbox 539 1340 626 1410; x_wconf 73' lang='grc' dir='ltr'><strong>ὑφ’</strong></span> <span class='ocrx_word' id='word_1_89' title='bbox 649 1339 850 1408; x_wconf 78' lang='grc' dir='ltr'>ἑτέρων</span> <span class='ocrx_word' id='word_1_90' title='bbox 878 1333 944 1408; x_wconf 75' lang='grc' dir='ltr'>ἦν</span> <span class='ocrx_word' id='word_1_91' title='bbox 973 1339 1257 1409; x_wconf 59' lang='grc' dir='ltr'>είρημένα,</span> <span class='ocrx_word' id='word_1_92' title='bbox 1281 1337 1585 1409; x_wconf 77' lang='grc' dir='ltr'>κατηγορία</span> <span class='ocrx_word' id='word_1_93' title='bbox 1610 1335 1790 1400; x_wconf 75' lang='grc' dir='ltr'>ἔδοξεν</span> 
     </span>
    </p>
   </div>
   <div class='ocr_carea' id='block_1_15' title="bbox 207 1409 1784 1503">
    <p class='ocr_par' dir='ltr' id='par_1_15' title="bbox 207 1409 1784 1503">
     <span class='ocr_line' id='line_1_15' title="bbox 207 1409 1784 1503; baseline -0.003 -17"><span class='ocrx_word' id='word_1_94' title='bbox 207 1430 340 1486; x_wconf 70' lang='grc' dir='ltr'>εἶναι</span> <span class='ocrx_word' id='word_1_95' title='bbox 376 1433 529 1503; x_wconf 64' lang='grc' dir='ltr'>ψιλὴ,</span> <span class='ocrx_word' id='word_1_96' title='bbox 564 1433 655 1485; x_wconf 72' lang='grc' dir='ltr'><strong>καὶ</strong></span> <span class='ocrx_word' id='word_1_97' title='bbox 682 1431 780 1482; x_wconf 73' lang='grc' dir='ltr'><strong>οὐκ</strong></span> <span class='ocrx_word' id='word_1_98' title='bbox 801 1429 1046 1500; x_wconf 80' lang='grc' dir='ltr'>ἀλήθεια.</span> <span class='ocrx_word' id='word_1_99' title='bbox 1082 1409 1195 1482; x_wconf 69' lang='grc' dir='ltr'>Νῦν</span> <span class='ocrx_word' id='word_1_100' title='bbox 1220 1431 1277 1483; x_wconf 79' lang='grc' dir='ltr'>δὲ</span> <span class='ocrx_word' id='word_1_101' title='bbox 1304 1429 1475 1483; x_wconf 87' lang='grc' dir='ltr'>ταῦτα</span> <span class='ocrx_word' id='word_1_102' title='bbox 1507 1431 1554 1482; x_wconf 78' lang='lat' dir='ltr'><strong>oi</strong></span> <span class='ocrx_word' id='word_1_103' title='bbox 1585 1429 1784 1499; x_wconf 85' lang='grc' dir='ltr'>ὑμέτε-</span> 
     </span>
    </p>
   </div>
   <div class='ocr_carea' id='block_1_16' title="bbox 210 1515 1784 1598">
    <p class='ocr_par' dir='ltr' id='par_1_16' title="bbox 210 1515 1784 1598">
     <span class='ocr_line' id='line_1_16' title="bbox 210 1515 1784 1598; baseline -0.001 -20"><span class='ocrx_word' id='word_1_104' title='bbox 210 1543 290 1596; x_wconf 87' lang='grc' dir='ltr'><strong>ροι</strong></span> <span class='ocrx_word' id='word_1_105' title='bbox 336 1525 524 1598; x_wconf 76' lang='grc' dir='ltr'>ᾄδουσι</span> <span class='ocrx_word' id='word_1_106' title='bbox 574 1523 812 1595; x_wconf 79' lang='grc' dir='ltr'>ποιηταὶ,</span> <span class='ocrx_word' id='word_1_107' title='bbox 845 1522 938 1577; x_wconf 70' lang='grc' dir='ltr'><strong>καὶ</strong></span> <span class='ocrx_word' id='word_1_108' title='bbox 995 1525 1048 1576; x_wconf 74' lang='grc' dir='ltr'><strong>αἱ</strong></span> <span class='ocrx_word' id='word_1_109' title='bbox 1096 1524 1226 1595; x_wconf 85' lang='grc' dir='ltr'>παρ’</span> <span class='ocrx_word' id='word_1_110' title='bbox 1276 1515 1408 1595; x_wconf 81' lang='grc' dir='ltr'>ὗ“μῖν</span> <span class='ocrx_word' id='word_1_111' title='bbox 1439 1522 1784 1594; x_wconf 84' lang='grc' dir='ltr'>κεκράγασιν</span> 
     </span>
    </p>
   </div>
   <div class='ocr_carea' id='block_1_17' title="bbox 210 1621 458 1691">
    <p class='ocr_par' dir='ltr' id='par_1_17' title="bbox 210 1621 458 1691">
     <span class='ocr_line' id='line_1_17' title="bbox 210 1621 458 1691; baseline 0.004 -19"><span class='ocrx_word' id='word_1_112' title='bbox 210 1621 458 1691; x_wconf 74' lang='grc' dir='ltr'>ἱστορίαι.</span> 
     </span>
    </p>
   </div>
   <div class='ocr_carea' id='block_1_18' title="bbox 1900 601 3479 682">
    <p class='ocr_par' dir='ltr' id='par_1_18' title="bbox 1900 601 3479 682">
     <span class='ocr_line' id='line_1_18' title="bbox 1900 601 3479 682; baseline 0.005 -27"><span class='ocrx_word' id='word_1_113' title='bbox 1900 616 1999 656; x_wconf 89' lang='lat' dir='ltr'><strong>nes</strong></span> <span class='ocrx_word' id='word_1_114' title='bbox 2033 601 2262 654; x_wconf 64' lang='lat' dir='ltr'><strong>curiosae</strong></span> <span class='ocrx_word' id='word_1_115' title='bbox 2287 615 2350 654; x_wconf 89' lang='lat' dir='ltr'><strong>ac</strong></span> <span class='ocrx_word' id='word_1_116' title='bbox 2378 613 2822 668; x_wconf 58' lang='lat' dir='ltr'><strong>supervacanea,</strong></span> <span class='ocrx_word' id='word_1_117' title='bbox 2857 617 2979 672; x_wconf 65' lang='lat' dir='ltr'><strong>quae</strong></span> <span class='ocrx_word' id='word_1_118' title='bbox 3002 608 3292 674; x_wconf 72' lang='lat' dir='ltr'><strong>unguentis</strong></span> <span class='ocrx_word' id='word_1_119' title='bbox 3315 607 3479 682; x_wconf 79' lang='lat' dir='ltr'><strong>ﬁunt,</strong></span> 
     </span>
    </p>
   </div>
   <div class='ocr_carea' id='block_1_19' title="bbox 1901 689 3479 764">
    <p class='ocr_par' dir='ltr' id='par_1_19' title="bbox 1901 689 3479 764">
     <span class='ocr_line' id='line_1_19' title="bbox 1901 689 3479 764; baseline 0.005 -18"><span class='ocrx_word' id='word_1_120' title='bbox 1901 692 2047 761; x_wconf 90' lang='lat' dir='ltr'><strong>quod</strong></span> <span class='ocrx_word' id='word_1_121' title='bbox 2082 701 2137 744; x_wconf 88' lang='lat' dir='ltr'><strong>et</strong></span> <span class='ocrx_word' id='word_1_122' title='bbox 2167 690 2232 745; x_wconf 91' lang='lat' dir='ltr'><strong>de</strong></span> <span class='ocrx_word' id='word_1_123' title='bbox 2265 689 2490 745; x_wconf 90' lang='lat' dir='ltr'><strong>corollis</strong></span> <span class='ocrx_word' id='word_1_124' title='bbox 2522 690 2627 744; x_wconf 91' lang='lat' dir='ltr'><strong>dici</strong></span> <span class='ocrx_word' id='word_1_125' title='bbox 2663 699 2845 759; x_wconf 88' lang='lat' dir='ltr'><strong>potest</strong></span> <span class='ocrx_word' id='word_1_126' title='bbox 2894 692 3093 760; x_wconf 84' lang='lat' dir='ltr'><strong>quibus</strong></span> <span class='ocrx_word' id='word_1_127' title='bbox 3119 697 3295 764; x_wconf 86' lang='lat' dir='ltr'><strong>capita</strong></span> <span class='ocrx_word' id='word_1_128' title='bbox 3332 699 3479 754; x_wconf 71' lang='lat' dir='ltr'><strong>redi-</strong></span> 
     </span>
    </p>
   </div>
   <div class='ocr_carea' id='block_1_20' title="bbox 1899 779 3477 842">
    <p class='ocr_par' dir='ltr' id='par_1_20' title="bbox 1899 779 3477 842">
     <span class='ocr_line' id='line_1_20' title="bbox 1899 779 3477 842; baseline 0.004 -7"><span class='ocrx_word' id='word_1_129' title='bbox 1899 782 2166 836; x_wconf 85' lang='lat' dir='ltr'><strong>miuntur.</strong></span> <span class='ocrx_word' id='word_1_130' title='bbox 2202 780 2282 835; x_wconf 76' lang='grc' dir='ltr'><strong>ΑΟ</strong></span> <span class='ocrx_word' id='word_1_131' title='bbox 2327 787 2477 836; x_wconf 87' lang='lat' dir='ltr'><strong>tanto</strong></span> <span class='ocrx_word' id='word_1_132' title='bbox 2529 779 2794 834; x_wconf 90' lang='lat' dir='ltr'><strong>malorum</strong></span> <span class='ocrx_word' id='word_1_133' title='bbox 2843 795 3039 837; x_wconf 68' lang='lat' dir='ltr'><strong>HCCI&#39;VO</strong></span> <span class='ocrx_word' id='word_1_134' title='bbox 3088 788 3477 842; x_wconf 87' lang='lat' dir='ltr'><strong>verecundiam</strong></span> 
     </span>
    </p>
   </div>
   <div class='ocr_carea' id='block_1_21' title="bbox 1897 872 3476 946">
    <p class='ocr_par' dir='ltr' id='par_1_21' title="bbox 1897 872 3476 946">
     <span class='ocr_line' id='line_1_21' title="bbox 1897 872 3476 946; baseline 0.004 -19"><span class='ocrx_word' id='word_1_135' title='bbox 1897 873 2353 928; x_wconf 91' lang='lat' dir='ltr'><strong>circumscribitis</strong></span> <span class='ocrx_word' id='word_1_136' title='bbox 2378 890 2391 926; x_wconf 90' lang='lat'><strong>:</strong></span> <span class='ocrx_word' id='word_1_137' title='bbox 2426 872 2790 942; x_wconf 88' lang='lat' dir='ltr'><strong>impleturque</strong></span> <span class='ocrx_word' id='word_1_138' title='bbox 2829 875 2984 930; x_wconf 82' lang='lat' dir='ltr'><strong>vobis</strong></span> <span class='ocrx_word' id='word_1_139' title='bbox 3008 890 3182 944; x_wconf 82' lang='lat' dir='ltr'><strong>mens,</strong></span> <span class='ocrx_word' id='word_1_140' title='bbox 3207 881 3336 932; x_wconf 81' lang='lat' dir='ltr'><strong>dum</strong></span> <span class='ocrx_word' id='word_1_141' title='bbox 3363 893 3476 946; x_wconf 64' lang='lat' dir='ltr'><strong>pra</strong></span> 
     </span>
    </p>
   </div>
   <div class='ocr_carea' id='block_1_22' title="bbox 1899 966 3476 1038">
    <p class='ocr_par' dir='ltr' id='par_1_22' title="bbox 1899 966 3476 1038">
     <span class='ocr_line' id='line_1_22' title="bbox 1899 966 3476 1038; baseline 0.001 -18"><span class='ocrx_word' id='word_1_142' title='bbox 1899 966 2321 1034; x_wconf 72' lang='lat' dir='ltr'><strong>intemperantia</strong></span> <span class='ocrx_word' id='word_1_143' title='bbox 2379 974 2436 1019; x_wconf 86' lang='lat' dir='ltr'><strong>et</strong></span> <span class='ocrx_word' id='word_1_144' title='bbox 2497 966 2794 1034; x_wconf 89' lang='lat' dir='ltr'><strong>petulantia</strong></span> <span class='ocrx_word' id='word_1_145' title='bbox 2825 969 2876 1021; x_wconf 90' lang='lat' dir='ltr'><strong>in</strong></span> <span class='ocrx_word' id='word_1_146' title='bbox 2925 968 3251 1024; x_wconf 85' lang='lat' dir='ltr'><strong>Bacchicum</strong></span> <span class='ocrx_word' id='word_1_147' title='bbox 3278 985 3476 1038; x_wconf 84' lang='lat' dir='ltr'><strong>quem-</strong></span> 
     </span>
    </p>
   </div>
   <div class='ocr_carea' id='block_1_23' title="bbox 1885 1056 3476 1126">
    <p class='ocr_par' dir='ltr' id='par_1_23' title="bbox 1885 1056 3476 1126">
     <span class='ocr_line' id='line_1_23' title="bbox 1885 1056 3476 1126; baseline 0.004 -14"><span class='ocrx_word' id='word_1_148' title='bbox 1885 1058 2024 1112; x_wconf 81' lang='lat' dir='ltr'><strong>‘dam</strong></span> <span class='ocrx_word' id='word_1_149' title='bbox 2056 1056 2292 1111; x_wconf 81' lang='lat' dir='ltr'><strong>furorem</strong></span> <span class='ocrx_word' id='word_1_150' title='bbox 2325 1059 2715 1126; x_wconf 89' lang='lat' dir='ltr'><strong>prorumpttis:</strong></span> <span class='ocrx_word' id='word_1_151' title='bbox 2752 1061 2894 1114; x_wconf 89' lang='lat' dir='ltr'><strong>unde</strong></span> <span class='ocrx_word' id='word_1_152' title='bbox 2926 1061 3090 1115; x_wconf 87' lang='lat' dir='ltr'><strong>etiam</strong></span> <span class='ocrx_word' id='word_1_153' title='bbox 3137 1061 3365 1118; x_wconf 88' lang='lat' dir='ltr'><strong>rabiosis</strong></span> <span class='ocrx_word' id='word_1_154' title='bbox 3394 1062 3476 1118; x_wconf 83' lang='lat' dir='ltr'><strong>u.i</strong></span> 
     </span>
    </p>
   </div>
   <div class='ocr_carea' id='block_1_24' title="bbox 1895 1149 3475 1213">
    <p class='ocr_par' dir='ltr' id='par_1_24' title="bbox 1895 1149 3475 1213">
     <span class='ocr_line' id='line_1_24' title="bbox 1895 1149 3475 1213; baseline 0.004 -9"><span class='ocrx_word' id='word_1_155' title='bbox 1895 1149 2280 1204; x_wconf 88' lang='lat' dir='ltr'><strong>concubitibus</strong></span> <span class='ocrx_word' id='word_1_156' title='bbox 2319 1149 2461 1213; x_wconf 87' lang='lat' dir='ltr'><strong>soliti</strong></span> <span class='ocrx_word' id='word_1_157' title='bbox 2490 1149 2644 1208; x_wconf 82' lang='lat' dir='ltr'><strong>estis.</strong></span> <span class='ocrx_word' id='word_1_158' title='bbox 2681 1151 2920 1206; x_wconf 82' lang='lat' dir='ltr'><strong>Dixerim</strong></span> <span class='ocrx_word' id='word_1_159' title='bbox 2960 1164 3143 1208; x_wconf 87' lang='lat' dir='ltr'><strong>autem</strong></span> <span class='ocrx_word' id='word_1_160' title='bbox 3185 1155 3339 1209; x_wconf 85' lang='lat' dir='ltr'><strong>vobis</strong></span> <span class='ocrx_word' id='word_1_161' title='bbox 3370 1156 3475 1211; x_wconf 88' lang='lat' dir='ltr'><strong>hoc</strong></span> 
     </span>
    </p>
   </div>
   <div class='ocr_carea' id='block_1_25' title="bbox 1894 1241 3474 1312">
    <p class='ocr_par' dir='ltr' id='par_1_25' title="bbox 1894 1241 3474 1312">
     <span class='ocr_line' id='line_1_25' title="bbox 1894 1241 3474 1312; baseline 0.004 -17"><span class='ocrx_word' id='word_1_162' title='bbox 1894 1257 2152 1312; x_wconf 88' lang='lat' dir='ltr'><strong>quoque:</strong></span> <span class='ocrx_word' id='word_1_163' title='bbox 2184 1241 2325 1307; x_wconf 81' lang='lat' dir='ltr'><strong>Quid</strong></span> <span class='ocrx_word' id='word_1_164' title='bbox 2361 1252 2435 1304; x_wconf 90' lang='lat' dir='ltr'><strong>tu,</strong></span> <span class='ocrx_word' id='word_1_165' title='bbox 2474 1257 2598 1296; x_wconf 88' lang='lat' dir='ltr'><strong>cum</strong></span> <span class='ocrx_word' id='word_1_166' title='bbox 2655 1241 2883 1298; x_wconf 77' lang='lat' dir='ltr'><strong>Graecus</strong></span> <span class='ocrx_word' id='word_1_167' title='bbox 2915 1245 3012 1308; x_wconf 88' lang='lat' dir='ltr'><strong>sis,</strong></span> <span class='ocrx_word' id='word_1_168' title='bbox 3067 1245 3181 1300; x_wconf 83' lang='lat' dir='ltr'><strong>[ilio</strong></span> <span class='ocrx_word' id='word_1_169' title='bbox 3229 1254 3321 1302; x_wconf 91' lang='lat' dir='ltr'><strong>tuo</strong></span> <span class='ocrx_word' id='word_1_170' title='bbox 3347 1261 3474 1301; x_wconf 85' lang='lat' dir='ltr'><strong>suc-</strong></span> 
     </span>
    </p>
   </div>
   <div class='ocr_carea' id='block_1_26' title="bbox 1893 1331 3472 1406">
    <p class='ocr_par' dir='ltr' id='par_1_26' title="bbox 1893 1331 3472 1406">
     <span class='ocr_line' id='line_1_26' title="bbox 1893 1331 3472 1406; baseline 0.004 -20"><span class='ocrx_word' id='word_1_171' title='bbox 1893 1348 2105 1396; x_wconf 87' lang='lat' dir='ltr'><strong>censes,</strong></span> <span class='ocrx_word' id='word_1_172' title='bbox 2146 1333 2190 1387; x_wconf 90' lang='lat' dir='ltr'><strong>si</strong></span> <span class='ocrx_word' id='word_1_173' title='bbox 2220 1331 2407 1387; x_wconf 81' lang='lat' dir='ltr'><strong>Jovem</strong></span> <span class='ocrx_word' id='word_1_174' title='bbox 2434 1333 2680 1398; x_wconf 90' lang='lat' dir='ltr'><strong>imitans,</strong></span> <span class='ocrx_word' id='word_1_175' title='bbox 2707 1334 2802 1388; x_wconf 88' lang='lat' dir='ltr'><strong>tibi</strong></span> <span class='ocrx_word' id='word_1_176' title='bbox 2835 1335 3144 1399; x_wconf 80' lang='lat' dir='ltr'><strong>insidiatur,</strong></span> <span class='ocrx_word' id='word_1_177' title='bbox 3169 1346 3224 1390; x_wconf 90' lang='lat' dir='ltr'><strong>et</strong></span> <span class='ocrx_word' id='word_1_178' title='bbox 3254 1338 3472 1406; x_wconf 81' lang='lat' dir='ltr'><strong>nuptias</strong></span> 
     </span>
    </p>
   </div>
   <div class='ocr_carea' id='block_1_27' title="bbox 1893 1423 3468 1498">
    <p class='ocr_par' dir='ltr' id='par_1_27' title="bbox 1893 1423 3468 1498">
     <span class='ocr_line' id='line_1_27' title="bbox 1893 1423 3468 1498; baseline 0.004 -19"><span class='ocrx_word' id='word_1_179' title='bbox 1893 1436 2017 1479; x_wconf 89' lang='lat' dir='ltr'><strong>tuas</strong></span> <span class='ocrx_word' id='word_1_180' title='bbox 2049 1424 2264 1478; x_wconf 84' lang='lat' dir='ltr'><strong>furatus</strong></span> <span class='ocrx_word' id='word_1_181' title='bbox 2296 1425 2416 1479; x_wconf 81' lang='lat' dir='ltr'><strong>est?</strong></span> <span class='ocrx_word' id='word_1_182' title='bbox 2450 1423 2558 1478; x_wconf 90' lang='lat' dir='ltr'><strong>Cur</strong></span> <span class='ocrx_word' id='word_1_183' title='bbox 2586 1427 2728 1479; x_wconf 90' lang='lat' dir='ltr'><strong>hunc</strong></span> <span class='ocrx_word' id='word_1_184' title='bbox 2756 1440 2878 1481; x_wconf 89' lang='lat' dir='ltr'><strong>esse</strong></span> <span class='ocrx_word' id='word_1_185' title='bbox 2924 1428 3200 1482; x_wconf 85' lang='lat' dir='ltr'><strong>inimicum</strong></span> <span class='ocrx_word' id='word_1_186' title='bbox 3237 1445 3468 1498; x_wconf 85' lang='lat' dir='ltr'><strong>censes;</strong></span> 
     </span>
    </p>
   </div>
   <div class='ocr_carea' id='block_1_28' title="bbox 1894 1516 3474 1587">
    <p class='ocr_par' dir='ltr' id='par_1_28' title="bbox 1894 1516 3474 1587">
     <span class='ocr_line' id='line_1_28' title="bbox 1894 1516 3474 1587; baseline 0.005 -16"><span class='ocrx_word' id='word_1_187' title='bbox 1894 1525 1951 1571; x_wconf 89' lang='lat' dir='ltr'><strong>at</strong></span> <span class='ocrx_word' id='word_1_188' title='bbox 1984 1516 2062 1571; x_wconf 85' lang='lat' dir='ltr'><strong>illi</strong></span> <span class='ocrx_word' id='word_1_189' title='bbox 2091 1518 2288 1572; x_wconf 85' lang='lat' dir='ltr'><strong>similia</strong></span> <span class='ocrx_word' id='word_1_190' title='bbox 2324 1527 2729 1587; x_wconf 87' lang='lat' dir='ltr'><strong>perpetrantem</strong></span> <span class='ocrx_word' id='word_1_191' title='bbox 2758 1519 3082 1573; x_wconf 84' lang='lat' dir='ltr'><strong>veneraris?</strong></span> <span class='ocrx_word' id='word_1_192' title='bbox 3111 1519 3221 1574; x_wconf 85' lang='lat' dir='ltr'><strong>Cur</strong></span> <span class='ocrx_word' id='word_1_193' title='bbox 3246 1521 3377 1576; x_wconf 88' lang='lat' dir='ltr'><strong>item</strong></span> <span class='ocrx_word' id='word_1_194' title='bbox 3402 1525 3474 1579; x_wconf 67' lang='lat' dir='ltr'><strong>«te</strong></span> 
     </span>
    </p>
   </div>
   <div class='ocr_carea' id='block_1_29' title="bbox 1892 1608 3472 1680">
    <p class='ocr_par' dir='ltr' id='par_1_29' title="bbox 1892 1608 3472 1680">
     <span class='ocr_line' id='line_1_29' title="bbox 1892 1608 3472 1680; baseline 0.004 -19"><span class='ocrx_word' id='word_1_195' title='bbox 1892 1623 2062 1664; x_wconf 85' lang='lat' dir='ltr'><strong>uxore</strong></span> <span class='ocrx_word' id='word_1_196' title='bbox 2095 1619 2186 1662; x_wconf 80' lang='lat' dir='ltr'><strong>tua</strong></span> <span class='ocrx_word' id='word_1_197' title='bbox 2218 1608 2560 1678; x_wconf 78' lang='lat' dir='ltr'><strong>expostulas,</strong></span> <span class='ocrx_word' id='word_1_198' title='bbox 2601 1610 2747 1679; x_wconf 91' lang='lat' dir='ltr'><strong>quod</strong></span> <span class='ocrx_word' id='word_1_199' title='bbox 2791 1610 3107 1680; x_wconf 80' lang='lat' dir='ltr'><strong>petulanter</strong></span> <span class='ocrx_word' id='word_1_200' title='bbox 3141 1613 3288 1666; x_wconf 84' lang='lat' dir='ltr'><strong>vivat</strong></span> <span class='ocrx_word' id='word_1_201' title='bbox 3313 1624 3366 1668; x_wconf 93' lang='lat' dir='ltr'><strong>et</strong></span> <span class='ocrx_word' id='word_1_202' title='bbox 3402 1615 3472 1668; x_wconf 78' lang='lat' dir='ltr'><strong>li-</strong></span> 
     </span>
    </p>
   </div>
   <div class='ocr_carea' id='block_1_30' title="bbox 209 1701 3470 1780">
    <p class='ocr_par' dir='ltr' id='par_1_30' title="bbox 209 1701 3470 1780">
     <span class='ocr_line' id='line_1_30' title="bbox 209 1701 3470 1780; baseline 0 -16"><span class='ocrx_word' id='word_1_203' title='bbox 209 1709 488 1776; x_wconf 84' lang='lat' dir='ltr'><strong>bidinose;</strong></span> <span class='ocrx_word' id='word_1_204' title='bbox 539 1721 590 1765; x_wconf 90' lang='lat' dir='ltr'><strong>at</strong></span> <span class='ocrx_word' id='word_1_205' title='bbox 622 1702 889 1766; x_wconf 85' lang='lat' dir='ltr'><strong>Venerem</strong></span> <span class='ocrx_word' id='word_1_206' title='bbox 937 1709 1153 1780; x_wconf 89' lang='lat' dir='ltr'><strong>templis</strong></span> <span class='ocrx_word' id='word_1_207' title='bbox 1210 1705 1538 1765; x_wconf 83' lang='lat' dir='ltr'><strong>honorasti?</strong></span> <span class='ocrx_word' id='word_1_208' title='bbox 1575 1711 1671 1776; x_wconf 81' lang='lat' dir='ltr'><strong>Ac,</strong></span> <span class='ocrx_word' id='word_1_209' title='bbox 1707 1711 1752 1765; x_wconf 91' lang='lat' dir='ltr'><strong>si</strong></span> <span class='ocrx_word' id='word_1_210' title='bbox 1797 1707 2012 1777; x_wconf 86' lang='lat' dir='ltr'><strong>quidem</strong></span> <span class='ocrx_word' id='word_1_211' title='bbox 2059 1705 2163 1757; x_wconf 88' lang='lat' dir='ltr'><strong>ista</strong></span> <span class='ocrx_word' id='word_1_212' title='bbox 2219 1705 2286 1757; x_wconf 89' lang='lat' dir='ltr'><strong>ab</strong></span> <span class='ocrx_word' id='word_1_213' title='bbox 2322 1702 2445 1757; x_wconf 88' lang='lat' dir='ltr'><strong>aliis</strong></span> <span class='ocrx_word' id='word_1_214' title='bbox 2495 1701 2638 1756; x_wconf 87' lang='lat' dir='ltr'><strong>dicta</strong></span> <span class='ocrx_word' id='word_1_215' title='bbox 2700 1715 2921 1771; x_wconf 86' lang='lat' dir='ltr'><strong>essent,</strong></span> <span class='ocrx_word' id='word_1_216' title='bbox 2975 1707 3253 1760; x_wconf 81' lang='lat' dir='ltr'><strong>accusatio</strong></span> <span class='ocrx_word' id='word_1_217' title='bbox 3316 1722 3470 1764; x_wconf 82' lang='lat' dir='ltr'><strong>mera</strong></span> 
     </span>
    </p>
   </div>
   <div class='ocr_carea' id='block_1_31' title="bbox 209 1794 3468 1870">
    <p class='ocr_par' dir='ltr' id='par_1_31' title="bbox 209 1794 3468 1870">
     <span class='ocr_line' id='line_1_31' title="bbox 209 1794 3468 1870; baseline -0.001 -15"><span class='ocrx_word' id='word_1_218' title='bbox 209 1817 326 1858; x_wconf 84' lang='lat' dir='ltr'><strong>esse</strong></span> <span class='ocrx_word' id='word_1_219' title='bbox 364 1805 480 1857; x_wconf 86' lang='lat' dir='ltr'><strong>visa</strong></span> <span class='ocrx_word' id='word_1_220' title='bbox 540 1803 810 1868; x_wconf 78' lang='lat' dir='ltr'><strong>fuissent,</strong></span> <span class='ocrx_word' id='word_1_221' title='bbox 864 1817 929 1858; x_wconf 86' lang='lat' dir='ltr'><strong>ac</strong></span> <span class='ocrx_word' id='word_1_222' title='bbox 977 1818 1084 1858; x_wconf 93' lang='lat' dir='ltr'><strong>nou</strong></span> <span class='ocrx_word' id='word_1_223' title='bbox 1143 1805 1380 1867; x_wconf 87' lang='lat' dir='ltr'><strong>veritas;</strong></span> <span class='ocrx_word' id='word_1_224' title='bbox 1433 1808 1527 1859; x_wconf 90' lang='lat' dir='ltr'><strong>sed</strong></span> <span class='ocrx_word' id='word_1_225' title='bbox 1605 1815 1796 1859; x_wconf 89' lang='lat' dir='ltr'><strong>contra</strong></span> <span class='ocrx_word' id='word_1_226' title='bbox 1861 1810 2034 1870; x_wconf 71' lang='lat' dir='ltr'><strong>poetae</strong></span> <span class='ocrx_word' id='word_1_227' title='bbox 2106 1796 2270 1851; x_wconf 86' lang='lat' dir='ltr'><strong>vestri</strong></span> <span class='ocrx_word' id='word_1_228' title='bbox 2327 1795 2442 1850; x_wconf 82' lang='lat' dir='ltr'><strong>haec</strong></span> <span class='ocrx_word' id='word_1_229' title='bbox 2489 1805 2718 1859; x_wconf 86' lang='lat' dir='ltr'><strong>canunt,</strong></span> <span class='ocrx_word' id='word_1_230' title='bbox 2771 1794 2887 1850; x_wconf 63' lang='lat' dir='ltr'><strong>hate</strong></span> <span class='ocrx_word' id='word_1_231' title='bbox 2937 1796 3177 1851; x_wconf 85' lang='lat' dir='ltr'><strong>clamant</strong></span> <span class='ocrx_word' id='word_1_232' title='bbox 3229 1812 3293 1852; x_wconf 90' lang='lat' dir='ltr'><strong>ea</strong></span> <span class='ocrx_word' id='word_1_233' title='bbox 3343 1814 3468 1867; x_wconf 71' lang='lat' dir='ltr'><strong>quas</strong></span> 
     </span>
    </p>
   </div>
   <div class='ocr_carea' id='block_1_32' title="bbox 210 1896 1403 1965">
    <p class='ocr_par' dir='ltr' id='par_1_32' title="bbox 210 1896 1403 1965">
     <span class='ocr_line' id='line_1_32' title="bbox 210 1896 1403 1965; baseline -0.001 -17"><span class='ocrx_word' id='word_1_234' title='bbox 210 1896 346 1965; x_wconf 83' lang='lat' dir='ltr'><strong>apud</strong></span> <span class='ocrx_word' id='word_1_235' title='bbox 383 1910 482 1948; x_wconf 85' lang='lat' dir='ltr'><strong>vos</strong></span> <span class='ocrx_word' id='word_1_236' title='bbox 513 1905 644 1950; x_wconf 88' lang='lat' dir='ltr'><strong>sunt</strong></span> <span class='ocrx_word' id='word_1_237' title='bbox 674 1896 937 1950; x_wconf 66' lang='lat' dir='ltr'><strong>historiae.</strong></span> <span class='ocrx_word' id='word_1_238' title='bbox 1397 1946 1403 1964; x_wconf 44' lang='grc' dir='ltr'>ι</span> 
     </span>
    </p>
   </div>
   <div class='ocr_carea' id='block_1_33' title="bbox 275 1980 1782 2061">
    <p class='ocr_par' dir='ltr' id='par_1_33' title="bbox 275 1986 1772 2061">
     <span class='ocr_line' id='line_1_33' title="bbox 275 1986 1772 2061; baseline 0.003 -22"><span class='ocrx_word' id='word_1_239' title='bbox 275 1986 327 2040; x_wconf 89' lang='grc'><strong>5.</strong></span> <span class='ocrx_word' id='word_1_240' title='bbox 391 1986 615 2040; x_wconf 88' lang='grc' dir='ltr'>Ἔλθετε</span> <span class='ocrx_word' id='word_1_241' title='bbox 656 1986 859 2052; x_wconf 83' lang='grc' dir='ltr'>λοιπὸν,</span> <span class='ocrx_word' id='word_1_242' title='bbox 891 1987 1080 2059; x_wconf 74' lang='grc' dir='ltr'>ἄνδρες</span> <span class='ocrx_word' id='word_1_243' title='bbox 1115 1989 1396 2060; x_wconf 86' lang='grc' dir='ltr'>Ἕλληνες,</span> <span class='ocrx_word' id='word_1_244' title='bbox 1463 1991 1558 2044; x_wconf 58' lang='grc' dir='ltr'><strong>καὶ¹</strong></span> <span class='ocrx_word' id='word_1_245' title='bbox 1611 1989 1772 2061; x_wconf 69' lang='grc' dir='ltr'>σοφία</span> 
     </span>
    </p>
   </div>
   <div class='ocr_carea' id='block_1_34' title="bbox 1880 1980 3465 2061">
    <p class='ocr_par' dir='ltr' id='par_1_34' title="bbox 1947 1980 3465 2050">
     <span class='ocr_line' id='line_1_34' title="bbox 1947 1980 3465 2050; baseline 0.001 -12"><span class='ocrx_word' id='word_1_246' title='bbox 1947 1983 2001 2040; x_wconf 84' lang='lat'><strong>5.</strong></span> <span class='ocrx_word' id='word_1_247' title='bbox 2036 1982 2294 2038; x_wconf 83' lang='lat' dir='ltr'><strong>Accedite</strong></span> <span class='ocrx_word' id='word_1_248' title='bbox 2327 1981 2380 2036; x_wconf 91' lang='lat' dir='ltr'><strong>in</strong></span> <span class='ocrx_word' id='word_1_249' title='bbox 2409 1990 2706 2050; x_wconf 90' lang='lat' dir='ltr'><strong>posterum,</strong></span> <span class='ocrx_word' id='word_1_250' title='bbox 2741 1980 2941 2047; x_wconf 70' lang='lat' dir='ltr'><strong>Graeci,</strong></span> <span class='ocrx_word' id='word_1_251' title='bbox 2974 1992 3030 2036; x_wconf 92' lang='lat' dir='ltr'><strong>et</strong></span> <span class='ocrx_word' id='word_1_252' title='bbox 3063 1983 3346 2050; x_wconf 71' lang='lat' dir='ltr'><strong>sapientiae</strong></span> <span class='ocrx_word' id='word_1_253' title='bbox 3380 1985 3465 2040; x_wconf 83' lang='lat' dir='ltr'><strong>in-</strong></span> 
     </span>
    </p>
   </div>
   <div class='ocr_carea' id='block_1_35' title="bbox 204 2071 1782 2153">
    <p class='ocr_par' dir='ltr' id='par_1_35' title="bbox 204 2076 1782 2153">
     <span class='ocr_line' id='line_1_35' title="bbox 204 2076 1782 2153; baseline 0.006 -25"><span class='ocrx_word' id='word_1_254' title='bbox 204 2078 642 2150; x_wconf 77' lang='grc' dir='ltr'>άπαραμιλλήτῳ</span> <span class='ocrx_word' id='word_1_255' title='bbox 695 2081 1091 2151; x_wconf 76' lang='grc' dir='ltr'>κοινωνήσατε·</span> <span class='ocrx_word' id='word_1_256' title='bbox 1142 2081 1238 2134; x_wconf 76' lang='grc' dir='ltr'><strong>καὶ</strong></span> <span class='ocrx_word' id='word_1_257' title='bbox 1283 2076 1427 2153; x_wconf 78' lang='grc' dir='ltr'>θείῳ⁵</span> <span class='ocrx_word' id='word_1_258' title='bbox 1462 2082 1607 2153; x_wconf 88' lang='grc' dir='ltr'>λόγῳ</span> <span class='ocrx_word' id='word_1_259' title='bbox 1655 2101 1782 2137; x_wconf 87' lang='grc' dir='ltr'>παι-</span> 
     </span>
    </p>
   </div>
   <div class='ocr_carea' id='block_1_36' title="bbox 1880 2071 3464 2153">
    <p class='ocr_par' dir='ltr' id='par_1_36' title="bbox 1888 2071 3464 2142">
     <span class='ocr_line' id='line_1_36' title="bbox 1888 2071 3464 2142; baseline 0.001 -14"><span class='ocrx_word' id='word_1_260' title='bbox 1888 2071 2273 2142; x_wconf 87' lang='lat' dir='ltr'><strong>eomparabilis</strong></span> <span class='ocrx_word' id='word_1_261' title='bbox 2307 2071 2602 2140; x_wconf 89' lang='lat' dir='ltr'><strong>participes</strong></span> <span class='ocrx_word' id='word_1_262' title='bbox 2652 2080 2865 2135; x_wconf 91' lang='lat' dir='ltr'><strong>estote;</strong></span> <span class='ocrx_word' id='word_1_263' title='bbox 2914 2087 2982 2127; x_wconf 91' lang='lat' dir='ltr'><strong>ac</strong></span> <span class='ocrx_word' id='word_1_264' title='bbox 3016 2073 3220 2128; x_wconf 89' lang='lat' dir='ltr'><strong>divinis</strong></span> <span class='ocrx_word' id='word_1_265' title='bbox 3253 2091 3464 2131; x_wconf 86' lang='lat' dir='ltr'><strong>sermo-</strong></span> 
     </span>
    </p>
   </div>
   <div class='ocr_carea' id='block_1_37' title="bbox 203 2169 1788 2246">
    <p class='ocr_par' dir='ltr' id='par_1_37' title="bbox 203 2169 1788 2246">
     <span class='ocr_line' id='line_1_37' title="bbox 203 2169 1788 2246; baseline 0.003 -24"><span class='ocrx_word' id='word_1_266' title='bbox 203 2169 453 2240; x_wconf 77' lang='grc' dir='ltr'>δεύθητε,</span> <span class='ocrx_word' id='word_1_267' title='bbox 501 2172 597 2224; x_wconf 77' lang='grc' dir='ltr'>καὶ</span> <span class='ocrx_word' id='word_1_268' title='bbox 645 2171 864 2242; x_wconf 78' lang='grc' dir='ltr'>μάθετε,</span> <span class='ocrx_word' id='word_1_269' title='bbox 912 2173 1136 2244; x_wconf 82' lang='grc' dir='ltr'>βασιλέα</span> <span class='ocrx_word' id='word_1_270' title='bbox 1195 2173 1502 2246; x_wconf 81' lang='grc' dir='ltr'>ἄφθαρτον·</span> <span class='ocrx_word' id='word_1_271' title='bbox 1537 2174 1630 2228; x_wconf 71' lang='grc' dir='ltr'><strong>καὶ</strong></span> <span class='ocrx_word' id='word_1_272' title='bbox 1664 2174 1788 2227; x_wconf 84' lang='grc' dir='ltr'>τού-</span> 
     </span>
    </p>
   </div>
   <div class='ocr_carea' id='block_1_38' title="bbox 204 2263 1788 2338">
    <p class='ocr_par' dir='ltr' id='par_1_38' title="bbox 204 2263 1788 2338">
     <span class='ocr_line' id='line_1_38' title="bbox 204 2263 1788 2338; baseline 0.002 -22"><span class='ocrx_word' id='word_1_273' title='bbox 204 2279 328 2327; x_wconf 78' lang='grc' dir='ltr'>τους</span> <span class='ocrx_word' id='word_1_274' title='bbox 359 2263 496 2334; x_wconf 72' lang='grc'>(28⁸)</span> <span class='ocrx_word' id='word_1_275' title='bbox 542 2265 667 2328; x_wconf 84' lang='grc' dir='ltr'>τοὺς</span> <span class='ocrx_word' id='word_1_276' title='bbox 688 2267 876 2337; x_wconf 74' lang='grc' dir='ltr'>ἥρωας</span> <span class='ocrx_word' id='word_1_277' title='bbox 903 2268 1171 2336; x_wconf 84' lang='grc' dir='ltr'>ὲπίγνωτε</span> <span class='ocrx_word' id='word_1_278' title='bbox 1193 2268 1290 2338; x_wconf 80' lang='grc' dir='ltr'><strong>οὐχ</strong></span> <span class='ocrx_word' id='word_1_279' title='bbox 1323 2269 1413 2322; x_wconf 80' lang='grc' dir='ltr'><strong>ὅτε</strong></span> <span class='ocrx_word' id='word_1_280' title='bbox 1441 2267 1590 2331; x_wconf 88' lang='grc' dir='ltr'>λαοῖς</span> <span class='ocrx_word' id='word_1_281' title='bbox 1628 2267 1788 2335; x_wconf 82' lang='grc' dir='ltr'>φόνον</span> 
     </span>
    </p>
   </div>
   <div class='ocr_carea' id='block_1_39' title="bbox 204 2353 1787 2430">
    <p class='ocr_par' dir='ltr' id='par_1_39' title="bbox 204 2353 1787 2430">
     <span class='ocr_line' id='line_1_39' title="bbox 204 2353 1787 2430; baseline 0.004 -25"><span class='ocrx_word' id='word_1_282' title='bbox 204 2353 628 2425; x_wconf 64' lang='grc' dir='ltr'>ἐργαζομένους.</span> <span class='ocrx_word' id='word_1_283' title='bbox 663 2356 835 2418; x_wconf 66' lang='grc' dir='ltr'>Αὐτὸς</span> <span class='ocrx_word' id='word_1_284' title='bbox 867 2355 975 2430; x_wconf 83' lang='grc' dir='ltr'><strong>γὰρ</strong></span> <span class='ocrx_word' id='word_1_285' title='bbox 1035 2358 1191 2428; x_wconf 82' lang='grc' dir='ltr'>ἡμῶν</span> <span class='ocrx_word' id='word_1_286' title='bbox 1243 2358 1375 2428; x_wconf 74' lang='grc'>(29),</span> <span class='ocrx_word' id='word_1_287' title='bbox 1430 2359 1490 2411; x_wconf 86' lang='grc' dir='ltr'><strong>οὑ</strong></span> <span class='ocrx_word' id='word_1_288' title='bbox 1542 2358 1787 2427; x_wconf 87' lang='grc' dir='ltr'>βούλεται</span> 
     </span>
    </p>
   </div>
   <div class='ocr_carea' id='block_1_40' title="bbox 207 2447 1786 2523">
    <p class='ocr_par' dir='ltr' id='par_1_40' title="bbox 207 2447 1786 2523">
     <span class='ocr_line' id='line_1_40' title="bbox 207 2447 1786 2523; baseline 0.003 -24"><span class='ocrx_word' id='word_1_289' title='bbox 207 2448 475 2516; x_wconf 87' lang='grc' dir='ltr'>σωμάτων</span> <span class='ocrx_word' id='word_1_290' title='bbox 508 2447 704 2519; x_wconf 73' lang='grc' dir='ltr'>ἀλκὴν,</span> <span class='ocrx_word' id='word_1_291' title='bbox 756 2449 850 2503; x_wconf 77' lang='grc' dir='ltr'>καὶ</span> <span class='ocrx_word' id='word_1_292' title='bbox 883 2449 1067 2504; x_wconf 73' lang='grc' dir='ltr'>τύπων</span> <span class='ocrx_word' id='word_1_293' title='bbox 1100 2452 1420 2523; x_wconf 73' lang='grc' dir='ltr'>εὐμορφίαν,</span> <span class='ocrx_word' id='word_1_294' title='bbox 1463 2452 1582 2504; x_wconf 71' lang='grc' dir='ltr'>οὐδὲ</span> <span class='ocrx_word' id='word_1_295' title='bbox 1627 2452 1786 2518; x_wconf 75' lang='grc' dir='ltr'>εὐγε-</span> 
     </span>
    </p>
   </div>
   <div class='ocr_carea' id='block_1_41' title="bbox 204 2539 1786 2614">
    <p class='ocr_par' dir='ltr' id='par_1_41' title="bbox 204 2539 1786 2614">
     <span class='ocr_line' id='line_1_41' title="bbox 204 2539 1786 2614; baseline 0.004 -25"><span class='ocrx_word' id='word_1_296' title='bbox 204 2539 351 2602; x_wconf 69' lang='grc' dir='ltr'>νείας</span> <span class='ocrx_word' id='word_1_297' title='bbox 405 2539 692 2610; x_wconf 75' lang='grc' dir='ltr'>φρύαγμα,</span> <span class='ocrx_word' id='word_1_298' title='bbox 731 2541 866 2595; x_wconf 77' lang='grc' dir='ltr'>ἀλλὰ</span> <span class='ocrx_word' id='word_1_299' title='bbox 897 2542 1074 2613; x_wconf 79' lang='grc' dir='ltr'>ψυχήν</span> <span class='ocrx_word' id='word_1_300' title='bbox 1129 2561 1187 2596; x_wconf 88' lang='grc' dir='ltr'><strong>τε</strong></span> <span class='ocrx_word' id='word_1_301' title='bbox 1241 2543 1506 2614; x_wconf 75' lang='grc' dir='ltr'>καθαρὰν,</span> <span class='ocrx_word' id='word_1_302' title='bbox 1545 2541 1786 2612; x_wconf 86' lang='grc' dir='ltr'>ὁσιότητι</span> 
     </span>
    </p>
   </div>
   <div class='ocr_carea' id='block_1_42' title="bbox 202 2628 1786 2703">
    <p class='ocr_par' dir='ltr' id='par_1_42' title="bbox 202 2628 1786 2703">
     <span class='ocr_line' id='line_1_42' title="bbox 202 2628 1786 2703; baseline 0 -21"><span class='ocrx_word' id='word_1_303' title='bbox 202 2628 314 2696; x_wconf 73' lang='lat'><strong>(30)</strong></span> <span class='ocrx_word' id='word_1_304' title='bbox 341 2630 771 2701; x_wconf 81' lang='grc' dir='ltr'>τετειχισμένην,</span> <span class='ocrx_word' id='word_1_305' title='bbox 797 2629 898 2702; x_wconf 74' lang='grc' dir='ltr'>ἤδη</span> <span class='ocrx_word' id='word_1_306' title='bbox 942 2632 1054 2703; x_wconf 76' lang='grc'><strong>(51)</strong></span> <span class='ocrx_word' id='word_1_307' title='bbox 1084 2633 1142 2686; x_wconf 85' lang='grc' dir='ltr'>δὲ</span> <span class='ocrx_word' id='word_1_308' title='bbox 1179 2631 1440 2702; x_wconf 80' lang='grc' dir='ltr'>διηνεκῶς</span> <span class='ocrx_word' id='word_1_309' title='bbox 1480 2630 1786 2683; x_wconf 69' lang='grc' dir='ltr'>ἐπιστατῶν</span> 
     </span>
    </p>
   </div>
   <div class='ocr_carea' id='block_1_43' title="bbox 204 2717 1786 2792">
    <p class='ocr_par' dir='ltr' id='par_1_43' title="bbox 204 2717 1786 2792">
     <span class='ocr_line' id='line_1_43' title="bbox 204 2717 1786 2792; baseline 0.003 -22"><span class='ocrx_word' id='word_1_310' title='bbox 204 2720 334 2788; x_wconf 72' lang='grc' dir='ltr'>ἡμῖν</span> <span class='ocrx_word' id='word_1_311' title='bbox 364 2721 392 2771; x_wconf 81' lang='grc' dir='ltr'>ὁ</span> <span class='ocrx_word' id='word_1_312' title='bbox 423 2719 566 2782; x_wconf 88' lang='grc' dir='ltr'>θεῖος</span> <span class='ocrx_word' id='word_1_313' title='bbox 597 2721 787 2788; x_wconf 86' lang='grc' dir='ltr'>Λόγος,</span> <span class='ocrx_word' id='word_1_314' title='bbox 832 2724 926 2775; x_wconf 69' lang='grc' dir='ltr'><strong>κα)⁵</strong></span> <span class='ocrx_word' id='word_1_315' title='bbox 960 2723 1025 2776; x_wconf 76' lang='grc' dir='ltr'>τὰ</span> <span class='ocrx_word' id='word_1_316' title='bbox 1056 2722 1147 2775; x_wconf 88' lang='grc' dir='ltr'><strong>τοῦ</strong></span> <span class='ocrx_word' id='word_1_317' title='bbox 1173 2721 1437 2792; x_wconf 77' lang='grc' dir='ltr'>βασιλέως</span> <span class='ocrx_word' id='word_1_318' title='bbox 1481 2717 1638 2792; x_wconf 79' lang='grc' dir='ltr'>ἡμῶν</span> <span class='ocrx_word' id='word_1_319' title='bbox 1663 2739 1786 2774; x_wconf 89' lang='grc' dir='ltr'>συν-</span> 
     </span>
    </p>
   </div>
   <div class='ocr_carea' id='block_1_44' title="bbox 205 2807 1784 2881">
    <p class='ocr_par' dir='ltr' id='par_1_44' title="bbox 205 2807 1784 2881">
     <span class='ocr_line' id='line_1_44' title="bbox 205 2807 1784 2881; baseline 0.002 -21"><span class='ocrx_word' id='word_1_320' title='bbox 205 2809 446 2879; x_wconf 67' lang='grc' dir='ltr'>θήματα,</span> <span class='ocrx_word' id='word_1_321' title='bbox 473 2809 697 2881; x_wconf 81' lang='grc' dir='ltr'>πράξεις</span> <span class='ocrx_word' id='word_1_322' title='bbox 732 2807 902 2873; x_wconf 86' lang='grc' dir='ltr'>Θείας,</span> <span class='ocrx_word' id='word_1_323' title='bbox 941 2810 1016 2873; x_wconf 85' lang='grc' dir='ltr'>ὡς</span> <span class='ocrx_word' id='word_1_324' title='bbox 1043 2811 1132 2864; x_wconf 86' lang='grc' dir='ltr'>διὰ</span> <span class='ocrx_word' id='word_1_325' title='bbox 1158 2811 1330 2879; x_wconf 84' lang='grc' dir='ltr'>Λόγου</span> <span class='ocrx_word' id='word_1_326' title='bbox 1361 2811 1468 2880; x_wconf 70' lang='grc'><strong>(52)</strong></span> <span class='ocrx_word' id='word_1_327' title='bbox 1503 2810 1784 2881; x_wconf 82' lang='grc' dir='ltr'>δυνάμεως</span> 
     </span>
    </p>
   </div>
   <div class='ocr_carea' id='block_1_45' title="bbox 203 2893 1782 2972">
    <p class='ocr_par' dir='ltr' id='par_1_45' title="bbox 203 2893 1782 2972">
     <span class='ocr_line' id='line_1_45' title="bbox 203 2893 1782 2972; baseline 0 -19"><span class='ocrx_word' id='word_1_328' title='bbox 203 2902 282 2964; x_wconf 78' lang='grc' dir='ltr'><strong>είς</strong></span> <span class='ocrx_word' id='word_1_329' title='bbox 314 2901 492 2971; x_wconf 59' lang='grc' dir='ltr'>ψυχὴν</span> <span class='ocrx_word' id='word_1_330' title='bbox 535 2900 928 2971; x_wconf 82' lang='grc' dir='ltr'>διῖκνουμένης,</span> <span class='ocrx_word' id='word_1_331' title='bbox 979 2901 1070 2971; x_wconf 79' lang='grc' dir='ltr'><strong>(ὡς</strong></span> <span class='ocrx_word' id='word_1_332' title='bbox 1118 2901 1348 2968; x_wconf 80' lang='grc' dir='ltr'>σάλπιγξ</span> <span class='ocrx_word' id='word_1_333' title='bbox 1375 2893 1481 2970; x_wconf 70' lang='grc'>(55)</span> <span class='ocrx_word' id='word_1_334' title='bbox 1507 2903 1782 2972; x_wconf 73' lang='grc' dir='ltr'>εἰρηνικῆς</span> 
     </span>
    </p>
   </div>
   <div class='ocr_carea' id='block_1_46' title="bbox 204 2991 1784 3063">
    <p class='ocr_par' dir='ltr' id='par_1_46' title="bbox 204 2991 1784 3063">
     <span class='ocr_line' id='line_1_46' title="bbox 204 2991 1784 3063; baseline 0.001 -18"><span class='ocrx_word' id='word_1_335' title='bbox 204 2991 314 3062; x_wconf 71' lang='grc'>(34)</span> <span class='ocrx_word' id='word_1_336' title='bbox 345 2993 528 3061; x_wconf 68' lang='grc' dir='ltr'>ψυχῆς</span> <span class='ocrx_word' id='word_1_337' title='bbox 551 2992 980 3063; x_wconf 82' lang='grc' dir='ltr'>πολεμουμένης,</span> <span class='ocrx_word' id='word_1_338' title='bbox 1007 2993 1051 3043; x_wconf 83' lang='grc' dir='ltr'><strong>ὣ</strong></span> <span class='ocrx_word' id='word_1_339' title='bbox 1080 2991 1266 3045; x_wconf 88' lang='grc' dir='ltr'>παθῶν</span> <span class='ocrx_word' id='word_1_340' title='bbox 1304 2992 1488 3046; x_wconf 88' lang='grc' dir='ltr'>δεινῶν</span> <span class='ocrx_word' id='word_1_341' title='bbox 1525 2993 1784 3059; x_wconf 79' lang='grc' dir='ltr'>φυγαδευ-</span> 
     </span>
    </p>
   </div>
   <div class='ocr_carea' id='block_1_47' title="bbox 207 3082 1779 3156">
    <p class='ocr_par' dir='ltr' id='par_1_47' title="bbox 207 3082 1779 3156">
     <span class='ocr_line' id='line_1_47' title="bbox 207 3082 1779 3156; baseline 0.001 -21"><span class='ocrx_word' id='word_1_342' title='bbox 207 3082 426 3153; x_wconf 73' lang='grc' dir='ltr'>τήριον,</span> <span class='ocrx_word' id='word_1_343' title='bbox 454 3083 499 3135; x_wconf 82' lang='grc' dir='ltr'>ὥ</span> <span class='ocrx_word' id='word_1_344' title='bbox 536 3083 704 3152; x_wconf 84' lang='grc' dir='ltr'>πυρὸς</span> <span class='ocrx_word' id='word_1_345' title='bbox 760 3083 1009 3154; x_wconf 73' lang='grc' dir='ltr'>ἐμψύχου</span> <span class='ocrx_word' id='word_1_346' title='bbox 1045 3084 1327 3137; x_wconf 77' lang='grc' dir='ltr'>σϐεστικὸν</span> <span class='ocrx_word' id='word_1_347' title='bbox 1366 3083 1779 3156; x_wconf 84' lang='grc' dir='ltr'>διδασκάλιον·)</span> 
     </span>
    </p>
   </div>
   <div class='ocr_carea' id='block_1_48' title="bbox 207 3174 1779 3247">
    <p class='ocr_par' dir='ltr' id='par_1_48' title="bbox 207 3174 1779 3247">
     <span class='ocr_line' id='line_1_48' title="bbox 207 3174 1779 3247; baseline 0.004 -21"><span class='ocrx_word' id='word_1_348' title='bbox 207 3174 322 3242; x_wconf 66' lang='grc' dir='ltr'>ἣτις</span> <span class='ocrx_word' id='word_1_349' title='bbox 365 3175 427 3226; x_wconf 77' lang='grc' dir='ltr'><strong>οὐ</strong></span> <span class='ocrx_word' id='word_1_350' title='bbox 483 3176 594 3246; x_wconf 80' lang='grc'><strong>(55)</strong></span> <span class='ocrx_word' id='word_1_351' title='bbox 641 3177 868 3247; x_wconf 86' lang='grc' dir='ltr'>ποιητὰς</span> <span class='ocrx_word' id='word_1_352' title='bbox 914 3180 1077 3243; x_wconf 83' lang='grc' dir='ltr'>ποιεῖ,</span> <span class='ocrx_word' id='word_1_353' title='bbox 1119 3178 1178 3231; x_wconf 80' lang='grc' dir='ltr'><strong>οὐ</strong></span> <span class='ocrx_word' id='word_1_354' title='bbox 1234 3177 1554 3247; x_wconf 75' lang='grc' dir='ltr'>φιλοσόφους</span> <span class='ocrx_word' id='word_1_355' title='bbox 1609 3193 1779 3232; x_wconf 86' lang='grc' dir='ltr'>κατα-</span> 
     </span>
    </p>
   </div>
   <div class='ocr_carea' id='block_1_49' title="bbox 206 3264 1775 3340">
    <p class='ocr_par' dir='ltr' id='par_1_49' title="bbox 206 3264 1775 3340">
     <span class='ocr_line' id='line_1_49' title="bbox 206 3264 1775 3340; baseline 0.003 -23"><span class='ocrx_word' id='word_1_356' title='bbox 206 3264 482 3338; x_wconf 76' lang='grc' dir='ltr'>σκευάζει,</span> <span class='ocrx_word' id='word_1_357' title='bbox 529 3267 648 3319; x_wconf 79' lang='grc' dir='ltr'>οὖδὲ</span> <span class='ocrx_word' id='word_1_358' title='bbox 690 3270 924 3340; x_wconf 83' lang='grc' dir='ltr'>ῥήτορας</span> <span class='ocrx_word' id='word_1_359' title='bbox 955 3267 1192 3332; x_wconf 71' lang='grc' dir='ltr'>δεινούςο</span> <span class='ocrx_word' id='word_1_360' title='bbox 1225 3268 1384 3336; x_wconf 74' lang='grc' dir='ltr'>ἀλλὰ,</span> <span class='ocrx_word' id='word_1_361' title='bbox 1425 3268 1775 3333; x_wconf 84' lang='grc' dir='ltr'>παιδεύουσα,</span> 
     </span>
    </p>
   </div>
   <div class='ocr_carea' id='block_1_50' title="bbox 207 3346 1846 3432">
    <p class='ocr_par' dir='ltr' id='par_1_50' title="bbox 207 3346 1846 3432">
     <span class='ocr_line' id='line_1_50' title="bbox 207 3346 1846 3432; baseline 0.002 -23"><span class='ocrx_word' id='word_1_362' title='bbox 207 3361 348 3410; x_wconf 61' lang='grc' dir='ltr'>ποιεῖ</span> <span class='ocrx_word' id='word_1_363' title='bbox 389 3358 515 3420; x_wconf 81' lang='grc' dir='ltr'>τοὺς</span> <span class='ocrx_word' id='word_1_364' title='bbox 558 3358 784 3430; x_wconf 82' lang='grc' dir='ltr'>θνητοὺς</span> <span class='ocrx_word' id='word_1_365' title='bbox 814 3358 1132 3426; x_wconf 81' lang='grc' dir='ltr'>ἀθανάτους,</span> <span class='ocrx_word' id='word_1_366' title='bbox 1167 3361 1292 3423; x_wconf 81' lang='grc' dir='ltr'>τοὺς</span> <span class='ocrx_word' id='word_1_367' title='bbox 1327 3359 1549 3432; x_wconf 76' lang='grc' dir='ltr'>βροτοὺς</span> <span class='ocrx_word' id='word_1_368' title='bbox 1585 3358 1774 3424; x_wconf 83' lang='grc' dir='ltr'>θεοὺς,</span> <span class='ocrx_word' id='word_1_369' title='bbox 1805 3346 1846 3404; x_wconf 80' lang='lat' dir='ltr'><strong><em>C</em></strong></span> 
     </span>
    </p>
   </div>
   <div class='ocr_carea' id='block_1_51' title="bbox 206 3448 1771 3521">
    <p class='ocr_par' dir='ltr' id='par_1_51' title="bbox 206 3448 1771 3521">
     <span class='ocr_line' id='line_1_51' title="bbox 206 3448 1771 3521; baseline 0.002 -21"><span class='ocrx_word' id='word_1_370' title='bbox 206 3451 265 3500; x_wconf 81' lang='grc' dir='ltr'>ὲκ</span> <span class='ocrx_word' id='word_1_371' title='bbox 299 3449 404 3518; x_wconf 77' lang='grc' dir='ltr'>γῆς</span> <span class='ocrx_word' id='word_1_372' title='bbox 448 3448 505 3502; x_wconf 79' lang='grc' dir='ltr'>δὲ</span> <span class='ocrx_word' id='word_1_373' title='bbox 551 3450 777 3520; x_wconf 86' lang='grc' dir='ltr'>μετάγει</span> <span class='ocrx_word' id='word_1_374' title='bbox 813 3452 893 3514; x_wconf 81' lang='grc' dir='ltr'><strong>είς</strong></span> <span class='ocrx_word' id='word_1_375' title='bbox 937 3452 1060 3515; x_wconf 87' lang='grc' dir='ltr'>τοὺς</span> <span class='ocrx_word' id='word_1_376' title='bbox 1093 3450 1231 3521; x_wconf 84' lang='grc' dir='ltr'>ὑπὲρ</span> <span class='ocrx_word' id='word_1_377' title='bbox 1280 3450 1558 3520; x_wconf 86' lang='grc' dir='ltr'>Ὄλυμπον</span> <span class='ocrx_word' id='word_1_378' title='bbox 1593 3451 1771 3520; x_wconf 81' lang='grc' dir='ltr'>ὄρους.</span> 
     </span>
    </p>
   </div>
   <div class='ocr_carea' id='block_1_52' title="bbox 207 3539 1774 3613">
    <p class='ocr_par' dir='ltr' id='par_1_52' title="bbox 207 3539 1774 3613">
     <span class='ocr_line' id='line_1_52' title="bbox 207 3539 1774 3613; baseline -0.001 -21"><span class='ocrx_word' id='word_1_379' title='bbox 207 3540 455 3606; x_wconf 82' lang='grc' dir='ltr'>Ἕλθετε,</span> <span class='ocrx_word' id='word_1_380' title='bbox 502 3540 862 3613; x_wconf 83' lang='grc' dir='ltr'>παιδεύθητε·</span> <span class='ocrx_word' id='word_1_381' title='bbox 912 3541 1134 3611; x_wconf 82' lang='grc' dir='ltr'>γένεσθε</span> <span class='ocrx_word' id='word_1_382' title='bbox 1177 3541 1254 3605; x_wconf 84' lang='grc' dir='ltr'>ὡς</span> <span class='ocrx_word' id='word_1_383' title='bbox 1299 3541 1442 3609; x_wconf 74' lang='grc' dir='ltr'><strong>ἐγώο</strong></span> <span class='ocrx_word' id='word_1_384' title='bbox 1491 3543 1570 3595; x_wconf 80' lang='grc' dir='ltr'><strong>ὅτι</strong></span> <span class='ocrx_word' id='word_1_385' title='bbox 1621 3539 1774 3608; x_wconf 83' lang='grc' dir='ltr'><strong>κάγὼ</strong></span> 
     </span>
    </p>
   </div>
   <div class='ocr_carea' id='block_1_53' title="bbox 205 3628 1774 3704">
    <p class='ocr_par' dir='ltr' id='par_1_53' title="bbox 205 3628 1774 3704">
     <span class='ocr_line' id='line_1_53' title="bbox 205 3628 1774 3704; baseline 0.001 -21"><span class='ocrx_word' id='word_1_386' title='bbox 205 3631 350 3702; x_wconf 64' lang='grc' dir='ltr'>ἢμην</span> <span class='ocrx_word' id='word_1_387' title='bbox 382 3632 459 3696; x_wconf 86' lang='grc' dir='ltr'>ὠς</span> <span class='ocrx_word' id='word_1_388' title='bbox 491 3633 667 3704; x_wconf 81' lang='grc' dir='ltr'>ὑμεῖς.</span> <span class='ocrx_word' id='word_1_389' title='bbox 703 3632 889 3688; x_wconf 86' lang='grc' dir='ltr'>Ταῦτά</span> <span class='ocrx_word' id='word_1_390' title='bbox 923 3651 989 3704; x_wconf 90' lang='grc' dir='ltr'><strong>με</strong></span> <span class='ocrx_word' id='word_1_391' title='bbox 1021 3628 1156 3697; x_wconf 73' lang='grc' dir='ltr'>εἷλε,</span> <span class='ocrx_word' id='word_1_392' title='bbox 1189 3633 1248 3686; x_wconf 89' lang='grc' dir='ltr'><strong>τό</strong></span> <span class='ocrx_word' id='word_1_393' title='bbox 1295 3651 1351 3686; x_wconf 91' lang='grc' dir='ltr'><strong>τε</strong></span> <span class='ocrx_word' id='word_1_394' title='bbox 1398 3631 1494 3702; x_wconf 84' lang='grc' dir='ltr'>τῆς</span> <span class='ocrx_word' id='word_1_395' title='bbox 1528 3631 1774 3695; x_wconf 81' lang='grc' dir='ltr'>παιδείας</span> 
     </span>
    </p>
   </div>
   <div class='ocr_carea' id='block_1_54' title="bbox 204 3723 1772 3796">
    <p class='ocr_par' dir='ltr' id='par_1_54' title="bbox 204 3723 1772 3796">
     <span class='ocr_line' id='line_1_54' title="bbox 204 3723 1772 3796; baseline 0.001 -20"><span class='ocrx_word' id='word_1_396' title='bbox 204 3724 382 3777; x_wconf 71' lang='grc' dir='ltr'>ἔνθεον</span> <span class='ocrx_word' id='word_1_397' title='bbox 422 3725 514 3777; x_wconf 75' lang='grc' dir='ltr'><strong>καὶ</strong></span> <span class='ocrx_word' id='word_1_398' title='bbox 545 3726 605 3778; x_wconf 84' lang='grc' dir='ltr'>τὸ</span> <span class='ocrx_word' id='word_1_399' title='bbox 630 3725 721 3779; x_wconf 86' lang='grc' dir='ltr'><strong>τοῦ</strong></span> <span class='ocrx_word' id='word_1_400' title='bbox 753 3727 923 3794; x_wconf 84' lang='grc' dir='ltr'>Λόγου</span> <span class='ocrx_word' id='word_1_401' title='bbox 955 3725 1175 3780; x_wconf 83' lang='grc' dir='ltr'>δυνατόν</span> <span class='ocrx_word' id='word_1_402' title='bbox 1195 3741 1206 3754; x_wconf 76' lang='grc'><strong><em>³</em></strong></span> <span class='ocrx_word' id='word_1_403' title='bbox 1243 3727 1324 3778; x_wconf 83' lang='grc' dir='ltr'><strong>ὅτι</strong></span> <span class='ocrx_word' id='word_1_404' title='bbox 1356 3723 1604 3796; x_wconf 84' lang='grc' dir='ltr'>καθάπερ</span> <span class='ocrx_word' id='word_1_405' title='bbox 1635 3727 1772 3778; x_wconf 77' lang='grc' dir='ltr'>ἐπα-</span> 
     </span>
    </p>
   </div>
   <div class='ocr_carea' id='block_1_55' title="bbox 204 3816 1771 3888">
    <p class='ocr_par' dir='ltr' id='par_1_55' title="bbox 204 3816 1771 3888">
     <span class='ocr_line' id='line_1_55' title="bbox 204 3816 1771 3888; baseline -0.002 -18"><span class='ocrx_word' id='word_1_406' title='bbox 204 3816 342 3880; x_wconf 78' lang='grc' dir='ltr'>οιόδς</span> <span class='ocrx_word' id='word_1_407' title='bbox 385 3816 607 3886; x_wconf 83' lang='grc' dir='ltr'>ἀγαθὸς,</span> <span class='ocrx_word' id='word_1_408' title='bbox 654 3819 719 3870; x_wconf 81' lang='grc' dir='ltr'>ὲκ</span> <span class='ocrx_word' id='word_1_409' title='bbox 773 3816 980 3886; x_wconf 79' lang='grc' dir='ltr'>φωλεοῦ</span> <span class='ocrx_word' id='word_1_410' title='bbox 1025 3816 1318 3888; x_wconf 77' lang='grc' dir='ltr'>ὲξερπύσαι</span> <span class='ocrx_word' id='word_1_411' title='bbox 1368 3817 1618 3886; x_wconf 85' lang='grc' dir='ltr'>ποιήσας,</span> <span class='ocrx_word' id='word_1_412' title='bbox 1668 3833 1771 3884; x_wconf 79' lang='grc' dir='ltr'><strong>φυ-</strong></span> 
     </span>
    </p>
   </div>
   <div class='ocr_carea' id='block_1_56' title="bbox 204 3907 1772 3980">
    <p class='ocr_par' dir='ltr' id='par_1_56' title="bbox 204 3907 1772 3980">
     <span class='ocr_line' id='line_1_56' title="bbox 204 3907 1772 3980; baseline -0.003 -16"><span class='ocrx_word' id='word_1_413' title='bbox 204 3910 424 3977; x_wconf 72' lang='grc' dir='ltr'>γαδεὺει</span> <span class='ocrx_word' id='word_1_414' title='bbox 445 3910 614 3963; x_wconf 85' lang='grc' dir='ltr'>δεινὸν</span> <span class='ocrx_word' id='word_1_415' title='bbox 645 3909 872 3980; x_wconf 77' lang='grc' dir='ltr'>ἑρπετόν</span> <span class='ocrx_word' id='word_1_416' title='bbox 891 3927 903 3938; x_wconf 86' lang='grc'><strong>·</strong></span> <span class='ocrx_word' id='word_1_417' title='bbox 939 3909 1110 3972; x_wconf 74' lang='grc' dir='ltr'>οὕτως</span> <span class='ocrx_word' id='word_1_418' title='bbox 1140 3909 1350 3976; x_wconf 85' lang='grc' dir='ltr'>όΑόγος</span> <span class='ocrx_word' id='word_1_419' title='bbox 1382 3907 1441 3972; x_wconf 80' lang='grc' dir='ltr'>ἐξ</span> <span class='ocrx_word' id='word_1_420' title='bbox 1463 3907 1640 3961; x_wconf 81' lang='grc' dir='ltr'>αὐτῶν</span> <span class='ocrx_word' id='word_1_421' title='bbox 1665 3908 1772 3960; x_wconf 86' lang='grc' dir='ltr'><strong>τῶν</strong></span> 
     </span>
    </p>
   </div>
   <div class='ocr_carea' id='block_1_57' title="bbox 203 3999 1772 4074">
    <p class='ocr_par' dir='ltr' id='par_1_57' title="bbox 203 3999 1772 4074">
     <span class='ocr_line' id='line_1_57' title="bbox 203 3999 1772 4074; baseline -0.001 -20"><span class='ocrx_word' id='word_1_422' title='bbox 203 4005 300 4073; x_wconf 78' lang='grc' dir='ltr'>τῆς</span> <span class='ocrx_word' id='word_1_423' title='bbox 346 4003 529 4074; x_wconf 73' lang='grc' dir='ltr'>ψυχῆς</span> <span class='ocrx_word' id='word_1_424' title='bbox 594 4001 779 4074; x_wconf 87' lang='grc' dir='ltr'>μυχῶν</span> <span class='ocrx_word' id='word_1_425' title='bbox 823 4001 888 4054; x_wconf 86' lang='grc' dir='ltr'>τὰ</span> <span class='ocrx_word' id='word_1_426' title='bbox 945 4001 1094 4054; x_wconf 83' lang='grc' dir='ltr'>δεινὰ</span> <span class='ocrx_word' id='word_1_427' title='bbox 1138 4001 1237 4070; x_wconf 82' lang='grc' dir='ltr'>τῆς</span> <span class='ocrx_word' id='word_1_428' title='bbox 1285 3999 1588 4070; x_wconf 84' lang='grc' dir='ltr'>αἰσθήσεως</span> <span class='ocrx_word' id='word_1_429' title='bbox 1639 4002 1772 4053; x_wconf 85' lang='grc' dir='ltr'>ἁπε-</span> 
     </span>
    </p>
   </div>
   <div class='ocr_carea' id='block_1_58' title="bbox 204 4087 1772 4166">
    <p class='ocr_par' dir='ltr' id='par_1_58' title="bbox 204 4087 1772 4166">
     <span class='ocr_line' id='line_1_58' title="bbox 204 4087 1772 4166; baseline -0.004 -18"><span class='ocrx_word' id='word_1_430' title='bbox 204 4093 391 4148; x_wconf 72' lang='grc' dir='ltr'>λαῦνει</span> <span class='ocrx_word' id='word_1_431' title='bbox 436 4093 614 4166; x_wconf 82' lang='grc' dir='ltr'>πάθη·</span> <span class='ocrx_word' id='word_1_432' title='bbox 650 4093 864 4166; x_wconf 85' lang='grc' dir='ltr'>πρῶτον</span> <span class='ocrx_word' id='word_1_433' title='bbox 907 4092 1223 4163; x_wconf 79' lang='grc' dir='ltr'>ἐπιθυμίαν,</span> <span class='ocrx_word' id='word_1_434' title='bbox 1258 4093 1324 4145; x_wconf 79' lang='grc' dir='ltr'>δι’</span> <span class='ocrx_word' id='word_1_435' title='bbox 1354 4087 1421 4162; x_wconf 75' lang='grc' dir='ltr'>ἧς</span> <span class='ocrx_word' id='word_1_436' title='bbox 1454 4092 1559 4142; x_wconf 78' lang='grc' dir='ltr'>πᾶν</span> <span class='ocrx_word' id='word_1_437' title='bbox 1601 4091 1772 4144; x_wconf 74' lang='grc' dir='ltr'>δεινὸν</span> 
     </span>
    </p>
   </div>
   <div class='ocr_carea' id='block_1_59' title="bbox 281 4279 1755 4351">
    <p class='ocr_par' dir='ltr' id='par_1_59' title="bbox 281 4279 1755 4351">
     <span class='ocr_line' id='line_1_59' title="bbox 281 4279 1755 4351; baseline -0.004 -15"><span class='ocrx_word' id='word_1_438' title='bbox 281 4284 395 4350; x_wconf 75' lang='grc'>(28)</span> <span class='ocrx_word' id='word_1_439' title='bbox 430 4283 541 4335; x_wconf 81' lang='grc' dir='ltr'>Καί</span> <span class='ocrx_word' id='word_1_440' title='bbox 567 4297 682 4335; x_wconf 81' lang='grc' dir='ltr'><strong>σου</strong></span> <span class='ocrx_word' id='word_1_441' title='bbox 705 4283 810 4335; x_wconf 76' lang='grc' dir='ltr'>τόν</span> <span class='ocrx_word' id='word_1_442' title='bbox 843 4281 1048 4351; x_wconf 71' lang='grc' dir='ltr'>τάμον.</span> <span class='ocrx_word' id='word_1_443' title='bbox 1079 4280 1206 4333; x_wconf 82' lang='lat' dir='ltr'><strong>Erat</strong></span> <span class='ocrx_word' id='word_1_444' title='bbox 1237 4279 1289 4332; x_wconf 89' lang='lat' dir='ltr'><strong>in</strong></span> <span class='ocrx_word' id='word_1_445' title='bbox 1316 4279 1606 4351; x_wconf 72' lang='lat' dir='ltr'><strong>exemplari</strong></span> <span class='ocrx_word' id='word_1_446' title='bbox 1634 4279 1755 4331; x_wconf 89' lang='lat' dir='ltr'><strong>Bett-</strong></span> 
     </span>
    </p>
   </div>
   <div class='ocr_carea' id='block_1_60' title="bbox 207 4349 1770 4423">
    <p class='ocr_par' dir='ltr' id='par_1_60' title="bbox 207 4349 1770 4423">
     <span class='ocr_line' id='line_1_60' title="bbox 207 4349 1770 4423; baseline -0.005 -15"><span class='ocrx_word' id='word_1_447' title='bbox 207 4357 315 4408; x_wconf 85' lang='lat' dir='ltr'><strong>reri</strong></span> <span class='ocrx_word' id='word_1_448' title='bbox 345 4357 452 4423; x_wconf 74' lang='lat' dir='ltr'><strong>(est</strong></span> <span class='ocrx_word' id='word_1_449' title='bbox 493 4354 545 4404; x_wconf 90' lang='lat' dir='ltr'><strong>in</strong></span> <span class='ocrx_word' id='word_1_450' title='bbox 567 4422 576 4423; x_wconf 15' lang='grc' dir='ltr'>ί</span> <span class='ocrx_word' id='word_1_451' title='bbox 597 4356 716 4405; x_wconf 90' lang='lat' dir='ltr'><strong>cod.</strong></span> <span class='ocrx_word' id='word_1_452' title='bbox 759 4349 1038 4420; x_wconf 62' lang='lat' dir='ltr'><strong>Argent.),&#39;</strong></span> <span class='ocrx_word' id='word_1_453' title='bbox 1064 4352 1156 4403; x_wconf 73' lang='grc' dir='ltr'>καὶ</span> <span class='ocrx_word' id='word_1_454' title='bbox 1186 4351 1277 4402; x_wconf 74' lang='grc' dir='ltr'>ἐπὶ</span> <span class='ocrx_word' id='word_1_455' title='bbox 1310 4349 1422 4402; x_wconf 85' lang='grc' dir='ltr'>σοῦ.</span> <span class='ocrx_word' id='word_1_456' title='bbox 1455 4349 1560 4403; x_wconf 76' lang='lat' dir='ltr'><strong>Sed</strong></span> <span class='ocrx_word' id='word_1_457' title='bbox 1593 4350 1770 4418; x_wconf 81' lang='lat' dir='ltr'><strong>legen-</strong></span> 
     </span>
    </p>
   </div>
   <div class='ocr_carea' id='block_1_61' title="bbox 206 4422 1359 4492">
    <p class='ocr_par' dir='ltr' id='par_1_61' title="bbox 206 4422 1359 4492">
     <span class='ocr_line' id='line_1_61' title="bbox 206 4422 1359 4492; baseline -0.007 -13"><span class='ocrx_word' id='word_1_458' title='bbox 206 4425 334 4479; x_wconf 87' lang='lat' dir='ltr'><strong>dum</strong></span> <span class='ocrx_word' id='word_1_459' title='bbox 361 4422 519 4492; x_wconf 84' lang='lat' dir='ltr'><strong>putat</strong></span> <span class='ocrx_word' id='word_1_460' title='bbox 552 4422 868 4492; x_wconf 72' lang='lat' dir='ltr'><strong>Sylburgius</strong></span> <span class='ocrx_word' id='word_1_461' title='bbox 898 4423 1105 4492; x_wconf 71' lang='grc' dir='ltr'>επίσου,</span> <span class='ocrx_word' id='word_1_462' title='bbox 1138 4427 1359 4492; x_wconf 73' lang='lat' dir='ltr'><strong>pariter.</strong></span> 
     </span>
    </p>
   </div>
   <div class='ocr_carea' id='block_1_62' title="bbox 278 4489 1770 4575">
    <p class='ocr_par' dir='ltr' id='par_1_62' title="bbox 278 4489 1770 4575">
     <span class='ocr_line' id='line_1_62' title="bbox 278 4489 1770 4575; baseline -0.002 -30"><span class='ocrx_word' id='word_1_463' title='bbox 278 4489 416 4575; x_wconf 61' lang='lat'><strong>(18‘)</strong></span> <span class='ocrx_word' id='word_1_464' title='bbox 444 4489 848 4575; x_wconf 47' lang='lat' dir='ltr'><strong>KaiIiodtoog.</strong></span> <span class='ocrx_word' id='word_1_465' title='bbox 895 4491 1130 4571; x_wconf 77' lang='lat' dir='ltr'><strong>Legend.</strong></span> <span class='ocrx_word' id='word_1_466' title='bbox 1161 4499 1313 4560; x_wconf 91' lang='lat' dir='ltr'><strong>putat</strong></span> <span class='ocrx_word' id='word_1_467' title='bbox 1343 4489 1770 4575; x_wconf 19' lang='lat' dir='ltr'><strong>Steph.»¢ootou,</strong></span> 
     </span>
    </p>
   </div>
   <div class='ocr_carea' id='block_1_63' title="bbox 207 4561 1773 4633">
    <p class='ocr_par' dir='ltr' id='par_1_63' title="bbox 207 4561 1773 4633">
     <span class='ocr_line' id='line_1_63' title="bbox 207 4561 1773 4633; baseline -0.001 -20"><span class='ocrx_word' id='word_1_468' title='bbox 207 4561 366 4633; x_wconf 74' lang='lat' dir='ltr'><strong>hujus</strong></span> <span class='ocrx_word' id='word_1_469' title='bbox 397 4565 528 4630; x_wconf 75' lang='lat' dir='ltr'><strong>regis</strong></span> <span class='ocrx_word' id='word_1_470' title='bbox 562 4561 758 4633; x_wconf 79' lang='lat' dir='ltr'><strong>heroes.</strong></span> <span class='ocrx_word' id='word_1_471' title='bbox 795 4562 1060 4616; x_wconf 82' lang='lat' dir='ltr'><strong>Beurerus</strong></span> <span class='ocrx_word' id='word_1_472' title='bbox 1095 4562 1145 4614; x_wconf 90' lang='lat' dir='ltr'><strong>in</strong></span> <span class='ocrx_word' id='word_1_473' title='bbox 1173 4576 1281 4633; x_wconf 84' lang='lat' dir='ltr'><strong>suo</strong></span> <span class='ocrx_word' id='word_1_474' title='bbox 1319 4561 1610 4633; x_wconf 83' lang='lat' dir='ltr'><strong>exemplari</strong></span> <span class='ocrx_word' id='word_1_475' title='bbox 1640 4563 1773 4614; x_wconf 87' lang='lat' dir='ltr'><strong>scri-</strong></span> 
     </span>
    </p>
   </div>
   <div class='ocr_carea' id='block_1_64' title="bbox 206 4631 1767 4702">
    <p class='ocr_par' dir='ltr' id='par_1_64' title="bbox 206 4631 1767 4702">
     <span class='ocr_line' id='line_1_64' title="bbox 206 4631 1767 4702; baseline -0.003 -16"><span class='ocrx_word' id='word_1_476' title='bbox 206 4631 390 4702; x_wconf 47' lang='lat' dir='ltr'><strong>pirat</strong></span> <span class='ocrx_word' id='word_1_477' title='bbox 415 4636 538 4693; x_wconf 68' lang='grc' dir='ltr'>τοὺς</span> <span class='ocrx_word' id='word_1_478' title='bbox 563 4632 747 4684; x_wconf 73' lang='grc' dir='ltr'>τούτου</span> <span class='ocrx_word' id='word_1_479' title='bbox 767 4633 932 4700; x_wconf 71' lang='lat' dir='ltr'><strong>(quod</strong></span> <span class='ocrx_word' id='word_1_480' title='bbox 954 4643 1004 4684; x_wconf 90' lang='lat' dir='ltr'><strong>et</strong></span> <span class='ocrx_word' id='word_1_481' title='bbox 1020 4633 1139 4685; x_wconf 91' lang='lat' dir='ltr'><strong>cod.</strong></span> <span class='ocrx_word' id='word_1_482' title='bbox 1156 4632 1375 4702; x_wconf 74' lang='lat' dir='ltr'><strong>Argeut.</strong></span> <span class='ocrx_word' id='word_1_483' title='bbox 1404 4639 1543 4683; x_wconf 88' lang='lat' dir='ltr'><strong>recte</strong></span> <span class='ocrx_word' id='word_1_484' title='bbox 1569 4631 1767 4697; x_wconf 84' lang='lat' dir='ltr'><strong>habet).</strong></span> 
     </span>
    </p>
   </div>
   <div class='ocr_carea' id='block_1_65' title="bbox 1890 2163 3466 2233">
    <p class='ocr_par' dir='ltr' id='par_1_65' title="bbox 1890 2163 3466 2233">
     <span class='ocr_line' id='line_1_65' title="bbox 1890 2163 3466 2233; baseline 0.002 -13"><span class='ocrx_word' id='word_1_485' title='bbox 1890 2165 2052 2220; x_wconf 88' lang='lat' dir='ltr'><strong>nibus</strong></span> <span class='ocrx_word' id='word_1_486' title='bbox 2086 2163 2383 2226; x_wconf 86' lang='lat' dir='ltr'><strong>doeemioi,</strong></span> <span class='ocrx_word' id='word_1_487' title='bbox 2413 2174 2470 2216; x_wconf 91' lang='lat' dir='ltr'><strong>et</strong></span> <span class='ocrx_word' id='word_1_488' title='bbox 2527 2163 2675 2232; x_wconf 75' lang='lat' dir='ltr'><strong>regis</strong></span> <span class='ocrx_word' id='word_1_489' title='bbox 2729 2165 3062 2233; x_wconf 89' lang='lat' dir='ltr'><strong>corruptioni</strong></span> <span class='ocrx_word' id='word_1_490' title='bbox 3097 2181 3204 2219; x_wconf 90' lang='lat' dir='ltr'><strong>non</strong></span> <span class='ocrx_word' id='word_1_491' title='bbox 3244 2169 3466 2223; x_wconf 80' lang='lat' dir='ltr'><strong>obnoxii</strong></span> 
     </span>
    </p>
   </div>
   <div class='ocr_carea' id='block_1_66' title="bbox 1887 2255 3465 2332">
    <p class='ocr_par' dir='ltr' id='par_1_66' title="bbox 1887 2255 3465 2332">
     <span class='ocr_line' id='line_1_66' title="bbox 1887 2255 3465 2332; baseline 0 -18"><span class='ocrx_word' id='word_1_492' title='bbox 1887 2258 2138 2314; x_wconf 89' lang='lat' dir='ltr'><strong>notitiam</strong></span> <span class='ocrx_word' id='word_1_493' title='bbox 2168 2256 2384 2325; x_wconf 85' lang='lat' dir='ltr'><strong>capite;</strong></span> <span class='ocrx_word' id='word_1_494' title='bbox 2411 2255 2744 2332; x_wconf 82' lang='lat' dir='ltr'><strong>minimeque</strong></span> <span class='ocrx_word' id='word_1_495' title='bbox 2776 2256 2970 2311; x_wconf 82' lang='lat' dir='ltr'><strong>herOes</strong></span> <span class='ocrx_word' id='word_1_496' title='bbox 2996 2257 3129 2313; x_wconf 90' lang='lat' dir='ltr'><strong>istos</strong></span> <span class='ocrx_word' id='word_1_497' title='bbox 3161 2259 3465 2328; x_wconf 77' lang='lat' dir='ltr'><strong>agnoscite,</strong></span> 
     </span>
    </p>
   </div>
   <div class='ocr_carea' id='block_1_67' title="bbox 1886 2347 3464 2420">
    <p class='ocr_par' dir='ltr' id='par_1_67' title="bbox 1886 2347 3464 2420">
     <span class='ocr_line' id='line_1_67' title="bbox 1886 2347 3464 2420; baseline 0.001 -16"><span class='ocrx_word' id='word_1_498' title='bbox 1886 2352 1976 2420; x_wconf 91' lang='lat' dir='ltr'><strong>qui</strong></span> <span class='ocrx_word' id='word_1_499' title='bbox 2005 2351 2184 2404; x_wconf 72' lang='lat' dir='ltr'><strong>caedes</strong></span> <span class='ocrx_word' id='word_1_500' title='bbox 2217 2356 2438 2417; x_wconf 90' lang='lat' dir='ltr'><strong>patrant</strong></span> <span class='ocrx_word' id='word_1_501' title='bbox 2476 2347 2532 2402; x_wconf 91' lang='lat' dir='ltr'><strong>in</strong></span> <span class='ocrx_word' id='word_1_502' title='bbox 2557 2347 2840 2402; x_wconf 87' lang='lat' dir='ltr'><strong>hominum</strong></span> <span class='ocrx_word' id='word_1_503' title='bbox 2876 2348 3055 2406; x_wconf 88' lang='lat' dir='ltr'><strong>turba.</strong></span> <span class='ocrx_word' id='word_1_504' title='bbox 3091 2347 3290 2406; x_wconf 85' lang='lat' dir='ltr'><strong>Noster</strong></span> <span class='ocrx_word' id='word_1_505' title='bbox 3315 2351 3464 2406; x_wconf 88' lang='lat' dir='ltr'><strong>enim</strong></span> 
     </span>
    </p>
   </div>
   <div class='ocr_carea' id='block_1_68' title="bbox 1889 2438 3463 2512">
    <p class='ocr_par' dir='ltr' id='par_1_68' title="bbox 1889 2438 3463 2512">
     <span class='ocr_line' id='line_1_68' title="bbox 1889 2438 3463 2512; baseline -0.001 -15"><span class='ocrx_word' id='word_1_506' title='bbox 1889 2444 1976 2498; x_wconf 93' lang='lat' dir='ltr'><strong>ille</strong></span> <span class='ocrx_word' id='word_1_507' title='bbox 2011 2444 2352 2512; x_wconf 86' lang='lat' dir='ltr'><strong>imperator,</strong></span> <span class='ocrx_word' id='word_1_508' title='bbox 2379 2440 2619 2494; x_wconf 92' lang='lat' dir='ltr'><strong>Verbum</strong></span> <span class='ocrx_word' id='word_1_509' title='bbox 2653 2438 2912 2501; x_wconf 80' lang='lat' dir='ltr'><strong>divinum,</strong></span> <span class='ocrx_word' id='word_1_510' title='bbox 2959 2441 3100 2510; x_wconf 89' lang='lat' dir='ltr'><strong>quod</strong></span> <span class='ocrx_word' id='word_1_511' title='bbox 3137 2441 3294 2496; x_wconf 92' lang='lat' dir='ltr'><strong>uobis</strong></span> <span class='ocrx_word' id='word_1_512' title='bbox 3322 2442 3463 2497; x_wconf 85' lang='lat' dir='ltr'><strong>assi-</strong></span> 
     </span>
    </p>
   </div>
   <div class='ocr_carea' id='block_1_69' title="bbox 1886 2532 3466 2604">
    <p class='ocr_par' dir='ltr' id='par_1_69' title="bbox 1886 2532 3466 2604">
     <span class='ocr_line' id='line_1_69' title="bbox 1886 2532 3466 2604; baseline 0.001 -16"><span class='ocrx_word' id='word_1_513' title='bbox 1886 2536 1991 2590; x_wconf 88' lang='lat' dir='ltr'><strong>due</strong></span> <span class='ocrx_word' id='word_1_514' title='bbox 2025 2544 2240 2604; x_wconf 69' lang='lat' dir='ltr'><strong>prazest,</strong></span> <span class='ocrx_word' id='word_1_515' title='bbox 2273 2548 2381 2587; x_wconf 86' lang='lat' dir='ltr'><strong>non</strong></span> <span class='ocrx_word' id='word_1_516' title='bbox 2409 2532 2528 2586; x_wconf 89' lang='lat' dir='ltr'><strong>vult</strong></span> <span class='ocrx_word' id='word_1_517' title='bbox 2573 2534 2824 2602; x_wconf 87' lang='lat' dir='ltr'><strong>corporis</strong></span> <span class='ocrx_word' id='word_1_518' title='bbox 2848 2534 3251 2599; x_wconf 85' lang='lat' dir='ltr'><strong>strenuitatem,</strong></span> <span class='ocrx_word' id='word_1_519' title='bbox 3287 2543 3342 2589; x_wconf 89' lang='lat' dir='ltr'><strong>et</strong></span> <span class='ocrx_word' id='word_1_520' title='bbox 3368 2551 3466 2590; x_wconf 80' lang='lat' dir='ltr'><strong>ne-</strong></span> 
     </span>
    </p>
   </div>
   <div class='ocr_carea' id='block_1_70' title="bbox 1885 2625 3464 2696">
    <p class='ocr_par' dir='ltr' id='par_1_70' title="bbox 1885 2625 3464 2696">
     <span class='ocr_line' id='line_1_70' title="bbox 1885 2625 3464 2696; baseline 0.001 -15"><span class='ocrx_word' id='word_1_521' title='bbox 1885 2644 1990 2696; x_wconf 91' lang='lat' dir='ltr'><strong>que</strong></span> <span class='ocrx_word' id='word_1_522' title='bbox 2020 2627 2179 2682; x_wconf 83' lang='lat' dir='ltr'><strong>faciei</strong></span> <span class='ocrx_word' id='word_1_523' title='bbox 2211 2625 2704 2695; x_wconf 87' lang='lat' dir='ltr'><strong>pulchritudinem,</strong></span> <span class='ocrx_word' id='word_1_524' title='bbox 2732 2640 2910 2694; x_wconf 84' lang='lat' dir='ltr'><strong>neque</strong></span> <span class='ocrx_word' id='word_1_525' title='bbox 2944 2625 3252 2680; x_wconf 85' lang='lat' dir='ltr'><strong>nobilitatis</strong></span> <span class='ocrx_word' id='word_1_526' title='bbox 3285 2626 3464 2682; x_wconf 89' lang='lat' dir='ltr'><strong>elatos</strong></span> 
     </span>
    </p>
   </div>
   <div class='ocr_carea' id='block_1_71' title="bbox 1883 2706 3464 2792">
    <p class='ocr_par' dir='ltr' id='par_1_71' title="bbox 1883 2706 3464 2792">
     <span class='ocr_line' id='line_1_71' title="bbox 1883 2706 3464 2792; baseline -0.003 -16"><span class='ocrx_word' id='word_1_527' title='bbox 1883 2723 2142 2792; x_wconf 78' lang='lat' dir='ltr'><strong>spiritus;</strong></span> <span class='ocrx_word' id='word_1_528' title='bbox 2199 2720 2295 2775; x_wconf 87' lang='lat' dir='ltr'><strong>sed</strong></span> <span class='ocrx_word' id='word_1_529' title='bbox 2351 2719 2587 2773; x_wconf 88' lang='lat' dir='ltr'><strong>animam</strong></span> <span class='ocrx_word' id='word_1_530' title='bbox 2633 2706 2873 2787; x_wconf 81' lang='lat' dir='ltr'><strong>puram,</strong></span> <span class='ocrx_word' id='word_1_531' title='bbox 2926 2717 3287 2772; x_wconf 81' lang='lat' dir='ltr'><strong>sanctimonia</strong></span> <span class='ocrx_word' id='word_1_532' title='bbox 3344 2734 3464 2772; x_wconf 88' lang='lat' dir='ltr'><strong>ntu-</strong></span> 
     </span>
    </p>
   </div>
   <div class='ocr_carea' id='block_1_72' title="bbox 1885 2799 3461 2882">
    <p class='ocr_par' dir='ltr' id='par_1_72' title="bbox 1885 2799 3461 2882">
     <span class='ocr_line' id='line_1_72' title="bbox 1885 2799 3461 2882; baseline -0.002 -15"><span class='ocrx_word' id='word_1_533' title='bbox 1885 2799 2078 2880; x_wconf 86' lang='lat' dir='ltr'><strong>uitam,</strong></span> <span class='ocrx_word' id='word_1_534' title='bbox 2105 2823 2160 2868; x_wconf 91' lang='lat' dir='ltr'><strong>et</strong></span> <span class='ocrx_word' id='word_1_535' title='bbox 2219 2812 2363 2882; x_wconf 81' lang='lat' dir='ltr'><strong>regis</strong></span> <span class='ocrx_word' id='word_1_536' title='bbox 2418 2811 2590 2865; x_wconf 90' lang='lat' dir='ltr'><strong>nostri</strong></span> <span class='ocrx_word' id='word_1_537' title='bbox 2639 2819 2901 2872; x_wconf 87' lang='lat' dir='ltr'><strong>tesseras,</strong></span> <span class='ocrx_word' id='word_1_538' title='bbox 2933 2807 3147 2864; x_wconf 84' lang='lat' dir='ltr'><strong>divinas</strong></span> <span class='ocrx_word' id='word_1_539' title='bbox 3178 2808 3461 2875; x_wconf 85' lang='lat' dir='ltr'><strong>actiones;</strong></span> 
     </span>
    </p>
   </div>
   <div class='ocr_carea' id='block_1_73' title="bbox 1883 2901 3462 2975">
    <p class='ocr_par' dir='ltr' id='par_1_73' title="bbox 1883 2901 3462 2975">
     <span class='ocr_line' id='line_1_73' title="bbox 1883 2901 3462 2975; baseline -0.001 -17"><span class='ocrx_word' id='word_1_540' title='bbox 1883 2909 2081 2975; x_wconf 79' lang='lat' dir='ltr'><strong>quippe</strong></span> <span class='ocrx_word' id='word_1_541' title='bbox 2113 2921 2235 2959; x_wconf 92' lang='lat' dir='ltr'><strong>cum</strong></span> <span class='ocrx_word' id='word_1_542' title='bbox 2264 2919 2359 2973; x_wconf 91' lang='lat' dir='ltr'><strong>per</strong></span> <span class='ocrx_word' id='word_1_543' title='bbox 2413 2903 2651 2958; x_wconf 84' lang='lat' dir='ltr'><strong>Verbum</strong></span> <span class='ocrx_word' id='word_1_544' title='bbox 2698 2901 2779 2955; x_wconf 91' lang='lat' dir='ltr'><strong>vis</strong></span> <span class='ocrx_word' id='word_1_545' title='bbox 2826 2901 3069 2970; x_wconf 75' lang='lat' dir='ltr'><strong>quaedam</strong></span> <span class='ocrx_word' id='word_1_546' title='bbox 3129 2901 3179 2956; x_wconf 89' lang='lat' dir='ltr'><strong>in</strong></span> <span class='ocrx_word' id='word_1_547' title='bbox 3221 2902 3462 2956; x_wconf 88' lang='lat' dir='ltr'><strong>animam</strong></span> 
     </span>
    </p>
   </div>
   <div class='ocr_carea' id='block_1_74' title="bbox 1883 2992 3456 3069">
    <p class='ocr_par' dir='ltr' id='par_1_74' title="bbox 1883 2992 3456 3069">
     <span class='ocr_line' id='line_1_74' title="bbox 1883 2992 3456 3069; baseline -0.002 -17"><span class='ocrx_word' id='word_1_548' title='bbox 1883 2999 2170 3069; x_wconf 78' lang='lat' dir='ltr'><strong>pervadat,</strong></span> <span class='ocrx_word' id='word_1_549' title='bbox 2203 2998 2262 3068; x_wconf 89' lang='grc' dir='ltr'>(ο</span> <span class='ocrx_word' id='word_1_550' title='bbox 2297 2996 2426 3049; x_wconf 87' lang='lat' dir='ltr'><strong>tibia</strong></span> <span class='ocrx_word' id='word_1_551' title='bbox 2482 2996 2712 3063; x_wconf 88' lang='lat' dir='ltr'><strong>pacilica</strong></span> <span class='ocrx_word' id='word_1_552' title='bbox 2747 2993 2942 3048; x_wconf 73' lang='lat' dir='ltr'><strong>anima:</strong></span> <span class='ocrx_word' id='word_1_553' title='bbox 2991 2992 3136 3048; x_wconf 79' lang='lat' dir='ltr'><strong>bello</strong></span> <span class='ocrx_word' id='word_1_554' title='bbox 3168 2995 3456 3064; x_wconf 59' lang='lat' dir='ltr'><strong>appetita!</strong></span> 
     </span>
    </p>
   </div>
   <div class='ocr_carea' id='block_1_75' title="bbox 1882 3084 3456 3160">
    <p class='ocr_par' dir='ltr' id='par_1_75' title="bbox 1882 3084 3456 3160">
     <span class='ocr_line' id='line_1_75' title="bbox 1882 3084 3456 3160; baseline -0.001 -15"><span class='ocrx_word' id='word_1_555' title='bbox 1882 3108 1915 3146; x_wconf 92' lang='grc' dir='ltr'><strong>ο</strong></span> <span class='ocrx_word' id='word_1_556' title='bbox 1949 3091 2194 3160; x_wconf 79' lang='lat' dir='ltr'><strong>gravium</strong></span> <span class='ocrx_word' id='word_1_557' title='bbox 2249 3087 2537 3141; x_wconf 70' lang='lat' dir='ltr'><strong>affectuum</strong></span> <span class='ocrx_word' id='word_1_558' title='bbox 2601 3085 2934 3154; x_wconf 81' lang='lat' dir='ltr'><strong>fugatorium</strong></span> <span class='ocrx_word' id='word_1_559' title='bbox 2995 3084 3456 3144; x_wconf 79' lang='lat' dir='ltr'><strong>instrumentum!</strong></span> 
     </span>
    </p>
   </div>
   <div class='ocr_carea' id='block_1_76' title="bbox 1883 3177 3458 3253">
    <p class='ocr_par' dir='ltr' id='par_1_76' title="bbox 1883 3177 3458 3253">
     <span class='ocr_line' id='line_1_76' title="bbox 1883 3177 3458 3253; baseline -0.002 -15"><span class='ocrx_word' id='word_1_560' title='bbox 1883 3199 1916 3238; x_wconf 90' lang='grc' dir='ltr'><strong>ο</strong></span> <span class='ocrx_word' id='word_1_561' title='bbox 1950 3183 2092 3253; x_wconf 79' lang='lat' dir='ltr'><strong>ignis</strong></span> <span class='ocrx_word' id='word_1_562' title='bbox 2124 3181 2323 3236; x_wconf 73' lang='lat' dir='ltr'><strong>animae</strong></span> <span class='ocrx_word' id='word_1_563' title='bbox 2355 3179 2501 3234; x_wconf 91' lang='lat' dir='ltr'><strong>insiti</strong></span> <span class='ocrx_word' id='word_1_564' title='bbox 2549 3177 2969 3235; x_wconf 79' lang='lat' dir='ltr'><strong>exstinctorium</strong></span> <span class='ocrx_word' id='word_1_565' title='bbox 3003 3180 3458 3248; x_wconf 81' lang='lat' dir='ltr'><strong>magisterium!)</strong></span> 
     </span>
    </p>
   </div>
   <div class='ocr_carea' id='block_1_77' title="bbox 1882 3270 3457 3348">
    <p class='ocr_par' dir='ltr' id='par_1_77' title="bbox 1882 3270 3457 3348">
     <span class='ocr_line' id='line_1_77' title="bbox 1882 3270 3457 3348; baseline 0 -21"><span class='ocrx_word' id='word_1_566' title='bbox 1882 3275 1934 3348; x_wconf 80' lang='lat'><strong>5</strong></span> <span class='ocrx_word' id='word_1_567' title='bbox 1962 3289 2081 3345; x_wconf 72' lang='lat' dir='ltr'><strong>qua:</strong></span> <span class='ocrx_word' id='word_1_568' title='bbox 2109 3288 2207 3328; x_wconf 93' lang='lat' dir='ltr'><strong>nos</strong></span> <span class='ocrx_word' id='word_1_569' title='bbox 2232 3287 2338 3326; x_wconf 88' lang='lat' dir='ltr'><strong>non</strong></span> <span class='ocrx_word' id='word_1_570' title='bbox 2366 3271 2531 3327; x_wconf 85' lang='lat' dir='ltr'><strong>eﬂicit</strong></span> <span class='ocrx_word' id='word_1_571' title='bbox 2560 3282 2770 3341; x_wconf 85' lang='lat' dir='ltr'><strong>poetas,</strong></span> <span class='ocrx_word' id='word_1_572' title='bbox 2795 3285 2902 3324; x_wconf 89' lang='lat' dir='ltr'><strong>non</strong></span> <span class='ocrx_word' id='word_1_573' title='bbox 2933 3270 3287 3340; x_wconf 83' lang='lat' dir='ltr'><strong>philosOphos</strong></span> <span class='ocrx_word' id='word_1_574' title='bbox 3332 3276 3457 3327; x_wconf 78' lang='lat' dir='ltr'><strong>red-</strong></span> 
     </span>
    </p>
   </div>
   <div class='ocr_carea' id='block_1_78' title="bbox 1881 3361 3453 3434">
    <p class='ocr_par' dir='ltr' id='par_1_78' title="bbox 1881 3361 3453 3434">
     <span class='ocr_line' id='line_1_78' title="bbox 1881 3361 3453 3434; baseline -0.001 -13"><span class='ocrx_word' id='word_1_575' title='bbox 1881 3370 1982 3432; x_wconf 87' lang='lat' dir='ltr'><strong>dit,</strong></span> <span class='ocrx_word' id='word_1_576' title='bbox 2035 3380 2211 3434; x_wconf 89' lang='lat' dir='ltr'><strong>neque</strong></span> <span class='ocrx_word' id='word_1_577' title='bbox 2255 3374 2504 3420; x_wconf 89' lang='lat' dir='ltr'><strong>oratores</strong></span> <span class='ocrx_word' id='word_1_578' title='bbox 2556 3364 2921 3428; x_wconf 77' lang='lat' dir='ltr'><strong>excellentes;</strong></span> <span class='ocrx_word' id='word_1_579' title='bbox 2973 3361 3065 3417; x_wconf 85' lang='lat' dir='ltr'><strong>sed</strong></span> <span class='ocrx_word' id='word_1_580' title='bbox 3119 3365 3320 3418; x_wconf 86' lang='lat' dir='ltr'><strong>docens</strong></span> <span class='ocrx_word' id='word_1_581' title='bbox 3385 3380 3453 3420; x_wconf 81' lang='lat' dir='ltr'><strong>ex</strong></span> 
     </span>
    </p>
   </div>
   <div class='ocr_carea' id='block_1_79' title="bbox 1877 3455 3452 3521">
    <p class='ocr_par' dir='ltr' id='par_1_79' title="bbox 1877 3455 3452 3521">
     <span class='ocr_line' id='line_1_79' title="bbox 1877 3455 3452 3521; baseline 0 -7"><span class='ocrx_word' id='word_1_582' title='bbox 1877 3461 2037 3514; x_wconf 84' lang='lat' dir='ltr'><strong>morti</strong></span> <span class='ocrx_word' id='word_1_583' title='bbox 2059 3457 2308 3514; x_wconf 76' lang='lat' dir='ltr'><strong>obnoxiis</strong></span> <span class='ocrx_word' id='word_1_584' title='bbox 2347 3455 2706 3521; x_wconf 84' lang='lat' dir='ltr'><strong>immortales,</strong></span> <span class='ocrx_word' id='word_1_585' title='bbox 2744 3466 2798 3510; x_wconf 90' lang='lat' dir='ltr'><strong>et</strong></span> <span class='ocrx_word' id='word_1_586' title='bbox 2824 3455 2956 3510; x_wconf 88' lang='lat' dir='ltr'><strong>deos</strong></span> <span class='ocrx_word' id='word_1_587' title='bbox 3008 3473 3076 3510; x_wconf 81' lang='lat' dir='ltr'><strong>ex</strong></span> <span class='ocrx_word' id='word_1_588' title='bbox 3121 3459 3452 3514; x_wconf 87' lang='lat' dir='ltr'><strong>mortalibus</strong></span> 
     </span>
    </p>
   </div>
   <div class='ocr_carea' id='block_1_80' title="bbox 1876 3547 3454 3621">
    <p class='ocr_par' dir='ltr' id='par_1_80' title="bbox 1876 3547 3454 3621">
     <span class='ocr_line' id='line_1_80' title="bbox 1876 3547 3454 3621; baseline 0.001 -17"><span class='ocrx_word' id='word_1_589' title='bbox 1876 3552 2042 3619; x_wconf 81' lang='lat' dir='ltr'><strong>facit;</strong></span> <span class='ocrx_word' id='word_1_590' title='bbox 2072 3566 2101 3606; x_wconf 90' lang='lat' dir='ltr'><strong>e</strong></span> <span class='ocrx_word' id='word_1_591' title='bbox 2131 3562 2274 3606; x_wconf 90' lang='lat' dir='ltr'><strong>terra</strong></span> <span class='ocrx_word' id='word_1_592' title='bbox 2313 3560 2496 3604; x_wconf 90' lang='lat' dir='ltr'><strong>autem</strong></span> <span class='ocrx_word' id='word_1_593' title='bbox 2537 3550 2592 3604; x_wconf 88' lang='lat' dir='ltr'><strong>in</strong></span> <span class='ocrx_word' id='word_1_594' title='bbox 2638 3564 2701 3602; x_wconf 90' lang='lat' dir='ltr'><strong>ea</strong></span> <span class='ocrx_word' id='word_1_595' title='bbox 2749 3548 2866 3602; x_wconf 86' lang='lat' dir='ltr'><strong>loca</strong></span> <span class='ocrx_word' id='word_1_596' title='bbox 2906 3547 3189 3615; x_wconf 80' lang='lat' dir='ltr'><strong>transfert,</strong></span> <span class='ocrx_word' id='word_1_597' title='bbox 3221 3567 3454 3621; x_wconf 91' lang='lat' dir='ltr'><strong>quorum</strong></span> 
     </span>
    </p>
   </div>
   <div class='ocr_carea' id='block_1_81' title="bbox 1878 3640 3454 3712">
    <p class='ocr_par' dir='ltr' id='par_1_81' title="bbox 1878 3640 3454 3712">
     <span class='ocr_line' id='line_1_81' title="bbox 1878 3640 3454 3712; baseline 0.001 -14"><span class='ocrx_word' id='word_1_598' title='bbox 1878 3646 2092 3700; x_wconf 89' lang='lat' dir='ltr'><strong>termini</strong></span> <span class='ocrx_word' id='word_1_599' title='bbox 2120 3653 2248 3700; x_wconf 92' lang='lat' dir='ltr'><strong>sunt</strong></span> <span class='ocrx_word' id='word_1_600' title='bbox 2265 3642 2405 3697; x_wconf 83' lang='lat' dir='ltr'><strong>ultra</strong></span> <span class='ocrx_word' id='word_1_601' title='bbox 2425 3641 2735 3712; x_wconf 83' lang='lat' dir='ltr'><strong>Olympum.</strong></span> <span class='ocrx_word' id='word_1_602' title='bbox 2761 3640 3037 3708; x_wconf 82' lang='lat' dir='ltr'><strong>Accedite,</strong></span> <span class='ocrx_word' id='word_1_603' title='bbox 3063 3640 3454 3709; x_wconf 54' lang='grc' dir='ltr'><strong>ϐαιὴ-ἀθρε-</strong></span> 
     </span>
    </p>
   </div>
   <div class='ocr_carea' id='block_1_82' title="bbox 1875 3734 3446 3804">
    <p class='ocr_par' dir='ltr' id='par_1_82' title="bbox 1875 3734 3446 3804">
     <span class='ocr_line' id='line_1_82' title="bbox 1875 3734 3446 3804; baseline 0.003 -15"><span class='ocrx_word' id='word_1_604' title='bbox 1875 3736 2027 3790; x_wconf 91' lang='lat' dir='ltr'><strong>mini.</strong></span> <span class='ocrx_word' id='word_1_605' title='bbox 2059 3735 2246 3790; x_wconf 87' lang='lat' dir='ltr'><strong>Estote</strong></span> <span class='ocrx_word' id='word_1_606' title='bbox 2283 3745 2342 3789; x_wconf 92' lang='lat' dir='ltr'><strong>ut</strong></span> <span class='ocrx_word' id='word_1_607' title='bbox 2369 3748 2470 3804; x_wconf 81' lang='lat' dir='ltr'><strong>ego</strong></span> <span class='ocrx_word' id='word_1_608' title='bbox 2496 3750 2511 3799; x_wconf 89' lang='lat'><strong>;</strong></span> <span class='ocrx_word' id='word_1_609' title='bbox 2555 3734 2812 3802; x_wconf 87' lang='lat' dir='ltr'><strong>quoniam</strong></span> <span class='ocrx_word' id='word_1_610' title='bbox 2840 3741 2893 3786; x_wconf 90' lang='lat' dir='ltr'><strong>et</strong></span> <span class='ocrx_word' id='word_1_611' title='bbox 2921 3747 3022 3803; x_wconf 81' lang='lat' dir='ltr'><strong>ego</strong></span> <span class='ocrx_word' id='word_1_612' title='bbox 3051 3749 3201 3788; x_wconf 87' lang='lat' dir='ltr'><strong>eram</strong></span> <span class='ocrx_word' id='word_1_613' title='bbox 3236 3745 3294 3790; x_wconf 92' lang='lat' dir='ltr'><strong>ut</strong></span> <span class='ocrx_word' id='word_1_614' title='bbox 3325 3752 3446 3792; x_wconf 89' lang='lat' dir='ltr'><strong>vos.</strong></span> 
     </span>
    </p>
   </div>
   <div class='ocr_carea' id='block_1_83' title="bbox 1876 3825 3450 3898">
    <p class='ocr_par' dir='ltr' id='par_1_83' title="bbox 1876 3825 3450 3898">
     <span class='ocr_line' id='line_1_83' title="bbox 1876 3825 3450 3898; baseline -0.001 -14"><span class='ocrx_word' id='word_1_615' title='bbox 1876 3829 1999 3885; x_wconf 60' lang='lat' dir='ltr'><strong>Haec</strong></span> <span class='ocrx_word' id='word_1_616' title='bbox 2028 3844 2112 3884; x_wconf 93' lang='lat' dir='ltr'><strong>me</strong></span> <span class='ocrx_word' id='word_1_617' title='bbox 2146 3837 2429 3898; x_wconf 88' lang='lat' dir='ltr'><strong>ceperunt,</strong></span> <span class='ocrx_word' id='word_1_618' title='bbox 2459 3836 2511 3882; x_wconf 92' lang='lat' dir='ltr'><strong>et</strong></span> <span class='ocrx_word' id='word_1_619' title='bbox 2542 3825 2803 3880; x_wconf 73' lang='lat' dir='ltr'><strong>doctrina:</strong></span> <span class='ocrx_word' id='word_1_620' title='bbox 2828 3826 2911 3878; x_wconf 85' lang='lat' dir='ltr'><strong>vis</strong></span> <span class='ocrx_word' id='word_1_621' title='bbox 2938 3827 3158 3891; x_wconf 87' lang='lat' dir='ltr'><strong>enthea,</strong></span> <span class='ocrx_word' id='word_1_622' title='bbox 3197 3836 3252 3883; x_wconf 88' lang='lat' dir='ltr'><strong>et</strong></span> <span class='ocrx_word' id='word_1_623' title='bbox 3282 3825 3450 3882; x_wconf 87' lang='lat' dir='ltr'><strong>Verbi</strong></span> 
     </span>
    </p>
   </div>
   <div class='ocr_carea' id='block_1_84' title="bbox 1874 3920 3450 3992">
    <p class='ocr_par' dir='ltr' id='par_1_84' title="bbox 1874 3920 3450 3992">
     <span class='ocr_line' id='line_1_84' title="bbox 1874 3920 3450 3992; baseline -0.002 -15"><span class='ocrx_word' id='word_1_624' title='bbox 1874 3923 2148 3989; x_wconf 76' lang='lat' dir='ltr'><strong>elﬁcacia;</strong></span> <span class='ocrx_word' id='word_1_625' title='bbox 2189 3921 2446 3992; x_wconf 78' lang='lat' dir='ltr'><strong>Quoniam</strong></span> <span class='ocrx_word' id='word_1_626' title='bbox 2473 3923 2616 3976; x_wconf 90' lang='lat' dir='ltr'><strong>sicut</strong></span> <span class='ocrx_word' id='word_1_627' title='bbox 2661 3922 2972 3976; x_wconf 86' lang='lat' dir='ltr'><strong>incantator</strong></span> <span class='ocrx_word' id='word_1_628' title='bbox 3013 3921 3226 3992; x_wconf 88' lang='lat' dir='ltr'><strong>peritus</strong></span> <span class='ocrx_word' id='word_1_629' title='bbox 3257 3920 3450 3974; x_wconf 81' lang='lat' dir='ltr'><strong>formi-</strong></span> 
     </span>
    </p>
   </div>
   <div class='ocr_carea' id='block_1_85' title="bbox 1874 4013 3451 4085">
    <p class='ocr_par' dir='ltr' id='par_1_85' title="bbox 1874 4013 3451 4085">
     <span class='ocr_line' id='line_1_85' title="bbox 1874 4013 3451 4085; baseline -0.002 -16"><span class='ocrx_word' id='word_1_630' title='bbox 1874 4017 2102 4070; x_wconf 84' lang='lat' dir='ltr'><strong>dabilem</strong></span> <span class='ocrx_word' id='word_1_631' title='bbox 2134 4027 2438 4085; x_wconf 90' lang='lat' dir='ltr'><strong>serpentem</strong></span> <span class='ocrx_word' id='word_1_632' title='bbox 2470 4014 2653 4085; x_wconf 78' lang='lat' dir='ltr'><strong>,l&#39;ugat,</strong></span> <span class='ocrx_word' id='word_1_633' title='bbox 2694 4024 2981 4083; x_wconf 87' lang='lat' dir='ltr'><strong>postquam</strong></span> <span class='ocrx_word' id='word_1_634' title='bbox 3010 4013 3138 4068; x_wconf 77' lang='lat' dir='ltr'><strong>fecit</strong></span> <span class='ocrx_word' id='word_1_635' title='bbox 3182 4023 3245 4068; x_wconf 89' lang='lat' dir='ltr'><strong>ut</strong></span> <span class='ocrx_word' id='word_1_636' title='bbox 3285 4029 3315 4068; x_wconf 77' lang='grc' dir='ltr'>θ</span> <span class='ocrx_word' id='word_1_637' title='bbox 3350 4028 3451 4067; x_wconf 85' lang='lat' dir='ltr'><strong>suo</strong></span> 
     </span>
    </p>
   </div>
   <div class='ocr_carea' id='block_1_86' title="bbox 1875 4105 3450 4177">
    <p class='ocr_par' dir='ltr' id='par_1_86' title="bbox 1875 4105 3450 4177">
     <span class='ocr_line' id='line_1_86' title="bbox 1875 4105 3450 4177; baseline 0.001 -17"><span class='ocrx_word' id='word_1_638' title='bbox 1875 4107 2099 4162; x_wconf 85' lang='lat' dir='ltr'><strong>latibulo</strong></span> <span class='ocrx_word' id='word_1_639' title='bbox 2136 4116 2407 4176; x_wconf 88' lang='lat' dir='ltr'><strong>ereperet,</strong></span> <span class='ocrx_word' id='word_1_640' title='bbox 2449 4108 2529 4162; x_wconf 84' lang='lat' dir='ltr'><strong>sic</strong></span> <span class='ocrx_word' id='word_1_641' title='bbox 2560 4106 2796 4164; x_wconf 87' lang='lat' dir='ltr'><strong>Verbum</strong></span> <span class='ocrx_word' id='word_1_642' title='bbox 2830 4120 2898 4161; x_wconf 76' lang='lat' dir='ltr'><strong>ex</strong></span> <span class='ocrx_word' id='word_1_643' title='bbox 2929 4105 3137 4161; x_wconf 89' lang='lat' dir='ltr'><strong>intimis</strong></span> <span class='ocrx_word' id='word_1_644' title='bbox 3162 4107 3329 4160; x_wconf 89' lang='lat' dir='ltr'><strong>animi</strong></span> <span class='ocrx_word' id='word_1_645' title='bbox 3355 4122 3450 4177; x_wconf 89' lang='lat' dir='ltr'><strong>pe-</strong></span> 
     </span>
    </p>
   </div>
   <div class='ocr_carea' id='block_1_87' title="bbox 1941 4281 3447 4355">
    <p class='ocr_par' dir='ltr' id='par_1_87' title="bbox 1941 4281 3447 4355">
     <span class='ocr_line' id='line_1_87' title="bbox 1941 4281 3447 4355; baseline -0.003 -17"><span class='ocrx_word' id='word_1_646' title='bbox 1941 4284 2054 4355; x_wconf 73' lang='lat'><strong>(52)</strong></span> <span class='ocrx_word' id='word_1_647' title='bbox 2107 4284 2202 4349; x_wconf 82' lang='grc' dir='ltr'>Ὠς</span> <span class='ocrx_word' id='word_1_648' title='bbox 2240 4282 2337 4336; x_wconf 83' lang='grc' dir='ltr'>διὰ</span> <span class='ocrx_word' id='word_1_649' title='bbox 2382 4284 2588 4355; x_wconf 55' lang='grc' dir='ltr'>λόγου.</span> <span class='ocrx_word' id='word_1_650' title='bbox 2640 4281 2874 4355; x_wconf 56' lang='lat' dir='ltr'><strong>[rustra</strong></span> <span class='ocrx_word' id='word_1_651' title='bbox 2916 4281 3229 4355; x_wconf 76' lang='lat' dir='ltr'><strong>Stephanus</strong></span> <span class='ocrx_word' id='word_1_652' title='bbox 3257 4286 3447 4355; x_wconf 78' lang='lat' dir='ltr'><strong>legen-</strong></span> 
     </span>
    </p>
   </div>
   <div class='ocr_carea' id='block_1_88' title="bbox 1876 4350 3450 4424">
    <p class='ocr_par' dir='ltr' id='par_1_88' title="bbox 1876 4350 3450 4424">
     <span class='ocr_line' id='line_1_88' title="bbox 1876 4350 3450 4424; baseline -0.002 -16"><span class='ocrx_word' id='word_1_653' title='bbox 1876 4350 2002 4408; x_wconf 77' lang='lat' dir='ltr'><strong>tlnin</strong></span> <span class='ocrx_word' id='word_1_654' title='bbox 2035 4350 2184 4423; x_wconf 82' lang='lat' dir='ltr'><strong>putat</strong></span> <span class='ocrx_word' id='word_1_655' title='bbox 2211 4355 2286 4417; x_wconf 87' lang='grc' dir='ltr'>ὼς</span> <span class='ocrx_word' id='word_1_656' title='bbox 2318 4355 2383 4424; x_wconf 84' lang='grc' dir='ltr'>δὴ</span> <span class='ocrx_word' id='word_1_657' title='bbox 2411 4353 2591 4421; x_wconf 85' lang='grc' dir='ltr'>λόγου.</span> <span class='ocrx_word' id='word_1_658' title='bbox 2621 4352 2977 4424; x_wconf 60' lang='lat' dir='ltr'><strong>[Dos-trinam</strong></span> <span class='ocrx_word' id='word_1_659' title='bbox 3007 4351 3245 4424; x_wconf 71' lang='lat' dir='ltr'><strong>divinam</strong></span> <span class='ocrx_word' id='word_1_660' title='bbox 3275 4350 3450 4424; x_wconf 71' lang='lat' dir='ltr'><strong>inter-</strong></span> 
     </span>
    </p>
   </div>
   <div class='ocr_carea' id='block_1_89' title="bbox 1873 4421 3507 4494">
    <p class='ocr_par' dir='ltr' id='par_1_89' title="bbox 1873 4421 3507 4494">
     <span class='ocr_line' id='line_1_89' title="bbox 1873 4421 3507 4494; baseline -0.002 -16"><span class='ocrx_word' id='word_1_661' title='bbox 1873 4421 2117 4494; x_wconf 83' lang='lat' dir='ltr'><strong>pretatus</strong></span> <span class='ocrx_word' id='word_1_662' title='bbox 2144 4435 2228 4476; x_wconf 92' lang='lat' dir='ltr'><strong>est</strong></span> <span class='ocrx_word' id='word_1_663' title='bbox 2263 4421 2576 4493; x_wconf 83' lang='lat' dir='ltr'><strong>Stephanus</strong></span> <span class='ocrx_word' id='word_1_664' title='bbox 2620 4421 2722 4478; x_wconf 73' lang='lat' dir='ltr'><strong>lioc</strong></span> <span class='ocrx_word' id='word_1_665' title='bbox 2755 4424 2806 4476; x_wconf 94' lang='lat' dir='ltr'><strong>in</strong></span> <span class='ocrx_word' id='word_1_666' title='bbox 2860 4423 2978 4475; x_wconf 90' lang='lat' dir='ltr'><strong>loco</strong></span> <span class='ocrx_word' id='word_1_667' title='bbox 3029 4432 3084 4494; x_wconf 85' lang='lat' dir='ltr'><strong>et</strong></span> <span class='ocrx_word' id='word_1_668' title='bbox 3117 4421 3280 4474; x_wconf 80' lang='lat' dir='ltr'><strong>inl‘ra.</strong></span> <span class='ocrx_word' id='word_1_669' title='bbox 3309 4421 3448 4494; x_wconf 84' lang='lat' dir='ltr'><strong>Ver-</strong></span> <span class='ocrx_word' id='word_1_670' title='bbox 3500 4446 3507 4452; x_wconf 87' lang='lat'><strong>-</strong></span> 
     </span>
    </p>
   </div>
   <div class='ocr_carea' id='block_1_90' title="bbox 1876 4491 3448 4560">
    <p class='ocr_par' dir='ltr' id='par_1_90' title="bbox 1876 4491 3448 4560">
     <span class='ocr_line' id='line_1_90' title="bbox 1876 4491 3448 4560; baseline -0.001 -13"><span class='ocrx_word' id='word_1_671' title='bbox 1876 4491 1999 4547; x_wconf 82' lang='lat' dir='ltr'><strong>hum</strong></span> <span class='ocrx_word' id='word_1_672' title='bbox 2034 4496 2126 4547; x_wconf 86' lang='lat' dir='ltr'><strong>Dei</strong></span> <span class='ocrx_word' id='word_1_673' title='bbox 2162 4491 2667 4560; x_wconf 52' lang='lat' dir='ltr'><strong>Filium&#39;designari</strong></span> <span class='ocrx_word' id='word_1_674' title='bbox 2719 4494 2998 4554; x_wconf 75' lang='lat' dir='ltr'><strong>existimo,</strong></span> <span class='ocrx_word' id='word_1_675' title='bbox 3036 4492 3101 4545; x_wconf 90' lang='lat' dir='ltr'><strong>de</strong></span> <span class='ocrx_word' id='word_1_676' title='bbox 3141 4507 3248 4560; x_wconf 86' lang='lat' dir='ltr'><strong>quo</strong></span> <span class='ocrx_word' id='word_1_677' title='bbox 3285 4491 3448 4558; x_wconf 86' lang='lat' dir='ltr'><strong>paulo</strong></span> 
     </span>
    </p>
   </div>
   <div class='ocr_carea' id='block_1_91' title="bbox 1872 4563 3448 4633">
    <p class='ocr_par' dir='ltr' id='par_1_91' title="bbox 1872 4563 3448 4633">
     <span class='ocr_line' id='line_1_91' title="bbox 1872 4563 3448 4633; baseline -0.001 -17"><span class='ocrx_word' id='word_1_678' title='bbox 1872 4577 1997 4618; x_wconf 83' lang='lat' dir='ltr'><strong>ante</strong></span> <span class='ocrx_word' id='word_1_679' title='bbox 2028 4565 2225 4633; x_wconf 76' lang='lat' dir='ltr'><strong>agitur.</strong></span> <span class='ocrx_word' id='word_1_680' title='bbox 2254 4565 2309 4617; x_wconf 86' lang='lat' dir='ltr'><strong>Id</strong></span> <span class='ocrx_word' id='word_1_681' title='bbox 2343 4563 2488 4617; x_wconf 91' lang='lat' dir='ltr'><strong>enim</strong></span> <span class='ocrx_word' id='word_1_682' title='bbox 2517 4564 2730 4616; x_wconf 88' lang='lat' dir='ltr'><strong>videtur</strong></span> <span class='ocrx_word' id='word_1_683' title='bbox 2779 4563 3054 4633; x_wconf 88' lang='lat' dir='ltr'><strong>postulare</strong></span> <span class='ocrx_word' id='word_1_684' title='bbox 3087 4573 3199 4616; x_wconf 89' lang='lat' dir='ltr'><strong>tota</strong></span> <span class='ocrx_word' id='word_1_685' title='bbox 3239 4564 3448 4617; x_wconf 79' lang='lat' dir='ltr'><strong>oratio-</strong></span> 
     </span>
    </p>
   </div>
   <div class='ocr_carea' id='block_1_92' title="bbox 1874 4632 3446 4702">
    <p class='ocr_par' dir='ltr' id='par_1_92' title="bbox 1874 4632 3446 4702">
     <span class='ocr_line' id='line_1_92' title="bbox 1874 4632 3446 4702; baseline -0.001 -14"><span class='ocrx_word' id='word_1_686' title='bbox 1874 4638 1959 4689; x_wconf 89' lang='lat' dir='ltr'><strong>nis</strong></span> <span class='ocrx_word' id='word_1_687' title='bbox 2006 4632 2200 4689; x_wconf 83' lang='lat' dir='ltr'><strong>series.</strong></span> <span class='ocrx_word' id='word_1_688' title='bbox 2255 4633 2478 4688; x_wconf 79' lang='lat' dir='ltr'><strong>Verbum</strong></span> <span class='ocrx_word' id='word_1_689' title='bbox 2527 4633 2760 4684; x_wconf 74' lang='lat' dir='ltr'><strong>divinum</strong></span> <span class='ocrx_word' id='word_1_690' title='bbox 2817 4632 2956 4702; x_wconf 84' lang='lat' dir='ltr'><strong>quod</strong></span> <span class='ocrx_word' id='word_1_691' title='bbox 3018 4634 3168 4685; x_wconf 73' lang='lat' dir='ltr'><strong>nobis</strong></span> <span class='ocrx_word' id='word_1_692' title='bbox 3231 4633 3446 4687; x_wconf 72' lang='lat' dir='ltr'><strong>assidue</strong></span> 
     </span>
    </p>
   </div>
   <div class='ocr_carea' id='block_1_93' title="bbox 207 4695 3446 4773">
    <p class='ocr_par' dir='ltr' id='par_1_93' title="bbox 207 4695 3446 4773">
     <span class='ocr_line' id='line_1_93' title="bbox 207 4695 3446 4773; baseline -0 -20"><span class='ocrx_word' id='word_1_693' title='bbox 207 4695 412 4757; x_wconf 78' lang='lat' dir='ltr'><strong>ibidem</strong></span> <span class='ocrx_word' id='word_1_694' title='bbox 444 4702 715 4773; x_wconf 88' lang='lat' dir='ltr'><strong>Stephano</strong></span> <span class='ocrx_word' id='word_1_695' title='bbox 751 4695 1064 4773; x_wconf 75' lang='lat' dir='ltr'><strong>suspectum</strong></span> <span class='ocrx_word' id='word_1_696' title='bbox 1092 4710 1174 4773; x_wconf 84' lang='lat' dir='ltr'><strong>est</strong></span> <span class='ocrx_word' id='word_1_697' title='bbox 1201 4695 1464 4773; x_wconf 61' lang='lat' dir='ltr'><strong>iliudats,</strong></span> <span class='ocrx_word' id='word_1_698' title='bbox 1489 4711 1540 4753; x_wconf 87' lang='lat' dir='ltr'><strong>et</strong></span> <span class='ocrx_word' id='word_1_699' title='bbox 1565 4695 1766 4773; x_wconf 73' lang='lat' dir='ltr'><strong>aliquid</strong></span> <span class='ocrx_word' id='word_1_700' title='bbox 1795 4695 1844 4754; x_wconf 88' lang='grc' dir='ltr'>Ι)</span> <span class='ocrx_word' id='word_1_701' title='bbox 1870 4714 2082 4773; x_wconf 74' lang='lat' dir='ltr'><strong>prazest,</strong></span> <span class='ocrx_word' id='word_1_702' title='bbox 2113 4720 2215 4756; x_wconf 86' lang='lat' dir='ltr'><strong>non</strong></span> <span class='ocrx_word' id='word_1_703' title='bbox 2259 4705 2368 4757; x_wconf 80' lang='lat' dir='ltr'><strong>vult</strong></span> <span class='ocrx_word' id='word_1_704' title='bbox 2417 4705 2652 4770; x_wconf 73' lang='lat' dir='ltr'><strong>corporis</strong></span> <span class='ocrx_word' id='word_1_705' title='bbox 2676 4695 3156 4756; x_wconf 57' lang='lat' dir='ltr'><strong>“manualem”...</strong></span> <span class='ocrx_word' id='word_1_706' title='bbox 3190 4703 3281 4754; x_wconf 75' lang='lat' dir='ltr'><strong>sed</strong></span> <span class='ocrx_word' id='word_1_707' title='bbox 3325 4704 3446 4753; x_wconf 87' lang='lat' dir='ltr'><strong>ani-</strong></span> 
     </span>
    </p>
   </div>
   <div class='ocr_carea' id='block_1_94' title="bbox 204 4770 1764 4840">
    <p class='ocr_par' dir='ltr' id='par_1_94' title="bbox 204 4770 1764 4840">
     <span class='ocr_line' id='line_1_94' title="bbox 204 4770 1764 4840; baseline -0.005 -14"><span class='ocrx_word' id='word_1_708' title='bbox 204 4775 398 4826; x_wconf 85' lang='lat' dir='ltr'><strong>deesse</strong></span> <span class='ocrx_word' id='word_1_709' title='bbox 424 4781 595 4840; x_wconf 86' lang='lat' dir='ltr'><strong>putat,</strong></span> <span class='ocrx_word' id='word_1_710' title='bbox 631 4771 715 4825; x_wconf 89' lang='lat' dir='ltr'><strong>vel</strong></span> <span class='ocrx_word' id='word_1_711' title='bbox 747 4773 936 4824; x_wconf 88' lang='lat' dir='ltr'><strong>saltem</strong></span> <span class='ocrx_word' id='word_1_712' title='bbox 966 4772 1271 4839; x_wconf 70' lang='lat' dir='ltr'><strong>legendum,</strong></span> <span class='ocrx_word' id='word_1_713' title='bbox 1295 4770 1354 4824; x_wconf 79' lang='grc' dir='ltr'><strong>οὑ</strong></span> <span class='ocrx_word' id='word_1_714' title='bbox 1375 4771 1500 4832; x_wconf 80' lang='grc' dir='ltr'>τοὺς</span> <span class='ocrx_word' id='word_1_715' title='bbox 1521 4773 1578 4822; x_wconf 79' lang='grc' dir='ltr'><strong>ὲν</strong></span> <span class='ocrx_word' id='word_1_716' title='bbox 1600 4771 1764 4828; x_wconf 76' lang='grc' dir='ltr'>λαοῖς.</span> 
     </span>
    </p>
   </div>
   <div class='ocr_carea' id='block_1_95' title="bbox 279 4841 1763 4914">
    <p class='ocr_par' dir='ltr' id='par_1_95' title="bbox 279 4841 1763 4914">
     <span class='ocr_line' id='line_1_95' title="bbox 279 4841 1763 4914; baseline -0.001 -18"><span class='ocrx_word' id='word_1_717' title='bbox 279 4847 390 4914; x_wconf 68' lang='grc'>(29)</span> <span class='ocrx_word' id='word_1_718' title='bbox 429 4847 618 4908; x_wconf 78' lang='grc' dir='ltr'>Αὐτὸς</span> <span class='ocrx_word' id='word_1_719' title='bbox 661 4846 771 4913; x_wconf 76' lang='grc' dir='ltr'>γὰρ</span> <span class='ocrx_word' id='word_1_720' title='bbox 819 4847 1006 4913; x_wconf 74' lang='grc' dir='ltr'>ἡμῶν.</span> <span class='ocrx_word' id='word_1_721' title='bbox 1064 4861 1118 4896; x_wconf 88' lang='grc' dir='ltr'><strong>ιιι</strong></span> <span class='ocrx_word' id='word_1_722' title='bbox 1166 4843 1460 4914; x_wconf 82' lang='lat' dir='ltr'><strong>exemplari</strong></span> <span class='ocrx_word' id='word_1_723' title='bbox 1513 4841 1763 4914; x_wconf 85' lang='lat' dir='ltr'><strong>videntur</strong></span> 
     </span>
    </p>
   </div>
   <div class='ocr_carea' id='block_1_96' title="bbox 206 4912 1765 4984">
    <p class='ocr_par' dir='ltr' id='par_1_96' title="bbox 206 4912 1765 4984">
     <span class='ocr_line' id='line_1_96' title="bbox 206 4912 1765 4984; baseline -0.001 -16"><span class='ocrx_word' id='word_1_724' title='bbox 206 4912 494 4982; x_wconf 81' lang='lat' dir='ltr'><strong>superesse</strong></span> <span class='ocrx_word' id='word_1_725' title='bbox 534 4912 752 4982; x_wconf 80' lang='lat' dir='ltr'><strong>vestigia</strong></span> <span class='ocrx_word' id='word_1_726' title='bbox 816 4912 962 4970; x_wconf 87' lang='lat' dir='ltr'><strong>vocis</strong></span> <span class='ocrx_word' id='word_1_727' title='bbox 1011 4912 1337 4984; x_wconf 85' lang='grc' dir='ltr'>στρατηγός,</span> <span class='ocrx_word' id='word_1_728' title='bbox 1367 4913 1598 4967; x_wconf 86' lang='lat' dir='ltr'><strong>articulo</strong></span> <span class='ocrx_word' id='word_1_729' title='bbox 1623 4927 1765 4984; x_wconf 72' lang='lat' dir='ltr'><strong>pra:-</strong></span> 
     </span>
    </p>
   </div>
   <div class='ocr_carea' id='block_1_97' title="bbox 207 4983 1760 5053">
    <p class='ocr_par' dir='ltr' id='par_1_97' title="bbox 207 4983 1760 5053">
     <span class='ocr_line' id='line_1_97' title="bbox 207 4983 1760 5053; baseline -0.001 -16"><span class='ocrx_word' id='word_1_730' title='bbox 207 4986 334 5038; x_wconf 80' lang='lat' dir='ltr'><strong>ﬁxo.</strong></span> <span class='ocrx_word' id='word_1_731' title='bbox 373 4985 652 5050; x_wconf 76' lang='lat' dir='ltr'><strong>Quadrare</strong></span> <span class='ocrx_word' id='word_1_732' title='bbox 690 4985 904 5053; x_wconf 76' lang='lat' dir='ltr'><strong>quidem</strong></span> <span class='ocrx_word' id='word_1_733' title='bbox 962 4983 1090 5037; x_wconf 75' lang='lat' dir='ltr'><strong>huic</strong></span> <span class='ocrx_word' id='word_1_734' title='bbox 1114 4985 1232 5053; x_wconf 72' lang='lat' dir='ltr'><strong>loco</strong></span> <span class='ocrx_word' id='word_1_735' title='bbox 1257 4998 1433 5046; x_wconf 82' lang='lat' dir='ltr'><strong>nemo,</strong></span> <span class='ocrx_word' id='word_1_736' title='bbox 1466 4992 1521 5034; x_wconf 83' lang='lat' dir='ltr'><strong>ut</strong></span> <span class='ocrx_word' id='word_1_737' title='bbox 1549 4983 1760 5050; x_wconf 83' lang='lat' dir='ltr'><strong>opinor,</strong></span> 
     </span>
    </p>
   </div>
   <div class='ocr_carea' id='block_1_98' title="bbox 209 5052 1754 5122">
    <p class='ocr_par' dir='ltr' id='par_1_98' title="bbox 209 5052 1754 5122">
     <span class='ocr_line' id='line_1_98' title="bbox 209 5052 1754 5122; baseline 0 -15"><span class='ocrx_word' id='word_1_738' title='bbox 209 5055 560 5118; x_wconf 83' lang='lat' dir='ltr'><strong>iuﬁciabitur,</strong></span> <span class='ocrx_word' id='word_1_739' title='bbox 617 5052 716 5108; x_wconf 28' lang='lat' dir='ltr'><strong>ait’</strong></span> <span class='ocrx_word' id='word_1_740' title='bbox 749 5052 1338 5122; x_wconf 81' lang='lat' dir='ltr'><strong>Stephanus.—llauc</strong></span> <span class='ocrx_word' id='word_1_741' title='bbox 1394 5055 1754 5122; x_wconf 84' lang='lat' dir='ltr'><strong>conjecturam</strong></span> 
     </span>
    </p>
   </div>
   <div class='ocr_carea' id='block_1_99' title="bbox 205 5121 1755 5192">
    <p class='ocr_par' dir='ltr' id='par_1_99' title="bbox 205 5121 1755 5192">
     <span class='ocr_line' id='line_1_99' title="bbox 205 5121 1755 5192; baseline 0.001 -16"><span class='ocrx_word' id='word_1_742' title='bbox 205 5127 499 5177; x_wconf 83' lang='lat' dir='ltr'><strong>conﬁrmat</strong></span> <span class='ocrx_word' id='word_1_743' title='bbox 523 5125 811 5179; x_wconf 86' lang='lat' dir='ltr'><strong>auctoritas</strong></span> <span class='ocrx_word' id='word_1_744' title='bbox 835 5121 1038 5178; x_wconf 75' lang='lat' dir='ltr'><strong>codicis</strong></span> <span class='ocrx_word' id='word_1_745' title='bbox 1067 5124 1379 5192; x_wconf 81' lang='lat' dir='ltr'><strong>Argeutor.,</strong></span> <span class='ocrx_word' id='word_1_746' title='bbox 1403 5137 1490 5192; x_wconf 85' lang='lat' dir='ltr'><strong>ap.</strong></span> <span class='ocrx_word' id='word_1_747' title='bbox 1522 5123 1585 5175; x_wconf 91' lang='lat' dir='ltr'><strong>D.</strong></span> <span class='ocrx_word' id='word_1_748' title='bbox 1610 5121 1755 5178; x_wconf 85' lang='lat' dir='ltr'><strong>Otto.</strong></span> 
     </span>
    </p>
   </div>
   <div class='ocr_carea' id='block_1_100' title="bbox 206 5195 499 5249">
    <p class='ocr_par' dir='ltr' id='par_1_100' title="bbox 206 5195 499 5249">
     <span class='ocr_line' id='line_1_100' title="bbox 206 5195 499 5249; baseline -0.007 -1"><span class='ocrx_word' id='word_1_749' title='bbox 206 5195 301 5248; x_wconf 77' lang='lat' dir='ltr'><strong>En.</strong></span> <span class='ocrx_word' id='word_1_750' title='bbox 330 5198 499 5249; x_wconf 68' lang='lat' dir='ltr'><strong>Pan.</strong></span> 
     </span>
    </p>
   </div>
   <div class='ocr_carea' id='block_1_101' title="bbox 207 5263 1759 5389">
    <p class='ocr_par' dir='ltr' id='par_1_101' title="bbox 207 5263 1759 5389">
     <span class='ocr_line' id='line_1_101' title="bbox 273 5263 1759 5336; baseline -0.003 -16"><span class='ocrx_word' id='word_1_751' title='bbox 273 5267 385 5336; x_wconf 84' lang='grc'><strong>(50)</strong></span> <span class='ocrx_word' id='word_1_752' title='bbox 453 5265 747 5334; x_wconf 78' lang='grc' dir='ltr'>Ὀσιότητι.</span> <span class='ocrx_word' id='word_1_753' title='bbox 795 5263 1236 5320; x_wconf 65' lang='grc' dir='ltr'>Ρτξὲωἰιῑθιιιιυω</span> <span class='ocrx_word' id='word_1_754' title='bbox 1292 5263 1412 5328; x_wconf 82' lang='grc' dir='ltr'>καί,</span> <span class='ocrx_word' id='word_1_755' title='bbox 1464 5272 1524 5316; x_wconf 88' lang='lat' dir='ltr'><strong>ut</strong></span> <span class='ocrx_word' id='word_1_756' title='bbox 1580 5272 1759 5316; x_wconf 86' lang='lat' dir='ltr'><strong>monet</strong></span> 
     </span>
     <span class='ocr_line' id='line_1_102' title="bbox 207 5334 533 5389; baseline -0.003 0"><span class='ocrx_word' id='word_1_757' title='bbox 207 5334 533 5389; x_wconf 80' lang='lat' dir='ltr'><strong>Stephanus.</strong></span> 
     </span>
    </p>
   </div>
   <div class='ocr_carea' id='block_1_102' title="bbox 267 5341 533 5389">
    <p class='ocr_par' dir='ltr' id='par_1_102' title="bbox 267 5341 533 5389">
     <span class='ocr_line' id='line_1_103' title="bbox 267 5341 533 5389; baseline 0 -1"><span class='ocrx_word' id='word_1_758' title='bbox 267 5341 533 5389; x_wconf 80' lang='lat' dir='ltr'><strong>eohanus.</strong></span> 
     </span>
    </p>
   </div>
   <div class='ocr_carea' id='block_1_103' title="bbox 271 5355 1756 5477">
    <p class='ocr_par' dir='ltr' id='par_1_103' title="bbox 271 5355 1756 5477">
     <span class='ocr_line' id='line_1_104' title="bbox 271 5355 1756 5477; baseline -0.003 -15"><span class='ocrx_word' id='word_1_759' title='bbox 271 5355 567 5477; x_wconf 40' lang='lat'><strong>3339:1311</strong></span> <span class='ocrx_word' id='word_1_760' title='bbox 592 5406 754 5460; x_wconf 71' lang='grc' dir='ltr'>δέη..</span> <span class='ocrx_word' id='word_1_761' title='bbox 784 5409 816 5460; x_wconf 85' lang='grc' dir='ltr'><em>ὀ</em></span> <span class='ocrx_word' id='word_1_762' title='bbox 850 5407 1002 5472; x_wconf 85' lang='grc' dir='ltr'>θεῖος</span> <span class='ocrx_word' id='word_1_763' title='bbox 1030 5405 1229 5474; x_wconf 68' lang='grc' dir='ltr'>λόγος.</span> <span class='ocrx_word' id='word_1_764' title='bbox 1265 5405 1388 5459; x_wconf 54' lang='lat' dir='ltr'><strong>Haec</strong></span> <span class='ocrx_word' id='word_1_765' title='bbox 1416 5402 1604 5477; x_wconf 87' lang='lat' dir='ltr'><strong>verba,</strong></span> <span class='ocrx_word' id='word_1_766' title='bbox 1636 5418 1756 5471; x_wconf 75' lang='lat' dir='ltr'><strong>qua:</strong></span> 
     </span>
    </p>
   </div>
   <div class='ocr_carea' id='block_1_104' title="bbox 203 5476 1748 5545">
    <p class='ocr_par' dir='ltr' id='par_1_104' title="bbox 203 5476 1748 5545">
     <span class='ocr_line' id='line_1_105' title="bbox 203 5476 1748 5545; baseline -0.002 -16"><span class='ocrx_word' id='word_1_767' title='bbox 203 5477 316 5530; x_wconf 82' lang='lat' dir='ltr'><strong>loco</strong></span> <span class='ocrx_word' id='word_1_768' title='bbox 344 5476 444 5531; x_wconf 89' lang='lat' dir='ltr'><strong>suo</strong></span> <span class='ocrx_word' id='word_1_769' title='bbox 481 5485 728 5530; x_wconf 76' lang='lat' dir='ltr'><strong>Videntur</strong></span> <span class='ocrx_word' id='word_1_770' title='bbox 771 5479 1058 5539; x_wconf 83' lang='lat' dir='ltr'><strong>excidisse,</strong></span> <span class='ocrx_word' id='word_1_771' title='bbox 1109 5478 1364 5545; x_wconf 84' lang='lat' dir='ltr'><strong>coojuugi</strong></span> <span class='ocrx_word' id='word_1_772' title='bbox 1406 5476 1601 5545; x_wconf 81' lang='lat' dir='ltr'><strong>debent</strong></span> <span class='ocrx_word' id='word_1_773' title='bbox 1631 5489 1748 5526; x_wconf 90' lang='lat' dir='ltr'><strong>cum</strong></span> 
     </span>
    </p>
   </div>
   <div class='ocr_carea' id='block_1_105' title="bbox 202 5543 1751 5616">
    <p class='ocr_par' dir='ltr' id='par_1_105' title="bbox 202 5543 1751 5616">
     <span class='ocr_line' id='line_1_106' title="bbox 202 5543 1751 5616; baseline -0.004 -16"><span class='ocrx_word' id='word_1_774' title='bbox 202 5549 572 5616; x_wconf 76' lang='lat' dir='ltr'><strong>superioribus</strong></span> <span class='ocrx_word' id='word_1_775' title='bbox 624 5548 707 5600; x_wconf 88' lang='lat' dir='ltr'><strong>his</strong></span> <span class='ocrx_word' id='word_1_776' title='bbox 750 5549 992 5608; x_wconf 86' lang='lat' dir='ltr'><strong>vocibus,</strong></span> <span class='ocrx_word' id='word_1_777' title='bbox 1039 5543 1352 5616; x_wconf 18' lang='lat' dir='ltr'><strong>abtbgiyap</strong></span> <span class='ocrx_word' id='word_1_778' title='bbox 1386 5543 1751 5616; x_wconf 36' lang='grc' dir='ltr'>ημῶννειρη</span> 
     </span>
    </p>
   </div>
   <div class='ocr_carea' id='block_1_106' title="bbox 204 5613 1751 5684">
    <p class='ocr_par' dir='ltr' id='par_1_106' title="bbox 204 5613 1751 5684">
     <span class='ocr_line' id='line_1_107' title="bbox 204 5613 1751 5684; baseline 0.002 -17"><span class='ocrx_word' id='word_1_779' title='bbox 204 5613 281 5670; x_wconf 76' lang='lat' dir='ltr'><strong>vel</strong></span> <span class='ocrx_word' id='word_1_780' title='bbox 309 5618 501 5671; x_wconf 85' lang='lat' dir='ltr'><strong>saltem</strong></span> <span class='ocrx_word' id='word_1_781' title='bbox 531 5618 595 5670; x_wconf 92' lang='lat' dir='ltr'><strong>ad</strong></span> <span class='ocrx_word' id='word_1_782' title='bbox 626 5632 720 5670; x_wconf 87' lang='lat' dir='ltr'><strong>eas</strong></span> <span class='ocrx_word' id='word_1_783' title='bbox 744 5617 929 5671; x_wconf 79' lang='lat' dir='ltr'><strong>referri</strong></span> <span class='ocrx_word' id='word_1_784' title='bbox 962 5617 1144 5684; x_wconf 91' lang='lat' dir='ltr'><strong>:quod</strong></span> <span class='ocrx_word' id='word_1_785' title='bbox 1168 5613 1289 5670; x_wconf 85' lang='lat' dir='ltr'><strong>cum</strong></span> <span class='ocrx_word' id='word_1_786' title='bbox 1324 5613 1502 5668; x_wconf 83' lang='lat' dir='ltr'><strong>minus</strong></span> <span class='ocrx_word' id='word_1_787' title='bbox 1534 5613 1751 5684; x_wconf 70' lang='lat' dir='ltr'><strong>vidisset</strong></span> 
     </span>
    </p>
   </div>
   <div class='ocr_carea' id='block_1_107' title="bbox 203 5683 1750 5756">
    <p class='ocr_par' dir='ltr' id='par_1_107' title="bbox 203 5683 1750 5756">
     <span class='ocr_line' id='line_1_108' title="bbox 203 5683 1750 5756; baseline 0.001 -18"><span class='ocrx_word' id='word_1_788' title='bbox 203 5689 528 5755; x_wconf 70' lang='lat' dir='ltr'><strong>Stephanus,</strong></span> <span class='ocrx_word' id='word_1_789' title='bbox 576 5702 638 5739; x_wconf 89' lang='lat' dir='ltr'><strong>ac</strong></span> <span class='ocrx_word' id='word_1_790' title='bbox 678 5702 870 5756; x_wconf 67' lang='lat' dir='ltr'><strong>novrum</strong></span> <span class='ocrx_word' id='word_1_791' title='bbox 896 5683 1179 5756; x_wconf 87' lang='lat' dir='ltr'><strong>periodum</strong></span> <span class='ocrx_word' id='word_1_792' title='bbox 1213 5687 1523 5756; x_wconf 71' lang='lat' dir='ltr'><strong>incmpisset</strong></span> <span class='ocrx_word' id='word_1_793' title='bbox 1551 5685 1617 5756; x_wconf 85' lang='lat' dir='ltr'><strong>ab</strong></span> <span class='ocrx_word' id='word_1_794' title='bbox 1648 5683 1750 5756; x_wconf 23' lang='lat' dir='ltr'><strong>‘his</strong></span> 
     </span>
    </p>
   </div>
   <div class='ocr_carea' id='block_1_108' title="bbox 201 5753 1748 5829">
    <p class='ocr_par' dir='ltr' id='par_1_108' title="bbox 201 5753 1748 5829">
     <span class='ocr_line' id='line_1_109' title="bbox 201 5753 1748 5829; baseline 0.001 -19"><span class='ocrx_word' id='word_1_795' title='bbox 201 5753 394 5820; x_wconf 59' lang='lat' dir='ltr'><strong>verbis,</strong></span> <span class='ocrx_word' id='word_1_796' title='bbox 424 5758 526 5829; x_wconf 74' lang='grc' dir='ltr'>ήδη</span> <span class='ocrx_word' id='word_1_797' title='bbox 548 5758 605 5810; x_wconf 81' lang='grc' dir='ltr'>δὲ</span> <span class='ocrx_word' id='word_1_798' title='bbox 635 5753 916 5828; x_wconf 70' lang='grc' dir='ltr'>διηνεκῶς,</span> <span class='ocrx_word' id='word_1_799' title='bbox 967 5773 1183 5814; x_wconf 83' lang='lat' dir='ltr'><strong>sensum</strong></span> <span class='ocrx_word' id='word_1_800' title='bbox 1219 5753 1374 5824; x_wconf 82' lang='lat' dir='ltr'><strong>hujus</strong></span> <span class='ocrx_word' id='word_1_801' title='bbox 1403 5755 1505 5810; x_wconf 90' lang='lat' dir='ltr'><strong>loci</strong></span> <span class='ocrx_word' id='word_1_802' title='bbox 1532 5753 1748 5813; x_wconf 89' lang='lat' dir='ltr'><strong>minimc</strong></span> 
     </span>
    </p>
   </div>
   <div class='ocr_carea' id='block_1_109' title="bbox 200 5839 610 5883">
    <p class='ocr_par' dir='ltr' id='par_1_109' title="bbox 200 5839 610 5883">
     <span class='ocr_line' id='line_1_110' title="bbox 200 5839 610 5883; baseline 0.007 -5"><span class='ocrx_word' id='word_1_803' title='bbox 200 5841 470 5883; x_wconf 57' lang='lat' dir='ltr'><strong>assecutus</strong></span> <span class='ocrx_word' id='word_1_804' title='bbox 508 5839 610 5882; x_wconf 80' lang='lat' dir='ltr'><strong>est.</strong></span> 
     </span>
    </p>
   </div>
   <div class='ocr_carea' id='block_1_110' title="bbox 1872 4773 3444 4840">
    <p class='ocr_par' dir='ltr' id='par_1_110' title="bbox 1872 4773 3444 4840">
     <span class='ocr_line' id='line_1_111' title="bbox 1872 4773 3444 4840; baseline -0.001 -14"><span class='ocrx_word' id='word_1_805' title='bbox 1872 4791 2218 4840; x_wconf 84' lang='lat' dir='ltr'><strong>mampuram</strong></span> <span class='ocrx_word' id='word_1_806' title='bbox 2269 4775 2621 4826; x_wconf 81' lang='lat' dir='ltr'><strong>sanctimonia</strong></span> <span class='ocrx_word' id='word_1_807' title='bbox 2662 4775 2940 4836; x_wconf 81' lang='lat' dir='ltr'><strong>munitam,</strong></span> <span class='ocrx_word' id='word_1_808' title='bbox 2996 4783 3045 4824; x_wconf 81' lang='lat' dir='ltr'><strong>et</strong></span> <span class='ocrx_word' id='word_1_809' title='bbox 3087 4773 3220 4840; x_wconf 77' lang='lat' dir='ltr'><strong>regis</strong></span> <span class='ocrx_word' id='word_1_810' title='bbox 3277 4774 3444 4824; x_wconf 73' lang='lat' dir='ltr'><strong>nostri</strong></span> 
     </span>
    </p>
   </div>
   <div class='ocr_carea' id='block_1_111' title="bbox 1871 4840 3441 4912">
    <p class='ocr_par' dir='ltr' id='par_1_111' title="bbox 1871 4840 3441 4912">
     <span class='ocr_line' id='line_1_112' title="bbox 1871 4840 3441 4912; baseline -0.001 -16"><span class='ocrx_word' id='word_1_811' title='bbox 1871 4856 2115 4903; x_wconf 72' lang='lat' dir='ltr'><strong>tesseras,</strong></span> <span class='ocrx_word' id='word_1_812' title='bbox 2159 4845 2362 4898; x_wconf 79' lang='lat' dir='ltr'><strong>divinas</strong></span> <span class='ocrx_word' id='word_1_813' title='bbox 2393 4847 2643 4907; x_wconf 85' lang='lat' dir='ltr'><strong>actiones,</strong></span> <span class='ocrx_word' id='word_1_814' title='bbox 2691 4843 2882 4912; x_wconf 79' lang='lat' dir='ltr'><strong>quippe</strong></span> <span class='ocrx_word' id='word_1_815' title='bbox 2931 4859 3048 4895; x_wconf 85' lang='lat' dir='ltr'><strong>cum</strong></span> <span class='ocrx_word' id='word_1_816' title='bbox 3075 4858 3168 4910; x_wconf 82' lang='lat' dir='ltr'><strong>per</strong></span> <span class='ocrx_word' id='word_1_817' title='bbox 3216 4840 3441 4912; x_wconf 76' lang='lat' dir='ltr'><strong>Verbum</strong></span> 
     </span>
    </p>
   </div>
   <div class='ocr_carea' id='block_1_112' title="bbox 1863 4911 3441 4984">
    <p class='ocr_par' dir='ltr' id='par_1_112' title="bbox 1863 4911 3441 4984">
     <span class='ocr_line' id='line_1_113' title="bbox 1863 4911 3441 4984; baseline -0.001 -16"><span class='ocrx_word' id='word_1_818' title='bbox 1863 4917 1939 4968; x_wconf 78' lang='lat' dir='ltr'><strong>vis</strong></span> <span class='ocrx_word' id='word_1_819' title='bbox 1969 4914 2212 4984; x_wconf 77' lang='lat' dir='ltr'><strong>quazdam</strong></span> <span class='ocrx_word' id='word_1_820' title='bbox 2237 4917 2290 4967; x_wconf 82' lang='lat' dir='ltr'><strong>in</strong></span> <span class='ocrx_word' id='word_1_821' title='bbox 2343 4915 2578 4984; x_wconf 73' lang='lat' dir='ltr'><strong>quintam</strong></span> <span class='ocrx_word' id='word_1_822' title='bbox 2618 4911 2895 4984; x_wconf 70' lang='lat' dir='ltr'><strong>pervadat.</strong></span> <span class='ocrx_word' id='word_1_823' title='bbox 2937 4913 3159 4964; x_wconf 85' lang='lat' dir='ltr'><strong>Divinas</strong></span> <span class='ocrx_word' id='word_1_824' title='bbox 3195 4911 3441 4984; x_wconf 84' lang='lat' dir='ltr'><strong>actiones</strong></span> 
     </span>
    </p>
   </div>
   <div class='ocr_carea' id='block_1_113' title="bbox 1863 4981 3439 5053">
    <p class='ocr_par' dir='ltr' id='par_1_113' title="bbox 1863 4981 3439 5053">
     <span class='ocr_line' id='line_1_114' title="bbox 1863 4981 3439 5053; baseline 0.001 -20"><span class='ocrx_word' id='word_1_825' title='bbox 1863 4981 2025 5038; x_wconf 85' lang='lat' dir='ltr'><strong>vocat</strong></span> <span class='ocrx_word' id='word_1_826' title='bbox 2047 4999 2107 5036; x_wconf 88' lang='lat' dir='ltr'><strong>ea</strong></span> <span class='ocrx_word' id='word_1_827' title='bbox 2133 4999 2254 5053; x_wconf 66' lang='lat' dir='ltr'><strong>qua:</strong></span> <span class='ocrx_word' id='word_1_828' title='bbox 2282 5000 2309 5035; x_wconf 91' lang='lat' dir='ltr'><strong>a</strong></span> <span class='ocrx_word' id='word_1_829' title='bbox 2336 4981 2663 5036; x_wconf 87' lang='lat' dir='ltr'><strong>Christianis</strong></span> <span class='ocrx_word' id='word_1_830' title='bbox 2689 4981 2948 5050; x_wconf 62' lang='lat' dir='ltr'><strong>praeclare</strong></span> <span class='ocrx_word' id='word_1_831' title='bbox 2973 4984 3128 5046; x_wconf 89' lang='lat' dir='ltr'><strong>tiuut,</strong></span> <span class='ocrx_word' id='word_1_832' title='bbox 3151 4983 3280 5053; x_wconf 82' lang='lat' dir='ltr'><strong>quia</strong></span> <span class='ocrx_word' id='word_1_833' title='bbox 3323 4984 3439 5035; x_wconf 67' lang='lat' dir='ltr'><strong>haec</strong></span> 
     </span>
    </p>
   </div>
   <div class='ocr_carea' id='block_1_114' title="bbox 1863 5051 3439 5122">
    <p class='ocr_par' dir='ltr' id='par_1_114' title="bbox 1863 5051 3439 5122">
     <span class='ocr_line' id='line_1_115' title="bbox 1863 5051 3439 5122; baseline -0.003 -16"><span class='ocrx_word' id='word_1_834' title='bbox 1863 5056 2039 5122; x_wconf 81' lang='lat' dir='ltr'><strong>gratia</strong></span> <span class='ocrx_word' id='word_1_835' title='bbox 2069 5051 2166 5108; x_wconf 78' lang='lat' dir='ltr'><strong>sua</strong></span> <span class='ocrx_word' id='word_1_836' title='bbox 2202 5055 2438 5108; x_wconf 86' lang='lat' dir='ltr'><strong>Verbum</strong></span> <span class='ocrx_word' id='word_1_837' title='bbox 2487 5065 2769 5121; x_wconf 85' lang='lat' dir='ltr'><strong>Operatnr.</strong></span> <span class='ocrx_word' id='word_1_838' title='bbox 2816 5053 2889 5104; x_wconf 85' lang='lat' dir='ltr'><strong>De</strong></span> <span class='ocrx_word' id='word_1_839' title='bbox 2925 5055 3114 5106; x_wconf 88' lang='lat' dir='ltr'><strong>eadem</strong></span> <span class='ocrx_word' id='word_1_840' title='bbox 3145 5051 3320 5120; x_wconf 74' lang='lat' dir='ltr'><strong>gratia</strong></span> <span class='ocrx_word' id='word_1_841' title='bbox 3353 5053 3439 5103; x_wconf 85' lang='lat' dir='ltr'><strong>in-</strong></span> 
     </span>
    </p>
   </div>
   <div class='ocr_carea' id='block_1_115' title="bbox 1865 5122 3437 5195">
    <p class='ocr_par' dir='ltr' id='par_1_115' title="bbox 1865 5122 3437 5195">
     <span class='ocr_line' id='line_1_116' title="bbox 1865 5122 3437 5195; baseline -0.002 -18"><span class='ocrx_word' id='word_1_842' title='bbox 1865 5125 2046 5195; x_wconf 81' lang='lat' dir='ltr'><strong>telligo</strong></span> <span class='ocrx_word' id='word_1_843' title='bbox 2069 5140 2187 5194; x_wconf 66' lang='lat' dir='ltr'><strong>quae</strong></span> <span class='ocrx_word' id='word_1_844' title='bbox 2217 5134 2520 5195; x_wconf 80' lang='lat' dir='ltr'><strong>sequuntur</strong></span> <span class='ocrx_word' id='word_1_845' title='bbox 2547 5145 2559 5176; x_wconf 86' lang='lat'><strong>:</strong></span> <span class='ocrx_word' id='word_1_846' title='bbox 2590 5124 2634 5175; x_wconf 85' lang='lat'><em>0</em></span> <span class='ocrx_word' id='word_1_847' title='bbox 2659 5124 2787 5195; x_wconf 76' lang='lat' dir='ltr'><strong>tibia</strong></span> <span class='ocrx_word' id='word_1_848' title='bbox 2817 5123 3037 5195; x_wconf 67' lang='lat' dir='ltr'><strong>paciﬁca</strong></span> <span class='ocrx_word' id='word_1_849' title='bbox 3079 5123 3273 5195; x_wconf 72' lang='lat' dir='ltr'><strong>anith</strong></span> <span class='ocrx_word' id='word_1_850' title='bbox 3305 5122 3437 5174; x_wconf 82' lang='lat' dir='ltr'><strong>bello</strong></span> 
     </span>
    </p>
   </div>
   <div class='ocr_carea' id='block_1_116' title="bbox 1861 5190 3300 5263">
    <p class='ocr_par' dir='ltr' id='par_1_116' title="bbox 1861 5190 3300 5263">
     <span class='ocr_line' id='line_1_117' title="bbox 1861 5190 3300 5263; baseline -0.003 -17"><span class='ocrx_word' id='word_1_851' title='bbox 1861 5190 2133 5263; x_wconf 58' lang='lat' dir='ltr'><strong>appe&#39;titri&#39;,</strong></span> <span class='ocrx_word' id='word_1_852' title='bbox 2163 5190 2311 5263; x_wconf 50' lang='lat' dir='ltr'><strong>etc.]_</strong></span> <span class='ocrx_word' id='word_1_853' title='bbox 2333 5223 2399 5233; x_wconf 90' lang='grc'><strong><em>--</em></strong></span> <span class='ocrx_word' id='word_1_854' title='bbox 2426 5192 2510 5246; x_wconf 75' lang='lat' dir='ltr'><strong>Ea:</strong></span> <span class='ocrx_word' id='word_1_855' title='bbox 2535 5193 2804 5248; x_wconf 75' lang='lat' dir='ltr'><strong>Addendis</strong></span> <span class='ocrx_word' id='word_1_856' title='bbox 2831 5203 2886 5263; x_wconf 77' lang='lat' dir='ltr'><strong>et</strong></span> <span class='ocrx_word' id='word_1_857' title='bbox 2917 5190 3300 5263; x_wconf 73' lang='lat' dir='ltr'><strong>Emendandis.</strong></span> 
     </span>
    </p>
   </div>
   <div class='ocr_carea' id='block_1_117' title="bbox 1931 5260 3185 5336">
    <p class='ocr_par' dir='ltr' id='par_1_117' title="bbox 1931 5260 3185 5336">
     <span class='ocr_line' id='line_1_118' title="bbox 1931 5260 3185 5336; baseline -0.006 -16"><span class='ocrx_word' id='word_1_858' title='bbox 1931 5264 2040 5336; x_wconf 75' lang='grc'><strong>(53)</strong></span> <span class='ocrx_word' id='word_1_859' title='bbox 2082 5265 2176 5330; x_wconf 85' lang='grc' dir='ltr'>Ὧς</span> <span class='ocrx_word' id='word_1_860' title='bbox 2205 5260 2501 5336; x_wconf 53' lang='grc' dir='ltr'><strong>ονιίλίτιγξἱ</strong></span> <span class='ocrx_word' id='word_1_861' title='bbox 2531 5265 2836 5336; x_wconf 75' lang='lat' dir='ltr'><strong>Legettduut</strong></span> <span class='ocrx_word' id='word_1_862' title='bbox 2933 5260 3185 5336; x_wconf 75' lang='grc' dir='ltr'>σάλπιγξ.</span> 
     </span>
    </p>
   </div>
   <div class='ocr_carea' id='block_1_118' title="bbox 1931 5331 3436 5405">
    <p class='ocr_par' dir='ltr' id='par_1_118' title="bbox 1931 5331 3436 5405">
     <span class='ocr_line' id='line_1_119' title="bbox 1931 5331 3436 5405; baseline -0.002 -16"><span class='ocrx_word' id='word_1_863' title='bbox 2077 5331 2420 5403; x_wconf 76' lang='grc' dir='ltr'>Εἱρηνικῆς.</span> <span class='ocrx_word' id='word_1_864' title='bbox 2480 5331 2790 5404; x_wconf 50' lang='lat' dir='ltr'><strong>Lege—mlunt</strong></span> <span class='ocrx_word' id='word_1_865' title='bbox 2831 5333 3107 5404; x_wconf 72' lang='grc' dir='ltr'>εἰρηνική,</span> <span class='ocrx_word' id='word_1_866' title='bbox 3157 5339 3321 5400; x_wconf 85' lang='lat' dir='ltr'><strong>atque</strong></span> <span class='ocrx_word' id='word_1_867' title='bbox 3362 5331 3436 5386; x_wconf 80' lang='lat' dir='ltr'><strong>ita</strong></span> 
     </span>
    </p>
   </div>
   <div class='ocr_carea' id='block_1_119' title="bbox 1862 5406 2352 5473">
    <p class='ocr_par' dir='ltr' id='par_1_119' title="bbox 1862 5406 2352 5473">
     <span class='ocr_line' id='line_1_120' title="bbox 1862 5406 2352 5473; baseline 0.006 -16"><span class='ocrx_word' id='word_1_868' title='bbox 1862 5406 1990 5473; x_wconf 76' lang='lat' dir='ltr'><strong>legit</strong></span> <span class='ocrx_word' id='word_1_869' title='bbox 2021 5409 2352 5470; x_wconf 75' lang='lat' dir='ltr'><strong>Stephanus.</strong></span> 
     </span>
    </p>
   </div>
   <div class='ocr_carea' id='block_1_120' title="bbox 1931 5472 3435 5546">
    <p class='ocr_par' dir='ltr' id='par_1_120' title="bbox 1931 5472 3435 5546">
     <span class='ocr_line' id='line_1_121' title="bbox 1931 5472 3435 5546; baseline -0.004 -15"><span class='ocrx_word' id='word_1_870' title='bbox 1931 5472 2044 5546; x_wconf 79' lang='grc'>(55)</span> <span class='ocrx_word' id='word_1_871' title='bbox 2089 5477 2256 5540; x_wconf 82' lang='grc' dir='ltr'>ἽΙτις</span> <span class='ocrx_word' id='word_1_872' title='bbox 2281 5477 2373 5530; x_wconf 87' lang='grc' dir='ltr'>οὺ.</span> <span class='ocrx_word' id='word_1_873' title='bbox 2410 5474 2569 5528; x_wconf 45' lang='lat' dir='ltr'><strong>Nova)</strong></span> <span class='ocrx_word' id='word_1_874' title='bbox 2594 5473 2802 5546; x_wconf 89' lang='lat' dir='ltr'><strong>periodi</strong></span> <span class='ocrx_word' id='word_1_875' title='bbox 2838 5474 3054 5528; x_wconf 88' lang='lat' dir='ltr'><strong>initium</strong></span> <span class='ocrx_word' id='word_1_876' title='bbox 3079 5472 3146 5526; x_wconf 88' lang='lat' dir='ltr'><strong>ab</strong></span> <span class='ocrx_word' id='word_1_877' title='bbox 3174 5472 3258 5546; x_wconf 78' lang='lat' dir='ltr'><strong>his</strong></span> <span class='ocrx_word' id='word_1_878' title='bbox 3291 5472 3435 5546; x_wconf 77' lang='lat' dir='ltr'><strong>voci-</strong></span> 
     </span>
    </p>
   </div>
   <div class='ocr_carea' id='block_1_121' title="bbox 1859 5543 3432 5614">
    <p class='ocr_par' dir='ltr' id='par_1_121' title="bbox 1859 5543 3432 5614">
     <span class='ocr_line' id='line_1_122' title="bbox 1859 5543 3432 5614; baseline -0.003 -14"><span class='ocrx_word' id='word_1_879' title='bbox 1859 5543 1961 5600; x_wconf 76' lang='lat' dir='ltr'><strong>bus</strong></span> <span class='ocrx_word' id='word_1_880' title='bbox 2018 5543 2247 5600; x_wconf 85' lang='lat' dir='ltr'><strong>ducebat</strong></span> <span class='ocrx_word' id='word_1_881' title='bbox 2305 5546 2652 5614; x_wconf 76' lang='lat' dir='ltr'><strong>Stephanus;</strong></span> <span class='ocrx_word' id='word_1_882' title='bbox 2710 5545 2804 5598; x_wconf 88' lang='lat' dir='ltr'><strong>sed</strong></span> <span class='ocrx_word' id='word_1_883' title='bbox 2859 5560 3083 5611; x_wconf 86' lang='lat' dir='ltr'><strong>prorsus</strong></span> <span class='ocrx_word' id='word_1_884' title='bbox 3131 5543 3432 5614; x_wconf 70' lang='lat' dir='ltr'><strong>referenda:</strong></span> 
     </span>
    </p>
   </div>
   <div class='ocr_carea' id='block_1_122' title="bbox 1857 5612 3431 5685">
    <p class='ocr_par' dir='ltr' id='par_1_122' title="bbox 1857 5612 3431 5685">
     <span class='ocr_line' id='line_1_123' title="bbox 1857 5612 3431 5685; baseline -0.003 -15"><span class='ocrx_word' id='word_1_885' title='bbox 1857 5627 1983 5670; x_wconf 91' lang='lat' dir='ltr'><strong>sunt</strong></span> <span class='ocrx_word' id='word_1_886' title='bbox 2025 5617 2090 5669; x_wconf 90' lang='lat' dir='ltr'><strong>ad</strong></span> <span class='ocrx_word' id='word_1_887' title='bbox 2117 5612 2447 5685; x_wconf 79' lang='lat' dir='ltr'><strong>Superiores,</strong></span> <span class='ocrx_word' id='word_1_888' title='bbox 2482 5615 2768 5684; x_wconf 83' lang='grc' dir='ltr'>δυνάμεως</span> <span class='ocrx_word' id='word_1_889' title='bbox 2800 5617 2879 5676; x_wconf 80' lang='grc' dir='ltr'>εἰς</span> <span class='ocrx_word' id='word_1_890' title='bbox 2915 5614 3094 5685; x_wconf 77' lang='grc' dir='ltr'>ψυχὴν</span> <span class='ocrx_word' id='word_1_891' title='bbox 3124 5612 3431 5682; x_wconf 73' lang='grc' dir='ltr'>διῑκνουμέ-</span> 
     </span>
    </p>
   </div>
   <div class='ocr_carea' id='block_1_123' title="bbox 1856 5685 3432 5760">
    <p class='ocr_par' dir='ltr' id='par_1_123' title="bbox 1856 5685 3432 5760">
     <span class='ocr_line' id='line_1_124' title="bbox 1856 5685 3432 5760; baseline -0.003 -20"><span class='ocrx_word' id='word_1_892' title='bbox 1856 5705 1972 5760; x_wconf 79' lang='grc' dir='ltr'>νης,</span> <span class='ocrx_word' id='word_1_893' title='bbox 2011 5688 2354 5760; x_wconf 80' lang='lat' dir='ltr'><strong>idquesatis</strong></span> <span class='ocrx_word' id='word_1_894' title='bbox 2405 5690 2734 5760; x_wconf 77' lang='lat' dir='ltr'><strong>perspicuur</strong></span> <span class='ocrx_word' id='word_1_895' title='bbox 2782 5700 2848 5760; x_wconf 78' lang='lat' dir='ltr'><strong>ex</strong></span> <span class='ocrx_word' id='word_1_896' title='bbox 2895 5685 3230 5752; x_wconf 84' lang='lat' dir='ltr'><strong>parenthesi,</strong></span> <span class='ocrx_word' id='word_1_897' title='bbox 3273 5687 3432 5760; x_wconf 79' lang='lat' dir='ltr'><strong>cujus</strong></span> 
     </span>
    </p>
   </div>
   <div class='ocr_carea' id='block_1_124' title="bbox 1856 5755 3431 5827">
    <p class='ocr_par' dir='ltr' id='par_1_124' title="bbox 1856 5755 3431 5827">
     <span class='ocr_line' id='line_1_125' title="bbox 1856 5755 3431 5827; baseline -0.003 -14"><span class='ocrx_word' id='word_1_898' title='bbox 1856 5755 1956 5827; x_wconf 77' lang='lat' dir='ltr'><strong>ope</strong></span> <span class='ocrx_word' id='word_1_899' title='bbox 2007 5757 2209 5814; x_wconf 85' lang='lat' dir='ltr'><strong>dillicili</strong></span> <span class='ocrx_word' id='word_1_900' title='bbox 2254 5767 2309 5814; x_wconf 88' lang='lat' dir='ltr'><strong>et</strong></span> <span class='ocrx_word' id='word_1_901' title='bbox 2351 5760 2588 5814; x_wconf 87' lang='lat' dir='ltr'><strong>obscuro</strong></span> <span class='ocrx_word' id='word_1_902' title='bbox 2643 5756 2761 5812; x_wconf 89' lang='lat' dir='ltr'><strong>loco</strong></span> <span class='ocrx_word' id='word_1_903' title='bbox 2812 5757 2986 5811; x_wconf 88' lang='lat' dir='ltr'><strong>lucem</strong></span> <span class='ocrx_word' id='word_1_904' title='bbox 3041 5771 3127 5810; x_wconf 85' lang='lat' dir='ltr'><strong>-ue</strong></span> <span class='ocrx_word' id='word_1_905' title='bbox 3176 5755 3431 5809; x_wconf 80' lang='lat' dir='ltr'><strong>attulisse</strong></span> 
     </span>
    </p>
   </div>
   <div class='ocr_carea' id='block_1_125' title="bbox 1859 5844 2035 5899">
    <p class='ocr_par' dir='ltr' id='par_1_125' title="bbox 1859 5844 2035 5899">
     <span class='ocr_line' id='line_1_126' title="bbox 1859 5844 2035 5899; baseline 0 -17"><span class='ocrx_word' id='word_1_906' title='bbox 1859 5844 2035 5899; x_wconf 79' lang='lat' dir='ltr'><strong>spero.</strong></span> 
     </span>
    </p>
   </div>
  </div>
