4140 6418
153 388 270 444 255
1409 381 1858 446 COHORTATIO
1889 389 1982 446 AD
2011 387 2309 445 GBECOS
3306 389 3412 448 954

156 501 334 573 ὑγροῦ
358 543 374 566 ,
405 501 733 574 ξηραίνεται.
766 496 882 556 Εἶθ’
917 499 1109 574 ὥσπερ
1157 501 1231 572 μὴ
1276 503 1615 574 ἀρκούμενος
1659 501 1732 570 οἷς

1844 518 2196 564 exarescant.
2227 505 2434 563 Deinde
2463 504 2617 574 quasi
2641 519 2831 574 parum
2861 514 3152 562 contents
3172 506 3258 562 his
3285 522 3415 564 con-

157 596 515 664 στοχάζεται,
549 594 641 647 καὶ
679 593 774 647 τὸν
801 595 1043 665 Ὅμηρον
1081 593 1158 654 ὡς
1185 592 1496 658 ἀξιόπιστον
1531 595 1732 666 μαρτύ-

1839 600 2095 668 jecturis,
2132 597 2422 652 Homerum
2459 599 2698 666 insuper,
2725 605 2786 651 ut
2811 597 3061 653 idoneum
3094 608 3306 666 testem,
3335 600 3414 655 ci-

159 702 320 739 οεται
345 726 358 748 ,
388 685 562 750 οὕτως
579 687 805 754 λέγοντα
823 704 836 716 ·

1843 699 1922 744 tat
1951 690 2025 743 ita
2059 690 2324 743 dicentem
2352 705 2365 742 :

155 775 467 840 Ὠκεανὸς,
489 777 675 843 ὅσπερ
695 777 806 847 (77)
827 777 1060 847 γένεσις
1073 776 1370 830 πάντεσσι
1387 777 1657 832 τέτυκται
1674 780 1688 808 ¹
1699 780 1732 830 ί.

2025 776 2272 834 Oceanus
2302 777 2387 846 qui
2427 776 2574 846 origo
2599 775 2837 830 omnibus
2865 777 3088 832 exstitit.

151 865 288 929 Πῶς
313 865 408 920 οὖν
437 867 533 919 οὐκ
565 868 788 931 εἰκότως
806 869 912 938 (78)
938 870 1073 939 πρὸς
1100 871 1260 922 αὑτὸν
1283 871 1310 921 ὁ
1336 870 1515 939 Θαλῆς
1543 871 1732 941 φήσεις

1847 869 2131 936 Quomodo
2178 870 2341 942 igitur
2385 885 2489 924 non
2537 883 2660 924 eum
2709 871 2910 926 merito
2944 872 3024 925 sic
3050 870 3244 926 Thales
3273 870 3411 925 allo-

155 960 238 1010 Δι’
273 961 346 1027 ἣν
389 960 589 1023 αἰτίαν,
632 955 678 1013 ὦ
721 961 1121 1032 Ἀριστότελες,
1167 963 1268 1026 τὰς
1322 963 1419 1034 μὲν
1460 961 1732 1024 Πλάτωνος

1850 962 2094 1032 quatur?
2123 962 2237 1028 Qua
2271 964 2335 1016 de
2375 975 2562 1027 causa,
2607 961 2949 1028 Aristoteles,
3001 964 3127 1016 dum
3173 962 3411 1019 Platonis

155 1053 410 1120 ἀναιρεῖν
468 1053 664 1106 ἐθέλων
711 1054 902 1119 δόξας,
958 1057 1034 1118 ὡς
1087 1055 1404 1127 ἀληθεύοντι
1457 1055 1732 1126 προσέχεις

1847 1055 2158 1111 sententias
2191 1064 2440 1110 evertere
2475 1055 2581 1122 vis,
2619 1053 2879 1120 Homero,
2922 1063 2982 1108 ut
3017 1070 3147 1110 vera
3185 1034 3408 1122 dicenti,

169 1142 433 1212 Ὁμήρῳ·
463 1142 621 1212 ἡμῶν
659 1143 714 1196 δὲ
756 1145 852 1215 τὴν
885 1147 1130 1201 ὲναντίαν
1169 1147 1588 1218 ἀποφηνάμενος
1629 1146 1732 1218 (79]

1844 1146 2138 1216 plurimum
2185 1144 2412 1210 tribuis;
2450 1144 2580 1218 dum
2618 1151 2798 1204 autem
2839 1144 3165 1199 sententiam
3212 1156 3414 1202 nostm

154 1232 337 1296 δόξαν,
369 1235 472 1286 οὐκ
498 1233 786 1303 ἀληθεύειν
813 1237 1058 1308 Ὅμηρον
1087 1237 1224 1303 οῐει;
1436 1217 1439 1218 ν
1641 1217 1645 1218 ν
1723 1217 1729 1218 ⁷

1844 1233 2182 1289 contrariam
2211 1233 2428 1301 statuis,
2445 1217 2588 1290 ’νοτε
2621 1232 2770 1288 illum
2798 1233 2982 1289 dicere
3009 1248 3115 1288 nou
3147 1237 3341 1304 putas?

227 1322 282 1376 6.
323 1325 450 1375 Ὅτι
482 1325 659 1378 τοίνυν
678 1327 787 1396 (80)
812 1329 858 1378 οἱ
885 1329 1086 1399 σφόδρα
1115 1329 1416 1401 θαυμαστοὶ
1447 1331 1568 1385 καθ’
1601 1331 1732 1402 ὑμᾶς

1914 1325 1969 1378 6.
2005 1323 2176 1380 Porro
2207 1339 2306 1378 nec
2335 1324 2549 1380 ceteris
2578 1323 2634 1378 iu
2671 1324 2832 1379 rebus
2863 1333 3074 1380 vestros
3110 1326 3231 1389 illos
3258 1326 3414 1381 valde

1846 1416 2203 1472 admirabiles
2237 1416 2513 1485 sapientes
2558 1416 2699 1470 inter
2742 1431 2802 1470 se
2849 1418 3186 1482 consentire,
3227 1433 3293 1473 ex
3326 1419 3414 1474 his

1847 1505 2014 1557 etiam
2039 1503 2202 1558 facile
2233 1503 2584 1572 perspicitur.
2618 1502 2753 1557 Nam
2783 1521 2904 1564 cum
2948 1504 3104 1561 Plato
3143 1509 3245 1562 tria
3293 1510 3415 1562 uui-

1845 1609 2125 1651 versurum
2149 1597 2421 1665 principia
2448 1611 2570 1658 esse
2594 1597 2771 1661 dicat,
2800 1598 3000 1682 Deum,
3035 1601 3320 1656 materiam
3358 1610 3415 1656 et

1845 1688 2112 1755 formam;
2143 1688 2314 1747 Deum
2338 1689 2564 1760 quidem
2597 1690 2842 1745 omnium
2876 1701 3204 1758 creatorem,
3237 1703 3414 1748 mate-

159 1416 314 1482 σο-,ςοὶ
347 1416 456 1468 οὐδ’
496 1417 554 1469 ὲν
591 1421 701 1482 τοῖς
746 1419 924 1482 ἄλλοις
966 1421 1383 1490 συμφωνοῦντες
1425 1425 1741 1492 φαίνονται,

156 1509 253 1559 καὶ
297 1508 410 1560 ἀπὸ
449 1508 652 1563 τούτων
694 1511 895 1577 γνῶναι
944 1513 1141 1583 ῥᾴδιον.
1183 1513 1288 1566 Τοῦ
1322 1515 1432 1585 γὰρ
1462 1517 1745 1581 Πλάτωνος

155 1600 305 1666 τρεῖς
339 1600 518 1669 ἀρχὰς
561 1599 655 1653 τοῦ
702 1601 903 1664 παντὸς
945 1598 1083 1656 εἶναι
1133 1603 1384 1671 λέγοντος
1408 1645 1421 1667 ,
1478 1607 1608 1659 Θεὸν
1650 1609 1745 1660 καὶ

158 1689 291 1759 ὓλην
315 1692 410 1744 καὶ
449 1687 585 1755 εἶδος
603 1709 616 1722 ο
644 1692 775 1745 Θεὸν
811 1694 926 1763 μὲν,
955 1694 1048 1747 τὸν
1075 1696 1292 1750 πάντων
1322 1701 1550 1770 ποιητήν
1569 1717 1582 1728 '
1615 1699 1746 1769 ὕλην

154 1780 237 1842 δὲ,
255 1782 354 1850 τὴν
375 1782 742 1854 ὑποκειμένην
764 1786 830 1853 τῇ
1066 1785 1171 1838 τῶν
1187 1787 1492 1857 γενομένων
1511 1789 1743 1858 γενέσει,

1846 1779 1984 1847 riam
2010 1795 2138 1835 vero
2163 1780 2352 1849 primae
2380 1795 2562 1835 rerum
2607 1780 2946 1850 generationi
2999 1783 3324 1852 subjectam,
3361 1790 3417 1837 et

155 1871 257 1942 τὴν
295 1874 575 1943 πρόφασιν
619 1875 767 1945 αὐτῷ
811 1876 910 1945 τῆς
947 1876 1307 1949 δημιουργίας
1355 1881 1732 1951 παρέχουσαν·

1845 1871 1954 1938 Deo
2008 1873 2150 1926 unde
2197 1882 2348 1928 creet
2404 1872 2882 1942 suppeditantem;
2914 1873 3144 1928 formam
3192 1884 3413 1936 autem,

156 1956 297 2022 εἶδος
323 1963 380 2014 δὲ
405 2002 422 2026 ,
469 1963 531 2016 τὸ
579 1963 808 2019 ἑκάστου
844 1965 952 2021 τῶν
1002 1966 1302 2039 γινομένων
1345 1972 1699 2042 παράδειγμα
1722 1990 1736 2004 ·

172 2053 550 2125 Ἀριστοτέλης
580 2055 675 2108 τοῦ
710 2057 810 2126 μὲν
838 2058 1008 2123 εἴδους
1038 2060 1114 2124 ὡς
1143 2061 1320 2132 ἀρχῆς
1337 2061 1449 2132 (81)
1485 2064 1738 2134 οὐδαμῶς

161 2144 472 2214 μέμνηταιο
519 2146 612 2200 δύο
647 2146 918 2220 δὲ’ἀρχάς
946 2150 1080 2204 Θεὸν
1110 2152 1203 2204 καὶ
1238 2151 1370 2223 ὓλην
1411 2149 1549 2207 εἷναί
1587 2173 1740 2226 φησι.

157 2235 266 2286 Καὶ
297 2232 456 2299 αὖθις
486 2235 582 2290 τοῦ
608 2238 894 2302 Πλάτωνος
923 2240 983 2291 ὲν
1019 2243 1085 2311 τῇ
1118 2235 1310 2314 πρῶτῃ
1343 2245 1436 2296 τοῦ
1478 2245 1742 2298 ἀνωτάτω

155 2327 251 2380 τοῦ
277 2328 509 2399 οὐρανοῦ
543 2329 774 2384 ἀπλανεϊ
808 2331 1010 2403 σφαίρᾳ
1041 2333 1136 2385 τόν
1164 2351 1223 2385 τε
1256 2334 1469 2404 πρῶτον
1489 2335 1622 2388 Θεὸν
1646 2336 1741 2389 καὶ

154 2421 254 2484 τὰς
305 2421 452 2485 ίδέας
506 2419 646 2476 εἶναι
687 2423 974 2491 λέγοντος,
1039 2425 1417 2499 Ἀριστοτέλης
1465 2427 1604 2500 μετά
1651 2429 1742 2483 τὸν

156 2514 372 2580 πρῶτον
396 2514 528 2567 Θεὸν
549 2516 607 2568 οὐ
638 2516 736 2578 τὰς
765 2515 908 2580 ἰδέας
926 2558 942 2582 ,
975 2519 1110 2574 ἀλλά
1139 2538 1290 2583 τινας
1321 2523 1553 2590 νοητοὺς
1587 2520 1742 2585 θεοὺς

156 2601 296 2658 εῖναι
321 2606 490 2674 λέγει.
527 2607 682 2661 Οὕτω
709 2610 806 2679 μὲν
834 2606 924 2662 οὖν
949 2612 1074 2683 περὶ
1101 2612 1210 2666 τῶν
1242 2615 1298 2666 ἐν
1327 2614 1576 2684 οὐρανοῖς
1606 2613 1743 2684 πρὸς

155 2693 422 2764 ἀλλήλους
474 2696 822 2768 διαφέρονται
891 2703 1252 2771 πραγμάτων.
1322 2703 1484 2754 Ὥστε
1543 2703 1740 2756 εἰδέναι

156 2789 424 2857 πφσήκει
476 2790 557 2842 ὅτι
608 2792 657 2843 οἱ
709 2793 843 2863 μηδὲ
883 2794 950 2847 τὰ
998 2797 1127 2866 παρ’
1165 2799 1296 2866 ἡμῖν
1341 2796 1452 2867 (8'2)
1503 2796 1739 2849 ἐνταῦθα

152 2879 362 2944 γνῶναι
391 2879 738 2951 δυνηθέντες,
773 2883 906 2937 ἀλλά
938 2885 1030 2938 καὶ
1069 2887 1195 2957 περὶ
1228 2887 1430 2940 τούτων
1471 2889 1609 2959 πρὸς
1648 2888 1742 2942 ἀλ-

151 2969 352 3037 λήλους
373 2971 736 3042 διενεχθέντες
754 3013 768 3036 ,
799 2973 897 3026 οὐκ
924 2975 1220 3039 ἀξιόπιστοι
1253 2979 1581 3048 φανήσονται
1613 2980 1741 3050 περὶ

151 3061 262 3114 τῶν
294 3064 351 3114 ἐν
384 3063 634 3132 οὐρανοῖς
659 3064 1020 3137 διηγούμενοι.
1060 3067 1180 3120 Ὀτι
1202 3067 1376 3120 τοίνυν
1405 3069 1524 3120 οὐδὲ
1555 3070 1583 3119 ὁ
1612 3068 1740 3140 περὶ

153 3154 255 3222 τῆς
291 3153 528 3207 ἐνταῦθα
567 3154 915 3228 ἀνθρωπίνης
946 3156 1128 3228 ψυχῆς
1167 3159 1353 3220 αὐτοῖς
1388 3160 1739 3230 συμφωνήσει

1845 1963 2109 2030 cujusque
2153 1977 2337 2016 rerum
2381 1971 2687 2016 creatarum
2736 1963 3064 2032 exemplar:
3093 1963 3416 2020 Aristoteles

1845 2067 2120 2124 nusquam
2156 2053 2366 2120 formae,
2417 2064 2473 2108 ut
2523 2055 2815 2125 principii,
2859 2056 3128 2119 meminit.
3169 2057 3260 2111 sed
3308 2057 3417 2110 duo

1843 2145 2115 2214 principia
2149 2160 2270 2201 esse
2302 2147 2402 2212 ait,
2436 2145 2607 2201 Deum
2631 2156 2686 2201 et
2711 2149 3020 2202 materiam.
3043 2146 3255 2203 Rursus
3289 2163 3414 2202 cum

1842 2236 1996 2292 Plato
2025 2237 2258 2306 primum
2301 2239 2472 2294 Deum
2500 2249 2556 2295 et
2584 2240 2741 2297 ideas
2765 2242 2822 2296 in
2856 2241 3032 2312 prima
3060 2239 3260 2295 summi
3286 2240 3418 2294 ccli

1842 2338 1896 2382 et
1923 2327 2185 2383 immobili
2231 2329 2448 2398 sphaera
2496 2343 2619 2386 esse
2669 2330 2900 2397 doceat;
2935 2329 3260 2384 Aristoteles
3291 2339 3414 2398 post

1843 2421 2074 2489 primum
2098 2419 2266 2476 Deum
2292 2437 2401 2477 non
2443 2423 2613 2489 ideas,
2655 2423 2750 2478 sed
2776 2423 2908 2476 deos
2930 2422 3194 2491 quosdam
3228 2431 3416 2476 mente

1841 2521 2130 2581 perceptus
2155 2511 2406 2573 collocat.
2441 2513 2534 2568 Sic
2561 2514 2728 2582 igitur
2758 2513 2837 2568 illi
2870 2514 2936 2567 de
2973 2513 3134 2566 rebus
3177 2511 3416 2567 Calestiv

1843 2603 1942 2656 lms
1976 2603 2118 2656 inter
2147 2617 2208 2658 se
2241 2601 2532 2658 dissident.
2567 2604 2675 2659 Sed
2707 2604 2760 2657 in
2793 2614 3044 2673 promptu
3073 2617 3194 2656 esse
3231 2601 3409 2666 debet,

1840 2694 1931 2760 qui
1982 2707 2049 2746 ne
2095 2693 2210 2747 haec
2239 2693 2457 2762 quidem
2502 2702 2691 2748 nostra
2725 2705 3061 2762 cognoscere
3106 2691 3410 2759 potuerint,

1841 2786 1935 2839 sed
1970 2787 2037 2840 de
2071 2785 2156 2840 his
2191 2801 2412 2855 quoque
2452 2785 2594 2839 inter
2623 2800 2681 2839 se
2714 2785 3064 2849 dissentiant,
3100 2799 3193 2837 eos
3223 2798 3410 2853 parum

1843 2878 2070 2932 idoneos
2097 2877 2271 2930 visum
2303 2877 2369 2930 iri
2400 2876 2705 2930 caalestium
2737 2883 3078 2929 narratores.
3114 2875 3283 2929 Porro
3311 2888 3412 2928 nec

1842 2969 1907 3025 de
1935 2969 2202 3035 humana,
2232 2983 2351 3039 quae
2375 2969 2464 3025 hic
2489 2977 2761 3031 versatur,
2793 2967 2970 3021 anima
3000 2968 3142 3021 inter
3164 2980 3259 3021 eos
3281 2981 3415 3020 con-

1841 3060 2050 3126 venire,
2093 3075 2158 3112 ex
2193 3061 2478 3129 utriusque
2501 3059 2662 3115 dictis
2695 3059 3044 3128 perspicitur.
3075 3056 3225 3111 Illam
3263 3059 3410 3112 enim

1841 3150 1998 3207 Plato
2029 3152 2352 3222 tripartitam
2373 3167 2492 3207 esse
2515 3153 2614 3216 ait,
2636 3153 2738 3221 12
2758 3160 2922 3221 atque
2943 3151 3092 3205 aliud
3109 3152 3326 3220 quidem
3352 3153 3412 3206 in

154 3246 315 3311 λόγος
340 3286 353 3305 ,
385 3246 545 3314 δῆλον
584 3247 692 3299 ἀπὸ
721 3247 827 3300 τῶν
857 3250 944 3316 ὑφ’
979 3249 1241 3320 ἐκατέρου
1270 3249 1447 3304 αὐτῶν
1479 3251 1605 3322 περὶ
1640 3254 1732 3303 αὑ-

1843 3259 1905 3296 ea
1940 3245 2082 3312 quod
2110 3245 2324 3299 ratione
2349 3244 2630 3312 praeditum
2656 3253 2763 3308 est,
2793 3243 2937 3296 aliud
2960 3244 3103 3313 quod
3134 3245 3408 3309 irascitur,

153 3339 252 3406 τῆς
302 3336 619 3406 λεχθέντων.
648 3339 872 3392 Πλάτων
904 3340 1000 3409 μὲν
1029 3341 1137 3412 γὰρ
1162 3341 1270 3414 (8'5)
1302 3344 1534 3422 τριμερῆ
1568 3343 1737 3414 αὐτὴν

153 3424 296 3479 εἶναι
323 3445 455 3497 φησι
477 3467 491 3489 ,
520 3428 613 3482 καὶ
645 3428 703 3480 τὸ
740 3429 836 3498 μὲν
859 3429 1071 3498 λογικὸν
1103 3431 1274 3501 αὐτῆς
1297 3471 1310 3494 ,
1330 3435 1386 3488 τὸ
1403 3431 1722 3500 δὲθυμικὸν,

152 3519 216 3571 τὸ
246 3520 307 3571 δὲ
345 3519 738 3590 ἐπιθυμητικὸν
778 3515 916 3573 εἶναι
953 3521 1120 3591 λέγει.
1171 3524 1544 3597 Ἀριστοτέλης
1577 3526 1631 3580 δὲ
1672 3528 1735 3580 οὐ

155 3610 470 3679 κοινοτέραν
508 3611 606 3679 τὴν
649 3610 824 3682 ψυχὴν
866 3607 1005 3666 εἷναί
1041 3632 1237 3685 φησιν,
1279 3617 1336 3668 ὲν
1376 3609 1420 3683 ᾧ
1459 3617 1735 3687 περιείλη-

155 3720 290 3754 πται
333 3703 442 3771 (84)
484 3704 577 3756 καὶ
618 3703 684 3756 τὰ
734 3703 945 3774 φθαρτά
989 3706 1180 3776 μόρια,
1223 3705 1360 3758 ἀλλά
1409 3706 1469 3758 τὸ
1525 3705 1738 3772 λογικὸν

159 3797 339 3864 μόνον.
357 3795 467 3848 Καὶ
496 3797 523 3846 ὁ
554 3796 650 3863 μὲν
673 3796 913 3857 Πλάτων,
937 3795 1110 3866 Ψυχὴ
1135 3796 1303 3850 πᾶσα
1317 3797 1631 3862 ἀθάνατος,
1647 3796 1737 3849 κέ-

155 3904 330 3958 κραγε
385 3886 588 3953 λέγων·
635 3887 1005 3957 Ἀριστοτέλης
1054 3888 1139 3948 δὲ,
1185 3886 1522 3956 ἐντελέχειαν
1567 3886 1737 3954 αὐτὴν

152 3979 472 4048 ὀνομάζων,
520 3979 618 4030 οὐκ
646 3977 931 4042 ἀθάνατον,
975 3978 1110 4031 ἀλλά
1143 3977 1342 4047 θνητὴν
1388 3976 1557 4047 αὐτὴν
1597 3973 1734 4028 εἶναι

155 4073 426 4140 βούλεται.
469 4071 577 4123 Καὶ
613 4074 641 4124 ὁ
688 4071 804 4141 μὲν,
843 4072 1146 4140 ἀεικίνητον
1179 4071 1348 4143 αὐτὴν
1388 4067 1462 4125 εῖν
1495 4089 1527 4123 ·ι
1561 4071 1734 4140 λέγει’

165 4161 544 4233 Ἀριστοτέλης
571 4161 625 4213 δὲ
659 4161 909 4233 ἀκίνητον
940 4161 1107 4232 αὐτὴν
1138 4157 1276 4215 εἶναί
1305 4179 1488 4233 φησιν,
1512 4163 1729 4234 ἁπάσης

152 4254 427 4322 κινήσεως
444 4249 879 4321 προηγουμένην.

220 4346 277 4398 7.
334 4344 472 4396 Ἀλλ’
505 4344 560 4395 ὲν
589 4342 794 4408 τούτοις
824 4343 922 4413 μὲν
951 4343 1242 4397 ὑπεναντία
1275 4345 1590 4416 φρονοῦντες
1630 4345 1726 4398 ἀλ-

149 4436 335 4507 λήλοις
365 4435 691 4503 ἐλέγχονται.
734 4435 795 4487 Εἰ
821 4435 876 4487 δέ
908 4453 992 4499 τις
1019 4436 1263 4508 ἀκριϐῶς
1291 4437 1359 4490 τὰ
1388 4440 1508 4490 κατ’
1534 4439 1728 4501 αὐτοὺς

153 4530 378 4581 σκοπεῖν
403 4525 514 4596 (85)
558 4525 729 4579 ἐθέλοι
751 4565 766 4592 ,
796 4525 916 4579 οὐδὲ
945 4529 1064 4591 ταῖς
1109 4528 1318 4581 ἑαυτῶν
1355 4527 1532 4594 δόξαις
1562 4530 1734 4600 ἐμμέ-

259 4648 302 4676 "
343 4644 495 4700 Iliad.
524 4645 586 4709 Ξ,
611 4659 662 4699 v.
694 4645 819 4702 256.

223 4789 342 4866 (ῃ)
388 4789 637 4866 ξρσςτερ.
670 4789 805 4866 δείδιε
843 4793 893 4846 in
926 4793 1459 4866 edit.iParis._61:z-:p.

221 4860 338 4934 (778)
381 4861 658 4934 εἰκότως.
702 4860 862 4916 Deest
907 4865 1123 4934 negatio
1171 4865 1224 4918 in
1265 4860 1465 4934 Rep"!
1502 4873 1559 4918 et
1585 4863 1642 4930 2,
1671 4873 1727 4919 et

149 4931 393 5004 Calpen.
420 4930 472 4982 in
513 4932 709 5004 quibus
739 4934 902 4986 etiam
933 4930 1137 5004 legitur
1166 4934 1352 5003 φησίν.

220 5000 337 5072 (7h)
375 4999 876 5072 ’Azogmrdperoc.
926 4999 1105 5058 RfSt.
1139 4999 1206 5057 ad
1230 4999 1449 5058 calcem
1475 5043 1489 5066 ,
1520 5004 1657 5072 Reg.
1690 5007 1723 5060 '5

146 5085 202 5124 et
238 5069 497 5144 Clarum._
525 5070 736 5144 habeut_
776 5075 841 5125 ad
893 5075 1190 5144 marginem
1235 5069 1723 5144 ἀποφαινομένων,

146 5157 314 5209 quam
373 5139 662 5194 lectionem
717 5139 931 5210 Langus
985 5139 1039 5197 in
1093 5139 1528 5215 interpretando
1561 5160 1722 5200 secu-

148 5223 233 5263 l'lS
259 5220 360 5263 est.

221 5280 332 5350 (80)
377 5279 500 5350 Ὅτι
534 5283 760 5335 τοίνυν.
804 5281 938 5337 Nota
968 5293 1092 5338 sunt
1121 5283 1374 5339 omnibus
1398 5284 1639 5340 Platonis
1664 5295 1720 5338 et

146 5349 749 5422 Aristotelisqdissidia.
793 5367 1024 5421 quorum
1069 5359 1208 5408 banc
1239 5355 1505 5422 originem
1555 5355 1719 5408 rel‘crt

147 5421 422 5481 :Eliauus,
453 5418 549 5476 lib.
584 5437 665 5484 Ill,
699 5418 840 5489 quod
887 5423 1234 5477 Aristotelem
1291 5418 1444 5478 Plato
1490 5427 1714 5478 nimium

146 5494 272 5543 luxu
306 5489 550 5544 dillluere
580 5491 805 5547 moleste
843 5491 1030 5556 ferret,
1060 5493 1265 5547 Platoni
1292 5505 1471 5549 autem
1506 5497 1716 5548 Aristo-

147 5560 410 5625 telcsjam
438 5564 713 5630 octoginta
757 5574 1091 5616 anuos-nato
1138 5566 1409 5632 negotium
1445 5565 1511 5618 de
1553 5567 1714 5618 indu-

143 5634 273 5682 liria
311 5632 605 5683 lacesseret
633 5634 1024 5700 quzestionibus
1047 5634 1114 5686 ad
1138 5635 1450 5688 solvendum
1474 5635 1709 5690 dillicili-

145 5701 245 5758 lus
291 5703 676 5767 proponcndis.
713 5701 961 5756 Imitatus
1000 5713 1083 5758 est
1119 5706 1258 5757 hunc
1292 5703 1490 5759 Justiui
1531 5706 1706 5760 locum

146 5771 378 5838 Cyrillus
431 5771 849 5837 Alexandrinus,
893 5772 1035 5827 lib.|
1076 5772 1274 5828 Contra
1318 5774 1459 5837 λιιι..
1519 5777 1599 5830 sic
1651 5788 1705 5830 ut

150 5842 414 5896 interdum
450 5841 582 5910 ipsis
623 5840 820 5898 Justini
854 5845 1030 5900 verbis
1062 5857 1266 5901 utatur.
1313 5845 1576 5903 Eusebius
1613 5864 1706 5901 au-

1840 3337 1983 3390 aliud
2012 3337 2154 3408 quod
2182 3337 2542 3406 concupiscit.
2592 3336 2912 3390 Aristoteles
2947 3346 3128 3390 autem
3159 3351 3264 3390 non
3298 3345 3406 3390 tam

1840 3427 1948 3482 late
1976 3437 2163 3496 patere
2189 3429 2427 3482 animam
2457 3428 2636 3493 docet,
2665 3439 2724 3480 ut
2761 3437 2946 3496 partes
2995 3428 3162 3481 etiam
3209 3441 3409 3480 corru-

1839 3523 2009 3593 ptioui
2039 3523 2306 3578 obnoxias
2335 3523 2793 3594 comprehendat,
2827 3524 2920 3578 sed
2952 3523 3005 3578 id
3035 3522 3409 3578 tantummodo

1839 3613 1982 3682 quod
2013 3613 2240 3667 rationis
2268 3621 2351 3668 est
2387 3614 2677 3683 particeps.
2713 3615 2794 3668 Ac
2817 3611 2969 3667 Plato
2995 3615 3244 3679 quidem,
3274 3613 3406 3668 Ani-

1838 3721 1924 3757 ma
1968 3705 2137 3759 omnis
2166 3706 2502 3771 immortalis,
2523 3703 2757 3772 clamat;
2783 3705 3104 3760 Aristoteles
3125 3720 3254 3760 vero
3283 3721 3408 3776 per-

1837 3794 2124 3850 fectionem
2159 3804 2214 3850 et
2243 3805 2420 3850 actum
2449 3795 2594 3850 illam
2629 3796 2930 3866 appellans,
2966 3812 3073 3852 non
3117 3798 3405 3852 immorta-
3464 3860 3482 3874 .

1837 3885 1964 3952 lem,
1992 3887 2084 3940 sed
2118 3887 2398 3942 mortalem
2447 3901 2569 3942 esse
2614 3888 2879 3941 decernit.
2922 3888 3015 3942 Ille
3054 3890 3404 3944 continenter

1838 3995 1961 4034 eam
1991 3980 2193 4033 moveri
2216 3997 2230 4045 ;
2258 3979 2578 4034 Aristoteles
2600 3993 2733 4035 vero
2753 3979 3083 4035 immobilem
3103 3995 3225 4036 esse
3247 3981 3399 4046 dicit,

1831 4084 1952 4124 cum
1981 4068 2210 4125 motioni
2239 4068 2386 4124 omni
2410 4067 2616 4137 pratsit.

1903 4337 1959 4391 7.
2001 4336 2180 4406 Atque
2208 4335 2261 4390 in
2292 4336 2381 4391 his
2402 4333 2617 4404 quidem
2668 4333 2960 4390 dissentire
3003 4348 3033 4386 a
3075 4347 3134 4389 se
3165 4331 3398 4387 invicem

1835 4429 2337 4499 deprehenduntur.
2395 4428 2550 4495 Quod
2603 4427 2649 4483 si
2689 4428 2812 4497 quis
2866 4437 3120 4482 accurate
3187 4425 3398 4480 illorum

1837 4524 2038 4593 scripta
2062 4521 2368 4592 expendere
2391 4519 2549 4586 velit,
2573 4533 2643 4573 ne
2672 4519 2725 4573 iu
2759 4519 2873 4574 suis
2896 4519 3112 4588 quidem
3146 4518 3248 4587 ipsi
3278 4519 3397 4588 opi-

1758 4796 1803 4852 D
1833 4801 1939 4847 tem
1970 4789 2139 4844 multo
2169 4788 2393 4842 uberius
2429 4788 2526 4845 has
2561 4787 2806 4842 Platonis
2838 4796 2893 4842 et
2933 4785 3245 4842 Aristotelis
3287 4786 3396 4840 dis—

1828 4863 2150 4927 sensiones,
2198 4860 2449 4913 adductis
2508 4859 2674 4912 Attici
2734 4857 2995 4927 Platonici
3056 4857 3394 4927 longioribus

1826 4926 2180 4994 testimoniis,
2214 4929 2457 4997 exponit.
2497 4931 2655 4984 Deest
2685 4926 2986 4997 θαυμαστοί
3016 4927 3070 4997 in
3091 4926 3236 4997 Reg.
3261 4927 3316 4980 5.

1895 5002 2009 5071 (8|)
2062 5003 2158 5067 Ὡς
2193 4996 2405 5068 ἀρχῆς.
2436 5000 2676 5071 Colliert.
2710 4996 2807 5069 τῆς
2835 4996 3392 5071 ἀρχῆςμοιίεδεοη-

1823 5067 2068 5150 όυιιιλτοῦ
2098 5067 2357 5150 ἀνωτάτω
2383 5068 2635 5150 οὐρανοὶ
2661 5078 2718 5121 ut
2753 5067 2931 5150 nuntiet
2955 5067 3303 5150 §y_|l)urgius.

1831 5213 1844 5228 ο
1895 5143 2008 5229 ς82)
2055 5141 2132 5194 Τὰ
2185 5141 2319 5206 παρ’
2368 5136 2530 5209 ἡμῖν.
2590 5136 2722 5208 Reg.
2775 5138 2808 5190 ‘2
2849 5149 2904 5194 et
2950 5138 3106 5193 Colb.
3152 5137 3220 5190 τὰ
3257 5137 3387 5208 παρ’

2042 5280 2292 5335 Πλάτων
2314 5279 2440 5352 μέν’
2464 5279 2590 5352 γάρ.
2623 5278 2782 5334 Deest
2823 5289 3096 5349 postrema
3122 5279 3387 5346 particula

1821 5353 2137 5492 Ιηὲίέὺζεν
2170 5413 2217 5487 ᾧ
2244 5421 2670 5489 περιείληπται.
2720 5420 2873 5489 Legit
2896 5421 3181 5492 Perionius
3205 5421 3265 5473 οὐ
3300 5438 3389 5472 πε-

1819 5491 2145 5565 ριείληπται.
2171 5495 2284 5565 Sed
2315 5494 2448 5565 nihil
2487 5493 2800 5545 mutandum
2831 5507 2954 5565 csse
2977 5491 3089 5565 jam
3126 5493 3388 5565 observa-

1818 5561 1892 5617 vit
1930 5561 2271 5634 sylburgiusz
2317 5563 2586 5634 Obscrvat
2638 5565 2779 5616 idem
2831 5563 3117 5634 l'criouius
3149 5561 3385 5634 Platoni-

1817 5633 2111 5688 camillam
2153 5636 2346 5688 animae
2389 5633 2711 5687 divisionem
2755 5645 2974 5688 exstare
3023 5633 3176 5687 initio
3222 5633 3294 5685 lib
3330 5649 3382 5683 ιι

1816 5704 1892 5758 De
1925 5723 1979 5756 re
2020 5745 2033 5757 .

1884 5723 2012 5900 l(85$,
2039 5775 2268 5843 Αὐτοὺς
2304 5775 2573 5832 σκοπεῖν.
2626 5774 2689 5828 R.
2731 5779 2810 5830 St.
2863 5778 3053 5839 αὐτοὺς
3087 5775 3284 5844 γνῶναι
3319 5774 3384 5826 ad

1817 5863 1878 5900 ca
1904 5862 2042 5900 cem.

1817 5862 2042 5902 calcem.
