4140 6412
1807 355 1866 410 S.
1902 354 2166 411 JUSTINI
2195 353 2600 411 PHILOSOPHI
2632 355 2723 409 ET
2755 354 3111 411 MARTYRIS

760 470 1016 525 nionibus
1050 473 1477 540 permanendum
1510 472 1616 526 sibi
1651 486 1775 529 esse
1809 481 2134 529 statuerunt.
2174 472 2315 531 Nunt

2426 491 2538 528 vstv
2597 493 2668 544 πρ
2712 479 2953 548 ξρηνται.
2995 473 3053 530 Ὀ
3098 470 3228 543 γοῦν
3270 473 3494 529 Πλάτων
3536 476 3668 529 ποτὲ
3715 474 3815 545 μὲν
3858 477 4022 548 τρεῖς

758 561 903 614 enim
934 562 1084 616 Plato
1113 564 1216 616 tria
1243 566 1480 620 universi
1503 565 1766 635 principia
1793 567 1970 631 docet,
2001 567 2184 632 Deum,
2215 582 2330 621 ma-

760 653 954 706 teriam
985 663 1038 708 et
1067 654 1318 722 formam,
1352 672 1494 712 nunc
1523 669 1775 727 quatuor.
1805 657 1969 712 Addit
1996 658 2138 711 enim
2181 657 2328 711 illam

758 747 939 800 omnia
982 756 1353 815 permeantem
1384 752 1642 805 animam.
1679 751 1890 805 Rursus
1915 749 2007 817 qui
2036 751 2184 819 prius
2213 764 2328 803 ma-

759 837 953 891 teriam
985 854 1089 892 uon
1125 838 1324 893 factam
1356 842 1514 905 dixit,
1553 840 1751 897 factam
1802 840 2056 909 deinceps
2087 840 2324 906 asserit;

754 937 811 982 et
849 929 941 996 qui
989 929 1140 998 prius
1172 931 1466 1002 singularis
1515 933 1760 1002 principii
1818 933 2089 985 rationem
2139 930 2326 986 forma:

757 1020 1028 1083 attribuit,
1058 1037 1288 1090 eamque
1318 1036 1414 1092 per
1445 1038 1505 1078 se
1539 1022 1904 1077 substantiam
1933 1037 2054 1077 esse
2083 1038 2327 1091 pronun-

755 1110 876 1173 tiat,
923 1121 1108 1179 postea
1159 1113 1305 1167 illam
1353 1115 1407 1168 in
1457 1115 1656 1169 mentis
1702 1114 2022 1168 notionibus
2053 1127 2318 1170 recenset.

754 1201 1065 1267 Quinetiam
1103 1214 1392 1274 postquam
1435 1205 1701 1275 quidquid
1745 1206 1951 1261 factum
1995 1214 2082 1260 est
2133 1220 2320 1261 τοι-ιιι⁴

752 1294 924 1362 ptioni
955 1295 1250 1349 obnoxium
1288 1311 1410 1351 esse
1435 1297 1698 1362 decrevit,
1744 1297 1998 1367 deinceps
2041 1298 2322 1363 nonnulla,

751 1399 872 1454 quae
890 1385 1032 1440 facta
1063 1396 1210 1452 sunt,
1236 1387 1652 1442 dissolutionem
1679 1398 1737 1443 et
1760 1389 2164 1457 corruptionem
2193 1388 2323 1443 ell'u-

749 1490 878 1545 gere
908 1492 1068 1546 posse
1096 1477 1357 1534 declarat.
1392 1479 1532 1545 Quid
1561 1479 1729 1548 igitur
1757 1494 1936 1534 causae
1958 1490 2059 1541 est,
2087 1496 2184 1534 cur
2213 1496 2321 1533 non

749 1567 923 1621 solum
959 1568 1102 1624 inter
1130 1585 1212 1633 se,
1247 1571 1340 1624 sed
1373 1572 1538 1624 etiam
1584 1587 1768 1626 secum
1806 1573 1904 1643 ipsi
1931 1583 2191 1642 pugnent,
2225 1575 2319 1635 qui

749 1661 892 1728 apud
927 1675 1020 1715 vos
1047 1661 1221 1716 habiti
1266 1673 1392 1716 sunt
1437 1664 1760 1733 sapientes?
1805 1664 2070 1718 Nimirum
2102 1665 2246 1733 quod
2289 1680 2319 1717 a

747 1753 944 1820 peritis
979 1754 1195 1810 discere
1226 1754 1522 1822 noluerint,
1574 1757 1668 1812 sed
1713 1771 1835 1811 sese
1878 1757 2319 1810 esistimaverint

2437 566 2609 637 ἀρχάς
2640 566 2733 619 τοῦ
2775 565 2974 630 παντὸς
3016 560 3153 618 εἶναι
3197 564 3374 634 λέγει,
3421 565 3554 619 Θεὸν
3594 567 3688 620 καὶ
3728 565 3859 637 ὕλην
3908 567 4016 621 καὶ

2432 655 2570 720 εἰδος
2596 674 2608 686 ·
2659 657 2785 709 ποτὲ
2825 657 2880 709 δὲ
2923 657 3224 728 τέσσαρας’
3265 656 3585 728 προστίθησι
3626 659 3734 728 γὰρ
3770 658 3862 710 καὶ
3905 659 4018 728 τὴν

2430 748 2650 802 καθόλσθ-
2709 809 2712 812 ,
2747 749 2885 817 χήν.
2927 749 3036 803 Καὶ
3076 744 3229 812 αὖθις
3257 748 3354 820 τὴν
3384 749 3513 820 ὕλην
3541 750 3836 819 ἀγέννητον
3867 751 4015 820 πελ.)-

2427 857 2583 911 τερον
2607 838 2862 910 εἰρηκὼς,
2900 840 3121 910 ὕστερον
3158 842 3420 912 γεννητὴν
3449 842 3616 913 αὐτὴν
3646 838 3785 896 εἶναι
3814 842 3965 910 λέγει
3995 859 4015 872 ·

2427 931 2519 983 καὶ
2549 929 2626 1000 τῷ
2667 931 2794 982 εῖδει
2818 930 2928 1001 (86)
2959 931 3014 984 δὲ
3053 933 3225 1003 ἀρχὴν
3256 932 3393 985 ίδίαν
3424 933 3686 1005 πρότερον
3720 934 3972 997 δεδωκὼς
3998 975 4017 996 ,

2428 1023 2522 1073 καὶ
2551 1020 2670 1073 καθ’
2697 1023 2853 1074 ἑαυτὸ
2880 1023 3170 1077 οὑσιῶσθαι
3199 1027 3488 1097 ἀποφήσας
3507 1064 3521 1088 ,
3553 1025 3778 1097 ὕστερον
3807 1030 3865 1079 ὲν
3895 1031 4023 1090 τοῖς

2427 1114 2694 1181 νοήμασιν
2725 1113 2855 1165 αὐτὸ
2884 1113 3030 1168 τοῦτ’
3061 1111 3197 1167 εἶναι
3226 1115 3371 1184 λέγει
3432 1117 3551 1171 Ἔτι
3584 1118 3683 1188 μέν
3711 1118 3794 1171 τοί
3821 1135 3886 1186 γε
3911 1119 4022 1172 καὶ

2427 1204 2536 1256 πᾶν
2579 1203 2640 1255 τὸ
2679 1205 2967 1274 γενόμενον
3007 1203 3244 1274 φθαρτὸν
3291 1207 3554 1278 πρότερον
3583 1208 4023 1278 ἀποφηνάμενος

2425 1290 2583 1355 εἶναι,
2609 1293 2834 1351 ὕστερον
2860 1294 2975 1347 ἔνια
3002 1294 3109 1347 τῶν
3131 1296 3428 1366 γινομένων
3448 1297 3616 1349 ἀλυτα
3638 1298 3730 1350 καὶ
3749 1297 4022 1369 ἄφθαρτα

2424 1383 2680 1436 δύνασθαι
2713 1381 2851 1436 εἷναί
2891 1400 3040 1454 φησι.
3083 1384 3148 1436 Τί
3189 1385 3366 1437 τοίνυν
3404 1385 3573 1439 αἴτιον
3602 1387 3696 1438 τοῦ
3741 1388 3817 1459 μὴ
3867 1388 4021 1459 πρὸς

2423 1475 2680 1545 ἀλλήλους
2713 1476 2872 1544 μόνον
2891 1515 2904 1538 ,
2936 1476 3070 1529 ἀλλά
3112 1477 3205 1530 καὶ
3256 1479 3387 1549 πρὸς
3436 1479 3658 1541 ἑαυτοὺς
3688 1479 4018 1543 στασιάζειν

2424 1568 2548 1627 τοὺς
2579 1569 2708 1635 παρ’
2742 1567 2870 1636 ὑμῖν
2900 1568 3250 1636 νομισθέντας
3292 1568 3616 1640 γεγενῆσθαι
3665 1571 3902 1638 σοφούς;
3939 1571 4022 1622 Τὸ

2424 1656 2498 1726 μὴ
2531 1656 2854 1726 βουληθῆναι
2883 1657 3122 1726 δηλονότι
3144 1660 3293 1730 παρὰ
3315 1658 3421 1712 τῶν
3441 1659 3655 1712 εἰδότων
3688 1659 4020 1730 μανθάνειν,

2422 1750 2536 1800 ἀλλ’
2569 1750 2794 1812 ἑαυτοὺς
2831 1748 3037 1801 οἴεσθαι
3071 1753 3138 1819 τῇ
3181 1750 3496 1822 ἀνθρωπίνῃ
3542 1750 3721 1803 αὐτῶν
3751 1752 4021 1822 περινοίᾳ

748 1844 948 1897 mentis
991 1844 1249 1900 humana-
1293 1847 1514 1900 solertia
1551 1846 1755 1900 claram
1782 1849 2087 1902 caelestium
2130 1863 2315 1902 rerum

2421 1842 2488 1894 τὰ
2520 1843 2576 1892 ὲν
2607 1842 2852 1911 οὐρανοῖς
2875 1839 3131 1896 δύνασθαι
3158 1841 3446 1907 γινώσκειν
3474 1842 3658 1910 σαφῶς
3676 1859 3688 1872 ·
3729 1844 3914 1895 καίτοι
3947 1860 4022 1910 γε

745 1939 1113 2008 cognitionem
1139 1941 1352 2007 assequi
1381 1956 1560 2008 posse,
1587 1958 1706 1997 eum
1738 1958 1805 1995 ne
1832 1944 2167 1997 terrestrium
2193 1944 2318 2013 qui-

745 2027 868 2082 dem
900 2031 1198 2098 potuerint.
1226 2029 1458 2095 Quidam
1491 2033 1636 2086 enim
1660 2048 1726 2088 ex
1755 2033 1953 2087 vestris
1981 2033 2317 2102 philosophis

745 2118 983 2172 animam
1015 2122 1311 2174 humanam
1343 2122 1398 2174 in
1428 2122 1607 2186 nobis,
1633 2123 1724 2175 alii
1750 2124 1894 2177 circa
1930 2138 2032 2175 nos
2075 2139 2194 2176 esse
2235 2124 2318 2176 di-

745 2218 895 2262 cunt.
929 2208 1064 2262 Nam
1103 2225 1203 2263 nec
1232 2227 1294 2264 ea
1330 2213 1396 2266 de
1429 2226 1487 2263 re
1521 2212 1837 2266 consentire
1866 2213 2005 2265 inter
2032 2227 2090 2266 se
2123 2213 2313 2265 volue-

746 2311 900 2366 runt,
935 2302 1029 2355 sed
1058 2302 1212 2371 quasi
1263 2303 1657 2372 ignorationem
1688 2304 1860 2357 variis
1904 2305 2080 2358 modis
2128 2304 2314 2372 partiti

742 2404 950 2460 essent,
972 2395 1135 2447 etiam
1158 2396 1222 2447 de
1241 2397 1421 2448 anima
1449 2397 1665 2465 litigare
1687 2397 1830 2450 inter
1856 2411 1914 2450 se
1944 2406 1996 2451 et
2027 2396 2313 2466 digladiari

743 2494 1076 2539 statuerunt.
1102 2485 1305 2539 Horum
1333 2487 1478 2540 enim
1505 2489 1596 2540 alii
1626 2488 1862 2540 animam
1895 2490 2067 2557 ignem
2095 2503 2214 2543 esse
2235 2489 2316 2540 di-

740 2582 894 2635 cunt,
925 2571 1015 2624 alii
1046 2587 1250 2637 aerem,
1276 2574 1367 2628 alii
1401 2585 1669 2638 mentem,
1718 2575 1811 2628 alii
1853 2578 2175 2642 motionem,
2219 2577 2313 2630 alii

741 2663 1142 2718 exhalationem
1165 2681 1178 2728 ;
1206 2667 1424 2735 quidam
1452 2668 1558 2720 vim
1585 2683 1651 2721 ex
1682 2669 1843 2723 astris
1870 2666 2148 2728 ﬂuentem.
2181 2685 2316 2723 non-

741 2756 875 2811 nulli
919 2772 1204 2811 numerum
1255 2759 1506 2812 movendi
1555 2757 1812 2813 facultate
1843 2760 2168 2829 praeditum,
2217 2758 2312 2812 alii

737 2849 976 2928 denique
1026 2865 1225 2918 aquam
1272 2848 1592 2919 genitalem.
1641 2850 1721 2904 Ac
1763 2851 1990 2905 omnino
2031 2851 2312 2904 incondita

737 2940 879 3008 apud
907 2955 1000 2995 eos
1042 2952 1097 2996 et
1129 2942 1340 2995 discors
1364 2942 1612 3010 quaedam
1647 2942 1972 2995 inveteravit
2016 2942 2309 3003 sententia,

735 3048 857 3102 qua:
883 3032 984 3085 hac
1013 3049 1119 3086 una
1143 3049 1200 3088 re
1232 3037 1401 3104 aequis
1425 3034 1701 3100 iudicibus
1738 3034 2004 3086 laudanda
2037 3034 2309 3096 videatur,

2422 1933 2557 2005 μηδὲ
2587 1933 2653 1985 τά
2681 1934 2774 1985 ἐπὶ
2815 1935 2912 2004 τῆς
2957 1934 3061 2002 γῆς
3099 1933 3301 2002 γνῶναι
3332 1932 3666 2004 δυνηθέντες.
3716 1934 3832 2005 Τὴν
3869 1934 4024 2003 γοῦν

2419 2024 2765 2095 ἀνθρωπίνην
2783 2025 2960 2095 ψυχὴν
2979 2025 3108 2078 ἔνιοι
3127 2024 3226 2096 μὲν
3246 2023 3352 2078 τῶν
3373 2026 3502 2095 παρ’
3521 2026 3648 2094 ὑμῖν
3668 2026 4017 2095 φιλοσόφων,

2419 2119 2475 2169 ὲν
2498 2120 2650 2185 ἡμῖν,
2669 2117 2843 2187 ἕτεροι
2871 2118 2926 2170 δὲ
2959 2116 3086 2187 περὶ
3112 2119 3260 2187 ἡμᾶς
3281 2112 3419 2170 εἷναί
3449 2133 3602 2186 φασι.
3633 2118 3767 2172 Οὐδὲ
3801 2118 3919 2188 γὰρ
3948 2119 4018 2170 ὲν

2417 2208 2588 2277 τούτῳ
2607 2213 2913 2278 συμφωνεῖν
2930 2210 3178 2280 ἀλλήλοις
3195 2209 3550 2281 προῄρηνται,
3566 2209 3678 2262 ἀλλ’
3695 2208 3889 2280 ὥσπερ
3909 2209 4019 2279 τὴν

2419 2301 2640 2367 ἄγνοιαν
2663 2301 2933 2370 διαφόρως
2966 2303 3337 2376 μερισάμενοι,
3365 2302 3458 2353 καὶ
3490 2302 3618 2372 περὶ
3647 2300 3826 2370 ψυχῆς
3849 2299 4019 2368 φιλο-

2418 2395 2617 2443 νεικεῖν
2651 2392 2741 2443 ml.
2771 2391 3079 2454 στασιάζειν
3108 2393 3243 2463 πρὸς
3264 2391 3524 2462 ἀλλήλους
3553 2392 3918 2463 προῄρηνται.
3946 2394 4017 2444 οι

2422 2478 2520 2545 μὲν
2553 2478 2658 2549 γὰρ
2705 2480 2885 2531 αὐτῶν
2934 2497 3064 2546 φασι
3112 2480 3223 2552 πῦρ
3251 2477 3390 2534 εἶναι
3420 2482 3518 2552 τὴν
3537 2480 3734 2551 ψυχὴν,
3755 2484 3803 2533 οί
3824 2482 3881 2534 δὲ
3914 2480 4019 2534 τὸν

2418 2567 2583 2638 ἀέρα·
2607 2571 2654 2621 οἱ
2676 2569 2730 2622 δὲ
2756 2571 2843 2622 τὸν
2860 2571 2982 2622 νοῦν
3002 2589 3015 2600 ·
3039 2573 3089 2624 οί
3107 2571 3165 2624 δὲ
3193 2573 3290 2643 τὴν
3319 2573 3531 2643 κίνησιν
3551 2590 3563 2601 ·
3590 2574 3638 2625 oi
3657 2572 3714 2626 δὲ
3737 2573 3838 2643 τὴν
3867 2575 4020 2627 ἀνα-

2419 2659 2676 2729 θυμίασιν
2696 2680 2708 2692 ο
2738 2664 2884 2716 ἄλλοι
2912 2663 2966 2715 δέ
2986 2682 3125 2728 τινες
3155 2664 3380 2736 δύναμιν
3400 2665 3508 2718 ἀπὸ
3527 2664 3632 2718 τῶν
3653 2665 3870 2737 ἄστρων
3907 2667 3980 2736 ρέ
3996 2697 4015 2707 -

2420 2771 2586 2807 ουσαν
2607 2773 2620 2785 ·
2651 2759 2698 2808 οἱ
2731 2757 2788 2809 δὲ
2829 2757 3059 2828 ἀριθμὸν
3093 2757 3402 2827 κινητικόν·
3436 2758 3613 2828 ἓτεροι
3647 2759 3703 2811 δὲ
3735 2759 3882 2828 ὔδωρ
3913 2778 4022 2826 γορ-

2424 2851 2652 2901 νοποιόν.
2699 2851 2808 2902 Καὶ
2849 2850 2984 2912 ὅλως
3035 2850 3268 2913 ἄτακτός
3312 2868 3394 2912 τις
3439 2851 3534 2903 καὶ
3588 2851 3926 2922 ἀσύμφωνος
3975 2856 4016 2925 ἠ

2419 2938 2548 3007 παρ’
2582 2941 2763 3001 αὐτοῖς
2810 2941 3114 3008 κεκράτηκε
3147 2938 3303 3002 δόξα,
3343 2939 3423 2991 ἐνὶ
3475 2941 3622 3011 μόνῳ
3667 2944 3778 3005 τοῖς
3822 2943 4019 3014 ὀρθῶς

2418 3028 2623 3096 κρίνειν
2651 3029 2960 3098 δυναμένοις
2991 3030 3210 3082 ἐπαίνου
3240 3030 3364 3094 ἀξία
3390 3033 3688 3102 φαινομένη
3708 3071 3724 3095 ,
3754 3034 3836 3086 ὅτι
3871 3033 4018 3087 πλα-

737 3125 884 3194 quod
928 3141 1048 3180 sese
1087 3127 1316 3180 invicem
1353 3127 1534 3181 conati
1579 3127 1687 3179 sint
1729 3127 1933 3179 erroris
1961 3136 2011 3180 et
2050 3126 2312 3194 ignorata:

2421 3123 2691 3188 νωμένους
2714 3123 2822 3189 (87)
2845 3122 2935 3172 καὶ
2954 3121 3027 3191 μὴ
3053 3121 3257 3191 τάληθῆ
3275 3122 3531 3190 λέγοντας
3554 3123 3818 3195 ἀλλήλους
3845 3123 4018 3190 ἐλέγ-

741 3215 995 3270 veritatis
1023 3218 1253 3270 crimine
1279 3233 1551 3286 premere.

807 3306 859 3358 8.
891 3305 1059 3375 Igitur
1091 3323 1215 3360 cum
1249 3307 1361 3360 veri
1410 3308 1546 3360 nihil
1593 3321 1661 3361 ex
1700 3308 1977 3376 magistris
2010 3307 2206 3361 vestris
2241 3306 2312 3362 de

737 3398 996 3465 religione
1024 3399 1387 3468 disci-possit,
1425 3409 1482 3452 ut
1511 3399 1600 3469 qui
1634 3401 1792 3454 vobis
1836 3401 2034 3454 idonea
2077 3415 2190 3453 sua:
2222 3415 2309 3453 rc-

737 3506 856 3543 rum
891 3491 1249 3557 ignorationis
1291 3493 1619 3546 documenta
1647 3494 1851 3546 mutuis
1880 3491 2312 3546 dissensionibus

736 3581 1103 3652 praebuerint;
1145 3585 1298 3652 sequi
1329 3585 1458 3636 mihi
1491 3585 1727 3648 videtur,
1765 3593 1826 3636 ut
1854 3584 1919 3635 ad
1954 3585 2186 3650 majores
2216 3599 2314 3636 ne-

737 3684 882 3727 stros
929 3688 1304 3739 recurranius,
1333 3677 1424 3743 qui
1453 3685 1507 3728 et
1538 3679 1708 3728 multo
1753 3675 2089 3742 antiquiores
2113 3674 2311 3726 vestris

734 3761 917 3826 fuere,
950 3780 1050 3817 nec
1096 3765 1390 3833 quidquam
1445 3766 1667 3834 proprio
1715 3777 1890 3818 marte
1939 3765 2310 3830 excogitatum

740 3872 842 3911 nos
874 3858 1212 3922 docuerunt;
1249 3871 1348 3910 nec
1379 3858 1522 3909 inter
1550 3872 1609 3910 se
1639 3857 1918 3925 digladiati
1953 3865 2047 3908 aut
2071 3872 2197 3908 suas
2225 3856 2309 3907 in-

738 3951 914 4004 vicem
943 3951 1234 4020 Opiniones
1256 3960 1504 4003 evertere
1530 3951 1712 4002 conati
1735 3958 1884 4010 sunt,
1913 3949 2007 4001 sed
2046 3948 2164 4002 sine
2203 3946 2310 3999 ullo

735 4042 1114 4098 contentionis
1148 4051 1201 4095 et
1232 4042 1462 4108 partium
1491 4041 1672 4093 studio
1702 4040 1986 4094 scientiam
2011 4053 2040 4091 a
2072 4038 2184 4092 Deo
2209 4053 2311 4106 ,ac-

740 4144 1030 4202 ceperunt,
1067 4148 1295 4201 eamque
1329 4147 1429 4184 nos
1457 4134 1779 4184 docuerunt.
1821 4129 2004 4197 Neque
2030 4130 2174 4182 enim
2219 4146 2311 4180 ua-

739 4238 883 4292 tura,
915 4228 1017 4297 13
1043 4238 1137 4280 aut
1164 4226 1386 4280 humani
1418 4225 1617 4293 ingenii
1644 4223 1761 4278 acie
1806 4238 1893 4275 res
1939 4232 2048 4274 tam
2105 4237 2313 4291 magna:

739 4336 802 4374 ac
835 4320 1030 4374 divinae
1063 4320 1320 4388 cognosci
1352 4319 1418 4371 ab
1453 4314 1766 4369 hominibus
1803 4323 2063 4381 possunt;
2096 4315 2190 4366 sed
2218 4327 2310 4377 eo,

739 4417 882 4482 quod
914 4424 1024 4468 tum
1058 4413 1112 4466 in
1158 4423 1378 4465 sanctos
1423 4411 1670 4462 homines
1710 4408 2098 4466 descendebat,
2143 4407 2308 4468 dono,

2419 3229 2534 3282 χειν
2568 3214 2920 3284 προῄρηνται.

2486 3304 2537 3355 8.
2597 3305 2805 3356 Οὐκοῦν
2860 3306 3157 3375 ἐπειδήπερ
3200 3305 3352 3358 οὐδὲν
3399 3305 3596 3377 ἀληθὲς
3642 3307 3768 3377 περὶ
3816 3307 4015 3363 θεοσε-

2416 3394 2567 3456 ϐείας
2631 3389 2777 3464 παρᾶ
2826 3395 2931 3446 τῶν
2978 3397 3259 3466 ὑμετέρων
3313 3397 3646 3452 διδασκάλων
3705 3398 4018 3468 μανθάνειν

2414 3485 2530 3536 ἐστὶ
2580 3485 2841 3548 δυνατὸν,
2899 3486 3085 3555 ἱκανὴν
3120 3488 3246 3556 ὑμῖν
3300 3487 3573 3552 ἀπόδειξιν
3626 3490 3722 3558 τῆς
3785 3490 4014 3544 ἑαυτῶν

2412 3578 2633 3644 ἀγνοίας
2665 3578 2749 3630 διὰ
2782 3578 2876 3645 τῆς
2909 3580 3043 3648 πρὸς
3080 3579 3341 3648 ἀλλήλους
3373 3583 3612 3643 στάσεως
3642 3585 4011 3652 παρεσχηκό-

2413 3688 2538 3731 των,
2569 3669 2858 3720 ἀκόλουθον
2886 3671 3018 3738 ἡγοῦ
3029 3688 3125 3738 μαι
3153 3670 3392 3722 ἀνελθεῖν
3419 3672 3510 3722 ἐπὶ
3544 3673 3666 3734 τοὺς
3692 3673 4012 3744 ἡμετέρους

2415 3763 2744 3830 προγόνους,
2793 3765 2915 3824 τοὺς
2968 3763 3059 3813 καὶ
3108 3765 3230 3825 τοὺς
3276 3764 3499 3832 χρόνους
3545 3763 3650 3814 τῶν
3700 3763 3829 3834 παρ’
3868 3765 4011 3834 ὑμῖν

2413 3851 2746 3904 διδασκάλων
2780 3852 2959 3920 πολλῷ
2988 3851 3381 3922 προειληφότας
3401 3892 3416 3916 ,
3452 3853 3542 3904 καὶ
3572 3853 3736 3922 μηδὲν
3765 3852 3874 3907 ἀπὺ
3896 3854 4014 3926 τῆς

2418 3945 2550 4007 ἰδίας
2580 3945 2756 3996 αὐτῶν
2790 3944 3088 4012 φαντασίας
3123 3943 3436 4006 διδάξαντας
3466 3947 3615 4014 ἡμᾶς
3635 3986 3648 4005 ,
3691 3945 3823 4014 μηδὲ
3858 3946 4011 4017 πρὸς

2414 4033 2668 4103 ἀλλήλουε
2712 4033 3186 4103 διενεχθέντας,ἢ
3242 4035 3309 4086 τὰ
3366 4035 3608 4105 ἀλλήλων
3666 4035 4009 4105 ἀνατρέπειν

2415 4126 2802 4195 πειρωμένους,
2837 4125 2948 4177 ἀλλ’
2979 4124 3328 4192 ἀφιλονείκως
3361 4125 3454 4177 καὶ
3488 4127 3865 4188 ἀστασιάστως
3897 4132 4004 4198 τὴν

2416 4217 2564 4285 παρὰ
2599 4217 2731 4267 Θεοῦ
2763 4217 2871 4283 (88)
2903 4216 3222 4283 δεξαμένους
3269 4216 3504 4282 γνῶσιν,
3552 4218 3644 4268 καί
3679 4216 3882 4286 ταύτην
3914 4219 4003 4270 διο

2414 4304 2710 4367 δάσλοντας
2742 4307 2908 4374 ἡμᾶς.
2963 4303 3099 4356 (Ιῦτε
3132 4305 3241 4374 γὰρ
3276 4305 3433 4372 φύσει
3454 4346 3468 4367 ,
3503 4305 3626 4358 οὔτε
3671 4305 4001 4380 ἀνθρωπίνῃ

2417 4397 2596 4465 ἐννοίᾳ
2628 4395 2770 4448 οὕτω
2819 4396 3024 4465 μεγάλα
3070 4397 3162 4449 καὶ
3209 4395 3328 4448 θεῖα
3358 4394 3647 4463 γινώσκειν
3684 4394 4002 4465 ἀνθρώποις

739 4506 940 4574 quibus
963 4503 1180 4572 quidem
1208 4516 1308 4555 nec
1337 4501 1626 4553 verborum
1652 4497 1886 4550 artiﬁcio
1906 4513 2040 4564 opus
2066 4496 2185 4559 fuit,
2215 4511 2314 4558 nec

2420 4488 2669 4549 δυνατὸν,
2719 4487 2852 4540 ἀλλά
2902 4490 2968 4556 τῇ
3010 4486 3214 4539 ἄνωθεν
3263 4487 3355 4539 ἐπὶ
3406 4487 3530 4548 τοὺς
3576 4487 3761 4552 ἁγίους
3793 4487 4001 4556 ἀνδρας

743 4597 1062 4666 pugnaciter
1091 4594 1388 4663 quidquam
1419 4601 1470 4643 et
1514 4589 1722 4642 rixaudi
1757 4589 1939 4641 studio
1964 4588 2166 4652 dicere,
2213 4587 2308 4640 sed

744 4705 910 4756 puros
937 4688 1144 4751 seipsos
1173 4687 1340 4738 divini
1371 4685 1602 4751 Spiritus
1626 4683 1927 4748 operationi
1961 4683 2221 4749 praebere,
2254 4688 2313 4731 ut

742 4781 983 4835 divinum
1028 4779 1162 4831 illud
1215 4779 1492 4845 delapsum
1540 4791 1569 4829 e
1617 4775 1777 4826 caulis
1825 4774 2086 4841 plectrum
2115 4813 2129 4836 ,
2169 4774 2314 4824 velut

743 4871 978 4940 quodam
1021 4871 1246 4923 citharae
1291 4879 1381 4920 aut
1431 4869 1562 4937 lyra:
1608 4867 1992 4926 instrumento,
2041 4864 2113 4916 ita
2151 4861 2311 4922 iustis

814 5088 927 5158 (86)
967 5087 1074 5142 Καὶ
1101 5085 1368 5158 τῷεῖδει.
1405 5084 1498 5158 llic
1529 5096 1741 5158 quoque
1763 5079 2034 5158 Justinum
2067 5080 2313 5158 imitatur

741 5150 974 5230 Cyrillus
1002 5159 1119 5230 Loco
1143 5157 1350 5216 citato;
1385 5157 1498 5214 sed,
1527 5153 1671 5220 quod
1699 5168 1829 5217 paco
1855 5150 2140 5230 utriusque
2165 5150 2314 5230 dixe-

747 5213 871 5291 riiu,
901 5213 1165 5295 nusquam
1199 5213 1351 5279 Plato
1400 5213 1603 5295 idemii,
1647 5213 1710 5295 ut
1753 5239 1848 5295 ens
1873 5213 2100 5295 _aliquotl
2136 5234 2162 5270 ξι
2187 5219 2315 5295 _be0

744 5288 1054 5366 separatum
1099 5296 1376 5347 describit.
1401 5292 1689 5366 Qunceptis‘
1717 5291 1915 5366 uerbis
1941 5288 2312 5366 d'itlldl't'illlS,

745 5387 758 5423 ι
801 5359 876 5421 De
913 5369 1119 5436 placitis
1152 5364 1446 5431 pltilosop/z.
1491 5365 1634 5436 ideas
1670 5360 1906 5436 i’latouis
1941 5359 1991 5409 in
2035 5360 2310 5436 Ulli-titlgl-

749 5428 1042 5492 tation'ibus
1063 5428 1291 5501 reponit.
1314 5428 1618 5485 Asseutitur
1645 5431 1690 5481 ei
1720 5431 2114 5501 'l7lieodorctus,
2140 5428 2234 5478 lib.
2266 5441 2314 5476 iv

743 5512 940 5562 Contra
959 5497 1190 5561 Gnatus.
1205 5505 1412 5556 Atticus
1426 5501 1564 5568 apud
1587 5501 1900 5560 Eusebium,
1919 5497 2092 5562 Prwp.
2109 5513 2284 5564 erung,
2298 5535 2312 5558 ,

745 5583 839 5632 lib.
886 5594 976 5641 xv,
1028 5574 1198 5635 c.15,
1241 5576 1340 5625 etsi
1385 5574 1532 5624 ideas
1579 5580 1731 5621 vorat
1776 5569 2015 5634 ,roprias
2061 5569 2314 5633 quasdam

744 5663 984 5710 naturas,
1013 5647 1209 5713 primus
1243 5661 1304 5694 uc
1353 5645 1575 5692 murime
1626 5641 1900 5714 principes
1940 5647 2198 5714 naturas,
2223 5652 2315 5688 eas

745 5730 868 5770 1.ιιιι‹
893 5737 924 5770 ιι
958 5709 1084 5769 nihil
1121 5716 1266 5767 aliud
1299 5730 1417 5765 esse
1466 5727 1625 5778 quam
1667 5709 1753 5760 Dei
1786 5709 2144 5772 Cogitationes
2180 5711 2313 5778 lutc-

745 5800 851 5853 lair,
887 5811 948 5842 at;
983 5788 1285 5846 l’lulot.citt,
1323 5797 1376 5835 ut
1411 5777 1508 5833 lius
1550 5780 1637 5834 llt‘i
1683 5778 2042 5847 cogitationes
2072 5777 2312 5828 Omnium

2415 4579 2716 4647 τηνικαῦτα
2736 4580 3063 4649 κατελθοὺσῃ
3088 4579 3262 4648 δωρεᾷ
3281 4579 3411 4646 (89),
3430 4573 3510 4640 οἷς
3531 4579 3591 4628 οὐ
3614 4578 3784 4644 λόγων
3806 4577 4004 4647 ἐδέησε

2417 4671 2609 4739 τέχνης
2630 4711 2642 4732 ,
2675 4672 2790 4722 οὐδὲ
2820 4671 2909 4725 τοῦ
2943 4670 3228 4742 ἐριστικῶς
3263 4687 3312 4722 τι
3341 4669 3432 4722 καὶ
3461 4668 3771 4736 φιλονείκως
3798 4671 3996 4733 εἰπεῖν,

2418 4761 2553 4812 ἀλλὰ
2586 4763 2858 4832 καθαροὺς
2888 4763 3112 4825 ἑαυτοὺς
3145 4765 3208 4832 τῇ
3238 4762 3329 4813 τοῦ
3364 4760 3508 4812 θείου
3543 4761 3857 4830 Πνεῦματος
3888 4777 4000 4811 πα-

2435 4857 2648 4922 ρασχεῖν
2669 4855 2936 4922 ἐνεργείᾳ,
2975 4855 3040 4905 ἶν’
3074 4855 3203 4906 αὑτὸ
3231 4853 3288 4903 τὸ
3322 4852 3464 4904 θεῖον
3500 4852 3557 4915 ἐξ
3591 4850 3821 4912 οὐρανοῦ
3857 4868 3994 4903 κατ-

2419 5091 2597 5127 rerum
2632 5078 2874 5140 incilipla
2903 5089 3021 5127 esse
3049 5090 3113 5125 ac
3152 5075 3407 5126 omnibus
3433 5073 3740 5140 antiquiora
3775 5082 3988 5124 statue-

2421 5158 2521 5204 ret,
2567 5162 2626 5195 ex
2665 5161 2729 5196 eo
2781 5145 3070 5196 adductum
3119 5161 3235 5196 ('SM!
3275 5144 3436 5204 dicit,
3471 5145 3613 5209 quod
3655 5143 3996 5208 perspiceret

2418 5217 2708 5275 artilirem,
2753 5216 2801 5266 id
2842 5215 2982 5278 quod
3016 5214 3307 5266 ell'eeturus
3348 5224 3416 5264 sit
3458 5223 3580 5265 ante
3612 5212 3793 5263 animo
3826 5211 3996 5263 infor-

2422 5303 2590 5345 mare,
2626 5295 2674 5335 et
2704 5300 2822 5336 cum
2855 5284 2996 5335 illius
3028 5286 3258 5349 speciem
3295 5282 3742 5340 consideraverit,
3779 5295 3898 5333 eam
3937 5285 3989 5333 in

2421 5358 2549 5422 ipsis
2576 5356 2734 5406 rebus
2766 5354 3126 5422 similitudine
3151 5355 3382 5418 quadam
3413 5354 3738 5422 exprimere.

2493 5425 2599 5490 (87,-
2643 5421 2986 5489 ΙΗιινωμέιι(
3011 5442 3096 5487 υς.
3157 5423 3217 5474 li.
3263 5424 3342 5474 St.
3381 5433 3446 5473 ad
3481 5421 3684 5474 calcem
3718 5419 3990 5489 πεπλανη-

2422 5511 2633 5561 μενους.

2491 5568 2598 5628 (88)
2648 5563 2765 5628 Τίν’
2791 5562 2944 5629 πημί
2979 5566 3072 5613 ϐε(
3091 5561 3146 5617 ὗ.
3181 5561 3417 5613 Colliert.
3445 5561 3542 5630 τὴν
3574 5559 3700 5629 περὶ
3728 5559 3885 5611 Θεοῦ.

2490 5637 2599 5702 (δι’)
2642 5632 2852 5698 Atqu}.
2892 5635 3088 5687 Eodem
3127 5634 3344 5683 nomine
3380 5629 3614 5702 Spiritus
3647 5639 3873 5681 sant-ins
3909 5629 3986 5680 in-

2423 5701 2505 5753 rm
2546 5705 2881 5769 designatur,
2913 5721 2965 5755 tt.
3019 5703 3104 5755 10.
3153 5703 3277 5754 Vidi:
3310 5701 3717 5756 adnotationem
3742 5711 3986 5753 nostram

2423 5775 2484 5827 ad
2520 5792 2569 5825 ιι.
2608 5776 2692 5826 52.
