4140 6418
118 382 229 435 257

1344 373 1788 431 COHORTATIO
1825 376 1914 429 AD
1971 367 2291 433 GRAECOS.

3252 384 3360 438 258

118 496 208 546 ιον
237 496 349 566 (90)
386 495 687 565 πλῆκτρον,
718 491 904 564 ὥσπερ
946 491 1158 563 ὀργάνῳ
1199 490 1427 562 κιθάρας
1469 490 1612 553 τινὸς
1656 491 1678 541 ἲ

1796 493 2104 547 hominibus
2130 502 2310 560 utens,
2340 491 2643 548 diVin‘arum
2674 495 2828 551 nobis
2854 503 2908 550 et
2930 495 3234 551 caelestium
3273 513 3362 554 res

115 585 326 656 λύρας,
374 589 484 648 τοῖς
534 587 757 648 δικαίοις
809 583 1029 655 ἀνδράσι
1080 580 1387 652 χρώμενον,
1435 581 1532 651 τὴν
1582 580 1688 632 τῶν

113 679 283 730 θείων
331 681 460 748 ἡμῖν
504 678 593 730 καὶ
644 677 906 748 οὐρανίων
959 672 1279 743 ἀποκαλύψῃ
1327 671 1548 739 γνῶσιν.
1592 671 1690 723 Διά

111 772 281 825 τοῦτο
339 774 514 824 τοίνυν
568 771 750 843 ὥσπερ
814 766 872 832 ἐξ
927 768 1044 831 ἑνὸς
1099 768 1362 838 στόματος
1413 764 1506 818 καὶ
1561 766 1688 834 μιᾶς

109 864 367 933 7m;
401 864 491 916 καὶ
526 865 653 933 περὶ
685 861 818 914 Θεοῦ
841 901 854 923 ,
890 861 982 913 καὶ
1014 860 1140 931 περὶ
1185 858 1391 929 κόσμου
1425 857 1685 920 κτίσεως,

111 956 212 1008 καὶ
245 958 377 1025 περὶ
412 956 662 1018 πλάσεως
709 953 1025 1025 ἀνθρώπου,
1061 951 1152 1006 καὶ
1185 951 1310 1020 περὶ⁸
1343 948 1688 1021 ἀνθρωπίνης

108 1047 296 1115 ψυχῆς
344 1046 678 1108 ἀθανασίας,
725 1046 819 1097 καὶ
867 1046 965 1114 τῆς
1013 1045 1148 1115 μετὰ
1198 1041 1290 1095 τὸν
1342 1041 1452 1110 βίον
1503 1039 1686 1092 τοῦτον

115 1136 424 1207 μελλούσης
455 1137 671 1189 ἔσεσθαι
723 1138 986 1208 κρίσεως,
1042 1135 1131 1188 καὶ
1179 1131 1304 1202 περὶ
1350 1133 1565 1185 πάντων
1610 1124 1685 1182 ὧν

112 1230 414 1296 ἀναγκαῖον
460 1230 589 1297 ἡμῖν
636 1231 779 1280 ἐστιν
819 1227 1042 1290 εἰδέναι,
1087 1223 1392 1286 ἀκολούθως
1426 1225 1519 1276 καὶ
1552 1240 1687 1292 συμ-

114 1317 310 1384 φώνως
343 1319 590 1387 ἀλλήλοις
623 1317 862 1382 ἐδίδαξαν
883 1320 914 1386 ἡ
925 1320 1029 1386 μᾶς
1053 1357 1066 1380 ,
1094 1316 1188 1369 καὶ
1220 1311 1390 1368 ταῦτα
1423 1316 1480 1365 ἐν
1509 1313 1687 1380 διαφό-

114 1427 230 1477 ροις
257 1412 447 1474 τόποις
479 1429 538 1464 τε
576 1411 669 1464 καὶ
704 1410 911 1481 χρόνοις
943 1409 1039 1480 τὴν
1077 1408 1226 1462 θείαν
1261 1409 1393 1479 ἡμῖν
1425 1404 1682 1459 διδασκα-

107 1501 230 1554 λίαν
265 1504 697 1576 παρεσχηκότες.

185 1600 237 1651 9.
288 1598 560 1666 Ἀρξομαι
604 1596 779 1649 τοίνυν
824 1595 930 1649 ἀπὸ
973 1594 1065 1648 τοῦ
1116 1592 1331 1665 πρώτου
1379 1593 1507 1662 παρ’
1551 1593 1682 1661 ἡμῖν

110 1694 391 1763 προφήτου
426 1707 482 1742 τε
515 1690 609 1742 καὶ
633 1688 919 1759 νομοθέτου
946 1687 1242 1750 Μωῡσέως,
1274 1685 1534 1756 πρότερον
1558 1684 1682 1745 τοὺς

107 1791 335 1856 χρόνους
365 1784 485 1837 καθ’
511 1782 603 1845 οὒς
619 1783 825 1850 γέγονε,
849 1780 983 1851 μετὰ
1010 1779 1187 1850 πάσης
1211 1777 1520 1842 ἀξιοπίστου
1552 1773 1678 1845 παρ’

107 1883 238 1949 ὑμῖν
282 1876 588 1947 μαρτυρίας
633 1873 940 1943 ἐκθέμενος.
974 1871 1046 1923 υύ
1083 1871 1194 1942 γὰρ
1236 1867 1345 1922 ἀπὸ
1389 1867 1496 1919 τῶν
1523 1865 1682 1919 θείων

109 1973 204 2023 καὶ
257 1969 390 2039 παρ’
440 1969 569 2037 ἡμῖν
617 1963 863 2033 ἱστοριῶν
929 1960 1085 2032 μόνον
1160 1959 1331 2013 ταῦτα
1402 1956 1681 2022 ἀποδεῖξαι

109 2063 414 2132 πειρῶμαι,
449 2056 537 2120 αἷς
570 2058 727 2127 ὑμεῖς
771 2054 978 2107 οὐδέπω
1019 2052 1107 2106 διὰ
1151 2051 1250 2122 τὴν
1297 2048 1530 2103 παλαιὰν
1573 2048 1681 2100 τῶν

109 2154 394 2223 προγόνων
421 2149 573 2220 ὑμῶν
597 2148 804 2217 πλάνην
829 2142 1105 2198 πιστεύειν
1126 2138 1401 2211 βούλεσθε,
1436 2137 1548 2191 ἀλλ’
1572 2134 1681 2190 ἀπὸ

110 2244 218 2294 τῶν
262 2242 583 2312 ὑμετέρων,
630 2240 725 2292 καὶ
773 2236 934 2308 μηδὲν
1006 2238 1073 2305 τῇ
1128 2232 1367 2304 ἡμετέρᾳ
1416 2230 1682 2302 θρησκείᾳ.

108 2334 481 2405 διαφερουσῶν
532 2330 777 2402 ἱστοριῶν
797 2346 811 2358 ·
837 2328 924 2381 ἵνα
971 2325 1145 2395 γνῶτε
1195 2326 1277 2378 ὅτι
1327 2325 1542 2376 πάντων
1573 2321 1679 2374 τῶν

111 2431 239 2498 παρ’
277 2427 406 2495 ύμῖν
425 2425 535 2476 εἴτε
561 2422 760 2491 σοφῶν,
781 2419 890 2472 εἴτε
925 2416 1183 2486 ποιητῶν,
1218 2413 1326 2467 εἴτε
1345 2412 1680 2484 ἱστοριογρά-

109 2539 245 2588 acuto,
266 2519 300 2588 ἢ
321 2514 695 2586 φιλοσόφων,ἢ
725 2509 1060 2581 νομοθετῶν,
1095 2506 1274 2576 πολλῷ
1306 2503 1679 2577 πρεσϐύτατος

109 2615 332 2678 γέγονεν
363 2611 391 2661 ό
426 2609 638 2680 πρῶτος
662 2607 758 2676 τῆς
790 2602 1098 2664 θεοσεϐείας
1142 2597 1459 2660 διδάσκαλος
1522 2594 1680 2666 ἡμῶν

107 2703 351 2772 Μωῦσῆς
368 2699 626 2770 γεγονὼς,
645 2699 718 2762 ὡς
742 2694 992 2769 δηλοῦσιν
1025 2696 1156 2765 ἡμῖν
1189 2694 1243 2745 αἱ
1274 2688 1384 2744 τῶν
1413 2688 1678 2759 Ἑλλήνων

107 2794 363 2864 ἱστορίαι.
412 2790 619 2860 Ἐνγάρ
643 2791 753 2850 τοῖς
778 2787 990 2858 χρόνοις
1033 2781 1261 2850 Ὠγύγου
1293 2797 1352 2833 τε
1403 2779 1499 2831 καὶ
1542 2779 1679 2831 Ἰνά-

105 2904 226 2955 χον,
274 2883 369 2947 οὓς
400 2882 495 2936 καὶ
518 2882 768 2952 γηγενεῖς
800 2895 942 2941 τινες
977 2876 1084 2928 τῶν
1121 2876 1250 2943 παρ’
1283 2874 1408 2943 ὑμῖν
1457 2871 1679 2942 ὑπειλή-

105 2993 242 3042 φασι
273 2971 621 3042 γεγενῆσθαι,
654 2967 930 3030 Μωῦσέως
965 2966 1254 3035 μέμνηνται
1293 2962 1367 3023 ὼς
1413 2961 1676 3030 ἡγεμόνος

103 3083 167 3118 τε
208 3066 300 3117 καὶ
353 3064 606 3134 ἄρχοντος
649 3059 744 3112 τοῦ
787 3058 894 3110 τῶν
936 3055 1201 3109 Ἰουδαίων
1265 3053 1470 3120 γένους.
1520 3051 1676 3104 υῦτω

103 3159 216 3224 γὰρ
270 3155 526 3222 Πολέμων
566 3152 704 3220 (90⁸)
749 3165 807 3200 τε
853 3149 910 3200 ὲν
954 3149 1019 3218 τῇ
1062 3145 1249 3216 πρώτῃ
1283 3145 1389 3196 τῶν
1439 3142 1676 3212 Ἐλληνι-
1704 3191 1746 3246 C

105 3249 221 3299 κῶν
266 3247 379 3315 (9!)
427 3244 718 3314 μέμνηται,
764 3240 859 3292 καὶ
901 3237 1145 3291 Ἀππὶων
1176 3239 1204 3289 ὁ
1233 3236 1583 3289 Ποσειδωνίου
1615 3237 1673 3287 ὲν

105 3345 176 3409 τῇ
219 3339 360 3391 κατὰ
409 3336 677 3389 Ἰουδαίων
711 3332 876 3403 βίϐλῳ
920 3330 1053 3402 (92),
1099 3329 1195 3381 καὶ
1238 3331 1295 3381 ὲν
1325 3331 1390 3398 τῇ
1435 3327 1673 3398 τετάρτῃ

105 3431 215 3485 τῶν
249 3428 520 3499 ἱστοριῶν,
545 3427 736 3494 λέγων,
767 3423 908 3478 κατά
942 3423 1151 3491 Ἴναχον
1180 3422 1412 3492 Ἄργους
1430 3419 1671 3489 βασιλέα,

117 3510 409 3594 Ἀμάσιδος
445 3519 754 3589 Αἰγυπτίων
800 3515 1171 3587 βασιλεύοντος
1207 3514 1503 3582 ἀποστῆναι
1545 3511 1676 3564 Ἰου-

104 3617 312 3677 δαίους,
359 3608 433 3665 ὧν
470 3609 718 3682 ἡγεῖσθαι
767 3607 1022 3662 Μωῦσέα.
1090 3605 1201 3660 Καὶ
1244 3605 1572 3674 Πτολεμαῖος
1615 3603 1673 3656 δὲ

104 3711 133 3760 ό
166 3707 486 3774 Μενδήσιος,
530 3703 597 3755 τὰ
626 3700 934 3769 Αἰγυπτίων
978 3698 1224 3768 ἱστορῶν,
1257 3696 1424 3749 ἅπασι
1468 3694 1673 3758 τούτοις

109 3795 533 3868 συντρέχειᾙώ
573 3796 621 3846 οἱ
646 3793 716 3846 τὰ
759 3789 1054 3862 Ἀθηναίων
1070 3789 1125 3840 δὲ
1157 3786 1511 3859 ἱστοροῦντες,
1555 3785 1674 3839 Ἐλι-

107 3890 324 3952 λὰνικός
357 3905 416 3938 τε
447 3886 542 3938 καὶ
585 3883 868 3954 Φιλόχορος
910 3884 940 3934 ὁ
967 3881 1074 3945 τὰς
1119 3877 1391 3943 Ἀτθίδας,
1437 3877 1674 3949 Κάστωρ

107 3999 164 4033 τε
211 3980 309 4033 καὶ
352 3975 576 4038 Θαλλὺς,
631 3973 726 4026 καὶ
770 3971 1113 4041 Ἀλέξανδρος
1151 3972 1178 4023 ὁ
1211 3969 1542 4040 Πολυΐστωρ,
1591 3967 1672 4021 ἔτι

107 4073 161 4123 δὲ
198 4071 298 4124 καὶ
340 4071 390 4121 οἱ
429 4065 726 4136 σοφώτατοι
767 4064 936 4116 Φίλων
980 4080 1038 4115 τε
1076 4061 1173 4114 καὶ
1215 4059 1491 4131 Ἰώσηπος,
1523 4062 1572 4112 οἱ
1604 4059 1672 4113 τά

111 4164 246 4218 κατὰ
307 4159 591 4220 Ἰουδαίους
637 4158 1036 4230 ἱστορήσαντες,
1081 4155 1155 4216 ὡς
1200 4153 1404 4224 σφόδρα
1443 4153 1669 4221 ἀρχαίου

108 4256 198 4309 καὶ
245 4249 480 4306 παλαιοῦ
531 4248 637 4300 τῶν
676 4248 940 4318 Ἰουδαίων
972 4247 1229 4319 ἄρχοντος
1261 4244 1537 4306 Μωῦσέως
1571 4242 1670 4314 μὲ-

110 4363 366 4417 μνηνται.
399 4345 458 4395 ’0
476 4342 604 4411 γοῦν
633 4341 910 4412 Ἰώσηπος,
943 4339 1001 4393 τὸ
1017 4341 1239 4410 ἀρχαῖον
1257 4337 1350 4390 καὶ
1366 4339 1425 4390 τὸ
1443 4337 1671 4390 παλαιὸν

107 4439 201 4508 τῆς
248 4437 490 4507 ἱστορίας
538 4437 634 4488 καὶ
688 4434 777 4488 διὰ
820 4434 917 4504 τῆς
964 4431 1278 4502 ἐπιγραφῆς
1308 4433 1416 4483 τῶν
1449 4429 1671 4498 βιϐλίων

110 4531 347 4598 σημῆναι
365 4524 1014 4598 βουλόρενοςρρχόμενος
1037 4524 1134 4593 τῆς
1150 4521 1405 4594 ἱστορίας,
1423 4520 1563 4573 οὕτω
1579 4520 1672 4588 γέ-

108 4638 314 4690 γραφε·
352 4621 610 4674 Φλαύιου
654 4617 939 4684 Ἰωσήπου
985 4612 1308 4682 Ἰουδαϊκῆς
1351 4613 1668 4690 ἀρχαιολο-

110 4687 270 4784 γίας·
306 4714 367 4767 τὸ
413 4712 641 4773 παλαιὸν
701 4712 797 4781 τῆς
844 4707 1079 4779 ἱστορίας
1123 4707 1506 4777 ἀρχαιολογίαν
1551 4687 1667 4776 ξθῦ)

108 4805 404 4875 ὀνομάζων.
440 4804 549 4857 Καὶ
571 4805 598 4855 ὁ
621 4801 956 4868 ἐνδοξότατος
986 4799 1041 4851 δὲ
1085 4799 1213 4869 παρ’
1233 4799 1360 4868 ὑμῖν
1389 4797 1496 4850 τῶν
1529 4797 1670 4848 ἱστο-

112 4898 423 4968 ριογράφων
479 4892 773 4962 Διόδωρος,
833 4894 862 4944 ὁ
928 4890 1026 4951 τὰς
1085 4887 1426 4958 βιϐλιοθήκας
1484 4888 1668 4939 ἐπιτε-

114 4993 223 5060 μὼν
256 4989 369 5059 (οι)
403 4989 460 5038 ὲν
490 4987 776 5056 τριάκοντα
822 4985 959 5046 ὅλοις
1003 4983 1197 5041 ἐτεσιν,
1244 4979 1425 5032 Ἀσίαν
1461 4995 1520 5032 τε
1571 4976 1670 5031 καὶ

200 5195 293 5258 90)
333 5193 566 5248 Κατιόν.
600 5191 735 5260 Reg.
765 5188 800 5243 3
826 5196 879 5242 et
907 5186 1141 5243 Clarom.
1183 5182 1458 5238 κατελθόν.
1491 5179 1581 5235 Sic
1615 5187 1670 5234 et

115 5264 173 5319 Β.
211 5265 293 5316 St;
321 5265 387 5316 ad
417 5265 638 5315 calcem.

179 5336 314 5402 (90')
339 5334 638 5400 Πολέμων.
677 5329 750 5402 De
792 5327 1064 5402 historicis
1093 5323 1372 5402 amJustino
1405 5321 1671 5402 deinceps.

117 5390 341 5458 laudatis
371 5390 522 5470 plura
551 5399 778 5454 dabilG.
810 5401 849 5453 ι.
888 5393 1208 5470 νοεςὶιιξ-ρε
1231 5394 1493 5470 historicis
1517 5390 1668 5443 Gne-

115 5492 206 5533 m.
243 5479 327 5528 ed.
357 5461 424 5526 A.
452 5471 793 5524 Westerman
815 5464 1203 5536 (Lipsire1858,
1228 5464 1329 5532 8'),
1352 5479 1405 5532 p.
1427 5461 1494 5514 28
1516 5476 1664 5530 sqq.,

120 5547 215 5598 l5l
243 5560 386 5612 sqq..
419 5543 523 5596 202
547 5556 657 5607 sq.,
681 5541 888 5612 εἶσι-εει.
914 5538 1090 5612 03170,

183 5599 300 5672 (θεῖ
326 5599 456 5667 ’Τῶν
495 5599 880 5678 Ἑλίλὴνικῶιῖ.
947 5609 1106 5678 Editi
1144 5603 1345 5678 addunt
1388 5599 1660 5678 ἱστοριῶν,

121 5702 229 5753 qua:
255 5701 353 5737 vox
383 5685 549 5753 multo
574 5675 752 5753 aptius
773 5682 923 5753 abest
951 5677 1196 5753 a‘codice
1221 5675 1552 5753 Colbertino.

188 5756 292 5818 n92)
336 5755 437 5807 Ἐν
461 5745 833 5819 τῇ...’,ϐί6λῳ.
875 5751 948 5800 ita
980 5748 1247 5819 R.St_._et
1285 5745 1502 5819 codices
1521 5757 1659 5819 _ms_s.

119 5812 326 5896 Legitur
358 5827 412 5877 in
436 5812 565 5878 edit.
595 5812 762 5876 Paris.
792 5823 850 5872 ὲν
883 5819 1022 5890 τῷ...
1051 5816 1256 5887 βιϐλίῳ.
1285 5814 1485 5868 Ibidem
1521 5812 1657 5881 legi-

1792 600 1909 637 rum
1941 585 2309 654 cognitionem
2356 585 2681 642 recluderet.
2728 588 3022 657 Propterea
3052 601 3182 656 ergo
3213 586 3360 640 velut.

1791 688 1889 726 ore
1922 687 2032 726 uno
2078 682 2133 728 et
2181 673 2366 743 lingua
2407 690 2512 728 una
2560 687 2670 730 tum
2702 677 2766 731 de
2797 679 2907 732 Deo
2936 687 2989 730 et
3021 678 3205 731 mundi
3243 677 3359 730 ori“

1791 762 1939 830 gine,
1970 773 2080 815 tum
2109 762 2178 817 de
2209 763 2446 819 hominis
2476 768 2755 821 creatione
2789 776 2846 820 et
2883 768 3078 822 anima:
3109 767 3361 820 humana:

1788 854 2221 919 immortalitate,
2271 871 2334 910 ac
2376 857 2560 912 futuro
2587 867 2710 928 post
2737 860 2877 913 hanc
2907 859 3077 911 vitam
3119 856 3347 924 judicio;

1790 955 1902 998 tum
1952 946 2017 999 de
2051 950 2306 1002 omnibus
2347 950 2508 1002 rebus
2530 987 2543 1009 ,
2577 966 2808 1016 quarum
2854 949 3014 1003 nobis
3050 949 3357 1002 necessaria

1789 1038 2030 1105 cognitio
2055 1047 2176 1101 est,
2207 1054 2418 1092 summa
2453 1049 2508 1094 et
2541 1055 2725 1094 secum
2773 1040 2905 1110 ipsis
2949 1040 3254 1095 constantia
3305 1047 3360 1092 et

1789 1127 1932 1181 inter
1972 1141 2031 1181 se
2079 1130 2442 1183 consensione
2484 1146 2583 1185 nos
2625 1131 2971 1194 docuerunt;
3018 1130 3180 1196 idque
3233 1142 3357 1182 cum

1787 1220 1954 1273 variis
1980 1219 2117 1275 locis
2149 1227 2208 1276 et
2237 1222 2574 1290 temporibus
2597 1221 2839 1276 divinam
2871 1221 3030 1275 nobis
3052 1219 3357 1274 doctrinam

1788 1309 2091 1363 traderent.

1853 1578 1906 1632 9.
1937 1578 2139 1633 Ducam
2199 1579 2364 1649 igitur
2409 1580 2621 1633 initium
2660 1595 2690 1634 a
2727 1582 2905 1649 primo
2934 1580 3073 1648 apud
3096 1596 3197 1634 nos
3231 1595 3356 1646 pro-

1784 1671 1948 1740 pheta
1967 1681 2020 1724 et
2045 1671 2349 1741 legislatore
2383 1669 2598 1742 Moyse;
2630 1687 2693 1724 ac
2726 1672 2875 1739 prius
2904 1671 3120 1739 quidem
3153 1675 3353 1740 quibus

1787 1763 2120 1832 temporibus
2167 1761 2356 1828 fuerit,
2405 1777 2468 1816 ex
2512 1763 2854 1832 gravissimis
2895 1764 3038 1831 apud
3074 1779 3172 1818 vos
3201 1765 3355 1818 testi-

1713 1843 1757 1900 B
1787 1855 1984 1908 moniis
2037 1869 2327 1922 exponam.
2363 1853 2496 1907 Nam
2546 1869 2650 1908 non
2680 1855 2838 1908 modo
2878 1869 2939 1906 ex
2984 1855 3181 1908 divinis
3208 1857 3350 1924 apud

1782 1960 1879 1998 nos
1908 1945 2173 2008 historiis,
2205 1945 2402 2012 quibus
2436 1944 2674 1996 nondum
2707 1943 2776 1997 oh
2807 1951 3041 1995 veterem
3083 1941 3350 2008 majormn

1780 2049 2021 2089 errorem
2047 2035 2306 2089 assentiri
2339 2034 2524 2098 vultis,
2562 2034 2676 2087 hrcc
2716 2034 3093 2086 demonstrare
3122 2047 3225 2085 non
3262 2047 3354 2102 ag-

1791 2127 2026 2196 gredior,
2056 2128 2151 2181 sed
2173 2127 2336 2180 etiam
2356 2141 2422 2179 ex
2449 2125 2644 2179 vestris
2663 2139 2724 2177 ac
2763 2124 2897 2177 nihil
2927 2123 2992 2177 ad
3027 2123 3346 2193 religionem

1779 2232 2021 2274 nostram
2048 2219 2478 2288 pertinentibus;
2512 2228 2570 2271 ut
2595 2217 2913 2287 intelligatis
2929 2218 3182 2271 omnibus
3210 2217 3352 2285 apud

1779 2324 1876 2363 vos
1899 2310 2015 2363 sive
2042 2308 2402 2378 sapientibus,
2429 2309 2542 2362 sive
2573 2308 2765 2376 poetis,
2797 2308 2913 2360 sive
2940 2306 3186 2360 historia?
3212 2305 3351 2359 scri-

1777 2401 2042 2469 ptoribus,
2069 2401 2184 2453 sive
2212 2397 2572 2469 phiIOSOphis,
2601 2399 2720 2453 sive
2750 2397 3154 2464 legislatorihus
3178 2395 3350 2450 multo

1776 2490 2138 2557 antiquiorem
2179 2488 2345 2543 fuisse
2387 2490 2620 2558 primum
2652 2487 2933 2557 religionis
2986 2496 3187 2541 nostrai
3233 2502 3350 2540 ma-

1775 2581 2000 2649 gistrum
2054 2579 2312 2650 Moysen,
2368 2578 2823 2648 quemadmodum
2876 2578 3034 2633 nobis
3068 2577 3350 2633 declarant

1777 2670 2019 2724 historia:
2040 2668 2374 2723 Graecorum.
2403 2669 2511 2722 Illae
2538 2668 2683 2721 enim
2713 2666 3174 2739 Ogygisetlnachi
3208 2678 3348 2722 tem-

1774 2763 2018 2833 poribus,
2053 2777 2188 2832 quos
2208 2762 2370 2816 etiam
2413 2761 2654 2814 nonnulli
2683 2774 2747 2814 ex
2791 2765 2988 2815 vestris
3017 2770 3162 2815 terra
3192 2763 3348 2830 geni-

1779 2866 1862 2909 tos
1911 2853 2282 2919 crediderunt,
2324 2852 2544 2921 Moysen
2573 2891 2588 2917 ,
2622 2859 2680 2905 ut
2723 2853 2916 2906 ducem
2954 2860 3009 2906 et
3043 2852 3344 2922 principem

1775 2946 2018 3002 nationis
2048 2943 2380 3011 Iudaeorum,
2415 2952 2867 3000 commemorant.
2903 2943 2980 2998 Ita
3005 2944 3151 3000 enim
3189 2941 3346 2999 Pole-

1777 3053 1903 3090 mon
1929 3036 1982 3089 in
2017 3036 2191 3104 primo
2217 3033 2530 3089 Graecorum
2567 3034 2812 3088 historia:
2839 3033 3010 3096 libro,
3034 3043 3145 3087 tum
3181 3035 3345 3087 etiam

1776 3127 1985 3197 Appion
2003 3126 2408 3194 Posidonii,[qui
2436 3127 2488 3178 in
2515 3140 2613 3178 suo
2640 3125 2902 3179 adversus
2918 3125 3136 3180 Judaeos
3159 3140 3346 3194 opere.

1777 3231 1833 3275 et
1858 3223 1910 3274 in
1943 3232 2140 3290 quarto
2164 3220 2522 3274 historiarum
2563 3218 2702 3271 libro
2740 3219 2932 3272 scribit
2964 3228 3223 3285 regnante
3245 3221 3349 3272 Ar-

1776 3313 1859 3382 gis
1881 3313 2079 3366 Inacho
2101 3310 2316 3365 Judaeos
2343 3312 2409 3364 ab
2425 3310 2676 3363 Amaside
2692 3309 3071 3380 IEgyptiorum
3097 3326 3224 3378 rege
3254 3311 3350 3365 de-

1775 3405 1996 3468 fecisse,
2025 3419 2250 3472 quorum
2288 3405 2480 3455 ducem
2511 3401 2680 3455 fuisse
2707 3401 2925 3473 Moysen
2947 3439 2964 3455 .
3021 3400 3348 3458 Ptolemaeus

1777 3513 1996 3566 quoque
2028 3495 2335 3550 Mendesius
2369 3510 2458 3548 res
2471 3504 2659 3565 gestas
2689 3494 3067 3564 Aigyptiorum
3097 3495 3348 3550 scribens

1777 3590 1863 3644 his
1917 3590 2174 3643 omnibus
2227 3589 2544 3643 asseutitur.
2576 3585 2644 3640 Et
2687 3588 2778 3656 qui
2812 3603 2898 3641 res
2928 3586 3347 3642 Atheniensium

1776 3680 1973 3735 litteris
2001 3679 2345 3741 mandarunt,
2378 3678 2690 3733 Hellanicus
2733 3689 2787 3732 et
2827 3689 3019 3732 auctor
3049 3677 3346 3733 Atticorum

1775 3775 2171 3837 Philochorus,
2206 3772 2398 3826 Castor
2421 3781 2475 3825 et
2498 3769 2738 3829 Thallus,
2767 3776 2819 3822 et
2839 3770 3146 3825 Alexander
3182 3770 3346 3844 Poly-

1774 3867 1966 3930 histor,
1999 3875 2112 3919 tum
2145 3869 2310 3919 etiam
2356 3863 2742 3933 sapientissimi
2777 3862 3126 3918 Iudaicarum
3160 3877 3342 3920 rerum

1776 3959 2074 4025 scriptores
2091 3954 2248 4009 Philo
2272 3953 2608 4022 etJosephus
2627 3952 2850 4021 Moysis,
2877 3963 2935 4007 ut
2967 3956 3341 4025 antiquissimi

1773 4059 1828 4103 et
1859 4047 2222 4102 vetustissimi
2251 4045 2558 4100 Judzeorum
2590 4044 2764 4110 ducis,
2799 4046 3114 4102 meminere.
3145 4048 3222 4100 Ac
3247 4045 3340 4100 Jo-

1774 4144 1974 4212 sephus
2002 4143 2246 4211 quidem,
2279 4156 2401 4195 cum
2444 4139 2824 4207 antiquitatem
2862 4140 3100 4193 historiae
3133 4156 3199 4194 ex
3226 4141 3340 4209 ipsa

1773 4235 2036 4288 librorum
2093 4232 2447 4301 inscriptione
2496 4231 2777 4285 declarare
2817 4230 2997 4294 vellet,
3032 4232 3103 4284 ita
3143 4232 3196 4285 in
3229 4233 3340 4300 pri-

1772 4325 1984 4381 mordio
2014 4323 2256 4377 historia:
2309 4322 2529 4390 scripsit
2565 4342 2577 4376 :
2607 4319 2785 4373 Flavii
2811 4318 3030 4387 Joseplu'
3082 4321 3341 4389 Judaipa—

1773 4435 1892 4473 rum
1933 4412 2303 4486 antiquitatum
2356 4412 2498 4477 libri,
2546 4420 2874 4466 vetustatem
2916 4411 3161 4466 historia:
3198 4414 3339 4467 anti-

1702 4540 1746 4598 υ
1775 4515 2043 4582 quitatum
2095 4509 2315 4563 nomine
2353 4506 2665 4575 designans.
2703 4505 2817 4558 Huc
2862 4506 3345 4563 acceditceleben

1776 4605 1944 4658 rimus
1975 4609 2276 4657 vestrorum
2305 4599 2552 4652 historiae
2582 4597 2910 4666 scriptorum
2943 4595 3228 4662 Diodorus,
3245 4599 3336 4668 qui

1772 4697 2134 4750 bibliothecas
2177 4694 2235 4747 in
2291 4691 2669 4762 compendium
2729 4690 2940 4760 redegit
2988 4706 3085 4758 per
3113 4692 3334 4760 triginta

1772 4789 1919 4856 ipsos
1946 4799 2140 4850 annos,
2162 4793 2357 4842 etcum
2382 4784 2564 4836 Asiam
2589 4782 2952 4849 etEuropam,
2983 4791 3040 4835 ut
3066 4783 3178 4849 ipse
3202 4784 3340 4836 scri-

1773 4880 1871 4942 bit,
1901 4879 1971 4933 ob
2018 4891 2288 4932 summam
2327 4876 2378 4928 in
2422 4873 2771 4942 explorandis
2803 4874 2965 4927 rebus
3004 4871 3335 4941 diligentiam

1773 4980 2137 5043 peragrasset,
2191 4983 2256 5025 ac
2304 4967 2535 5038 plurima
2578 4965 2754 5021 oculis
2780 4965 2895 5020 suis
2921 4963 3166 5030 vidisset,
3202 4979 3337 5032 qna-

1775 5187 1861 5230 tnr
1921 5177 2161 5229 ’Λππὶων
2216 5175 2269 5228 in
2332 5172 2610 5242 plerisque
2656 5169 2932 5225 codicibus
2997 5182 3128 5222 mss.
3190 5168 3333 5222 Editi

1785 5249 1838 5300 'A
1849 5249 2005 5300 πίων.

1842 5320 1954 5386 (95)
1992 5314 2456 5386 Ἀρχαιολοτιξαν.
2483 5312 2642 5386 Deest
2667 5311 2718 5362 in
2743 5307 2980 5386 Colbert_.

1841 5377 2575 5456 {95}'E§ri§syubrf_00lhert.
2619 5377 2923 5456 ὑποτεμῶν.
2956 5379 3008 5430 In
3042 5378 3154 5446 ipsa
3189 5378 3333 5430 Pra!‘

1770 5452 1975 5514 latione
2029 5452 2261 5512 testatur
2307 5454 2572 5507 Diodorus
2608 5467 2664 5505 se
2719 5452 2942 5519 triginta
2991 5463 3160 5501 annos
3193 5464 3333 5519 con-

1769 5530 2065 5596 sumpsisse
2098 5530 2150 5582 in
2172 5524 2534 5579 monumentis
2551 5518 2810 5596 historiae,
2846 5519 3062 5596 qu:e__ob
3092 5518 3328 5570 varieta-

1770 5589 1955 5654 tem-et
1997 5597 2396 5653 multitudinem
2446 5608 2542 5646 nec
2572 5591 2729 5644 facile
2760 5589 3019 5657 parabilia
3048 5597 3202 5640 erant
3230 5602 3329 5640 nec

1768 5672 1833 5724 ad
1865 5669 2075 5739 legendi
2109 5669 2348 5720 laborem
2372 5665 2678 5728 commoda,
2713 5676 2878 5714 unum
2911 5660 3071 5714 veluti
3103 5658 3157 5712 in
3201 5671 3325 5710 cor-

1767 5756 1869 5810 pus
1903 5739 2225 5810 redigendis.
