4140 6414
736 357 837 414 263

1768 360 1827 415 S.
1865 358 2126 416 JUSTINI
2159 359 2574 419 PHILOSOPHI
2606 362 2694 417 ΕΤ
2730 359 3088 418 MARTYRIS

3893 366 4005 421 τοι

732 476 916 531 obrcm
946 484 1374 532 consentaneum
1422 480 1562 533 duco
1594 494 1733 535 nunc
1763 480 1918 536 vobis
1950 482 2003 536 in
2051 492 2286 553 tempore

2396 486 2615 555 ἀπάτην
2674 483 3016 555 τραπήσεσθε
3043 502 3056 514 ·
3106 482 3251 537 οὕτω
3301 482 3410 556 γὰρ
3459 482 3673 555 ἀκήκοα
3724 485 4008 554 λεγόντων

730 565 999 634 proferre,
1028 582 1149 636 qua:
1194 568 1344 635 prius
1373 571 1517 637 apud
1551 584 1644 623 vos
1678 570 1763 625 his
1805 572 1871 625 de
1906 573 2067 626 rebus
2098 574 2299 627 audivi.

728 658 1042 713 Consulenti
1062 659 1206 713 enim
1232 662 1474 727 cuidam,
1505 672 1563 715 ιιι
1591 664 1692 733 ipsi
1720 666 1989 730 narratis,
2019 668 2303 721 oraculum

727 757 995 807 vestrum.
1024 750 1221 819 quibus
1251 753 1464 807 tandem
1498 754 1811 810 hominibus
1847 756 1953 826 piis
1980 771 2101 812 esse
2126 773 2189 812 ac
2222 774 2305 813 re-

729 839 935 910 ligiosis
966 840 1256 911 aliquando
1282 848 1639 914 contigisset,
1680 850 1759 903 sic
1789 848 2072 905 oraculum
2121 851 2304 906 dicitis

729 932 1077 997 respondisse

803 1110 921 1166 Soli
945 1110 1185 1165 (Πισιάωὶ
1206 1114 1517 1180 sapientiam
1533 1117 1841 1171 sortitisunt
1869 1126 1919 1171 et
1950 1118 2158 1174 Πείθτωὶ

797 1180 903 1235 Per
932 1199 987 1235 se
1011 1184 1243 1251 genitum
1277 1200 1444 1252 regem
1476 1198 1699 1239 colentes
1732 1187 1899 1240 Deum
1926 1191 2116 1253 ipsum.

795 1360 1059 1427 Quoniam
1089 1376 1221 1431 ergo
1260 1362 1415 1417 vobis
1438 1362 1695 1425 videmini
1727 1380 1793 1417 ex
1834 1367 2074 1420 oraculis
2102 1367 2302 1421 vestris

722 1466 913 1508 verum
960 1467 1121 1521 posse
1162 1454 1406 1515 discere;
1437 1454 1563 1507 dum
1608 1455 1866 1510 historias
1898 1456 2076 1526 legitis
2101 1467 2153 1511 et
2181 1473 2302 1526 qua:

721 1546 790 1600 de
837 1543 1039 1616 Moysis
1087 1545 1192 1599 vita
1260 1546 1510 1601 homines
1573 1557 1777 1601 nostra!
1832 1548 2081 1617 religioni
2137 1548 2299 1602 alieni

720 1637 1031 1707 scripsere,
1081 1648 1246 1709 atque
1310 1656 1377 1694 ex
1426 1639 1801 1695 Chaldaeorum
1848 1653 1901 1693 et
1945 1641 2299 1695 Hebrmornm

720 1744 919 1799 genere
959 1740 1140 1785 ortum
1186 1745 1308 1786 esse
1357 1731 1575 1803 Moysen
1626 1748 1692 1787 ac
1736 1744 1961 1788 exteros
2002 1734 2298 1804 prophetas

717 1823 1293 1891 perspicitis,minime
1324 1825 1525 1879 mirum
1548 1834 1601 1880 et
1626 1826 1944 1881 incredibile
1968 1826 2298 1888 existimate,

2406 576 2583 629 τινῶν.
2608 576 2817 629 Οὐκοῦν
2848 574 3137 631 ἀκόλουθον
3170 574 3436 646 ἡγοῦμαι,
3461 576 3497 630 ἀ
3530 578 3659 646 παρ’
3696 577 3831 647 ὑμῖν
3866 577 4008 648 πρό-

2405 687 2560 740 τερον
2592 671 2722 740 περὶ
2750 669 2930 721 αὐτῶν
2950 668 3163 739 ἀκήκοα
3198 668 3484 736 λεγόντων,
3519 669 3690 723 ταῦτα
3724 671 3783 722 ἐν
3818 665 4006 740 καιρῷ

2404 760 2520 812 νυνὶ
2554 760 2689 830 πρὸς
2723 761 2867 829 ὑμᾶς
2903 761 3095 813 εἰπεῖν.
3130 760 3421 830 Ἐρομένου
3443 762 3553 831 γάρ
3585 778 3749 825 τινος,
3785 761 3869 824 ὡς
3902 762 4006 813 αὑ-

2404 851 2486 905 τοί
2520 870 2676 919 φατε,
2700 852 2793 905 τοῦ
2818 853 2946 923 παρ’
2971 853 3100 923 ὑμῖν
3133 855 3466 927 χρηστηρίου
3489 856 3564 924 (6)
3599 856 3753 917 τίνας
3787 853 4003 928 συνέϐη

2405 945 2678 1007 θεοσεϐεῖς
2700 945 2895 1017 ἄνδρας
2927 948 3255 1016 γεγενῆσθαί
3291 966 3441 1012 ποτε,
3476 946 3621 1001 οὕτω
3654 947 3715 1000 τὸ
3749 948 4008 1019 χρηστή-

2404 1054 2521 1104 ριον
2562 1038 2840 1107 εἰρηκέναι
2876 1040 3031 1106 φατέ·

2466 1128 2689 1201 Μοῦνοι
2708 1130 2985 1201 Χαλδαῖοι
3006 1131 3231 1199 σοφίην
3246 1131 3461 1199 λάχον,
3480 1132 3572 1199 ἡδ’
3588 1133 3680 1201 ἆρ’
3710 1132 4005 1199 Ἑϐραῖοι.

2457 1198 2870 1268 Αὑτογένητσν
2930 1200 3159 1255 ἄνακτα
3212 1198 3591 1270 “etiamm
3622 1198 3637 1201 θ
3682 1198 3841 1257 Θεὸᾷο
3891 1205 3997 1254 αὑ-

3643 1272 3775 1344 [τόν
3810 1272 3923 1345 (7).

2473 1382 2682 1436 Οὐκοῦν
2735 1386 3028 1459 ἐπειδήπερ
3080 1386 3257 1442 οῐεσθε
3291 1390 3443 1461 παρὰ
3493 1388 3601 1442 τῶν
3634 1388 4009 1460 χρηστηρίων

2402 1469 2556 1541 ὑμῶν
2586 1472 2841 1528 δύνασθαι
2877 1478 3082 1551 τάληθῆ
3136 1479 3428 1550 μανθάνειν
3449 1522 3463 1544 ,
3500 1482 3816 1551 ἐντυχόντες
3871 1483 4009 1545 ταῖς

2402 1560 2664 1630 ἱστορίαις
2700 1564 2922 1629 καὶτοῖς
2962 1566 3090 1638 περὶ
3121 1570 3216 1621 του
3252 1568 3367 1637 βίου
3388 1570 3665 1633 Μἐιῦσέως
3696 1572 4008 1641 γραφεῖσιν

2402 1650 2506 1702 ὑπὸ
2526 1652 2631 1704 τῶν
2653 1653 2850 1718 ἔξωθεν
2872 1656 2967 1725 τῆς
2989 1658 3262 1729 ἡμετέρας
3285 1660 3601 1731 θρησκείας,
3634 1662 3729 1716 καὶ¹
3758 1664 4005 1731 γνόντες

2400 1743 2483 1795 ὃτι
2515 1746 2580 1797 ὲκ
2628 1746 2721 1799 τοῦ
2755 1746 2861 1801 τῶν
2890 1750 3171 1804 Χαλδαίων
3205 1753 3298 1805 καὶ
3345 1754 3607 1824 Ἐϐραίων
3650 1755 3843 1823 γένους
3881 1756 4005 1829 ὥρ-

2404 1851 2544 1905 μητο
2576 1836 2850 1906 Μωῦσῆς,
2886 1839 2981 1891 καὶ
3034 1842 3084 1893 οἱ
3120 1841 3295 1895 λοιποὶ
3329 1843 3638 1915 προφῆται,
3677 1846 3845 1918 μηδὲν
3883 1866 4001 1901 πα-

715 1914 760 1969 si
786 1923 965 1969 ortum
994 1929 1058 1969 ex
1088 1915 1175 1984 pio
1197 1931 1395 1984 genere
1422 1917 1724 1984 hominem,
1751 1928 1807 1973 et
1836 1920 1996 1989 digne
2023 1918 2286 1987 majorum

2396 1896 2616 2000 ράδοξον
2646 1896 2972 2001 γεγενῆσθαι
2999 1935 3270 2004 νομίζετε,
3305 1938 3354 1989 εἱ
3372 1896 3461 1990 ἐξ

713 2006 917 2075 pietate
969 2008 1238 2061 viventem
1288 2006 1383 2061 illo
1424 2009 1565 2063 dono
1602 2008 1747 2064 Deus
1773 2025 1971 2065 ornare
2003 2010 2173 2064 voluit
2228 2024 2293 2064 ac

715 2100 949 2167 primum
978 2100 1221 2153 omnium
1250 2100 1641 2169 prophetarum
1677 2102 1987 2173 designare.

785 2365 875 2421 19.
906 2365 1041 2419 lllud
1074 2365 1243 2419 etiam
1291 2364 1570 2435 inquirere
1599 2368 1965 2422 necessarium
2000 2366 2287 2428 arbritror,

712 2459 911 2527 quibus
956 2458 1292 2528 temporibus
1314 2459 1488 2514 vestri
1512 2458 1830 2513 exstiterint
1857 2457 2185 2527 philosophi,
2230 2469 2291 2511 ut

712 2562 953 2616 atatem,
982 2564 1105 2619 qua;
1128 2551 1284 2606 vobis
1308 2551 1433 2606 illos
1456 2550 1669 2616 extulit,
1697 2560 1969 2605 recentem
1998 2550 2287 2605 admodum

712 2658 778 2699 ac
820 2643 1041 2699 brevem
1092 2657 1216 2699 esse
1260 2643 1628 2714 cognoscatis.
1663 2642 1755 2698 Sic
1798 2644 1943 2697 enim
1987 2652 2042 2697 et
2090 2642 2289 2713 Moysis

714 2738 1098 2807 antiquitatem
1146 2736 1362 2792 facilius
1406 2736 1655 2805 poteritis
1698 2736 2025 2805 perspicere.
2067 2735 2172 2790 Sed
2223 2751 2290 2792 ne

715 2840 963 2901 tempora
992 2843 1322 2899 percurrens
1355 2828 1575 2897 longius
1604 2827 1785 2883 facere
1814 2828 2022 2890 ridear,
2053 2828 2099 2882 si
2128 2826 2292 2897 pluri-

713 2922 815 2975 bus
844 2928 969 2975 utar
1002 2920 1371 2990 argumentis,
1400 2918 1507 2990 ιθ
1533 2919 1669 2973 satis
1715 2920 1958 2973 arbitror
1984 2918 2065 2973 vel
2095 2933 2162 2973 ex
2202 2918 2289 2972 bis

712 3016 1117 3069 demonstrare.
1144 3011 1406 3069 Socrates
1433 3014 1580 3068 enim
1612 3011 1877 3078 Platonis,
1904 3013 2055 3068 Plato
2077 3013 2288 3068 Aristo-

719 3106 843 3161 telis
881 3115 1207 3177 praeceptor.
1256 3104 1321 3159 lli
1378 3114 1558 3159 autem
1619 3104 1852 3175 Philippi
1897 3115 1952 3161 et
1994 3106 2286 3160 Alexandri

714 3199 1027 3255 Macedonis
1046 3197 1286 3255 ﬂoruere
1311 3200 1647 3269 temporibus
1662 3240 1679 3265 ,
1700 3200 1899 3267 quibus
1924 3199 2086 3253 etiam
2118 3199 2285 3253 Athe-

715 3293 985 3348 niensium
1032 3292 1305 3358 rhetores,
1356 3300 1419 3345 ut
1479 3292 1637 3345 nobis
1660 3300 1865 3367 \aperte
1912 3292 2288 3346 demonstrant

713 3387 884 3455 ipsius
913 3384 1303 3441 Demosthenis
1327 3384 1547 3454 scriptae
1570 3384 1625 3438 in
1650 3382 1958 3454 Philippum
1987 3383 2284 3438 orationes.

709 3477 1062 3533 Aristotelem
1094 3485 1274 3533 autem
1317 3493 1442 3532 cum
1474 3477 1783 3532 Alexandro
1811 3485 2074 3545 regnante
2100 3491 2286 3530 versa-

712 3581 826 3624 tum
850 3583 1006 3634 esse,
1033 3565 1333 3637 scriptores
1360 3583 1541 3625 rerum
1571 3569 1639 3621 ab
1667 3567 1981 3622 Alexandro
2005 3577 2283 3636 gestarum

710 3660 852 3716 satis
877 3659 1183 3715 declarant.
1224 3658 1599 3730 Undequaque
1629 3660 1793 3728 igitur
1824 3659 1984 3715 facile
2009 3662 2286 3730 cognosci-

712 3760 801 3805 tur
847 3750 1019 3805 ntulto
1051 3750 1308 3807 omnibus
1344 3752 1593 3806 externis
1629 3752 1875 3807 historiis
1920 3752 2283 3822 antiquiorem

713 3858 837 3899 esse
862 3842 1067 3913 Mnysis
1087 3842 1396 3898 historiam.
1427 3843 1697 3899 Praeterea
1728 3858 1827 3899 nec
1852 3843 1981 3899 illud
2011 3860 2105 3899 vos
2131 3846 2285 3900 decet

715 3935 970 4005 ignorare
990 3976 1004 3999 ,
1035 3936 1173 3989 nihil
1195 3951 1225 3991 a
1255 3935 1465 3992 Graecis
1496 3945 1623 3991 ante
1650 3935 2001 4008 Olympiades
2030 3949 2284 3993 accurate

710 4028 996 4098 scriptum,
1044 4043 1223 4099 neque
1265 4030 1433 4084 ullum
1475 4044 1599 4085 esse
1640 4040 1799 4086 vetus
1840 4042 2279 4096 monumentum,

707 4124 851 4193 quod
880 4138 998 4178 rem
1029 4138 1057 4177 a
1091 4124 1295 4179 Graecis
1327 4133 1424 4179 aut
1460 4124 1709 4180 barbaris
1742 4134 1948 4195 gestam
1978 4126 2281 4195 perliibeat.

710 4216 837 4273 Sola
871 4228 997 4271 ante
1045 4215 1176 4271 illud
1219 4226 1430 4286 tempus
1473 4216 1725 4271 exstabat
1769 4219 2043 4287 propheta:
2084 4218 2283 4290 Moysis

706 4308 958 4374 historia,
1010 4323 1175 4378 quam
1222 4308 1407 4364 divino
1453 4307 1633 4363 aﬂlatu
1689 4309 1882 4365 litteris
1927 4309 2280 4367 Hebraeorum

708 4400 1139 4457 commendavit.
1184 4399 1434 4456 Nondum
1472 4401 1619 4455 enim
1650 4412 1810 4455 erant
1838 4402 2033 4458 littera:
2059 4403 2281 4459 Graeco-

712 4508 857 4557 rum,
908 4500 967 4545 ut
1020 4492 1123 4561 ipsi
1177 4492 1461 4547 declarant
1510 4491 1818 4548 litterarum
1876 4496 2145 4565 magistri,
2190 4497 2281 4564 qui

2395 2023 2568 2075 σεόὦν
2600 2023 2689 2076 τὸν
2721 2025 2908 2096 ἄνδρα,
2944 2026 3037 2079 καὶ
3082 2026 3249 2093 ἀξίως
3290 2029 3388 2100 τῆς
3420 2029 3527 2083 τῶν
3560 2033 3843 2104 προγόνων
3879 2034 4005 2088 θεοι-

2394 2115 2611 2180 σεδείας
2648 2117 2947 2185 βεϐιωκότα
2970 2161 2985 2184 ,
3025 2122 3054 2173 ό
3086 2120 3219 2185 Θεὸς
3254 2124 3319 2194 τῇ
3358 2122 3567 2195 μεγάλῃ
3598 2125 3772 2199 ταύτῃ
3803 2126 4000 2199 δωρεᾷ

2394 2210 2618 2279 τιμῆσαι
2654 2210 2922 2279 προῠθετο
2945 2254 2959 2273 ,
2999 2215 3092 2268 καὶ
3140 2215 3355 2286 πρῶτον
3410 2217 3664 2272 ἁπάντων
3702 2222 3999 2292 ἀποφῆναι

2397 2302 2504 2352 τῶν
2540 2302 2854 2372 προφητῶν.

2465 2391 2552 2443 12.
2587 2391 2909 2461 Ἀναγκαῖον
2928 2395 2982 2447 δὲ
3010 2394 3164 2466 οἶμαι
3200 2398 3293 2451 καὶ
3326 2400 3452 2464 τοὺς
3471 2401 3699 2472 χρόνους
3721 2408 3994 2471 σκοπεῖν,

2392 2486 2513 2539 καθ’
2564 2486 2657 2549 οὓς
2707 2489 2755 2541 οἱ
2809 2488 2930 2541 καθ’
2982 2490 3127 2559 ὑμᾶς
3178 2492 3430 2559 γεγόνασι
3481 2496 3779 2565 φιλόσοφοι,
3830 2499 3995 2563 ὅπως

2390 2579 2564 2646 γνῶτε
2612 2581 2695 2632 ὅτι
2747 2582 2865 2644 νέος
2917 2581 3123 2653 σφόδρα
3157 2582 3250 2637 καὶ¹
3286 2584 3490 2656 βραχύς
3523 2591 3668 2641 ἐστιν
3699 2592 3727 2643 ὁ
3759 2591 3994 2655 τούτους

2391 2668 2520 2740 ὑμῖν
2560 2671 2797 2740 ἐνεγκὼν
2818 2673 3029 2742 χρόνος.
3069 2673 3229 2728 Οὕτω
3262 2677 3370 2749 γάρ
3402 2679 3530 2750 ὑμῖν
3567 2680 3720 2735 ἔσται
3751 2684 3993 2738 δυνατὸν

2390 2762 2484 2815 καὶ
2535 2762 2629 2832 τὴν
2681 2763 2957 2826 Μωῡσέως
2990 2762 3323 2837 ἀρχαιότητα
3370 2770 3565 2841 ῥᾳδίως
3610 2774 3832 2842 γνῶναι·
3891 2778 3992 2832 ἴνα

2388 2853 2445 2905 δὲ
2482 2852 2557 2923 μὴ
2579 2892 2595 2917 ,
2630 2853 2760 2925 περὶ
2805 2853 2913 2907 τῶν
2964 2856 3171 2926 χρόνων
3202 2856 3443 2925 διεξιὼν,
3479 2862 3766 2934 παρέλξειν
3796 2865 3945 2931 δόξω
3966 2907 3986 2932 ,

2390 2945 2629 3037 πλείοσιν
2677 2945 2986 3013 ἀποδείξεσι
3035 2948 3351 3021 χρώμενος,
3401 2954 3765 3028 ἀποχρώντως
3816 2956 3986 3037 οἶμαι

2389 3036 2594 3090 τούτων
2639 3037 2929 3091 δεικνύναι.
2990 3042 3287 3115 Σωκράτης
3344 3044 3441 3115 μὲν
3488 3047 3599 3118 γάρ
3648 3036 3983 3117 Πλάτωνος,

2391 3128 2619 3182 Πλάτων
2667 3126 2725 3182 δὲ
2755 3131 3157 3203 Ἀριστοτέλους
3188 3135 3507 3202 διδάσκαλος
3542 3141 3781 3208 γέγονεν.
3808 3138 3983 3198 Οὗτοι

2313 3249 2356 3306 c
2389 3218 2447 3271 δὲ
2472 3218 2613 3272 κατά
2644 3221 2769 3283 τοὺς
2788 3218 3063 3276 ⁴Ιιιλίαιιπου
3088 3224 3182 3278 καὶ
3228 3228 3576 3302 Ἀλεξάνδρου
3601 3231 3695 3285 τοῦ
3727 3234 3985 3289 Μακεδό-

2394 3325 2484 3372 νος
2508 3310 2761 3381 ἧκμασαν
2782 3312 3028 3383 χρόνους,
3062 3315 3187 3369 καθ’
3214 3316 3311 3382 οὓς
3340 3321 3435 3373 καὶ
3458 3323 3506 3375 οἱ
3545 3322 3839 3394 Ἀθηναίων
3875 3328 3987 3399 (3+,-

2389 3418 2566 3473 τορες,
2599 3402 2676 3467 ὡς
2704 3404 2955 3475 δηλοῦσιν
3003 3409 3138 3479 ἡμῖν
3172 3413 3359 3481 σαφῶς
3400 3414 3495 3468 καὶ
3533 3418 3584 3468 οἱ
3639 3418 3981 3489 Δημοσθένει

2390 3494 2531 3548 κατὰ
2560 3495 2829 3550 Φιλίππου
2862 3500 3167 3570 γραφέντες
3197 3503 3365 3573 λόγοι.
3387 3508 3508 3561 Ὅτι
3533 3508 3589 3561 δὲ
3614 3511 3709 3563 καὶ
3733 3512 3983 3583 Ἀριστο-

2386 3586 2545 3657 τὲλης
2588 3589 2904 3663 Αλεξάνδρῳ
2932 3595 3100 3665 συνῆν
3130 3598 3188 3650 ὲν
3220 3595 3298 3668 τῷ
3329 3598 3430 3669 τῆς
3462 3600 3737 3670 βασιλείας
3766 3604 3975 3677 Χρδνφο

2385 3679 2434 3730 οἱ
2465 3678 2563 3741 τὰς
2600 3680 2950 3754 Ἀλεξάνδρου
2983 3686 3370 3758 ἱστορήσαντες
3395 3689 3621 3761 πράξεις
3646 3692 3841 3756 ἱκανῶς
3873 3694 3979 3768 δη-

2384 3770 2654 3844 λοῦσι(7⁶)
2676 3815 2690 3826 .
2718 3772 3063 3846 Πανταχόθεν
3077 3774 3171 3832 οὖν
3203 3780 3404 3848 γνῶναι
3438 3784 3639 3854 ῥᾴδιον.
3673 3786 3754 3840 ὅτι
3787 3786 3976 3861 πολλῷ

2384 3864 2747 3936 ἀρχαιοτάτην
2793 3868 2983 3921 πασῶν
3016 3871 3124 3925 τῶν
3165 3871 3364 3935 ἔξωθεν
3391 3875 3644 3947 ἱστοριῶν
3682 3877 3777 3949 τὴν
3800 3880 3975 3933 Meo?)-

2386 3956 2523 4021 σέως
2554 3958 2794 4030 ἱστορίαν
2815 3956 2954 4016 εἴναι
2989 3966 3294 4035 συμδαίνει.
3336 3968 3545 4031 Ἀλλως
3576 3987 3635 4021 τε
3659 3969 3779 4023 οὐδὲ
3806 3970 3975 4028 τοῦτο

2383 4049 2598 4116 ἀγνοεῖν
2630 4052 2775 4122 ὑμᾶς
2806 4056 3095 4126 προσήκει,
3136 4058 3220 4111 ὅτι
3260 4059 3411 4114 οὐδὲν
3466 4060 3689 4132 Ἕλλησι
3723 4062 3826 4135 πρὸ
3852 4065 3973 4120 τῶν

2399 4139 2773 4212 Ὀλυμπιάδων
2800 4146 3027 4219 ἀκριϐὲς
3043 4148 3123 4220 (8)
3155 4151 3453 4223 ἱστόρηται,
3473 4154 3582 4207 οὐδ’
3612 4157 3728 4209 ἐστὶ
3758 4175 3810 4210 τι
3838 4157 3972 4227 σύγ-

2382 4248 2617 4306 γραμμα
2672 4234 2917 4303 παλαιὸν,
2977 4238 3246 4312 Ἐλλήνων
3291 4243 3324 4314 ἢ
3378 4245 3666 4318 βαρϐάρων
3700 4253 3969 4321 σημαῖνον

2384 4324 2601 4396 πρᾶξιν.
2622 4328 2775 4399 Μόνη
2800 4328 2857 4382 δὲ
2888 4331 2921 4400 ἡ
2951 4330 3044 4384 τοῦ
3079 4336 3356 4405 προφήτου
3374 4337 3652 4403 Μωῦσέως
3675 4342 3968 4413 προῦπῆρ-

2383 4433 2475 4485 χεν
2507 4419 2736 4491 ἱστορία,
2765 4420 2832 4490 ἢν
2862 4422 2927 4474 ὲκ
2956 4422 3056 4492 τῆς
3088 4423 3241 4489 θείας
3278 4427 3563 4493 ἐπιπνοίας
3604 4430 3843 4503 Μωῦσῆς
3867 4435 3967 4502 γέ-

2383 4523 2561 4579 γραφε
2590 4513 2704 4574 τοῖς
2748 4512 2856 4566 τῶν
2904 4513 3171 4586 Ἑϐραίων
3208 4518 3519 4589 γράμμασι.
3571 4522 3651 4575 Τά
3709 4524 3815 4596 γὰρ
3850 4526 3963 4583 τῶν

708 4584 974 4639 Cadmum
1005 4598 1074 4638 ex
1100 4582 1381 4639 Phoenicia
1412 4585 1621 4641 litteras
1650 4587 1883 4655 primum
1912 4587 2161 4645 attulisse
2185 4632 2201 4654 ,
2228 4600 2282 4645 et

2397 4599 2663 4673 Ἑλλήνων
2692 4604 2905 4659 οὐδέπω
3096 4607 3172 4672 ὡς
3207 4582 3425 4680 δηλοῦσι
3450 4611 3544 4666 καὶ
3577 4582 3731 4669 αὐτοὶ
3758 4582 3806 4669 οἱ
3848 4618 3963 4674 τῶν

710 4690 832 4728 cum
847 4674 1059 4730 Graecis
1076 4676 1514 4732 communicasse
1534 4676 1743 4732 dicunt.
1770 4677 1897 4731 Illud
1926 4679 2089 4733 etiam
2120 4688 2283 4735 testa-

711 4776 801 4822 tur
840 4767 1098 4837 princeps
1127 4777 1432 4821 vestrorum
1469 4767 1911 4838 philosophorum
1942 4770 2098 4825 Plato
2117 4810 2132 4834 ,
2160 4785 2283 4828 sero

711 4859 959 4913 iuventas
1011 4859 1227 4913 litteras
1275 4858 1463 4914 fuisse.
1497 4859 1730 4929 Scripsit
1784 4862 1927 4916 enim
1974 4861 2029 4917 in
2076 4858 2282 4918 Timzeo

709 4951 1019 5020 sapientum
1050 4951 1510 5018 sapientissimum
1546 4951 1801 5008 Solonem
1867 4969 1991 5010 cum
2018 4970 2081 5011 ex
2113 4955 2282 5028 Egy-

784 5132 859 5205 (6)
1132 5135 1521 5205 χρηατηριου.
1550 5133 1641 5188 Sic
1667 5134 1783 5205 Reg
1825 5138 1848 5190 l
1882 5139 2124 5205 etColb.,
2149 5153 2202 5197 et
2225 5144 2277 5199 in

711 5203 1055 5285 marg.AReg.
1093 5205 1148 5285 3,
1184 5216 1238 5285 et
1272 5204 1514 5285 Clarom.
1546 5206 1695 5285 _Ed_iti
1751 5203 1879 5285 τὸ...
1927 5203 2275 5285 χρηστήριον.

898 5274 1049 5347 Θεὸν
1080 5274 1283 5347 αὐτόν.
1331 5275 1589 5347 Quamvis
1624 5276 1738 5330 haec
1767 5273 2035 5347 scriptu-ra
2064 5273 2165 5338 ηόύ
2201 5301 2281 5340 re-

714 5344 954 5424 periatur
1002 5346 1102 5398 nisi
1129 5345 1202 5424 ad
1241 5344 1563 5424 marginem
1594 5347 1797 5424 codicis
1843 5344 2115 5424 ϐρώσει-ιη
2150 5357 2276 5424 quia

717 5426 894 5469 tamen
937 5415 990 5467 in
1045 5415 1236 5468 eodem
1262 5427 1420 5484 versu
1460 5415 1658 5484 legitur
1685 5413 1815 5470 Θεὸν
1840 5421 2003 5475 αὐτόν
2037 5413 2180 5477 intra
2218 5442 2271 5479 n.

713 5484 931 5558 ειηυδι
981 5485 1251 5558 sententia
1291 5482 1855 5558 Justini'necessario
1904 5494 2163 5558 postulat,
2218 5506 2275 5549 ut

717 5557 789 5633 ita
824 5556 1067 5633 legatur;
1088 5570 1191 5608 non
1217 5554 1470 5633 dubitavi
1488 5556 1775 5633 hoc_et_i:un
1800 5554 1917 5633 loco
1940 5562 2119 5633 legere
2143 5564 2276 5619 Θεὸν

714 5623 878 5701 αιὶτόν
912 5639 1009 5692 pro
1044 5640 1109 5689 eo
1135 5626 1279 5701 quod
1299 5635 1432 5701 erat
1444 5625 1511 5701 _in
1542 5627 1701 5701 editis
1740 5628 1873 5683 Θεὸν
1909 5623 2108 5701 ἁγνῶς.
2145 5634 2276 5691 Par-

718 5697 961 5769 phvrius,
984 5703 1120 5748 teste
1152 5694 1408 5769 Eusebio,
1432 5693 1634 5769 Ρνφρ.,
1670 5696 1761 5749 lib.
1795 5715 1870 5765 rx,
1894 5693 2013 5769 cap.
2050 5693 2137 5765 1⁷0,
2171 5707 2273 5763 hoc

719 5762 1301 5843 Apollinis“oraculum
1334 5767 1598 5843 referebat
1624 5766 1675 5843 in
1700 5781 1799 5843 suo
1830 5762 1902 5824 De
1937 5762 2271 5843 Philosophia

716 5849 781 5887 ex
818 5836 1045 5889 oraculis
1078 5835 1233 5889 libro.
1273 5833 1319 5891 ls
1358 5846 1538 5891 autem
1568 5835 1713 5905 legit,
1739 5841 2116 5911 αὑτοτὲνεολον
2146 5833 2273 5901 δινα-

2383 4696 2725 4765 γραμμάτων
2778 4697 3105 4764 διδάσκαλοι,
3138 4704 3440 4771 φάσκοντες
3479 4706 3699 4777 Κάδμον
3741 4709 3959 4781 πρῶτον

2385 4787 2447 4837 ἐκ
2484 4786 2735 4859 Φοινίκης
2776 4790 2916 4844 αὐτὰ
2965 4793 3293 4863 κομίσαντα,
3352 4794 3576 4865 Ἕλλησι
3609 4799 3954 4867 μεταδοῦναι.

2384 4876 2493 4928 Καὶ
2520 4877 2549 4928 ὁ
2578 4879 2793 4950 πρῶτος
2822 4882 2878 4934 δὲ
2927 4883 3034 4935 τῶν
3075 4885 3203 4957 παρ’
3228 4886 3357 4957 ὑμῖν
3413 4889 3717 4960 φιλοσόφων
3751 4910 3957 4965 μαρτυο

2386 4970 2469 5039 ρετ
2494 4968 2566 5038 (9)
2598 4971 2843 5036 Πλάτων,
2899 4970 3124 5045 ὕστερον
3173 4977 3448 5049 εὑρίσκειν
3504 4982 3616 5053 (10)
3666 4983 3822 5037 αὑτά.
3856 4986 3957 5038 Γέ-

2381 5164 2485 5223 κτα
2534 5149 2885 5223 σεδαζόμενοι
2917 5153 3048 5208 Θεὸν
3080 5155 3281 5223 ἁγνῶς.
3331 5155 3421 5212 Sic
3459 5160 3623 5213 etiam
3663 5162 3820 5213 habet
3846 5159 3953 5214 Eu-

2381 5218 2527 5301 seb._,
2725 5218 2810 5301 inn,
2867 5218 3195 5293 Demonsth,
3328 5229 3449 5283 104.
3474 5260 3546 5268 -
3571 5230 3718 5284 Θεὸν
3752 5229 3952 5301 ἁγνῶς

2382 5291 2616 5343 restituit
2641 5291 2700 5344 υ.
2730 5293 2874 5347 Οιιο.

2452 5356 2551 5494 (72
2578 5360 2747 5415 Aliter
2775 5365 2862 5417 ed.
2903 5362 3193 5419 Ottoniana
3215 5404 3231 5427 ,
3260 5367 3457 5431 ἱκανῶς
3486 5369 3738 5440 δηλοῦσιν
3768 5372 3815 5426 οἱ
3849 5369 3948 5436 τὰς

2453 5428 2510 5480 λε
2546 5430 2737 5494 άνδρου
2769 5435 3152 5494 ἱστορήσαντες
3205 5438 3452 5494 πράξεις.
3482 5458 3544 5494 ex
3604 5446 3721 5494 cod.
3757 5443 3885 5494 lit-tr.
3915 5444 3942 5494 1

2394 5428 2737 5512 ’ᾼλεξάνδρου
2769 5435 3152 5512 ἱστορήσαντες
3205 5428 3453 5509 πράξεις,
3482 5428 3550 5495 ρι’
3604 5446 3721 5496 cod.
3757 5443 3885 5512 Reg.
3915 5428 3942 5497 ί

2380 5507 2435 5552 et
2462 5503 2585 5572 eod.
2614 5503 2962 5572 Argentbrat.

2452 5568 2525 5641 (8)
2542 5568 2829 5655 :Axggo’éc.
2859 5574 2922 5627 Ιί-
2969 5576 3053 5655 St.
3108 5577 3174 5631 ad
3217 5578 3419 5635 calcem
3471 5581 3732 5655 ἀκριϐῶς,
3776 5592 3832 5636 et
3867 5583 3947 5637 sic

2380 5637 2515 5707 Reg.
2540 5644 2573 5695 5
2598 5637 2930 5706 et—Clar—om”
2970 5648 3023 5699 in
3056 5655 3225 5703 textu.

2449 5711 2522 5780 (9)
2578 5714 3180 5797 Ill'aprvpei.n(jlarom._
3234 5730 3289 5797 et
3341 5721 3468 5788 Reg.
3513 5725 3566 5789 5,
3623 5727 3824 5797 ἱστορεῖ
3850 5725 3938 5778 za‘

2382 5786 2667 5853 μαρτυρεῖ,
2711 5797 2763 5837 et
2789 5788 2869 5839 sic
2901 5785 2964 5838 R.
3000 5788 3081 5839 St.
3116 5790 3181 5841 atl
3209 5785 3431 5843 calcem.

2450 5853 2559 5924 (10)
2593 5856 2929 5921 Εὺρίσκειν.
2962 5854 3094 5926 Reg.
3128 5863 3182 5925 2,
3224 5863 3497 5931 εὑρήσειν,
