4140 6424
777 428 885 486 S99

1781 430 1838 487 S.
1875 431 2136 488 JUSTINI
2166 431 2573 490 PHILOSOPHI
2609 433 2696 489 ΕΤ
2730 433 3083 489 MARTYRIS

3930 434 4040 487 5θο

777 546 1099 601 είεναιιενιιιιι
1139 544 1400 598 cherubim
1436 545 1555 599 alas
1589 563 1741 610 suos,
1799 560 1848 602 et
1876 560 2004 605 rotre
2044 567 2162 603 cum
2207 553 2280 605 eis
2306 569 2333 605 ρ

2450 553 2589 619 ρίου
2612 552 2728 605 ἀπὸ
2764 553 2868 606 τοῦ
2902 552 3093 614 οἷκον,
3115 552 3210 605 καὶ
3250 550 3430 617 ἐπέϐη
3452 549 3549 603 ἐπὶ
3581 549 3863 618 χερσυϐᾲι
3884 566 3899 577 ·
3931 548 4033 601 καὶ

778 637 949 707 gloria
977 635 1074 690 Dei
1124 634 1298 690 Israel
1352 647 1468 690 erat
1498 653 1657 704 super
1701 655 1790 692 eos
1830 641 2106 693 desursum
2130 641 2195 695 ".
2226 641 2352 697 lude

778 728 1039 783 incitatus
1067 726 1274 783 vocalis
1319 726 1408 781 ille
1464 726 1619 782 Plato
1679 743 1887 783 summa
1920 745 2043 785 cum
2101 732 2351 790 libertate

775 820 1010 875 clamat:
1038 818 1263 888 Magnus
1303 819 1357 872 in
1408 819 1537 873 coelo
1589 817 1803 889 Jupiter
1845 820 2107 875 uolucrem
2135 839 2350 877 currum

774 928 953 979 agens.
1028 909 1180 967 Unde
1227 910 1371 965 enim
1434 910 1661 965 edoctus
1718 912 1835 965 haec
1892 913 2138 979 scripsit,
2187 913 2349 967 nisis

775 1002 957 1073 Moyse
980 1013 1037 1058 et
1062 1000 1563 1072 prophetisillnde
1592 1014 1813 1071 accepta
1860 1004 2150 1058 occasione
2182 1002 2347 1057 Deum

774 1094 828 1148 in
855 1096 1009 1165 ignea
1040 1094 1340 1150 substantia
1377 1106 1500 1148 esse
1532 1093 1694 1149 dicit?
1726 1093 1913 1147 Nonne
1932 1109 1997 1148 ex
2031 1093 2189 1149 tertio
2211 1094 2349 1148 libro

774 1186 1112 1257 Regnorum,
1139 1185 1230 1239 ubi
1267 1186 1531 1255 scriptum
1562 1192 1676 1239 est:
1711 1183 1831 1237 Non
1874 1185 1927 1237 in
1952 1185 2144 1250 spiritu
2168 1184 2354 1237 Domi-

772 1291 870 1327 nus
891 1284 939 1327 et
965 1283 1081 1343 post
1130 1275 1375 1341 spiritum
1407 1274 1727 1328 commotio:
1776 1290 1879 1327 non
1918 1274 1973 1326 in
2003 1274 2349 1328 commotione

771 1365 1051 1428 Dominus,
1106 1375 1156 1418 et
1207 1374 1325 1433 post
1371 1365 1768 1418 commotionem
1816 1363 1951 1434 ignis
1975 1382 1995 1416 :
2025 1381 2126 1417 non
2151 1365 2208 1417 in
2231 1365 2347 1434 igne

770 1456 1050 1520 Dominus,
1077 1467 1126 1509 et
1147 1466 1263 1525 post
1287 1456 1458 1525 ignem
1483 1472 1581 1510 vos:
1612 1473 1679 1509 an
1690 1472 1761 1510 rte
1788 1456 1958 1509 tentiis
1983 1454 2027 1486 ³³
2051 1454 2076 1508 ?
2106 1454 2211 1525 sed
2234 1456 2348 1510 haec

768 1548 835 1602 ad
868 1548 1130 1603 sublimes
1183 1562 1377 1602 sensus
1404 1547 1572 1602 multa
1601 1546 1767 1601 animi
1802 1547 2155 1616 inquisitione
2182 1561 2210 1600 a
2240 1547 2346 1615 piis

770 1642 1077 1697 hominibus
1126 1641 1462 1697 revocanda.
1514 1640 1669 1696 Plato
1696 1649 1876 1695 autem
1908 1655 2014 1695 non
2037 1654 2100 1695 ea
2123 1654 2225 1709 qua
2251 1642 2346 1694 de—

766 1732 1416 1803 eebatcontemplatione
1465 1732 1708 1787 animum
1758 1731 2068 1797 intendens,
2092 1731 2146 1785 in
2184 1732 2341 1801 ignea

765 1824 1069 1878 substantia
1101 1823 1272 1878 Deum
1300 1838 1421 1879 esse
1453 1823 1610 1879 dixit.

2452 644 2707 698 ἀνέλαϐε
2746 644 2817 697 τὰ
2862 644 3141 712 χερουόὶμ
3184 643 3289 708 τὰς
3328 642 3623 710 πτέρυγας
3679 640 3899 701 αὐτῶν,
3930 639 4031 693 καὶ

2452 739 2506 789 ol
2541 736 2739 804 τροχοὶ
2764 735 3035 803 ἐχόμενοι
3064 732 3288 787 αὐτῶν·
3312 733 3408 785 καί
3441 730 3589 794 δόξα
3622 730 3845 798 Κυρίου
3878 728 4034 784 Θεοῦ

2465 826 2710 895 Ἰσραὴλ
2749 822 2828 895 ἦν
2847 824 2940 877 ἐπ’
2965 823 3171 890 αὐτοῖς
3196 822 3597 891 ὐπερὰνωθε-ν.
3629 821 3824 874 Ἔνθεν
3853 821 4036 891 ὁρμώ-

2454 933 2613 986 μενος
2639 918 2668 969 ὁ
2708 916 3086 986 μεγαλόφωνος
3125 915 3371 976 Πλάτων,
3407 912 3544 983 μετὰ
3572 912 3777 982 πολλῆς
3811 913 4032 983 «appr;-
4104 954 4105 959 η

2452 1006 2572 1069 σίας
2602 1005 2698 1076 βοᾷ
2724 1006 2925 1073 λέγων·
2979 1005 3042 1057 Ὀ
3074 1002 3189 1072 μὲν
3229 1002 3306 1070 δὴ
3338 1003 3524 1072 μέγας
3560 1002 3670 1072 (54)
3692 1002 3763 1055 έν
3792 999 4035 1068 οὐρανῷ

2449 1095 2600 1161 Ζεὺς
2644 1095 2874 1162 πτηνὸν
2901 1095 3057 1163 ἅρμα
3089 1095 3379 1149 ἐλαύνων.
3425 1093 3577 1146 Ἐπεὶ
3608 1092 3768 1145 πόθεν
3801 1091 4033 1145 ἄλλοθεν

2454 1186 2788 1257 μεμαθηκὼς
2823 1185 2993 1239 ταῦτα
3029 1184 3284 1255 ἔγραψεν,
3323 1184 3369 1235 εί
3410 1184 3484 1254 μὴ
3540 1182 3695 1253 παρὰ
3742 1182 4035 1245 Μωῦσέως

2450 1278 2543 1330 καὶ
2572 1275 2677 1329 τῶν
2702 1274 2991 1347 προφητῶν
3018 1291 3032 1340 ;
3064 1275 3228 1328 πόθεν
3254 1273 3310 1327 δὲ
3339 1272 3436 1344 τὴν
3462 1275 3731 1345 πρόφασιν
3761 1272 4031 1343 εἰληφὼς,

2450 1368 2543 1421 καὶ
2599 1371 2655 1422 ὲν
2678 1372 2742 1439 τῇ
2772 1366 3006 1439 πυρώδει
3031 1368 3185 1439 οὐσίᾳ
3209 1373 3299 1424 τὸν
3324 1370 3457 1423 Θεὸν
3484 1368 3585 1439 ἔφη
3608 1385 3623 1431 ;
3659 1368 3773 1421 Οὐκ
3795 1366 3907 1419 ἀπὸ
3924 1365 4035 1434 τῆς

2448 1461 2638 1532 τρίτης
2694 1459 2803 1513 τῶν
2849 1460 3145 1513 Βασιλειῶν
3194 1461 3436 1534 ἱστορίας
3464 1499 3479 1523 ,
3508 1459 3636 1513 ἔνθα
3675 1459 4030 1529 γέγραπταιο

2452 1554 2571 1605 Οὐκ
2588 1551 2658 1604 ἐν
2688 1550 2767 1615 τῷ
2810 1552 3095 1621 πνεύματι
3122 1552 3354 1620 Κύριος,
3393 1552 3490 1606 καὶ
3525 1550 3677 1620 μετὰ
3698 1549 3764 1602 τὸ
3785 1550 4035 1619 πνεῦμα

2446 1644 2852 1711 συσσεισμός·
2882 1645 2994 1696 οὐκ
3016 1643 3086 1695 ἐν
3129 1642 3208 1708 τῷ
3253 1640 3610 1711 συσσεισμῷ
3644 1642 3881 1708 Κύριος,
3926 1642 4032 1693 καὶ

2440 1734 2589 1802 μετὰ
2632 1734 2737 1786 τὸν
2779 1733 3165 1802 σὐσσεισμόν
3192 1733 3341 1801 πῦρ·
3392 1734 3505 1786 οὐκ
3536 1732 3607 1784 ἐν
3642 1730 3722 1796 τῷ
3745 1730 3893 1798 πυρί
3913 1733 4034 1784 Κύ-

2439 1842 2599 1893 ριος,
2661 1825 2761 1878 καὶ
2812 1826 2963 1895 μετὰ
3013 1826 3078 1878 τὸ
3129 1824 3248 1894 πῦρ
3302 1824 3469 1893 φωνὴ
3524 1823 3710 1891 αὔρας
3753 1822 4034 1889 λεπτῆς;

776 1914 915 1968 Ἀλλ’
974 1917 1159 1969 ἐκεῖνα
1196 1915 1296 1986 μὶν
1345 1916 1463 1969 κατ’
1507 1917 1797 1989 ἀναγωγὴν
1860 1919 1999 1989 μετὰ
2053 1916 2253 1988 πολλῆς
2287 1918 2517 1989 θεωρίας
2548 1921 2657 1982 τοῖς
2685 1918 2959 1973 θεοσεϐἑσι
2999 1920 3140 1973 νοεῖν
3186 1920 3500 1987 ἀναγκαῖον.
3531 1916 3756 1970 Πλάτων
3822 1915 3905 1980 δὲ,
3963 1915 4031 1968 οὐ

766 2008 903 2079 μετὰ
936 2008 1034 2079 τῆς
1084 2006 1464 2081 προσηκούσης
1493 2009 1724 2082 θεωρίας
1764 2013 2046 2085 προσέχων
2084 2015 2194 2077 τοῖς
2225 2017 2433 2085 ῥητοῖς,
2464 2017 2522 2068 ὲν
2547 2017 2611 2085 τῇ
2650 2013 2883 2085 πυρώδει
2911 2015 3069 2086 οὐσίᾳ
3089 2014 3180 2067 τὸν
3208 2013 3340 2066 Θεὸν
3367 2008 3506 2067 εἶναι
3540 2012 3661 2082 ἔφη.

844 2101 935 2156 32.
978 2101 1133 2169 Quod
1174 2103 1220 2157 si
1253 2104 1378 2172 quis
1418 2112 1472 2159 et
1519 2106 1586 2160 de
1638 2107 1784 2161 dono
1835 2123 2055 2163 sursum
2092 2124 2121 2162 a
2146 2108 2256 2164 Deo
2286 2110 2334 2163 in

2512 2109 2600 2164 δὲ.
2630 2110 2692 2163 El
2720 2109 2776 2163 δέ
2804 2126 2887 2173 τις
2908 2111 3002 2164 καὶ.
3024 2110 3152 2181 περὶ
3179 2108 3277 2180 τῆς
3310 2106 3514 2162 ἄνωθεν
3542 2106 3693 2179 παρὰ
3719 2104 3856 2158 Θεοῦ
3882 2121 4030 2158 κατ-

767 2194 1021 2249 bomines
1071 2206 1289 2250 sanctos
1343 2196 1655 2263 delabente,
1704 2200 1848 2268 quod
1896 2201 2037 2255 sseri
2064 2201 2341 2271 prophetae

766 2285 1034 2358 Spiritum
1092 2297 1341 2343 sanctum
1393 2289 1703 2359 appellant,
1765 2292 2029 2345 rationem
2080 2300 2339 2346 accurate

765 2379 907 2434 inire
952 2379 1118 2443 velit;
1154 2382 1387 2449 reperiet
1427 2380 1556 2434 illud
1583 2394 1853 2450 quoquea
1880 2380 2108 2438 Platone
2136 2382 2190 2437 in
2224 2382 2338 2438 Ele-

766 2484 908 2524 none
945 2470 1048 2525 sub
1086 2470 1194 2524 alio
1238 2470 1460 2525 nomine
1510 2471 1890 2539 prtedicatum.
1934 2473 2156 2527 Veritus
2190 2476 2335 2529 enim

766 2560 861 2617 Dei
892 2562 1090 2617 donum
1142 2563 1416 2632 appellare
1466 2562 1733 2633 Spiritum
1780 2575 2057 2630 sanctum,
2091 2581 2181 2628 ne.
2212 2581 2339 2635 pro—

765 2655 1054 2722 phetarum
1125 2656 1431 2711 doctrinam
1504 2671 1771 2725 sequens,
1828 2657 2054 2712 inimico
2110 2671 2230 2712 esse
2280 2658 2335 2713 in

764 2747 990 2804 Grmcos
1016 2748 1203 2803 animo
1252 2750 1568 2816 videretur;
1602 2765 1823 2806 sursum
1866 2750 2086 2820 quidem
2136 2750 2338 2805 fatetur

767 2837 898 2892 illud
926 2853 955 2891 a
997 2837 1108 2893 Deo
1133 2837 1333 2901 delabi,
1371 2856 1476 2895 non
1522 2850 1706 2896 tamen
1756 2842 2019 2913 Spiritum
2067 2853 2334 2905 sanctum.

762 2930 858 2983 sed
890 2929 1143 2985 virtutem
1166 2929 1542 2999 appellandum
1573 2948 1692 2987 esse
1719 2935 1950 2988 censuit.
1977 2934 2031 2987 In
2067 2934 2157 2989 illo
2188 2934 2333 2987 enim

766 3021 840 3076 De
884 3023 1276 3076 rentiniscentia
1319 3037 1441 3077 cum
1491 3022 1721 3095 Metione
1768 3025 2001 3094 dialogo,
2051 3035 2334 3095 postquam

764 3112 932 3167 multa
960 3114 1212 3183 quaesivit
1246 3114 1314 3169 de
1338 3114 1560 3182 virtute,
1596 3094 1776 3170 utrum
1824 3117 2003 3171 doceri
2045 3094 2232 3185 possit,
2267 3133 2333 3172 an

764 3219 872 3258 non
896 3202 1103 3267 doceri,
1159 3218 1263 3259 usu
1316 3203 1411 3258 sed
1461 3213 1517 3260 et
1543 3208 1943 3262 exercitatione
1968 3208 2075 3278 31
2109 3223 2336 3277 compa-

766 3303 942 3357 retur,
990 3293 1074 3348 vei
1099 3302 1281 3348 utrum
1317 3310 1418 3349 nec
1452 3297 1698 3350 doctrina
1730 3311 1831 3351 nec
1854 3314 1977 3362 usu,
2009 3299 2105 3353 sed
2138 3308 2333 3352 natura

764 3384 1077 3441 hominibus
1105 3385 1342 3451 eveniat,
1357 3386 1460 3440 .vel
1482 3387 1591 3441 alio
1623 3388 1855 3457 quodam
1889 3389 2081 3455 modo;
2112 3390 2330 3444 tandem

2446 2197 2627 2269 ιούσης
2672 2198 2764 2251 ἐπὶ
2820 2200 2945 2261 τοὺς
3000 2198 3187 2267 ἁγίους
3252 2196 3449 2269 ἄνδρας
3505 2196 3712 2267 δωρεᾶς
3765 2195 3917 2263 (55),
3958 2197 4031 2266 ἣν

2441 2290 2664 2360 Πνεῦμα
2706 2289 2859 2357 ἅγιον
2901 2288 3257 2359 ὀνομάζουσιν
3277 2289 3324 2341 ol
3358 2286 3493 2357 ἱεροὶ
3527 2285 3825 2357 προφῆται,
3858 2286 4033 2355 ἀκρι-

2441 2379 2550 2441 ϐῶς
2586 2382 2805 2433 σκοπεῖν
2833 2378 3025 2442 ἐθέλοι,
3065 2378 3214 2449 εὖροι
3239 2376 3304 2430 ἂν
3343 2376 3438 2429 καὶ
3472 2375 3674 2447 ταύτην
3712 2375 3818 2428 ὑπὸ
3880 2374 4031 2428 Πλά-

2440 2490 2606 2536 τωνος
2637 2476 2693 2525 ὲν
2724 2470 2800 2541 τῷ
2824 2470 2959 2543 πρὸς
3008 2469 3236 2522 Μένωνα
3272 2468 3416 2538 λόγῳ
3444 2468 3513 2521 δι’
3537 2469 3722 2539 ἑτέρου
3751 2467 4029 2537 ὀνόματος

2441 2564 2869 2636 κηρυττομένην.
2928 2559 3122 2623 Δεδιὼς
3167 2560 3273 2631 γὰρ
3327 2559 3425 2631 τὴν
3474 2557 3569 2612 τοῦ
3611 2557 3745 2611 Θεοῦ
3806 2558 4029 2626 δωρεὰν

2439 2655 2663 2726 Πνεῦμα
2693 2654 2847 2722 ἅγιον
2886 2652 3188 2722 ὀνομάζειν,
3219 2652 3304 2703 ἵνα
3344 2649 3419 2720 μὴ
3449 2648 3597 2721 δόξῃ,
3629 2650 3693 2719 τῇ
3736 2647 3849 2701 τῶν
3893 2665 4032 2719 προ-

2440 2748 2623 2819 φητῶν
2657 2747 2919 2817 ἑπόμενος
2948 2742 3282 2814 διδασκαλίᾳ,
3312 2742 3501 2814 ἐχθρὸς
3547 2740 3813 2811 Ἑλλήνων
3850 2734 4024 2801 εἶναι,

2439 2843 2498 2893 τὸ
2536 2840 2632 2910 μὲν
2670 2838 2876 2891 άνωθεν
2909 2836 3041 2888 αὐτὸ
3098 2835 3247 2905 παρὰ
3277 2833 3413 2887 Θεοῦ
3460 2834 3705 2887 κατιέναι
3736 2833 4025 2902 ὁμολογεῖ,

2438 2931 2497 2985 οὐ
2526 2931 2631 3002 μὴν
2672 2928 2897 3000 Πνεῦμα
2928 2928 3103 2997 άγιον,
3150 2927 3264 2980 ἀλλ’
3306 2926 3507 2995 ἀρετὴν
3549 2924 3835 2995 ὀνομάζειν
3885 2924 4026 2976 αὐτὸ

2437 3024 2610 3093 ἠξίου.
2645 3020 2800 3075 Οὕτω
2831 3020 2937 3092 γάρ
2976 3019 3112 3089 πρὸς
3148 3019 3236 3071 τὸν
3261 3017 3488 3071 Μένωνα
3516 3018 3575 3069 ὲν
3603 3016 3680 3085 τῷ
3702 3017 3843 3083 Περὶ
3878 3018 4028 3071 ἀνα-

2433 3115 2708 3185 μνήσεως
2735 3112 2895 3182 λόγῳ,
2930 3111 3098 3165 πολλὰ
3138 3111 3400 3185 πρότερον
3421 3109 3548 3180 περὶ
3571 3108 3669 3178 τῆς
3692 3110 3898 3179 ἀρετῆς
3929 3110 4027 3177 ζη-

2438 3183 2627 3278 τήσας,
2681 3204 2906 3274 πότερόν
2958 3218 3089 3255 ποτε
3124 3183 3439 3269 διδακτὸν-ἡ
3482 3198 3669 3272 ἀρετὴ,
3711 3198 3833 3269 ἥοὺ
3860 3198 4023 3252 διδα-

2438 3299 2585 3371 κτὸν,
2620 3297 2733 3352 άλλ“
2769 3295 3007 3366 ἁσκητὺν
3044 3296 3077 3365 ἢ
3120 3293 3241 3346 οὕτε
3277 3291 3533 3361 άσκητὺν,
3583 3290 3704 3344 οὔτε
3744 3289 4023 3361 μαθητὸν,

2438 3390 2573 3444 άλλὰ
2627 3388 2784 3457 φύσει
2835 3385 3263 3459 παραγινόμενον
3304 3386 3415 3446 τοῖς
3443 3381 3767 3455 ἀνθρώποις,
3796 3381 3837 3451 ἢ,
3864 3380 4025 3451 ἄλλῳ

761 3479 990 3534 totidem
1018 3475 1200 3533 verbis
1251 3477 1329 3543 sic
1351 3478 1707 3547 pronuntiat:
1745 3497 1765 3530 σ
1804 3478 1960 3533 Nunc
1995 3491 2177 3535 autem
2204 3482 2329 3536 siin

2438 3485 2541 3537 τιν⁶ι
2582 3484 2783 3555 τρόπῳ,
2820 3482 3009 3543 αὐταῖς
3033 3478 3239 3543 λέξεσιν
3285 3476 3396 3547 (56)
3444 3474 3616 3537 οὕτως
3647 3474 4025 3542 ἀποφαίνεται

764 3567 868 3621 hoc
918 3565 1065 3619 omni
1114 3579 1371 3620 sermone
1425 3577 1575 3620 recte
1605 3568 1957 3637 quaesivimus
1996 3581 2050 3624 et
2075 3571 2334 3625 disserui—

760 3675 917 3722 mus,
944 3657 1117 3713 virtus
1145 3657 1395 3729 profecto
1424 3674 1523 3713 nec
1568 3668 1760 3713 natura
1803 3674 1902 3714 nec
1931 3660 2200 3727 doctrina,
2237 3665 2333 3719 sed

758 3750 945 3805 divina
1002 3760 1151 3805 sorte
1200 3749 1513 3806 hominibus
1569 3753 1754 3806 evenit
1810 3753 1928 3807 sine
1951 3753 2221 3819 scientia,
2267 3756 2332 3809 iis

756 3843 958 3912 quibus
993 3842 1195 3897 evenit.
1228 3860 1248 3894 ι
1291 3840 1440 3909 Haec,
1481 3857 1597 3896 mea
1629 3844 1845 3912 quidem
1886 3845 2177 3911 sententia,
2210 3860 2331 3901 cum

756 3935 904 3989 clare
930 3948 961 3986 a
994 3932 1279 4002 prophetis
1307 3932 1375 3985 dc
1408 3933 1612 4001 Spiritu
1635 3943 1823 3988 sancto
1845 3934 2126 3990 didicisset
2155 3936 2329 4002 Plato,

758 4030 812 4082 in
861 4027 1082 4080 virtutis
1128 4041 1325 4081 nomen
1372 4027 1583 4081 videtur
1647 4026 2010 4083 transtulisse.
2061 4028 2332 4095 Quemad-

756 4121 977 4175 modum
1029 4119 1178 4175 enim
1234 4134 1399 4172 unum
1458 4129 1512 4173 et
1554 4120 1807 4173 eumdem
1865 4120 2131 4190 Spiritum
2186 4124 2327 4177 sacri

754 4212 1036 4282 prophetae
1081 4212 1134 4265 in
1190 4221 1398 4282 septem
1445 4212 1669 4279 spiritus
1723 4213 1890 4268 dividi
1922 4214 2147 4279 dicunt,
2182 4216 2253 4268 ita
2275 4226 2330 4269 et

757 4304 873 4373 ipse
898 4319 1059 4357 unam
1091 4312 1146 4358 et
1181 4305 1427 4359 eamdem
1458 4306 1716 4359 virtutem
1774 4305 2071 4375 appellans,
2106 4308 2159 4360 in
2190 4322 2325 4376 qua~

756 4404 881 4446 tuor
909 4407 1030 4446 eam
1060 4392 1294 4447 virtutes
1320 4393 1483 4447 dividi
1522 4394 1870 4463 pronuntiat;
1909 4395 2079 4448 sancti
2109 4395 2325 4463 quidem

755 4485 994 4554 Spiritus
1049 4500 1317 4558 nusquam
1367 4488 1685 4543 meminisse
1731 4487 1942 4553 volens,
1998 4490 2093 4543 sed
2138 4506 2259 4559 qua:
2296 4507 2324 4543 a

755 4577 1044 4645 prophetis
1072 4578 1218 4631 dicta
1274 4576 1495 4633 fuerant
1545 4580 1611 4633 de
1647 4578 1853 4648 Spiritu
1902 4590 2116 4645 sancto,
2145 4595 2207 4634 ea
2231 4597 2328 4649 per

754 4670 1046 4739 quamdam
1079 4670 1393 4741 allegoriam
1438 4684 1624 4742 aperte
1680 4672 2005 4741 praedicans.
2062 4660 2159 4727 Sic
2179 4676 2324 4727 enim

755 4763 856 4815 sub
888 4762 1047 4813 linem
1080 4760 1326 4815 Menonis
1356 4763 1468 4815 ait:
1506 4782 1523 4814 ι
1564 4761 1642 4815 Ex
1669 4763 1770 4816 hac
1821 4762 1986 4833 igitur
2034 4764 2323 4817 ratiocina-

2437 3578 2635 3647 λέγων’
2668 3596 2685 3627 ι
2716 3577 2778 3629 El
2797 3576 2853 3628 δὲ
2874 3574 2967 3627 νῦν
2990 3574 3150 3643 ἡμεῖς
3175 3574 3231 3623 ὲν
3254 3569 3417 3623 παντὶ
3438 3567 3514 3638 τῷ
3534 3566 3677 3645 λόγῳ
3698 3566 3809 3637 ('57-)
3835 3567 4025 3637 τούτῳ

2435 3670 2615 3733 καλῶς
2649 3666 2990 3739 ἐζητήσαμεν
3041 3681 3098 3717 τε
3144 3662 3238 3717 καὶ
3274 3661 3534 3731 ἐλέγομεν
3576 3658 3705 3729 ('58),
3747 3657 3922 3728 ἁρετὴ
3951 3659 4024 3711 ἂν

2436 3764 2519 3835 εἴη
2544 3762 2664 3816 οὔτε
2691 3761 2867 3831 φύσει,
2893 3757 3014 3813 οὔτε
3040 3756 3302 3819 διδακτὸν,
3327 3755 3460 3808 ἀλλὰ
3482 3754 3603 3823 θείᾳ
3629 3752 3789 3823 μοίρᾳ
3824 3769 4021 3821 παρα-

2434 3854 2692 3926 γινομένη
2715 3853 2842 3908 ἄνευ
2866 3850 2957 3904 νοῦ
2992 3849 3124 3921 ('59),
3147 3843 3226 3911 οἷς
3249 3847 3315 3901 ἂν
3339 3845 3711 3916 παραγίνεται.
3749 3860 3766 3892 ι
3797 3841 4021 3907 Ταῦτα,

2433 3941 2607 4013 οἶμαι,
2648 3940 2831 4011 σαφῶς
2876 3938 3024 4009 παρὰ
3064 3937 3171 3990 τῶν
3211 3933 3502 4006 προφητῶν
3547 3932 3674 4003 περὶ
3711 3928 3803 3982 τοῦ
3848 3930 4019 3997 ἁγίου

2431 4035 2744 4105 Πνεύματος
2784 4030 3115 4103 μεμαθηκὼς
3156 4029 3400 4087 Πλάτων,
3446 4026 3525 4086 είς
3568 4024 3627 4076 τὸ
3667 4022 3765 4091 τῆς
3801 4022 4016 4093 ἀρετῆς

2430 4127 2597 4197 ὄνομα
2642 4125 2958 4195 μεταφέρων
3005 4120 3271 4190 φαίνεται.
3310 4114 3541 4186 Ὁμοίως
3588 4112 3697 4181 γὰρ
3738 4108 3932 4180 ὥσπερ
3961 4112 4017 4163 οι

2432 4218 2569 4289 ἱεροὶ
2616 4217 2885 4288 προφῆται
2934 4213 2993 4266 τὸ
3035 4211 3092 4263 ἓν
3136 4209 3229 4262 καὶ
3264 4207 3323 4260 τὸ
3360 4205 3492 4259 αὐτὸ
3514 4201 3738 4271 Πνεῦμα
3759 4203 3840 4263 είς
3861 4202 4015 4253 ἑπτὰ

2431 4312 2715 4383 πνεύματα
2752 4304 3062 4380 μερίζεσθαί
3088 4320 3270 4373 φασιν,
3296 4299 3435 4353 οὕτω
3457 4298 3551 4350 καί
3573 4293 3733 4356 αὐτὸς
3756 4293 3884 4363 μίαν
3911 4294 4014 4345 καὶ

2428 4404 2527 4476 τὴν
2562 4403 2727 4473 αὐτὴν
2772 4398 3048 4469 ὀνομάζων
3092 4393 3311 4466 ἀρετὴν,
3374 4389 3573 4459 ταύτην
3612 4388 3691 4448 εἰς
3732 4383 4012 4455 τέσσαρας

2426 4475 2624 4569 ἀρετὰς
2667 4491 2978 4566 μερίζεσθαι
3015 4489 3189 4556 λέγει·
3233 4484 3325 4537 τοῦ
3371 4483 3467 4553 μὲν
3509 4480 3663 4547 ἁγίου
3684 4475 4009 4569 Πνεῦματος

2426 4566 2673 4657 οῦδαμῶς
2700 4584 3051 4655 μνημονεύειν
3075 4580 3290 4641 ἐθέλων,
3317 4577 3403 4629 διὰ
3427 4574 3483 4626 δέ
3504 4588 3643 4633 τινος
3672 4566 4007 4636 ἀλληγορίας

2426 4680 2492 4731 τὰ
2515 4677 2621 4730 ὑπὸ
2653 4676 2762 4729 τῶν
2804 4674 3097 4746 προφητῶν
3119 4672 3247 4741 περὶ
3269 4668 3363 4722 τοῦ
3388 4666 3543 4734 άγίου
3582 4660 3722 4714 Πνεύ
3732 4675 3902 4729 ματος
3926 4659 4011 4712 ei-

2431 4789 2494 4841 ρη
2504 4770 2639 4839 μένα
2672 4766 3024 4835 ἀπαγγέλλων
3062 4763 3267 4833 σαφῶς.
3294 4760 3449 4813 Οὕτω
3470 4757 3578 4826 γὰρ
3606 4753 3738 4841 πρὸς
3760 4750 3837 4819 τῷ
3857 4750 4009 4805 τέλει

757 4856 930 4919 tione,
964 4869 997 4907 ο
1039 4851 1220 4919 Meno,
1252 4855 1466 4908 videtur
1520 4855 1681 4909 nobis
1725 4855 1907 4910 divina
1943 4864 2094 4909 sorte
2145 4856 2322 4911 virtus

2438 4829 2518 4912 τοῦ
2559 4858 2714 4926 λόγου
2758 4829 2894 4927 πρός
2922 4856 3013 4908 τὸν
3050 4829 3277 4909 Μένωνα
3316 4850 3447 4919 ἔφη’
3482 4867 3499 4897 ι
3546 4846 3640 4898 Ἐκ
3684 4840 3778 4911 μὲν
3819 4841 4008 4893 τοίνυν

842 4968 887 4999 ³³
928 4966 1129 5021 Ezeeh.
1163 4983 1243 5034 ιι,
1269 4968 1361 5021 22.
1438 4968 1482 5000 ³³
1520 4966 1586 5022 lll
1615 4968 1749 5038 Reg.
1780 4984 1893 5031 XIX,
1921 4968 2010 5021 11.

984 5078 1266 5155 pendi]
1533 5078 1660 5134 ﬂare
1692 5073 1842 5129 Plato
1875 5077 1927 5129 in
1964 5073 2211 5155 Phhaulro.

2423 5076 2574 5128 niani
2609 5076 2877 5129 sermonis
2908 5071 3291 5129 consuetudini
3326 5068 3419 5137 (cf.
3447 5085 3498 5124 e.
3528 5068 3618 5141 l5,
3650 5067 3738 5134 l7)
3777 5081 4003 5125 accom-

831 5140 947 5218 ζῦὕ)
988 5140 1264 5216 Δώρεᾶς.’
1293 5140 1393 5203 316
1441 5140 1604 5203 etiam
1664 5161 1851 5218 supra,
1897 5162 1952 5199 ιι.
1989 5147 2042 5207 8,
2073 5144 2325 5218 appellat
2388 5147 2719 5206 ‘tuodatam.
2750 5145 3081 5218 codd._Reg,
3106 5142 3231 5204 1,5,
3257 5141 3518 5218 Clarium,
3546 5140 3862 5218 Argentum,
3906 5142 4004 5194 Vi-

757 5215 1019 5288 Spiritum
1043 5215 1326 5273 sanctum:
1366 5234 1539 5288 neque
1573 5219 1685 5271 haec
1713 5216 1894 5280 jejuna
1922 5216 2222 5288 appellatio
2252 5215 2328 5288 vis

759 5285 872 5343 tleri
907 5291 1094 5353 debet,
1155 5304 1257 5343 nec
1291 5285 1482 5343 merito
1517 5289 1583 5340 ad
1619 5285 2098 5356 reprehensionem
2153 5285 2324 5356 sancti

761 5361 1019 5427 martyris
1049 5351 1399 5427 arriperetur.
1438 5358 1528 5412 Sic
1561 5351 1705 5427 enini
1740 5354 1900 5427 locuti
1928 5351 2119 5427 Patres
2146 5352 2323 5427 CLI-aget

757 5440 813 5481 et
848 5422 1043 5491 Latini,
1079 5437 1136 5480 ut
1160 5422 1496 5483 demonstrat
1525 5426 1776 5480 Petavius
1809 5424 1901 5477 lib.
1946 5438 2040 5477 vm
2076 5424 2147 5477 De
2177 5422 2323 5477 Trin.

757 5513 876 5553 eno.
911 5498 966 5553 '5.

824 5513 1201 5636 Αὺταῖς
1240 5569 1502 5632 λέξεσιν.
1547 5566 1685 5619 Ante
1722 5566 1820 5636 has
1848 5577 2007 5636 voces
2050 5562 2179 5617 editi
2215 5562 2316 5636 ha-

760 5648 888 5709 nent
922 5633 1353 5709 Sozapov,iquod
1382 5638 1570 5690 saltem
1617 5635 1807 5709 inutile
1838 5633 2094 5709 videtur,‘
2117 5648 2216 5686 nec
2266 5634 2319 5685 in

758 5708 1039 5760 codicibus
1062 5702 1309 5762 "melioris
1358 5716 1515 5770 notae,
1546 5716 1603 5757 ut
1640 5706 1793 5757 tjolb.
1820 5714 1873 5755 et
1905 5702 2036 5769 Reg.
2064 5702 2118 5765 ‘2,
2165 5718 2320 5771 repe-

760 5778 1229 5832 rnur.—-Vocem
1264 5777 1520 5847 ὓστερον,
1572 5774 1913 5847 antecedenti
1959 5773 2223 5847 πρότερον
2269 5780 2324 5847 et

760 5848 1006 5915 sequenti
1038 5849 1172 5919 πρὸς
1204 5846 1279 5917 τῷ
1322 5842 1461 5899 τέλει
1502 5847 1636 5901 bene
1685 5844 2123 5912 respondentem,
2153 5842 2319 5897 Justi—

2424 5231 2585 5277 tuar.,
2616 5227 2669 5268 et.
2704 5230 2803 5268 ms.
2833 5214 2945 5267 Pici
2996 5208 3265 5266 ﬁrmatum
3288 5253 3302 5275 ,
3339 5213 3479 5263 male
3522 5208 3786 5275 expunxit
3817 5208 4001 5263 Mara-

2423 5301 2544 5337 nus.
2574 5285 2753 5339 Οττο.

2499 5356 2607 5424 (57)
2656 5355 2740 5419 Τῷ
2766 5357 2947 5424 λόγῳ.
2984 5349 3340 5424 Βῡθδιμτούτῳ
3369 5349 3419 5401 in
3455 5348 3576 5424 eod.
3607 5347 3848 5424 Cameri.

2493 5415 2606 5494 (δε)
2662 5415 2988 5494 summ.
3027 5424 3101 5477 Ita
3138 5422 3270 5491 Reg.
3303 5415 3354 5483 t,
3393 5429 3449 5474 et
3491 5420 3606 5487 ipse
3639 5415 3810 5469 Plato.
3844 5416 3996 5473 Editi

2426 5498 2823 5636 λέῖἕῧῗνίΑνευ
2873 5564 3009 5636 νοῦ.
3060 5555 3729 5636 ίεηοιιιιίοιιθ“Ρίξιιοηίεἰ.
3761 5556 3884 5625 styli
3919 5558 3998 5636 .in

2426 5625 2754 5689 edi‘tio'nibus
2791 5634 2849 5688 S.
2875 5625 3357 5697 Justini:excepta
3399 5627 3465 5680 R.
3496 5628 3578 5680 St.
3603 5627 3864 5697 editione,
3917 5625 3997 5697 lu-

2426 5708 2570 5774 gitnr
2589 5707 2687 5758 οὐκ
2711 5706 2837 5759 ἄνευ
2866 5703 2980 5758 νοῦ.
3008 5702 3113 5758 Sed
3144 5695 3354 5771 negatio
3376 5700 3529 5753 deest
3560 5699 3612 5761 in
3639 5697 3771 5764 Reg.
3796 5695 3833 5750 2
3853 5702 3910 5747 ct
3936 5696 3995 5754 5,

2426 5788 2481 5832 et
2513 5778 2752 5832 Clarum.
