4140 6418
236 392 339 448 301

1453 393 1901 450 COIIORTATIO
1935 394 2026 448 AD
2058 393 2382 454 GRAECOS.

3402 410 3512 468 302

229 508 430 563 τούτου
453 511 548 564 τοῦ
569 512 852 583 λογισμοῦ,
875 505 921 564 ὦ
945 512 1156 574 Μένων,
1200 511 1322 584 θείᾳ
1373 513 1536 585 μοίρᾳ
1577 514 1802 584 φαίνετα

1929 512 2010 567 eis
2041 514 2266 569 evenire
2313 511 2515 584 quibus
2559 516 2767 570 evenit.
2807 515 2938 572 Illud
2971 528 3152 575 autem
3210 523 3358 578 clare
3381 540 3510 594 per-

230 605 370 672 ἠμῖν
417 600 886 676 παραγινομένηή
907 606 1096 676 ἀρετὴ,
1124 602 1205 670 οἷς
1229 605 1294 660 ἂν
1333 604 1720 678 παραγίνηται.
1751 607 1825 658 Τὸ

229 690 289 743 δὲ
316 692 489 760 σαφὲς
511 692 640 764 παρ’
665 692 830 746 αὐτοῦ
873 693 1128 763 εἰσόμεθα
1170 692 1348 756 τοῦτο,
1371 691 1540 762 ὁποίῳ
1563 692 1670 744 τινὶ
1699 691 1824 760 τρό-

230 799 323 854 πῳ
362 787 476 848 τοῖς
496 783 803 856 ἀνθρώποις
838 787 1194 855 παραγίνεται
1219 786 1252 854 ἡ
1272 786 1460 858 ἁρετὴ,
1485 785 1612 839 ὅταν
1633 786 1826 857 πρότε-

231 891 330 944 ρον
378 875 823 946 ἐπιχειρήσωμεν
867 876 1001 929 αὐτὸ
1039 875 1161 930 καθ’
1195 876 1326 929 αὐτὸ
1365 876 1568 948 ζητεῖν,
1608 875 1658 929 τί
1694 875 1825 929 ποτέ

229 964 387 1015 ἐστιν
411 966 606 1036 ἀρετή.
636 985 654 1017 ι
682 966 872 1037 Ὁρᾶτε
898 967 1044 1030 ὅπως
1070 968 1168 1038 τὴν
1188 967 1391 1022 ἄνωθεν
1421 967 1711 1023 κατιοῦσαν
1732 969 1827 1022 δω-

230 1055 392 1126 ρεὰν,
420 1057 629 1128 ἀρετὴν
667 1058 825 1127 μόνον
861 1059 1148 1130 ὀνομάζει·
1175 1060 1334 1114 ἔτιδὲ
1357 1059 1636 1132 ζητήσεως
1676 1061 1823 1125 ἄξιον

227 1145 375 1200 εἶναι
408 1149 638 1219 νομίζει,
677 1150 902 1223 πότερόν
931 1169 1060 1206 ποτε
1099 1151 1321 1224 ἀρετὴν,
1349 1155 1382 1224 ἢ
1412 1152 1597 1226 ἔτερόν
1615 1154 1821 1206 τιαὺτὺ

227 1239 599 1309 ὀνομάζεσθαι
644 1243 931 1315 προσήκει,
977 1242 1161 1308 δεδιὼς
1198 1244 1330 1298 αὐτὸ
1379 1245 1628 1319 φανερῶς
1670 1247 1822 1314 ἅγιον

229 1332 532 1402 ὀνομάζειν
561 1334 804 1406 Πνεῦμα,
839 1336 926 1388 ἵνα
976 1336 1050 1408 μὴ
1090 1337 1216 1410 δόξῃ
1265 1339 1330 1408 τῇ
1371 1338 1479 1392 τῶν
1527 1337 1820 1412 προφητῶν

225 1425 327 1476 ἕπε
337 1424 464 1477 σθαι
491 1424 830 1497 διδασκαλίᾳ.

296 1515 392 1568 55.
429 1515 603 1569 Πόθεν
651 1518 708 1570 δὲ
745 1518 930 1588 μαθὼν
973 1521 1001 1573 ὁ
1036 1521 1279 1585 Πλάτων,
1326 1525 1417 1576 τὸν
1461 1526 1652 1596 χρόνον
1703 1525 1818 1594 μετ’

225 1606 464 1676 οὐρανοῦ
493 1607 819 1679 γεγενῆσθαι
847 1610 1015 1678 ἕγνω;
1042 1611 1186 1665 οὕτω
1207 1613 1314 1685 γάρ
1340 1616 1582 1688 γέγραφε
1603 1634 1615 1647 ·
1646 1636 1662 1666 ι
1689 1617 1822 1686 Χρό-

226 1717 317 1762 νος
345 1701 405 1752 δὲ
427 1695 520 1753 οὖν
549 1701 666 1770 μετ’
696 1701 924 1773 οὐρανοῦ
964 1703 1186 1772 γέγονεν
1205 1723 1218 1735 ο
1256 1707 1343 1760 ἴνα
1370 1709 1484 1778 ἅμα
1516 1710 1818 1780 γενόμενοι,

226 1789 346 1860 ἅμα
396 1791 492 1843 καὶ
525 1789 775 1855 λυθῶσιν,
806 1792 870 1846 ἄν
905 1812 1035 1848 ποτε
1077 1795 1230 1860 λύσις
1271 1797 1448 1852 αὐτῶν
1495 1800 1765 1870 γίγνηται».
1795 1822 1813 1852 ι

1925 605 2240 673 spieiemus,
2293 606 2570 676 quomodo
2612 608 2785 665 virtus
2837 609 3147 668 hominibus
3191 616 3432 682 eveniat.
3460 620 3508 674 si

1924 699 2079 767 prius
2132 699 2235 754 hoc
2285 699 2462 769 ipsum
2515 700 2922 759 instituerimus
2969 720 3065 774 per
3117 722 3179 763 se
3233 724 3505 778 quarere,

1924 785 2053 854 quid
2096 786 2172 841 sit
2222 786 2439 842 tandem
2499 790 2614 859 ipsa
2664 791 2858 848 virtus.
2892 813 2913 846 ι
2978 795 3193 854 Videtis
3233 801 3508 868 quomodo

1925 891 2146 931 sursum
2200 881 2503 935 adveniens
2539 881 2766 948 donum,
2822 884 3078 941 virtutem
3126 893 3506 949 tantummodo

1923 969 2186 1038 appellet,
2233 986 2298 1026 ac
2354 971 2484 1027 illud
2534 975 2702 1029 etiam
2733 975 3092 1047 inquisitione
3127 981 3350 1052 dignum
3383 1001 3508 1042 esse

1926 1073 2172 1129 censeat,
2205 1073 2390 1122 utrum
2435 1066 2694 1121 virtutem
2719 1083 2786 1122 an
2827 1070 2972 1126 aliud
3003 1075 3286 1146 quidpiam
3317 1077 3506 1134 deceat

1926 1153 2031 1209 hoc
2067 1156 2266 1209 donum
2301 1157 2603 1226 appellari;
2648 1161 2854 1216 veritus
2902 1163 3033 1220 illud
3095 1176 3282 1235 aperte
3329 1170 3503 1239 Spiri-

1924 1257 2036 1301 tum
2058 1257 2306 1302 sanctum
2333 1251 2628 1319 appellare,
2668 1267 2736 1307 ne
2781 1257 3170 1325 prophetarum
3195 1261 3502 1317 doctrinam

1924 1342 2125 1396 sectari
2173 1341 2481 1397 videretur.

1990 1517 2083 1572 55.
2122 1518 2276 1574 Unde
2305 1531 2485 1577 autem
2515 1525 2738 1580 edoctus
2773 1525 2926 1581 Plato
2955 1537 3171 1598 tempus
3197 1548 3320 1588 cum
3356 1537 3500 1594 caelo

1922 1620 2162 1664 creatum
2189 1627 2310 1668 esse
2337 1615 2628 1685 cognovit?
2656 1616 2746 1671 Sic
2771 1619 2917 1672 enim
2943 1622 3163 1689 scripsit
3192 1646 3202 1680 :
3225 1643 3244 1676 ι
3269 1627 3502 1698 Tempus

1919 1717 2050 1773 ergo
2073 1718 2194 1758 eum
2243 1704 2381 1760 caelo
2410 1715 2653 1761 creatum
2683 1719 2786 1774 est,
2831 1721 2890 1764 ut
2923 1712 3084 1767 simul
3126 1730 3307 1772 creata
3335 1722 3498 1776 simul

1921 1795 2310 1862 dissolvantur,
2353 1798 2397 1852 si
2427 1801 2642 1866 quando
2667 1816 2856 1856 eorum
2889 1805 3108 1860 eveniat
3135 1807 3448 1867 dissolutio.
3473 1833 3492 1865 ι

225 1884 364 1952 Οὐχὶ
391 1883 447 1936 δὲ
476 1884 632 1938 τοῦτυ
669 1886 777 1940 άπὸ
817 1888 912 1957 τῆς
943 1885 1093 1952 Θείας
1124 1891 1402 1955 Μωῦσὲως
1440 1894 1680 1964 ἱστορίας
1723 1912 1805 1965 με·

1915 1886 1997 1941 An
2031 1901 2136 1941 non
2165 1887 2268 1942 hoc
2290 1903 2356 1942 ex
2387 1888 2566 1943 divina
2594 1889 2792 1960 Moysis
2822 1894 3046 1949 historia
3077 1901 3370 1970 cognovit!
3397 1903 3497 1958 No-

227 1973 533 2045 μαθηκώς;
572 1977 749 2045 Ἔγνω
777 1977 885 2050 γάρ
919 1981 1053 2051 ὁτιή
1087 1982 1179 2034 τοῦ
1211 1983 1401 2054 χρόνου
1430 1985 1641 2051 γένεσις
1670 1985 1732 2038 ἐκ
1755 2004 1813 2040 τε

222 2068 454 2137 ἡμερῶν
493 2069 587 2121 καὶ
625 2069 808 2140 μηνῶν
838 2072 932 2125 καὶ
959 2073 1220 2127 ἐνιαυτῶν
1255 2075 1354 2146 τὴν
1385 2075 1558 2147 ἀρχὴν
1587 2077 1685 2148 τῆς
1723 2095 1815 2130 συ-

224 2157 474 2221 στάσεως
527 2158 766 2228 εἴληφεν.
815 2160 901 2224 Ὠς
936 2157 1028 2214 οὖν
1072 2162 1170 2232 τῆς
1207 2163 1429 2236 πρώτης
1468 2168 1678 2238 ἡμέρας
1715 2170 1814 2239 τῆς

226 2248 345 2317 μετ’
368 2250 597 2322 οὐρανοῦ
617 2250 726 2321 (40)
746 2252 1062 2322 γενομένης,
1089 2255 1261 2326 ἀρχὴν
1282 2257 1375 2309 τοῦ
1399 2259 1598 2322 παντὸς
1620 2261 1811 2331 χρόνου

222 2341 644 2411 παρεσχηκυίας
693 2339 869 2410 (οὕτω
915 2341 1021 2413 γάρ
1067 2343 1308 2413 Μωῦσῆς
1359 2337 1668 2416 γέγραφεν·
1713 2348 1814 2400 Ἐν

219 2431 382 2500 ἀρκῆ
411 2433 702 2500 ἐποίησεν
733 2438 765 2488 ό
793 2436 936 2502 Θεὸς
960 2435 1065 2489 τὸν
1095 2434 1353 2504 οἰφανὸν
1384 2438 1478 2490 καὶ
1514 2438 1629 2504 τὴν
1661 2438 1811 2508 τῆνο

220 2518 343 2576 εἶτα
378 2526 508 2594 παρ’
535 2524 675 2578 αὐτὰ
711 2527 968 2580 συνάπτει
1003 2527 1193 2595 λέγων,
1224 2527 1332 2581 Kal
1361 2528 1595 2597 ἐγένετο
1626 2529 1814 2598 ἡμέρα

217 2615 384 2685 μία),
415 2617 492 2680 ὡς
521 2618 629 2670 άπὸ
663 2618 860 2689 μέρους
883 2622 914 2672 ὁ
941 2621 1165 2676 Πλάτων
1196 2619 1287 2672 τὸν
1327 2621 1502 2673 πάντα
1536 2622 1812 2692 σημαίνων

221 2709 414 2779 χρόνον
460 2709 610 2780 (Η),
653 2711 750 2782 τὴν
789 2711 1003 2783 ἡμέραν
1047 2711 1300 2782 ὀνομάζει
1343 2714 1568 2784 χρόνον,
1608 2714 1695 2766 ἵνα
1738 2717 1812 2785 μὴ

220 2798 370 2868 δόξῃ,
404 2799 618 2871 ἡμέρας
642 2797 1012 2872 μεμνημένος,
1047 2803 1122 2867 ῶς
1164 2803 1340 2876 πάντῃ
1382 2806 1494 2868 τοῖς
1537 2805 1813 2868 Μωῦσέως

222 2889 491 2960 ἑπόμενος
547 2893 760 2961 ῥητοῖς,
806 2895 935 2964 παρ’
998 2893 1302 2966 Ἀθηναίοις
1365 2895 1808 2966 κατηγορεῖσθαι.

224 2982 395 3035 Πόθεν
421 2983 482 3036 δὲ
510 2984 606 3037 καὶ
645 2985 773 3056 περὶ
811 2985 1014 3049 λύσεως
1044 2985 1275 3058 οὐρανοῦ
1317 2986 1641 3056 φαντασθεὶς
1669 2988 1813 3042 οὕτω

222 3075 534 3145 γέγραφεν;
562 3076 681 3146 οὐχὶ
710 3079 802 3129 καὶ
829 3076 984 3130 τοῦτο
1013 3078 1160 3148 παρὰ
1186 3077 1292 3129 τῶν
1325 3077 1484 3148 ἱερῶν
1515 3079 1809 3149 προφητῶν

225 3167 596 3239 μεμαθηκὼς,
645 3171 739 3222 καὶ
774 3169 947 3234 οὕτως
1000 3170 1250 3242 εἰρῆσθαι
1303 3172 1430 3242 παρ’
1470 3169 1648 3223 αὐτῶν
1695 3170 1806 3242 (42)

223 3262 451 3333 νομίσας
472 3279 487 3325 ;

294 3355 383 3407 54.
423 3355 487 3407 El
512 3355 570 3407 δὲ
601 3355 696 3408 καὶ
724 3355 815 3409 τὸν
848 3357 976 3428 περὶ
1013 3356 1118 3409 τῶν
1148 3358 1479 3427 ἀγαλμάτων
1508 3375 1591 3420 τις
1623 3357 1806 3422 ἐξετά-

221 3448 301 3512 ζοι
334 3447 515 3515 λόγον,
563 3446 725 3501 πόθεν
774 3448 1081 3521 ὁρμώμενοι
1130 3451 1178 3501 οί
1223 3448 1427 3519 πρῶτοι
1475 3449 1598 3511 τοὺς
1649 3447 1804 3511 θεοὺς

221 3542 375 3612 ὑμῶν
405 3543 939 3606 κατασκευάσαντες,
970 3541 1272 3614 ἀνθρώπων
1300 3543 1511 3614 μορφὰς
1536 3543 1678 3612 ἐχειν
1709 3543 1805 3594 αὺ-

219 3635 343 3696 τοὺς
384 3632 706 3700 διέγνωσαν,
748 3635 971 3705 εὑρήσει
1018 3634 1110 3686 καὶ
1153 3633 1310 3687 τοῦτο
1353 3634 1460 3688 ἀπὸ
1514 3633 1610 3702 τῆς
1655 3631 1804 3696 θείας

221 3728 464 3800 ἱστορίας
493 3727 897 3799 μεμαθηκότας.
926 3729 1038 3799 Τῆς
1081 3728 1189 3799 γὰρ
1235 3729 1514 3790 Μωῦσὲως
1565 3726 1803 3797 ἱστορίας

218 3825 280 3876 ὲκ
326 3820 622 3893 προσώπου
679 3821 764 3874 r06
809 3821 943 3874 Θεοῦ
982 3821 1266 3890 λεγούσης,
1309 3819 1658 3888 Ποιήσωμεν
1695 3818 1802 3872 ἅν-

216 3917 454 3981 θρωπον
484 3913 610 3966 κατ’
659 3913 859 3966 εἰκόνα
896 3912 1189 3981 ἡμετέραν
1225 3913 1320 3964 καὶ
1376 3912 1679 3980 ὁμοίωσιν,
1729 3912 1803 3974 ὡς

214 4005 388 4070 οὕτως
439 4004 690 4078 εἰρῆσθαι
741 4005 848 4058 τῶν
906 4005 1208 4076 ἀνθρώπιον
1257 4004 1397 4058 κατὰ
1444 4005 1541 4074 τὴν
1590 4004 1802 4074 μορφὴν

213 4101 475 4154 ἐοικότων
518 4101 594 4170 τῷ
636 4099 775 4172 θεῷ,
819 4100 960 4153 οὕτω
1007 4096 1436 4160 κατασκευάζειν
1479 4097 1601 4158 τοὺς
1649 4096 1802 4158 θεοὺς

214 4194 394 4249 αὐτῶν
423 4192 676 4264 ἤρξαντο,
713 4195 778 4247 ὲκ
805 4192 897 4246 τοῦ
926 4194 1114 4264 ὁμοίου
1146 4193 1203 4246 τὸ
1231 4194 1414 4263 ὅμοιον
1453 4191 1801 4262 δημιουργεῖν

211 4289 471 4359 οἰόμενοι.
503 4286 609 4340 T06
643 4288 802 4358 χάριν
831 4287 1198 4358 μνημονεῦσαι
1240 4287 1442 4340 τούτων
1483 4286 1598 4338 νυνὶ
1641 4289 1803 4358 προη-

211 4380 368 4450 χθην,
403 4377 450 4432 ὦ
478 4381 666 4451 ἄνδρες
695 4379 991 4451 ”Ελληνες;
1033 4381 1119 4432 ἵνα
1155 4378 1328 4446 γνῶτε
1359 4380 1439 4432 ὅτι
1481 4379 1578 4447 τὴν
1623 4378 1800 4449 ἀληθῆ

212 4474 522 4528 θεοσέϐειαν
553 4476 613 4527 οὐ
661 4476 883 4528 δυνατὸν
930 4476 1078 4546 παρὰ
1119 4476 1322 4528 τούτων
1361 4473 1650 4544 μανθάνειν
1693 4474 1800 4526 τῶν

217 4566 348 4636 μηδὲ
383 4568 443 4618 ἐν
483 4561 564 4628 οἷς
592 4567 695 4619 ὑπὸ
735 4567 843 4620 τῶν
886 4566 1082 4633 ἔξωθεν
1116 4567 1538 4637 ἐθαυμάσθησαν
1579 4568 1707 4620 ἷδιόν
1749 4585 1800 4619 τι

210 4660 416 4728 γράψαι
465 4659 817 4730 δυνηθέντων,
865 4659 999 4713 ἀλλὰ
1043 4661 1133 4714 διά
1171 4678 1314 4724 τινος
1368 4661 1580 4730 ἐκείνης
1636 4660 1798 4731 άλλη-

210 4752 396 4823 γορίας
431 4753 536 4805 ὑπὸ
562 4753 839 4815 Μωῦσέως
867 4752 978 4820 (45)
1011 4753 1102 4805 καὶ
1136 4751 1241 4805 τῶν
1275 4753 1475 4806 λοιπῶν
1504 4752 1796 4824 προφητῶν

210 4846 264 4897 ἐν
285 4848 398 4909 τοῖς
423 4847 628 4898 ἑαυτῶν
656 4845 1079 4917 συγγράμμασιν
1112 4845 1557 4916 ἀπηγγελκότων.

277 5001 344 5032 ³⁸⁹
385 5001 525 5056 Gen.
562 5016 603 5066 ι,
635 5001 685 5066 l,
719 5001 771 5056 5.
851 4999 894 5030 “
927 5003 1083 5063 lbid..
1113 5002 1198 5058 26.

275 5159 388 5227 (60)
435 5157 572 5211 Μετ’
619 5158 898 5227 οἰφαγοῦ.
948 5157 1020 5210 Ita
1064 5157 1213 5212 Colb.
1259 5175 1321 5214 ac
1367 5163 1486 5226 ipse
1534 5157 1782 5211 Justinus

208 5232 361 5302 panlq
385 5241 512 5302 ante
537 5229 625 5281 τὸν
654 5231 845 5302 χρόνον
883 5229 997 5299 μετ’
1035 5229 1285 5300 οὐρανοῦ,
1319 5231 1505 5300 χρόνος
1551 5230 1664 5298 μετ’
1694 5229 1781 5280 οὑ·-

210 5300 384 5371 ρανοῦ.
423 5300 558 5372 Ειιίιί
589 5300 704 5372 μετ⁴
727 5301 973 5372 οὐρανόν.

272 5372 382 5437 (Η)
439 5371 490 5421 Ὀ
526 5370 910 5423 Πλάτωντὸν
948 5372 1142 5425 πάντα
1185 5373 1498 5440 σημαίνων
1537 5371 1775 5438 χρόνον.

207 5441 452 5509 Magnum
485 5441 611 5494 huic
642 5442 761 5496 loco
799 5443 938 5495 inest
967 5443 1182 5496 vitium.
1217 5445 1399 5510 Neque
1431 5444 1576 5495 enim
1626 5442 1780 5495 Plato

206 5529 266 5566 ex
299 5521 472 5581 parte,
505 5513 620 5565 sive
671 5527 736 5564 ex
788 5511 900 5574 die,
950 5523 1122 5566 totum
1172 5524 1386 5581 tempus
1441 5513 1773 5580 designavit.

208 5582 361 5635 Solus
397 5580 609 5652 Moyses
644 5583 750 5653 diei
797 5597 1018 5646 nomen,
1043 5597 1165 5652 qua:
1198 5580 1326 5653 pars
1356 5593 1440 5636 est
1485 5584 1769 5650 temporis,

205 5653 501 5720 usurpavit.
552 5653 622 5705 At
658 5652 836 5715 I’lato,
877 5664 934 5705 ut
983 5652 1260 5708 existimat
1299 5653 1578 5712 Justinus,
1633 5653 1770 5706 hanc

204 5725 482 5775 verborum
529 5738 651 5777 cum
689 5721 872 5794 Moyse
908 5724 1324 5777 similitudinem
1369 5724 1584 5775 vitavit.
1624 5723 1773 5775 Seri-

204 5795 427 5846 hendnm
455 5808 606 5862 ergo,
637 5803 694 5846 ut
722 5795 772 5846 in
798 5795 988 5847 Latina
1021 5795 1472 5863 interpretatione
1498 5794 1773 5862 expressi-

194 5878 329 5931 ;nus,
358 5864 448 5917 τὸν
485 5866 660 5918 πάντα
687 5865 964 5937 σημαίνων
992 5865 1205 5935 χρόνον,
1236 5867 1264 5918 ὁ
1291 5865 1530 5917 Πλάτων.

1917 1987 2070 2032 verat
2089 1979 2232 2033 enim
2261 1983 2519 2052 temporis
2536 1986 2871 2040 creationem
2891 2003 2956 2042 ex
2982 1982 3192 2054 diebus.
3216 1997 3498 2051 mensibus

1916 2076 1970 2121 et
1993 2069 2151 2122 annis
2183 2069 2396 2125 initium
2417 2073 2831 2129 constitutionis
2854 2079 3153 2146 accepisse.
3180 2081 3348 2153 Igitur
3371 2103 3494 2141 eum

1917 2159 2123 2225 primus
2155 2160 2242 2216 ille
2272 2163 2434 2216 simul
2485 2178 2607 2218 cum
2656 2165 2795 2220 celo
2840 2170 3093 2226 conditus
3130 2173 3246 2228 dies
3275 2174 3495 2231 initium

1915 2253 2093 2306 omnis
2131 2257 2391 2324 temporis
2419 2260 2741 2325 praestiterit
2774 2262 2880 2332 (sic
2920 2264 3066 2317 enim
3097 2268 3320 2335 scripsit
3347 2269 3496 2341 Moy-

1915 2359 2037 2400 ses:
2073 2345 2139 2399 In
2184 2348 2442 2417 principio
2490 2349 2614 2417 fecit
2659 2351 2796 2406 Deus
2830 2355 3016 2408 (mlum
3062 2368 3112 2411 et
3155 2371 3384 2427 terram;
3429 2379 3495 2418 ac

1916 2439 2175 2509 deinceps
2195 2443 2267 2494 ita
2289 2441 2560 2512 subjungit
2580 2463 2592 2497 :
2613 2443 2679 2497 Et
2698 2445 2870 2513 factus
2887 2459 2960 2501 est
2988 2450 3099 2503 dies
3119 2467 3252 2506 unus
3270 2452 3356 2518 ³³⁸,
3383 2465 3496 2508 tan-

1916 2547 2079 2600 quam
2105 2549 2167 2586 ex
2200 2541 2354 2602 parte
2383 2542 2552 2587 totum
2581 2545 2790 2606 tempus
2815 2537 3154 2609 designans),
3177 2542 3326 2598 Plato
3350 2547 3494 2601 diem

1917 2631 2129 2690 tempus
2178 2621 2444 2692 appellat,
2491 2639 2556 2678 ne
2605 2626 2649 2680 si
2704 2630 3036 2684 mentionem
3086 2633 3194 2688 diei
3247 2634 3492 2700 taceret,

1918 2723 2172 2784 tanquam
2212 2719 2435 2771 omnino
2472 2717 2673 2789 Moysis
2719 2723 3008 2776 verborum
3044 2735 3284 2780 sectator
3327 2743 3493 2783 aecu-

1917 2807 2120 2860 sandus
2148 2810 2286 2876 apud
2315 2809 2680 2865 Athenienses
2704 2812 3006 2872 videretur.
3035 2816 3187 2871 Unde
3212 2829 3394 2874 autem
3439 2832 3496 2876 et

1916 2901 1983 2954 de
2009 2901 2133 2954 ραςιί
2166 2900 2523 2956 dissolutione
2553 2901 2881 2957 informatus
2907 2905 2980 2960 ita
3021 2910 3274 2978 scripsit?
3306 2911 3496 2969 Nonne

1916 3002 1970 3044 et
2005 2991 2058 3046 id
2085 3007 2298 3060 quoque
2335 3008 2364 3046 a
2397 2995 2568 3049 sacris
2605 2997 2888 3065 prophetis
2913 3000 3159 3067 edoctus,
3185 3013 3349 3073 atque
3371 3004 3495 3061 illos

1919 3086 1993 3139 ita
2031 3085 2241 3140 locutos
2277 3102 2396 3141 esse
2429 3090 2617 3142 ratus?

1978 3358 2065 3413 54.
2111 3359 2166 3413 Si
2205 3360 2333 3426 quis
2375 3367 2432 3412 et
2461 3357 2526 3411 de
2573 3358 2773 3413 statuis
2818 3360 3083 3414 rationem
3130 3362 3307 3429 ineat,
3354 3366 3493 3419 unde

1907 3461 2128 3520 accepta
2158 3466 2288 3505 ansa
2320 3450 2479 3520 primi
2512 3450 2735 3504 deorum
2767 3462 3073 3507 vestrorum
3109 3453 3490 3520 fabricatorer.

1907 3547 2146 3601 humana
2192 3545 2314 3599 illos
2347 3544 2516 3598 forma
2551 3546 2810 3613 praalitos
2839 3545 3240 3612 iudicaverint,
3273 3547 3326 3602 id
3357 3564 3494 3616 qun-

1905 3653 2009 3707 que
2038 3637 2156 3692 illos
2187 3636 2418 3704 reperiet
2437 3651 2508 3690 ex
2550 3637 2731 3690 divina
2782 3637 3012 3690 historia
3048 3637 3326 3695 didicisse.
3353 3639 3489 3694 Nam

1904 3749 2027 3788 cum
2047 3731 2247 3802 Moysis
2275 3730 2502 3784 historia
2528 3746 2593 3783 ex
2624 3744 2855 3797 persona
2886 3729 2978 3782 Dei
3007 3731 3151 3785 dicat
3171 3750 3183 3784 :
3203 3731 3492 3789 Faciamus

1905 3825 2168 3877 hominem
2193 3823 2476 3876 secundum
2511 3815 2795 3889 imaginem
2827 3833 3062 3875 nostrum
3092 3835 3139 3876 ει
3182 3825 3494 3880 similitudi-

1907 3932 2023 3970 nem
2048 3916 2125 3977 3‘;
2160 3913 2315 3983 quasi
2354 3912 2555 3967 dictum
2591 3925 2739 3966 esset
2781 3913 3030 3968 homines
3062 3915 3172 3969 Deo
3210 3915 3380 3971 forma
3415 3920 3493 3972 si-

1907 4007 2058 4060 miles
2071 4021 2214 4068 esse,
2237 4005 2309 4070 ita
2334 4005 2464 4058 deos
2483 4018 2611 4058 suos
2628 4003 2886 4072 ellingere
2903 4017 3206 4074 t‘Cchrllnl,
3226 4009 3404 4062 simile
3421 4026 3489 4064 cx

1906 4099 2068 4153 sLmili
2099 4113 2219 4151 sese
2251 4098 2560 4165 exprimere
2589 4084 2863 4153 arbitrati.
2895 4097 3002 4152 Sed
3045 4113 3209 4166 quam
3247 4103 3315 4153 oh
3353 4116 3488 4153 can-

1904 4206 2018 4244 sam
2043 4191 2305 4244 adductus
2326 4205 2442 4242 sum
2469 4198 2527 4241 ut
2552 4189 2665 4244 hinc
2687 4204 3198 4256 commemorarem,
3223 4208 3254 4248 ο
3276 4192 3490 4249 ϐνωείἳ

1908 4283 1977 4338 Ut
2013 4283 2328 4351 intelligatis
2361 4297 2545 4336 veram
2595 4282 2915 4351 religionem
2944 4299 3009 4337 ex
3057 4285 3176 4338 istis
3211 4286 3347 4340 disci
3377 4287 3486 4358 32

1907 4392 2010 4430 nun
2071 4392 2263 4444 posse,
2313 4378 2406 4444 qui
2453 4377 2654 4444 quibus
2703 4378 2864 4431 rebus
2915 4377 3330 4432 admirationem
3381 4382 3488 4435 sibi

1904 4473 2046 4540 apud
2081 4471 2330 4524 homines
2381 4485 2409 4522 a
2445 4478 2630 4522 nostra
2683 4469 2945 4537 religione
2987 4471 3194 4525 alienos
3239 4475 3482 4528 concita-

1910 4574 2056 4628 runt,
2093 4579 2159 4617 ne
2193 4565 2244 4616 in
2279 4563 2346 4615 iis
2378 4562 2598 4630 quidem
2633 4562 2851 4631 proprie
2895 4562 3196 4632 quidquam
3243 4565 3490 4620 scribere

1907 4667 2162 4726 potuere,
2210 4658 2303 4712 sed
2359 4671 2455 4725 per
2503 4657 2796 4724 quamdam
2855 4657 3202 4727 allegoriam,
3252 4638 3372 4726 qum
3419 4676 3485 4715 ex

1909 4749 2088 4819 Moyse
2113 4760 2167 4802 et
2197 4749 2412 4802 cmtcris
2459 4748 2742 4816 prophetis
2771 4749 3107 4812 hauserant,
3155 4765 3218 4803 ea
3270 4752 3322 4804 in
3373 4754 3486 4808 suis

1903 4844 2126 4912 scriptis
2159 4842 2548 4910 prmdicarunt.

1956 5155 2072 5225 (42)
2113 5156 2255 5222 Hap‘
2279 5155 2496 5208 αὐτῶν.
2535 5154 2689 5210 Coll).
2718 5167 2771 5210 ct
2808 5155 2937 5224 Reg.
2971 5157 3020 5218 l,
3051 5157 3156 5208 ὑπο
3193 5156 3378 5210 αὑτῶν

1959 5228 2075 5295 (45)
2127 5226 2272 5278 Ὑπὸ
2323 5227 2642 5290 Μωῦσέως.
2707 5227 3016 5295 Legenduln
3085 5228 3302 5280 videtur
3376 5229 3486 5280 ἀπὸ

1886 5297 2456 5360 Μωΰσὲως.-Διά...
2490 5297 2807 5363 Μωῢσέως.
2843 5297 3041 5350 Locum
3079 5297 3330 5351 vitiosum
3366 5315 3487 5352 esse

1887 5385 2046 5423 nemo
2078 5385 2182 5422 non
2211 5369 2377 5422 videt.
2411 5370 2593 5433 Quare
2640 5368 2964 5438 Sylburgins
3009 5383 3108 5435 pro
3151 5369 3370 5436 ἐκείνης
3409 5371 3489 5423 le-

1885 5441 2120 5510 gendum
2145 5449 2312 5510 putat
2342 5440 2555 5510 εἰκαίας
2587 5451 2682 5492 aut
2714 5441 2880 5507 (quod
2911 5455 3039 5493 veru
3073 5439 3290 5491 videtur
3322 5442 3486 5492 simi-

1887 5509 2010 5572 lins)
2038 5509 2267 5572 εἰκόνος,
2296 5513 2438 5578 quod
2476 5509 2821 5580 ἐξηγητικῶς
2867 5511 3100 5576 primunt
3145 5510 3352 5564 nomini
3385 5511 3481 5564 άλ-

1883 5581 2142 5652 ληγορίας
2179 5584 2542 5652 adscriptum,
2586 5582 2780 5634 deinde
2831 5597 3118 5649 perperam
3154 5597 3184 5634 a
3236 5582 3479 5636 librariis

1882 5651 1943 5704 in
1968 5651 2286 5705 contextum
2325 5651 2655 5705 inculcatum
2689 5652 2792 5713 sit;
2831 5667 2928 5718 pro
2960 5652 3065 5704 ὑπό
3101 5664 3282 5705 autetn
3317 5669 3477 5720 repn.

1882 5724 2116 5775 nendutn
2143 5733 2330 5775 censet
2358 5722 2425 5774 τὰ
2447 5723 2562 5774 τοῦ.
2581 5723 2782 5776 Graliin
2813 5723 2992 5789 potius
3013 5723 3228 5792 ἐκείνης
3252 5739 3476 5790 prorsus

1882 5795 2302 5862 expungendum
2354 5806 2409 5846 et
2451 5810 2574 5846 enm
2621 5793 2725 5845 ὑπὸ
2757 5793 3034 5855 illm-355w;
3092 5793 3472 5860 participium.

1883 5865 2026 5932 quod
2061 5863 2328 5933 prolatum
2357 5863 2438 5920 vel
2469 5865 2644 5920 simile
2675 5864 2802 5934 quid
2836 5865 3132 5934 signiticet,
3163 5864 3472 5919 subintelli-
