4140 6408
693 385 795 442 δοῖ

1730 375 1788 432 S.
1827 373 2089 430 JUSTINI
2128 368 2537 427 PHILOSOPHI
2573 368 2658 423 ΕΤ
2703 364 3062 422 ΜΑΒΤΥΒΙΞ

3840 370 3944 425 ’508

695 502 876 570 aliqua
903 512 970 552 ex
1004 504 1160 566 parte
1206 509 1268 547 ex
1318 494 1544 563 antiqua
1575 492 1782 563 Sibylla
1828 493 2038 546 discere
2061 534 2075 556 ,
2109 492 2260 560 ctrina

2369 491 2432 541 ἐκ
2481 488 2678 556 μέρους
2711 485 2862 555 παρὰ
2893 485 2990 553 τῆς
3029 483 3261 545 παλαιᾶς
3295 481 3555 552 Σιϐύλλης
3589 481 3652 536 ἐκ
3684 500 3828 543 τινος
3854 483 3945 535 δυ-

693 588 955 643 vaticinia
987 603 1052 644 cx
1084 587 1287 655 potenti
1340 584 1522 639 afllatu
1574 585 1718 638 edita
1772 584 1838 636 ad
1880 584 2265 651 prepltetarnm

691 679 1001 737 doctrinam
1027 691 1196 746 prope
1221 676 1483 729 accedere
1508 675 1782 728 videntur.
1816 671 1963 725 Hanc
1996 670 2266 741 Babylone

686 781 868 824 ortam
893 769 1106 830 dicunt,
1148 766 1336 821 Berosi
1365 764 1670 820 Cbaldaicz
1711 763 1956 818 historiae
1985 761 2267 829 scriptoris

693 862 862 915 filiam
884 876 901 927 ;
927 871 982 914 et
1007 875 1132 914 cum
1165 859 1220 912 in
1249 858 1560 925 Campania:
1596 871 1727 911 oras
1751 856 1928 910 delata
1954 855 2137 908 nescio
2161 868 2266 923 quo

693 964 852 1022 pacto
896 954 1122 1015 fuisset,
1173 952 1242 1004 ibi
1294 949 1514 1007 oracula
1552 950 1790 1005 edidisse
1841 949 1892 1002 in
1943 949 2095 1012 urbe,
2145 960 2266 1015 qua:

691 1042 878 1095 Cumae
902 1041 1122 1106 dicitur,
1151 1041 1318 1104 Baiis,
1360 1040 1449 1092 ubi
1501 1048 1629 1094 sunt
1677 1037 1927 1093 Thermas
1953 1037 2262 1106 Campanae,

693 1147 787 1185 sex
838 1131 1106 1201 lapidibus
1144 1131 1375 1185 distans.
1427 1127 1694 1192 Vidimus,
1718 1143 1839 1182 cum
1887 1128 1939 1181 in
1983 1128 2085 1181 hac
2133 1128 2266 1180 urbe

692 1238 962 1287 essemus,
994 1223 1167 1276 locum
1200 1221 1514 1290 quemdam,
1550 1221 1639 1275 ubi
1684 1220 1940 1274 sacellum
1971 1218 2263 1272 maximum

689 1332 758 1371 ex
787 1331 893 1369 uno
920 1331 1050 1369 saxo
1072 1314 1316 1370 excisum
1360 1314 1766 1383 conspeximus,
1803 1327 1916 1366 rem
1955 1327 2085 1366 sano
2126 1327 2266 1380 prte-

691 1409 1048 1463 clarissimam
1085 1417 1144 1463 et
1166 1408 1313 1462 omni
1345 1407 1709 1460 admiratione
1749 1405 2003 1474 dignam;
2043 1404 2114 1459 ibi
2166 1418 2261 1459 sua

689 1499 837 1554 illam
869 1500 1094 1555 oracula
1117 1500 1352 1554 edidisse
1380 1500 1704 1562 narrabant,
1736 1498 1824 1566 qui
1854 1498 1968 1550 ha'c
1987 1514 2013 1548 a
2037 1496 2261 1566 majori-

688 1592 811 1652 bus,
841 1599 900 1642 ut
927 1590 1112 1658 patriae
1140 1604 1251 1642 sua
1267 1588 1376 1660 35
1393 1589 1609 1658 propria
1623 1599 1969 1656 acceperant.
2002 1585 2058 1640 ln
2088 1587 2264 1641 medio

689 1691 872 1734 autem
894 1680 1094 1735 sacello
1114 1682 1492 1735 monstrabant
1518 1680 1674 1735 nobis
1700 1681 1800 1734 tria
1829 1679 2170 1749 receptacula
2195 1695 2261 1734 ex

688 1773 880 1826 eodem
907 1774 1092 1826 excisa
1115 1786 1271 1836 saxo,
1299 1771 1498 1841 quibus
1527 1786 1667 1840 aqua
1693 1771 1914 1841 repletis
1939 1771 2119 1825 lavare
2142 1785 2260 1825 eam

689 1864 966 1928 dicebant,
999 1875 1054 1918 et
1085 1879 1210 1918 cum
1241 1871 1447 1918 vestem
1488 1863 1874 1929 resumpsisset
1919 1865 1971 1917 in
2015 1863 2262 1918 intimam

693 1952 882 2007 sacelli
912 1953 1080 2007 tndem
1112 1952 1404 2015 secedere,
1436 1967 1500 2005 ex
1529 1953 1719 2005 eodem
1746 1967 1880 2006 saxo
1910 1952 2172 2016 excisam,
2202 1967 2266 2005 ac

690 2043 747 2096 in
772 2045 952 2098 medio
973 2043 1105 2099 tedis
1126 2045 1403 2099 sedentem
1429 2043 1647 2098 excelso
1669 2043 1826 2108 solio,
1855 2045 1932 2098 sic
1956 2044 2262 2099 vaticinari.

688 2133 862 2203 Hujus
895 2135 1137 2206 sibyllae,
1171 2145 1228 2190 ut
1272 2139 1446 2201 vatis,
1477 2151 1602 2190 cum
1643 2136 1796 2190 multi
1829 2136 1920 2188 alii
1967 2137 2264 2204 scriptores

685 2227 1008 2292 meminere,
1037 2237 1148 2282 tum
1172 2229 1338 2282 etiam
1371 2227 1525 2282 Plato
1553 2228 1604 2280 in
1637 2225 1885 2280 Phaedro.
1915 2223 2138 2281 Videtur
2166 2245 2263 2282 au-

686 2331 797 2375 tem
831 2323 990 2385 mihi,
1020 2336 1140 2376 cum
1190 2323 1243 2376 in
1288 2321 1432 2376 illius
1476 2321 1735 2376 vaticinia
1769 2321 2071 2385 incidisset,
2114 2330 2265 2375 vates

687 2426 789 2482 pro
813 2414 1011 2469 divinis
1041 2413 1356 2469 hominibus
1380 2413 1658 2468 habuisse.
1690 2413 1922 2468 Videbat
1954 2415 2096 2467 enim
2141 2429 2260 2481 qua:

685 2503 754 2557 ab
781 2503 867 2558 illa
905 2505 1033 2560 olim
1076 2505 1332 2572 praedicta
1378 2504 1634 2568 fuerant,
1673 2520 1836 2575 opere
1883 2504 2175 2573 con-pleri;
2205 2514 2261 2557 et

685 2593 894 2650 idcir'co
912 2596 1190 2650 admirans
1217 2597 1270 2650 in
1303 2595 1531 2651 Menone
1568 2610 1631 2650 ac
1672 2597 1891 2651 totidem
1925 2596 2104 2649 verbis
2125 2596 2255 2649 effe-

683 2701 820 2742 rens
843 2697 1018 2753 vates,
1058 2689 1131 2742 ita
1175 2687 1407 2743 scribit:
1445 2705 1464 2737 ι
1495 2687 1665 2744 Recte
1710 2703 1842 2744 sane
1883 2688 2094 2742 divinos
2139 2688 2258 2747 illos

683 2789 970 2844 vocemus,
999 2795 1143 2850 quos
1166 2797 1309 2834 nunc
1348 2780 1686 2850 appellamus
1710 2792 1882 2836 vates.
1913 2779 2029 2835 Non
2063 2783 2255 2836 imme-

683 2873 793 2928 rito
820 2873 1116 2928 dixerimus
1141 2873 1354 2929 divinos
1383 2873 1504 2928 illos
1529 2888 1672 2939 esse,
1692 2884 1746 2928 et
1768 2873 2026 2927 divinitus
2050 2872 2256 2928 amatos

683 2975 743 3019 et
770 2973 815 3018 "a
855 2964 972 3020 Deo
1006 2974 1326 3034 correptos,
1376 2980 1500 3020 cum
1553 2981 1813 3036 prospere
1866 2967 2258 3029 vaticinantur,

682 3056 854 3112 multa
897 3066 958 3111 et
1002 3073 1195 3127 magna
1246 3058 1526 3122 dicentes,
1571 3073 1673 3112 nec
1725 3058 2022 3127 quidquam
2065 3073 2255 3112 eorum

2369 581 2534 650 νατῆς
2558 581 2667 650 (55)
2695 578 2979 640 ἐπιπνοίας
2999 578 3084 632 διὰ
3109 577 3373 648 χρησμῶν
3399 579 3541 648 ὑμᾶς
3565 577 3940 650 διδασκούσης,

2373 673 2662 743 μανθάνειν
2717 671 2866 726 ταῦθ’
2922 671 3067 741 ᾇπερ
3113 671 3278 738 ἐγγὺς
3312 665 3452 723 εἷναι
3484 669 3629 723 δοκεῖ
3686 670 3785 739 τῆς
3834 670 3944 724 τῶν

2371 764 2660 836 προφητῶν
2686 763 3054 825 διδασκαλίας.
3083 761 3298 830 Ταύτην
3325 761 3381 814 δέ
3407 764 3471 813 ἐκ
3505 763 3601 831 μὲν
3625 760 3943 824 Βαϐυλῶνος

2369 855 2658 928 ὡρμῆσθαι
2693 871 2861 924 φασι,
2903 851 3198 924 Βηρώσσου
3232 851 3342 922 (54)
3379 850 3472 904 τοῦ
3506 850 3602 920 τὴν
3634 849 3942 922 Χαλδαῖκὴγ

2371 950 2611 1020 ίστορίαν
2644 949 2948 1019 γράψαντος
2981 945 3258 1016 θυγατέρα
3294 939 3458 997 οὖσαν
3489 943 3599 1014 (55)
3625 961 3638 974 ·
3677 947 3754 1007 εἰς
3784 945 3851 997 δὲ
3873 944 3944 997 τὰ

2371 1041 2511 1111 μέρη
2561 1041 2657 1111 τῆς
2691 1037 3022 1109 Καμπανίας
3049 1038 3149 1090 οὐκ
3190 1032 3286 1088 οἷδ’
3315 1037 3463 1100 ὅπως
3499 1034 3792 1099 διαϐᾶσαν,
3825 1037 3947 1088 ἐκεῖ

2368 1134 2490 1195 τοὺς
2518 1134 2794 1204 χρησμοὺς
2827 1127 3167 1199 ἐξαγορεύειν
3199 1126 3254 1178 ἐν
3286 1145 3391 1179 τινι
3424 1127 3621 1196 Κουμᾷ
3651 1124 3794 1178 οὕτω
3836 1141 3942 1180 κα-

2368 1227 2601 1298 λουμένῃ
2653 1226 2840 1288 πόλει,
2879 1224 2938 1289 ἐξ
2984 1224 3228 1296 σημείοις
3256 1223 3369 1293 (56)
3417 1222 3680 1292 διεστώσῃ
3725 1222 3942 1288 Βαϊων,

2368 1318 2494 1371 ἔνθα
2550 1324 2616 1370 τα
2670 1317 2848 1388 θερμὰ
2895 1316 2994 1385 τῆς
3047 1314 3380 1385 Καμπανίας
3436 1309 3575 1366 εἶναι
3629 1313 3942 1382 συμϐαίνει.

2379 1409 2753 1478 Ἐθεασάμεθα
2785 1409 2840 1460 δέ
2873 1412 2930 1461 ὲν
2963 1411 3030 1478 τῇ
3069 1405 3222 1459 πόλει
3264 1405 3538 1476 γενόμενοι
3569 1406 3660 1457 καί
3690 1423 3809 1457 τινα
3846 1406 3943 1458 τύ-

2367 1520 2495 1564 πον,
2542 1505 2600 1555 ἐν
2639 1494 2682 1568 ᾧ
2716 1500 2995 1571 βασιλικὴν
3019 1500 3128 1570 (57)
3167 1500 3429 1570 μεγίστην
3465 1497 3525 1561 ἐξ
3562 1496 3682 1560 ἐνὸς
3708 1497 3943 1566 ἐξεσμέ-

2367 1616 2462 1667 νην
2489 1596 2598 1665 (58)
2655 1595 2800 1646 λίθου
2829 1595 3095 1663 ἔγνωμεν,
3121 1595 3351 1667 πρᾶγμα
3379 1592 3652 1663 μέγιστον,
3684 1591 3778 1644 καὶ
3804 1607 3947 1643 παν-

2365 1690 2454 1750 τὸς
2483 1686 2757 1756 θαύματος
2775 1684 2940 1748 ἄξιον·
2967 1684 3095 1737 ἔνθα
3119 1685 3243 1747 τοὺς
3271 1683 3550 1756 χρησμοὺς
3572 1681 3738 1752 αὐτὴν
3767 1683 3950 1751 ἀπαγ-

2365 1779 2573 1846 γέλλειν
2615 1779 2662 1830 οί
2709 1777 2784 1840 ὼς
2831 1778 2902 1831 τὰ
2951 1777 3157 1848 πάτρια
3187 1776 3298 1846 (59)
3347 1773 3740 1848 παρειληφότες
3790 1775 3948 1846 παρὰ

2366 1871 2473 1924 τῶν
2517 1869 2723 1944 ἑαυτῶν
2778 1870 3058 1942 προγόνων
3106 1868 3362 1938 ἔφασκον.
3411 1869 3498 1920 Ἑν
3544 1866 3693 1937 μέσῳ
3737 1866 3795 1918 δὲ
3843 1867 3949 1936 τῆς

2367 1961 2654 2030 βασιλικῆς
2688 1960 3029 2013 ἐπεδείκνυον
3069 1961 3199 2029 ἡμῖν
3229 1961 3379 2029 τρεῖς
3403 1957 3707 2028 δεξαμενὰς
3740 1957 3807 2008 ἐκ
3846 1956 3945 2009 τοῦ

2364 2055 2526 2108 αὐτοῦ
2550 2053 2842 2122 ἐξεσμένας
2868 2052 3014 2105 λίθου
3036 2052 3176 2122 (60)·
3207 2043 3282 2104 ὧν
3308 2051 3696 2124 πληρουμένων
3724 2049 3945 2111 ὓδατος,

2364 2145 2616 2199 λούεσθαι
2665 2143 2835 2214 αὐτὴν
2879 2147 2936 2197 ἐν
2981 2144 3170 2206 αύταίς
3203 2143 3405 2210 ἔλεγον,
3451 2143 3546 2196 καὶ
3584 2141 3776 2212 στολὴν
3809 2143 3942 2194 ἁνα-

2362 2237 2774 2308 λαμϐἀνουσαν,
2810 2237 2888 2298 είς
2933 2235 3023 2287 τὸν
3072 2235 3350 2288 ἐνδότατον
3385 2230 3496 2303 (61)
3525 2233 3624 2304 τῆς
3657 2232 3949 2302 βασιλικῆς

2366 2328 2569 2399 βαδίζει
2600 2324 2747 2380 οἷκον
2779 2329 2845 2380 ἐκ
2882 2325 2973 2378 τοῦ
3007 2327 3173 2380 αὑτοῦ
3217 2327 3508 2396 ἐξεσμένον
3538 2325 3686 2379 λίθου
3707 2343 3719 2354 ·
3758 2325 3855 2379 καὶ
3883 2328 3948 2378 ἐν

2366 2420 2515 2489 μέσῳ
2544 2419 2636 2471 τοῦ
2668 2417 2818 2470 οἴκου
2848 2416 2958 2486 (6⁵2)
2994 2416 3362 2488 καθεζομένην
3397 2417 3489 2470 ἐπὶ
3521 2417 3728 2488 ὑψηλοῦ
3764 2415 3948 2486 βήμα-

2359 2530 2449 2575 τος
2494 2513 2586 2565 καὶ
2634 2511 2864 2584 θρόνου,
2917 2511 3060 2564 οὕτω
3100 2512 3224 2575 τοὺς
3265 2512 3542 2583 χρησμοὺς
3575 2511 3944 2582 ἐξαγορεύειν.

2361 2605 2578 2673 Ταύτης
2595 2604 2650 2656 δὲ
2672 2604 2768 2674 τῆς
2785 2602 3044 2674 Σιϐύλλης
3067 2603 3143 2666 ὼς
3170 2601 3494 2675 χρησμῳδοῦ
3513 2601 3695 2654 πολλοὶ
3725 2604 3827 2671 μέν
3847 2602 3948 2656 καὶ

2364 2693 2512 2745 ἄλλοι
2541 2692 2647 2746 τῶν
2673 2692 3031 2763 συγγραφέων
3061 2694 3387 2764 μέμνηνται,
3423 2694 3514 2746 καὶ
3539 2693 3760 2746 Πλάτων
3783 2696 3843 2746 ἐν
3861 2693 3948 2765 τῷ

2360 2783 2609 2850 Φαίδρῳ.
2645 2787 2799 2836 Δοκεῖ
2822 2783 2878 2835 δέ
2915 2801 3003 2854 μοι
3033 2788 3144 2847 τοῖς
3167 2784 3369 2854 ταύτης
3405 2786 3672 2855 χρησμοῖς
3701 2783 3946 2854 ἐντυχὼν

2362 2874 2390 2925 ὁ
2427 2872 2673 2936 Πλάτων,
2708 2873 2832 2935 τοὺς
2872 2875 3227 2943 χρησμῳδοὺς
3256 2873 3576 2938 ἐκθειάξειν.
3620 2875 3798 2944 Ἐώρα
3830 2875 3948 2947 γὰρ

2360 2965 2424 3018 τὰ
2449 2965 2541 3016 ὑπ’
2565 2963 2734 3033 αὐτῆς
2761 2962 2928 3016 πάλαι
2951 2965 3327 3035 προειρημένα
3348 2964 3529 3038 ἔργοις
3553 2965 3910 3036 πληρούμενα
3927 2984 3941 2996 ⁸

2362 3055 2454 3108 καὶ
2484 3056 2572 3108 διὰ
2606 3055 2764 3108 τοῦτο
2809 3054 3094 3124 θαυμάσας
3127 3058 3186 3108 ἐν
3220 3055 3297 3126 τῷ
3330 3056 3467 3128 πρὸς
3499 3058 3728 3110 Μένωνα
3757 3057 3904 3128 λόγῳ
3925 3097 3943 3122 ,

683 3161 806 3216 quae
835 3145 1021 3201 dicunt
1052 3146 1434 3217 intelligentes.
1475 3167 1494 3200 ι
1526 3147 1625 3202 Hic
1655 3147 1940 3201 manifeste
1969 3156 2029 3203 et
2067 3158 2256 3216 aperte

2363 3148 2548 3210 αὑταῖς
2580 3147 2785 3211 λέξεσιν
2818 3146 3056 3201 ἐπαινῶν
3088 3147 3213 3210 τοὺς
3246 3147 3605 3218 χρησμῳδοὺς
3627 3188 3642 3212 ,
3668 3148 3811 3201 οὕτω
3849 3151 3948 3217 γέ-

684 3239 752 3292 ad
775 3237 980 3310 sibyllae
1010 3238 1234 3309 respicit
1271 3254 1484 3295 versus.
1515 3240 1635 3309 Ipsa
1663 3239 1829 3300 enim.
1857 3254 1964 3294 non
1995 3248 2052 3292 ut
2081 3249 2256 3310 poeta

682 3339 806 3399 post
847 3331 1054 3401 scripta
1102 3332 1380 3399 carmina,
1426 3331 1741 3387 facultatem
1788 3332 2022 3388 habebat
2064 3347 2253 3387 emen-

685 3422 858 3478 dandi
878 3433 936 3478 et
973 3411 1216 3491 limandi,
1257 3423 1311 3477 iu
1341 3424 1425 3479 bis
1464 3425 1766 3493 praesertim
1797 3439 1916 3492 quae
1945 3423 2011 3478 ad
2039 3438 2259 3478 accura-

685 3527 812 3572 tam
833 3529 1186 3570 numerorum
1217 3516 1390 3587 legem
1423 3517 1729 3586 pertinent.
1778 3515 1882 3570 Sed
1922 3517 1975 3570 in
2023 3516 2142 3586 ipso
2172 3514 2255 3567 af-

681 3607 844 3662 flatus
890 3607 1120 3664 articulo
1169 3609 1310 3665 vatis
1358 3618 1580 3664 munere
1603 3608 1963 3680 fungebatur;
2019 3625 2082 3662 ac
2117 3608 2258 3662 desi-

682 3709 848 3753 nente
874 3697 1057 3754 afﬂatu
1092 3699 1381 3755 desinebat
1417 3700 1690 3759 dictorum
1723 3701 2052 3756 recordatio.
2083 3701 2259 3768 Atque

685 3793 804 3866 lucc
832 3807 964 3848 sane
1002 3793 1213 3848 exstitit
1253 3808 1416 3849 causa
1440 3833 1457 3859 ,
1503 3808 1603 3848 cur
1657 3809 1762 3848 non
1796 3777 2004 3849 omnes
2043 3792 2257 3846 numeri

683 3901 944 3942 versuum
970 3885 1177 3957 sibyllae
1199 3896 1571 3951 servarentur.
1608 3885 1665 3941 ld
1695 3886 1863 3953 enim,
1894 3900 2022 3940 cum
2057 3885 2111 3940 in
2152 3886 2257 3940 hac

683 3978 820 4043 urbe
881 3994 1163 4046 essemus,
1217 3995 1250 4034 a
1310 3969 1725 4050 perductoribus
1771 3980 2104 4044 didicimus,
2164 3978 2262 4046 qui

684 4079 750 4125 et
797 4071 940 4138 loca,
982 4073 1046 4126 in.
1086 4072 1286 4142 quibus
1330 4072 1755 4136 vaticinabatur,
1795 4073 1952 4127 nobis
1990 4081 2258 4128 monstra-

687 4173 840 4229 eunt,
873 4174 927 4218 et
966 4163 1202 4224 loculum
1224 4164 1515 4234 quemdam
1539 4179 1613 4218 ex.
1633 4178 1742 4218 are
1769 4174 2166 4229 constructum,
2204 4164 2257 4217 in

2357 3241 2568 3311 γραφεν
2591 3257 2603 3269 ο
2635 3258 2653 3290 ι
2689 3237 2895 3310 Ὀρθῶς
2921 3238 3030 3310 ἄρα
3053 3237 3121 3292 ἂν
3147 3237 3405 3309 καλοῖμεν
3430 3237 3608 3302 θείους
3630 3255 3688 3292 τε
3716 3239 3946 3304 αὐτοὺς,

2357 3334 2451 3398 οὓς
2498 3334 2561 3404 δὴ
2617 3332 2712 3386 νῦν
2755 3334 2986 3403 λέγομεν
3036 3331 3416 3408 χρησμῳδούς.
3459 3333 3570 3404 Οὐχ
3602 3333 3801 3403 ἥκιστα
3826 3333 3942 3404 (65)

2358 3429 2560 3497 φαῖμεν
2597 3425 2659 3480 ἂν
2692 3425 2912 3488 τούτους
2945 3423 3122 3489 θείους
3154 3419 3290 3478 εἶναι
3318 3423 3804 3487 καὶένθουσιὰζειν
3827 3425 3945 3477 ἐπί-

2358 3532 2522 3578 πνους
2568 3513 2725 3578 δντας
2745 3553 2759 3576 ,
2809 3513 2904 3567 καὶ
2937 3513 3335 3584 κατεχομένους
3368 3515 3435 3567 ἐκ.
3463 3511 3556 3566 τοῦ
3593 3513 3726 3567 Θεοῦ
3746 3553 3774 3578 ,,
3808 3513 3943 3568 ὅταν

2359 3608 2666 3682 κατορθῶσι
2704 3608 2954 3676 λέγοντες
2989 3607 3160 3660 πολλὰ
3207 3609 3301 3661 καὶ
3352 3607 3562 3678 μεγάλα
3596 3606 3945 3678 πράγματα,

2362 3702 2525 3774 μηδὲν
2551 3701 2750 3764 εἰδότες
2779 3693 2854 3753 ὧν
2883 3700 3136 3767 λέγουσι’
3169 3718 3186 3750 ι
3227 3699 3413 3770 σαφῶς
3451 3700 3545 3753 καὶ
3579 3699 3827 3771 φανερῶς
3859 3702 3942 3762 εις

2358 3796 2482 3857 τοὺς
2530 3793 2792 3863 Σιϐύλλης
2852 3791 3072 3864 ἀφορῶν
3123 3793 3421 3865 χρησμούς.
3471 3792 3620 3863 Αὕτη
3657 3791 3788 3862 γὰρ,
3836 3791 3940 3862 οὐχ

2362 3885 2550 3956 ὥσπερ
2582 3886 2631 3938 οἱ
2665 3884 2908 3954 ποιηταὶ,
2945 3883 3040 3938 καὶ
3075 3884 3212 3954 μετὰ
3241 3884 3301 3936 τὸ
3321 3882 3526 3954 γράψαι
3543 3882 3609 3936 τὰ
3633 3882 3937 3952 ποιήματα,

2360 3957 2505 4046 ἕῐχεν
2540 3974 2786 4039 ἐξουσίαν
2815 3973 3161 4046 διορθοῦσθαι
3191 3974 3285 4028 καὶ
3319 3973 3554 4039 ἐπιξέειν
3589 3973 3830 4044 μάλιστα
3845 3972 3938 4026 διὰ

2360 4069 2457 4140 τὴν
2489 4067 2597 4122 τῶν
2632 4068 2842 4139 μέτρων
2867 4066 3148 4138 ἀκρίϐειαν
3173 4084 3186 4097 ο
3221 4066 3334 4122 ἀλλ’
3365 4068 3422 4119 ἐν
3456 4065 3553 4136 μὲν
3585 4064 3662 4136 τῷ
3693 4064 3793 4135 τῆς
3821 4066 3939 4118 ἐπι-

2362 4159 2554 4224 πνοίας
2582 4160 2757 4232 καιρῷ
2779 4198 2794 4223 ,
2829 4159 2896 4212 τὰ
2918 4160 3016 4230 τῆς
3049 4157 3382 4232 προφητείας
3421 4158 3687 4230 ἐπλήρου·
3728 4174 3937 4211 παυσα-

684 4271 799 4324 qno
827 4253 944 4322 ejus
988 4255 1248 4325 reliquias
1295 4254 1566 4309 asservari
1619 4254 1894 4309 dicebant.
1931 4253 2064 4306 Illud
2095 4253 2257 4308 etiam

2364 4255 2530 4325 μένης
2561 4253 2617 4307 δὲ
2650 4253 2746 4323 τῆς
2779 4252 3062 4315 ἐπιπνοίας
3085 4292 3099 4316 ,
3135 4250 3538 4305 ἐπάπαυτο-καὶ
3570 4253 3602 4322 ή
3638 4249 3746 4303 τῶν
3776 4250 3935 4321 εἰρησ-

684 4349 833 4405 iater
861 4348 993 4414 alia,
1028 4357 1089 4401 ut
1122 4361 1160 4401 aI
1186 4347 1480 4414 majoribus
1505 4355 1788 4415 acceptum
1817 4347 2142 4410 narrabant,
2166 4359 2260 4400 eos

2365 4347 2539 4416 μένων
2588 4345 2794 4415 μνήμη.
2818 4343 2998 4397 Τοῦτ’
3029 4340 3124 4398 οὖν
3155 4343 3327 4398 αῐτιθν
3375 4341 3470 4395 τοῦ
3519 4342 3596 4413 μὴ
3642 4341 3819 4394 πάντα
3866 4341 3934 4395 τὰ

683 4439 779 4507 qui
805 4447 938 4493 tunc
960 4438 1184 4493 oracula
1215 4438 1586 4507 excipiebant,
1617 4454 1739 4492 cum
1768 4437 2030 4492 illitterati
2053 4447 2257 4500 essent,

2367 4436 2542 4507 μέτρα
2561 4435 2668 4488 τῶν
2703 4433 2850 4488 ἐπῶν
2882 4435 2982 4504 τῆς
3012 4433 3275 4504 Σιϐύλλης
3299 4430 3587 4497 σώζεσθαι.
3613 4431 3775 4506 Aemi.
3800 4430 3930 4502 γὰρ,

684 4543 829 4597 saepe
871 4531 939 4585 ab
980 4539 1237 4584 accurata
1282 4530 1630 4584 numerorum
1666 4529 2050 4585 observatione
2088 4529 2240 4583 aber-

2363 4531 2421 4581 ἐν
2466 4530 2532 4598 τῇ
2586 4527 2737 4580 πόλει
2786 4525 3098 4596 γενόμενοι,
3135 4525 3285 4598 παρὰ
3316 4523 3423 4577 τῶν
3455 4519 3804 4596 περιηγητῶν
3836 4519 3934 4591 μέ-

686 4633 865 4674 rasse.
889 4619 1066 4692 Atque
1097 4620 1160 4674 id.
1183 4635 1364 4687 causa:
1400 4633 1523 4674 esse
1564 4619 1838 4684 dicebant.
1869 4635 1968 4674 cur
1995 4634 2256 4673 numerus

2365 4618 2710 4692 μαθήκαμεν,
2748 4617 2854 4670 τῶν
2888 4617 2982 4671 καὶ
3015 4617 3138 4680 τοὺς
3170 4617 3366 4679 τόπους
3389 4617 3450 4668 ἐν
3479 4607 3561 4676 οἷς
3593 4610 3930 4684 ἐχρησμῴδει

2432 4751 2930 4823 (58)Ὲξεσμένην.
2953 4748 3215 4823 Similiter
3234 4748 3493 4823 Virgilius
3510 4747 3604 4823 lib.
3620 4762 3671 4799 va
3687 4744 3927 4798 zEneidJ

2433 4818 2687 4879 Excisum
2718 4818 2969 4875 Eubdica:
2992 4819 3131 4873 latus
3158 4818 3352 4888 ingens
3371 4819 3519 4886 rupis
3547 4818 3862 4888 innutritus.

2457 4894 2547 4960 59)
2585 4892 2662 4947 Τὰ
2696 4889 2931 4959 πάτρια.
2965 4890 3126 4960 Deest
3151 4886 3416 4944 articulus
3446 4889 3498 4942 itt
3529 4886 3683 4942 Colb.

2455 4959 2546 5026 60)
2587 4963 2788 5015 Λίθον.
2821 4960 2975 5030 (Jolb.
3000 4959 3151 5030 λίθῳ.

2433 5024 2546 5102 (61)
2560 5036 2663 5098 Εἰς
2684 5031 2792 5084 τὸν
2803 5024 3142 5086 ἐνδότατονὲ.
3158 5028 3249 5102 Sic
3268 5038 3324 5083 et
3338 5027 3592 5102 Virgilius
3685 5025 3803 5077 add
3809 5065 3821 5078 .
3840 5041 3895 5079 ιιι
3909 5041 3923 5076 :

3023 5139 3131 5157 .....
3173 5101 3304 5166 Quin
3334 5098 3460 5166 rupe
3485 5098 3580 5150 sub
3611 5099 3720 5149 ima

755 4755 875 4825 (53)
912 4755 1206 4824 Δυνατῆς.
1236 4755 1395 4828 Deest
1419 4757 1480 4810 in'
1499 4756 1652 4812 Colb.
1685 4755 1803 4812 Mox
1833 4756 2122 4828 μανθάνειν
2146 4771 2258 4810 me-

679 4826 1113 4898 liusponeretur
1140 4835 1266 4898 a_nte
1292 4826 1356 4880 ἐκ
1380 4844 1550 4898 (τινος.

759 4897 875 4969 (54)
914 4897 1121 4969 Sibylla
1153 4895 1340 4950 Berosi
1365 4896 1941 4969 cbaltlaicasbistorite
1967 4898 2261 4969 scriptoris

683 4964 796 5021 filia
819 4964 1040 5024 dicitur}
1088 4967 1373 5020 Statuerat
1401 4964 1633 5020 Grabius
1659 4965 1930 5020 Iustinum
1987 4985 2018 5020 a
2065 4964 2258 5036 frit-ala

683 5039 1045 5091 recentiorum
1085 5036 1392 5091 'critt'corum
1437 5038 1767 5089 accusatione
1815 5039 2119 5099 vindicare,
2161 5039 2256 5093 sed

683 5123 800 5162 rem
826 5105 939 5176 iam
973 5117 1150 5163 actam
1170 5111 1297 5176 esse
1329 5105 1534 5159 indicat
1569 5122 1600 5159 a
1642 5106 1707 5161 (ἱ.
1753 5105 1802 5161 J.
1857 5107 2048 5160 Vossio
2077 5110 2127 5159 in
2158 5105 2253 5160 lib.

684 5184 717 5232 ι’
738 5171 1114 5236 υεῚιὶιιοτίιὶι
1157 5171 1382 5238 Graecis,
1411 5189 1532 5242 cap.
1574 5178 1625 5233 l.
1671 5175 1837 5230 Paulo
1870 5188 1996 5231 ante
2031 5177 2161 5230 illud
2194 5176 2261 5230 ἐκ

682 5264 829 5311 τινος
860 5247 1091 5317 δυνατῆς
1132 5245 1417 5308 ἐπιπνοίας
1446 5255 1611 5307 verte,
1668 5259 1726 5300 ut
1761 5247 1927 5311 infra,
1964 5263 2027 5301 ea:
2057 5247 2259 5315 potenti

791 5322 914 5372 dam
946 5322 1146 5372 aﬂlaﬂt.

786 5322 914 5372 dam
946 5319 1146 5389 afﬂuat.

786 5387 875 5457 55)
917 5388 1272 5456 Βηρώσσου.
1299 5386 1658 5457 ...θυγατέρα
1699 5381 1921 5441 οὖσαν.
1943 5385 1998 5439 Id
2027 5386 2260 5441 Persica!

686 5456 913 5528 Sibyllae
950 5459 1130 5528 aptius
1169 5456 1482 5520 convenire,
1507 5470 1590 5528 fut
1631 5458 1738 5528 lilia
1782 5458 1965 5513 Berosi
2009 5461 2253 5521 dicatur,

684 5526 946 5584 observat
976 5526 1211 5587 Callanus
1248 5545 1297 5584 c.
1330 5529 1368 5582 2
1396 5528 1469 5581 De
1492 5526 1680 5598 Sibyll.

759 5599 875 5670 (56)
914 5601 1209 5667 Σημείοις.
1253 5600 1317 5654 R.
1360 5599 1444 5654 St.
1491 5601 1556 5652 ad
1591 5596 1806 5654 calcem
1852 5598 2119 5670 σημείων..
2166 5596 2257 5651 Sic

687 5672 851 5723 etiam
885 5672 935 5723 iu
969 5680 1118 5724 textu
1150 5670 1306 5724 Colb.

759 5741 872 5812 (57)
901 5740 1429 5812 βασιέικήηᾉηιθ
1461 5740 1600 5812 hanc
1627 5754 1816 5812 vocem
1851 5739 1914 5795 Β.
1947 5737 2026 5792 St.
2051 5737 2255 5812 atlcal-

685 5825 813 5864 cem
835 5809 889 5866 et
917 5810 1049 5880 Reg.
1079 5810 1112 5865 5
1143 5823 1195 5866 et
1224 5811 1464 5865 Clarum.
1499 5809 1705 5866 habent
1729 5811 1793 5866 ad
1821 5825 1993 5879 marg.
2024 5809 2217 5865 οίκίαν.

2539 5173 2710 5229 Facta
2738 5171 2899 5227 canit.

2429 5246 2543 5317 (62)
2586 5245 2694 5298 Τοῦ
2738 5242 2926 5294 οἴκου.
2971 5239 3127 5296 Coll).
3159 5238 3235 5311 τῷ
3260 5238 3425 5310 οῐκῳ,
3453 5246 3507 5292 et
3542 5237 3621 5291 sic
3646 5234 3710 5289 Β.
3740 5231 3825 5287 St;
3859 5232 3938 5288 ad-

2359 5317 2712 5454 cai‘iigTbbz
2744 5382 2984 5454 ἣκιστα.
3019 5381 3194 5454 Minus
3224 5387 3477 5454 accurate
3500 5375 3740 5454 Platonis
3762 5373 3934 5454 verba.

2360 5439 2541 5522 tel‘ert'
2560 5439 2997 5524 JustinusJorte
3013 5452 3136 5520 quia
3163 5451 3479 5524 memoriter
3510 5445 3800 5524 referebat.

2359 5518 2505 5593 gitur
2525 5527 2676 5580 enim
2722 5513 2860 5590 apud
2903 5513 3184 5593 Platonem
3217 5539 3228 5574 ε
3259 5513 3754 5593 Χρησμῳδοὺςικαὶ
3791 5513 3923 5593 μὰν-

2358 5586 2469 5658 ’ἷεις
2503 5596 2595 5652 καὶ
2623 5586 3095 5663 τοὺς-ποιητικοὺς
3126 5586 3376 5663 suam:
3396 5586 3694 5663 ’καὶ-τοὺς
3726 5586 3926 5663 πολιτι-

2359 5668 2488 5730 κοὺς
2518 5667 2615 5736 οὐχ
2646 5665 2846 5736 ἥκιστα
2869 5658 3090 5716 τούτων.
3123 5659 3392 5736 Nimirum
3413 5658 3678 5736 pol-uicos:
3704 5658 3932 5736 sive

2359 5739 2449 5804 qui
2470 5728 2865 5803 rent'pnblicant
2889 5743 3108 5805 gerunt,
3141 5731 3420 5802 coniungit
3452 5728 3606 5784 Plato
3637 5729 3923 5802 m‘vatk

2361 5808 2459 5862 Dtts
2488 5817 2543 5860 et
2568 5806 2764 5875 poetis.
3795 5807 3798 5812 ’
