4140 6474
209 347 308 403 509
1338 341 1788 400 COHORTATIO
1825 340 1916 395 AD
1953 339 2294 396 GRAECOS"
3345 341 3448 395 ato

207 469 338 534 ἡμῖν
375 466 772 532 ῦποδειξάντων
793 507 807 530 ,
840 466 934 519 καὶ
963 465 1131 534 cpuva
1171 482 1292 517 τινα
1324 467 1388 518 ἐκ
1420 462 1618 534 χαλκοῦ
1651 480 1741 516 κατ

1835 476 1848 523 ι
1882 459 2158 516 nonnullis
2179 458 2428 513 versibus
2452 457 2624 521 desit,
2645 456 2845 526 quippe
2863 470 2982 510 cum
3010 457 3146 525 ipsa,
3165 465 3447 526 postquam

204 560 623 628 εσκευασμὲνον,
680 562 738 612 ὲν
791 552 836 627 ᾧ
879 559 947 612 τά
1009 557 1236 626 λείψανα
1286 558 1455 627 αὐτῆς
1509 554 1741 619 σώζεσθε

1875 552 2048 608 teneri
2074 559 2130 605 et
2163 549 2335 604 alllari
2370 550 2634 612 desierat,
2665 547 2800 602 nihil
2827 563 3039 611 eorum,
3071 563 3192 617 quae
3216 549 3446 612 dixerat,

204 649 410 716 ἔλεγον.
452 652 724 718 Ἐτασκον
757 650 812 702 δὲ
848 649 985 720 μετὰ
1014 640 1228 702 πάντων
1261 643 1336 702 ὧν
1368 646 1650 718 διηγοῦντο
1681 663 1741 698 κα

1875 645 2274 703 recordaretur;
2311 640 2518 696 librarii
2568 649 2748 693 autem
2782 638 2852 692 ob
2895 638 3226 706 imperitiam
3260 637 3327 690 ab
3355 654 3446 692 ac-

202 741 389 806 τοῦτο,
427 742 501 804 ὡς
557 740 703 813 παρά
749 739 854 793 τῶν
909 740 1184 811 προγόνων
1235 740 1565 809 ἀκηκοότες,
1600 737 1681 790 ὅτι
1727 754 1741 789 ε

1873 748 2057 791 curata
2101 749 2452 790 numerorum
2499 731 2881 788 observatione
2919 731 3289 784 aberrassent.
3330 733 3480 796 Qua‘

203 826 636 895 ἐκλαμϐάνοντες
660 829 784 890 τοὺς
812 828 1088 898 χρησμοὺς
1113 826 1412 898 τηνικαῦτα
1431 867 1446 890 ,
1475 826 1629 888 ἐκτὸς
1657 842 1741 878 παι

1875 829 1941 883 de
1970 843 2133 882 causa
2165 826 2443 879 Platonem
2475 824 2542 877 ad
2575 823 2794 894 Sibyllae
2821 821 3038 877 oracula
3067 821 3444 890 respicientem

201 915 434 979 δεύσεως
464 917 616 982 ὄντες
634 958 650 981 ,
683 917 947 988 πολλαχοῦ
975 918 1071 987 τῆς
1101 918 1208 972 τῶν
1245 919 1456 989 μέτρων
1489 917 1737 987 ἀκριϐεία

1874 919 2017 972 idem
2051 919 2116 972 de
2147 916 2363 970 vatibus
2392 915 2771 984 pronuntiasse
2802 913 2992 982 liquet.
3035 912 3127 967 Sic
3154 913 3296 966 enim
3327 912 3440 965 ait:

202 1007 538 1078 διήμαρτον·
593 1010 685 1062 καὶ
741 1009 943 1080 ταύτην
1000 1009 1183 1077 ελεγον
1244 1009 1422 1062 αἰτίαν
1477 1004 1612 1061 εἶναι
1671 1008 1735 1078 τῆ

1878 1026 1898 1059 ι
1931 1007 2064 1063 Cum
2098 1021 2355 1077 prospere
2404 1005 2792 1068 vaticinantur,
2827 1003 2994 1059 multa
3037 1012 3090 1058 et
3135 1017 3326 1072 magna
3357 1002 3440 1055 di:

201 1098 354 1152 ἐνίων
390 1100 538 1153 ἐπῶν
569 1102 867 1174 ἀμετρίας,
904 1103 1001 1173 τῆς
1034 1103 1131 1171 μὲν
1165 1100 1485 1174 χρησμῳδοῦ
1523 1099 1658 1170 μετὰ
1707 1118 1741 1152 τι

1871 1109 2091 1162 centes,
2144 1114 2243 1152 nec
2277 1097 2573 1166 quidquam
2609 1111 2798 1152 eorum
2844 1110 2964 1165 quae
3005 1096 3194 1149 dicunt
3239 1093 3440 1148 intellio

197 1189 508 1242 πεπαῦσθαι
535 1191 646 1259 (64)
678 1192 776 1261 τῆς
823 1192 1052 1263 κατοχῆς
1086 1193 1179 1244 καὶ
1226 1193 1322 1262 τῆς
1355 1191 1638 1252 ἐπιπνοίας
1692 1189 1766 1263 μὴ
1873 1200 2082 1259 gentes.
2121 1207 2140 1240 ι

199 1280 553 1352 μεμνημένης
583 1281 691 1335 τῶν
725 1284 1044 1354 εἰρημένων,
1079 1281 1186 1334 τῶν
1221 1281 1276 1334 δὲ
1306 1281 1666 1354 ὑπογραφέων
1709 1279 1774 1332 δι’
1818 1277 2169 1332 ἀπαιδευσίαν
2201 1278 2296 1346 τῆς
2342 1275 2450 1329 τῶν
2481 1277 2707 1347 ἶμέτρων
2753 1274 3036 1347 ἀκριϐείας
3089 1277 3441 1331 ἐκπεπτωκό-

195 1387 316 1421 των.
368 1371 469 1424 Διά
523 1372 677 1425 τοῦτο
722 1374 896 1426 τοίνυν
941 1373 1030 1426 τὸν
1087 1373 1379 1436 Πλάτωνα,
1445 1375 1524 1435 εἰς
1560 1372 1684 1435 τοὺς
1717 1371 1812 1442 τῆς
1865 1370 2124 1441 Σιϐύλλης
2159 1369 2448 1442 ἀφορῶντα
2481 1368 2760 1438 χρησμοὺς
2795 1367 2922 1438 περὶ
2955 1367 3062 1419 τῶν
3103 1368 3441 1439 χρησμῳδῶν

191 1459 330 1512 τοῦτ’
363 1462 644 1532 εἰρηκέναι
675 1463 854 1533 δῆλον.
891 1465 1030 1536 Ἔφη
1060 1465 1168 1538 γάρ
1198 1464 1397 1528 οὕτως’
1425 1483 1442 1514 ‹
1477 1465 1644 1522 Ὅταν
1677 1463 1978 1535 κατορθῶσι
2013 1463 2262 1530 λέγοντες
2296 1460 2462 1512 πολλά
2490 1460 2582 1512 καὶ
2629 1457 2836 1528 μεγάλα
2886 1460 3186 1531 πράγματα
3214 1503 3225 1526 ,
3276 1461 3443 1532 μηδὲν

185 1551 385 1615 εὶδάτες
417 1547 492 1606 ὧν
526 1555 757 1623 λέγουσι.
797 1575 814 1607 ›

258 1642 346 1696 ⁸58.
373 1644 522 1714 Πλὴν
544 1647 658 1699 ἀλλ’
681 1648 996 1720 ἐπειδήπερ,
1014 1643 1058 1704 ὦ
1076 1650 1263 1720 ἀνδρες
1279 1649 1554 1722 Ἕλληνες,
1578 1649 1676 1702 οὐκ
1700 1650 1760 1700 ὲν

1937 1641 2024 1696 '58.
2071 1640 2176 1696 Sed
2201 1641 2325 1709 quia
2358 1655 2456 1693 nec
2498 1641 2548 1693 in
2583 1638 2808 1707 poeticis
2836 1640 3102 1702 numeris,
3153 1656 3185 1693 ο
3235 1640 3434 1708 Graeci,

185 1736 490 1802 ποιητικοῖς
513 1737 728 1806 μέτροις
743 1740 810 1790 τά
824 1740 919 1809 τῆς
938 1739 1168 1810 ἀληθοῦς
1189 1739 1495 1804 θεοσεϐείας
1512 1741 1740 1814 πρᾶγμα

1866 1747 1990 1786 vera
2022 1731 2212 1801 religio
2256 1731 2358 1785 sita
2396 1740 2498 1795 est,
2533 1743 2634 1784 nec
2663 1731 2716 1782 in
2759 1743 2846 1792 ea,
2879 1745 3000 1798 quae
3040 1731 3181 1798 apud
3235 1747 3329 1787 vos
3385 1735 3436 1788 in

181 1839 272 1885 τα,
294 1825 416 1876 οὐδὲ
440 1829 498 1878 ἐν
521 1830 583 1897 τῇ
618 1831 744 1899 παρ’
764 1830 892 1899 ὑμῖν
917 1831 1271 1903 εὐδοκιμούσῃ
1296 1832 1595 1897 παιδεύσει,
1631 1832 1763 1900 ἀφέ-

185 1933 335 1984 μενοι
369 1917 554 1970 λοιπὸν
589 1920 685 1990 τῆς
718 1920 825 1972 τῶν
859 1922 1068 1995 μέτρων
1103 1924 1193 1976 καὶ
1225 1925 1398 1992 λόγων
1443 1923 1759 1997 ἀκριὸείας,

177 2011 294 2072 τοῖς
341 2011 436 2062 ὑπ’
470 2012 640 2082 αὐτῆς
667 2013 777 2083 (65)
829 2016 1136 2086 εἰρημένοις
1185 2017 1542 2087 ἀφιλονείκως
1591 2034 1759 2089 προσ-

176 2100 417 2168 ἐχοντες,
443 2102 618 2170 γνῶτε
651 2105 832 2158 πόσων
865 2107 990 2176 ὑμῖν
1017 2108 1237 2177 ἀγαθῶν
1263 2109 1408 2163 αἰτία
1441 2109 1593 2162 ἔσται
1612 2150 1626 2172 ,
1662 2108 1759 2177 τὴν

174 2193 271 2245 τοῦ
321 2194 575 2266 Σωτῆρος
628 2196 785 2266 ἡμῶν
835 2198 1004 2268 Ἰησοῦ
1057 2201 1292 2272 Χριστοῦ
1338 2201 1521 2270 ἄφιξιν
1571 2202 1756 2270 σαφῶς

175 2286 274 2336 καὶ
315 2286 570 2357 φανερῶς
619 2287 1097 2359 προαγορεύουσα·
1134 2289 1231 2354 ὃς,
1267 2291 1358 2344 τοῦ
1398 2291 1532 2344 Θεοῦ
1579 2291 1755 2363 ὑπάρ-

175 2394 289 2442 χων
320 2376 495 2442 Λόγος
526 2375 830 2448 ἀχώριστος
859 2378 966 2449 (66)
1001 2380 1262 2450 δυνάμει,
1297 2382 1387 2434 τὸν
1421 2382 1538 2434 κατ’
1572 2384 1754 2435 εἰκόνα

173 2468 271 2519 καὶ
301 2468 560 2537 ὁμοίωσιν
608 2469 741 2522 Θεοῦ
781 2471 1086 2525 πλασθέντα
1132 2473 1415 2526 ἀναλαϐὼν
1448 2473 1759 2546 ἄνθρωπον,

171 2562 273 2629 τῆς
323 2562 430 2613 τῶν
478 2563 719 2634 ἀρχαίων
752 2565 898 2633 ἡμᾶς
931 2567 1206 2636 προγόνων
1259 2567 1528 2636 ἀνέμνησε
1574 2567 1752 2620 θεοσε-

171 2652 355 2714 ϐείας,
392 2653 460 2721 ἦν
491 2654 540 2703 οί
575 2650 634 2716 ἐξ
666 2654 844 2706 αὐτῶν
879 2656 1168 2724 γενόμενοι·
1210 2655 1483 2727 ἄνθρωποι
1535 2658 1752 2711 καταλι-

169 2744 397 2806 πόντες,
433 2743 750 2816 διδασκαλίᾳ
780 2745 1046 2815 βασκάνου
1073 2735 1322 2817 δαίμονος
1342 2790 1356 2812 ,
1392 2749 1485 2811 ἐπὶ
1517 2751 1612 2820 τὴν
1645 2751 1750 2804 τῶν

171 2834 250 2902 μὴ
285 2833 421 2886 θεῶν
455 2836 768 2907 ἐτράπησαν
801 2837 1114 2908 θρησκείαν.
1152 2840 1212 2892 Εἰ
1233 2840 1288 2893 δέ
1323 2859 1403 2904 τις
1435 2842 1590 2905 ὄκνος
1623 2843 1750 2913 ὑμῖν

165 2923 376 2992 ἐνοχλεῖ
425 2925 660 2989 πίστεως
705 2929 834 2998 περὶ
868 2929 964 2998 τῆς
1001 2929 1092 2981 τοῦ
1127 2929 1416 3001 ἀνθρώπου
1467 2932 1712 2996 πλάσεως
1731 2975 1744 2996 ,

166 3015 426 3086 πείσθητε
458 3017 699 3080 τούτοις,
733 3013 812 3082 οἷς
845 3019 923 3072 ἔτι
957 3022 1241 3091 προσέχειν
1281 3021 1458 3074 οἴεσθε
1491 3023 1619 3085 δεῖν,
1653 3031 1746 3077 καὶ

1863 1824 2038 1894 pretio
2061 1834 2166 1886 est,
2191 1822 2525 1884 eruditione;
2565 1821 2766 1875 omissa
2795 1821 3052 1889 deinceps
3080 1838 3436 1880 numerorum

1861 1923 1917 1969 et
1963 1914 2251 1968 verborum
2300 1910 2568 1978 exquisita
2604 1911 2849 1971 ratione,
2903 1909 3040 1962 citra
3067 1915 3437 1968 contentionis

1861 2004 2095 2057 studium
2127 2003 2256 2071 quid
2311 2016 2339 2054 a
2389 1999 2595 2070 Sibylla
2647 2000 2861 2054 dicatur
2895 2001 3347 2071 animadvertite,
3381 2016 3436 2060 et

1858 2105 2058 2164 quanta
2092 2094 2247 2148 vobis
2277 2093 2503 2147 allatura
2537 2095 2609 2148 sit
2649 2095 2789 2148 bona
2810 2135 2826 2160 ,
2858 2091 3169 2162 perspicite,
3205 2095 3350 2151 clare
3382 2112 3435 2152 et

1859 2195 2044 2256 aperte
2067 2185 2372 2240 Salvatoris
2396 2187 2567 2240 nostri
2595 2185 2720 2241 Jesu
2748 2185 2956 2243 Christi
2981 2193 3270 2246 adventum
3301 2207 3434 2261 prce-

1858 2281 2144 2344 nuntians;
2193 2281 2280 2348 qui
2327 2295 2448 2334 cum
2499 2281 2568 2334 sit
2611 2281 2702 2335 Dei
2738 2281 2996 2347 Verbum,
3027 2285 3234 2338 virtute
3258 2291 3311 2337 et
3340 2299 3434 2352 pov

1855 2373 2023 2425 tentia
2053 2374 2121 2426 ab
2149 2389 2212 2426 eo
2244 2371 2630 2441 inseparabile,
2664 2374 2939 2428 hominem
2967 2376 3032 2428 ad
3061 2376 3349 2444 imaginem
3382 2384 3432 2430 et

1853 2463 2266 2518 similitudinem
2301 2465 2391 2518 Dci
2422 2475 2664 2519 creatum
2692 2481 3000 2530 assumens,
3032 2469 3310 2522 revocavit
3340 2483 3431 2521 no-

1853 2555 1934 2608 bis
1966 2554 2020 2607 iu
2051 2557 2368 2610 memoriam
2403 2556 2708 2625 priscorum
2754 2567 3039 2624 parentqu
3086 2558 3430 2626 religionem.

1851 2662 1955 2716 qua
1986 2647 2174 2702 relicta
2208 2663 2394 2701 eorum
2442 2650 2680 2716 posteri,
2720 2648 2885 2702 invidi
2919 2651 3180 2704 daemonis
3212 2651 3431 2705 monitis

1853 2748 1906 2793 et
1939 2739 2190 2792 doctrina
2227 2744 2291 2792 ad
2319 2742 2468 2805 deos,
2503 2741 2594 2808 qui
2634 2741 2769 2794 nulli
2799 2755 2944 2806 sunt,
2979 2742 3235 2796 colendos
3263 2743 3429 2797 delle-

1851 2839 2066 2885 xeruut.
2095 2827 2202 2901 35
2231 2832 2284 2885 Si
2313 2848 2414 2900 qua
2443 2843 2622 2885 autem
2651 2831 2804 2886 vobis
2835 2835 3106 2902 obstrepit
3137 2835 3428 2902 dubitatio,

1851 2925 2144 2992 quominus
2176 2922 2335 2977 ﬁdem
2379 2924 2615 2979 hominis
2659 2925 2925 2979 creationi
2974 2925 3310 2988 adhibeatis,
3362 2927 3427 2982 iis

1850 3016 2082 3076 credite,
2117 3030 2251 3084 quos
2296 3015 2468 3069 adhuc
2511 3017 2812 3070 audiendos
2861 3018 3096 3085 putatis,
3136 3025 3192 3070 et
3232 3017 3426 3074 scitote

162 3107 337 3171 γνῶτε
364 3108 446 3160 ὅτι
475 3108 533 3160 τὸ
558 3111 684 3179 παρ’
707 3111 836 3180 ὑμῖν
856 3112 1202 3181 χρηστήριον,
1222 3112 1448 3175 ἀξιωθὲν
1472 3114 1577 3166 ὑπό
1603 3132 1741 3177 τινος

1835 3107 2127 3160 oraculum
2164 3119 2424 3170 vestrum,
2457 3123 2576 3162 cum
2623 3125 2652 3162 a
2699 3111 2932 3180 quodam
2981 3120 3228 3179 rogatum
3257 3121 3423 3175 esset,

163 3199 332 3266 Ξμνον
365 3200 458 3252 τοῦ
507 3202 940 3273 παντοκράτορος
981 3202 1224 3256 ἐκδοῦναι
1270 3203 1438 3267 Θεοῦ,
1474 3204 1644 3270 οὓτως
1687 3209 1743 3259 ὲν

167 3288 317 3357 μέσῳ
351 3291 444 3341 τοῦ
482 3289 649 3360 ῦμνου
685 3292 823 3360 ἔφη·

169 3381 276 3443 Ὃς
306 3378 542 3447 πρῶτον
576 3382 820 3448 πλάσας
858 3382 969 3453 (67)
996 3385 1291 3452 μερόπων,
1539 3385 1605 3437 δὲ
1641 3402 1741 3438 κα-

1397 3497 1408 3508 ι
1471 3472 1648 3521 σσίις.

1397 3472 1648 3521 Λευ-σας.

159 3539 272 3592 Καὶ
293 3541 478 3594 τοῦτον
501 3541 764 3606 σώζεσθαι
789 3545 875 3606 τὸν
900 3546 928 3598 ὖ
937 3565 1065 3616 μνον
1086 3548 1232 3618 παρά
1257 3548 1466 3610 πολλοῖς
1485 3542 1558 3601 ὧν
1585 3549 1739 3617 ἴσμεν

163 3630 486 3698 συμϐαίνει,
535 3635 613 3696 εἰς
661 3633 878 3704 ἔλεγχον
921 3637 1027 3688 τῶν
1069 3637 1141 3708 μὴ
1195 3638 1474 3692 πείθεσθαι
1519 3643 1581 3711 τῇ
1633 3643 1736 3694 ὑπὸ

159 3729 381 3781 πάντων
422 3733 838 3804 μαρτυρουμένη
874 3733 1098 3805 ἀληθεία
1144 3735 1495 3805 βουλομένων.
1535 3738 1597 3790 Εἰ
1629 3739 1736 3791 τοί-

158 3836 272 3882 νυν,
302 3814 347 3872 ὦ
375 3822 569 3892 ἄνδρες
605 3824 893 3894 Ἕλληνες,
927 3825 1000 3896 μὴ
1035 3828 1429 3898 προτιμοτέραν
1448 3827 1558 3898 (68)
1592 3832 1735 3900 ἡγεῖ-

159 3911 250 3964 σθε
288 3914 389 3982 τῆς
434 3915 586 3982 ὑμῶν
640 3916 816 3968 αὐτῶν
865 3919 1137 3990 σωτηρίας
1186 3920 1284 3990 τὴν
1330 3922 1460 3991 περ)⁷
1504 3921 1609 3973 τῶν
1659 3922 1732 3993 μὴ

157 4005 321 4057 ὄντων
347 4005 486 4058 θεῶν
513 4008 681 4078 ψευδῆ
713 4012 1032 4077 φαντασίαν,
1063 4011 1340 4084 πείσθητε,
1365 4013 1552 4084 ῶσπερ
1574 4015 1727 4085 ἔφην,

156 4101 220 4165 τῇ
255 4099 591 4172 ἀρχαιοτάτῃ
633 4102 724 4154 καὶ
768 4102 967 4174 σφόδρα
1005 4104 1209 4174 παλαιᾷ
1239 4105 1500 4178 Σιϐύλλῃ,
1535 4104 1602 4178 ἦς
1633 4107 1730 4170 τὰς

158 4187 368 4252 βίβλους
405 4190 462 4240 ὲν
494 4191 641 4260 πάσῃ
685 4193 749 4261 τῇ
784 4193 1075 4264 οἰκουμένῃ
1122 4194 1388 4259 σώζεσθαι
1418 4197 1725 4266 συμϐαίνει,

158 4279 278 4346 περὶ
329 4279 426 4347 μὲν
484 4278 589 4331 τῶν
630 4279 934 4351 λεγομένων
976 4283 1134 4348 θεῶν,
1179 4284 1254 4348 ὡς
1299 4287 1372 4356 μὴ
1400 4287 1589 4348 ὄντων,
1621 4287 1728 4341 ἀπό

157 4384 290 4431 τινος
340 4370 572 4440 δυνατῆς
620 4374 902 4438 ἐπιπνοίας
954 4376 1041 4428 διὰ
1086 4377 1348 4448 χρησμῶν
1392 4379 1537 4449 ἡμᾶς
1579 4379 1724 4433 διδα-

1848 3207 1906 3250 ut
1934 3198 2194 3267 hymnum
2229 3199 2280 3250 in
2315 3199 2480 3254 Deum
2518 3199 2948 3268 omnipotentem
2983 3202 3208 3265 ederet,
3242 3203 3319 3257 sic
3369 3202 3419 3257 in

1847 3293 2022 3345 medio
2055 3292 2256 3362 hymno
2283 3294 2485 3347 dixisse
2516 3312 2529 3346 :

1923 3382 2028 3447 Qui
2053 3387 2278 3452 primum
2303 3386 2576 3439 mortalem
2607 3386 2823 3454 effluxit,
2859 3387 3129 3458 Adamque
3150 3393 3368 3446 uocauit.

1841 3545 2016 3612 Atque
2050 3557 2194 3597 nunc
2231 3544 2490 3615 hymnum
2539 3559 2583 3598 a-
2619 3544 2807 3600 multis
2837 3561 2977 3615 quos
3021 3548 3272 3602 novimus
3301 3563 3417 3603 ser-

1841 3635 1954 3688 vari
1991 3635 2280 3703 contingit,
2318 3634 2386 3687 ad
2413 3648 2509 3689 eos
2535 3637 2871 3706 arguendos,
2917 3639 3008 3706 qui
3052 3638 3266 3693 veritati
3300 3655 3416 3692 om-

1838 3727 1986 3778 nium
2041 3725 2348 3780 testimonio
2392 3727 2729 3781 conﬁrmatae
2767 3729 3023 3783 assentiri
3070 3732 3279 3784 uolunt.
3310 3729 3414 3786 Ve-

1837 3827 2005 3872 stram
2037 3818 2204 3888 igitur
2243 3819 2497 3884 salutem,
2530 3835 2562 3873 ο
2591 3818 2788 3885 Graeci,
2829 3821 2873 3875 si
2907 3821 3044 3876 falso
3076 3825 3142 3877 de
3165 3823 3290 3887 diis,
3321 3825 3411 3893 qui

1836 3908 1970 3962 nulli
1999 3919 2148 3974 sunt,
2189 3919 2502 3965 commento
2534 3911 2806 3978 potiorem
2831 3914 3051 3978 ducitis,
3091 3915 3319 3980 credite,
3356 3926 3412 3970 ut

1828 4001 1939 4068 jam
1993 4003 2127 4066 dixi,
2173 4002 2390 4072 Sibyllze
2440 4003 2841 4071 antiquissima:
2877 4014 2935 4058 et
2983 4007 3410 4072 vetustissimae,

1834 4092 1988 4160 cujus
2017 4092 2137 4146 libri
2167 4107 2264 4162 per
2300 4101 2468 4147 totum
2509 4096 2698 4147 orbem
2744 4105 3056 4158 servantur,
3087 4113 3314 4167 quaeque
3341 4112 3407 4152 ex

1832 4187 2034 4253 potenti
2068 4188 2305 4255 quodam
2343 4185 2543 4258 talllatn
2600 4189 2732 4241 deos
2781 4189 2869 4256 qui
2911 4189 3199 4256 'dicuutur,
3234 4192 3408 4246 nullos

1831 4293 1953 4332 esse
1985 4292 2082 4346 per
2109 4279 2326 4332 oracula
2353 4292 2451 4332 nos
2484 4279 2666 4344 docet,
2702 4295 2766 4334 ac
2799 4281 2864 4336 de
2896 4280 3078 4338 Futuro
3107 4283 3407 4340 Salvatoris

1830 4368 2004 4423 n‘ostri
2064 4367 2189 4422 Jesu
2234 4367 2439 4424 Christi
2498 4372 2733 4424 adventu
2762 4411 2779 4435 ,
2831 4387 2895 4426 ac
2945 4372 3106 4426 rebus
3153 4373 3405 4429 omnibus

159 4461 356 4531 σκούσῃ
381 4477 396 4488 ο
433 4462 562 4532 περὶ
585 4462 640 4514 δὲ
664 4463 762 4532 τῆς
790 4463 882 4517 τοῦ
916 4466 1165 4536 Σωτῆρος
1193 4467 1346 4537 ἡμῶν
1383 4468 1556 4539 Ἰησοῦ
1587 4471 1721 4540 Χρι-

1835 4476 1962 4530 quas
1993 4474 2244 4529 gesturus
2267 4475 2405 4531 erat,
2431 4467 2578 4520 clare
2611 4476 2665 4521 et
2693 4476 2876 4536 aperte
2909 4467 3260 4534 praenuntiat.
3285 4466 3404 4520 Erit

160 4551 276 4602 στοῦ
322 4552 620 4622 μελλούσης
663 4554 879 4609 ἔσεσθαι
924 4559 1257 4629 παρουσίας,
1298 4562 1389 4614 καὶ
1420 4564 1546 4634 περί
1583 4563 1720 4616 πάν-

155 4656 254 4692 των
279 4641 386 4693 τῶν
427 4643 517 4693 ὑπ’
548 4643 708 4696 αὑτοῦ
754 4647 996 4712 γίνεσθαι
1038 4649 1358 4720 μελλόντων,
1406 4652 1591 4721 σαφῶς
1629 4654 1721 4706 καὶ

157 4733 391 4804 φανερῶς
419 4734 527 4803 (69)
557 4738 1036 4809 προαναφωνούσῃ.
1063 4742 1252 4793 Ἔσται
1280 4742 1384 4814 γὰρ
1409 4744 1536 4814 ὑμῖν
1560 4745 1722 4811 ἀναγ-

219 4907 329 4976 (64)
367 4911 528 4986 {Ie-ted
560 4913 1006 4986 t6_ﬂ£1¢50’0al.
1043 4916 1172 4986 Reg.
1201 4919 1235 4972 3
1266 4928 1318 4971 ct
1348 4917 1587 4974 Clarom.
1627 4923 1716 4977 διά

154 4977 208 5028 τὸ
239 4981 574 5033 πεπαῦσθαι.
613 4981 704 5036 Sic
727 4985 888 5035 etiam
916 4989 984 5038 ad
1013 4977 1217 5041 calciatu
1253 4988 1314 5040 [ἶ.
1350 4989 1433 5042 St.

219 5049 328 5128 (65)
380 5051 508 5103 'Tz'
535 5051 743 5122 αὐτῆς.
773 5052 838 5107 R.
870 5054 951 5110 St.
986 5057 1077 5108 ὑπ’
1099 5060 1301 5122 αὺτοῖς.
1326 5058 1552 5116 Codices
1581 5079 1711 5118 mss.

157 5129 207 5170 ut
240 5135 289 5170 tn
328 5131 499 5174 textu.

238 5188 326 5260 66)
365 5190 730 5261 Ἁχώριστος.
766 5194 920 5249 Colb.
959 5196 1259 5270 άχώρητος.

216 5197 325 5330 ἶϋῖ)
365 5262 633 5328 [ιλάσιις.
676 5265 740 5317 Κ.
775 5262 855 5319 St.
889 5267 953 5318 ad
986 5269 1188 5322 calcem
1221 5272 1259 5322 ὰ

239 5261 325 5335 σῖ)
365 5262 633 5328 [ιλάσιις.
676 5265 740 5335 Β.
775 5262 855 5319 St.
889 5267 953 5318 ad
986 5261 1188 5322 calcem
1221 5271 1556 5335 ἀναπλάσας.

364 5334 823 5411 ζζρρτιμοτέρᾳν.
854 5336 1011 5390 Colb.
1045 5338 1476 5411 προθρμοτέρανι

215 5401 324 5482 (6-9)
359 5403 494 5482 Καὶ⁸
513 5407 645 5482 ,περὶ
676 5405 1004 5461 πάντων-η..
1039 5401 1248 5477 σὰφῶξν
1282 5401 1379 5465 καὶ
1417 5413 1704 5480 φανερῶς.

156 5465 220 5547 Et
263 5465 760 5547 hishverbis'certo
789 5487 1048 5547 statuere
1088 5465 1494 5547 possumusfsi
1530 5465 1708 5538 minus

158 5545 308 5621 totam
345 5542 606 5621 librorum
650 5544 1036 5621 Sibyllinorum
1070 5542 1498 5616 eutttplexionettt
1527 5593 1542 5616 ,
1572 5569 1702 5621 qua-

158 5604 247 5690 lit-Im
287 5613 446 5666 hodie
487 5604 789 5690 habemus',
840 5617 1031 5670 saltem
1076 5633 1170 5674 eas
1198 5604 1404 5685 'partes
1423 5604 1704 5690 ejusmodi

158 5675 424 5744 librorum,
453 5699 574 5752 qua:
605 5675 808 5738 claram
836 5695 892 5740 et
921 5698 1163 5754 apertam
1204 5675 1410 5746 Christi
1441 5675 1706 5747 adventus

158 5759 200 5799 ot
222 5754 464 5806 orantium
495 5770 677 5809 rerum
712 5758 781 5810 ab
805 5770 870 5812 eo
902 5760 1260 5824 gerendamm
1300 5763 1701 5829 praedictionem

1825 4555 1969 4607 enim
1993 4555 2146 4609 vobis
2177 4556 2368 4612 harum
2405 4574 2591 4612 rerum
2617 4557 2881 4627 cognitio,
2910 4561 3221 4612 necessaria
3253 4575 3403 4627 (pta:-

1824 4647 1945 4700 dnm
1975 4648 2368 4702 misanetorum
2389 4650 2669 4703 hominum
2693 4650 2947 4703 vaticinia
2975 4651 3395 4716 prameditatto.

1823 4741 1974 4807 Quod
2007 4745 2050 4796 si
2089 4744 2211 4811 quis
2244 4742 2310 4796 ab
2361 4743 2757 4812 antiquissimis
2802 4744 2942 4813 apud
2983 4758 3079 4799 eos
3114 4743 3398 4813 appellatis

1819 4922 2131 4984 continent,
2163 4921 2273 4990 jam
2317 4933 2464 4987 tum,
2511 4923 2788 4978 scribente
2821 4922 3070 4987 Justino,
3122 4925 3176 4979 in
3227 4941 3393 4981 unum

1819 4994 1981 5063 Ve|u_li
2009 5007 2207 5063 corpus
2240 4993 2710 5048 redactas'luisse.
2745 4993 2890 5048 Nihil
2919 5010 3051 5049 sane
3081 4997 3395 5063 suspicatus

1815 5071 1900 5138 est
1926 5059 2195 5138 Justinus,
2239 5065 2484 5138 quamvis
2535 5079 2732 5138 omnes
2770 5065 2965 5119 horum
2997 5059 3264 5120 librorum
3298 5083 3394 5138 pa-

1817 5134 1955 5200 gina:
1988 5132 2249 5205 fraudem
2275 5134 2578 5205 clamitent.
2627 5132 2734 5188 Sed
2781 5145 2964 5188 tamen
2996 5150 3102 5189 non
3132 5132 3394 5205 graviéslc

1817 5219 1962 5255 mum
1986 5201 2134 5272 ‘mihi
2167 5203 2380 5256 videtur
2418 5203 2550 5257 illud
2595 5215 2864 5259 erratum.
2909 5201 3212 5272 Antequam
3245 5208 3390 5261 enim

1816 5272 1940 5325 libri
1980 5269 2232 5341 Sibyllini
2270 5273 2428 5325 otiosi
2475 5273 2709 5329 hominis
2756 5291 2920 5328 manu
2963 5269 3389 5342 fabricarentur,

1815 5343 2124 5416 invaluerat
2151 5345 2290 5412 apud
2314 5342 2656 5416 Christianos
2676 5345 2923 5414 quaedam
2950 5351 3018 5399 de
3049 5342 3255 5416 Sibylla
3279 5349 3392 5415 opi-

1815 5414 1929 5478 nio,
1961 5427 2083 5481 quae
2116 5423 2167 5466 et
2207 5413 2474 5467 artiﬁcem
2516 5415 2582 5466 ad
2629 5413 2767 5483 opus
2800 5413 3208 5484 suscipiendum
3254 5413 3388 5470 inci-

1819 5493 1962 5553 tasse
1990 5492 2048 5553 ct
2079 5485 2228 5553 operi
2256 5484 2416 5536 iidem
2449 5493 2504 5536 et
2533 5486 2916 5539 anetoritatem
2949 5485 3164 5539 videtur
3197 5489 3386 5540 conci-

1813 5552 1998 5606 liasse.
2025 5552 2351 5608 Jamdodum
2375 5554 2517 5606 enim
2550 5557 2839 5609 constabat
2869 5554 3068 5611 Christi
3093 5554 3385 5611 adventum

1811 5639 1840 5674 a
1879 5623 2080 5692 Sibylla
2105 5625 2424 5691 praedictum
2450 5621 2638 5686 fuisse.
2664 5627 2780 5678 sive
2811 5625 2863 5679 id
2900 5627 2996 5690 illi,
3028 5636 3086 5678 ut
3109 5625 3383 5690 Balaatno,

1811 5708 2128 5747 concessum
2171 5695 2369 5754 fuerit,
2399 5694 2513 5746 sive
2549 5704 2660 5750 tota
2701 5710 2813 5761 res,
2853 5705 2912 5747 ιιι
2947 5696 3126 5749 multa:
3157 5696 3296 5761 alim,
3318 5713 3385 5751 ex

1811 5761 2164 5818 Hebr-torum
2209 5763 2505 5819 traditione
2543 5763 2781 5821 ﬂuxerit.
2818 5767 2932 5822 Cur
2968 5768 3112 5820 enim
3153 5766 3387 5823 llernus
