4140 6430
183 383 290 439 5-H

1256 388 1604 445 APOLOGIA
1644 391 1664 445 Ι
1702 386 1842 444 PRO
1875 381 2335 441 CHRISTIANIS.

3357 379 3459 434 διε

182 499 422 566 ἑαυτοὺς
447 502 515 557 δι’
554 506 732 577 ἔργων
765 507 1001 575 δείξωσι,
1038 510 1136 580 τῆς
1166 510 1282 580 μετ’
1308 508 1474 563 αὐτοῦ
1510 510 1755 580 ἀναστρο·

1877 504 2142 560 voluntati
2173 500 2544 578 exhibuerint,
2562 498 2858 568 adeptnros
2887 496 3237 566 accepimus,
3250 503 3310 550 ut
3333 510 3458 550 cum

181 591 301 662 φῆς
332 598 731 669 καταξιωθῆναι
773 602 1214 674 προσειλήφαμεν
1256 602 1771 673 συμϐασιλεύοντας,

177 684 504 757 ἀφθάρτους
533 691 623 743 καὶ
651 692 880 758 ἀπαθεῖς
925 695 1270 766 γενομένους.
1304 695 1401 747 Ὃν
1434 694 1637 764 τρόπον
1664 709 1773 764 γαρ

175 775 291 845 τὴν
317 778 497 849 ἀρχὴν
531 781 633 836 οὐκ
678 782 837 849 ὄντας
866 786 1089 858 ἐποίησε
1113 827 1129 851 ,
1165 785 1259 840 τὸν
1290 786 1451 840 αὑτὸν
1493 784 1774 857 ἡγούμεθα

177 867 428 936 τρόπον,
475 869 561 924 διὰ
592 873 654 927 τδ
695 874 909 929 ἑλέσθαι
952 877 1078 940 τοὺς
1120 877 1478 949 αἱρουμένους
1515 877 1583 930 τά
1625 875 1773 945 αὐτῷ

179 957 418 1028 ἀρεστὰ,
447 963 542 1016 καὶ
575 966 883 1037 ἀφθαρσίας
909 969 1004 1021 καὶ
1034 970 1322 1033 συνουσίας
1346 969 1768 1040 καταξιωθῆναι.

180 1050 259 1103 Th
303 1051 408 1122 μὲν
448 1053 560 1125 γὰρ
589 1056 689 1128 τὴν
722 1058 898 1132 ἀρχὴν
924 1060 1210 1128 γενέσθαι,
1248 1063 1347 1133 οὐχ
1376 1064 1641 1135 ἡμέτερον
1671 1059 1766 1134 ἦν’

176 1141 244 1195 τὸ
266 1142 314 1195 δ’
345 1143 768 1219 ὲξακολουθῆσαι
790 1144 871 1213 οἷς
891 1151 1044 1221 φίλον
1060 1152 1208 1225 αὐτῷ
1229 1155 1587 1227 αἱρουμένους
1608 1157 1676 1209 δι’
1694 1150 1770 1212 ὧν

178 1235 354 1301 αὐτὸς
383 1239 694 1312 ἐδωρήσατο
723 1242 957 1312 λογικῶν
998 1244 1284 1317 δυνάμεων
1303 1289 1318 1314 ,
1365 1247 1543 1301 πείθει
1590 1266 1650 1301 τε
1679 1249 1773 1302 καὶ

178 1328 263 1392 εις
294 1327 482 1385 πίστιν
520 1332 644 1402 ἄγει
675 1337 840 1406 ἡμᾶς.
885 1335 996 1391 Καὶ
1043 1337 1183 1411 ὑπὲρ
1210 1338 1430 1393 πάντων
1469 1339 1770 1411 ἀνθρώπων

179 1419 470 1490 ἡγούμεθα
492 1419 661 1491 εἶναι,
686 1426 767 1498 τῷ
798 1427 872 1501 μὴ
902 1428 1182 1499 εἴργεσθαι
1206 1430 1315 1503 (64)
1357 1434 1530 1487 ταῦτα
1569 1433 1773 1505 μανθὰ-

177 1526 314 1576 νειν,
334 1510 472 1566 ἀλλὰ
495 1515 590 1570 καὶ
609 1517 1012 1587 προτρέπεσθαι
1034 1521 1127 1574 ὲπὶ
1145 1520 1648 1597 ταῦτα.”οπερ(65)
1661 1526 1772 1598 γὰρ

177 1598 283 1650 οὐκ
304 1599 657 1674 ἠδυνήθησαν
691 1606 1099 1680 οίεάνθρώπειοι
1135 1611 1289 1684 νόμοι
1313 1613 1517 1685 πρᾶξαι
1537 1654 1552 1678 ,
1598 1615 1770 1670 ταῦτα

174 1693 207 1743 ὀ
229 1689 390 1760 λόγος
420 1692 532 1764 (66)
563 1695 706 1761 θεῖος
726 1696 801 1752 ὢν
829 1702 1146 1774 είργάσατο,
1177 1706 1224 1758 εἰ
1255 1703 1330 1777 μὴ
1356 1706 1406 1759 οί
1433 1706 1625 1776 φαῦλοι
1654 1709 1771 1762 δαί-

180 1798 346 1851 μονες
373 1787 782 1844 κατεσκέδασαν
802 1792 973 1848 πολλὰ
993 1794 1162 1867 ψευδῆ
1185 1796 1277 1851 καὶ
1297 1797 1433 1852 ἄθεα
1464 1802 1770 1872 κατηγορή-

1875 611 1940 651 eo
1979 596 2200 664 degant,
2237 605 2404 662 atque
2434 608 2541 646 una
2581 599 2811 659 regnent
2849 588 3221 654 corruptionis
3246 596 3304 642 et
3333 603 3460 656 per-

1875 689 2142 759 pessionis
2171 696 2450 757 expertes.
2480 681 2956 753 Quemadmodum
2991 683 3137 736 enim
3186 683 3256 736 ab
3299 681 3461 736 initio

1875 798 1983 838 non
2012 781 2343 837 exsistentes
2371 780 2603 844 creavit,
2641 778 2833 834 eodem
2869 776 3031 832 modo
3057 776 3306 830 futurum
3340 791 3463 829 cre-

1875 874 2074 937 dimus,
2119 882 2180 927 ut
2204 873 2296 942 qui
2328 871 2597 940 elegerint
2633 886 2756 940 qua:
2788 871 2891 940 ipsi
2940 869 3180 938 placent,
3209 869 3280 924 oh
3317 867 3462 921 hanc

1873 963 2106 1034 eligendi
2139 964 2410 1018 rationem
2466 961 2887 1017 immortalitate
2909 970 2964 1016 et
2990 959 3085 1016 Dei
3119 960 3372 1014 convictu
3406 969 3461 1012 ct

1872 1055 2270 1110 consuetudine
2299 1055 2614 1125 dignentur.
2666 1051 2800 1107 Nam
2829 1062 2891 1107 ut
2925 1067 2955 1106 a
2993 1052 3268 1121 principio
3296 1047 3447 1105 liere-

1873 1164 2017 1213 tnus,
2047 1149 2104 1203 in
2135 1148 2290 1204 nobis
2317 1149 2482 1202 situm
2513 1163 2620 1202 non
2653 1157 2809 1213 erat;
2831 1153 2899 1200 tit
2942 1157 3124 1200 autem
3166 1159 3229 1199 ea
3260 1159 3460 1213 sequa~

1873 1255 1998 1294 mur
2019 1255 2140 1310 quae
2184 1240 2283 1308 ipsi
2326 1239 2572 1308 placent,
2605 1236 2864 1292 adhibitis
2913 1237 2980 1291 ad
3011 1237 3322 1308 eligendum
3369 1253 3459 1290 ra-

1873 1333 2166 1388 tionalibus
2210 1330 2586 1392 facultatibus,
2618 1344 2758 1400 quas
2804 1331 2874 1385 ab
2913 1345 2980 1385 eo
3011 1330 3362 1398 accepimus,
3404 1329 3458 1382 id

1874 1425 1990 1496 ipse
2027 1423 2187 1480 nobis
2213 1424 2510 1494 persuadet
2537 1431 2593 1477 et
2630 1422 2697 1476 ad
2746 1422 2906 1477 ﬁdem
2948 1437 3048 1478 nos
3073 1422 3314 1477 adducit.
3360 1426 3460 1476 At-

1872 1529 1980 1584 que
2012 1514 2064 1570 id
2092 1511 2314 1582 quidem
2348 1511 2415 1565 ad
2454 1525 2650 1566 omnes
2700 1510 2951 1565 homines
2990 1512 3267 1580 pertinere
3311 1510 3459 1564 arbi~

1875 1615 2106 1671 tramur,
2137 1619 2204 1660 eo
2248 1603 2396 1674 quod
2431 1618 2539 1659 non
2582 1611 2881 1656 arceantur
2912 1603 2981 1656 ab
3025 1603 3111 1657 his
3155 1601 3456 1662 discendis.

1872 1700 1966 1756 sed
2010 1698 2192 1769 potius
2226 1698 2451 1752 hortatur
2503 1695 2572 1751 ad
2625 1709 2689 1750 ea
2736 1695 3064 1751 incitcntur.
3113 1695 3274 1763 Quod
3309 1697 3457 1754 enim

1871 1807 1982 1848 non
2011 1799 2304 1862 potuerant
2350 1791 2496 1861 leges
2524 1789 2777 1846 humana:
2819 1790 3106 1858 perﬁcere,
3143 1790 3208 1845 id.
3231 1791 3456 1846 verbum

180 1892 354 1944 ματα,
381 1877 671 1951 σύμμαχον
698 1881 955 1950 λαϐόντες
976 1886 1074 1960 τὴν
1103 1891 1162 1942 ὲν
1189 1889 1405 1961 ἑκᾲστῳ
1430 1870 1609 1964 κακὴν
1631 1870 1755 1964 πρός

1871 1886 2114 1941 divinum
2146 1885 2526 1956 prazstitisset,
2554 1885 2660 1940 nisi
2687 1885 2814 1938 mali
2847 1885 3124 1938 daemones
3151 1883 3357 1938 sociam
3389 1883 3458 1937 ad

177 1965 488 2130 Waﬂzzal
517 1973 770 2047 ποικίλην
793 1975 952 2048 φύσει
983 1979 1298 2053 ἐπιθυμίαν,
1327 1975 1404 2037 ὧν
1425 1981 1579 2038 οὐδὲν
1601 1985 1768 2054 πρόσ-

177 2071 325 2111 εστιν
457 2079 505 2114 ν.

174 2071 325 2111 εστιν
355 2071 505 2114 ἡμῖν.

247 2235 334 2290 Η.
357 2239 470 2292 Καὶ
492 2241 672 2312 ὑμεῖς,
693 2243 1024 2311 ἀκούσαντες
1048 2247 1324 2318 βασιλείαν
1350 2248 1764 2320 προσδοκῶντας

171 2328 344 2398 ἡμᾶς,
372 2331 619 2402 ἀκρίτως
644 2334 981 2408 ἀνθρώπινον
1019 2339 1196 2409 λέγειν
1227 2343 1373 2413 ἡμᾶς
1408 2341 1761 2413 ὑπειλήφατε,

173 2420 334 2494 ἡμῶν
360 2423 460 2495 τὴν
489 2426 629 2495 μετὰ
657 2426 793 2482 Θεοῦ
822 2430 1111 2500 λεγόντων,
1141 2433 1219 2498 ὡς
1251 2433 1346 2487 καὶ
1369 2436 1434 2488 ὲκ
1454 2433 1548 2488 τοῦ
1573 2437 1763 2490 ἀνετα-

171 2511 435 2583 ζομὲνους
490 2515 583 2585 ὑφ’
634 2518 788 2589 ὑμιῖιν
833 2521 1115 2593 ὁμολογεῖν
1172 2520 1311 2578 εἶναι
1363 2527 1720 2597 Χριστιανοὺς
1744 2569 1758 2593 ,

170 2601 536 2669 γινώσκοντες
597 2607 675 2678 τῷ
727 2610 1082 2682 ὁμολογοῦντι
1134 2613 1362 2668 θάνατον
1412 2616 1511 2688 τὴν
1559 2615 1762 2688 ζημίαν

170 2694 408 2762 κεῖσθαι,
438 2698 707 2768 φαίνεται.
731 2703 794 2755 Εί
815 2704 924 2776 γὰρ
942 2703 1281 2776 ἀνθρώπινον
1297 2705 1573 2776 βασιλείαν
1595 2726 1762 2778 προσ-

169 2787 469 2861 εδοκῶμεν,
501 2792 604 2847 κᾶν
639 2795 954 2867 ἡργούμεθα
985 2798 1133 2862 ὅπως
1170 2797 1245 2871 μὴ
1269 2798 1639 2872 ἀναιρώμεθα,
1664 2803 1761 2854 καὶ

167 2878 453 2936 λανθάνειν
503 2878 872 2958 ἐπειρώμεθα,
913 2889 1062 2954 ὅπως
1135 2890 1242 2944 τῶν
1294 2892 1759 2963 προσδοκωμένων

168 2970 445 3043 τύχωμεν.
477 2974 617 3029 Ἀλλ’
641 2976 765 3030 ἐπεὶ
789 2978 891 3034 οὐκ
917 2981 996 3041 είς
1044 2976 1105 3031 τὸ
1149 2978 1245 3033 νῦν
1273 2979 1372 3044 τὰς
1399 2979 1618 3043 ἐλπίδας
1649 2980 1760 3051 ἕχο-

171 3080 292 3133 μεν,
320 3066 687 3137 ἀναιρούντων
716 3071 777 3123 οὐ
809 3071 1270 3142 πεφροντίκαμεν,
1297 3071 1391 3126 τοῦ
1420 3073 1514 3126 καὶ⁵
1542 3073 1757 3137 πάντως

170 3151 280 3222 ξ67)
311 3155 602 3212 ἀποθανεῖν
626 3160 994 3228 ὀφειλομένου.

238 3265 330 3320 12.
379 3268 610 3340 ’Δρωγοὶ
651 3272 695 3324 δ’
742 3273 870 3346 ὑμῖν
906 3275 1001 3328 καὶ
1044 3274 1321 3348 σύμμαχοι
1351 3277 1488 3349 πρὸς
1537 3282 1756 3354 εἰρήνην

166 3360 334 3429 ἐσμὲν
357 3361 576 3417 πάντων
606 3367 806 3436 μᾶλλον
826 3367 1153 3441 ἀνθρώπων,
1177 3373 1230 3426 οἳ
1251 3371 1423 3426 ταῦτα
1442 3373 1758 3446 δοξάζομεν,

164 3451 240 3515 ὼς
267 3451 454 3506 λαθεῖν
481 3455 635 3522 Θεὸν,
685 3462 1005 3533 κακοεργὸν,
1036 3464 1069 3536 ἦ
1097 3465 1444 3537 πλεονέκτην,
1468 3467 1500 3538 ἦ
1543 3467 1761 3521 ἐπίϐου-

164 3551 274 3608 λον,
299 3545 332 3616 ἢ
360 3548 634 3620 ἐνάρετον,
669 3551 926 3608 ἀδύνατον
956 3551 1116 3621 εἶναι,
1143 3558 1237 3611 καὶ
1271 3559 1498 3614 ἕκαστον
1527 3562 1760 3613 ὲπάἰω-

162 3635 283 3688 νίαν
327 3639 552 3694 κόλασιν
596 3643 630 3713 ἢ
674 3645 945 3716 σωτηρίαν
985 3649 1107 3702 κατ’
1151 3649 1307 3714 ἀξίαν
1349 3652 1455 3705 τῶν
1509 3646 1760 3724 πράξεων

164 3729 512 3800 πορεύεσθαι.
541 3734 603 3787 Ei
631 3737 742 3809 γὰρ
766 3739 815 3790 oi
844 3740 1043 3805 πάντες
1071 3741 1346 3814 ἄνθρωποι
1375 3745 1547 3800 ταῦτα
1573 3747 1760 3815 ἐγίνω-

164 3837 312 3884 σχον,
343 3823 446 3876 οὐκ
474 3823 540 3878 ἀν
566 3845 648 3890 τις
676 3827 772 3898 τὴν
797 3829 996 3884 κακίαν
1013 3833 1150 3904 πρὸς
1164 3834 1341 3902 ὀλίγον
1361 3838 1567 3907 ᾑρεῖτο,
1599 3840 1765 3908 γινώ-

163 3915 765 3987 σκωνπορεύεσθαιὲπ⁹
808 3922 1031 3982 αίωνίαν
1077 3925 1168 3979 διὰ
1221 3927 1392 3999 πυρὸς
1437 3929 1754 4001 καταδίκην,

163 4007 275 4060 ἀλλ’
322 4010 388 4063 ὲκ
423 4013 621 4077 παντὸς
670 4016 869 4085 τρόπου
903 4017 1093 4073 ἑαυτὸν
1144 4025 1356 4092 συνεῖχε
1403 4023 1498 4076 καὶ
1534 4026 1756 4097 ἐκόσμει

163 4101 354 4172 ἀρετῇ,
394 4103 544 4169 ὅπως
566 4106 674 4160 τῶν
701 4109 851 4180 παρὰ
893 4109 988 4164 τοῦ
1028 4112 1163 4166 Θεοῦ
1206 4115 1344 4187 τύχῃ
1382 4116 1622 4185 ἀγαθῶν,
1661 4119 1755 4172 καὶ

163 4193 268 4247 τῶν
291 4197 667 4268 κολαστηρίων
690 4201 1107 4274 ἀπηλλαγμένος
1137 4197 1244 4277 εἴη.
1280 4207 1354 4259 Οὐ
1387 4207 1494 4279 γὰρ
1513 4209 1600 4262 διὰ
1629 4212 1754 4274 τοὺς

162 4285 250 4354 ὑφ’
281 4287 438 4358 ὑμῶν
461 4290 745 4360 κειμένους
769 4293 966 4365 νόμους
991 4295 1104 4368 (68)
1134 4296 1228 4350 καὶ
1245 4299 1492 4363 κολάσεις
1523 4299 1754 4370 πειρῶν-

228 4443 342 4516 (οι)
387 4445 576 4515 Τῷμὴ
605 4448 923 4516 εῖρτεσθαι.
964 4450 1190 4506 Frustra
1247 4452 1335 4508 hic
1385 4454 1627 4508 nonnulli
1672 4454 1753 4508 le-

161 4525 292 4588 ﬁunt
317 4516 377 4569 τὸ
413 4517 488 4586 μὴ
514 4516 813 4588 εἵργεσθαι.
847 4520 939 4576 Sic
969 4522 1247 4578 reddimus
1276 4525 1419 4578 hunc
1449 4525 1648 4588 locum,
1693 4535 1751 4578 ut

1869 1976 2053 2033 omnia
2079 1985 2134 2032 et
2162 1976 2486 2047 adjutricem
2521 1976 2849 2033 adhibentes
2878 1974 3158 2030 malamin
3202 1988 3458 2044 unoque.

1869 2083 1976 2140 que
2000 2077 2055 2124 et
2088 2069 2296 2124 variam
2325 2078 2521 2123 natura
2555 2068 2920 2139 cupiditatem
2947 2108 2962 2133 ,
2999 2065 3167 2121 multa
3225 2065 3362 2122 falsa
3399 2076 3458 2120 et

1867 2160 2036 2229 impia
2068 2160 2301 2217 crimina
2326 2202 2342 2229 ,
2382 2177 2618 2232 quorum
2663 2159 2867 2219 nullius
2911 2159 3119 2217 conscii
3165 2157 3326 2214 nobis
3362 2173 3454 2215 su:

1867 2265 2010 2317 nius,
2041 2252 2095 2306 in
2126 2251 2322 2322 vulgus
2345 2253 2709 2324 sparsissent.

1938 2342 2027 2398 11.
2056 2341 2168 2401 Vos
2192 2352 2397 2412 autem,
2438 2359 2561 2401 cum
2609 2360 2836 2417 regnum
2875 2359 2906 2400 a
2948 2345 3109 2402 nobis
3141 2345 3460 2416 exspectari

1866 2436 2094 2502 auditis,
2137 2438 2433 2494 humanum
2475 2453 2766 2509 perperam
2807 2439 3198 2510 suspicamini,
3227 2453 3351 2494 cum
3389 2437 3456 2492 il-

1865 2529 1976 2598 lud,
2000 2531 2142 2601 quod
2170 2545 2294 2585 cum
2327 2531 2435 2586 Deo
2463 2541 2566 2596 est,
2597 2531 2874 2599 dicamus;
2904 2539 2963 2586 ut
2991 2532 3078 2586 vel
3105 2547 3172 2586 ex
3205 2545 3272 2586 eo
3302 2540 3456 2600 patet

1864 2620 2009 2690 quod
2041 2636 2070 2674 a
2113 2621 2267 2677 vobis
2308 2622 2632 2692 interrogati
2690 2622 2967 2678 fateamur
3005 2637 3104 2678 nos
3145 2636 3270 2678 esse
3297 2621 3457 2679 Chri-

1864 2716 2104 2785 etianos,
2130 2720 2380 2787 quamvis
2409 2720 2597 2776 mortis
2638 2735 2860 2790 pcenam
2890 2719 3173 2776 confitenti
3219 2721 3452 2792 positam

1862 2810 2120 2868 sciamus.
2150 2810 2284 2866 Nam
2317 2813 2360 2866 si
2394 2813 2688 2866 humanum
2725 2828 2950 2882 regnum
2980 2825 3450 2884 exspectaremus,

1862 2917 2182 2974 negaremus
2212 2906 2458 2974 profecto
2498 2907 2752 2963 interitus
2793 2908 3000 2962 vitandi
3046 2924 3240 2977 causa,
3275 2919 3330 2964 et
3367 2909 3451 2963 la.

1863 3012 1976 3056 tere
2030 3016 2377 3066 conaremur,
2430 3002 2496 3056 ad
2547 3017 2612 3055 ea
2639 3019 2761 3072 qua:
2817 3012 3205 3074 exSpectamus
3257 3019 3454 3060 conse-

1860 3093 2098 3163 quenda.
2139 3093 2244 3149 Sed
2292 3098 2418 3164 quia
2467 3111 2594 3163 spes
2649 3097 2703 3149 in
2758 3096 2920 3152 rebus
2953 3098 3318 3168 praesentibus
3353 3113 3452 3168 po-

1862 3185 1995 3238 sitas
2045 3199 2149 3238 non
2203 3184 2491 3247 habemus,
2530 3182 2910 3240 interfectores
2951 3185 3106 3256 parvi
3141 3185 3451 3254 pendimus.

1863 3293 1985 3333 cum
2016 3279 2316 3348 praesertim
2350 3293 2496 3333 mors
2527 3279 2746 3333 omnino
2783 3278 3047 3334 declinari
3080 3292 3184 3332 non
3216 3277 3415 3348 possit.

1936 3367 2022 3422 12.
2086 3368 2250 3424 Vobis
2299 3379 2476 3424 autem
2535 3371 2812 3438 adjutores
2870 3371 3114 3425 omnium
3169 3371 3455 3426 hominum

1863 3461 2101 3514 maxime
2130 3470 2182 3518 et
2209 3460 2482 3514 auxiliarii
2509 3460 2575 3512 ad
2607 3474 2795 3528 pacem
2823 3475 3034 3523 sumus,
3059 3461 3160 3530 qui.
3187 3461 3300 3516 hare
3349 3461 3449 3515 do-

1862 3569 2072 3622 cemus,
2105 3555 2218 3609 fieri
2246 3553 2468 3607 omnino
2497 3565 2791 3629 nongposse
2813 3560 2873 3605 ut
2899 3550 3064 3605 Deum
3089 3551 3257 3606 lateat
3282 3553 3450 3608 malev

1861 3648 2017 3713 licus,
2046 3658 2138 3701 aut
2161 3661 2370 3707 avarus,
2405 3653 2498 3698 aut
2551 3643 2856 3708 insidiator,
2886 3655 2981 3697 aut
3027 3643 3225 3698 virtute
3248 3643 3449 3712 praedi-

1861 3751 1969 3807 tus,
2000 3757 2066 3796 ac
2109 3753 2551 3810 unumquemque
2611 3738 2680 3791 ad
2732 3748 3014 3798 aeternam.
3059 3737 3176 3790 sive
3202 3749 3447 3804 pinnam,

1859 3833 1975 3886 sive
1995 3833 2227 3886 salutem
2257 3846 2354 3900 pro
2377 3832 2590 3886 meritis
2614 3829 2891 3884 actionum
2905 3843 3127 3883 suarum
3151 3827 3444 3896 proﬁcisci.

1859 3924 1993 3979 Nam
2020 3925 2064 3979 si
2097 3925 2211 3979 haec
2239 3925 2455 3989 cognita
2494 3921 2753 3978 omnibus
2785 3921 3094 3974 hominibus
3120 3930 3325 3985 essent,
3353 3937 3448 3975 ne—

1858 4032 1946 4071 mo
1981 4016 2171 4070 vitium
2222 4015 2287 4068 ad
2344 4017 2507 4069 breve
2564 4025 2776 4082 tempus
2819 4013 3070 4083 eligeret,
3112 4028 3238 4067 cum
3280 4026 3339 4067 se
3377 4013 3444 4066 ad

1855 4120 2115 4164 attentam
2173 4108 2314 4178 ignis
2361 4105 2868 4161 condemnationem
2917 4105 3189 4174 proﬁcisci
3244 4106 3443 4170 sciret;

1855 4201 1949 4255 sed
1987 4213 2108 4255 sese
2161 4197 2387 4252 omnino
2416 4197 2726 4252 contineret
2768 4211 2832 4250 ac
2885 4197 3092 4250 virtute
3126 4207 3442 4260 exornarei,

1856 4298 1971 4344 tum
1997 4290 2064 4344 ad
2093 4289 2257 4354 bona,
2287 4302 2410 4355 quae
2442 4302 2472 4340 a
2511 4287 2618 4341 Deo
2656 4286 3072 4355 promittuntur,
3100 4301 3446 4356 consequen-

1855 4451 1983 4522 quid
2013 4447 2318 4504 addendum
2350 4455 2493 4522 esset
2525 4444 2823 4522 huictloco,
2859 4442 2953 4515 qui
3007 4444 3253 4522 profecto
3287 4462 3444 4522 men.

1855 4515 2014 4577 dcsus
2064 4535 2168 4573 non
2218 4526 2323 4580 est,
2371 4515 2676 4569 addendum
2707 4525 2853 4585 esset
2893 4515 3055 4568 παντί
3090 4526 3146 4569 ιιι
3197 4518 3248 4571 iu
3280 4520 3438 4585 Apol.

163 4586 303 4658 nulla
339 4584 580 4656 supersit
614 4584 925 4646 diﬂicultas.
968 4591 1270 4646 Conﬁrmat
1330 4594 1474 4649 hunc
1515 4584 1739 4649 sensum
1776 4594 1820 4647 D
1851 4609 1914 4658 il,
1945 4607 2000 4644 ιι.
2038 4591 2124 4650 ll,
2165 4603 2272 4640 non
2305 4601 2433 4658 vero
2461 4585 2687 4658 παντός.
2724 4584 2868 4658 Nihil
2913 4588 3079 4658 etiam
3114 4597 3286 4640 mutat
3314 4584 3441 4641 cru.-

160 4654 439 4731 lustinus,
477 4661 611 4731 dum
651 4659 725 4712 ait
775 4657 1124 4731 Evangelium
1175 4663 1338 4720 latius
1395 4673 1737 4718 manaturum

162 4726 344 4788 luisse,
386 4729 487 4782 nisi
519 4728 649 4782 falsa
671 4731 899 4784 crimina
925 4726 1294 4787 obstitissent.

383 4799 578 4866 Ἀπερ.
608 4798 736 4878 _lloc
763 4817 858 4878 pro
881 4803 1032 4878 vulg.
1064 4803 1201 4878 ὅπερ
1236 4805 1526 4878 legendum
1570 4807 1737 4878 probe

163 4865 408 4940 Davisius
439 4865 666 4933 notavit,
702 4865 1120 4940 astipulaniibus
1151 4865 1438 4931 Gallavndio
1468 4887 1524 4930 et
1565 4865 1736 4928 Brau-

160 4939 273 5010 υἱοί
295 4955 446 5010 ergo
479 4942 679 5010 recepi.
710 4939 888 4998 U'rro.

225 5008 570 5100 (66):?‘i15‘tq
604 5008 862 5100 didroq.
909 5013 1072 5100 Legit.
1096 5013 1380 5100 Plerionius
1415 5016 1571 5071 τοῦτο
1595 5018 1623 5068 ό
1651 5018 1737 5098 λός

158 5077 436 5156 ’ξος-θεῖος
487 5077 918 5156 ἂν-είργᾷσατο,
968 5077 1031 5156 e't
1061 5085 1200 5140 infra
1254 5086 1619 5154 γινώσκοντας
1659 5087 1735 5156 τῷ

158 5101 246 5144 τος
291 5101 436 5143 octo;
487 5101 554 5135 αν
605 5101 653 5135 ει
693 5101 918 5151 γασατο,
968 5101 1022 5139 et
1061 5101 1200 5140 Intra
1254 5101 1619 5154 γινώσκοντας
1659 5105 1735 5156 τῳ

158 5150 522 5228 ὁμολογοῦντι.
564 5101 825 5228 Sefejus
845 5155 1173 5228 emendatio,
1201 5159 1244 5210 si
1275 5161 1447 5225 prima
1476 5174 1572 5210 vox
1594 5161 1736 5212 exci-

160 5223 351 5296 piatur,
375 5222 498 5296 aliis
523 5238 628 5296 non
657 5227 939 5296 probatur.
966 5224 1219 5281 Libenter
1245 5222 1479 5296 legerem
1508 5233 1535 5282 ὁ
1561 5227 1733 5295 Λόγος

158 5289 280 5366 θξδς
302 5291 405 5366 ὧν,
439 5289 685 5366 γεείηιηξ,
711 5312 828 5366 cuni
855 5295 994 5349 Deus
1017 5296 1107 5362 sit,
1128 5299 1240 5351 lia'c
1260 5289 1604 5364 praestitisset.
1643 5289 1734 5352 Sic

157 5361 312 5414 etiam
348 5363 478 5438 legit
510 5362 809 5438 Tlrirlhius.
840 5366 993 5432 Quod
1017 5361 1270 5438 A'spectati
1293 5370 1358 5424 ad
1409 5371 1535 5424 illud
1574 5367 1734 5438 γινώ-

161 5446 392 5497 σκοντες,
425 5433 621 5488 similia
654 5437 859 5506 passim
888 5435 1029 5506 apud
1060 5435 1335 5493 Justinum
1361 5433 1607 5511 exempla
1639 5457 1733 5495 oc-

157 5516 396 5556 Clll'l'lllll.

203 5572 328 5656 '(67)
351 5571 464 5628 Τοῦ
483 5573 579 5656 καὶ
595 5574 853 5656 ,πάντωςἒ
869 5576 934 5656 ΙΙ..
953 5577 1139 5656 Steph.
1159 5580 1440 5656 legendum
1467 5588 1618 5656 putat
1637 5579 1728 5656 τού

157 5643 526 5724 ρώματοςικαὶ
554 5647 791 5724 πάντως.
809 5647 925 5724 _Se_d
974 5643 1087 5724 ιιίιῖς
1141 5643 1370 5705 absurda
1420 5643 1730 5708 emendatio

155 5713 250 5795 loci
286 5713 480 5795 integri
523 5726 588 5795 et
631 5719 774 5795 sani.
809 5717 952 5773 Infra
985 5721 1171 5795 eadem
1207 5725 1448 5777 occurrit
1477 5724 1727 5795 loquendi

157 5785 286 5838 ratio
313 5804 366 5838 ιι.
401 5785 490 5839 55.
517 5786 750 5863 Grabius
778 5798 926 5863 putat
955 5791 1224 5863 excidisse
1255 5809 1321 5846 ex
1353 5785 1582 5863 utroque
1613 5793 1728 5848 loco

156 5869 328 5912 ιοειιω
385 5858 581 5922 παντός
635 5859 703 5916 ob
747 5859 1050 5930 proximum
1104 5861 1234 5920 illud
1287 5858 1652 5928 πάντωςζδει]
1682 5866 1726 5919 si

1847 4653 1990 4719 ditus
2016 4661 2194 4714 editor
2234 4656 2620 4718 Londinensis,
2668 4658 2759 4724 qui
2804 4653 3003 4709 Justini
3063 4659 3335 4723 vulgatam
3369 4660 3441 4712 le—

1841 4734 2076 4787 ctionem
2113 4732 2293 4799 lirniat
2339 4728 2442 4781 hoc
2473 4741 2631 4781 versu
2672 4726 2970 4796 Euripidis,
3008 4727 3222 4799 βροτοῖς
3263 4730 3436 4782 ἅπασι

1843 4801 2126 4857 κατθανεῖν
2154 4797 2449 4867 ὀφείλεται.

1914 4874 2022 4945 (68)
2059 4866 2389 4945 quuérooc
2427 4868 2674 4945 νόμους.
2719 4866 2864 4945 satis
2912 4869 3174 4938 praeclare
3221 4869 3436 4945 Tertul.

1841 4939 2017 4997 lianus
2039 4943 2100 4995 ὃ.
2132 4941 2386 5008 Martyris
2415 4939 2677 5007 vestigiis,
2707 4955 2727 4988 ι
2755 4939 2860 4992 Sed
2882 4950 3081 5008 quanta
3111 4943 3432 5007 auctoritas,

1840 5015 2037 5083 inquit,
2070 5012 2244 5080 legum
2274 5016 2803 5083 humanaruin,_eun_i
2835 5010 2954 5083 illas
2984 5023 3038 5083 et
3067 5013 3302 5083 evadere
3338 5015 3436 5067 lio-

1839 5080 1969 5138 ιιιίὶιὶ
2001 5082 2277 5147 contingat
2308 5081 2625 5147 plerumque
2658 5081 2708 5130 in
2734 5080 2982 5134 admissis
3002 5081 3360 5148 delitesmuti,
3381 5097 3435 5138 ct

1839 5155 2128 5223 aliquando
2144 5162 2497 5223 contemnere
2521 5165 2588 5203 ex
2621 5149 2960 5203 involuntatc
2985 5152 3066 5223 vel
3106 5155 3433 5208 necessitate

1839 5220 2272 5294 delinquenti....
2301 5221 2595 5294 enimvero,
2615 5235 2734 5282 nos,
2760 5223 2855 5294 qui
2907 5222 3007 5274 sub
3043 5220 3152 5274 Deo
3187 5226 3429 5294 omnium

1837 5290 2180 5364 speculatore
2218 5290 2626 5364 dispungimur,
2679 5291 2880 5364 quique
2942 5303 3204 5344 internum
3247 5293 3314 5346 ab
3363 5311 3430 5348 eo

1836 5361 2052 5436 poenam
2074 5363 2443 5436 providentius,
2477 5363 2670 5436 merito
2701 5361 2798 5436 soli
2833 5362 3156 5436 innocentiae
3178 5368 3425 5420 occurri-

1836 5432 1981 5495 inus.
2009 5445 2065 5487 et
2089 5449 2186 5502 pro
2217 5433 2457 5486 scientiae
2504 5432 2843 5499 plenitudine
2875 5442 2929 5486 et
2960 5447 3058 5497 pro
3089 5435 3423 5488 latebrarum

1750 5525 1754 5528 ·
1835 5505 2154 5562 dilIiCultate
2183 5513 2239 5557 et
2271 5517 2370 5570 pro
2421 5502 2798 5570 magnitudine
2835 5506 3134 5565 cruciatus,
3174 5515 3282 5556 non
3308 5505 3428 5558 diu-

1837 5579 2005 5638 turni,
2035 5591 2223 5629 verum
2255 5572 2595 5640 sempiterni,
2619 5587 2741 5624 eum
2769 5573 3025 5625 timentes
3048 5588 3208 5640 quem
3231 5575 3425 5628 timere

1836 5649 2059 5702 debebit
2099 5657 2153 5699 et
2207 5648 2321 5714 ipse
2374 5645 2463 5710 qui
2522 5643 2776 5714 timentes
2816 5644 3060 5711 judirat,
3105 5645 3274 5698 Deum
3317 5662 3422 5699 non

1834 5712 2530 5785 proconsulemdimentes.
2565 5731 2583 5762 ι
2621 5712 2772 5778 Apol.
2811 5729 2859 5766 c.
2904 5714 2992 5768 45.
3046 5714 3256 5768 Similia
3284 5720 3422 5784 apud

1834 5788 2118 5859 Origenem
2151 5790 2425 5859 leguntur,
2589 5799 2639 5835 iv
2682 5796 2866 5859 contra
2909 5786 3073 5851 Cels,
3110 5802 3162 5854 p.
3196 5787 3324 5851 200,
3370 5800 3422 5840 et

1836 5854 1975 5930 apud
2005 5854 2418 5926 Eusebfl'rwp.
2460 5854 2550 5909 lib.
2591 5866 2678 5920 xv,
2714 5869 2761 5908 c.
2796 5855 2849 5910 5.
