4140 6414
149 358 252 416 361

1233 337 1570 401 APOLOGIA
1610 342 1629 396 l
1667 336 1802 396 PRO
1838 331 2294 393 CHRISTIANIS.

3269 331 3373 392 361

152 475 328 547 ψυχῆς
357 475 528 526 εννοια
569 469 788 540 τοιαύτη
821 470 946 542 περὶ
977 466 1136 532 θεῶν,
1169 466 1242 528 ὡς
1289 467 1384 519 καὶ
1425 464 1585 520 αὐτὸν
1618 462 1708 518 τὸν

1831 459 1915 512 liis
1952 456 2232 525 cogitatio,
2279 463 2337 507 ut
2383 454 2554 521 ipsum
2605 455 2794 505 duccem
2827 469 2890 508 ac
2931 454 3226 524 genitorem
3253 473 3374 512 om-

150 564 396 636 ⁴ἡγεμόνα
439 562 532 616 καὶ
579 561 881 632 γεννήτορα
924 557 1139 611 πάντων
1181 555 1299 609 κατ’
1342 551 1538 617 αὐτοὺς
1586 553 1706 615 Δία,

153 655 531 727 ητροφόντην
547 669 608 706 τε
631 652 724 705 καὶ
748 650 952 721 πατρὸς
974 646 1212 704 τοιούτου
1238 645 1534 716 γεγονέναι,
1551 641 1710 718 ἔρωτι

152 761 216 798 τε
246 744 429 798 κακῶν
459 743 551 796 καὶ
582 741 824 814 αἰσχρῶν
853 739 1056 810 ἡδονῶν
1095 738 1242 808 ἥττω
1280 737 1588 806 γενόμενον,
1622 735 1714 787 ἐπὶ

154 835 477 906 Γανυμήδην
525 835 619 888 καὶ
658 834 754 897 τὰς
797 830 996 894 πολλὰς
1038 829 1410 904 μοιχευθείσας
1451 829 1713 898 γυναῖκας

156 925 354 986 ἐλθεῖν,
395 926 486 978 καὶ
529 925 652 988 τοὺς
680 923 843 977 αὑτοῦ
887 922 1084 985 παῖδας
1113 923 1179 976 τὰ
1217 923 1377 992 ὃμοια
1406 918 1714 993 πράξαντας

157 1015 558 1088 παραδέξασθαι
594 1015 741 1085 (μμ
786 1012 949 1081 Ἀλλ’,
982 1013 1057 1076 ὡς
1087 1012 1421 1084 προέφημεν,
1448 1013 1497 1064 οι
1525 1009 1716 1080 φαῦλοι

156 1107 410 1178 ΰαεμονες
434 1106 604 1160 ταῦτα
633 1105 890 1177 ιπραξαν.
924 1102 1440 1168 ’Δπαθανατιζεσθαι
1466 1101 1524 1154 δὲ
1555 1103 1715 1172 ἡμεῖς

165 1199 355 1267 μόνους
391 1195 742 1268 δεδιδάγμιθα
781 1198 906 1260 τοὺς
931 1194 1099 1259 ὁσίως
1134 1195 1227 1249 καὶ
1256 1193 1521 1268 ἐναρὲτως
1551 1195 1714 1262 ἐγγὺς

157 1289 280 1359 Θεῷ
320 1287 587 1358 βιοῦντας,
625 1285 946 1350 κολάζεσθαι
975 1286 1032 1341 δὲ
1069 1287 1194 1350 τοὺς
1225 1285 1446 1350 ἀδίκως,
1509 1285 1602 1341 καὶ
1646 1285 1722 1356 μὴ

165 1379 614 1452 μεταϐάλλοντας,
644 1382 702 1433 ἐν
716 1381 926 1452 αἰωνίῳ
955 1376 1089 1452 πυρὶ
1118 1377 1460 1452 πιστεύομεν.

229 1472 320 1526 32.
355 1471 482 1534 Υἱὸς
509 1471 567 1524 δὲ
595 1470 730 1523 Θεοῦ
763 1468 873 1542 (15)
903 1473 935 1526 6
977 1469 1181 1541 Ἰησοῦς
1210 1469 1516 1542 λεγόμενος,
1549 1474 1597 1524 ei
1628 1471 1724 1527 καὶ

162 1563 355 1628 ⁴κοινῶς
387 1565 544 1635 μόνον
574 1563 876 1635 ἃνθρωπος,
904 1563 992 1618 διὰ
1029 1563 1218 1632 σοφίαν
1259 1563 1405 1634 ἄξιος
1435 1564 1547 1628 υίὸς
1589 1563 1723 1619 Θεοῦ

163 1641 446 1725 λέγεσθαιέ
498 1655 707 1728 πατέρα
753 1656 862 1729 γὰρ
909 1654 1117 1728 ἀνδρῶν
1151 1674 1210 1710 τε
1241 1655 1376 1714 θεῶν
1424 1674 1482 1710 τε
1528 1658 1725 1721 πάντες

165 1751 500 1820 συγγραφεῖς
553 1745 644 1802 τὸν
700 1745 832 1802 Θεὸν
889 1748 1144 1802 καλοῦσιν
1205 1749 1364 1819 (16).
1408 1751 1472 1802 Ei
1525 1750 1581 1804 δὲ
1632 1750 1725 1803 καὶ

1815 548 1961 601 nium
1984 547 2280 601 secundum
2313 540 2432 598 illos
2456 543 2670 608 Jovem,
2696 545 3023 613 parricidam
3053 557 3107 602 et
3131 566 3194 604 ex
3217 560 3374 622 patre

1813 639 2084 708 parricida
2111 648 2290 693 ortum
2317 638 2511 703 fuisse,
2543 652 2606 692 ac
2647 637 2908 692 malarum
2936 650 2988 694 et
3014 642 3246 710 turpium
3281 660 3374 698 vo-

1815 727 2080 796 luptatum
2112 740 2295 780 amore
2325 735 2541 794 captum
2566 726 2631 778 ad
2658 725 3029 794 Ganymedem
3071 730 3376 798 multasque

1817 818 2074 874 mulieres
2102 817 2170 872 ab
2196 833 2261 872 eo
2305 826 2686 886 constupratas
2716 818 2953 878 venisse.
2996 834 3058 872 ac
3098 820 3214 888 ejus
3234 821 3377 876 illius

1817 909 2246 966 similia'fecisse
2274 906 2488 962 credat!
2522 906 2626 961 Sed
2658 909 2790 971 haec,
2827 917 2884 961 ut
2931 909 3184 972 diximus,
3223 912 3381 979 pravi

1819 1002 2090 1057 daemone!
2119 1004 2522 1070 perpetrarunt.
2560 997 2667 1052 Nos
2699 1008 2878 1052 autem
2913 999 3379 1056 immortalitatem

1817 1109 1914 1150 eos
1941 1088 2196 1160 consequi
2227 1090 2373 1145 soles
2406 1089 2713 1155 didicimus,
2758 1091 2849 1159 qui
2899 1089 3065 1143 Deum
3102 1091 3224 1145 vita:
3251 1108 3380 1147 san-

1821 1187 2008 1242 ctitate
2045 1193 2102 1249 et
2146 1185 2352 1238 virtute
2390 1183 2615 1252 prapius
2662 1184 3014 1253 contingunt;
3065 1187 3156 1252 qui
3201 1199 3378 1240 autem

1826 1269 2074 1344 improbe
2115 1277 2303 1328 vivunt
2341 1290 2441 1329 nec
2481 1275 2854 1339 immutantur,
2893 1291 2986 1330 eos
3021 1275 3142 1345 igne
3179 1287 3382 1334 aeterno

1825 1368 2095 1424 credimus
2130 1365 2333 1437 puniri.

1895 1460 2002 1530 57
2033 1458 2124 1516 22.
2164 1456 2334 1512 Filius
2387 1463 2568 1510 autem
2625 1454 2892 1527 Dei,,qui
2932 1455 3089 1512 Jesus
3137 1469 3380 1526 vocatur,

1825 1551 1988 1604 etiam
2029 1550 2074 1605 si
2108 1533 2269 1604 homo
2303 1556 2515 1601 tantum
2552 1560 2695 1601 esset
2731 1549 3004 1602 communi
3039 1550 3380 1619 conditione,

1835 1651 2058 1713 propter
2105 1641 2428 1710 sapientiam
2469 1639 2660 1708 dignus
2715 1637 2879 1702 foret,
2927 1641 3018 1708 qui
3072 1640 3239 1697 Filius
3287 1643 3383 1699 Dei

1830 1737 2121 1789 diceretur.
2147 1732 2435 1786 Parentem
2468 1729 2612 1784 enim
2645 1729 2928 1798 virumque
2961 1731 3226 1802 deumque
3251 1735 3386 1789 scri-

170 1816 324 1904 σεφξ
345 1816 458 1910 (17)
498 1839 648 1911 παρὰ
684 1840 782 1910 τὴν
813 1839 994 1910 κοινὴν
1024 1840 1234 1909 γένεσιν
1276 1816 1601 1910 γεγενῆσθαι
1632 1841 1727 1894 αὐ-

1831 1816 2011 1897 ptores
2053 1840 2244 1879 omnes
2286 1824 2556 1893 appellant
2591 1823 2779 1877 Deum.
2811 1822 2966 1889 Quod
3001 1824 3048 1880 si
3083 1826 3240 1880 modo
3270 1827 3385 1881 sin-

165 1932 254 1984 τὸν
298 1934 362 1985 ὲκ
405 1931 539 1984 Θεοῦ
595 1932 821 2000 λέγομεν
852 1931 1023 1999 Λόγον
1065 1931 1224 1994 Θεοῦ,
1271 1932 1346 1995 ὡς
1391 1933 1724 2003 προέφημεν,

169 2022 342 2076 κοινὸν
382 2021 539 2076 τοῦτο
567 2023 704 2077 ἔστω
747 2024 873 2092 ὑμῖν
911 2026 1023 2086 τοῖς
1065 2019 1153 2078 τὸν
1197 2023 1401 2095 Ἑρμῆν
1443 2021 1598 2093 λόγον
1639 2025 1730 2078 τὸν

169 2111 324 2182 παρὰ
351 2110 488 2165 Θεοῦ
519 2111 832 2179 ἀγγελτικὸν
863 2111 1126 2180 λέγωσιν.
1149 2112 1212 2166 Ei
1235 2112 1289 2164 δὲ
1320 2113 1618 2167 αἰτιάσαιτό
1649 2131 1729 2178 τις

167 2199 542 2270 ἐσταυρῶσθαι
573 2198 755 2263 αὑτὸν,
787 2199 882 2253 καὶ
911 2198 1069 2254 τοῦτο
1107 2199 1284 2252 κοινὴν
1313 2203 1424 2263 τοῖς
1454 2217 1728 2275 προκατη-

170 2290 260 2361 ριθ
268 2309 342 2361 μη
351 2291 535 2361 μένοις
553 2291 813 2347 παθοῦσιν
827 2292 979 2357 υἱοῖς,
1003 2290 1124 2349 καθ’
1141 2289 1303 2362 ὑμᾶς,
1326 2290 1418 2345 τοῦ
1434 2287 1553 2354 Διὸς
1569 2292 1734 2363 ὑπάρ-

174 2398 280 2450 χει.
329 2383 578 2436 Ἐκείνων
607 2400 668 2436 τε
697 2383 804 2454 γὰρ
834 2382 932 2454 οὐχ
976 2384 1136 2451 ὅμοια
1175 2381 1241 2434 τὰ
1273 2381 1418 2453 πάθη
1449 2380 1542 2435 τοῦ
1573 2381 1734 2436 θανά-

169 2487 287 2534 του,
333 2472 467 2526 ἀλλὰ
509 2472 740 2544 διάφορα
782 2475 1101 2544 ἱστορεῖται·
1137 2469 1275 2524 ὥστε
1324 2472 1454 2542 μηδὲ
1499 2470 1559 2524 τὸ
1603 2472 1733 2526 ῐδιον

173 2563 266 2617 τοῦ
325 2564 527 2628 πάθους
572 2567 768 2634 ἥττονα
808 2565 982 2620 δοκεῖν
1026 2559 1161 2619 εἶναι
1211 2563 1415 2618 τοῦτον.
1464 2561 1621 2628 Ἀλλ’,
1659 2565 1738 2628 ὡς

173 2655 536 2726 ὑπεσχόμεθα,
564 2657 836 2725 προϊόντος
867 2656 959 2708 τοῦ
991 2655 1148 2726 λόγου
1173 2657 1271 2708 καὶ
1298 2656 1579 2726 κρείττονα
1603 2658 1734 2710 ἀπο-

172 2741 415 2816 δείξομεν
433 2761 446 2775 ·
477 2745 672 2816 μᾶλλον
701 2747 759 2799 δὲ
789 2745 883 2799 καὶ
911 2745 1300 2799 ἀποδέδεικται.
1338 2747 1396 2799 '0
1424 2747 1530 2817 γὰρ
1556 2748 1734 2818 κρείτ-

171 2852 282 2892 των
326 2834 438 2907 (18)
480 2836 546 2889 ἐκ
572 2835 680 2888 τῶν
723 2835 972 2908 πράξεων
1016 2836 1281 2917 φαίνεται.
1316 2836 1379 2888 ΕΞ
1423 2837 1477 2890 δὲ
1520 2837 1614 2892 καὶ
1649 2838 1736 2892 διὰ

175 2928 444 3001 παρθένου
477 2927 832 2999 γεγεννῆσθαι
853 2927 964 2999 (19)
992 2927 1246 2999 φέρομεν,
1265 2927 1439 2982 κοινὸν
1461 2929 1554 2984 καὶ
1582 2929 1738 2984 τοῦτο

176 3020 315 3091 πρὸς
344 3020 436 3074 τὸν
477 3020 690 3093 Περσέα
718 3019 859 3074 ἔστω
889 3019 1036 3091 ὑμῖν.
1069 3013 1138 3090 Ὦ
1166 3019 1223 3074 δὲ
1251 3020 1480 3093 λέγομεν
1509 3021 1732 3094 χωλοὺς,

1829 1918 2005 1989 gulari
2049 1928 2105 1972 et
2152 1934 2181 1971 a
2235 1916 2513 1971 communi
2565 1915 2843 1968 creatione
2887 1916 3101 1969 diverso
3148 1917 3384 1986 genitum

1830 2011 1977 2066 illum
2011 2024 2076 2063 ex
2115 2008 2224 2063 Deo
2267 2008 2496 2062 dicimus
2541 2003 2772 2059 Verbum
2811 2005 2942 2071 Dei;
2981 2006 3034 2061 id
3062 2007 3141 2070 ei,
3175 2018 3234 2062 ut
3274 2009 3386 2076 jam

1830 2103 2087 2168 diximus,
2119 2114 2407 2154 commune
2436 2111 2553 2152 esse
2596 2097 2804 2151 credite
2837 2112 2958 2151 cum
2991 2099 3057 2153 iis
3105 2101 3195 2168 qui
3241 2100 3387 2156 Here

1830 2193 2040 2245 corium
2087 2205 2453 2265 sermonema
2490 2189 2598 2244 Deo
2645 2189 3041 2243 internuntium
3091 2193 3384 2261 appellant.

1832 2283 1890 2338 Si
1912 2284 2034 2354 quis
2063 2293 2240 2337 autem
2269 2281 2589 2336 crucifixum
2615 2296 2736 2335 esse
2767 2281 2985 2349 objiciet
3009 2299 3024 2336 :
3063 2295 3148 2337 est
3175 2286 3226 2338 id
3256 2301 3388 2354 quo-

1832 2389 1936 2444 que
1960 2390 2247 2429 commune
2274 2389 2396 2427 cum
2426 2373 2751 2442 supradictis
2780 2371 2950 2437 Jovis,
2983 2384 3040 2426 ut
3070 2386 3250 2430 vestra
3288 2377 3391 2433 l'ert

1831 2465 2035 2534 opinio,
2070 2465 2216 2530 (iliis,
2245 2465 2338 2532 qui
2371 2464 2751 2532 perpessiones
2782 2478 2887 2516 nou
2916 2464 3237 2534 effugerunt.
3273 2465 3392 2522 lllo-

1835 2574 1951 2612 rum
1980 2559 2128 2612 enim
2160 2574 2266 2611 nou
2303 2555 2529 2615 similes.
2575 2556 2668 2609 sed
2697 2557 2924 2626 diversa:
2967 2559 3154 2612 mortis
3181 2575 3394 2630 perpes-

1835 2651 2012 2703 siones
2042 2659 2352 2710 narrantur,
2388 2650 2458 2700 ita
2491 2658 2547 2699 ut
2573 2646 2750 2712 Jesus,
2778 2662 2846 2702 ne
2873 2647 2943 2701 ob
2972 2649 3247 2719 singulare
3271 2653 3392 2723 quia

1834 2741 1954 2793 dem
2003 2738 2370 2808 perpessionis
2403 2751 2598 2806 genus,
2640 2738 2866 2792 inferior
2903 2741 2995 2794 sit.
3031 2740 3134 2796 Sed
3170 2751 3224 2796 et
3257 2759 3394 2813 pra:-

1833 2833 2153 2884 stantiorem
2199 2845 2343 2895 esse,
2386 2841 2444 2882 ut
2492 2831 2867 2899 promisimus,
2913 2835 3237 2901 procedente
3267 2851 3393 2890 orae

1837 2925 1983 2978 tione
2020 2924 2548 2988 demonstrabimus;
2581 2923 2664 2977 vel
2693 2924 2872 2992 potius
2912 2925 3021 2992 jam
3053 2925 3394 2982 demonstra-

1833 3024 1948 3072 tum
1991 3024 2093 3071 est.
2139 3015 2486 3070 Praestantior
2527 3017 2668 3070 enim
2706 3015 2940 3084 quisque
2979 3031 3046 3070 ex
3089 3019 3394 3075 actionibus

248 3198 361 3267 (ιι)
399 3197 867 3266 Παωδέξασθαι.
896 3196 1030 3252 Illud
1069 3196 1291 3252 verbum
1331 3204 1438 3269 non
1471 3196 1608 3269 idem
1638 3213 1727 3254 va-

1838 3199 1981 3269 nymi
2015 3195 2272 3256 dixerim.
2304 3210 2406 3251 nec
2432 3194 2668 3269 Marcion
2701 3196 2916 3269 dicebat
2942 3198 3122 3254 Iesum
3149 3217 3245 3268 per
3272 3202 3395 3259 Vir-

178 3269 254 3322 let
287 3269 516 3339 aclilios
545 3270 838 3338 suscipere,
875 3278 933 3322 ut
967 3269 1292 3339 interpretes
1312 3267 1728 3339 fxistiniarunt,

175 3341 271 3392 sed
322 3337 462 3390 idem
508 3353 570 3392 ac
613 3335 838 3392 credere
888 3347 941 3392 et
985 3335 1259 3391 assentiri.
1309 3335 1385 3389 Ex
1439 3335 1539 3392 hoc
1581 3341 1726 3394 enim

176 3409 346 3462 verbo
375 3409 568 3474 pendet
602 3416 712 3461 tota
740 3407 1028 3461 verborum
1057 3405 1374 3476 complexio.

248 3478 362 3547 (15)
410 3477 540 3542 Υἱὸς
566 3476 634 3530 δὲ
677 3477 843 3530 Θεοῦ.
887 3477 1094 3532 Similis
1118 3490 1350 3602 (prorsus
1391 3475 1528 3544 apud
1557 3480 1732 3533 Arno—

248 3563 326 3601 im
357 3547 621 3602 sententia
666 3547 760 3601 lib.
789 3562 804 3600 t
833 3548 1090 3602 Aduersus
1150 3546 1305 3600 'entes
1347 3561 1362 3598 :
1403 3563 1422 3596 ι
1452 3547 1554 3602 Sed
1595 3563 1728 3602 con-

177 3549 326 3602 bium
347 3546 621 3602 sententia
666 3547 760 3601 lib.
789 3562 804 3600 t
833 3548 1090 3602 Aduersus
1118 3546 1305 3602 Gentes
1347 3561 1362 3598 :
1403 3563 1422 3596 ι
1452 3547 1554 3602 Sed
1595 3563 1728 3602 con-

177 3620 474 3688 cedamus,
505 3616 710 3685 inquit,
752 3618 1032 3688 interdum
1057 3618 1498 3688 manumvestris
1544 3620 1733 3688 opina-

181 3687 420 3742 tionibus
447 3684 653 3749 dantes,
701 3703 864 3742 unum
909 3686 1182 3741 Christum
1231 3684 1397 3738 fuisse
1441 3688 1506 3738 de
1551 3684 1730 3752 nobis,

181 3760 410 3820 mentis,
452 3758 666 3820 anime,
697 3760 940 3824 corporis
972 3755 1283 3823 fragilitatis
1312 3763 1366 3807 et
1407 3756 1734 3813 conditionis

181 3828 378 3891 unius;
417 3840 593 3880 nonne
625 3829 818 3896 dignus
846 3844 874 3880 a
909 3826 1064 3896 nobis
1093 3836 1176 3879 est
1208 3829 1481 3896 tantorum
1516 3828 1586 3881 ob
1616 3843 1732 3882 mu-

181 3912 372 3951 nerum
406 3898 632 3963 gratiam
661 3895 802 3949 Deus
829 3897 956 3957 dici,
985 3895 1227 3963 Deusque
1254 3895 1474 3947 sentiri?
1501 3914 1520 3948 ›

245 3963 510 4090 (ﬁlmoﬁra
529 3967 739 4020 czeteris
759 3964 1044 4020 Homerus.
1066 3965 1197 4019 Vide
1222 3963 1433 4020 Cohort.
1449 3968 1516 4018 ad
1539 3965 1732 4034 Grata,

300 4079 311 4090 .
447 4049 532 4088 ro.

179 4051 232 4092 c.
255 4037 311 4090 2.
355 4037 532 4090 O'rro.

250 4106 368 4178 (17)
409 4107 480 4159 Ei
506 4103 697 4178 δεῖκαὶ
739 4105 915 4172 ιόιως.
948 4104 1120 4178 Hujus
1148 4103 1249 4178 loci
1285 4121 1357 4162 ea-
1382 4105 1592 4178 videtur
1615 4123 1734 4164 esse

180 4175 454 4232 sententia
504 4175 630 4230 :Ne
680 4178 874 4230 mirum
921 4175 1073 4232 vobis
1118 4176 1381 4240 videatur,
1428 4177 1471 4229 si
1505 4177 1733 4232 Verbum

177 4247 271 4302 Dei
304 4261 414 4300 non
460 4259 649 4299 sonum
683 4247 942 4307 vocalem,
977 4261 1080 4299 non
1130 4260 1240 4300 rem
1285 4247 1596 4309 inanimam,
1642 4250 1734 4303 sed

181 4332 373 4371 verum
421 4314 638 4382 Filium,
676 4331 967 4385 veramque
1011 4331 1292 4384 personam
1335 4318 1583 4380 dicimus,
1632 4335 1735 4371 non

180 4388 401 4447 iactatu,
444 4387 537 4440 sed
567 4387 822 4454 genitam.
849 4388 1146 4442 Commune
1177 4386 1228 4439 id
1255 4401 1374 4441 esse
1402 4388 1581 4441 ducite
1616 4404 1736 4440 cum

1832 3267 2015 3338 ginem
2065 3277 2247 3320 natum
2279 3281 2419 3338 esse,
2467 3268 2511 3338 is
2550 3268 2693 3318 enim
2744 3267 3020 3322 Christum
3067 3267 3244 3326 subito
3286 3275 3393 3327 Ca-

1834 3336 2135 3406 pharnaum
2159 3336 2358 3406 eicmlo
2389 3337 2601 3406 venisse
2634 3337 2896 3406 tingebat;
2932 3353 3032 3394 nec
3074 3343 3268 3397 merito
3301 3359 3396 3396 ne¢

1834 3405 1990 3475 gctur
2019 3410 2159 3460 hanc
2189 3405 2441 3475 loquendi
2466 3405 2734 3476 rationem
2760 3407 2818 3476 riu
2844 3407 3128 3476 Scriptura
3157 3423 3392 3467 exstare.

1838 3481 2184 3531 Demonstrat
2227 3477 2391 3548 enim
2461 3475 2690 3535 Basilius
2753 3475 2806 3529 in
2870 3475 3008 3532 libro
3059 3478 3394 3548 DeSpiritu

1833 3558 2034 3608 sancto,
2075 3561 2196 3613 cap.
2224 3546 2277 3608 5,
2317 3555 2601 3612 utramque
2639 3548 3068 3618 praepositionem
3116 3549 3204 3602 διά
3233 3546 3295 3604 et
3338 3547 3400 3618 ἐξ

1835 3618 1976 3687 idem
2005 3630 2224 3687 sonare,
2336 3619 2642 3687 argumenti
2675 3617 2788 3669 loco
2817 3619 2982 3670 sumit
3008 3623 3147 3687 quod
3175 3620 3396 3686 Paulus,

1835 3688 1924 3758 qui
1958 3686 2010 3758 in
2043 3686 2202 3755 epist.
2227 3687 2292 3738 ad
2324 3683 2706 3758 Galatasdixit
2734 3705 2747 3758 ς
2780 3683 3073 3756 Γενόμενος
3109 3690 3172 3742 ὲκ
3212 3683 3398 3758 γυναι-λ

1836 3755 1954 3820 κός,
1984 3756 2152 3824 factus
2187 3771 2252 3810 ex
2281 3755 2517 3819 muliere,
2555 3756 2693 3807 idem
2729 3757 2782 3809 in
2813 3755 2972 3824 cpiSt.
2997 3763 3062 3811 ad
3091 3755 3398 3815 Coradixce

1836 3829 1948 3881 rit:
1987 3825 2146 3896 ᾉνὴρ
2173 3825 2259 3878 διὰ
2294 3825 2389 3896 τῆς
2415 3825 2688 3891 γυναικός,
2719 3829 2794 3879 vir
2823 3843 2914 3894 per
2940 3829 3224 3881 mulierem.
3261 3830 3396 3886 llinc

1837 3897 1979 3950 idem
2020 3894 2250 3969 Basilius
2293 3895 2344 3969 in
2383 3906 2522 3947 orat.
2549 3897 2636 3969 ἓξ),
2672 3913 2720 3963 p.
2766 3897 2868 3969 538
2909 3914 2923 3950 ε
2971 3898 3258 3969 Ἐγεννήθη
3308 3901 3396 3954 διὰ

1835 3964 2106 4036 γυναικὸς,
2133 3966 2219 4041 ἵνα
2247 3967 2370 4026 τοὺς
2405 3963 2754 4041 γεννηθέντας
2786 3963 3143 4041 ᾁναγεννήσῃ.
3177 3963 3396 4023 Cénitus

1836 4046 1913 4107 est
1944 4053 2036 4104 per
2073 4037 2364 4099 mulierem,
2393 4046 2446 4107 ut
2474 4052 2559 4088 eos
2586 4040 2676 4103 qui
2708 4039 2820 4088 nati
2867 4051 3015 4090 erant
3043 4037 3396 4107 Vre'generaret.

1840 4106 2000 4158 Multa
2048 4115 2342 4160 occurrunt
2379 4103 2642 4170 ejusmodi
2691 4107 2938 4173 exempla
2993 4103 3132 4173 apud
3181 4119 3397 4164 sanctos

1839 4176 2046 4230 Patres.
2089 4174 2332 4230 Justinus
2361 4190 2465 4227 non
2491 4189 2555 4228 eo
2581 4176 2751 4229 solum
2789 4177 2838 4228 in
2871 4176 3009 4237 loco,
3045 4179 3135 4245 qui
3170 4195 3310 4233 nunc
3345 4182 3395 4233 in

1841 4249 2090 4300 manibus
2118 4257 2223 4308 est,
2247 4246 2339 4297 sed
2369 4248 2531 4297 etiam
2574 4249 2623 4298 in
2656 4245 2844 4299 multis
2873 4247 2993 4300 aliis
3021 4248 3092 4299 ita
3138 4247 3395 4308 loquitur.

1842 4317 1931 4388 Sic
1952 4317 2115 4388 etiam
2143 4315 2282 4388 apud
2315 4315 2601 4388 Eusebium
2631 4315 2723 4368 lib.
2753 4329 2766 4367 l
2798 4325 2980 4388 contra
3009 4315 3230 4388 yarcef.
3271 4334 3397 4388 cap.

1841 4385 1908 4441 55
1935 4403 1954 4457 ξ
2138 4386 2234 4457 μὲν
2274 4383 2366 4457 τοῦ
2406 4384 2682 4437 κατελθεῖν
2710 4383 2823 4457 -καὶ
2862 4383 3085 4457 διὰ-τῆς
3131 4383 3398 4457 παρθένὸυ

182 4458 266 4517 iis,
291 4456 384 4525 qui
427 4451 596 4522 ipsum
634 4457 799 4510 etiam
830 4456 1174 4517 Mercurium,
1221 4471 1524 4511 sermonem
1563 4473 1592 4508 a
1626 4457 1727 4511 Deo

1839 4451 2114 4525 τεχθῆναι,
2138 4451 2306 4522 λόγος
2329 4451 2394 4525 ἦν
2426 4461 2602 4524 μόνον.
2625 4455 2754 4509 Vide
2773 4470 2824 4522 p.
2849 4451 3110 4525 MUuli—us
3133 4451 3399 4513 Firiiiftus

183 4527 575 4595 internuntium
598 4525 886 4595 appellant.
917 4525 1047 4580 Vide
1068 4526 1263 4594 dialog.
1295 4544 1348 4581 n.
1373 4525 1431 4579 6|
1463 4537 1515 4578 et
1544 4527 1662 4580 128.

251 4597 390 4665 (18)
442 4594 503 4648 ’0
525 4594 660 4669 ,γὰρ
702 4595 1012 4669 (φρίττειν.-
1046 4595 1168 4669 Ησξο
1215 4599 1446 4669 Irenaeus
1497 4597 1739 4652 imitatur

185 4663 308 4720 libr.
338 4681 402 4726 ll,
438 4679 488 4718 c.
525 4663 580 4728 5,
623 4663 676 4718 n.
705 4665 759 4728 5,
789 4675 849 4716 ut
897 4663 927 4717 a
974 4665 1175 4724 Grahio
1211 4667 1553 4723 observatum
1601 4677 1685 4720 est
1721 4685 1734 4720 :

191 4756 208 4787 ι
237 4737 340 4802 Qui
387 4735 530 4788 enim
567 4734 762 4788 melior
786 4744 889 4797 est,
923 4735 1115 4804 inquit,
1145 4751 1212 4790 ex
1260 4738 1514 4803 Operibus
1555 4747 1736 4790 osten-

187 4809 350 4859 ditur.
376 4823 395 4854 ι
433 4804 677 4859 Similem
727 4807 1073 4870 sententiam,
1107 4814 1166 4858 ut
1204 4819 1267 4859 ex
1299 4804 1524 4873 profano
1560 4807 1738 4875 aliquo

187 4875 645 4943 scriptore,citat
695 4875 932 4928 Isidorus
979 4876 1243 4929 Pelusiota
1296 4876 1609 4942 epist.,158,
1640 4879 1732 4929 lib.

190 4961 247 5000 tu
279 4961 295 4998 :
328 4945 410 5017 Τὰ
451 4945 588 5016 ἔργα
629 4943 794 5017 δείξει
821 4944 927 4997 τῶν
967 4945 1138 5015 λόγων
1177 4943 1521 5017 σαφέστερον.
1565 4946 1735 5013 Opera

187 5015 702 5082 probabunt’ciarius
725 5018 1067 5074 sermonibus.

256 5087 393 5156 (t9)
432 5084 535 5138 Διὰ
578 5084 873 5152 παρθένου
923 5085 1332 5156 γεγεννῆσθαι.
1365 5085 1582 5140 Molesta
1638 5086 1738 5141 fuit

191 5155 379 5226 Laiigo
408 5159 524 5210 haec
555 5161 694 5210 ratio
723 5156 998 5224 loquendi,
1041 5167 1100 5210 ut
1125 5159 1191 5210 ad
1243 5155 1732 5211 Valentinianorunt

189 5242 406 5284 errores
452 5227 853 5296 accommodata
884 5243 898 5279 :
932 5243 1050 5280 eam
1091 5227 1331 5296 exagitat
1364 5227 1735 5280 Tertullianus

193 5299 243 5349 in
285 5297 424 5351 libro
451 5295 527 5349 De
556 5311 712 5349 carne
741 5295 960 5359 Christi.
993 5313 1109 5366 cap.
1136 5295 1227 5362 20,
1254 5308 1307 5350 et
1337 5297 1387 5349 in
1432 5298 1735 5366 Scripturis

193 5369 422 5421 inveniri
455 5377 634 5446 negat.
671 5368 924 5448 bispltcet
967 5371 1128 5422 etiam
1170 5367 1521 5445 Hieronymo,
1553 5383 1644 5435 qui
1681 5369 1732 5420 in

190 5435 480 5490 Com-seru.
521 5451 575 5489 tu
602 5447 754 5492 epist.
781 5437 847 5488 ad
881 5435 1062 5492 (ἔρισι.
1103 5453 1158 5492 ι).
1180 5437 1305 5492 267.
1336 5452 1414 5491 sic
1450 5437 1688 5492 loauttur
1716 5452 1731 5488 :

196 5445 480 5490 Lam-seru.
521 5445 575 5489 tu
602 5445 754 5505 epist.
781 5445 846 5488 ad
881 5445 1062 5492 (ὅσιαι.
1103 5453 1158 5507 p.
1180 5445 1305 5499 267,
1336 5452 1414 5491 sic
1450 5445 1688 5504 loquitur
1716 5452 1731 5488 :

196 5525 216 5556 ι
249 5505 544 5576 Diligenter
584 5507 868 5578 attendite.
917 5507 1120 5578 inquit,
1158 5510 1302 5578 quod
1342 5522 1448 5560 non
1497 5507 1732 5568 dixerit,

192 5579 389 5630 factum
422 5591 518 5644 per
547 5576 842 5643 mulierem,
869 5583 1011 5647 quod
1047 5576 1279 5632 Marcion
1304 5588 1357 5631 et
1393 5589 1599 5632 caeteras
1626 5579 1734 5630 ita:-

195 5662 341 5702 reses
370 5650 579 5710 volunt,
603 5661 720 5715 quae
752 5652 1044 5715 potativam
1075 5649 1277 5702 Christi
1317 5659 1535 5702 carnem
1569 5652 1736 5701 sium-

196 5718 326 5782 lant,
354 5718 447 5772 sed
494 5732 560 5771 ex
599 5717 842 5781 muliere,
883 5730 942 5770 ut
976 5733 1078 5771 non
1110 5733 1205 5786 per
1236 5719 1406 5780 illam,
1435 5718 1528 5770 sed
1548 5732 1614 5772 ex
1643 5718 1730 5770 illa

195 5801 350 5844 natus
378 5803 500 5844 esse
535 5789 804 5841 credatur.
831 5807 850 5840 ι
887 5787 1024 5853 Sed,
1069 5789 1211 5858 quod
1265 5803 1392 5859 pace
1437 5787 1495 5840 S.
1543 5787 1736 5843 Hiero-

512 5911 780 5970 PATBOL.
813 5910 930 5971 Gtt.
973 5911 1076 5973 VI.

1769 4503 1811 4553 υ
1841 4503 2389 4598 sapientiai-1,3;-
2426 4503 2600 4598 ira;
2621 4503 3152 4598 .v'ii‘giaéqgjugaga
3177 4503 3400 4598 iis}:

1843 4597 2003 4647 ritum
2040 4605 2288 4648 sanctum
2319 4594 2562 4648 Christus
2594 4604 2772 4647 natus.
2796 4613 2814 4646 ι
2850 4594 3084 4648 Hilarius
3113 4597 3207 4649 lih.
3244 4613 3296 4651 tv
3318 4594 3400 4652 De

1844 4665 1991 4719 'l'rin.
2017 4679 2071 4717 η.
2098 4665 2204 4716 42:
2251 4682 2270 4714 ι
2304 4663 2404 4718 Per
2437 4664 2699 4732 virginem
2736 4678 2896 4717 natus
2925 4681 2990 4718 ex
3019 4667 3224 4733 Spiritu
3271 4683 3400 4721 sane

1839 4744 1949 4814 clo.
1971 4752 1989 4783 ι
2038 4733 2373 4814 Augustinus
2405 4736 2458 4787 iu
2499 4736 2587 4788 lib.
2627 4750 2642 4787 ι
2678 4735 2760 4814 De?
2783 4735 2960 4812 anima
2992 4751 3046 4787 n.
3074 4736 3140 4787 27
3171 4753 3183 4789 :
3211 4754 3242 4814 ιι
3277 4737 3397 4792 Μυο

1841 4804 1941 4865 lier
1985 4818 2051 4857 ex
2091 4803 2210 4858 viro
2247 4804 2388 4858 facta
2420 4814 2520 4868 est,
2557 4815 2615 4856 ut
2651 4813 2832 4870 postea
2864 4803 2947 4855 vir
2989 4819 3083 4872 per
3117 4806 3394 4862 mulierem

1841 4883 2223 4943 nasceretur.)
2268 4873 2520 4927 Eamdem
2551 4889 2731 4926 vocem
2769 4884 2991 4940 usurpat
3014 4875 3245 4943 Cyrillns
3275 4878 3398 4931 Alc-

1841 4946 2134 4997 sandrinus
2162 4942 2414 5013 Thesaur.
2441 4959 2493 5010 p.
2520 4943 2607 4998 96.
2635 4944 2688 4996 lu
2717 4947 2937 5013 hymno,
2962 4942 3120 5011 queui
3148 4949 3395 5001 calliuius

1840 5015 1890 5066 in
1925 5019 2179 5067 honorem
2210 5012 2271 5068 Β.
2305 5013 2363 5068 ν.
2392 5014 2571 5066 Maria:
2597 5029 2610 5065 :

2185 5083 2348 5136 licam
2381 5083 2492 5136 cceli
2525 5085 2731 5147 nuntio,

2186 5154 2434 5206 Fecunda
2461 5165 2638 5206 sancio
2667 5154 2868 5221 Spiritu
2890 5191 2906 5217 ,

2188 5226 2520 5277 Desideratus
2552 5226 2788 5291 gentibus

2189 5296 2352 5363 Cujus
2381 5310 2471 5362 per
2492 5295 2660 5357 alvum
2686 5295 2833 5361 [usus
2858 5306 2953 5348 est.

1837 5364 1952 5421 Non
1992 5381 2120 5436 ergo
2155 5368 2208 5420 in
2239 5362 2321 5427 eo,
2352 5381 2398 5436 si
2435 5366 2647 5432 preprie
2684 5371 2988 5436 loquamur,
3024 5362 3395 5422 Valentiniani

1837 5433 2156 5505 peccabant,
2186 5439 2327 5504 quod
2361 5434 2554 5488 Filium
2592 5448 2688 5502 per
2717 5433 2938 5488 Mariam
2970 5438 3208 5505 genitum
3251 5441 3396 5492 ώσω-ι

1838 5519 1992 5570 rent;
2026 5509 2118 5576 sed
2147 5507 2290 5576 quod
2321 5520 2388 5559 ex
2421 5505 2586 5557 Maria
2615 5509 2851 5576 genitum
2889 5517 3168 5576 negarent,
3209 5518 3397 5575 atque.

1839 5589 1896 5629 ut
1946 5580 2021 5630 ait
2067 5574 2464 5639 Tertullianus,
2516 5587 2566 5627 c.
2605 5574 2670 5626 27
2725 5585 2908 5627 contra
2966 5574 3399 5640 Valentinianus,

1844 5665 1862 5698 ι
1891 5648 2124 5700 delatum
2164 5649 2214 5699 iu
2248 5646 2522 5714 Virginem
2561 5645 2976 5700 transmeatorio
3016 5648 3192 5714 potius
3235 5663 3398 5713 quam

1839 5719 2183 5784 generaturio
2215 5730 2363 5769 more
2391 5717 2754 5782 processisse;
2799 5730 2893 5781 per
2943 5721 3133 5781 ipsam,
3183 5733 3288 5770 non
3332 5734 3399 5769 es

1838 5790 1980 5856 ipsa;
2007 5803 2112 5843 non
2142 5799 2366 5840 matrem
2394 5789 2642 5850 catinsed
2668 5788 2808 5839 viam
2835 5800 3086 5854 pussnmi
3121 5789 3401 5848 docerent.

3010 5901 3080 5957 12
