4132 6410
785 400 846 453 Ἠ
1673 400 1727 453 S.
1771 401 2033 455 JUSTINI
2076 403 2482 460 PHILOSOPHI
2525 408 2613 463 ET
2653 410 3012 468 MARTYRIS

3920 420 4038 474 372

750 516 950 583 galinm
995 527 1260 582 equorum
1297 515 1531 576 aluisse.
1587 516 1657 568 ita
1711 534 1854 572 nunc
1904 528 1958 573 et
2013 536 2216 590 pueros
2248 525 2312 575 ad

2420 528 2498 588 εἰς
2527 528 2583 579 τὸ
2604 529 2839 601 αἰσχρῶς
2854 531 3088 603 χρῆσθαι
3113 535 3274 603 μόνον
3291 551 3304 564 ⁸
3327 537 3416 589 καὶ
3431 537 3631 605 ὁμοίως
3655 537 3908 608 θηλειῶν
3929 539 4034 592 καὶ

753 616 937 673 turpes
967 606 1227 659 duntaxat
1254 620 1414 670 usus;
1446 615 1500 659 et
1528 605 1852 660 feminarum
1887 611 2092 677 pariter
2113 626 2177 665 ac
2199 628 2315 664 am-

748 697 900 765 bigui
937 711 1100 750 sexus
1127 698 1425 758 hominum,
1452 711 1516 749 ac
1543 697 1775 751 nefanda
1803 702 2132 766 patrantium
2163 705 2314 757 turha

750 793 819 843 ad
848 791 948 844 hoc
975 792 1248 860 piaculum
1279 793 1417 860 apud
1444 810 1634 847 omnes
1660 803 1850 861 gentes
1881 805 2112 862 prostat.
2142 796 2316 863 Atque

749 897 816 936 ex
857 883 940 936 his
972 885 1250 938 mercedes
1273 894 1328 937 et
1362 885 1562 938 tributa
1600 896 1652 939 ct
1697 885 1980 955 vectigalia
2015 887 2313 954 percipitis,

752 990 874 1027 cum
916 989 1010 1028 eos
1063 992 1128 1029 ex
1191 977 1324 1031 orbe
1378 989 1560 1031 vestro
1612 980 1967 1032 exterminari
2017 990 2314 1047 oporteret.

749 1068 960 1134 Quibus
991 1070 1080 1136 qui
1103 1069 1295 1134 utitur,
1325 1071 1368 1123 is
1393 1083 1589 1139 praeter
1616 1072 1906 1125 nefandum
1929 1083 1979 1126 et
2002 1073 2220 1140 impium
2253 1089 2315 1127 ac

749 1159 1081 1226 impudicum
1111 1162 1455 1214 concubitum
1515 1176 1636 1214 cum
1663 1163 1793 1223 tilio,
1834 1164 1876 1216 si
1908 1165 1976 1217 ita
2004 1178 2121 1218 sors
2148 1163 2308 1227 ferat,

750 1261 843 1304 aut
875 1257 1108 1319 cognato
1141 1264 1231 1306 aut
1266 1253 1435 1306 fratre
1466 1255 1745 1308 miscetur.
1796 1253 1929 1307 Sunt
1975 1255 2064 1322 qui
2117 1254 2316 1308 liberos

747 1347 912 1400 etiam
963 1362 1090 1401 suos
1141 1357 1195 1403 et
1245 1363 1439 1404 uxores
1490 1350 1844 1418 prostituam.
1909 1350 1984 1403 Ac
2032 1352 2208 1418 palam
2262 1359 2359 1403 et.

749 1452 934 1508 aperte
963 1441 1182 1510 quidam
1208 1444 1271 1498 ad
1303 1442 1632 1513 cynadicam
1672 1443 2061 1511 turpitudinem
2097 1444 2319 1496 eviran-

749 1543 858 1597 tur,
891 1543 1054 1603 atque
1090 1535 1144 1588 in
1171 1545 1401 1590 matrem
1434 1536 1658 1589 deorum
1711 1536 1825 1588 haec
1874 1535 2132 1605 mysteria
2173 1532 2316 1586 refe-

748 1638 905 1694 runt;
927 1640 1094 1698 atque
1117 1630 1257 1698 apud
1282 1646 1721 1700 unumquemque
1744 1645 2110 1699 eorum.quos
2129 1630 2319 1684 existi-

749 1717 933 1778 matis.
956 1719 1208 1781 deorum,
1238 1733 1492 1788 magnum
1517 1735 1743 1789 serpens
1771 1719 2076 1790 symbolum
2107 1735 2171 1774 ac
2203 1735 2316 1791 my-

2420 621 2755 692 ἀνδρογύνων
2787 628 2878 676 καὶ
2904 627 3280 697 ἀρρητοποιῶν
3307 630 3503 699 πλῆθος
3532 632 3670 685 κατά
3701 635 3814 684 πᾶν
3845 631 4024 694 ἔθνος

2422 717 2513 768 ἐπὶ
2546 718 2730 768 τούτου
2755 719 2845 770 τοῦ
2871 720 3034 787 ἄγους
3060 723 3276 792 ἔστηκε.
3303 725 3408 776 Καὶ
3434 726 3635 776 τούτων
3659 725 3906 794 μισθοὺς
3927 725 4033 778 καὶ

2420 811 2674 880 εἰσφορὰς
2690 813 2780 862 καὶ
2791 810 2912 880 τέλη
2927 812 3250 881 λαμϐάνετε,
3265 814 3377 866 δέον
3390 817 3614 882 ἐκκόψαι
3632 818 3740 870 ἀπὸ
3754 817 3866 886 τῆς
3886 819 4035 885 ὑμε-

2420 901 2578 970 τέρας
2597 901 2704 968 (55)
2722 903 3060 972 οἰκουμένης.
3087 904 3195 956 Καὶ
3221 906 3326 956 τῶν
3350 906 3553 968 τούτοις
3569 908 3881 977 χρωμένων
3907 907 4030 969 τὶς,

2421 993 2554 1061 πρὸς
2581 995 2645 1060 τῇ
2675 992 2816 1061 ἀθέῳ
2840 995 2931 1045 καὶ
2953 994 3139 1046 ἀσεϐεῖ
3167 999 3255 1047 ita“
3293 997 3519 1067 ἀκρατεῖ
3545 997 3708 1066 μίξει,
3745 998 3792 1048 εί
3821 998 4031 1066 τύχοι,

2419 1085 2590 1152 τέκνῳ
2618 1086 2649 1154 ἢ
2689 1087 3014 1156 συγγενεῖ,ἢ
3062 1086 3274 1156 ἀδελφῷ
3303 1088 3572 1157 μίγνυται.
3606 1089 3667 1140 Oi
3699 1089 3754 1140 δὲ
3801 1089 3916 1142 καὶ
3955 1089 4036 1140 τὰ

2421 1174 2624 1228 ἑαυτῶν
2641 1177 2800 1229 τέκνα
2822 1178 2914 1229 καὶ
2935 1178 3032 1240 τὰς
3047 1178 3351 1248 όμοζύγους
3368 1181 3874 1250 προαγωγεύονται.
3905 1181 4036 1235 Καὶ

2421 1268 2667 1339 φανερῶς
2682 1271 2760 1332 είς
2777 1271 3044 1324 κιναιδίαν
3066 1273 3460 1326 ἀποκόπτονταί
3484 1291 3646 1336 τινες,
3667 1273 3758 1326 καὶ
3784 1275 3876 1336 είς
3910 1291 4038 1342 μη-

2419 1362 2547 1431 τέρα
2571 1361 2708 1412 θεῶν
2733 1362 2799 1414 τὰ
2830 1365 3104 1434 μυστήρια
3131 1366 3475 1435 ἀναφέρουσι,
3513 1367 3603 1418 καὶ
3634 1366 3782 1438 παρά
3825 1366 4028 1419 παντὶ

2420 1451 2524 1503 τῶν
2553 1452 2917 1522 νομιζομένων
2956 1456 3086 1525 παρ’
3117 1455 3242 1524 ὑμῖν
3274 1455 3382 1524 θεῷ
3409 1454 3540 1524 (54),
3571 1455 3691 1524 δφις
3719 1455 4024 1526 σύμϐολον

2423 1540 2563 1609 μέγα
2593 1542 2684 1593 καὶ
2717 1544 3014 1612 μυστήριον
3044 1544 3437 1615 ἀναγράφεται.
3484 1546 3595 1601 Καὶ
3638 1547 3705 1599 τά
3738 1545 4028 1618 φανερῶς

2420 1634 2545 1703 ὑμῖν
2588 1635 2934 1704 πραττόμενα
2976 1637 3070 1689 καὶ
3111 1637 3413 1707 τιμώμενα,
3451 1639 3528 1701 ὼς
3574 1641 4032 1713 ἀνατετραμμέδ

2419 1737 2509 1772 νου
2548 1719 2658 1789 (55)
2698 1723 2790 1773 καὶ
2833 1723 2893 1773 οὐ
2943 1725 3210 1794 παρόντος
3252 1727 3426 1793 φωτὸς
3471 1727 3618 1780 θείου
3799 1771 3814 1794 ,
3866 1734 4031 1802 ἡμῖν

747 1813 977 1863 sterium
1009 1823 1344 1866 recensetur.
1371 1811 1540 1879 Igitur
1566 1829 1688 1882 quae
1719 1814 1894 1882 palam
1942 1825 1997 1869 et
2041 1824 2229 1883 aperte
2285 1830 2313 1867 a

2422 1815 2819 1884 προσγράφετε.
2860 1817 3034 1888 Ὅπερ
3062 1819 3496 1890 ἀπηλλαγμένοις
3531 1823 3661 1891 ἡμῖν
3696 1824 3790 1876 τοῦ
3825 1827 4031 1895 πράτ-

744 1901 901 1955 vobis
931 1913 1165 1970 aguntur
1189 1912 1242 1956 et
1265 1904 1538 1970 coluntur,
1569 1920 1630 1958 ea
1663 1905 1821 1961 nobis
1848 1906 2144 1972 ascribitis,
2166 1908 2318 1974 quasi

744 2006 809 2044 ea
844 1993 1026 2048 divino
1065 1994 1267 2051 lumine
1303 2010 1500 2050 everso
1521 2006 1576 2052 et
1600 1997 1874 2050 exstincto
1915 2006 2316 2066 perpetremus.

2421 1922 2532 1957 τειν
2562 1922 2612 1957 τι
2637 1906 2838 1959 τούτων
2862 1908 2922 1960 οὺ
2958 1908 3160 1980 βλάὀην
3191 1911 3366 1982 φέρει,
3397 1912 3532 1967 ἀλλά
3564 1916 3674 1978 τοῖς
3695 1916 4029 1986 πράττουσι

2423 1998 2514 2049 καὶ
2535 1997 3040 2072 ψευδομαρτυροῦσι
3077 2001 3298 2070 μᾶλλον.

745 2086 900 2153 Quod
931 2091 1146 2159 quidem
1209 2091 1388 2158 nobis,
1449 2092 1540 2161 qui
1570 2107 1674 2145 non
1701 2092 1735 2145 ii
1769 2107 1954 2146 sumus
2014 2102 2074 2146 ut
2100 2093 2394 2162 quidquam
2436 2093 2700 2160 ejusmodi
2739 2092 3024 2154 faciamus.
3063 2095 3285 2149 minime
3327 2107 3507 2165 nocet,
3545 2099 3639 2152 sed
3687 2099 3754 2154 iis
3792 2101 4025 2168 potius.

744 2186 835 2254 qui
868 2199 929 2240 ea
963 2187 1062 2255 ipsi
1093 2186 1298 2241 faciunt
1319 2195 1374 2242 et
1404 2189 1456 2241 in
1487 2187 1619 2241 alios
1642 2186 1777 2242 falso
1809 2186 2117 2240 conferunt.

813 2279 905 2334 28.
933 2280 1086 2349 Apud
1117 2296 1217 2336 nos
1244 2283 1388 2335 enim
1421 2281 1676 2351 princeps
1711 2283 1976 2338 malorum
2005 2285 2310 2338 d:emonum

745 2385 974 2439 serpens
997 2381 1224 2426 vocatur
1249 2383 1305 2428 et
1335 2372 1540 2430 Satana
1587 2384 1643 2428 et
1685 2374 1959 2439 diabolus,
1987 2384 2041 2426 ut
2082 2376 2313 2446 potestis

745 2479 812 2518 ex
841 2465 1038 2519 litteris
1067 2468 1273 2521 nostris
1299 2467 1598 2520 scrutando
1625 2469 1951 2536 perspicere.
1981 2467 2133 2520 Hunc
2158 2468 2313 2521 Chri-

743 2567 862 2611 stus
890 2560 1329 2626 praemonstravit
1360 2574 1483 2613 cum
1505 2559 1674 2628 ipsius
1695 2561 1938 2612 exercitu
1965 2569 2018 2613 et
2041 2569 2315 2613 assectan-

746 2655 894 2710 tibus
923 2655 1237 2711 hominibus
1267 2657 1318 2710 in
1354 2657 1534 2727 ignem
1574 2657 1799 2709 missum
1834 2655 1924 2718 iri,
1955 2665 2012 2708 ut
2051 2656 2104 2708 in
2135 2655 2314 2708 inlini-

747 2760 861 2803 tum
917 2765 1092 2804 arvum
1137 2752 1544 2805 excrucientur.
1617 2750 1721 2820 61
1797 2747 2115 2816 interposita
2165 2751 2309 2803 enim

747 2859 922 2907 mora,
961 2845 1257 2912 quominus
1285 2845 1348 2900 id
1376 2847 1518 2900 Dens
1551 2846 1814 2900 hactenus
1841 2845 2148 2914 perliceret,
2180 2857 2308 2912 pro-

744 2918 867 3004 pter
892 2936 1188 2990 humanum
1225 2953 1392 3012 genus
1419 2939 1666 3007 contigit.
1694 2938 1956 2991 Prtevidet
1983 2939 2126 2990 enim
2156 2949 2311 3004 quos-

744 3028 870 3081 dam
903 3043 970 3082 ex
1027 3031 1350 3099 pmnitentia
1392 3031 1624 3085 salutem
1677 3040 2088 3092 consecuturos,
2141 3042 2311 3097 quos-

746 3119 872 3173 dam
930 3135 1062 3175 vero
1083 3121 1321 3176 nondum
1349 3134 1469 3177 esse
1503 3134 1681 3178 natos.
1717 3122 1784 3176 Et
1813 3122 1878 3178 ab
1912 3122 2068 3176 initio
2095 3121 2309 3189 quidem

2480 2282 2568 2336 28.
2597 2283 2731 2353 Παρ’
2749 2283 2878 2352 ἡμῖν
2899 2281 2995 2352 μὲν
3011 2283 3117 2354 γὰρ
3134 2283 3479 2355 όάρχηγέτης
3496 2283 3600 2338 τῶν
3617 2284 3797 2338 κακῶν
3814 2272 4036 2355 δαιμό-

2414 2392 2537 2439 νων,
2556 2374 2676 2443 όφις
2693 2373 2952 2438 καλεῖται,
2971 2374 3064 2427 καὶ
3078 2377 3333 2439 σατανᾶς,
3352 2376 3445 2427 καὶ
3459 2375 3716 2438 διάϐολος,
3734 2376 3809 2439 ὡς
3824 2379 3927 2432 καὶ
3949 2381 4032 2429 ἐκ⁴

2415 2467 2522 2518 τῶν
2558 2467 2837 2537 ἡμετέρων
2883 2466 3328 2536 συγγραμμάτων
3360 2469 3760 2538 ἐρευνήσαντες·
3803 2467 4023 2539 μαθεῖν

2416 2558 2640 2611 δύνασθε
2661 2575 2673 2586 α
2707 2558 2766 2610 ὃν
2795 2559 2948 2621 είςτὸ
2973 2558 3082 2629 πῦρ
3104 2557 3520 2629 πεμφθήσεσθαι
3541 2559 3676 2629 μετὰ
3704 2559 3804 2628 τῆς
3829 2558 4020 2614 αὑτοῦ

2420 2651 2677 2720 στρατιᾶς
2703 2650 2794 2702 καὶ
2836 2649 2943 2700 τῶν
2988 2650 3269 2719 ἑπομένων
3296 2649 3615 2722 ἀνθρώπων,
3659 2649 4023 2720 κολασθησο·

2425 2751 2614 2820 μένους
2640 2753 2728 2804 τὸν
2753 2748 3054 2822 ἀπέραντον
3080 2749 3270 2813 αἰῶνα,
3291 2752 3663 2824 προεμήνυσεν
3688 2752 3716 2802 ό
3737 2750 4014 2820 Χριστός.

2420 2842 2528 2892 Καὶ
2557 2841 2662 2911 γὰρ
2688 2844 2720 2910 ἡ
2771 2840 2999 2910 ἐπιμονὴ
3047 2841 3137 2892 τοῦ
3185 2840 3411 2910 μηδέπω
3452 2839 3608 2892 τοῦτο
3651 2841 3862 2914 πρᾶξαι
3912 2841 4018 2894 τὸν

2419 2933 2570 2996 Θεὸν,
2601 2934 2689 2985 διὰ
2722 2933 2780 2985 τὸ
2814 2930 3152 3004 ἀνθρώπινον
3185 2932 3341 3000 γένος
3371 2932 3686 3002 γεγένηται.
3719 2931 4020 3003 Προγινὼ-

2422 3044 2538 3078 σκει
2565 3027 2668 3096 γάρ
2702 3042 2850 3086 τινας
2878 3027 2941 3082 ἐκ
2977 3024 3264 3094 μετανοίας
3303 3023 3643 3095 σωθήσεσθαι
3682 3023 4011 3094 μέλλοντας,

2421 3121 2511 3173 καί
2539 3136 2685 3182 τινας
2719 3118 2942 3189 μηδέπω
2974 3118 3102 3180 ῐσως
3128 3117 3503 3187 γεννηθέντας.
3541 3116 3650 3169 Καὶ
3684 3115 3780 3187 τὴν
3820 3117 4014 3188 ἀρχὴν

750 3225 1048 3266 numannm
1084 3229 1260 3282 genus
1314 3214 1666 3285 intelligentia
1715 3223 1771 3267 et
1803 3230 1931 3267 vera
1969 3212 2197 3281 eligendi
2250 3227 2312 3263 ac

2417 3211 2597 3282 νοερὸν
2631 3211 2720 3262 καὶ
2757 3209 3052 3280 δυνάμενον
3083 3205 3350 3279 αἱρεῖσθαι
3379 3206 3602 3277 τάληθῆ,
3624 3206 3716 3260 καὶ
3733 3202 3791 3259 εὖ
3824 3207 4014 3280 πράτ-

749 3314 901 3357 recta
936 3305 1168 3359 faciendi
1212 3305 1470 3360 facultate
1512 3307 1797 3376 praeditum
1844 3306 2084 3370 creavit,
2131 3305 2204 3358 ita
2262 3314 2321 3358 ut

747 3399 1004 3454 omnibus
1027 3399 1341 3454 hominibus
1395 3399 1536 3454 nulla
1589 3399 1730 3468 apud
1774 3398 1940 3452 Deum
1980 3399 2320 3466 relinquatur

747 3492 1058 3547 excusatio.
1093 3491 1322 3545 Ratione
1360 3492 1502 3546 enim
1549 3492 1759 3560 praediti
1792 3501 1844 3544 et
1895 3493 1959 3545 ad
2010 3491 2318 3561 intelligen-

749 3586 876 3638 dum
910 3585 1022 3653 apti
1047 3592 1102 3638 et
1125 3582 1334 3638 habiles
1365 3583 1536 3638 creati
1566 3594 1710 3636 sunt.
1745 3583 1800 3637 Si
1829 3584 1949 3651 quis
1990 3592 2171 3636 autem
2205 3584 2318 3636 haec

747 3677 920 3732 Deum
953 3692 1150 3733 curare
1193 3686 1375 3744 neget,
1429 3677 1473 3729 is
1511 3677 1593 3729 vel
1637 3691 1760 3728 eum
1811 3690 1917 3729 non
1965 3690 2084 3728 esse
2138 3684 2319 3729 astute

748 3771 1126 3842 profitebitur;
1160 3771 1242 3824 vel
1267 3771 1310 3824 si
1344 3772 1432 3834 sit,
1472 3771 1737 3838 pravitate
1769 3763 2010 3838 gaudere
2036 3777 2128 3823 aut
2154 3767 2316 3835 lapidi

750 3861 982 3917 similem
1015 3876 1237 3915 manere
1261 3860 1419 3921 dicet,
1455 3875 1552 3913 nec
1573 3860 1867 3927 quidquam
1900 3873 2022 3913 esse
2055 3862 2316 3915 virtutem

750 3964 848 4008 aut
876 3953 1094 4018 vitium,
1121 3953 1218 4007 sed
1241 3951 1352 4007 sola
1398 3951 1656 4020 opinione
1705 3954 1820 4007 hzec
1877 3955 1946 4008 ab
2004 3954 2338 4008 hominibus-

750 4049 890 4103 bona
926 4056 1022 4102 aut
1050 4048 1187 4102 mala
1216 4046 1488 4115 iudicari;
1522 4061 1642 4113 quae
1689 4061 1820 4101 sane
1860 4047 2097 4102 maxima
2132 4047 2318 4115 impie-

753 4151 839 4198 tas
869 4151 928 4196 et
959 4141 1220 4211 injustitia
1251 4151 1354 4196 est.

847 4306 935 4371 53)
961 4303 1095 4357 Vide
1119 4305 1335 4360 initium
1368 4304 1520 4372 Apol.
1552 4306 1932 4368 Athenagorae.

846 4375 935 4448 δέ)
969 4371 1104 4448 Qui).
1124 4374 1262 4448 Legi
1296 4371 1477 4442 posset
1497 4375 1666 4448 θεῶν.
1682 4373 2040 4448 __Sylbnrg_ins.

846 4444 935 4515 55)
972 4445 1064 4515 Ὡς
1103 4444 1645 4513 ἀνατετραμμένου,
1682 4445 1796 4497 llnc
1820 4445 1977 4515 redit
2026 4451 2152 4515 tota,
2187 4456 2318 4515 sen-

755 4513 923 4573 tentia
961 4535 974 4568 :
1012 4513 1141 4578 Qua:
1174 4516 1347 4582 palam
1375 4523 1430 4567 et
1457 4526 1646 4583 aperte
1678 4514 1880 4576 facitis,
1917 4529 1977 4566 ea
2010 4529 2037 4566 a
2073 4514 2228 4566 nobis
2251 4517 2307 4565 in

2421 3321 2551 3366 τειν,
2580 3303 2638 3358 τὸ
2660 3302 2812 3368 γένος
2839 3301 2896 3352 τὸ
2927 3299 3260 3371 ἀνθρώπινον
3283 3298 3598 3367 πεποίηκεν,
3629 3297 3759 3350 ὥστ’
3787 3301 4012 3352 ἀναποο

2421 3397 2646 3465 λόγητον
2676 3391 2816 3449 εἶναι
2843 3396 2952 3457 τοῖς
2993 3396 3160 3446 πᾶσιν
3189 3392 3496 3464 ἀνθρώποις
3533 3392 3681 3464 παρά
3727 3392 3804 3462 τῷ
3839 3392 3971 3462 Θεῷ
3993 3411 4007 3423 ·

2420 3488 2624 3556 λογικοὶ
2654 3487 2760 3559 γὰρ
2803 3487 2896 3540 καὶ
2937 3485 3261 3556 θεωρητικοὶ
3302 3485 3642 3554 γεγένηνται.
3688 3485 3751 3537 El
3795 3484 3854 3536 δέ
3913 3502 4012 3547 τις

2420 3581 2638 3632 ἀπιστεῖ
2679 3578 2855 3648 μέλειν
2900 3575 3101 3628 τούτων
3145 3575 3221 3646 τῷ
3260 3575 3410 3645 Θεῷ,
3450 3575 3482 3644 ἢ
3529 3574 3600 3645 μὴ
3642 3569 3781 3626 εἶναι
3832 3575 4008 3626 αὑτὸν

2419 3671 2506 3724 διὰ
2531 3672 2720 3741 τέχνης
2765 3669 2875 3739 (57)
2909 3669 3236 3740 ὁμολογήσει
3262 3685 3273 3696 ·
3313 3668 3346 3738 ἦ
3399 3668 3526 3720 ὄντα
3569 3666 3780 3738 χαίρειν
3821 3667 4008 3735 κακίᾳ⁵

2421 3766 2606 3834 φήσει,
2639 3764 2670 3832 ἢ
2703 3759 2838 3832 λίθῳ
2865 3762 3074 3815 ἐοικότα
3105 3761 3303 3830 μένειν,
3349 3761 3439 3813 καὶ
3481 3757 3647 3830 μηθὲν
3688 3753 3825 3809 εἶναι
3866 3757 4006 3827 ἀρε-

2420 3858 2514 3928 τὴν
2544 3857 2674 3927 μηδὲ
2715 3856 2928 3918 κακίαν,
2961 3856 3087 3928 δόξῃ
3133 3855 3186 3908 δὲ
3229 3854 3384 3926 μόνον
3425 3855 3548 3916 τοὺς
3583 3851 3903 3924 ἀνθρώπους
3963 3852 4008 3925 ἢ,

2420 3949 2654 4020 ἀγαθάἣ
2692 3948 2834 4002 κακὰ
2863 3944 3032 4001 ταῦτα
3075 3945 3354 4018 ήγεῖσθαι’
3401 3947 3544 4016 ἥπερ
3586 3944 3815 4016 μεγίστη
3860 3944 4001 3997 ἀσέ-

2422 4042 2540 4113 βεια
2573 4043 2664 4095 καὶ
2692 4042 2874 4096 ἀδικία
2901 4041 3036 4095 ἐστί.

2419 4311 2721 4380 ignoratis:
2755 4324 2852 4363 nos
2883 4324 3010 4367 vero
3047 4309 3208 4363 etiam
3253 4311 3306 4361 in
3343 4306 3585 4380 tenebris
3629 4305 3838 4380 scelera
3890 4323 3990 4380 no—

2420 4375 2532 4433 stra
2561 4393 2948 4449 recognoscere
2971 4393 3278 4446 possumus.
3323 4398 3342 4430 ι
3375 4375 3510 4432 Vide
3537 4376 3690 4443 Apol.
3719 4375 3773 4442 2,
3804 4392 3859 4432 ιι.
3896 4378 3992 4444 ll.

2418 4450 2551 4503 Item
2578 4450 2844 4516 Athenag.
2881 4450 3034 4513 Apol.
3062 4466 3116 4501 ιι.
3151 4449 3239 4502 54.

2493 4519 2604 4586 (56)
2638 4520 2832 4583 Φωτὸς
2861 4521 3044 4575 θείου.
3071 4518 3273 4571 Lumen
3300 4517 3425 4570 illud
3454 4517 3542 4570 Dei
3573 4533 3694 4586 non
3714 4518 3991 4585 rationem

755 4587 994 4642 tenebris
1017 4575 1130 4656 lieri
1155 4575 1543 4656 dictitatis.Sic
1570 4575 1912 4656 interpretari
1939 4585 2123 4656 malui,
2144 4597 2305 4654 quam
2342 4575 2386 4632 D
2415 4575 2691 4651 ιιοὸἸόρυ,
2719 4575 2823 4642 εριί
2867 4591 3038 4644 lucem
3090 4589 3262 4646 oculis
3321 4589 3568 4655 corporis
3621 4583 3972 4656 aﬂulgentem

754 4674 878 4711 cum
909 4656 1028 4711 aliis
1057 4655 1443 4722 interpretibus
1476 4657 1590 4709 haec
1625 4654 1690 4707 ad
1743 4655 1890 4721 ipsos
1939 4654 2188 4707 ethnicos
2223 4666 2308 4706 re—

753 4727 919 4791 ferre,
951 4725 1098 4792 quasi
1128 4725 1362 4777 divinum
1388 4723 1561 4778 lumen
1583 4726 1689 4778 sive
1717 4725 1850 4776 ratio
1881 4726 2084 4776 inversa
2119 4723 2170 4775 in
2203 4723 2309 4774 illis

753 4807 907 4862 esset,
945 4797 1069 4850 dum
1103 4795 1210 4864 haec
1241 4805 1424 4864 agunt.
1452 4794 1674 4848 Videtur
1698 4793 1939 4848 Justinus
1965 4794 2307 4864 etlmicoruui

754 4882 938 4922 mores
964 4879 1087 4920 cum
1105 4862 1294 4918 aﬂictis
1316 4865 1516 4918 nomini
1538 4864 1850 4918 Christiano
1873 4863 2194 4916 criminibus
2226 4862 2308 4914 sic

755 4951 1095 5005 comparare,
1133 4943 1190 4986 ut
1224 4935 1435 4988 etiamsi
1481 4949 1542 4990 ea
1593 4933 1892 4988 Christiani
1936 4933 2304 4993 admitterent,

753 5007 987 5061 ethnicis
1014 5018 1189 5060 tamen
1216 5005 1391 5071 palam
1419 5016 1472 5058 et
1501 5016 1688 5071 aperte
1714 5005 2148 5072 perpetrantihus
2174 5017 2304 5056 con-

756 5083 1032 5131 cederent.
1096 5075 1436 5144 Iniquitatem
1499 5075 1838 5132 ethnicorum
1899 5073 2307 5144 eodemdmodo

759 5148 990 5215 castigat
1021 5141 1390 5200 Tertullianus
1420 5159 1436 5198 ι
1464 5146 1530 5196 ad
1574 5144 1890 5215 Nat.,rcap.
1924 5145 2006 5196 16.
2050 5164 2068 5193 ι
2107 5141 2305 5215 Verum

749 5212 1127 5286 jamlaudate,
1183 5215 1378 5285 inquit,
1434 5215 1714 5269 consilium
1747 5214 1935 5286 incesti
1982 5212 2303 5276 verecundi,

757 5284 902 5356 Quod
957 5284 1501 5340 adulteram'noctcm
1534 5284 1824 5337 commenti
1871 5298 2078 5347 sumus,
2121 5297 2187 5336 ne
2215 5288 2307 5356 aut

757 5351 936 5412 lucem
965 5367 1061 5410 aut
1121 5370 1301 5408 veram
1347 5366 1559 5408 noctem
1605 5357 2120 5418 contaminaremus,
2162 5351 2305 5419 quod

757 5431 919 5482 etiam
938 5426 1232 5480 luminibus
1252 5427 1480 5479 terrenis
1503 5426 1828 5494 parcendum
1853 5423 2301 5494 existimavimus,

757 5501 903 5565 quod
932 5507 1414 5565 nostramquoque
1436 5492 1823 5565 conscientiam
1857 5492 2090 5546 ludimus
2111 5493 2305 5565 gquod-

757 5561 971 5637 cunque
999 5568 1142 5620 enim
1170 5561 1422 5627 facimus,
1449 5567 1491 5637 si
1528 5564 1771 5617 volumus
1803 5563 1927 5634 (leg.
1963 5565 2005 5616 si
2044 5561 2304 5637 velamus)

758 5636 1122 5705 suspicamur.
1155 5637 1420 5705 Caeterum
1447 5636 1655 5689 incesta
1690 5645 1867 5688 vestra
1898 5649 1994 5703 pro
2021 5650 2115 5687 sua
2145 5636 2305 5687 liber-

759 5703 872 5761 tate
899 5719 952 5761 et
977 5709 1096 5761 luce
1123 5703 1270 5759 omni
1311 5717 1366 5757 et
1394 5716 1550 5760 nocte
1581 5706 1726 5758 omni
1778 5715 1831 5760 et
1867 5715 1972 5757 tota
2009 5705 2132 5759 ραιιί
2170 5719 2304 5758 con-

758 5781 992 5833 scientia
1018 5777 1296 5840 fruuntur,
1333 5777 1584 5844 quodque
1623 5773 1833 5829 felicius
1867 5777 2149 5843 proveniat
2179 5789 2304 5829 cuut

760 5850 938 5922 palam
967 5847 1240 5905 misceatis
1268 5846 1470 5902 incesta
1491 5857 1608 5903 toto
1644 5847 1862 5903 conscio
1888 5845 2045 5912 ccelo,
2071 5847 2170 5902 soli
2204 5845 2303 5912 ipsi

2413 4660 2676 4725 designat.
2708 4659 2798 4712 Sic
2815 4657 3068 4712 Clemens
3087 4657 3308 4726 Pwdag.
3339 4657 3430 4710 lib.
3460 4673 3543 4723 ιιι,
3577 4671 3696 4723 cap.
3726 4672 3804 4720 ιι,
3830 4672 3986 4724 ιιι-ως

2413 4731 2549 4796 cipit
2575 4729 2768 4780 vetulis
2802 4738 2858 4779 nt
2885 4743 3054 4782 canos
3106 4743 3209 4781 non
3258 4727 3525 4784 inﬁciant.
3561 4728 3653 4780 sed
3707 4727 3760 4778 in
3799 4727 3972 4780 lucem

2412 4799 2509 4852 Dei
2540 4799 2782 4866 e/ferant,
2821 4799 2875 4850 id
2905 4799 3043 4865 quod
3071 4798 3300 4866 maxime
3331 4799 3681 4850 venerandum
3719 4804 3819 4858 est,
3846 4797 3986 4850 ἀνα-

2410 4865 2643 4922 δεικτέον
2671 4867 2761 4919 ὑπ’
2782 4868 2954 4935 αὐγὰς
2975 4867 3066 4920 τοῦ
3095 4865 3229 4921 Θεοῦ
3250 4866 3309 4920 τὸ
3339 4866 3574 4936 τίμημα.
3620 4866 3809 4928 Εεεάεἰ,
3848 4875 3988 4921 teste

2410 4938 2644 5007 Joscpbo
2673 4954 2734 5002 ιι,
2766 4936 2879 4990 Bel.
2910 4937 3044 4991 Jud.
3077 4953 3198 5007 cap.
3233 4938 3286 4998 7.
3347 4951 3468 4990 cum
3533 4945 3741 5007 natura}
3787 4936 3987 5007 darent

2409 5004 2652 5076 Operam,
2686 5007 2975 5071 diligenter
3003 5022 3127 5062 sese
3148 5004 3304 5062 veste
3324 5006 3686 5076 contegebant
3711 5004 3986 5076 negativae

2409 5074 2547 5132 Θεοῦ
2576 5080 2742 5131 lucem
2769 5078 3002 5129 divinant
3027 5079 3484 5132 contaminarent.
3505 5074 3987 5130 ObservatEusta-

2412 5150 2556 5203 thius
2603 5153 2656 5201 in
2691 5147 2854 5200 Iliad.
2897 5163 2950 5216 p.
3014 5145 3138 5202 852.
3184 5148 3335 5202 Diem
3388 5143 3724 5216 abiﬂomero
3763 5158 3980 5216 sacram

2410 5219 2616 5280 vocari,
2645 5233 2708 5271 ac
2760 5219 2930 5284 ipsam
2989 5228 3204 5273 noctem
3246 5217 3386 5286 apud
3436 5215 3728 5271 Hesiodum
3786 5215 3980 5268 eodem

2410 5289 2572 5344 modo
2600 5287 2886 5355 appellari.
2917 5287 3052 5341 Hinc
3083 5289 3248 5342 etiam
3286 5298 3488 5340 terram
3519 5299 3777 5355 sacrain,_
3791 5299 3975 5355 muros

2410 5305 2572 5344 111000
2600 5305 2886 5411 ἎΧΡςξΙΙᾶΙΊ.
2917 5305 3052 5372 tunc
3083 5305 3248 5367 etiam
3286 5305 3488 5340 terram
3519 5305 3758 5344 sacram,
3792 5305 3975 5363 [nurus

2408 5373 2596 5480 sagas
2661 5374 2727 5411 ιρι
2751 5357 2926 5412 solere
2953 5361 3358 5444 idemqscnp'tor
3379 5357 3715 5423 docet,.pag.
3750 5351 3877 5418 789,
3923 5369 3975 5406 in

2465 5431 2575 5482 ind.
3107 5442 3109 5444 ‘

2480 5499 2592 5569 (57)
2631 5501 2734 5555 Διὰ
2757 5501 2995 5568 τέχνης.
3034 5495 3342 5569 Legendum
3383 5503 3536 5563 putat
3577 5492 3771 5569 Billqu
3796 5492 3980 5569 59x;—

2408 5560 2505 5639 νῆξ
2533 5560 2618 5641 _Vel
2653 5560 2892 5641 ἀτεχνὶἶῖς
2925 5560 3018 5622 lib.
3052 5560 3349 5641 ιιξΟίιιενυ.
3383 5560 3555 5625 ὶαεν..
3586 5578 3710 5641 cap.
3740 5560 3794 5615 6.
3831 5562 3975 5641 Bed-

2408 5633 2482 5693 di't
2519 5633 2786 5695 Grabius'i
2826 5640 2947 5693 Non
2984 5638 3322 5704 conﬁtebitur
3372 5651 3436 5687 ea:
3466 5647 3578 5688 arte
3619 5633 3724 5704 sive
3768 5633 3979 5700 api/icio

2410 5709 2505 5762 Dei
2553 5728 2670 5764 eum
2706 5713 2977 5765 exsistere.
3031 5702 3099 5759 At
3128 5704 3217 5758 διὰ
3249 5702 3683 5775 τέχνηςηδιὶιιιιὶιι
3710 5717 3977 5767 asserere,

2408 5780 2552 5833 idem
2582 5793 2667 5836 est
2689 5797 2753 5835 ac
2780 5796 2886 5835 non
2922 5778 3098 5848 palam
3120 5788 3175 5848 et
3209 5774 3408 5848 aperte
3422 5774 3565 5848 illud
3596 5780 3858 5848 statuere,
3893 5777 3979 5828 sed

2408 5865 2530 5906 cum
2566 5851 2798 5908 artiﬁcio
2829 5843 3084 5921 quodam.
3120 5843 3253 5901 Nam
3290 5846 3380 5914 qui
3417 5845 3584 5900 Deum
3613 5843 3852 5897 humana
3880 5859 3978 5898 non
