4132 6418
1210 296 1557 400 APOLOGlA
1596 341 1615 397 ι
1652 332 1793 400 PRO
1830 334 2296 399 CHRISTIANIS.

3301 343 3407 400 590

141 458 285 514 οὑδὲ
310 457 480 530 λόγοι
522 452 609 515 ὧν
652 459 791 529 οὐχὶ
832 460 1151 515 ἀκούονται
1180 463 1241 515 al
1277 461 1466 532 φωναὶ
1498 462 1717 516 αὐτῶν.

1830 462 1895 516 In
1915 478 2119 517 omnem
2138 472 2335 515 terram
2355 460 2513 514 exivit
2549 474 2712 513 sonus
2736 474 2940 522 eorum,
2960 470 3007 513 et
3032 460 3085 514 in
3107 459 3240 529 ﬁnes
3266 476 3286 516 (
3300 461 3410 519 rbis

140 551 248 616 Eli;
285 548 493 605 πᾶσαν
526 550 641 619 τὴν
689 549 808 620 τῆν
850 550 1110 619 ἐξῆλθεν
1150 555 1183 605 ό
1220 555 1477 623 ςρθόττος
1502 552 1721 619 αὐτῶν,

140 640 241 693 καὶ
271 642 359 706 είς
388 642 461 695 τὰ
494 641 719 709 πέρατα
745 641 857 711 τῆς
886 642 1240 713 οἰκουμένης
1262 643 1336 697 τὰ
1353 645 1594 714 ῥήματα
1618 646 1728 699 αὺ-

137 732 280 787 τῶν.
323 735 421 787 Ἐν
459 733 540 799 τῷ
568 735 722 801 ἡλίῳ
748 737 914 789 ἔθετο
946 734 1014 788 τὸ
1043 734 1333 805 σκήνωμα
1358 735 1545 791 αὐτοῦ
1568 776 1583 799 ,
1629 736 1729 791 καὶ

138 824 327 891 αὐτὸς
344 864 360 889 ,
390 828 472 890 ὡς
498 827 755 895 νυμφίος
781 826 1250 894 ἐκπορευόμενος
1270 827 1338 879 ἐκ
1360 827 1597 881 παστοῦ
1623 830 1729 882 αὑ-

141 918 282 980 τοῦ,
323 916 755 986 ἀταλλιάσεται
786 918 867 983 ὡς
897 918 1069 987 τίτας
1096 918 1344 989 δραμεῖν
1380 919 1543 973 όδόν.
1584 920 1729 991 Πρὸς

143 1007 353 1071 τούτοις
384 1007 442 1060 δὲ
479 1008 573 1062 καὶ
610 1007 783 1077 λόγων
833 1008 1035 1081 ἑτέρων
1078 1008 1188 1063 τῶν
1235 1009 1727 1081 πῳφητευθὲντων

142 1099 208 1154 δι’
250 1098 419 1153 αὐτοῦ
462 1098 558 1153 τοῦ
591 1098 787 1164 Δαϐὶδ,
834 1099 1016 1163 καλῶς
1056 1098 1178 1171 ἔχον
1212 1101 1305 1155 κα)⁸
1346 1100 1561 1165 οἰκείως
1608 1104 1729 1154 km-

146 1192 456 1263 μνησθῆναι
478 1191 838 1263 λελογίσμεθα
858 1209 871 1222 ο
903 1191 964 1257 ἐξ
982 1185 1057 1247 ὧν
1088 1193 1281 1265 μαθεῖν
1314 1195 1443 1265 ὑμῖν
1470 1195 1725 1265 πάρεστι,

143 1283 261 1347 πῶς
282 1283 656 1356 προτρέπεται
686 1282 785 1355 ζῇν
814 1290 941 1349 τοις
967 1284 1287 1356 ἀνθρώπους
1305 1287 1366 1339 τὸ
1391 1286 1727 1358 προφητικὸν

151 1377 407 1448 Πνεῦμα·
445 1377 540 1430 καὶ
576 1377 693 1442 πῶς
722 1378 912 1450 μηνύει
942 1378 1051 1450 τὴν,
1070 1380 1441 1457 γεγενημένην
1487 1380 1727 1453 Ἡρώδου

144 1469 237 1524 τοῦ
283 1470 553 1540 βασιλέως
600 1471 888 1537 Ἰουδαίων,
938 1471 1032 1525 καὶ
1070 1471 1250 1525 αὐτῶν
1296 1472 1599 1538 Ἰουδαίων,
1634 1474 1728 1527 καὶ

145 1563 375 1617 Πιλάτου
395 1563 493 1618 τοῦ
528 1564 793 1635 ὑμετέρου
828 1564 956 1636 παρ’
989 1565 1173 1629 αὐτοῖς
1200 1563 1490 1636 γενομένου
1512 1567 1730 1638 ἐπιτρό-

145 1672 246 1708 που
267 1696 281 1718 ,
320 1656 426 1709 σὺν
456 1658 571 1719 τοῖς
604 1656 768 1710 αὑτοῦ
796 1654 1171 1728 ,στρατιώταις
1186 1654 1327 1710 κατὰ
1362 1656 1457 1711 τοῦ
1490 1657 1726 1729 Χριστοῦ

146 1748 459 1802 συνέλευσιν
501 1748 650 1820 (97)·
696 1749 791 1803 καὶ
830 1750 913 1803 ὅτι
951 1748 1304 1806 πιστεύεσθαι
1352 1749 1575 1821 ἔμελλεν
1619 1751 1728 1804 ὑπὸ

1831 563 1988 608 terra:
2034 553 2189 607 verba
2248 567 2452 606 eorum.
2509 549 2577 603 In
2632 550 2743 603 sole
2787 550 2960 617 posuit
3011 551 3410 609 tabernaculum

1829 660 2008 711 suum,
2039 654 2085 698 et
2116 645 2226 713 ipse
2252 652 2505 713 tanquam
2526 658 2749 711 sponsus
2778 646 3061 710 procedi-ns
3086 642 3150 694 de
3173 642 3411 697 thalamo

1828 753 1924 803 suo
1964 735 2251 793 exsultabit
2283 745 2339 788 ut
2385 736 2533 803 gigas
2580 734 2650 787 ad
2687 734 3007 786 currendum
3048 734 3185 787 viam
3211 732 3281 788 ⁸⁸.
3312 733 3411 789 His

1830 839 2015 884 autem
2050 828 2156 882 alia
2187 840 2404 898 quoque
2441 826 2684 895 ejusdem
2724 824 2948 879 Davidis
2978 826 3240 880 vaticinia
3271 826 3412 897 adji-

1829 937 1977 986 cere,
2011 921 2336 990 prteclarum
2370 934 2435 973 ac
2465 918 2624 986 hujus
2653 917 2752 972 loci
2786 919 3070 987 proprium
3100 932 3223 973 esse
3249 919 3412 973 duxi-

1830 1027 1974 1075 mus,
1997 1027 2067 1066 ex
2096 1011 2297 1080 quibus
2324 1009 2538 1063 discere
2578 1007 2828 1076 patestis,
2857 1010 3133 1077 quomodo
3154 1008 3412 1065 homines

1828 1104 2014 1158 vivere
2060 1101 2296 1171 Spiritus
2342 1100 2693 1171 propheticus
2722 1100 2989 1163 hortetur,
3023 1100 3297 1167 quomodo
3329 1101 3413 1154 fa-
3488 1116 3491 1117 '

1829 1200 1971 1247 ctam
1997 1193 2064 1247 ab
2084 1192 2298 1246 Herode
2317 1189 2629 1244 Judazorum
2651 1203 2780 1259 rege
2801 1189 3043 1259 ipsisque
3067 1186 3409 1243 Judaziscum

1827 1286 2020 1350 Pilato,
2052 1295 2233 1339 vestro
2266 1284 2411 1354 apud
2454 1297 2551 1337 eos
2589 1291 2966 1350 procuratore,
3007 1280 3232 1350 ejusque
3263 1282 3411 1335 mili¢

1831 1376 1976 1430 tibus
2022 1376 2286 1438 adversus
2337 1372 2617 1427 Christum
2663 1371 2957 1426 coitionem
2996 1382 3222 1437 narret;
3269 1386 3411 1440 quo-

1828 1467 1989 1522 modo
2037 1464 2343 1520 credituros
2393 1465 2448 1519 in
2499 1463 2651 1517 illum
2695 1464 2789 1533 qui
2829 1478 2895 1517 ex
2922 1462 3072 1517 omni
3129 1461 3416 1517 hominum

1828 1571 2028 1630 genere
2072 1556 2257 1610 vocati
2301 1565 2452 1623 sunt,
2502 1569 2737 1624 eumque
2770 1569 2799 1609 a
2841 1552 2953 1607 Deo
2989 1553 3185 1607 Filium
3227 1553 3416 1607 vocari

1829 1651 1996 1713 dicat,
2022 1664 2086 1703 ac
2112 1647 2329 1702 Patrem
2354 1645 2602 1716 polliceri
2630 1644 3006 1713 subjecturum
3030 1658 3089 1699 se
3117 1642 3193 1698 illi
3222 1657 3416 1699 omnes

1831 1740 2084 1796 inimicos
2108 1758 2124 1808 ;
2148 1751 2266 1794 tum
2296 1739 2465 1794 etiam
2496 1738 2773 1809 quomodo
2812 1737 3110 1804 daemones,
3148 1747 3415 1808 quantum

148 1840 249 1893 τῶν
276 1844 343 1895 ὲκ
372 1840 578 1905 παντὸς
606 1841 798 1911 γένους
819 1840 1118 1913 ἀνθρώπων
1137 1859 1151 1871 ·
1185 1844 1279 1896 καί
1308 1843 1390 1896 ὅτι
1419 1844 1581 1897 αὑτὸν
1602 1844 1727 1897 Υἱὺν

1832 1834 1886 1889 in
1920 1834 2053 1902 ipsis
2078 1842 2184 1899 est,
2224 1834 2467 1903 parentis
2518 1832 2901 1885 universorum
2932 1826 2992 1884 Et
3028 1829 3244 1885 Domini
3291 1828 3414 1897 Dei,

145 1932 299 1985 καλεί
327 1934 357 1985 ὁ
390 1932 558 1997 Θεὸς,
592 1933 687 1986 καὶ
720 1932 1047 1987 ὑποτάσσειν
1082 1933 1231 2005 αὐτῷ
1264 1933 1470 1998 πάντας
1501 1933 1729 2006 ἐχθροὺς

144 2025 510 2095 ἐπήγγελται·
543 2026 634 2079 καὶ
678 2024 793 2089 πῶς
823 2026 871 2079 οἱ
913 2026 1167 2095 δαίμονες
1186 2026 1295 2097 (98)
1318 2065 1332 2090 ,
1360 2026 1481 2080 ὅσον
1512 2028 1599 2079 ἐπ’
1635 2028 1732 2080 αὐ-

144 2117 284 2179 τοῖς,
318 2116 424 2187 τήν
451 2132 514 2170 τε
542 2114 637 2169 τοῦ
660 2116 866 2188 πατρὸς
892 2116 1109 2171 πάντων
1154 2119 1249 2170 καὶ
1275 2117 1535 2171 δεσπότου
1570 2117 1727 2183 Θεοῦ,

146 2209 239 2262 καὶ
260 2208 361 2280 τὴν
390 2209 554 2262 αὑτοῦ
584 2208 678 2263 τοῦ
710 2209 948 2282 Χριστοῦ
978 2210 1227 2277 ἐξουσίαν
1260 2213 1452 2279 φυγεῖν
1483 2211 1726 2283 πειρῶν-

146 2316 272 2354 ταιο
323 2304 420 2355 καὶ
466 2301 543 2365 ὡς
576 2304 655 2365 εἰς
699 2303 988 2373 μετάνοιαν
1036 2302 1192 2356 uuis?
1229 2303 1437 2367 πάντας
1488 2305 1517 2355 ὁ
1557 2304 1726 2369 Θεὸς,

148 2393 277 2463 πρὶν
304 2391 497 2445 ’ἐλθεῖν
528 2392 627 2465 τὴν
660 2394 870 2465 ἡμέραν
915 2395 1015 2465 τῆς
1057 2396 1310 2467 κρίσεως.
1366 2396 1629 2469 Εἷρηνται
1673 2398 1730 2451 δὲ

147 2484 317 2549 οὓτως
340 2501 355 2514 ο
387 2484 687 2553 Μακάριος
710 2486 864 2556 ἀνὴρ
892 2486 960 2552 ὃς
980 2489 1091 2541 οὐκ
1115 2489 1406 2557 ἐπορεύθη
1435 2490 1504 2543 ἐν
1525 2488 1732 2558 ⁴Βουλῆ

147 2575 405 2639 ἀσεϐῶν,
457 2576 557 2629 καὶ
597 2576 668 2629 ὲν
710 2576 829 2643 όδῷ
868 2579 1231 2648 ἁμαρτωλῶν
1258 2584 1369 2636 οὐκ
1404 2584 1552 2651 ἔστη
1574 2624 1589 2647 ,
1634 2583 1731 2637 καὶ

143 2663 242 2717 ἐπὶ
269 2664 565 2734 καθέδραν
589 2652 812 2736 λοιμῶν
837 2665 948 2722 οὐκ
963 2669 1242 2724 ἐκάθισεν
1259 2689 1271 2700 ·
1309 2673 1448 2727 ἀλλ’
1489 2672 1529 2741 ἢ
1554 2674 1628 2726 ἐν
1651 2672 1732 2738 τῷ

143 2759 306 2828 νόμῳ
334 2758 557 2826 Κυρίου
590 2760 655 2811 τὸ
688 2758 917 2829 θέλημα
948 2762 1164 2825 αὐτοῦ,
1211 2763 1310 2817 καὶ
1343 2764 1414 2819 ὲν
1454 2765 1535 2831 τῷ
1570 2768 1732 2835 νόμῳ

144 2850 334 2904 αὑτοῦ
365 2849 681 2919 μελετήσει
726 2852 955 2922 ἡμέρας
997 2854 1095 2908 καὶ
1135 2858 1373 2923 νυκτός.
1420 2857 1530 2911 Καὶ
1560 2859 1731 2912 ἔσται

142 2942 226 3007 ὡς
258 2941 324 2994 τὸ
358 2940 549 3006 ξύλον
588 2942 652 2996 τὸ
692 2946 1144 3016 πεφυτευμένον
1186 2947 1345 3015 παρὰ
1391 2949 1498 3013 τὰς
1537 2948 1730 3013 διεξό-

143 3031 292 3101 δους
319 3032 440 3087 τῶν
466 3033 719 3101 ὑδάτων,
751 3035 782 3089 ὃ
810 3036 918 3090 τὸν
954 3040 1185 3106 καρπὸν
1229 3038 1415 3094 αὐτοῦ
1454 3038 1633 3094 δώσει
1661 3041 1733 3094 ἐν

144 3126 329 3193 καιρῷ
358 3126 579 3234 αὐτοῦζ
609 3128 706 3181 καὶ
727 3128 794 3234 τὸ
814 3130 1054 3198 φύλλον
1080 3130 1266 3185 αὐτοῦ
1295 3132 1405 3185 οὐκ
1432 3130 1730 3201 ἀπορῤυήο
1759 3176 1800 3234 C

143 3233 314 3271 σεται
337 3257 352 3281 ,
378 3218 477 3272 καὶ
497 3216 693 3273 πάντα
720 3218 837 3274 ὅσα
865 3220 943 3283 ἂν
978 3220 1120 3290 ποιῇ
1158 3221 1725 3290 κατευοδωθήσεται.

148 3312 274 3377 οὐκ
302 3310 491 3376 οὕτως
516 3313 570 3364 οί
599 3310 839 3377 ἀσεϐεῖς
862 3351 876 3376 ,
910 3313 1023 3381 οὐχ
1055 3313 1243 3379 οὕτως
1268 3353 1282 3379 ,
1314 3314 1453 3369 ἀλλ’
1501 3314 1541 3383 ἢ
1586 3314 1730 3369 ὡσεὶ

144 3401 336 3469 χνοῦς
357 3441 373 3464 ,
404 3400 478 3455 ὃν
512 3402 775 3471 ἐκρίπτει
804 3406 837 3457 ό
862 3402 1083 3473 ἄνεμος
1111 3405 1227 3459 ἀπὸ
1264 3405 1588 3474 προσώπου
1620 3406 1731 3475 τῆς

144 3492 279 3561 γῆς.
314 3494 419 3547 Διὰ
442 3493 616 3548 τοῦτο
643 3496 753 3548 οὐκ
773 3494 1223 3563 ἀναστήσονται
1247 3497 1482 3562 ἀσεϐεῖς
1508 3497 1577 3550 ἐν
1605 3499 1731 3566 κρί-

144 3602 242 3638 σει
263 3624 277 3648 ,
307 3583 453 3639 οὐδὲ
483 3584 815 3654 ἀμαρτωλώ
840 3586 910 3640 ὲν
934 3586 1141 3656 βουλῇ
1181 3587 1446 3641 δικαίων.
1487 3590 1613 3641 ὀτι
1642 3608 1731 3659 τι·-

144 3676 367 3731 νώσκει
413 3678 627 3746 Κύριος
671 3677 813 3731 όδὸν
852 3678 1128 3744 δικαίων,
1175 3682 1272 3734 καί
1314 3680 1453 3747 ὁδὸς
1496 3681 1731 3735 ἀσεϐῶν

148 3771 475 3827 ἀπολεῖται.
509 3772 632 3824 Ἵνα
661 3770 717 3823 τί
742 3770 1052 3839 ἐφρύαξαν
1070 3773 1237 3841 ἔθνη,
1256 3771 1353 3826 καὶ
1367 3773 1503 3826 λαοὶ
1523 3773 1725 3841 ἐμελέ-

149 3879 343 3933 τησαν
359 3862 534 3917 καινά
549 3864 680 3936 (99);
698 3865 1093 3935 Παρέστησαν
1108 3869 1161 3920 cl
1170 3865 1453 3932 ,βασιλεῖς
1468 3865 1578 3935 τῆς
1592 3865 1726 3937 γῆς,

151 3958 247 4012 καί
275 3962 331 4013 οί
349 3958 638 4027 ἄρχοντες
660 3958 1063 4027 συνήχθησαν
1086 3960 1185 4013 ἐπὶ
1202 3961 1265 4013 τὸ
1282 3960 1425 4013 αὐτὸ
1453 3959 1602 4013 κατὰ
1622 3958 1727 4013 τοῦ

152 4052 403 4120 Κυρίου,
438 4051 536 4105 καὶ
572 4051 721 4105 κατὰ
748 4051 854 4105 τοῦ
885 4052 1141 4120 Χριστοῦ
1173 4053 1384 4116 αὑτοῦ,
1410 4052 1722 4122 λέγοντες·

154 4143 562 4213 Διαρῤήξωμεν
581 4144 721 4210 τοὺς
742 4142 1003 4214 δεσμοὺς
1027 4144 1245 4207 αὐτῶν,
1270 4145 1365 4198 καὶ
1389 4146 1729 4213 ἀπορρίψω-

148 4253 260 4306 μεν
290 4238 394 4305 ἀφ’
436 4235 605 4305 ἡμῶν
639 4236 744 4289 τὸν
781 4234 954 4307 ζυγὸν
992 4236 1205 4290 αὐτῶν.
1250 4238 1301 4289 Ὀ
1333 4236 1620 4291 κατοικῶν
1660 4238 1729 4290 ἐν

153 4329 429 4399 οὐρανοῖς
451 4329 837 4399 ἐκγελάσεται
868 4330 1108 4396 αὐτοὺς,
1135 4329 1232 4383 καὶ
1258 4333 1290 4383 ό
1311 4330 1524 4397 Κύριος
1548 4330 1728 4400 ἐκμυ-

154 4421 379 4491 utnpr
391 4423 631 4488 αὐτούς.
644 4422 776 4476 Τότε
801 4419 1059 4487 λαλήσει
1083 4420 1231 4488 πρὸς
1254 4420 1471 4485 αὐτοὺς
1490 4421 1560 4473 ἐν
1579 4421 1727 4491 ὀργῇ

1835 1927 2115 1997 ipsiusque
2166 1924 2371 1980 Christi
2431 1932 2764 1995 potestatem
2823 1921 3065 1987 ctl‘ugere
3114 1933 3412 1987 conentur;

1833 2018 2105 2089 quomodo
2131 2016 2366 2087 denique
2397 2031 2588 2071 omnes
2623 2016 2762 2071 Deus
2800 2017 2873 2087 ad_
2901 2015 3280 2085 ptenitentiam
3315 2030 3416 2070 νου

1834 2104 1954 2176 εει,
1986 2120 2279 2179 antequam
2324 2110 2442 2165 dies
2478 2107 2672 2177 iudicii
2719 2110 2995 2165 adveniat.
3044 2108 3187 2164 Sunt
3231 2118 3414 2163 autem

1833 2205 1919 2260 his
1941 2205 2087 2260 elata
2114 2204 2326 2259 verbis:
2353 2202 2553 2258 Beatus
2582 2206 2663 2257 vir
2685 2206 2774 2275 qui
2809 2219 2914 2258 non
2952 2205 3077 2257 abiit
3104 2205 3157 2259 in
3186 2203 3414 2257 consilio

1832 2296 2135 2364 impiorum,
2154 2304 2200 2348 et
2238 2294 2296 2347 in
2318 2294 2407 2348 via
2437 2304 2774 2364 peccatorum
2805 2311 2906 2348 non
2940 2296 3083 2348 stetit
3112 2309 3132 2349 :
3163 2304 3212 2348 et
3244 2294 3298 2348 in
3320 2310 3414 2347 ca-

1834 2384 2019 2438 thedra
2065 2384 2378 2452 pestilentite
2423 2399 2530 2437 non
2565 2385 2737 2439 sedit.
2783 2382 2888 2440 Sed
2938 2387 2990 2438 in
3036 2386 3147 2455 lege
3197 2384 3415 2439 Domini

1833 2476 2075 2529 voluntas
2122 2476 2278 2544 ejus:
2309 2486 2357 2529 et
2396 2476 2451 2529 in
2496 2476 2606 2545 lege
2648 2478 2765 2547 ejus
2810 2478 3152 2531 meditabitur
3193 2480 3317 2541 die,
3353 2494 3416 2531 ac

1834 2578 2007 2622 nocte.
2043 2568 2109 2621 Et
2137 2571 2236 2622 erit
2269 2578 2523 2636 tanquam
2569 2568 2770 2638 lignum
2794 2610 2806 2631 ,
2839 2569 2978 2639 quod
3006 2568 3303 2637 plantatum
3338 2578 3418 2622 est

1833 2676 1985 2713 secus
2012 2660 2266 2714 decursus
2298 2677 2560 2729 aquarum
2589 2677 2604 2724 ',
2634 2663 2775 2730 quod
2806 2660 3039 2729 fructum
3071 2677 3224 2715 suum
3269 2662 3418 2715 dabit

1834 2750 1887 2803 in
1912 2761 2146 2819 tempore
2167 2751 2383 2831 suo.‘Et
2415 2753 2605 2821 folium
2631 2752 2745 2820 ejus
2777 2769 2880 2807 non
2902 2754 3096 2821 deﬂuet
3119 2771 3138 2817 ;
3168 2764 3215 2806 et
3240 2754 3419 2807 omnia

1832 2856 2153 2911 quascunque
2198 2842 2395 2910 faciet,
2446 2844 2924 2912 prosperabuntur.
2968 2844 3095 2899 Non
3138 2848 3213 2899 sic
3246 2846 3417 2914 impii,

1834 2948 1938 2984 non
1978 2933 2091 2997 sic;
2123 2932 2213 2986 sed
2244 2943 2495 3003 tanquam
2528 2934 2721 3001 pulvis,
2746 2952 2898 3005 quem
2929 2938 3144 3006 projicit
3168 2949 3354 2991 ventus
3381 2954 3414 2991 a

1835 3024 1970 3092 facie
2014 3035 2187 3079 terrte.
2238 3025 2367 3079 Ideo
2406 3041 2512 3079 non
2553 3036 2824 3095 rcsurgent
2879 3030 3029 3097 impii
3081 3033 3133 3083 in
3174 3031 3418 3100 judicio,

1836 3130 2002 3183 neque
2018 3127 2317 3182 peccatores
2340 3118 2394 3169 in
2422 3117 2643 3171 consilio
2664 3118 2961 3186 justorum.
2982 3119 3255 3185 Quoniam
3278 3124 3418 3177 norit

1835 3206 2096 3261 Dominus
2137 3210 2270 3261 viam
2298 3207 2605 3277 justorum;
2645 3220 2692 3263 et
2728 3211 2831 3263 iter
2874 3211 3165 3277 impiorum
3202 3216 3416 3281 peribit.

1831 3298 1944 3370 68
1994 3299 2173 3363 Quare
2221 3298 2549 3367 fremuerunt
2597 3310 2810 3368 gentes,
2854 3312 2902 3354 et
2950 3302 3131 3371 pepuli
3177 3304 3420 3358 meditati

1834 3398 1956 3443 sunt
2002 3390 2225 3443 inania?
2275 3388 2572 3444 Astiterunt
2627 3408 2771 3461 reges
2820 3404 2975 3446 terra:
3008 3409 3027 3445 :
3057 3402 3108 3448 et
3155 3394 3418 3462 principes

1833 3493 2189 3537 conuenerunt
2228 3482 2285 3538 in
2321 3500 2483 3536 unum
2524 3485 2780 3538 adversus
2809 3484 3115 3549 Dominum,
3142 3496 3192 3540 et
3228 3490 3419 3542 adver-

1832 3593 1921 3629 sus
1971 3574 2242 3631 Christum
2274 3577 2420 3644 ejus,
2470 3577 2748 3631 dicentes:
2782 3578 3161 3647 Dirumpamus
3206 3580 3417 3635 vincula

1831 3686 2012 3722 eorum
2043 3683 2061 3721 :
2092 3670 2517 3739 etprojiciamus
2548 3687 2578 3721 a
2611 3672 2756 3723 nobis
2787 3670 2980 3740 jugum
3022 3672 3278 3739 ipsorum.
3311 3674 3417 3739 Qui

1832 3760 2037 3813 habitat
2068 3760 2125 3811 in
2159 3760 2325 3824 caelis,
2366 3760 2609 3812 irridebit
2648 3776 2735 3813 eos
2760 3772 2779 3811 .·
2813 3772 2858 3813 et
2895 3760 3154 3816 Dominus
3186 3764 3415 3817 subsan-

1834 3855 1980 3907 nabit
2014 3869 2122 3906 eos.
2157 3852 2303 3906 Tunc
2345 3852 2589 3920 loquetur
2619 3853 2688 3905 ad
2729 3870 2815 3906 cos
2852 3855 2905 3905 in
2951 3855 3035 3907 ira
3081 3872 3211 3919 sua,
3262 3866 3311 3909 et
3358 3858 3413 3909 in

1834 3946 2015 4015 furore
2057 3961 2153 4000 suo
2196 3946 2523 4000 conturbabit
2571 3961 2677 4000 eos.
2723 3945 2839 4016 Ego
2873 3956 3050 4001 autem
3093 3936 3413 4004 constitutus

1832 4054 1948 4091 sum
1986 4054 2077 4091 rex
2106 4038 2168 4090 ab
2207 4054 2297 4101 eo,
2328 4054 2486 4101 super
2526 4034 2657 4090 Sion
2708 4050 2939 4091 montem
2992 4049 3232 4092 sanctum
3273 4040 3408 4109 ejus,

1832 4132 2127 4202 prwdicans
2151 4142 2469 4199 prteceptum
2500 4129 2729 4183 Domini.
2759 4130 3015 4184 Dominus
3038 4133 3171 4185 dixit
3197 4134 3265 4185 ad
3298 4147 3410 4187 me:

1833 4221 2011 4275 Filius
2052 4238 2195 4275 meus
2234 4236 2287 4272 es
2321 4230 2377 4272 tu
2402 4238 2420 4274 :
2455 4236 2547 4289 ego
2593 4219 2746 4273 hodie
2787 4223 2946 4290 genui
2994 4231 3063 4276 te.
3108 4219 3330 4276 Postula
3378 4241 3411 4277 a

1832 4334 1936 4379 me,
1968 4328 2014 4370 et
2042 4320 2178 4369 dabo
2200 4315 2295 4367 tibi
2328 4311 2505 4381 gentes
2532 4313 2895 4367 [nereditatem
2926 4323 3092 4378 luant,
3124 4324 3173 4367 et
3199 4332 3412 4382 possem

1832 4410 2034 4463 sionem
2073 4418 2219 4461 tuam
2247 4408 2496 4462 terminos
2525 4416 2708 4460 ,terrte.
2743 4405 2904 4475 Reges
2930 4423 3019 4460 eos
3050 4410 3104 4460 in
3128 4408 3274 4476 virga
3303 4409 3413 4476 [ρι’-

152 4513 356 4579 αῠτοῦ,
377 4512 474 4567 καὶ
488 4513 559 4567 ὲν
572 4513 650 4579 τῷ
672 4511 833 4583 θυμῷ
848 4512 1032 4567 αὑτοῦ
1052 4511 1288 4580 ταράξει
1309 4514 1545 4579 αὐτούς.
1583 4513 1727 4583 Ἐγὼ

1834 4517 1922 4555 rea
1958 4516 1976 4551 :
2006 4509 2258 4569 tanquam
2309 4516 2433 4555 uasa
2474 4498 2624 4569 ﬁguli
2666 4498 2964 4567 confringes
2998 4516 3105 4553 eos.
3139 4498 3206 4552 Et
3244 4516 3405 4566 nunc,

153 4605 218 4659 δὲ
240 4605 616 4671 κατεστάθην
637 4604 937 4669 βασιλεὺς
960 4604 1061 4659 ὑπ’
1077 4604 1283 4669 αὐτοῦ,
1301 4604 1397 4657 ἐπὶ
1417 4604 1569 4658 Σιὼν
1585 4605 1722 4674 ὄρος

154 4698 215 4751 τὸ
234 4698 405 4767 ἄτιον
418 4696 624 4760 αὐτοῦ,
640 4695 1008 4765 διαγγέλλων
1027 4694 1093 4749 τὸ
1107 4696 1454 4765 πρόσταγμα
1476 4698 1719 4765 Κυρίου.

156 4790 367 4855 Κύριος
386 4789 516 4842 εἷπε
530 4790 676 4857 πρός
685 4804 780 4858 με’
808 4777 948 4853 Υἱός
964 4805 1083 4858 μου
1107 4788 1165 4842 εἴ
1192 4790 1292 4843 σύ’
1324 4788 1439 4859 ἐγὼ
1457 4789 1723 4859 σήμερον

156 4879 481 4949 γεγέννηκά
511 4896 603 4934 σε.
637 4880 887 4948 Αἴτησαι
914 4882 1052 4948 παρ’
1081 4880 1247 4950 ἐμοῦ,
1292 4880 1390 4933 καὶ
1420 4878 1590 4934 δώσω
1623 4896 1721 4934 σοι

155 4970 294 5038 ἔθνη
324 4968 440 5038 τὴν
473 4969 875 5039 κληρονομίαν
906 4985 1044 5033 σου,
1079 4968 1177 5021 καὶ
1207 4967 1321 5049 τὴν
1345 4966 1721 5035 κατάσχεσιν

156 5078 268 5116 σου
310 5062 384 5117 τὰ
423 5062 645 5130 πέρατα
690 5061 799 5130 τῆς
834 5059 965 5132 τῆς.
1015 5058 1329 5129 Ποιμανεῖς
1384 5058 1602 5125 αὐτοὺς
1654 5058 1722 5111 ὲν

1832 4609 1998 4663 reges,
2020 4592 2300 4662 intelligite
2331 4604 2349 4642 :
2374 4590 2682 4655 erudimini,
2709 4605 2887 4643 omnes
2912 4592 2997 4659 qui
3015 4590 3275 4659 judicati:
3304 4604 3407 4644 ter-

1833 4702 1967 4738 ram.
1998 4682 2199 4739 Serrite
2228 4682 2459 4736 Domino
2491 4682 2543 4734 in
2579 4684 2805 4736 timore:
2834 4695 2881 4735 et
2922 4683 3186 4737 exsultate
3211 4686 3262 4737 ei
3286 4700 3405 4737 cum

1830 4792 2080 4833 tremore.
2120 4777 2513 4847 Appreltendite
2560 4777 2921 4845 disciplinam,
2977 4778 3253 4847 nequando
3294 4779 3407 4830 ira-

1829 4883 2011 4925 scatur
2042 4871 2320 4933 Dominus,
2341 4880 2389 4923 ει
2422 4872 2647 4939 pereatis
2680 4870 2743 4921 de
2774 4876 2860 4923 ea
2880 4872 3051 4935 justa.
3084 4871 3216 4923 Cum
3248 4887 3405 4924 exar-

1826 4966 1951 5018 serit
1995 4964 2051 5015 in
2098 4963 2234 5016 brevi
2283 4962 2364 5014 ira
2407 4962 2523 5031 ejus
2549 4977 2567 5014 :
2602 4962 2737 5013 beati
2779 4977 2955 5014 omnes
2992 4963 3083 5030 qui
3129 4948 3403 5029 conﬁdunt

1828 5059 1884 5110 in
1922 5074 1979 5110 eo
2004 5057 2071 5109 9°.

150 5152 347 5221 ῥάϐδῳ
376 5152 628 5222 σιδηρᾷ·
666 5154 747 5220 ὡς
778 5153 985 5221 σκεύη
1030 5150 1325 5222 κεραμέως
1365 5151 1721 5219 συντρίψεις
1768 5149 2005 5214 αὐτούς.
2052 5148 2163 5203 Καὶ
2206 5148 2341 5213 νῦν,
2391 5145 2696 5213 βασιλεῖς,
2730 5146 2980 5209 σύνετε,
3022 5144 3397 5213 παιδεύθητε,

243 5290 291 5325 ⁸⁸
327 5289 474 5346 Psal.
504 5305 654 5357 mu,
681 5290 736 5344 Ξ.
821 5290 868 5322 ’⁸
906 5288 1050 5346 PSal.
1083 5304 1099 5342 ι
1133 5298 1187 5344 et
1214 5305 1274 5353 ll,
1305 5303 1403 5358 per
1438 5296 1638 5342 totum.

224 5407 340 5475 (97)
377 5405 769 5477 ξυνέλευσιν.
794 5405 893 5461 Hic
916 5419 1131 5477 quoque
1158 5401 1527 5477 apostolorum
1555 5401 1721 5477 vesti-

195 5470 260 5535 iis
301 5478 356 5531 in
409 5475 685 5545 Scriptura
738 5470 1143 5545 interpretanda
1196 5470 1402 5528 insistit.
1447 5470 1713 5526 Justinus.

157 5494 260 5602 vis
301 5494 356 5531 in
409 5494 685 5545 acrtptura
738 5494 1143 5545 Interpretanua
1196 5494 1342 5528 lnSlsl

203 5550 289 5603 ide
315 5549 439 5602 Act.
476 5563 551 5611 tv,
574 5547 662 5601 27.
691 5546 925 5602 Gustus
953 5556 1007 5601 et
1031 5546 1342 5600 Τιιιιιιειυε.

222 5619 335 5690 (98)
354 5618 465 5673 Kal
487 5616 613 5683 πῶς
639 5619 697 5690 οι
718 5617 1014 5686 δαίμονες.
1044 5616 1322 5690 Daemones
1346 5626 1479 5682 ergo
1509 5611 1714 5690 existi-

155 5683 338 5744 ma'ba't
362 5690 415 5742 in
455 5689 557 5743 hoc
585 5683 829 5756 psalmo;
854 5702 1013 5756 quem
1057 5700 1180 5741 mox
1228 5686 1458 5756 releret,
1490 5683 1673 5756 dicere
1696 5721 1711 5742 .

153 5753 967 5833 dirumpamuseinculaeorum.
1005 5757 1182 5825 Quare
1209 5755 1417 5833 videtur
1439 5753 1712 5833 principes

154 5831 293 5895 illos,
324 5824 419 5902 oui
459 5829 617 5887 initio
645 5828 835 5901 psalmi
879 5824 1273 5892 metuerantur,
1309 5824 1583 5881 daemones
1624 5825 1709 5879 in-

1824 5403 2115 5458 tellexisse.

1896 5475 2009 5544 (99)
2034 5473 2241 5528 Καινά.
2275 5470 2625 5544 Manifestum
2654 5469 2999 5544 librariorum
3022 5474 3390 5544 erratumpro

1822 5537 2047 5600 κεκὲἀέ-
2066 5543 2273 5599 Καινά.
2290 5544 2492 5599 Omnes
2514 5542 2749 5597 editores
2768 5541 2869 5611 legi
2892 5540 3073 5594 volunt
3090 5537 3239 5611 κενά.
3254 5538 3393 5611 Cum

1820 5631 1949 5671 vero
1985 5617 2147 5670 etiam
2178 5627 2303 5669 octo
2336 5614 2603 5669 versionis
2633 5608 3017 5665 Alexandrina:
3040 5612 3148 5681 (ed.
3186 5608 3392 5674 Ηοιηι.)

1820 5687 1979 5741 codd.
2017 5703 2146 5741 mss.
2176 5700 2419 5740 nostram
2468 5684 2764 5739 exhibeant
2807 5681 3119 5747 lectionem,
3167 5692 3392 5747 prorsus

1818 5771 1925 5813 non
1958 5768 2042 5817 est
2072 5759 2352 5814 mutanda.
2382 5756 2558 5813 O'r'ro.
