4132 6428
183 456 286 511 397

1321 453 1660 512 APOLOGIA
1698 455 1717 508 l
1754 453 1889 508 PluO
1922 449 2386 507 CliltlSTlANlS.

3354 454 3456 510 3G8

183 585 267 623 σιν
301 568 415 640 (l6)
448 570 765 640 πεποίηται·
798 571 1139 624 ὲπακούσατε
1172 570 1280 622 τῶν
1322 569 1626 641 εἰρημένων
1683 568 1768 621 διὰ

1877 567 1988 630 xit;
2059 565 2243 618 audite
2295 563 2569 634 propheta‘
2625 566 2845 620 Davidis
2909 568 3091 634 verba,
3149 586 3269 638 qua:
3333 583 3459 624 sum

179 663 347 716 Δαδὶδ
391 662 482 715 τοῦ
516 664 814 734 προφήτου.
855 665 1009 716 Ἔστι
1047 663 1104 716 δὲ
1148 662 1347 716 ταῦτα·
1377 659 1560 714 Εἶπεν
1596 665 1629 714 ὀ
1654 663 1770 713 Κύ-

168 771 304 820 ριος
337 753 418 818 τῷ
464 755 660 822 Κυρίῳ
703 772 842 823 μου·
877 755 1076 809 Κάθου
1128 755 1196 807 ἐκ
1244 753 1457 818 δεξιῶν
1479 770 1617 822 μου,
1662 751 1772 818 ἕως

179 845 260 899 ὃν
276 845 359 899 θῶ
376 846 515 913 τοὺς
528 847 778 915 ἐχθρούς
799 864 914 901 σου
937 845 1268 900 ὑποπόδιον
1284 845 1400 898 τῶν
1418 843 1621 899 ποδῶν
1633 861 1768 898 σου.

193 939 449 993 Ῥάεδον
509 939 815 1010 δυνάμεως
869 939 1271 1005 ἐξαποστελεῖ
1321 928 1419 992 σοι
1459 940 1674 1006 Κύριος
1701 939 1770 1006 ἐξ

191 1031 616 1102 Ἰερουσαλήμ·
678 1033 777 1086 καί
850 1033 1239 1100 κατακυρίευε
1304 1031 1373 1085 ἐν
1429 1032 1598 1099 μέσῳ
1657 1029 1774 1084 τῶν

179 1123 414 1192 ἐχθρῶν
441 1142 578 1179 σου.
617 1128 776 1181 Μετὰ
806 1126 930 1180 ’σοῦ
956 1127 993 1193 ἠ
1021 1123 1178 1194 ἀρχὴ
1211 1125 1280 1178 ὲν
1314 1124 1501 1194 ἡμέρᾳ
1531 1125 1640 1191 τῆς
1665 1124 1770 1178 δυ-

179 1214 415 1284 νάμεώς
444 1233 562 1272 σου
591 1217 660 1270 ἐν
690 1217 816 1284 ταῖς
859 1220 1237 1288 λαμπρότησι
1264 1218 1384 1272 τῶν
1409 1219 1592 1287 ἁγίων
1634 1233 1769 1270 σου.

192 1309 295 1363 Ἐκ
327 1310 586 1379 Γαστρὸς
622 1311 733 1378 πρὸ
780 1312 1088 1380 ἑωσφόρον
1116 1309 1415 1379 ἐγέννησά
1442 1327 1532 1363 σε.
1585 1309 1656 1361 Τὸ
1680 1305 1772 1361 οὖν

181 1404 497 1474 εἰρημένον,
536 1403 784 1457 Ῥάϐδον
815 1403 1122 1471 δυνάμεως
1152 1403 1550 1466 ἐξαποστελεῖ
1574 1422 1672 1459 σοι
1704 1409 1773 1474 ἐξ

193 1495 606 1565 Ἰερουσαλὴμ,
639 1496 1064 1569 προαγγελτικὸν
1094 1495 1186 1549 τοῦ
1216 1495 1373 1564 λόγου
1405 1494 1496 1550 τοῦ
1527 1500 1770 1571 ἰσχυροῦ,

181 1587 238 1640 ὃν
272 1587 383 1640 ἀπὸ
429 1587 789 1660 Ἰερουσαλὴμ
840 1592 886 1642 οί
917 1589 1207 1643 ἀπόστολοι
1241 1589 1406 1643 αὑτοῦ
1442 1589 1769 1657 ἐξελθόντες,

181 1679 460 1750 πανταχοῦ
499 1681 790 1752 ἐκήρυξαν.
826 1681 1043 1755 Καίπερ
1073 1681 1303 1735 θανάτου
1336 1682 1446 1754 (17)
1467 1684 1773 1755 ὁρισθέντος

184 1772 328 1826 κατὰ
391 1774 502 1826 τῶν
559 1774 937 1840 διδασκόντων,
993 1775 1026 1845 ἢ
1089 1776 1224 1840 ὅλως
1281 1777 1684 1848 ὁμολογούντων
1714 1781 1774 1832 τὸ

178 1865 353 1936 ὄνομα
393 1866 488 1919 τοῦ
541 1866 800 1938 Χριστοῦ,
845 1870 1006 1940 ἡμεῖς
1054 1869 1329 1940 πανταχοῦ
1375 1872 1470 1924 καὶ
1527 1869 1771 1934 ἀσπαζό-

1875 658 2181 732 ejusmodi:
2242 659 2385 711 Dixit
2461 658 2718 713 Dominus
2779 661 3004 716 Domino
3051 681 3210 717 meo:
3264 670 3385 718 aede
3426 685 3457 718 (ι

1875 753 2076 804 dextris
2127 754 2296 806 meis:
2345 752 2510 805 donec
2558 769 2752 821 ponam
2797 755 3038 810 inimicos
3091 768 3207 810 tuos
3258 761 3457 812 scabel-

1875 843 1984 896 lum
2032 845 2225 911 pedum
2285 856 2522 898 tuorum.
2595 843 2806 915 l’irgam
2869 849 3076 902 virtutis
3120 853 3318 905 emittet
3366 855 3459 908 tibi

1876 935 2136 990 Dominus
2158 953 2222 990 ea:
2250 937 2586 990 Hierusalem
2612 956 2632 993 :
2669 949 2718 992 et
2759 941 3031 994 dominare
3069 944 3121 995 in
3150 945 3322 998 medio
3355 946 3458 999 ini-

1875 1027 2134 1080 micorum
2182 1036 2416 1082 tuorum.
2454 1028 2644 1082 Tecum
2682 1033 3007 1099 principatus
3055 1035 3111 1086 in
3148 1037 3232 1089 die
3271 1049 3459 1104 poten-

1877 1121 1968 1173 tia:
2010 1131 2115 1174 tua:
2170 1122 2224 1174 in
2277 1124 2642 1190 splendoribus
2705 1136 3009 1179 sanctorum
3079 1139 3314 1188 tuorum.
3376 1131 3460 1186 Ex

1876 1221 2022 1267 utero
2055 1225 2175 1267 ante
2199 1215 2476 1282 luciferum
2513 1217 2670 1286 genui
2699 1230 2746 1271 te
2769 1219 2837 1272 9".
2873 1219 3026 1286 Quod
3063 1220 3227 1287 igitur
3255 1225 3456 1277 dictum

1877 1315 2001 1360 est:
2049 1305 2264 1381 Virgam
2318 1310 2532 1363 virtutis
2576 1314 2776 1366 emittet
2818 1297 2910 1366 tibi
2957 1332 3021 1368 ea:
3072 1315 3455 1382 Hierusalem,

1875 1397 2319 1468 przcsignilicatio
2353 1411 2472 1454 erat
2504 1403 2743 1470 potentis
2785 1403 2929 1456 illius
2974 1406 3256 1471 doctrinae,
3294 1423 3455 1475 quam

1876 1489 1995 1557 ejus
2029 1491 2258 1558 apostoli
2321 1492 2717 1564 Hierosolymis
2758 1495 2991 1563 profecti
3027 1499 3227 1568 ubique
3259 1501 3459 1568 pfthi-

1877 1594 2162 1638 caverunt.
2221 1584 2286 1638 Et
2337 1589 2589 1655 quamvis
2627 1604 2773 1643 mors
2799 1590 3017 1645 decreta
3048 1601 3104 1645 et
3152 1597 3458 1650 constituta

1876 1675 1948 1729 sit
1997 1676 2322 1733 docentibus
2381 1689 2475 1733 aut
2534 1683 2762 1736 omnino
2805 1683 3194 1740 confitentibus
3258 1703 3455 1743 nomen

1877 1765 2108 1833 Chrisu,
2149 1786 2248 1824 nos
2278 1771 2484 1842 ubique
2542 1784 2596 1828 et
2647 1775 3030 1845 amplectimur
3077 1789 3132 1832 et
3173 1779 3455 1836 docemus.

1877 1860 2030 1927 Quod
2067 1864 2112 1916 si
2148 1875 2242 1918 vos
2273 1864 2377 1934 71
2407 1882 2621 1935 quoque
2647 1868 2758 1922 haec
2781 1871 2965 1925 atiimo
2995 1870 3214 1927 inimico
3244 1873 3456 1943 legetis,

185 1957 349 2026 μεθα,
388 1960 482 2011 καὶ
517 1959 858 2030 διδάσκομεν.
903 1961 965 2013 El
1013 1961 1073 2013 δὲ
1127 1962 1220 2014 καὶ
1258 1964 1415 2033 ὑμεῖς
1469 1963 1545 2026 ὡς
1592 1963 1768 2035 ἐχθροὶ

1880 1953 2012 2006 nihil
2047 1956 2302 2024 amplius,
2334 1969 2392 2011 ut
2421 1956 2533 2024 jam
2564 1959 2802 2016 diximus
2831 1963 2898 2026 ⁸⁸,
2926 1963 3152 2032 p0testis
3174 1979 3335 2034 quam
3365 1981 3459 2021 oc-

181 2051 502 2116 ὲντεύξεσθε
531 2053 706 2106 τοῖσδε
756 2055 868 2116 τοῖς
893 2052 1092 2121 λόγοις,
1133 2053 1194 2106 ού
1231 2054 1390 2108 πλέον
1435 2072 1488 2107 τι
1519 2055 1769 2120 δύνασθε,

182 2139 258 2204 ὡς
286 2143 630 2214 προὲφημεν,
673 2143 764 2197 τοῦ
818 2145 1094 2214 φονεύειν·
1149 2146 1286 2218 ὅπερ
1332 2149 1463 2218 ἡμῖν
1497 2148 1595 2219 μὲν
1620 2147 1772 2200 οὐδε-

187 2234 318 2304 μίαν
373 2236 578 2309 βλάϐην
611 2237 800 2308 φέρει·
834 2239 976 2309 ,ὑμῖν
1006 2237 1063 2291 δὲ
1117 2239 1212 2291 καὶ
1243 2242 1376 2293 πᾶσι
1420 2245 1534 2304 τοῖς
1573 2241 1774 2306 ἀδίκως

183 2324 555 2397 ὲχθραίνουσι,
607 2331 701 2383 καὶ
755 2330 830 2402 μὴ
893 2329 1371 2402 μετατιθεμένοις,
1418 2333 1639 2386 κόλασιν
1685 2335 1772 2389 διὰ

184 2417 358 2487 πυρὸς
397 2419 624 2472 αἰωνίαν
655 2420 962 2492 ἐργάζεται.

255 2510 346 2565 ιο.
385 2512 504 2564 Ἵνα
533 2512 589 2565 δὲ
632 2513 705 2585 μή
753 2530 897 2578 τινες
929 2515 1393 2583 ἀλογισταίνοντες
1427 2519 1505 2582 είς
1538 2520 1771 2592 ἀποτρο-

185 2603 292 2676 πὴν
344 2605 454 2675 (l8)
489 2605 596 2658 τῶν
628 2605 1023 2678 δεδιδαγμένων
1058 2609 1148 2678 ὑφ’
1189 2608 1339 2681 ἡμῶν
1384 2612 1578 2664 εἴπωσι
1604 2653 1618 2676 ,
1667 2615 1774 2685 πρὸ

181 2698 318 2751 ὲτῶν
343 2698 536 2751 ἑκατὸν
569 2700 933 2772 πεντήκοντα(
943 2702 1026 2772 l9)
1044 2703 1400 2774 γεγεννῆσθαι
1425 2705 1516 2757 τὸν
1541 2706 1772 2776 Χριστὸν

179 2791 360 2859 λέγειν
393 2794 539 2863 ἡμᾶς
572 2793 664 2846 ἐπὶ
694 2795 964 2866 Κυρηνίου
990 2835 1004 2859 ,
1051 2795 1383 2866 δεδιδαχέναι
1417 2797 1473 2851 δὲ
1517 2798 1551 2851 ἆ
1594 2817 1774 2870 φαμεν

176 2881 387 2949 διδάξαι
417 2885 580 2937 αὐτὸν
614 2884 840 2965 ὕστερον
879 2887 1091 2957 χρόνοις
1115 2889 1208 2943 ἐπὶ
1235 2889 1458 2943 Ποντίου
1501 2891 1732 2945 Πιλάτου
1755 2935 1768 2958 ,

179 2974 272 3027 καὶ
306 2975 640 3029 ὲπικαλῶσιν
682 2977 792 3048 (9.0)
817 3018 831 3042 ,
875 2980 949 3043 ὡς
973 2980 1280 3034 ἀνευθύνων
1312 2981 1480 3035 ὄντων
1505 2983 1612 3037 τῶν
1641 3003 1774 3056 προ-

178 3069 567 3139 γεγενημένων
598 3072 813 3125 πάντων
836 3071 932 3125 ἀνθ
942 3071 1159 3144 ρώπων,
1190 3073 1492 3142 φθάσαντες
1516 3076 1612 3147 τὴν
1641 3079 1774 3130 ἀπο-

182 3159 305 3230 ρίαν
337 3159 651 3230 λυσὼμεθα.
690 3163 792 3216 Τὸν
832 3165 1067 3234 Χριστὸν
1115 3166 1457 3237 πρωτότοκον
1499 3169 1593 3222 τοῦ
1637 3170 1771 3224 Θεοῦ

180 3249 318 3305 εἶναι
337 3253 717 3324 ἐδιδάχθημεν,
731 3256 822 3309 καὶ
838 3274 969 3328 προε
977 3257 1191 3328 μηνύσα
1199 3277 1295 3330 μεν
1312 3260 1466 3330 λόγον
1491 3264 1620 3316 ὄντα
1634 3264 1767 3336 (21),

178 3340 238 3399 οὗ
267 3347 376 3399 πᾶν
404 3347 558 3415 γένος
581 3347 881 3419 ἀνθρώπων
918 3351 1146 3421 μετέσχε
1169 3368 1181 3382 ’
1220 3355 1315 3406 καὶ
1347 3355 1396 3405 οἱ
1439 3354 1575 3425 μετὰ
1609 3355 1765 3425 λόγου

182 3439 480 3509 βιώσαντες
515 3443 831 3515 Χριστιανοί
863 3446 970 3497 είσι
994 3485 1006 3505 ,
1046 3445 1147 3498 κᾶν
1181 3445 1329 3500 ἄθεοι
1373 3448 1766 3520 ἐνομίσθησαν·

177 3525 286 3584 οἷον
321 3534 382 3584 ὲν
420 3533 647 3605 Ἕλλησι
683 3535 780 3606 μὲν
804 3536 1102 3608 Σωκράτης
1145 3539 1240 3592 καὶ
1274 3539 1641 3611 Ἡράκλειτος,
1678 3544 1771 3596 καὶ

178 3624 226 3676 οἱ
255 3625 434 3695 ὅμοιοι
459 3626 666 3690 αὐτοῖς·
692 3629 750 3680 ὲν
781 3627 1078 3700 βαρϐάροις
1103 3630 1164 3683 δὲ
1196 3629 1466 3703 Ἀϐραὰμ,
1504 3634 1597 3685 καὶ
1627 3633 1774 3686 Ἀνα-

179 3717 322 3782 νίας,
349 3720 445 3771 καὶ
474 3718 749 3790 Ἀζαρίας,
777 3721 872 3774 καλ⁸
896 3722 1138 3794 Μισαὴλ,
1160 3725 1254 3777 καὶ
1281 3724 1484 3788 Ἠλίας,
1506 3727 1600 3778 καὶ
1623 3726 1770 3779 ἄλλοι

181 3809 406 3872 πολλοὶ,
453 3801 526 3861 ὢν
571 3808 670 3872 τὰς
713 3811 941 3882 πράξεις
981 3813 1014 3883 ἦ
1061 3812 1129 3864 τὰ
1164 3814 1404 3884 ὀνόματα
1450 3817 1771 3885 καταλέγειν

181 3901 392 3971 μακρὸν
459 3897 596 3955 εἶναι
657 3903 1043 3975 ἐπιστάμενοι,
1115 3907 1280 3959 τανῦν
1331 3908 1767 3979 παραιτούμεθα.

183 3993 345 4046 Ὥστε
401 3994 496 4046 καὶ
549 3995 597 4047 0i
643 3997 1031 4067 προγενόμενα
1087 3998 1213 4051 ἄνευ
1259 3998 1418 4067 λόγου
1473 3999 1770 4070 βιώσαντες

181 4085 446 4158 ἄχρηστοι
480 4087 573 4139 καὶ
617 4086 799 4159 ἐχθροὶ
834 4087 911 4158 τῷ
957 4089 1177 4160 Χριστῷ
1224 4085 1399 4162 ἦσαν,
1451 4094 1556 4159 καὶ,
1590 4095 1769 4162 φονεῖς

179 4178 288 4232 τῶν
323 4178 467 4250 μετὰ
507 4180 665 4249 λόγου
715 4180 1008 4251 βιούντων·
1057 4185 1106 4236 οί
1156 4184 1211 4237 δὲ
1249 4185 1387 4255 μετὰ
1433 4185 1592 4254 λόγου
1643 4186 1770 4256 βιώ-

181 4289 374 4336 σαντες
397 4273 492 4326 καὶ
520 4272 760 4343 βιοῦντες
794 4276 1112 4347 Χριστιανοὶ
1146 4277 1281 4348 (22),
1319 4279 1414 4331 καὶ
1437 4278 1650 4347 ἄφοϐοι,
1674 4280 1768 4333 καὶ

179 4367 448 4436 ἁτάραχοι
491 4366 816 4438 ὑπάρχουσι.
867 4371 943 4421 Δι’
982 4370 1048 4440 ἢν
1082 4371 1127 4423 δ’
1170 4371 1349 4424 αἰτίαν
1372 4371 1458 4424 διὰ
1486 4371 1767 4442 δυνάμεως

178 4460 270 4514 τοῦ
297 4461 459 4529 λόγου
486 4460 624 4513 κατὰ
644 4460 746 4530 τὴν
771 4461 867 4513 τοῦ
893 4460 1108 4532 Πατρὸς
1141 4462 1358 4516 πάντων
1381 4462 1475 4514 καὶ
1494 4464 1765 4515 Δεσπότου

179 4553 316 4607 Θεοῦ
345 4552 565 4622 βουλὴν,
598 4552 688 4604 διὰ
724 4553 1002 4624 Παρθένου
1026 4553 1310 4624 ἄνθρωπος
1330 4553 1639 4624 ἀπεκυήθη,
1673 4556 1766 4607 καὶ

190 4644 398 4716 Ἰησοῦς
420 4645 813 4716 ἐπωνομάσθη,
850 4645 943 4699 καὶ
978 4645 1310 4716 σταυρωθεὶς
1337 4646 1623 4700 ἀποθανὼν
1646 4647 1766 4700 ἀνέ-

249 4803 294 4833 ⁹⁸
335 4801 482 4857 Psal.
506 4818 618 4866 cu,
650 4803 758 4857 1-5.
847 4801 895 4834 ’⁸
933 4818 1082 4857 num.
1118 4803 1152 4857 2
1180 4813 1233 4857 et
1257 4803 1339 4858 12.

250 4957 366 5026 (16)
422 4959 544 5025 τὴν
575 4959 960 5026 ἑπικύρωσιν.
1007 4958 1320 5027 Legendum
1377 4973 1499 5014 esse
1553 4958 1757 5012 ὲπιπύ-
1790 4961 1837 5019 D
1935 4957 2045 5027 (20)

1865 5026 2326 5099 Claromontanus
2360 5029 2424 5080 ad
2460 5026 2760 5099 marginem
2788 5027 3104 5080 ὲπικλῶσιν.
3133 5028 3250 5081 Non
3281 5033 3454 5099 magis

182 5048 347 5114 ρωσιν
380 5031 693 5084 observavit
718 5029 909 5086 Billius
943 5030 1034 5084 lib.
1056 5047 1092 5084 II
1127 5029 1532 5112 Qbrerv..aacr..
1558 5045 1677 5111 cap.
1701 5031 1756 5094 6,

183 5107 344 5172 idque
398 5104 589 5170 probat
640 5119 704 5155 ex
761 5103 884 5154 aliis
932 5101 1088 5164 locis,
1141 5116 1196 5172 in
1259 5101 1459 5168 quibus
1508 5098 1759 5172 Justinus

181 5171 324 5228 hanc
360 5187 549 5224 vocem
579 5184 825 5240 usurpat,
862 5187 1055 5240 nempe
1083 5171 1246 5241 hujus
1291 5171 1450 5239 Apol.
1484 5188 1540 5226 n.
1591 5171 1660 5225 b7
1707 5180 1763 5226 et

181 5244 270 5308 60,
304 5254 358 5297 et
389 5241 544 5305 Apol.
580 5243 637 5305 2,
673 5259 724 5295 η.
767 5244 819 5295 6.

254 5314 617 5380 (ﬁlKalxsp
648 5312 926 5368 θανάτου.
984 5314 1275 5370 Ρηεῐηὶιιὶι
1324 5315 1416 5369 καί
1470 5324 1596 5368 ante
1644 5313 1762 5367 haec

180 5389 346 5457 verba
379 5383 673 5443 Thirlbins,
706 5385 786 5457 vel
819 5388 978 5457 paulo
1004 5396 1122 5457 post
1147 5395 1272 5440 ante
1297 5388 1476 5457 ἡμεῖς.

252 5455 367 5527 (18)
407 5453 812 5529 Ἀποτροπήῃ
855 5453 1016 5511 Idem
1065 5455 1194 5526 legit
1252 5453 1602 5529 άνᾴτροπήν,
1667 5455 1760 5509 sed

187 5525 410 5595 prersus
447 5526 846 5595 mendoseJlis
870 5530 1016 5582 enim
1044 5525 1290 5581 occurrit
1319 5525 1568 5581 Justinus
1593 5566 1608 5590 ,
1637 5541 1760 5594 qua:

183 5594 248 5651 ad
298 5597 677 5663 detorqueuda
712 5594 858 5652 illius
889 5598 1034 5652 dicta
1075 5599 1248 5666 magis
1274 5614 1437 5668 quam
1487 5598 1557 5651 ad
1595 5597 1757 5652 refel-

183 5668 337 5722 lenda
362 5667 706 5735 spectabant.

253 5737 674 5809 li9)‘l‘iumerus
707 5740 992 5795 rotundus.
1022 5737 1298 5793 Similiter
1323 5739 1416 5793 alii
1453 5741 1666 5801 Patres,
1699 5747 1762 5792 ut

182 5807 558 5863 Tertu’llianus
583 5809 652 5860 ad
685 5810 924 5864 nationes
954 5825 1058 5872 I,c.
1081 5809 1112 5860 7
1137 5823 1152 5859 :
1183 5809 1363 5878 Igitur
1387 5811 1533 5863 (elati
1565 5821 1760 5861 nostra;

183 5880 417 5934 eundum
444 5881 569 5932 anni
599 5895 733 5942 CCL;
767 5881 860 5934 sed
888 5881 1046 5950 paulo
1073 5889 1282 5949 posl,c.
1301 5880 1335 5934 9
1359 5901 1372 5934 :
1393 5878 1460 5933 Ut
1479 5895 1665 5950 supra,
1690 5883 1762 5931 in-

179 5952 320 6021 quit,
336 5951 622 6012 edidimus.
639 5952 813 6006 atatis
835 5948 1028 6008 nostris
1045 5948 1279 6007 nondum
1297 5952 1425 6006 armi
1441 5965 1556 6006 ccc.
1579 5948 1758 6004 Οττυ.

1875 2047 2080 2104 cidere.
2127 2048 2284 2116 Quod
2339 2067 2469 2107 sane
2525 2053 2731 2107 nullum
2786 2055 2941 2110 nobis
2990 2057 3246 2112 damnum
3271 2058 3454 2124 allert,

1875 2143 2030 2195 vobis
2054 2153 2234 2197 autem
2265 2159 2331 2200 ac
2351 2147 2604 2202 omnibus
2637 2146 2838 2215 injuste
2859 2149 2986 2203 odio
3024 2149 3456 2220 indulgentibua.

1875 2249 1977 2288 nec
2008 2235 2386 2304 ptenitentiam
2442 2241 2753 2310 agentibus,
2806 2252 3068 2296 aeternum
3125 2258 3221 2312 per
3275 2244 3457 2315 ignem

1875 2328 2204 2396 supplicium
2235 2331 2478 2390 coniicit,

1947 2511 2036 2566 δῦ.
2062 2511 2138 2566 Ne
2164 2513 2253 2580 qui
2279 2523 2464 2567 autem
2495 2530 2521 2566 a
2551 2513 2765 2570 ratione
2791 2518 3131 2578 aberrantes,
3152 2519 3217 2572 ad
3246 2534 3306 2572 ea
3338 2536 3459 2590 qua:

1873 2602 2165 2658 docuimus
2194 2604 2597 2672 detorquenda,
2619 2605 2898 2661 Christum
2924 2609 3110 2663 dicant
3134 2620 3263 2666 ante
3285 2627 3459 2668 annos

1875 2706 2092 2751 centum
2141 2709 2197 2752 et
2227 2700 2627 2770 quinquaginta
2680 2711 2868 2755 natum
2914 2719 2943 2756 a
2999 2705 3159 2759 nobis
3205 2706 3308 2760 dici
3358 2707 3460 2762 sub

1874 2789 2148 2858 Cyrenio,
2183 2806 2246 2846 ac
2284 2800 2407 2859 post
2462 2793 2593 2847 illud
2643 2802 2854 2862 tempus
2904 2811 2964 2849 ea
3015 2797 3300 2860 docuisse,
3336 2813 3459 2867 qua:

1875 2883 2050 2952 ipsum
2079 2885 2330 2939 doc-uisse
2367 2885 2620 2947 dicimus,
2637 2887 2742 2940 sub
2761 2873 2955 2942 Pontio
2982 2889 3186 2956 Pilato;
3225 2890 3459 2959 indeque

1875 2970 2138 3043 consequi
2163 2976 2442 3043 objiciunt,
2467 2987 2522 3030 ut
2554 2979 2800 3033 insontes
2825 2980 2937 3033 sint
2963 2980 3216 3035 homines
3242 2995 3458 3048 omnes,

1875 3070 1964 3138 qui
1996 3079 2123 3126 ante
2156 3071 2285 3124 illud
2317 3082 2530 3141 tempus
2555 3071 2728 3136 luere;
2751 3073 3106 3128 dubitationis
3124 3073 3458 3130 solutionem

1875 3164 2285 3232 occupabiinus.
2322 3165 2602 3220 Christum
2649 3160 3075 3235 primogenitum
3114 3167 3204 3222 Dei
3243 3181 3367 3222 esse
3396 3183 3463 3224 ac

1875 3257 2144 3310 rationem
2191 3257 2338 3311 illam
2368 3299 2383 3319 ,
2418 3258 2575 3328 cujus
2606 3275 2769 3314 omne
2804 3260 3086 3314 hominum
3128 3274 3302 3332 genus
3330 3277 3460 3332 par-

1879 3350 2051 3418 ticeps
2077 3361 2197 3403 erat
2221 3391 2235 3413 ,
2287 3353 2580 3406 didicimus
2602 3394 2616 3414 ,
2647 3361 2701 3406 et
2746 3368 2906 3422 supra
2933 3352 3361 3408 declaravimus.
3396 3356 3463 3410 Et

1876 3443 1968 3512 qui
1999 3457 2121 3496 cum
2152 3445 2367 3498 ratione
2394 3445 2692 3509 vixerunt,
2721 3445 3021 3500 Christiani
3049 3455 3214 3511 sunt,
3241 3448 3460 3504 etiamsi

1875 3535 2021 3588 athei
2069 3535 2366 3590 existimati
2417 3538 2558 3601 sint;
2611 3536 2800 3606 quales
2845 3539 2985 3608 apud
3033 3538 3254 3595 Graecos
3303 3539 3460 3594 fuere

1875 3625 2130 3684 Socrates
2201 3639 2257 3683 ct
2320 3627 2659 3692 Heraclitus;
2733 3629 2875 3698 apud
2945 3629 3210 3685 barbaros
3272 3643 3458 3686 autem

1874 3724 2150 3780 Abraham
2174 3765 2188 3784 ,
2217 3724 2491 3785 Ananias,
2543 3722 2770 3776 Azarias
2793 3764 2806 3788 ,
2856 3721 3043 3776 Misacl
3083 3733 3137 3777 et
3168 3725 3311 3778 Elius
3333 3765 3348 3790 ,
3393 3742 3460 3781 ac

1877 3817 2029 3869 multi
2061 3815 2152 3867 alii
2187 3829 2419 3883 quorum
2452 3815 2764 3870 actionibus
2794 3824 2889 3867 aut
2919 3816 3234 3869 nominibus
3267 3830 3457 3871 recen-

1875 3909 2080 3971 sendis,
2114 3905 2241 3977 quia
2289 3906 2512 3974 longum
2557 3906 2608 3960 id
2655 3921 2774 3960 esse
2814 3907 3037 3973 scimus,
3069 3921 3216 3960 nunc
3256 3922 3450 3977 super-

1875 4000 2148 4054 sedemus.
2181 3997 2448 4052 Similiter
2473 3998 2563 4067 qui
2601 3998 2730 4052 olim
2772 3997 2980 4066 absque
3003 3997 3214 4052 ratione
3243 3998 3432 4053 vixere

1876 4090 2112 4160 improbi
2155 4098 2209 4144 et
2238 4090 2468 4145 Christo
2518 4089 2726 4144 inimici
2776 4087 2928 4142 fuere
2956 4128 2970 4150 ,
2999 4097 3054 4143 et
3083 4103 3275 4143 eorum
3299 4131 3316 4155 ,
3360 4091 3455 4158 qui

1875 4200 1996 4238 cum
2031 4183 2248 4238 ratione
2276 4184 2552 4246 vivebant,
2584 4182 2893 4237 homicidae.
2925 4182 3026 4248 Qui
3055 4196 3183 4237 vero
3210 4197 3335 4236 cum
3367 4197 3458 4234 ra-

1878 4276 2024 4328 tione
2050 4274 2308 4328 vixerunt
2335 4286 2386 4326 et
2414 4273 2641 4336 vivunt,
2672 4274 2968 4327 Christiani
3004 4282 3132 4326 sunt
3163 4281 3325 4343 atque
3348 4272 3454 4327 im-

1875 4367 2052 4436 pavidi
2103 4375 2156 4420 ct
2202 4367 2485 4434 intrepidi.
2535 4366 2707 4433 Quam
2752 4377 2939 4441 autem
2977 4368 3048 4422 ob
3096 4381 3318 4421 causam
3355 4380 3457 4435 per

1874 4463 2130 4515 virtutem
2177 4461 2340 4516 Verbi
2386 4464 2690 4516 secundum
2737 4460 2919 4515 Patris
2963 4462 3347 4516 universorum
3398 4468 3456 4514 et

1877 4553 2094 4608 Domini
2150 4555 2243 4609 Dei
2288 4555 2624 4608 voluntatem
2663 4569 2729 4608 ex
2763 4552 2986 4620 Virgine
3035 4553 3253 4623 genitus
3296 4553 3364 4608 sit
3400 4563 3456 4606 et

1873 4643 2035 4702 Jesus
2080 4648 2524 4718 cognominatus,
2571 4661 2638 4700 ac
2670 4646 2966 4702 cruciﬁxus
2995 4657 3052 4702 et
3083 4654 3332 4700 mortuus
3366 4659 3456 4701 re-

2100 4955 2517 5010 Ἑπικαλῶσιν.
2553 4953 2618 5010 Β.
2653 4954 2846 5024 Steph.
2878 4956 2944 5010 ad
2976 4955 3182 5012 calcem
3203 4965 3260 5012 et
3283 4960 3455 5015 codex

1867 5100 2177 5152 necessaria
2213 5098 2380 5166 Langi
2415 5097 2748 5155 emendatio,
2790 5099 2880 5166 qui
2914 5100 3016 5166 legi
3053 5114 3212 5168 posse
3249 5097 3448 5156 exisii-

1869 5181 2002 5231 mat,
2035 5170 2310 5237 ἐγκαλῶσι
2354 5171 2624 5229 incusem,
2656 5168 2936 5233 objiciunt.

1941 5239 2052 5310 (21)
2112 5239 2619 5310 Προεμηνύσαμεν
2677 5238 2863 5307 λόγον·
2911 5239 3074 5310 ὄντα.
3139 5239 3256 5300 ιω
3310 5255 3454 5309 προ

1875 5312 2128 5366 Justinus
2156 5315 2223 5366 de
2252 5310 2430 5364 Verbo
2463 5309 2678 5362 locutus
2708 5309 3119 5377 est;pr.ecipue
3150 5327 3280 5365 vero
3315 5330 3367 5363 ιι.
3394 5313 3449 5376 5,

1869 5385 1963 5446 10.
1997 5382 2087 5442 12,
2117 5383 2208 5443 23.
2243 5381 2328 5435 52.
2361 5380 2466 5434 Sed
2494 5380 2772 5433 Christum
2810 5395 2931 5433 esse
2967 5381 3236 5435 rationem
3277 5381 3451 5447 illam,

1871 5454 2027 5520 cujus
2063 5468 2253 5506 omnes
2282 5453 2528 5504 homines
2561 5461 2687 5504 sunt
2715 5450 3012 5521 participes
3047 5454 3323 5521 praecipue
3349 5455 3453 5507 do-

1869 5537 1957 5579 cet
1989 5525 2039 5576 in
2068 5524 2325 5590 Apologia
2361 5523 2597 5575 secunda
2627 5521 2736 5590 n.77
2768 5529 2822 5572 et
2855 5520 2909 5573 9.

1941 5595 2050 5666 (22)
2091 5589 2432 5666 Χριστιανοὶ
2475 5595 2616 5666 εἱσι.
2664 5589 2779 5666 Non
2819 5593 3050 5666 obscura
3085 5603 3168 5647 est
3200 5593 3259 5648 S.
3307 5609 3453 5666 mare

1867 5663 2007 5738 tyris
2033 5663 2356 5726 sententia,
2389 5665 2483 5716 sed
2512 5664 2641 5730 quia
2687 5663 3169 5738 illatti_ohscurare
3202 5665 3452 5738 nonnulli

1869 5731 2177 5799 téntarunt,
2213 5750 2403 5788 eorum
2437 5741 2740 5787 commenta
2773 5731 3094 5788 refelluntur
3141 5735 3191 5788 in
3242 5735 3451 5788 Prefa-

1873 5811 2041 5861 tione.
2079 5809 2228 5873 Quod
2264 5817 2448 5858 autem
2501 5803 2741 5856 nonnulli
2786 5803 3071 5871 legendum
3119 5816 3313 5873 putant
3349 5807 3452 5861 hoc

1870 5881 2035 5934 etiam
2059 5879 2178 5932 loco
2215 5873 2573 5945 Χρηστιανοί,
2600 5874 2843 5944 iii-Supra
2868 5877 3205 5944 explosimus
3233 5893 3290 5930 ιι.
3324 5879 3382 5933 ι.
