4132 6458
636 349 742 407 Ηὸ
1603 345 1658 402 S.
1701 344 1966 401 JUSTINI
2008 345 2247 401 PHILOS

2354 343 2421 398 HI
2452 344 2539 398 ΕΤ
2575 343 2934 399 MARTYRIS
3817 342 3948 400 416

635 469 972 539 indigentem
1006 469 1169 522 vitam
1201 477 1632 534 consequantur,
1667 466 1908 518 animum
1961 465 2028 518 ad
2066 457 2220 519 iusti-

2354 462 2526 534 τρειῶν
2551 465 2697 533 ἡμᾶς
2729 464 2980 534 ρυόμενοι
3004 460 3404 533 εὐεργετοῦσιν,
3432 461 3660 525 ἑαυτοὺς
3697 459 3763 516 δὲ
3790 462 3956 531 ψαύω

639 573 753 615 tnta
792 573 975 615 nostra
1010 562 1327 631 adjungere.
1363 560 1419 613 Si
1452 573 1582 611 vero
1622 557 1759 609 nihil
1793 556 2060 626 reliquum
2098 572 2222 610 esse

2354 570 2454 614 ,ους
2482 553 2591 622 (59)
2623 553 2717 605 καὶ
2747 551 3167 625 μισανθρώπους
3193 552 3287 605 καὶ
3325 551 3634 621 φιλοδόξους
3651 551 3810 606 δεικν
3830 557 3959 606 ὀυ-

639 664 763 722 post
824 667 1055 706 mortem
1118 653 1372 712 credunt,
1425 658 1591 718 atque
1655 649 1708 701 in
1765 657 1966 702 statum
2028 663 2222 702 sensus

2354 666 2434 700 τιν.
2467 649 2541 699 Οὐ
2580 646 2688 718 γὰρ
2726 647 2802 710 ὡς
2832 645 3232 712 ἀπαλλάξοντες
3269 647 3418 716 ἡμᾶς
3443 643 3788 716 ἀναιροῦσιν,
3822 645 3959 699 ἀλλ’

636 756 916 813 expertem
951 746 1249 799 morientes
1295 743 1494 798 cadere
1537 741 1930 812 pronuntiant;
1986 742 2123 794 bene
2161 742 2228 796 de

2354 743 2418 806 μῦς
2443 740 2865 812 ἀποστεροῦντες
2891 738 3034 810 ζωῆς
3061 739 3154 792 καὶ
3179 738 3373 810 ἡδονῆς
3404 738 3711 808 φονεύουσι.

638 839 793 892 nobis
824 849 1120 897 merentur.
1148 838 1291 904 quod
1319 853 1418 890 nos
1439 837 1600 903 huius
1648 837 1775 890 vitae
1804 833 2248 904 perpessionihus
2283 849 2346 889 ac
2395 835 2726 889 necessariis
2765 832 3084 886 muneribus
3151 832 3417 894 liberent,
3480 831 3696 898 seipsos
3745 839 3958 883 autem

639 931 916 996 improbos
941 941 994 982 et
1025 931 1350 984 inhumanos
1379 939 1432 982 et
1461 931 1777 998 opinionum
1842 938 2121 984 amatores
2175 929 2290 1000 ’1⁸
2324 931 2591 998 prebeat.
2624 926 2811 996 Neque
2841 927 2986 980 enim
3020 925 3277 980 occidunt
3312 932 3370 977 ut
3420 923 3679 985 liberent,
3737 923 3848 976 sed
3890 919 3958 974 ιιι

637 1027 748 1078 vita
784 1035 834 1078 et
867 1025 1144 1093 voluptate
1173 1025 1431 1095 spulient.

715 1137 803 1193 58.
846 1137 1172 1194 Marcionem
1206 1142 1372 1194 etiam
1421 1140 1730 1209 Ponticum,
1778 1154 1834 1198 ut
1883 1146 2127 1200 diximus
2157 1143 2227 1210 ",

641 1234 796 1298 pravi
831 1235 1109 1284 dmmones
1160 1231 1528 1296 immiserunt,
1565 1236 1656 1301 qui
1709 1246 2016 1290 creatorem
2063 1233 2233 1290 caele-

644 1320 809 1392 stium
843 1337 905 1375 ac
934 1324 1278 1376 terrestrium
1311 1325 1556 1378 omnium
1602 1327 1769 1379 Deum
1816 1336 1871 1380 et
1900 1325 2234 1395 praenuntia-

647 1424 762 1467 tum
809 1429 838 1467 a
887 1418 1173 1485 prephetis
1206 1417 1488 1472 Christum
1536 1420 1655 1489 ejus
1690 1417 1892 1472 Filium
1927 1418 2230 1472 etiamnum

650 1520 851 1576 negare
881 1507 1061 1572 docet,
1095 1508 1261 1562 alium
1297 1520 1480 1564 autem
1515 1513 1809 1581 quetndatu
1851 1511 2053 1581 praeter
2075 1525 2232 1564 crea-

649 1607 822 1650 torem
871 1598 1254 1652 uoiversorum
1307 1599 1475 1654 Deum
1536 1602 1820 1671 praedicat,
1870 1618 1935 1655 ac
1978 1601 2234 1656 similiter

648 1690 814 1744 alium
859 1691 1050 1744 ﬁlium.
1083 1690 1220 1744 Huic
1263 1692 1416 1746 multi
1473 1698 1761 1750 credentes
1807 1705 1864 1748 ιιι
1901 1696 2004 1749 soli
2038 1711 2228 1749 verum

2406 1136 2495 1192 58.
2541 1134 2656 1189 Καὶ
2680 1133 2984 1205 Μαρκίωνα
3010 1121 3066 1185 δὲ
3087 1130 3178 1184 τὸν
3203 1129 3312 1182 ἀπὸ
3339 1126 3566 1190 Πόντου,
3595 1126 3672 1190 ὡς
3694 1126 3964 1199 προέφερε

2339 1247 2459 1304 μεν,
2496 1225 2894 1298 προεϐάλλοντο
2928 1225 2978 1276 οἱ
3006 1221 3198 1292 φαῦλοι
3225 1219 3508 1290 δαίμονες·
3547 1217 3608 1281 δς
3643 1214 3959 1288 ἀρνεῖσθαι

2340 1324 2441 1396 μὲν
2483 1322 2574 1376 τὸν
2603 1318 2833 1389 ποιητὴν
2862 1315 2968 1369 τῶν
2999 1312 3266 1387 οὐρανίων
3298 1310 3394 1364 καὶ
3425 1310 3629 1381 γηΐνων
3672 1307 3958 1362 ἁπάντων

2337 1419 2494 1481 Θεὸν,
2527 1416 2622 1470 καὶ
2645 1415 2734 1468 τὸν
2765 1408 3213 1486 προκηρυχθέντα
3240 1408 3328 1460 διά
3351 1407 3458 1460 τῶν
3486 1404 3783 1477 προφητῶν
3811 1405 3956 1477 Χρι-

2340 1509 2465 1562 στὸν
2497 1507 2623 1560 Υἱὸν
2645 1502 2834 1567 αὑτοῦ,
2863 1502 2956 1556 καὶ
2979 1499 3072 1554 νῦν
3094 1499 3334 1554 διδάσκει
3353 1516 3365 1528 ·
3396 1497 3552 1552 ἄλλον
3578 1497 3634 1550 δέ
3661 1514 3786 1550 τινα
3815 1514 3951 1550 κατ⁹

2337 1601 2592 1672 ἀγγέλλει
2626 1597 2779 1668 παρά
2811 1595 2902 1649 τὸν
2929 1593 3257 1666 δημιουργὸν
3285 1591 3376 1644 τὸν
3393 1591 3608 1644 πάντων
3652 1588 3812 1650 Θεὸν,
3842 1588 3951 1642 καὶ

2339 1695 2542 1768 ὁμοίως
2579 1693 2769 1764 ἓτερον
2810 1688 2924 1742 υἱόν
2968 1686 3112 1759 (60)·
3156 1679 3201 1754 ᾧ
3239 1685 3447 1749 πολλοὶ,
3497 1682 3819 1745 πεισθέντες
3864 1681 3951 1744 ὡς

647 1783 875 1849 scienti,
905 1799 1004 1838 nos
1038 1783 1296 1847 irrident,
1319 1787 1518 1840 nullam
1553 1803 1744 1842 eorum
1767 1805 1888 1858 qum
1915 1790 2108 1844 dicunt
2137 1790 2235 1842 de—

2354 1789 2490 1859 μόνῳ
2519 1783 2727 1855 τάληθῆ
2765 1781 3141 1852 ἐπισταμένῳ,
3173 1778 3332 1851 ἡμῶν
3366 1774 3764 1844 καταγελῶσιν,
3798 1774 3949 1828 ἀπό-

651 1879 1110 1930 monstrationem
1147 1879 1444 1941 habentes;
1492 1881 1587 1934 sed
1623 1883 1795 1936 stulte
1841 1882 1991 1937 velut
2038 1883 2161 1950 agni
2205 1897 2234 1935 ιι

2354 1877 2503 1944 ἱειξιν
2537 1876 2807 1948 μηδεμίαν
2841 1873 2970 1946 περὶ
3003 1865 3079 1924 ὧν
3108 1870 3355 1939 λέγουσιν
3377 1867 3591 1938 ἔχοντες
3610 1884 3622 1895 ·
3647 1866 3785 1920 ἀλλά
3813 1864 3950 1918 ἀλό-

653 1966 781 2036 lupo
815 1970 976 2037 rapti,
1005 1969 1057 2022 in
1086 1974 1323 2039 praedam
1359 1973 1542 2042 impiis
1567 1974 1922 2041 opinionibus
1952 1983 2008 2029 et
2033 1973 2237 2028 daemo-

652 2058 812 2112 nibus
839 2059 1061 2112 cedunt.
1099 2059 1243 2113 Nihil
1289 2065 1434 2115 enim
1467 2063 1614 2117 aliud
1648 2066 1989 2119 contendunt
2035 2075 2092 2120 et
2135 2079 2237 2132 pn-

654 2160 825 2218 gnant
866 2150 900 2202 ii
934 2151 1023 2218 qni
1081 2153 1337 2205 dicuntur
1369 2154 1667 2221 daemones,
1700 2157 1804 2210 nisi
1848 2167 1906 2210 ut
1933 2156 2184 2211 homines
2207 2171 2235 2208 a

653 2252 910 2296 creatore
941 2244 1049 2297 Deo
1073 2253 1128 2297 et
1159 2245 1523 2314 primogenita
1548 2248 1670 2317 ejus
1692 2246 1914 2302 Christo
1938 2249 2238 2302 abducant.

652 2333 734 2387 Ac
759 2348 852 2388 eos
880 2336 1124 2404 quidem,
1159 2338 1252 2406 qui
1283 2353 1344 2392 se
1369 2339 1538 2394 humo
1569 2341 1760 2395 tollere
1795 2350 2097 2409 nequeunt,
2131 2352 2243 2396 ter-

652 2426 802 2478 renis
824 2435 878 2480 et
901 2430 1235 2484 ‘manul’actis
1269 2433 1431 2485 rebus
1455 2432 1744 2486 alliserunt
1775 2444 1832 2487 et
1863 2433 2121 2502 alligant;
2147 2437 2238 2504 qui

654 2529 836 2572 autem
879 2533 940 2574 se
993 2522 1060 2575 ad
1111 2523 1632 2591 contemplationem
1689 2539 1873 2578 rerum
1924 2524 2240 2579 caelestium

655 2611 894 2677 erigtmt,
919 2626 1014 2666 eos
1055 2614 1474 2681 supplautaudo,
1510 2617 1615 2669 nisi
1640 2631 1778 2669 sano
1810 2617 1922 2670 sint
1944 2616 2159 2686 judicio
2186 2625 2244 2671 et

657 2717 851 2770 puram
899 2714 960 2757 et
1009 2720 1239 2759 vacuam
1292 2708 1462 2762 animi
1517 2709 2027 2778 perturbationibus
2073 2711 2242 2764 vitam

658 2795 878 2864 degant,
913 2797 965 2850 in
998 2798 1331 2866 impietatem
1378 2800 1710 2870 impingunt.

734 2911 822 2964 59.
863 2914 1040 2982 Atque
1079 2926 1138 2966 ut
1173 2931 1200 2967 a
1235 2915 1557 2970 doctoribus
1593 2920 1825 2982 nostris,
1857 2919 1910 2971 id
1959 2928 2046 2973 est
2087 2933 2116 2971 a
2147 2918 2247 2972 do-

661 3004 840 3058 ctrina
873 3021 968 3074 per
1003 3007 1298 3074 prapbetas
1333 3010 1573 3079 vulgata,
1617 3023 1903 3080 acceptum
1933 3026 2057 3066 esse
2087 3010 2247 3064 intel-

2339 1989 2471 2040 γως,
2505 1971 2579 2034 ὡς
2609 1969 2715 2022 ὑπὸ
2749 1967 2914 2020 λύκου
2960 1965 3123 2038 ἄρνες
3165 1961 3630 2036 συνηρπασμένοι,
3661 1958 3796 2030 βορά
3829 1957 3946 2010 τῶν

2338 2061 2512 2115 ἀθέων
2540 2060 2825 2130 δογμάτων
2855 2056 2949 2110 καὶ
2977 2055 3248 2126 δαιμόνων
3270 2055 3530 2122 γίνονται.
3560 2053 3636 2104 Οὐ
3662 2051 3772 2122 γὰρ
3803 2049 3948 2103 ἄλλο

2339 2172 2391 2207 τι
2417 2150 2777 2220 ἀγωνίζονται
2799 2153 2847 2203 οἱ
2869 2149 3154 2219 λεγόμενοι
3179 2146 3454 2217 δαίμονες,
3479 2145 3514 2217 ἢ
3545 2143 3783 2211 ἀπάγειν
3809 2143 3949 2204 τοὺς

2340 2246 2660 2318 ἀνθρώπους
2691 2245 2800 2298 ἀπὸ
2821 2241 2912 2297 τοῦ
2940 2242 3266 2312 ποιήσαντος
3292 2238 3449 2302 Θεοῦ,
3477 2237 3573 2292 καὶ
3601 2236 3694 2290 τοῦ
3717 2252 3948 2308 πρωτο-

2341 2339 2500 2408 γόνου
2527 2337 2688 2391 αὺτοῦ
2717 2334 2972 2407 Χριστοῦ.
3004 2334 3115 2388 Καὶ
3138 2336 3265 2396 τοὺς
3298 2333 3395 2404 μὲν
3419 2330 3517 2402 τῆς
3546 2329 3648 2399 γῆς
3673 2327 3748 2400 μὴ
3776 2325 3916 2381 ὲπαί
3941 2357 3950 2364 -

2344 2429 2535 2503 ρεσθαι
2584 2430 2917 2500 δυναμένους
2965 2430 3078 2490 τοῖς
3129 2425 3340 2497 γηῖνοις
3391 2423 3486 2476 καὶ
3532 2420 3947 2493 χειροποιήτοις

2343 2523 2725 2595 προσῄλωσαν,
2765 2522 2859 2575 καὶ
2901 2518 3264 2592 προσηλοῦσι·
3300 2517 3426 2579 τοὺς
3465 2514 3522 2568 δὲ
3566 2514 3661 2568 ἐπὶ
3698 2513 3948 2585 θεωρίαν

2343 2613 2503 2667 θείων
2551 2615 2856 2688 ὁρμῶντας,
2904 2610 3360 2684 ὑπεκκρούοντες,
3419 2609 3487 2680 ἢν
3549 2606 3624 2679 μὴ
3676 2605 3948 2676 λογισμὸν

2346 2707 2598 2780 σώφρονα
2643 2708 2737 2760 καὶ
2782 2706 3025 2779 καθαρὸν
3075 2704 3170 2759 καὶ
3210 2703 3402 2775 ἀπαθῆ
3447 2703 3560 2776 βίον
3596 2702 3816 2774 ἔχωσιν,
3856 2703 3948 2767 είς

2344 2801 2600 2854 ἀσέϐειαν
2633 2799 3010 2870 ἐμϐάλλουσιν.

2416 2921 2505 2977 59.
2556 2922 2676 2973 Ἵνα
2706 2921 2770 2974 ’δὲ
2803 2920 2898 2973 καὶ
2943 2919 3094 2990 παρά
3136 2917 3242 2970 τῶν
3279 2918 3564 2991 ἡμετέρων
3601 2915 3945 2970 διδασκάλων

2349 3016 2613 3085 (λέγομεν
2654 3013 2710 3068 δὲ
2746 3012 2836 3067 τοῦ
2873 3014 3033 3081 λόγου
3071 3011 3163 3066 τοῦ
3199 3011 3287 3065 διά
3323 3010 3430 3065 τῶν
3469 3007 3762 3083 προφητῶν
3793 3007 3944 3079 (61))

660 3095 864 3166 ligatis,
910 3100 1055 3166 quod
1104 3101 1242 3154 dixit
1307 3101 1483 3165 Plato,
1533 3104 1725 3166 Deum,
1776 3117 1899 3157 cum
1953 3103 2240 3158 materiam

2354 3108 2578 3162 λαϐόντα
2602 3108 2693 3160 τὸν
2725 3106 2988 3159 Πλάτωνα
3029 3104 3241 3176 μάθητε
3285 3103 3346 3157 τὸ
3371 3105 3568 3165 εἰπεῖν,
3597 3100 3731 3172 ῦλην
3766 3100 3946 3172 ἀμορ-

663 3189 954 3246 informem
996 3194 1266 3255 vertisset,
1316 3198 1578 3249 mundum
1627 3196 1854 3262 fecisse;
1894 3197 2080 3252 audite
2117 3199 2245 3268 quid

665 3283 893 3336 totidem
927 3285 1108 3338 verbis
1133 3287 1329 3339 dixerit
1362 3287 1595 3357 Moyses,
1623 3289 1832 3356 primus
1859 3291 2248 3357 prophetarum

663 3384 722 3428 et
745 3363 1109 3444 scriptoribus
1134 3379 1394 3432 omnibus
1421 3380 1714 3451 vetustior,
1754 3389 1814 3432 ιιι
1837 3395 1999 3449 supra
2026 3380 2251 3433 demon-

665 3468 964 3522 stravimus
991 3470 1059 3532 ”,
1094 3486 1193 3538 per
1225 3486 1392 3539 quem
1446 3471 1685 3538 Spiritus
1720 3473 2074 3541 pr0pheticus
2117 3486 2253 3541 quo-

669 3559 830 3612 modo
854 3563 1114 3614 tumulum
1146 3563 1291 3616 Deus
1319 3563 1479 3618 initio
1504 3575 1560 3618 et
1591 3579 1656 3618 es
1691 3565 1892 3634 quibus
1918 3566 2249 3632 condiderit,

670 3650 918 3706 declarat
956 3653 1040 3706 his
1081 3656 1297 3708 verbis:
1331 3655 1394 3709 1η
1437 3659 1702 3725 principio
1731 3657 1853 3726 fecit
1891 3658 2029 3712 Deus
2063 3660 2251 3712 celum

671 3754 719 3796 et
762 3753 977 3797 terram.
1029 3744 1194 3798 Terra
1236 3757 1412 3799 autem
1444 3760 1556 3800 erat
1591 3748 1874 3802 invisibilis
1903 3759 1950 3801 et
1979 3749 2252 3818 incompoo

671 3838 775 3889 sita
797 3876 812 3900 ,
849 3846 899 3890 et
936 3842 1160 3892 tenebrae
1192 3856 1349 3908 super
1373 3841 1657 3910 abyssum:
1692 3851 1743 3895 et
1774 3840 2012 3911 Spiritus
2053 3843 2145 3896 Dei
2175 3843 2256 3912 fc..-

676 3930 894 3982 rebatur
917 3947 1076 3997 super
1112 3949 1327 4001 aquam.
1374 3931 1441 3984 Et
1479 3933 1614 3986 dixit
1646 3931 1823 3988 Deus:
1860 3932 1989 3987 Fiat
2032 3926 2170 3989 lux:
2205 3944 2252 3988 et

676 4019 820 4088 facta
867 4032 943 4075 est
974 4021 1092 4075 luat.
1135 4023 1315 4077 Verbo
1357 4023 1524 4093 igitur
1570 4024 1660 4079 Dei
1707 4041 1774 4079 ex
1819 4026 2082 4096 subjectis
2122 4036 2178 4079 et
2223 4041 2251 4078 a

677 4109 864 4180 Moyse
915 4114 1212 4183 designatis
1252 4117 1417 4169 rebus
1464 4117 1724 4170 mundum
1770 4117 2088 4172 universum
2132 4133 2255 4173 esse

678 4207 959 4259 conditum
997 4216 1049 4260 et
1083 4206 1255 4273 Plato,
1289 4217 1341 4260 et
1372 4209 1462 4277 qui
1498 4210 1689 4263 eadem
1719 4209 1912 4270 ac,ille
1955 4212 2166 4275 dicunt,
2203 4221 2258 4267 et

676 4314 778 4353 nos
803 4301 902 4367 ipsi
935 4301 1246 4368 didicimus,
1279 4303 1542 4372 vobisque
1571 4302 1700 4358 licet
1740 4302 1883 4359 idem
1919 4305 2253 4376 perspicere.

751 4543 797 4574 ’⁸
839 4561 1001 4612 supra
1035 4564 1089 4600 ιι.
1118 4548 1209 4601 26.
1287 4548 1332 4577 "
1378 4564 1531 4603 num.
1556 4547 1626 4602 Η
1651 4560 1708 4604 et
1736 4549 1828 4603 54.

756 4789 871 4861 (59)
922 4790 1209 4862 Ἑαυτοὺς
1227 4793 1296 4844 δὲ
1319 4796 1614 4862 φαύλους.
1650 4795 1897 4851 Similem
1930 4799 2257 4852 sententiam

682 4862 889 4932 profert
911 4861 1191 4984 thirlbius
1212 4878 1277 4917 ex
1321 4861 1576 4934 Apologia
1606 4865 1850 4921 Socratis
1882 4869 2024 4938 apud
2075 4867 2260 4924 Plato-

682 4947 805 4984 nem
833 4946 884 4984 n.
986 4975 1000 4984 .

682 4947 805 4986 nem
833 4946 884 4997 p.
912 4946 1000 4989 st.

756 5001 867 5070 (60)
911 5002 1158 5072 Ἕτερον
1195 5004 1349 5058 υἱόν.
1381 5006 1526 5062 Duos
1551 5007 1691 5061 ﬁlios
1719 5023 1826 5062 non
1869 5009 2060 5065 eodem
2095 5024 2258 5064 sensu

684 5071 1008 5149 admittebat
1030 5074 1291 5149 Marcion,
1318 5090 1426 5143 quo
1447 5078 1534 5131 alii
1566 5079 1832 5149 nonnulli,
1861 5080 1952 5149 qni
1979 5079 2257 5134 Christum

686 5158 715 5194 a
743 5141 870 5196 Jesu
896 5144 1232 5216 dividebant.
1270 5141 1390 5214 Ipse
1421 5150 1562 5202 enim
1600 5147 1786 5203 Jesum
1820 5141 1944 5203 sine
1976 5165 2164 5216 carne,
2195 5167 2261 5204 ac

689 5223 860 5287 totum
895 5213 1063 5287 De.qu
1103 5231 1225 5270 esse
1263 5213 1516 5287 tingebat.
1557 5220 1662 5275 Sed
1692 5235 1817 5273 cum
1848 5235 1974 5273 eum
2029 5213 2260 5276 conten-

680 5284 860 5358 deret,
892 5298 999 5358 non
1025 5283 1325 5352 Creatoris,
1344 5283 1456 5340 'setl
1494 5288 1584 5342 Dei
1616 5291 2019 5358 praestantioris
2042 5306 2164 5346 esse
2195 5294 2256 5345 li-

688 5353 819 5406 lium
842 5362 896 5405 ct
917 5353 1220 5418 Christum;
1245 5373 1400 5411 suum
1417 5353 1662 5413 Creatori
1682 5358 1881 5414 Filium
1906 5373 1959 5414 et
1979 5360 2256 5416 Christum

689 5423 1050 5499 relinquebat.
1086 5442 1149 5499 ac
1189 5428 1463 5482 fatebatur
1503 5445 1522 5478 ι
1575 5429 1768 5484 Filium
1811 5439 1866 5483 et
1899 5431 2161 5499 Spiritum
2208 5443 2261 5486 ιιι

690 5494 1050 5618 fullistlagtiam
1083 5497 1363 5619 Creatoris
1411 5515 1533 5554 esse
1559 5501 1836 5554 Christum
1883 5494 2021 5567 ejus.
2065 5521 2085 5552 ι
2123 5501 2259 5556 Ter-

714 5581 1128 5619 u..t.nt.c.
1201 5605 1216 5618 .
1528 5617 1531 5619 _

687 5565 812 5630 tul.,
843 5565 936 5618 lib.
967 5581 1047 5632 ut,
1081 5583 1128 5620 c.
1165 5568 1216 5619 7.
1528 5617 1531 5619 _

762 5635 876 5705 (till
930 5637 1035 5689 Διά
1080 5636 1203 5712 τῶν
1239 5639 1575 5712 προφητῶζ
1619 5640 1821 5712 Snpple
1868 5641 2259 5712 κηρυχθέντος,

691 5718 800 5784 non
843 5718 1046 5784 autem,
1078 5719 1135 5760 ut
1165 5709 1400 5784 Grattius
1443 5722 1504 5784 et
1535 5709 1814 5784 Thiilbius
1840 5709 1980 5784 ipost
2017 5709 2259 5784 'Sylbur-

694 5775 861 5844 gium,
897 5776 1245 5848 λαλήσαντος.
1289 5781 1600 5849 Quinetiam
1640 5775 1919 5838 Thirlbius
1962 5775 2252 5852 legendum

2350 3217 2448 3268 φον
2477 3193 2643 3252 οὖσαν
2676 3196 2985 3269 στρέψαντα
3013 3194 3124 3265 (62)
3160 3194 3250 3246 τὸν
3279 3193 3435 3258 Θεὸν,
3465 3193 3668 3264 κόσμον
3691 3192 3941 3260 ποιῆσαι,

2348 3290 2618 3344 ἀκούσατε
2654 3289 2761 3342 τῶν
2789 3286 3068 3351 αὑτολεξεὶ
3107 3286 3412 3358 εἰρημένων
3449 3284 3548 3338 διὰ·
3569 3283 3814 3347 Μωσέως
3845 3281 3941 3337 τοῦ

2351 3379 2829 3453 προδεδηλωμένου
2865 3377 3081 3450 πριὲιτου
3112 3378 3412 3448 προφήτου,
3443 3376 3539 3429 καὶ
3561 3371 3940 3447 πρεσϐυτέρου

2350 3475 2458 3528 τῶν
2490 3479 2548 3527 ὲν
2587 3473 2812 3544 Ἕλλησι
2848 3471 3210 3544 συγγραφέων
3233 3487 3246 3500 ⁸
3287 3470 3355 3522 δι’
3385 3461 3446 3522 οὗ
3481 3467 3683 3540 μηνῦον
3712 3467 3773 3521 τὸ
3805 3484 3940 3539 προ-

2354 3565 2587 3637 φητικὸν
2630 3564 2857 3636 Πνεῦμα
2898 3564 3014 3628 πῶς
3041 3564 3142 3636 τὴν
3180 3562 3354 3635 ἀρχὴν
3394 3560 3492 3614 καὶ
3529 3561 3594 3612 ὲκ
3621 3559 3782 3611 τίνων
3819 3558 3941 3629 €61}-

2356 3661 2689 3733 μιούργησεν
2737 3661 2766 3711 δ
2823 3659 2957 3722 Θεὸς
3005 3659 3095 3711 τὸν
3142 3657 3368 3727 κόσμον,
3417 3655 3521 3726 ἔφη
3568 3652 3779 3716 οὕτως’
3839 3654 3941 3707 Ἐν

2352 3752 2509 3821 ἀρχῇ
2536 3754 2827 3820 ἐποίησεν
2848 3755 2881 3805 ό
2907 3750 3046 3816 Θεὸς
3079 3748 3188 3802 τὸν
3223 3744 3486 3815 οὐρανὸν
3517 3743 3616 3798 καί
3655 3743 3769 3811 τὴν
3797 3741 3934 3810 γῆν.

2365 3845 2436 3899 Ἢ
2481 3844 2548 3897 δὲ
2583 3843 2658 3914 γῆ
2698 3840 2778 3914 ἦν
2821 3844 3073 3911 ἀόρατος
3122 3839 3220 3894 καὶ
3248 3837 3800 3901 ἀκατασκεύαστος,
3833 3834 3932 3889 καὶ

2354 3939 2573 4002 σκότος
2622 3938 2820 3991 ἐπάνω
2859 3936 2968 4005 τῆς
3004 3935 3280 4010 ἀϐύσσου
3307 3948 3320 3961 ·
3366 3929 3467 3984 καί
3508 3929 3752 3998 Πνεῦμα
3787 3929 3935 3982 Θεοῦ

2353 4030 2672 4099 ἐπεφέρετο
2709 4029 2907 4083 ἐπάνω
2929 4027 3047 4085 τῶν
3074 4026 3329 4082 ὑδάτων.
3370 4022 3481 4076 Καὶ
3512 4018 3681 4076 εἶπεν
3707 4025 3740 4075 ό
3777 4021 3935 4088 Θεὸς,

2359 4120 2676 4190 Γενηθήτω
2705 4121 2830 4190 φῶς
2855 4139 2867 4151 ·
2907 4121 3003 4175 καὶ
3043 4118 3282 4189 ἐγένετο
3325 4115 3515 4183 οὕτως
3541 4156 3556 4170 .
3591 4115 3755 4169 Ὥστε
3800 4115 3939 4188 λόγῳ

2357 4214 2492 4267 Θεοῦ
2535 4217 2600 4266 ὲκ
2641 4213 2748 4266 τῶν
2799 4213 3174 4284 ὑποκειμένων
3214 4215 3307 4268 καὶ
3351 4211 3805 4287 προδηλωθέντων
3852 4211 3936 4265 διὰ

2359 4304 2622 4366 Μωτέως,
2670 4302 2995 4375 γεγενῆσθαι
3038 4304 3128 4358 τὸν
3170 4304 3346 4359 πάντα
3384 4304 3609 4376 κόσμον,
3653 4303 3747 4356 καὶ
3797 4300 3942 4355 ΠλάφΔ

2362 4800 2586 4875 coniicit
2607 4801 2776 4875 κπαρά
2800 4800 2893 4856 τοῦ
2922 4802 3192 4875 ἡμετέρου
3215 4802 3557 4875 διδασκάλου.

2439 4871 2556 4948 (62)
2596 4871 2973 4948 Στρῷανταζ
3025 4871 3154 4948 Legi
3183 4889 3341 4948 posse
3366 4874 3640 4948 τρέψαντα
3667 4874 3932 4948 existimat

2369 4941 2724 5012 Sylburgius;
2757 4944 2835 5000 sic
2863 4945 3007 4996 enim
3047 4941 3193 4996 infra
3231 4941 3775 5013 loquitur-Justinus.
3810 4947 3929 5002 Illud

2369 5024 2555 5066 autem
2593 5015 2992 5068 observandum
3044 5024 3129 5069 est
3173 5014 3416 5070 Platonis
3465 5019 3530 5070 de
3571 5016 3755 5069 mundi
3791 5032 3931 5070 crea-

2370 5085 2515 5138 tione
2544 5086 2871 5139 sententiam
2896 5082 3008 5138 non
3033 5085 3151 5139 sine
3177 5088 3501 5154 exceptione
3524 5102 3551 5139 a
3581 5095 3773 5140 sancto
3800 5103 3928 5140 mar-

2369 5166 2488 5224 tyre
2541 5154 2770 5212 laudari.
2820 5154 2954 5208 Nam
2985 5155 3114 5209 dum
3146 5157 3311 5208 solam
3348 5159 3590 5210 materia:
3634 5157 3931 5225 dispositio-

2369 5240 2490 5277 nem
2537 5227 2877 5288 considerat,
2928 5242 3035 5280 non
3082 5226 3357 5281 immerito
3402 5227 3684 5281 Platonem
3736 5228 3928 5292 laudat,

2367 5296 2458 5362 qni
2487 5307 2594 5349 tam
2629 5298 2794 5349 multa
2822 5297 3084 5364 praeclare
3112 5311 3176 5348 ea
3202 5296 3270 5349 de
3304 5311 3362 5351 re
3388 5299 3639 5366 scripsit;
3673 5299 3766 5350 sed
3793 5313 3928 5351 suam

2370 5367 2439 5417 ab
2466 5382 2531 5419 eo
2557 5367 2953 5420 dissensionem
2979 5367 3248 5426 declarat.
3283 5367 3409 5420 dum
3438 5370 3755 5421 universum
3789 5383 3931 5420 mun-

2370 5437 2496 5508 dum
2531 5451 2597 5490 ex
2632 5438 2890 5503 subjectis
2934 5438 3097 5491 rebus
3137 5448 3190 5490 et
3230 5451 3281 5508 ai
3301 5436 3488 5508 Moyse
3532 5438 3925 5508 demonstratis,

2369 5505 2420 5577 id
2452 5518 2536 5560 est
2568 5522 2633 5560 ex
2663 5508 2802 5561 caelo
2828 5519 2876 5559 et
2909 5515 3076 5569 terra,
3107 5522 3227 5574 quae
3255 5505 3474 5577 Deus'in
3507 5507 3771 5577 principio
3792 5522 3931 5562 crea-

2369 5575 2464 5637 vit,
2520 5577 2826 5644 perfectum
2877 5592 2996 5631 esse
3047 5575 3394 5645 pronuntiat.
3443 5575 3690 5631 Platonis
3735 5585 3931 5631 senten-

2367 5645 2495 5716 tiam
2523 5648 2688 5700 simili
2721 5651 2881 5703 modo
2924 5648 3144 5699 laudant
3187 5648 3443 5702 Clemens
3485 5645 3686 5701 Stronr.
3732 5661 3782 5708 ν,
3814 5662 3924 5716 pag.

2366 5714 2496 5785 59!,
2535 5730 2590 5773 et
2616 5717 2992 5776 Theodoretus
3015 5719 3171 5773 initio
3197 5717 3293 5775 lib.
3329 5732 3385 5775 tv
3412 5719 3532 5772 adv.
3567 5716 3797 5773 ϐίαιοι.
