4132 6446
207 465 311 522 421

1312 461 1655 518 APOLOGIA
1692 462 1711 518 1
1747 461 1886 519 PRO
1917 460 2380 520 CHRISTIANIS.

3382 469 3485 526 s22

205 579 438 635 ποιεῖν·
474 581 709 649 κρίνατε
750 577 1006 650 ὀρφανῷ,
1056 578 1533 634 καὶδικαιώσατε
1554 580 1753 648 χήραν
1774 596 1787 609 ·

1916 585 2092 635 ulnus.
2135 579 2264 634 Etsi
2290 580 2486 649 {uerint
2514 591 2727 649 peccata
2755 591 2924 636 vestra
2952 583 3106 652 quasi
3138 583 3483 653 phmniccum,

207 673 310 726 καὶ
330 672 522 735 δεῦτε,
546 673 640 725 καὶ
663 670 1089 740 διαλεχθῶμεν,
1129 670 1289 740 λέγει
1312 671 1545 738 Κύριος.
1569 673 1677 724 Καὶ
1696 670 1804 724 ἐὰν

206 759 366 818 ὦσιν
389 766 448 817 al
483 764 754 831 ἁμαρτίαι
789 760 954 831 ὑμῶν
976 763 1056 829 ὡς
1091 759 1423 831 φοινικοῦν,
1461 762 1603 816 ὡσεὶ
1644 762 1806 829 ἔριον

208 854 492 908 λευκανῶ
511 872 524 883 ·
560 854 653 908 καὶ
675 853 784 906 ἐὰν
796 848 946 906 ὦσιν
961 853 1041 918 ὡς
1062 854 1362 918 κόκκινον,
1381 854 1458 919 ὡς
1481 855 1653 921 χιόνα
1666 857 1805 907 λευ-

215 945 398 998 κανῶ.
433 946 573 999 Ἐὰν
603 945 670 996 δὲ
687 943 772 1012 μὴ
794 943 1195 1012 εἱσακούσητέ
1208 962 1349 1014 μου,
1367 945 1630 1014 ,μάχαιρα
1649 945 1806 1014 ὑμᾶς

214 1038 542 1092 κατέδεται.
578 1037 648 1090 Τὸ
669 1039 776 1106 γὰρ
814 1036 1005 1104 στόμα
1048 1038 1270 1104 Κυρίου
1294 1037 1563 1105 ἑλάλησε
1594 1040 1800 1093 ταῦτα.

215 1130 333 1183 Καὶ
378 1129 534 1194 λόγον
568 1129 623 1181 δὲ
657 1130 736 1190 εἰς
759 1127 914 1180 τοῦτο
938 1128 1087 1200 παρὰ
1131 1127 1238 1180 τῶν
1272 1130 1582 1183 ἀποστόλων
1608 1131 1808 1201 ἐμάθοο

221 1239 324 1290 μεν
347 1218 553 1272 τοῦτον.
599 1219 819 1290 Ἐπειδὴ
858 1218 955 1292 τὴν
1001 1218 1222 1290 πρώτην
1267 1219 1376 1291 (71)
1412 1222 1623 1289 γένεσιν
1650 1223 1807 1294 ἡμῶν

220 1313 568 1382 ἀγνοοῦντες,
595 1316 712 1367 κατ’
746 1313 996 1384 ἀνάγκην
1024 1314 1368 1385 γεγενήμεθα
1401 1314 1461 1379 ἐξ
1484 1317 1656 1388 ὑγρᾶς
1681 1334 1809 1370 σπο-

224 1407 327 1477 ρᾶς
357 1406 500 1458 κατὰ
540 1404 683 1475 μίξιν
728 1406 823 1475 τὴν
845 1405 952 1457 τῶν
993 1408 1198 1474 γονέων
1229 1408 1366 1479 πρὸς
1393 1409 1676 1480 ἀλλήλους,
1713 1411 1807 1464 καὶ

222 1497 280 1547 ἐν
297 1495 381 1548 Ξθε
391 1513 442 1548 σι
470 1495 690 1564 φαύλοις
712 1497 805 1549 καὶ
834 1499 1094 1568 πονηραῖς
1107 1499 1471 1568 ἀναστροφαῖς
1484 1501 1805 1571 γεγόναμεν,

220 1589 370 1650 ὅπως
431 1588 506 1658 μὴ
559 1588 804 1659 ἀνάγκης
850 1589 1019 1642 τέκνα
1071 1591 1205 1661 μηδὲ
1248 1591 1470 1658 ἀγνοίας
1523 1592 1805 1663 μένωμεν,

218 1679 359 1732 ἀλλὰ
376 1679 746 1750 προαιρέσεως
763 1678 858 1731 καὶ
890 1681 1225 1752 ἐπιστήμης,
1264 1682 1511 1752 ἀφέσεως
1538 1702 1596 1736 τε
1630 1686 1811 1757 ἁμαρ-

221 1768 354 1822 τιῶν
383 1769 522 1840 ὑπὲρ
565 1765 639 1823 ὧν
698 1771 1125 1842 προημάρτομεν
1147 1773 1400 1844 τύχωμεν
1430 1777 1488 1827 ἐν
1523 1775 1600 1846 τῷ
1631 1774 1806 1841 ὕδατι,

223 1861 619 1930 ἐπονομάζεται
671 1860 746 1930 τῷ
793 1859 1031 1933 ἑλομένῳ
1075 1863 1527 1936 ἀναγεννηθῆναι,
1567 1867 1663 1921 καὶ
1717 1885 1811 1938 με-

1905 685 2155 742 tnnquam
2190 673 2370 727 lanam
2398 675 2693 738 dealbabo;
2741 684 2788 728 et
2817 675 2860 728 si
2893 676 3159 742 fuerinlut
3192 677 3483 743 coccinum,

1906 767 2043 818 sicut
2070 768 2254 820 'nivem
2313 767 2588 820 dealbabo.
2620 766 2679 821 Si
2712 779 2884 821 autem
2933 785 3034 821 non
3077 770 3353 824 audieritis
3381 787 3484 834 me,

1908 856 2115 924 gladius
2141 856 2406 908 devorabit
2433 873 2542 909 vos.
2575 855 2648 909 Os
2680 857 2817 908 enim
2876 856 3091 910 Domini
3137 857 3368 910 locutum
3409 869 3487 912 est

1906 945 2019 996 ha'c
2052 944 2116 996 ³⁸.
2151 945 2298 997 llanc
2335 953 2515 998 autem
2553 944 2710 1012 hujus
2741 946 2816 998 rei
2849 947 3118 999 rationem
3139 948 3205 1000 ab
3231 948 3490 1016 apostolis

1908 1037 2240 1106 accepimus.
2283 1037 2510 1102 Quando
2534 1037 2752 1105 quidem
2786 1038 3022 1106 primam
3051 1050 3291 1092 nostram
3321 1055 3486 1109 gene—

1910 1131 2176 1183 rationem
2232 1130 2568 1198 ignorantes,
2634 1131 2967 1184 necessitate
3001 1133 3236 1199 quadam
3280 1146 3348 1186 ex
3382 1135 3487 1188 liu-

1911 1222 2059 1277 mido
2089 1222 2301 1277 semine
2334 1237 2429 1289 per
2453 1233 2692 1275 mutuam
2735 1235 3020 1291 parentum
3066 1225 3368 1280 mistionem
3396 1240 3493 1294 ge-

1910 1313 2009 1367 niti
2063 1328 2272 1377 sumus,
2327 1321 2491 1380 alque
2542 1313 2595 1366 in
2645 1314 2828 1380 pravis
2882 1315 3127 1370 moribus
3169 1327 3223 1371 et
3269 1316 3491 1373 nefariis

1912 1407 2174 1462 institutis
2230 1407 2442 1460 educati
2483 1414 2581 1459 :ut
2633 1405 2980 1460 necessitatis
3027 1419 3085 1462 et
3120 1408 3489 1479 ignorationis

1915 1498 2013 1551 lilii
2080 1513 2185 1551 non
2219 1512 2558 1563 maneamus,
2607 1499 2699 1550 sed
2722 1498 3010 1552 electionis
3047 1509 3100 1553 et
3142 1501 3402 1568 scientiae,
3434 1516 3492 1558 ei.

1913 1590 2286 1645 remissionem
2323 1599 2692 1660 peccatorum,
2728 1605 2848 1658 qua:
2897 1591 3048 1660 prius
3097 1594 3489 1663 commisimus,

1911 1695 2313 1752 consequamur
2342 1682 2394 1735 in
2421 1697 2559 1751 aqua
2585 1699 2598 1747 ;
2633 1697 2796 1751 super
2822 1698 2889 1737 co
2922 1683 3013 1751 qui
3043 1686 3350 1753 regenerari
3397 1702 3493 1740 vo-

1912 1773 2096 1836 luerit,
2129 1782 2182 1827 et
2230 1782 2577 1841 peccatorum
2616 1776 2993 1844 pmnitentiam
3026 1779 3218 1848 egerit,
3251 1781 3492 1846 parentis

1911 1865 2152 1920 omnium
2186 1874 2238 1919 et
2270 1863 2483 1921 Domini
2523 1866 2616 1920 Dei
2670 1882 2862 1922 nomen
2895 1871 3302 1938 pronuntiatur,
3328 1881 3493 1941 atque

221 1955 547 2024 τανοήσαντι
605 1942 698 2006 ἐπὶ
743 1957 856 2017 τοῖς
903 1956 1334 2027 ἡμαρτημένοις,
1383 1957 1443 2010 τὸ
1472 1957 1564 2012 τοῦ
1598 1958 1810 2032 Πατρδς

1917 1958 2017 2013 hoc
2036 1959 2210 2026 ipsum
2239 1959 2619 2014 tantummodo
2655 1960 3015 2028 appellamus,
3050 1979 3172 2016 cum
3227 1979 3350 2017 eum
3390 1965 3492 2020 ba-

222 2043 332 2096 τῶν
359 2044 497 2097 ὅλων
523 2045 616 2098 καὶ
651 2045 920 2099 Δεσπότου
948 2046 1083 2100 Θεοῦ
1122 2047 1325 2117 ὄνομαο
1361 2048 1493 2102 αὐτὸ
1524 2048 1682 2103 τοῦτο
1717 2051 1811 2121 μό-

222 2154 313 2190 νον
333 2138 677 2205 ἐπιλέγοντες
703 2139 836 2209 (Ὶὲ),
871 2139 1057 2194 τοῦτον
1088 2140 1412 2211 λουσόμενον
1447 2141 1672 2210 ἄγοντες
1716 2143 1810 2196 ἐπὶ

223 2227 284 2282 τὸ
320 2231 562 2302 λουτρόν.
601 2234 808 2303 Ὀνομα
841 2232 948 2305 γὰρ
976 2233 1052 2304 τῷ
1087 2235 1308 2307 ὰρῤήτῳ
1343 2234 1461 2306 Θεῷ
1496 2236 1670 2301 οὐδεὶς
1699 2236 1812 2307 ἔχει

225 2323 400 2375 εἰπεῖν
421 2339 432 2351 ·
458 2325 506 2375 εί
535 2324 588 2376 δέ
613 2342 696 2388 τις
727 2325 1050 2397 τολμήσειεν
1087 2323 1225 2381 εἶναι
1253 2312 1454 2396 λέγειῦ,
1484 2329 1693 2400 μέμηνε
1715 2329 1811 2401 τὴν

223 2411 436 2467 ἄσωτον
496 2416 717 2485 μανίαν.
761 2417 1024 2472 Καλεῖται
1061 2418 1118 2471 δὲ
1164 2418 1322 2472 τοῦτο
1360 2419 1418 2472 τὸ
1449 2419 1672 2491 λουτρὸν
1702 2441 1814 2491 φω-

224 2505 440 2574 τισμδς,
462 2505 538 2570 ὡς
560 2508 944 2579 φωτιζομένων
966 2511 1063 2581 τὴν
1089 2511 1328 2564 διάνοιαν
1353 2511 1460 2564 τῶν
1482 2510 1652 2571 ταῦτα
1680 2530 1814 2582 μανι

225 2596 518 2653 θανόντων.
568 2601 680 2654 Καὶ
730 2603 816 2654 ἐπ’
853 2603 1115 2673 ὀνόματος
1137 2605 1194 2658 δὲ
1234 2605 1410 2677 Ἰησοῦ
1440 2605 1675 2678 Χριστοῦ
1717 2606 1810 2658 τοῦ

227 2691 635 2761 σταυρωθέντος
659 2695 757 2746 ἐπὶ
782 2695 1004 2749 Ποντίου
1035 2697 1286 2762 Πιλάτου,
1316 2699 1408 2752 καὶ
1436 2699 1521 2750 ἐπ’
1549 2699 1810 2768 ὀνόματος

227 2783 546 2852 Πνεύματος
585 2785 759 2852 ἁγίου,
785 2785 921 2840 ὃδιὰ
961 2787 1068 2841 τῶν
1120 2791 1416 2861 προφητῶν
1461 2788 1802 2862 προεκήρυξε

225 2875 296 2928 τὰ
323 2875 462 2928 κατὰ
506 2877 596 2928 τὸν
631 2876 837 2947 Ἰησοῦν
868 2878 1066 2946 πάντα,
1098 2881 1126 2933 ὁ
1177 2881 1542 2951 φωτιζόμενος
1575 2881 1808 2937 λούεται.

296 2966 386 3021 62.
427 2968 535 3021 Καὶ
559 2969 617 3020 τὸ
638 2970 862 3046 λουτρὸν
893 2969 957 3041 δὴ
994 2971 1151 3024 τοῦτο
1190 2973 1522 3036 ἀκούσαντες
1544 2977 1591 3026 ol
1616 2974 1809 3046 δαίμο-

228 3074 323 3120 νες
344 3058 434 3110 διὰ
453 3057 544 3110 τοῦ
577 3041 853 3130 προῷήτου
889 3059 999 3130 (75)
1048 3064 1476 3134 κεκηρυγμένον,
1501 3041 1812 3136 ἐνήργησαν

221 3154 330 3207 καὶ
379 3150 647 3224 ραντίζειν
691 3153 916 3218 ἑαυτοὺς
967 3155 1092 3218 τοὺς
1135 3158 1214 3220 είς
1235 3157 1301 3210 τὰ
1335 3156 1816 3233 ἱερὰαύτῶνέπιῤ-

233 3243 532 3313 βαίνοντας,
560 3245 651 3296 καὶ
684 3245 965 3313 προσιέναι
991 3245 1174 3309 αὐτοῖς
1191 3247 1701 3317 μέλλοντας,λοι6ὰς
1720 3251 1812 3302 καὶ

226 3337 457 3400 κνίσσσις
501 3337 894 3401 ἀποτελοῦντας
915 3355 928 3368 ο
953 3338 1133 3392 τέλεον
1147 3339 1202 3392 δὲ
1224 3340 1318 3394 καὶ
1342 3341 1596 3395 λούεσθαι
1629 3343 1818 3396 ἀπεόν-

223 3446 331 3491 uc;
356 3429 464 3500 (74)
498 3429 626 3499 πρὶν
650 3429 820 3482 ἐλθεῖν
852 3430 945 3481 ἐπὶ
972 3429 1039 3483 τὰ
1066 3431 1187 3503 ἱερὰ
1221 3431 1351 3485 ἔνθα
1371 3433 1634 3504 ἵδρυνται,
1662 3435 1817 3505 ἐνερ-

223 3523 406 3591 γοῦσι.
453 3523 562 3576 Καὶ
611 3522 718 3593 γάρ
758 3519 817 3574 τὸ
881 3522 1214 3577 ὑπολύεσθαι
1266 3524 1652 3588 ἐπιϐαίνοντας
1702 3527 1816 3589 τοῖς

228 3617 422 3685 ἱεροῖς,
458 3615 689 3679 καὶτοῖς
719 3616 903 3679 αὐτοῖς
945 3617 1056 3688 (75)
1106 3617 1232 3680 τοὺς
1280 3616 1683 3688 θρησκεύοντας
1727 3635 1821 3670 κε·-

227 3703 484 3758 λεύεσθαι
526 3704 630 3758 ὑπὸ
669 3704 776 3762 τῶν
813 3705 1224 3777 ἱερατευόντων,
1251 3707 1315 3758 ἐκ
1348 3705 1454 3759 τῶν
1493 3705 1817 3777 συμϐάντων

229 3799 426 3851 limosi
461 3797 536 3867 τῷ
577 3795 849 3869 εἰρημένῳ
889 3799 1147 3871 προφήτῃ
1185 3797 1447 3868 μαθόντες
1487 3801 1534 3851 οἰ
1569 3799 1820 3868 δαίμονες

224 3890 589 3960 ἐμιμήσαντο.
628 3891 762 3942 Κατ’
795 3890 973 3942 ἐκεῖνο
1007 3889 1114 3960 γὰρ
1155 3889 1248 3941 τοῦ
1276 3889 1470 3959 καιροῦ
1504 3892 1592 3944 ὅτε
1618 3892 1822 3961 Μωσῆς

230 3980 527 4051 ἐκελεύσθη
557 3980 829 4034 κατελθὼν
853 3983 932 4045 εἰς
969 3981 1242 4050 Αἴγυπτον
1278 3981 1567 4049 ἐξαγαγεῖν
1598 3981 1685 4034 τὸν
1707 3984 1826 4034 ἐκεῖ

229 4075 362 4128 λαὸν
381 4074 488 4126 τῶν
516 4074 884 4145 Ἰσραηλιτῶν,
904 4075 1278 4145 ποιμαίνοντος
1301 4074 1463 4127 αὐτοῦ
1491 4077 1547 4126 ὲν
1571 4079 1637 4146 τῇ
1673 4074 1828 4146 Ἀρα-

232 4164 363 4235 6ικῇ
397 4165 466 4236 γῇ
504 4163 749 4236 πρόϐατα
773 4164 867 4218 τού
886 4165 1022 4236 προς
1041 4166 1249 4238 μητρὸς
1280 4165 1424 4218 θείου
1461 4166 1591 4238 (76),
1618 4169 1675 4220 ἐν
1710 4167 1823 4240 ἰδέα

228 4258 411 4327 πυρὸς
441 4259 508 4308 ἐκ
538 4256 698 4325 βάτου
736 4256 1320 4329 προσωμίλησεναὺτῷ
1340 4260 1368 4311 ὁ
1403 4260 1667 4331 ἡμέτερος
1696 4261 1829 4332 Χρι-

237 4350 384 4413 στὸς,
419 4347 513 4402 καὶ
543 4345 691 4401 εἶπεν
720 4365 732 4377 ·
787 4347 1124 4404 ’Υπόλυσαι
1167 4350 1239 4404 τὰ
1281 4350 1639 4420 ὑποδήματά
1683 4367 1822 4417 σου,

231 4442 335 4494 καὶ
364 4440 717 4508 προσελθὼν
737 4440 1024 4496 ἄκουσον.
1076 4442 1132 4494 '0
1178 4441 1257 4506 δὲ,
1303 4442 1711 4513 ὑπολυσάμενος
1732 4444 1825 4497 καὶ

301 4596 352 4629 ³⁸
389 4598 492 4650 lsa.
533 4612 570 4662 ι,
627 4591 811 4651 16-20.
891 4597 933 4630 ’τ
971 4597 1140 4651 Exod.
1171 4612 1254 4662 ιιι,
1292 4597 1346 4651 5.

1915 2053 2229 2120 ptizaudutn
2267 2053 2331 2104 ad
2360 2050 2992 2108 lavacrumdcducimus.
3015 2051 3180 2107 Nemo
3215 2063 3300 2108 est
3345 2054 3490 2108 enim

1913 2143 2005 2213 qui
2035 2156 2229 2196 nomen
2265 2142 2446 2196 dicere
2478 2157 2584 2196 non
2619 2143 2911 2198 enarrabili
2956 2144 3067 2198 Deo
3102 2145 3295 2215 possit,
3322 2155 3414 2200 aut
3443 2147 3492 2202 si

1913 2236 2039 2304 quis
2073 2234 2257 2288 dicere
2283 2233 2482 2287 audeat
2507 2247 2706 2286 nomen
2742 2233 2819 2286 illi
2852 2233 3056 2295 inesse.
3095 2236 3138 2288 is
3170 2237 3382 2304 perdite
3407 2237 3495 2291 it:-

1913 2327 2077 2380 sanit.
2123 2323 2361 2377 Vocatur
2389 2333 2574 2375 autem
2632 2322 2914 2378 lavacrum
2972 2323 3102 2378 illud
3139 2323 3489 2394 illuminatio,

1913 2432 1977 2472 eo
2001 2417 2142 2486 quod
2169 2425 2354 2469 mente
2389 2413 2767 2474 illuminentur
2801 2417 2893 2484 qui
2931 2415 3046 2469 haec
3095 2415 3333 2470 discunt.
3382 2417 3492 2472 Sed

1913 2519 1969 2564 et
2003 2509 2056 2562 in
2107 2506 2327 2562 nomine
2361 2491 2730 2560 Jesu‘Christi
2777 2506 2878 2560 sub
2921 2503 3120 2560 Pontio
3159 2504 3336 2560 Pilato
3358 2522 3493 2562 cru-

1913 2600 2080 2663 citixi,
2139 2610 2196 2653 et
2226 2599 2278 2651 in
2315 2598 2536 2652 nomine
2583 2596 2821 2668 Spiritus
2876 2597 3080 2662 sancti,
3111 2598 3203 2667 qui
3239 2613 3334 2667 per
3368 2613 3497 2666 pro-

1914 2696 2106 2761 phetas
2141 2689 2322 2744 omnia
2355 2690 2420 2742 ad
2458 2688 2642 2742 Jesum
2675 2689 2978 2757 spectantia
3003 2689 3412 2757 praenuntiavit,
3447 2687 3496 2743 is

1915 2782 2006 2853 qui
2043 2782 2398 2848 illuminatur,
2425 2781 2681 2834 abluitur.

1987 2956 2075 3012 62.
2108 2961 2284 3027 Atque
2318 2959 2419 3013 hoc
2462 2960 2737 3013 lavacrum
2783 2961 3055 3015 dmmoncs
3081 2976 3205 3014 cum
3241 2976 3335 3031 per
3365 2979 3495 3033 pro.

1916 3050 2134 3118 plietam
2169 3051 2519 3116 praedicatum
2556 3051 2856 3118 audissent,
2885 3051 3259 3120 perfecerunt,
3295 3062 3353 3106 ut
3403 3053 3496 3123 qui

1919 3142 2120 3209 templa
2186 3156 2374 3196 eorum
2436 3142 2841 3211 ingrediuntur,
2895 3143 3076 3212 iisque
3138 3142 3498 3213 supplicaturi

1865 3219 1882 3305 ί
1920 3245 2046 3293 sunt
2068 3245 2122 3291 et
2155 3221 2412 3289 libamina
2438 3250 2503 3289 ac
2534 3235 2754 3290 nidores
2811 3234 3068 3299 delaturi,
3097 3236 3307 3303 seipsos
3343 3250 3499 3305 aqua

1925 3329 2242 3398 aspersione
2277 3327 2570 3381 lustrarent
2597 3345 2610 3381 :
2640 3339 2801 3402 atque
2837 3326 2963 3379 illud
2996 3329 3158 3380 etiam
3186 3329 3494 3396 perﬁciunt.

1924 3432 1984 3477 ut
2017 3421 2427 3492 proﬁciscentes
2451 3422 2666 3491 penitus
2713 3421 2912 3486 lavent,
2944 3431 3236 3488 antequam
3275 3421 3498 3488 templa,

1923 3516 2011 3571 ubi
2049 3516 2211 3571 iidem
2248 3516 2523 3569 daemones
2556 3514 2804 3569 collocati
2849 3523 2997 3577 sunt,
3029 3515 3339 3568 deveniunt.
3364 3513 3497 3569 Nam

1922 3622 1976 3665 et
2003 3613 2146 3680 quod
2181 3609 2496 3664 sacerdotes
2531 3606 2745 3676 jubeut,
2788 3618 2845 3660 ut
2870 3607 3081 3661 calceos
3135 3605 3371 3672 solvant,
3406 3606 3501 3675 qui

1923 3701 2123 3771 templa
2156 3699 2538 3767 ingrediuntur
2573 3710 2628 3754 et
2683 3700 2873 3754 iisdem
2912 3699 3075 3754 rebus
3109 3699 3377 3753 daemones
3407 3714 3506 3752 co—

1926 3795 2065 3858 lunt,
2097 3793 2150 3847 id
2179 3793 2450 3845 tltetnones
2485 3805 2552 3845 ex
2591 3790 2700 3854 bis,
2722 3805 2840 3859 quae
2869 3790 3183 3857 supradicto
3219 3791 3496 3858 propheta

1926 3885 2100 3958 Moysi
2137 3893 2456 3946 evenerunt,
2495 3883 2778 3951 cognitum
2813 3881 3008 3936 imitati
3039 3891 3184 3933 sunt.
3209 3880 3325 3946 Quo
3354 3880 3500 3933 enim

1925 3985 2169 4045 tempore
2206 3973 2423 4043 Moyses
2457 3975 2512 4027 in
2549 3972 2841 4044 Egyptum
2879 3972 3210 4026 descendere
3245 3981 3296 4025 et
3324 3985 3501 4040 popu-

1927 4070 2036 4124 lum
2082 4068 2439 4123 lsraeliticum
2476 4068 2548 4122 ibi
2597 4075 3021 4124 commorantem
3061 4065 3501 4134 educerejussus

1929 4174 2043 4230 est,
2084 4175 2396 4233 pascentem
2431 4163 2582 4216 illum
2617 4163 2668 4217 in
2704 4146 2906 4217 Arabia
2939 4175 3075 4214 oves
3103 4160 3354 4214 avnnCuli
3389 4177 3501 4212 ma-

1931 4259 2070 4310 terni
2095 4256 2349 4312 Christus
2407 4267 2595 4312 noster
2625 4257 2677 4308 in
2725 4255 2904 4324 specie
2947 4255 3085 4325 ignis
3117 4269 3147 4308 e
3183 4256 3316 4308 rubo
3365 4253 3502 4305 allo-

1932 4361 2092 4404 cutus
2124 4360 2231 4415 est,
2257 4365 2321 4406 ac
2350 4350 2486 4405 dixit
2514 4369 2526 4403 :
2566 4348 2720 4402 Solve
2756 4348 3110 4401 calceamenm
3148 4355 3259 4406 tua,
3292 4355 3338 4398 et
3364 4360 3506 4398 acce-

1931 4443 2058 4497 dens
2080 4445 2209 4497 audi
2238 4443 2302 4496 ³⁷.
2344 4441 2482 4498 Tum
2517 4441 2607 4496 ille
2630 4439 3017 4496 calceamentis
3049 4437 3307 4508 depositis
3349 4450 3500 4493 acce-

303 4712 422 4780 (7l.)
465 4709 703 4778 Ἐπειδὴ
725 4710 839 4780 τὴν
866 4711 1123 4780 πρώτην.
1152 4708 1280 4765 Haec
1310 4708 1540 4780 mitjilice
1573 4721 1814 4764 consen-

1928 4707 1986 4763 S.
2027 4706 2249 4780 martyri
2277 4703 2422 4776 (vide
2443 4718 2607 4780 supra
2638 4718 2690 4756 η.
2719 4703 2830 4779 55),
2859 4717 2979 4780 tum
3007 4707 3136 4780 (quia
3166 4724 3329 4778 supra
3353 4707 3502 4780 dixit

243 4779 382 4837 tin’nt
407 4779 536 4836 'cum
572 4779 819 4835 doctrina
878 4779 937 4836 S.
993 4781 1277 4847 Augustini
1305 4797 1318 4832 :
1347 4799 1368 4832 ι
1398 4779 1566 4833 Natos
1617 4795 1721 4832 non
1753 4793 1818 4830 ex

237 4858 403 4916 b0ll0,
429 4868 540 4922 quo
567 4853 718 4922 bona!
750 4863 880 4906 sunt
934 4853 1150 4918 nuptiae.
1205 4850 1401 4922 inquit
1422 4866 1459 4912 ι,
1511 4849 1585 4922 De
1611 4859 1820 4915 peccat.

239 4920 537 4988 meritum.
572 4921 664 4986 ‘28,
723 4925 818 4976 sed
868 4938 934 4977 ex
992 4924 1137 4976 malo
1177 4920 1670 4989 concupiScentiae,
1715 4931 1822 4985 quo

239 4996 383 5048 liene
403 4993 620 5061 quidem
685 5004 913 5045 utuntur
966 4993 1188 5060 nuptiae,
1224 4993 1290 5045 de
1323 5007 1431 5060 quo
1467 4999 1648 5042 tamen
1695 5003 1822 5041 eru-

239 5064 476 5119 bescunt
502 5074 556 5116 et
583 5062 820 5131 nuptiae.
846 5077 968 5116 reos
1017 5062 1268 5116 diabolus
1297 5061 1552 5130 parvulos
1600 5068 1818 5131 tenet...

237 5135 451 5202 Eabae
477 5129 913 5202 concupiscentia
951 5135 1225 5186 carnis....
1270 5129 1606 5200 quaecunque
1644 5129 1821 5202 nasci-

241 5199 334 5257 tur
368 5204 574 5273 proles,
614 5199 865 5270 originali
911 5209 994 5256 est
1041 5199 1573 5273 obligata’peccato,
1612 5201 1715 5251 nisi
1762 5199 1814 5273 in

239 5276 339 5330 illo
369 5270 735 5339 renascatur,
791 5280 950 5342 quem
1010 5272 1129 5328 sine
1161 5270 1176 5272 “
1207 5272 1312 5328 ista
1371 5270 1817 5340 concupiscentia

247 5345 413 5411 Virgo
447 5344 712 5411 concepit.
890 5346 897 5350 '

319 5364 342 5399 r
381 5364 413 5396 0
447 5364 712 5411 concepit.

317 5364 433 5484 (72)
460 5414 614 5469 Αὐτὸ
656 5414 832 5468 τοῦτο
879 5415 1073 5483 μόνον
1123 5412 1552 5484 ἐπιλέγοντες.-
1587 5410 1820 5484 Necesse

241 5478 352 5544 non
385 5478 468 5542 est
502 5501 625 5539 cum
658 5478 1071 5552 Grabio'legere
1099 5478 1441 5552 ἐπιλέγοντες
1467 5481 1658 5549 τούτῳ,
1683 5478 1811 5552 λουτ-

245 5560 491 5630 σόμενον.
523 5549 1022 5630 _Legit_Thirlbius
1067 5554 1197 5630 αὐτὸ
1239 5549 1394 5630 τοῦτο
1441 5553 1597 5623 μόνον
1643 5549 1824 5602 ἐπιλέ-

242 5623 434 5698 γοντος
456 5625 551 5681 τοῦ
591 5623 1038 5698 τὸνλουσόμενον
1073 5625 1321 5693 ἄγοντος,
1350 5628 1447 5698 nos
1479 5635 1710 5698 ιαηιιιηι.
1732 5638 1822 5685 ap-

240 5690 470 5769 pellant:
485 5696 670 5766 eo,qui
690 5690 1062 5769 baptizandum
1089 5690 1233 5748 ducit
1259 5699 1328 5747 ad
1345 5695 1642 5769 lavacrum.
1672 5690 1823 5744 Hanc

244 5765 709 5841 emendatimtem
739 5767 955 5841 plurimi
988 5766 1164 5841 _l'aci_o_,
1200 5781 1264 5819 ac
1313 5767 1356 5819 si
1389 5765 1511 5841 quis
1542 5777 1660 5815 eam
1702 5774 1824 5841 am-

243 5840 539 5910 plectatur,
581 5833 803 5910 ininime
825 5835 1221 5910 obstabo._Non
1251 5846 1433 5910 tamen
1455 5833 1504 5886 ei
1531 5833 1822 5910 assentior,

245 5905 359 5966 iuni
412 5913 542 5974 quia
594 5907 859 5977 ejusmodi
908 5906 1196 5978 participia
1243 5922 1352 5964 non
1405 5905 1662 5961 inusitata
1698 5913 1823 5958 sunt

1925 4776 2313 4846 baptizandqu
2367 4789 2473 4830 non
2503 4776 2572 4831 ab
2612 4789 2741 4838 uno,
2775 4776 2870 4830 Sed
2909 4793 2936 4829 a
2967 4778 3215 4846 pluribus
3237 4776 3314 4832 'ad
3349 4778 3501 4832 lava-

1921 4865 2076 4903 crum
2105 4848 2247 4904 dttci.

1993 4918 2106 4988 (75)
2131 4919 2234 4970 Διὰ
2280 4916 2387 4971 τοῦ
2436 4914 2766 4984 προφήτου.
2805 4915 3011 4988 _|saiam
3050 4918 3322 4986 intelligit,
3349 4918 3504 4988 cujus

1919 4986 2081 5061 paulo
2109 4999 2236 5061 ante
2273 4988 2652 5061 testimonium
2683 4986 2882 5061 attulit.

1991 5060 2105 5127 (74)
2159 5058 2372 5111 Τέλεον
2409 5056 2477 5109 δὲ
2538 5058 2636 5110 καὶ
2665 5058 2951 5110 λούεσθαι
2987 5058 3294 5126 ἀπιόντας.
3323 5060 3504 5115 Tum-

1920 5131 2042 5184 bius
2073 5132 2159 5184 hic
2178 5131 2342 5182 multa
2374 5130 2666 5196 excogitat.
2692 5127 2998 5196 Legcndutn
3029 5137 3200 5194 putat,
3229 5132 3308 5181 vel
3338 5133 3395 5183 ἐν
3411 5132 3500 5184 τέ-

1917 5199 2034 5252 λεσι
2074 5216 2171 5266 pru
2229 5199 2431 5262 τέλεον,
2482 5199 2566 5251 vel
2590 5197 2834 5260 ἅπαντας
2861 5210 2954 5251 aut
2993 5199 3376 5268 ίερατεύοντας
3402 5216 3501 5270 pro

1921 5271 2204 5333 ἀπιόντας.

1995 5339 2106 5410 (75)
2141 5340 2267 5406 Τοῖς
2319 5337 2541 5404 αὐτοῖς.
2588 5339 2743 5407 Legit
2796 5341 2909 5402 τοῖς
2956 5341 3106 5401 ναοῖς
3158 5339 3500 5408 Sylburpins.

1923 5410 2070 5465 Nihil
2103 5421 2276 5465 mutat
2303 5411 2564 5473 Grabius,
2616 5412 2708 5464 sed
2741 5410 3101 5478 subintelligit
3143 5411 3500 5464 damonibus.

1926 5482 2114 5536 Satius
2147 5483 2358 5534 videtur
2379 5480 2530 5533 rebus
2558 5481 2988 5547 subintelligere.

1999 5553 2112 5621 (76)
2149 5551 2256 5605 Τοῦ
2283 5551 2430 5618 πρὸς
2453 5552 2679 5618 μητρὸς
2713 5551 2896 5604 θείου.
2954 5549 3152 5621 Mirum
3194 5552 3337 5605 unde
3391 5551 3505 5605 hac

1929 5619 2227 5692 S.‘inartyr
2273 5624 2535 5676 Italiserit.
2580 5622 2746 5675 Forte
2787 5623 3045 5674 memoria
3078 5619 3334 5692 etlluente
3379 5636 3497 5692 ma-

1929 5691 2516 5747 ternum’avunculum
2567 5708 2665 5760 pro
2721 5706 2916 5746 socero
2947 5703 3216 5760 isumpsu.
3271 5691 3506 5759 Conjicit

1927 5762 2207 5843 Thirlbius
2234 5779 2355 5819 cum
2396 5764 2452 5818 in
2504 5759 2746 5834 MOysem
2781 5759 3100 5829 transferre,
3131 5763 3274 5830 quod
3298 5761 3510 5820 Jacobo

1929 5845 2204 5894 COIIYellli.
