4132 6442
165 342 296 398 ‘35
1286 338 1626 396 APOLOGIA
1662 339 1681 392 l
1711 337 1850 396 PRO
1885 339 2339 397 CHRISTIANIS.
3344 348 3452 405 J26

178 455 349 524 ἐγύ
394 457 509 526 ειμι
556 457 590 512 δ
630 454 736 520 ὠν,
783 458 817 510 δ
855 455 1002 523 Θεὸς
1062 457 1330 527 Ἀϐραὰμ,
1385 459 1484 512 και
1539 460 1572 512 δ
1629 457 1774 523 Θεὸς

1881 457 2219 514 conditorem
2299 457 2680 515 universorum
2728 462 2845 519 base
2906 461 3113 517 dixisse
3183 476 3452 518 asserunt.

181 548 432 612 Ἰσαὰκ,
459 548 557 604 καὶ
584 551 620 604 ὁ
665 548 811 614 Θεὸς
863 548 1089 612 Ἰακὼϐ,
1119 549 1212 603 τὸν
1242 549 1351 604 τῶν
1382 549 1522 605 ὅλων
1556 550 1776 621 Πατέρα

1881 549 2018 604 Hinc
2043 561 2099 604 et
2143 548 2386 618 Spiritus
2429 551 2776 621 propheticus
2821 567 2918 607 eos
2955 553 3244 624 increpans
3285 557 3456 611 dixit:

168 642 285 696 καὶ
347 640 680 714 δημιουργὸν
738 642 831 696 τὸν
874 641 1057 696 ταῦτα
1081 643 1305 697 εἰπόντα
1335 644 1583 713 λέγουσιν
1614 640 1773 699 εἶναι.

174 730 364 786 Ὅθεν
394 733 493 788 καὶ
522 732 582 786 τὺ
613 733 954 805 προφητικὸν
1015 732 1242 806 Πνεῦμα
1303 734 1524 806 ἐλέγχον
1583 736 1780 799 αὐτοὺς

174 820 346 880 εἶπεν
364 843 380 858 ο
428 825 676 895 Ἰσραὴλ
708 826 776 881 δέ
813 845 890 896 με
922 829 1034 882 οὐκ
1055 829 1228 898 ἔγνω,
1253 828 1350 883 καὶ
1374 832 1408 884 δ
1443 831 1680 900 λαός-με
1706 835 1779 886 οὐ

173 913 448 988 συνῆκε.
511 919 624 974 Καὶ
683 920 847 974 πάλιν
890 922 920 974 ό
965 919 1195 993 Ἰησοῦς,
1256 922 1332 986 ὡς
1393 922 1778 995 ἐδηλώσαμεν,

179 1008 326 1080 παρ’
355 1010 541 1075 αὐτοῖς
571 1009 667 1076 ὢν,
702 1008 855 1065 εἶπεν
876 1028 889 1042 °
930 1013 1142 1080 Οὐδεὶς
1186 1016 1338 1083 ἔγνω
1389 1015 1498 1068 τὸν
1548 1015 1781 1084 Πατέρα

177 1101 345 1172 εἰμὴ
382 1105 418 1157 ό
453 1105 617 1170 Υἱός-⁸
651 1103 794 1160 οὐδὲ
813 1104 920 1160 τὸν
969 1105 1107 1160 Υἱὸν
1134 1111 1188 1161 εἰ
1223 1107 1309 1177 μὴ
1341 1110 1374 1163 ό
1422 1108 1646 1177 Πατὴρ,
1683 1112 1779 1165 καὶ

183 1188 282 1260 οἷς
323 1193 404 1247 ἂν
425 1196 459 1249 ὁ
504 1196 634 1261 Υἱὸς
667 1188 1058 1266 ἁποόιαλύψ-ῃ.
1102 1198 1344 1253 Ἰουδαῖοι
1374 1195 1467 1254 οὖν
1498 1201 1781 1272 ἡγησάμε-

182 1303 271 1341 νοι
318 1288 410 1341 ἀεὶ
453 1288 544 1341 τὸν
577 1285 795 1361 Πατέρα
826 1287 935 1342 τῶν
966 1289 1106 1344 ὅλων
1149 1291 1504 1363 λελαληκέναι
1547 1293 1624 1364 τῷ
1655 1296 1785 1348 Μω-

186 1379 298 1443 est,
331 1379 428 1432 τοῦ
460 1379 791 1452 λαλήσαντος
822 1380 973 1452 αὐτῷ
1032 1381 1184 1446 δντος
1245 1383 1378 1437 Υίοῦ
1410 1383 1503 1437 τοῦ
1535 1385 1691 1450 Θεοῦ,
1723 1386 1782 1450 ὃς

187 1470 289 1524 καὶ
321 1471 550 1540 ἄγγελος
581 1470 676 1526 καὶ
719 1473 1017 1538 ἀπόστολος
1049 1475 1331 1546 κέκληται,
1376 1474 1784 1546 δικαίωςὲλέγ-

189 1583 380 1636 χονται
427 1566 522 1621 καὶ
565 1567 653 1621 διὰ
714 1567 806 1621 τοῦ
870 1567 1216 1640 προφητικοῦ
1274 1567 1626 1638 Πνεῦματος,
1690 1571 1785 1624 καὶ

188 1657 257 1710 δι’
307 1657 476 1711 αὐτοῦ
522 1657 616 1711 τοῦ
663 1658 925 1730 Χριστοῦ,
973 1660 1049 1724 ὡς
1093 1659 1218 1714 οὔτε
1264 1660 1354 1714 τὸν
1385 1661 1626 1734 Πατέρα,
1659 1661 1783 1716 οὔτε

190 1750 284 1802 τὸν
316 1750 445 1803 Υἰὸν
477 1750 737 1817 έγνωσαν.
774 1752 836 1805 Οἰ
869 1752 976 1822 γὰρ
1009 1753 1100 1805 τὸν
1134 1753 1262 1806 Υἱὸν
1294 1753 1518 1825 Πατέρα
1552 1753 1785 1823 φάσκον-

1881 638 2053 695 Israel
2098 651 2273 694 autem
2317 658 2401 695 me
2447 659 2550 696 non
2599 644 2866 713 cognovit,
2914 654 2962 698 et
2991 646 3219 714 populus
3245 663 3327 701 me
3351 665 3461 704 non

1879 730 2140 785 intellexit
2158 731 2226 787 “.
2262 732 2326 786 Et
2357 749 2548 788 rursus
2586 732 2766 803 Jesus,
2821 745 2880 791 ut
2928 738 3288 804 ostendimus,
3332 756 3459 795 eum

1887 821 2031 888 apud
2057 835 2154 877 eos
2183 833 2327 878 esset
2352 841 2365 877 :
2401 822 2572 879 Nemo
2595 827 2850 896 cognovit,
2887 825 3082 896 inquit,
3114 825 3326 882 Patrem
3356 830 3460 883 nisi

1883 910 2081 978 Filius,
2101 930 2266 984 neque
2290 912 2492 968 Filium
2526 917 2629 970 nisi
2673 914 2843 971 Pater
2869 929 2916 972 et
2939 921 3130 984 quibus
3173 919 3347 976 Filius
3379 940 3462 977 re-

1882 1005 2126 1061 velaverit
2154 1005 2218 1058 ⁸³.
2250 1005 2463 1062 Patrem
2499 1008 2665 1078 igitur
2706 1011 3084 1065 universorum
3113 1011 3282 1068 Judaei
3311 1030 3462 1068 sem-

1884 1113 1981 1165 per
2027 1113 2148 1152 cum
2204 1097 2382 1168 Moyse
2413 1098 2764 1153 collocutum
2793 1101 3199 1168 existimantes,
3231 1120 3356 1160 cum
3390 1107 3460 1173 is,

1884 1191 1976 1259 qui
2024 1189 2237 1246 loeutus
2268 1199 2373 1255 est,
2403 1189 2575 1245 Filius
2615 1192 2707 1245 Dei
2742 1202 2908 1258 esset,
2941 1196 3033 1264 qui
3059 1203 3112 1248 et
3138 1196 3380 1265 Angelus
3406 1207 3464 1252 et

1883 1285 2174 1353 Apostolus
2205 1294 2434 1340 vocatus
2460 1295 2568 1350 est,
2601 1287 2800 1340 merito
2816 1299 2870 1340 et
2905 1303 2933 1341 a
2970 1291 3293 1360 prophetico
3332 1293 3464 1360 Spi--

1887 1380 1994 1433 ritu
2024 1388 2079 1433 et
2111 1379 2178 1432 ab
2210 1379 2328 1446 ipso
2370 1377 2589 1433 Christo
2634 1389 2962 1446 arguuntur,
3010 1385 3154 1452 quod
3210 1402 3312 1441 nec
3353 1387 3461 1440 Pa-

1887 1483 2025 1526 trem
2062 1487 2161 1526 nec
2186 1470 2380 1525 Filium
2411 1469 2680 1526 noverint.
2707 1469 2839 1524 Nam
2866 1474 2960 1541 qui
2995 1474 3190 1529 Filium
3245 1477 3460 1534 Patrem

1884 1577 2007 1618 esse
2038 1563 2245 1627 dicunt,
2274 1562 2326 1618 hi
2361 1570 2685 1631 arguuntur,
2713 1562 2854 1630 quod
2883 1580 2987 1619 nec
3013 1564 3228 1621 Patrem
3261 1569 3460 1628 sciant.

1888 1673 1986 1710 nec
2013 1655 2213 1711 Filium
2249 1673 2371 1711 esse
2399 1658 2780 1711 universorum
2809 1656 2958 1711 Patri
2981 1670 3332 1726 cognoscant.
3357 1661 3462 1727 Qui

1885 1766 2008 1806 cum
2041 1749 2277 1806 Verbum
2299 1751 2371 1805 sit
2404 1753 2822 1822 primogenitum
2852 1752 2972 1817 Dei,
3006 1755 3147 1808 Deus
3167 1754 3329 1808 etiam
3354 1765 3460 1810 est.

191 1859 284 1904 τες
316 1839 456 1895 εἶναι
491 1841 802 1913 ἐλέγχονται
849 1845 987 1916 μήτε
1019 1844 1108 1898 τὸν
1142 1845 1362 1917 Πατέρα
1406 1846 1776 1916 ἐπιστάμενοι,

1883 1845 1961 1898 Ac
1992 1843 2146 1914 prius
2174 1843 2394 1912 quidem
2420 1843 2589 1915 Moysi
2617 1855 2672 1900 et
2699 1846 2917 1900 caneris
2945 1849 3228 1916 prophetis
3255 1848 3306 1901 in
3335 1865 3462 1917 spe-

196 1931 325 2003 μήθ’
357 1934 440 1985 ὅτι
485 1933 633 1986 ἐστὶν
681 1933 808 1998 Υίὸς
853 1934 931 2005 τῷ
978 1935 1156 2008 Πατρὶ
1187 1936 1295 1990 τῶν
1325 1937 1462 1991 ὅλων
1491 1936 1784 2007 γινώσκον-

193 2039 318 2084 τες·
352 2023 412 2084 ὃς
456 2024 552 2076 καὶ
599 2024 775 2093 Λόγος
835 2026 1180 2098 πρωτότοκος
1223 2026 1300 2080 ὣν
1345 2027 1438 2080 τοῦ
1499 2027 1656 2093 Θεοῦ,
1691 2028 1786 2082 καὶ

195 2113 328 2178 Θεὸς
392 2115 648 2188 ὑπάρχει.
715 2116 826 2171 Καὶ
889 2118 1156 2192 πρότερον
1199 2119 1288 2173 διὰ
1331 2119 1430 2190 τῆς
1474 2118 1566 2173 τοῦ
1613 2120 1786 2192 πυρὸς

197 2207 415 2277 μορφῆς
446 2209 541 2262 καὶ
574 2210 782 2272 εἰκόνος
841 2210 1135 2282 ἀσωμάτου
1181 2210 1258 2282 τῷ
1304 2202 1496 2265 Μωσεῖ
1538 2212 1633 2266 καὶ
1675 2215 1787 2277 τοῖς

192 2300 406 2373 ἑτέροις
438 2303 743 2373 προφήταις
776 2304 948 2374 ἐφάνη
969 2321 982 2333 ·
1019 2303 1114 2358 νῦν
1144 2305 1188 2358 δ’
1207 2307 1265 2358 ὲν
1297 2305 1510 2376 χρόνοις
1540 2305 1640 2375 τῆς
1663 2306 1786 2377 ὑμεο

194 2394 359 2463 τέρας
391 2395 585 2464 ἀρχῆς,
618 2394 694 2458 ὡς
727 2395 1084 2467 προείπομεν,
1132 2395 1221 2448 διὰ
1267 2395 1537 2467 παρθένου
1573 2396 1784 2468 ἀνθρω-

196 2503 296 2549 suo;
328 2487 618 2557 γενόμενος
663 2488 806 2541 κατὰ
852 2488 950 2559 τὴν
1009 2486 1100 2540 τοῦ
1134 2488 1348 2558 Πατρὸς
1394 2488 1610 2560 βουλὴν,
1645 2491 1782 2561 ὑπὲρ

195 2581 470 2650 σωτηρίας
514 2581 621 2634 τῶν
666 2581 1029 2634 πιστευόντων
1075 2579 1243 2651 αὐτῷ,
1280 2580 1376 2634 καὶ
1420 2579 1782 2653 ὲξουθενηθῆ-

196 2688 285 2724 ναι
316 2672 411 2724 καὶ
443 2671 634 2724 παθεῖν
679 2671 1004 2742 ὑπέμεινεν,
1053 2673 1141 2726 ἵνα
1185 2671 1475 2727 ἀποθανὼν
1520 2675 1615 2727 καὶ
1646 2676 1782 2728 ἀνα-

197 2765 330 2827 στὰς
363 2767 558 2836 νικήσῃ
591 2766 681 2818 τὸν
714 2765 963 2820 θάνατον.
998 2766 1072 2820 Τὸ
1101 2767 1158 2820 δὲ
1189 2767 1479 2839 εἰρημένον
1523 2768 1589 2820 ὲκ
1621 2766 1783 2832 βάτου

193 2855 272 2926 τῷ
299 2857 505 2920 Μωσεῖ,
537 2858 682 2927 Ἐγώ
700 2859 816 2928 εἰμι
833 2862 866 2912 ὀ
886 2857 989 2922 ὢν,
1006 2861 1038 2912 ό
1056 2857 1200 2924 Θεὸς
1231 2858 1473 2927 Ἀϐραὰμ
1487 2859 1616 2929 (80),
1633 2859 1726 2912 καὶ
1750 2862 1783 2912 ό

200 2949 345 3015 Θεὸς
394 2950 616 3013 Ἰσαὰκ,
655 2951 755 3004 καὶ
795 2954 828 3005 ό
862 2951 1008 3017 Θεὸς
1050 2951 1275 3014 Ἰακὼϐ,
1308 2951 1458 3005 καὶό
1493 2951 1636 3018 Θεὸς
1666 2950 1783 3004 τῶν

195 3041 466 3109 πατέρων
514 3059 652 3106 σου,
709 3042 1044 3115 σημαντικὸν
1103 3043 1195 3096 τοῦ
1258 3043 1353 3097 καὶ
1413 3043 1782 3108 ἀποθανόντας

1885 1935 1969 1995 cie
1999 1935 2139 2005 ignis
2164 1945 2212 1990 et
2241 1935 2476 2005 imagine
2509 1939 2832 2009 incorporea
2863 1939 3011 1991 visus
3042 1949 3160 2002 est;
3189 1954 3328 1994 nunc
3359 1955 3462 1993 au-

1885 2037 1990 2079 tem
2021 2027 2184 2082 vestri
2235 2028 2449 2098 imperii
2502 2032 2842 2098 temporibus
2879 2030 2988 2100 82
3018 2047 3084 2086 ex
3127 2032 3374 2103 Virgine,
3403 2043 3463 2087 ut

1881 2119 1993 2188 jam
2019 2120 2276 2184 diximus,
2309 2123 2471 2176 homo
2515 2121 2692 2178 factus
2721 2125 3019 2178 secundum
3062 2124 3238 2180 Patris
3268 2128 3462 2179 volun-

1891 2222 2059 2267 tatem
2091 2229 2187 2283 pro
2236 2228 2423 2268 eorum
2475 2215 2671 2280 salute,
2726 2215 2818 2286 qui
2872 2216 2945 2270 illi
2995 2220 3247 2282 credunt,
3276 2231 3326 2273 et
3363 2237 3462 2290 pro

1891 2304 2061 2358 nihilo
2111 2305 2299 2358 haberi
2349 2316 2404 2361 et
2441 2307 2552 2375 pati
2601 2307 2886 2368 sustinuit.
2923 2318 2981 2361 ut
3006 2320 3255 2364 mortuus
3287 2328 3351 2364 ac
3384 2328 3464 2367 re-

1887 2412 2115 2467 surgens
2145 2411 2378 2453 mortem
2423 2401 2694 2453 vinceret.
2726 2399 2880 2466 Quod
2912 2414 3092 2455 autem
3125 2418 3191 2456 ex
3219 2403 3350 2456 rubo
3380 2405 3464 2457 di-

1889 2499 2036 2541 ctum
2061 2499 2142 2542 est
2168 2488 2366 2561 Moysi,
2403 2490 2514 2561 Ego
2539 2508 2655 2544 sum
2688 2491 2944 2544 exsistens
2963 2490 3074 2558 ille,
3118 2490 3258 2544 Deus
3288 2492 3463 2544 Abra-

1885 2581 2030 2637 ham.
2060 2592 2108 2634 et
2143 2580 2284 2635 Deus
2318 2582 2499 2649 Isaac,
2524 2593 2570 2636 et
2613 2583 2755 2636 Deus
2786 2580 2982 2645 Iacob,
3009 2595 3056 2636 et
3085 2581 3221 2636 Deus
3251 2595 3464 2652 patruus

1883 2674 2180 2738 tuorum“,
2212 2686 2534 2744 argumento
2563 2687 2647 2730 est
2684 2691 2778 2730 eos
2829 2677 2997 2729 etiam
3060 2685 3184 2744 post
3230 2686 3462 2730 mortem

1893 2781 2131 2829 ueanere,
2170 2779 2226 2821 et
2272 2768 2439 2836 ipsius
2473 2767 2674 2821 Christi
2723 2767 2970 2821 homines
3010 2783 3149 2822 esse.
3211 2766 3274 2821 Hi
3317 2770 3464 2822 enim

1893 2858 2051 2925 primi
2071 2860 2313 2913 omnium
2337 2859 2387 2913 in
2408 2861 2498 2915 Dei
2521 2861 2870 2930 inquisitione
2888 2863 3090 2914 versati
3110 2869 3266 2926 sunt;
3295 2861 3463 2914 Abra-

1883 2950 2015 3004 .bam
2038 2950 2255 3019 quidem
2278 2963 2432 3020 pater
2452 2952 2646 3020 lsaaci,
2673 2953 2818 3008 lsaac
2839 2962 3020 3007 autem
3042 2950 3252 3015 Jacobi,
3277 2967 3464 3021 quem-

1891 3045 2178 3098 admodum
2202 3056 2258 3100 et
2280 3045 2489 3115 Moyses
2511 3047 2849 3117 perscripsit.

196 3137 433 3202 δκείνους
497 3138 696 3209 μένειν,
744 3137 839 3191 καὶ
883 3135 1022 3190 εἶναι
1079 3135 1243 3190 αὑτοῦ
1306 3135 1395 3188 τοῦ
1443 3135 1677 3208 Χριστοῦ
1730 3134 2066 3208 ἀνθρώπους.
2128 3135 2238 3190 Καὶ
2285 3136 2392 3208 γὰρ
2455 3137 2657 3209 πρῶτοι
2717 3137 2823 3190 τῶν
2886 3139 3103 3194 πάντων
3163 3137 3466 3212 ἀνθρώπων

195 3230 391 3281 ἐκεῖνοι
442 3230 570 3302 περὶ
612 3229 744 3283 Θεοῦ
807 3229 1035 3302 ζήτησιν
1094 3229 1507 3301 ἡσχολήθησαν,
1572 3231 1822 3301 Ἀϐραὰμ
1869 3229 1968 3298 μὲν
2013 3231 2193 3300 πατὴρ
2238 3231 2315 3284 ὢν
2357 3231 2447 3285 τοῦ
2506 3233 2723 3296 Ἰσαὰκ,
2784 3233 2968 3288 Ἰσαὰκ
3011 3235 3067 3289 δὲ
3110 3234 3200 3290 τοῦ
3247 3234 3460 3302 Ἰακὼϐ,

195 3323 272 3388 ὡς
303 3325 397 3377 καὶ
428 3325 632 3395 Μωσῆς
663 3325 962 3396 ἀνέγραψε.

267 3417 354 3471 64.
391 3419 501 3472 Καὶ
533 3420 591 3472 τὸ
635 3420 941 3490 ἀνεγείρειν
987 3420 1043 3472 δὲ
1074 3422 1133 3475 τὸ
1178 3420 1395 3474 εἴδωλον
1427 3420 1524 3490 τῆς
1554 3419 1776 3489 λεγομέ·

1955 3417 2045 3472 64.
2086 3417 2266 3485 Atque
2308 3425 2365 3469 ut
2410 3415 2724 3482 iilius,qu:e
2747 3417 2964 3481 dicitur,
3001 3421 3192 3489 puellae
3233 3425 3460 3484 simuls-

198 3529 295 3582 νης
326 3512 510 3582 Κόρης
542 3513 634 3564 ἐπὶ
665 3514 783 3575 ταῖς
815 3512 921 3566 τῶν
954 3513 1162 3566 ὑδάτων
1224 3515 1427 3583 πηγαῖς
1489 3512 1779 3583 ἐνεργῆσαι

196 3606 322 3667 τοὺς
365 3605 646 3674 δαίμονας,
694 3604 950 3671 λέγοντας
996 3604 1272 3675 θυγατέρα
1317 3601 1484 3673 αὐτὴν
1516 3599 1654 3656 εἶναι
1686 3600 1776 3654 τοῦ

199 3699 336 3760 Διὸς,
404 3696 815 3768 μιμησαμένους
847 3696 906 3750 τὸ
936 3697 1025 3750 διὰ
1071 3696 1315 3760 Μωσέως
1376 3696 1682 3767 εἰρημένον,
1716 3697 1778 3747 ὲκ

199 3790 303 3843 τῶν
336 3789 749 3861 προειρημένων
782 3789 974 3858 νοῆσαι
1004 3789 1255 3842 δύνασθε.
1294 3789 1438 3860 Ἔφη
1473 3789 1579 3858 γὰρ
1610 3789 1780 3841 όΜω-

200 3883 329 3951 σῆς,
385 3880 459 3943 ὼς
517 3881 984 3953 προεγράψαμεν·
1046 3878 1150 3935 Ἐν
1196 3879 1356 3950 ἀρχῇ
1408 3881 1698 3947 ἐποίησεν
1743 3882 1776 3932 ό

202 3975 341 4039 Θεὸς
363 3974 467 4026 τὸν
499 3974 758 4042 οὐρανὸν
793 3974 890 4026 καὶ
935 3972 1050 4041 τὴν
1101 3971 1237 4042 γῆν.
1281 3973 1349 4026 Ἠ
1379 3971 1447 4025 δὲ
1474 3967 1550 4041 τῆ
1575 3967 1654 4040 ἦν
1670 3970 1776 4024 ἀό-

195 4081 371 4132 ρατος
393 4065 487 4120 καί
511 4066 1064 4131 ἀκατασκεύαστος,
1094 4065 1190 4120 καί
1205 4065 1445 4136 Πνεῦμα
1469 4063 1615 4118 Θεοῦ
1636 4064 1774 4116 ἐπε-

199 4157 406 4225 φέρετο
457 4154 656 4210 ἐπάνω
695 4156 814 4210 τῶν
855 4157 1108 4212 ὑδάτων.
1170 4157 1265 4220 Εἰς
1300 4157 1529 4228 μίμησιν
1559 4152 1651 4209 οὖν
1683 4149 1772 4206 τοῦ

198 4247 474 4317 ἓεχθέντος
519 4249 915 4320 ἐπιφερομένου
949 4248 1026 4320 τῷ
1057 4247 1211 4303 ὕδατι
1255 4249 1572 4320 Πνεῦματος
1615 4248 1774 4309 Θεοῦ,

198 4342 295 4412 τὴν
324 4341 507 4413 Κόρην
538 4340 814 4412 θυγατέρα
844 4341 935 4396 τοῦ
968 4343 1089 4405 Διὸς
1120 4341 1349 4411 ἔφασαν.
1369 4341 1481 4396 Καὶ
1511 4340 1776 4413 τὴνἈθηα

199 4435 294 4488 νᾶν
321 4433 378 4488 δὲ
418 4435 618 4505 ὁμοίως
680 4433 1105 4506 πονηρευόμενοι
1165 4434 1441 4506 θυγατέρα
1501 4433 1592 4487 τοῦ
1654 4434 1776 4497 Διὸς

1887 3526 2038 3565 crum
2062 3511 2128 3564 ad
2154 3511 2329 3563 fontes
2371 3525 2636 3576 aquarum
2679 3511 3001 3578 erigeretnr,
3034 3514 3084 3566 id
3111 3530 3326 3585 quoque
3347 3519 3462 3572 da:-

1887 3615 2108 3653 tnsuum
2153 3599 2451 3663 molitione.
2477 3602 2566 3669 qui
2605 3602 2750 3654 illam
2792 3601 2941 3656 Jovis
2962 3603 3128 3658 iiliam
3157 3622 3278 3662 esse
3302 3610 3461 3662 dixi:-

1888 3703 2032 3758 runt,
2060 3708 2123 3746 ac
2145 3694 2310 3746 verba
2357 3693 2557 3764 Moysis
2605 3695 2800 3747 imitati
2849 3707 2994 3757 sunt,
3039 3699 3361 3768 contigisse,
3391 3717 3456 3756 es

1887 3785 2265 3854 his,qu:ejam
2294 3785 2553 3850 diximus,
2593 3787 2909 3854 perspicere
2953 3789 3204 3856 potestis.
3248 3790 3461 3862 Moyses

1885 3878 2054 3939 enim,
2082 3886 2142 3929 ut
2186 3893 2350 3946 supra
2397 3877 2739 3946 scripsimus,
2791 3879 2872 3934 sic
2923 3882 3036 3934 ait:
3085 3880 3155 3934 In
3199 3885 3461 3952 principio

1881 3968 2075 4021 creavit
2100 3966 2238 4021 Deus
2266 3968 2450 4021 caelum
2474 3979 2522 4022 et
2548 3980 2766 4024 terram.
2794 3969 2958 4024 Terra
2985 3982 3157 4026 autem
3193 3986 3303 4027 erat
3338 3977 3462 4030 ina-

1878 4060 2175 4129 spectabilis
2200 4070 2249 4114 et
2279 4062 2567 4126 incondita,
2600 4071 2650 4115 et
2680 4063 2915 4128 Spiritus
2945 4063 3043 4118 Dei
3074 4065 3348 4134 ferebatur
3369 4085 3460 4120 su-

1877 4167 1970 4219 per
1995 4169 2182 4220 aquas.
2215 4153 2294 4207 Ad
2321 4153 2679 4208 imitationem
2702 4171 2834 4224 ergo
2874 4156 3016 4210 illius
3053 4158 3146 4212 Dei
3195 4159 3459 4228 Spiritus,

1879 4245 1971 4314 qui
1995 4259 2160 4312 super
2184 4261 2356 4315 aquas
2395 4248 2525 4302 ferri
2548 4249 2726 4303 dictus
2747 4259 2855 4312 est,
2901 4249 3282 4320 Proserpinam
3305 4252 3462 4306 Jovis

1884 4338 2053 4393 ﬁliam
2095 4347 2379 4394 vocarunt.
2426 4343 2505 4394 Ac
2549 4340 2713 4394 simili
2759 4342 3004 4408 nequitia
3047 4341 3344 4398 Minervam
3388 4361 3459 4399 ex

1883 4430 2015 4487 Jove
2055 4433 2293 4503 genitam
2340 4435 2620 4501 dixerunt,
2665 4435 2825 4504 idque
2874 4452 2981 4490 non
3005 4452 3075 4492 ex
3114 4441 3457 4513 concubitu;

199 4528 537 4598 ῑφασαν,οὺκ
568 4529 674 4582 ἀπὸ
708 4527 906 4599 μίξεως
925 4545 938 4557 ·
974 4527 1090 4582 ἀλλ’
1107 4529 1294 4600 ἐπειδὴ
1325 4528 1643 4601 ἐννοηθέντα
1662 4529 1774 4599 (8|)

1881 4525 1974 4578 sed
2001 4539 2123 4578 cum
2151 4526 2410 4580 mundum
2435 4542 2462 4578 a
2487 4526 2618 4593 Deo,
2651 4536 2937 4596 postquam
2953 4532 3212 4599 cogitavit
3240 4541 3295 4586 et
3321 4549 3426 4586 con
3447 4567 3460 4575 -

196 4623 288 4676 τὸν
315 4622 447 4675 Θεὸν
477 4621 564 4676 διὰ
597 4622 756 4691 λόγου
801 4621 892 4675 τὸν
952 4621 1159 4693 κόσμον
1219 4623 1443 4695 ποιῆσαι
1505 4624 1769 4691 ἔγνωσαν,

196 4717 272 4780 ὡς
301 4717 396 4789 τὴν
429 4717 652 4790 πρώτην
684 4718 891 4772 ἔννοιαν
923 4717 1132 4788 ἔφασαν
1164 4718 1261 4791 τὴν
1305 4718 1555 4790 Ἀθηνᾶν.
1592 4719 1769 4788 Ὅπερ

196 4809 530 4878 γελοιότατον
576 4808 855 4881 ἡγούμεθα
887 4807 1048 4874 εἶναι,
1082 4809 1178 4881 τῆς
1211 4809 1419 4873 ἑννοίας
1451 4807 1634 4863 εἰκόνα
1667 4827 1772 4863 πα-

199 4902 452 4976 ραφέρειν
496 4901 722 4973 θηλειῶν
769 4903 1002 4974 μορφήν.
1051 4901 1162 4956 Καὶ
1192 4902 1392 4968 ὁμοίως
1422 4903 1546 4966 τοὺς
1578 4901 1767 4966 ἄλλους

299 5038 344 5070 ⁸⁸
383 5037 487 5091 lsa.
516 5053 555 5102 ι,
579 5036 633 5090 5.
711 5035 757 5066 ’⁸⁸
797 5035 992 5089 Matth.
1017 5050 1094 5098 xi,
1117 5033 1210 5092 27.
1286 5033 1331 5064 ⁸⁸
1364 5032 1533 5087 Exod.
1568 5048 1654 5098 tu,
1680 5028 1741 5086 6.

269 5189 380 5263 (80)
431 5189 495 5243 ὀ
530 5191 674 5263 Θεὸς
721 5189 986 5263 Ἀϐραάμ.
1041 5188 1188 5263 ﬁihil
1227 5196 1406 5263 potest
1448 5187 1518 5241 de
1550 5187 1753 5243 Chriin

200 5257 477 5319 divinitate
513 5262 824 5327 praeclarius
861 5257 990 5314 diei.
1040 5261 1119 5314 1ο.
1153 5261 1320 5314 Docet
1360 5257 1606 5313 Justinus
1633 5272 1757 5310 eum

199 5335 419 5392 dixisse,
467 5329 578 5396 Ego
600 5346 715 5381 sum
743 5332 832 5394 qui
871 5347 1008 5394 sum,
1039 5331 1235 5398 quibus
1269 5329 1446 5382 verbis
1467 5329 1759 5398 essentiam

199 5404 430 5457 divinam
475 5400 702 5468 exprimi
730 5401 992 5461 declarat,
1015 5396 1235 5454 Cohorl.
1268 5416 1300 5452 n
1324 5399 1439 5468 ⁸25.
1464 5397 1542 5451 2ο.
1585 5396 1760 5468 Voca-

200 5485 283 5525 tur
309 5466 564 5526 Christus
615 5470 756 5523 Deus
805 5471 1101 5534 Abraham,
1138 5471 1281 5524 Deus
1324 5466 1480 5522 Isaac
1521 5478 1578 5523 et
1612 5467 1758 5522 Deus

192 5541 378 5600 Jacob.
408 5541 472 5596 δ’
502 5540 711 5594 Idcirco
763 5540 983 5594 illorum
1017 5541 1160 5595 Deus
1202 5550 1308 5602 est,
1343 5555 1409 5593 ac
1456 5539 1558 5606 ipsi
1611 5537 1758 5590 illius

196 5615 441 5667 homines
476 5620 624 5673 sunt,
656 5609 782 5678 quia
821 5609 983 5677 primi
1033 5610 1389 5673 exstiterunt,
1419 5609 1513 5676 qui
1566 5607 1618 5660 in
1650 5609 1760 5661 Deo

196 5682 516 5752 inquirendo
570 5691 994 5752 occuparentur.
1038 5683 1127 5752 κιο.
1181 5679 1316 5733 Illud
1359 5679 1522 5752 etiam
1573 5680 1760 5752 obser-

195 5747 452 5814 vandum,
487 5749 632 5820 quod
663 5750 820 5816 paulo
856 5760 984 5804 ante
1017 5751 1256 5816 dicebat,
1293 5749 1387 5802 καὶ
1417 5747 1550 5811 Θεὸς
1582 5748 1759 5820 ὑπάρ-

194 5839 296 5894 χει,
328 5833 373 5877 et
400 5821 540 5876 Deus
562 5831 658 5873 est.

503 5919 776 5978 ΡΑτιιοι..
819 5915 937 5975 Gs.
997 5915 1101 5977 VI.

1879 4618 2166 4685 sideravit,
2195 4624 2472 4676 conditum
2495 4638 2616 4678 esse
2657 4639 2753 4691 per
2782 4622 3020 4678 Verbum
3045 4628 3456 4694 cognovissent,

1877 4713 2108 4782 primam
2137 4715 2298 4768 veluti
2346 4716 2619 4770 notionem
2659 4716 2958 4771 Minervam
3004 4717 3278 4772 dixerunt.
3303 4719 3457 4785 Quod

1877 4805 2098 4874 quidem
2125 4809 2515 4875 perridiculum
2554 4809 2710 4864 nobis
2741 4811 2977 4877 videtur,
3005 4812 3321 4866 muliebrem
3346 4812 3460 4866 for-

1879 4912 2024 4952 mam
2046 4899 2112 4952 ad
2141 4901 2431 4971 imaginem
2458 4904 2697 4957 notionis
2739 4903 3148 4972 exprimendam
3174 4906 3451 4960 inducere.

1937 5187 2051 5256 (8i)
2104 5186 2518 5255 Ἐννοηθέντα.
2567 5182 2858 5255 Postquam
2890 5194 3140 5255 cogitavit
3183 5199 3232 5240 et
3277 5188 3459 5241 consi-

1867 5258 2092 5323 deravit,
2125 5258 2176 5310 id
2209 5269 2288 5311 est
2327 5267 2620 5325 postquam
2649 5259 2833 5309 utundi
2877 5261 3162 5326 exemplar
3195 5261 3246 5310 in
3277 5259 3456 5312 Verbo

1868 5343 1970 5396 suo
2019 5328 2329 5396 descripsit.
2370 5329 2507 5393 Quae
2539 5328 2606 5380 de
2655 5326 2894 5380 Minerva
2927 5329 3180 5383 attribuit
3213 5329 3455 5382 ethnicis

1865 5395 2141 5461 Justinus,
2172 5395 2236 5452 ea
2258 5401 2553 5452 conﬁrmat
2592 5397 2929 5451 'l‘hemistius
2955 5409 3097 5450 orat.
3134 5400 3220 5460 l5,
3253 5399 3343 5451 ubi
3374 5401 3454 5450 ait

1866 5468 2166 5523 Minervam
2204 5483 2271 5521 ex
2307 5468 2481 5536 patris
2510 5469 2690 5536 capite
2735 5469 3108 5536 prosilieritem
3152 5471 3335 5522 omnia
3366 5485 3455 5520 or-

1866 5539 2083 5618 navisse
2106 5538 2524 5620 etncondrd-isse,
2575 5540 2776 5618 omium
2809 5551 2859 5590 et
2899 5548 3076 5592 terras
3127 5550 3184 5619 et
3235 5555 3359 5620 quze
3393 5540 3448 5620 in

1865 5610 1954 5662 eis
1975 5620 2122 5662 sunt.
2150 5606 2252 5663 Cui
2274 5610 2492 5677 quidem
2538 5610 2824 5662 sententia:
2858 5619 3004 5661 tanta
3032 5619 3116 5662 est
3143 5606 3450 5662 similitudo

1865 5693 1991 5748 eum
2017 5679 2084 5732 iis
2117 5694 2237 5748 qua:
2269 5679 2523 5748 leguntur
2553 5679 2816 5733 Proverb.
2843 5694 2966 5742 vni,
3007 5688 3067 5732 ut
3094 5694 3214 5732 eam
3250 5682 3450 5733 merito

1863 5745 2229 5804 Justinus'ex
2297 5745 2649 5806 Hebrteoruiu
2701 5749 2944 5806 futilibus
2986 5751 3286 5803 dcrivatam
3331 5749 3464 5812 exi-~

1861 5823 2064 5874 stimet.

3065 5894 3137 5954 ιιι
