4132 6446
161 438 278 496 ιεο

1290 436 1636 494 APOLOGIA
1662 437 1682 490 Ι
1710 435 1850 494 PRO
1877 435 2339 494 CHRISTIANIS.

3364 440 3469 494 650

165 563 387 636 σάρκες
438 561 582 616 κατᾶ
633 561 938 635 μεταὸολὴν
986 560 1277 631 τρέφονται
1312 556 1471 630 ἡμῶν
1490 600 1505 624 ,
1559 557 1770 611 ἐκείνου

1892 570 1943 612 3x
1973 573 2080 628 qua
2107 558 2332 628 sanguis
2360 565 2416 612 et
2481 572 2682 613 carnes
2732 567 2933 614 nostrm
2984 575 3083 629 per
3113 557 3471 613 mutatimem

164 654 274 709 τοῦ
323 653 817 728 σαρκοποιηθέιηος
874 652 1049 725 Ἰησοῦ
1101 652 1194 706 καὶ
1247 650 1427 723 σάρκα
1486 650 1582 703 καὶ
1634 644 1773 720 αἷμα

168 748 544 820 ἐδιδάχθημεν
570 744 732 802 εἶναι.
769 748 832 801 Οί
863 746 975 818 γὰρ
995 743 1282 799 ἀπόστολοι
1314 743 1373 796 ἐν
1403 743 1515 806 τοῖς
1550 742 1775 812 γενομέ-

169 857 297 905 νοις
336 842 432 895 ὐπ’
460 840 640 894 αὐτῶν
673 837 1236 912 ἀπομνημονεύμασιν
1271 835 1417 907 (87),
1452 833 1487 889 ἃ.
1528 834 1775 888 καλεῖται

173 934 528 1004 Εὐαγγέλια,
560 933 734 999 οὓτως
763 931 1089 1004 παρέδωκαν
1119 929 1435 984 ἐντετάλθαι
1478 929 1660 993 αὐτοῖς
1684 929 1776 982 τὸν

188 1026 441 1098 Ἰησοῦν·
492 1024 735 1079 λαῦόντα
780 1022 985 1095 ἄρτον,
1047 1022 1519 1094 εὐχαριστήσαντα
1566 1022 1773 1074 εἰπεῖν·

181 1119 373 1174 Τοῦτο
403 1118 621 1171 ποιεῖτε
648 1118 737 1183 εὶς
764 1115 878 1186 τὴν
912 1114 1263 1185 ἀνάμνησίν
1304 1131 1423 1190 μου
1441 1131 1454 1143 ·
1496 1113 1777 1167 Τουτέστι

175 1211 248 1264 τὸ
278 1209 459 1280 σῶμά
479 1226 627 1281 μου·
666 1209 762 1263 καὶ
792 1209 853 1263 τὸ
886 1210 1145 1280 ποτήριον
1180 1208 1382 1278 ὁμοίως
1418 1205 1652 1259 λαϐόντα
1683 1204 1778 1258 καὶ

179 1307 657 1379 εὐχαριστήσαντα
689 1306 863 1359 εἰπεῖν
884 1322 898 1335 ·
941 1302 1122 1359 Τοῦτό
1162 1303 1295 1357 ἐστι
1324 1296 1467 1371 αἷμά
1493 1317 1614 1370 μου
1633 1316 1645 1328 ·
1684 1300 1779 1351 καὶ

183 1398 372 1471 μόνοις
422 1400 606 1465 αὐτοῖς
653 1394 997 1470 μεταδοῦναι.
1056 1396 1234 1468 Ὅπερ
1286 1395 1380 1450 καὶ
1411 1396 1469 1449 ὲν
1514 1395 1627 1458 τοῖς
1682 1392 1778 1447 τοῦ

181 1488 372 1564 Μίθρα
411 1490 733 1562 μυστηρίοις
766 1488 1091 1562 παρέδωκαν
1124 1485 1371 1557 γίνεσθαι
1408 1485 1779 1558 μιμησάμενοι

181 1582 233 1634 oi.
272 1582 505 1655 πονηροὶ
551 1582 823 1655 δαίμονες.
866 1582 989 1635 Ὀτι
1026 1579 1136 1654 γάρ
1188 1580 1353 1653 ἄρτος
1386 1581 1480 1634 καὶ
1524 1580 1781 1652 ποτήριον

184 1670 381 1735 ὓδατος
413 1672 620 1727 τίθεται
649 1673 706 1726 ἐν
739 1675 859 1736 ταῖς
895 1670 989 1725 τοῦ
1040 1670 1347 1743 μυουμένου
1386 1669 1629 1733 τελεταῖς
1663 1670 1781 1741 μετ’

183 1764 457 1833 ἑπιλόγων
485 1764 724 1837 etwva
760 1763 1091 1827 ἐπίστασθε,
1126 1764 1161 1836 ἢ
1199 1764 1389 1836 μαθεῖν
1424 1762 1674 1817 δύνασθε.

254 1856 345 1911 67.
384 1857 577 1929 Ἡμεῖς
603 1856 661 1910 δὲ
688 1856 826 1928 μετά
856 1854 1032 1910 ταῦτα
1053 1854 1237 1909 λοιπὸν
1264 1854 1351 1909 ἀεὶ¹
1377 1854 1583 1909 τούτων
1617 1852 1782 1926 ἀλλή-

1878 648 2124 713 aluntur,
2151 649 2425 703 incarnati
2468 649 2618 704 illius
2646 646 2775 705 Jesu
2802 660 2861 705 et
2884 666 3106 705 carnem
3138 662 3194 707 et
3243 654 3472 721 sangui-

1880 756 2003 794 nem
2032 754 2155 795 esse
2178 741 2354 795 edocti
2390 756 2601 797 sumus.
2640 742 2777 797 Nam
2806 743 3037 812 apostoli
3066 744 3115 798 in
3140 759 3475 801 commenta-

1880 834 1979 887 riis
2008 834 2146 893 suis.
2171 848 2293 903 qua:
2320 846 2588 889 vocantur
2611 835 2928 907 Evangelia,
2960 838 3033 891 ita
3054 838 3158 892 sibi
3186 838 3476 893 mandasse

1879 923 2068 979 Jesum
2089 925 2438 980 tradiderunt
2467 944 2481 980 :
2514 940 2639 981 eum
2668 928 2874 983 scilicet
2899 940 3127 997 accepto
3156 946 3317 1001 pane,
3346 948 3473 985 cum

1880 1017 2086 1086 gratias
2116 1018 2342 1087 egisset,
2375 1018 2586 1074 dixisse
2618 1035 2632 1071 :
2669 1018 2787 1074 Hoc
2830 1020 2992 1088 facite
3030 1022 3086 1074 in
3124 1038 3296 1076 meam
3335 1040 3477 1077 com-

1882 1109 2318 1165 memorationem
2340 1110 2408 1165 ".
2433 1110 2479 1164 11
2489 1127 2550 1167 oc
2577 1123 2650 1165 est
2672 1130 2860 1181 corpus
2886 1130 3057 1167 meum
3077 1129 3097 1179 ;
3116 1123 3169 1168 et
3187 1116 3379 1183 poculo
3402 1118 3477 1171 si-

1885 1200 2089 1255 militer
2120 1211 2373 1271 accepto,
2432 1207 2682 1274 actisque
2722 1205 2922 1274 gratiis
2952 1206 3158 1261 dixisse
3191 1224 3207 1262 :
3253 1205 3357 1259 Hic
3396 1218 3475 1260 est

1881 1294 2098 1362 sanguis
2130 1310 2277 1349 meus
2300 1296 2369 1359 ⁸⁸,
2403 1296 2647 1367 ipsisque
2677 1296 2809 1351 solis
2842 1298 3159 1353 tradidisse.
3206 1300 3388 1369 Atque
3420 1302 3475 1354 id

1882 1388 2102 1458 quidem
2132 1398 2188 1445 et
2220 1390 2273 1443 in
2315 1389 2527 1445 Mithrae
2558 1391 2835 1461 mysteriis
2869 1402 2926 1446 ut
2956 1391 3135 1458 ﬁeret,
3172 1394 3321 1463 pravi
3365 1395 3476 1448 dte-

1886 1496 2080 1537 mones
2110 1480 2310 1537 imitati
2344 1482 2672 1537 docuerunt.
2701 1483 2839 1538 Nam
2898 1500 3093 1553 panem
3125 1496 3180 1538 et
3222 1487 3476 1554 poculum

1886 1589 2042 1644 aquae
2076 1574 2126 1627 in
2152 1575 2289 1641 ejus,
2321 1575 2415 1644 qui
2465 1575 2736 1641 initiatur,
2794 1578 3094 1648 mysteriis,
3150 1579 3478 1646 quihusdam

1890 1667 2071 1721 Verbis
2091 1668 2294 1721 additis
2314 1668 2537 1737 apponi,
2564 1678 2657 1721 aut
2688 1668 3204 1733 scitis,autdiscere
3232 1672 3476 1740 potestis.

1957 1756 2049 1814 67.
2080 1757 2160 1812 Ex
2187 1758 2277 1812 illo
2309 1759 2699 1827 tetnpore‘hzec
2726 1774 2945 1829 semper
2972 1760 3128 1813 nobis
3162 1760 3394 1815 invicem
3424 1763 3476 1815 in

1889 1851 2211 1906 memoriam
2244 1866 2604 1917 revocamus;
2640 1860 2696 1907 et
2717 1852 2809 1922 qui
2846 1853 3130 1918 habenms,
3187 1854 3482 1928 indigenti-

184 1950 311 2015 λους
343 1919 837 2022 ἀναμιμνήσιιομεν
856 1966 869 1980 ο
908 1949 1015 2003 καὶ
1054 1950 1104 2002 οἱ
1135 1948 1351 2019 ἔχοντες
1381 1949 1494 2011 τοῖς
1524 1919 1782 2017 λειπομέ-

1892 1945 1987 1998 bus
2019 1943 2275 1999 omnibus
2331 1944 2707 2008 subvenimus,
2750 1956 2808 1999 et
2860 1932 3079 2014 semper
3136 1962 3240 1998 una
3264 1961 3477 2001 sumus.

184 2059 299 2106 νοις
328 2043 497 2095 πᾶσιν
528 2038 953 2112 ὲπικουροῦμεν,
982 2040 1077 2094 καὶ
1105 2038 1375 2110 σύνεσμεν
1401 2036 1651 2111 ἀλλήλοις
1674 2040 1781 2092 ἀεί.

198 2134 325 2189 Ἐπὶ
377 2133 514 2188 πᾶσί
562 2150 619 2187 τε
667 2128 749 2198 οἷς
806 2132 1270 2206 προσφερόμεθα,
1315 2131 1645 2203 εὐλογοῦμεν
1693 2133 1784 2187 τὸν

184 2226 428 2299 Ποιητὴν
468 2225 579 2279 τῶν
629 2227 849 2280 πάντων
898 2225 988 2279 διὰ
1046 2224 1143 2279 τοῦ
1191 2225 1325 2279 Υίοῦ
1378 2225 1545 2280 αὐτοῦ
1610 2226 1784 2298 Ἰησοῦ

184 2317 427 2390 Χριστοῦ
475 2320 565 2373 καὶ
606 2318 695 2372 διὰ
737 2317 1057 2389 Πνεύματος
1095 2317 1190 2372 τοῦ
1225 2318 1416 2388 ἁγίου·
1456 2320 1551 2372 καὶ
1588 2320 1655 2391 τῇ
1690 2320 1785 2373 τοῦ

184 2412 336 2483 ἡλίου
361 2410 632 2485 λεγομένῃ
662 2412 845 2484 ἡμέρᾳ
876 2411 1094 2467 πάντων
1122 2412 1263 2466 κατὰ
1299 2408 1483 2477 πόλεις
1512 2412 1544 2483 ἦ
1582 2413 1786 2484 ἀγροὺς

188 2509 462 2576 μενόντων
517 2505 608 2557 ἐπὶ
650 2504 714 2557 τὸ
757 2505 891 2559 αὐτὸ
944 2504 1258 2569 συνέλευσις
1291 2506 1532 2574 γίνεται,
1578 2504 1673 2559 καὶ
1718 2505 1789 2557 τὰ

186 2596 736 2667 ἀπομνημονεύματα
782 2595 893 2651 τῶν
931 2596 1282 2661 ἀποστόλων,
1325 2598 1359 2669 ἦ
1397 2596 1469 2650 τὰ
1498 2597 1785 2668 συγγράμ-

190 2705 335 2759 ματα
366 2687 479 2741 τῶν
513 2687 811 2759 προφητῶν
838 2687 1274 2757 ἀναγινώσκεται
1306 2689 1502 2761 μέχρις
1527 2689 1783 2765 ἐγχωρεῖ.

184 2776 324 2836 Εἶτα
375 2778 733 2852 παυσαμένω
763 2777 856 2832 τοῦ
885 2777 1352 2847 ἀναγινώσκοντος
1374 2820 1389 2843 ,
1436 2781 1466 2834 ό
1507 2780 1788 2852 προεστὼς

184 2876 273 2930 διά
301 2875 467 2942 λόγου
500 2872 599 2943 τὴν
632 2871 918 2928 νουθεσίαν
950 2872 1049 2930 καὶ
1074 2871 1377 2944 πρόκλησιν
1407 2871 1517 2945 (88)
1550 2873 1649 2944 τῆς
1678 2873 1790 2926 τῶν

187 2968 372 3021 καλῶν
416 2968 625 3022 τούτων
674 2968 961 3039 μιμήσεως
992 2967 1249 3020 ποιεῖται.
1291 2965 1525 3020 Ἔπειτα
1569 2966 1791 3021 ἀνιστά-

191 3061 335 3133 μεθα
362 3064 521 3134 κοινῇ
565 3063 801 3124 πάντες,
852 3059 951 3112 καὶ
993 3058 1161 3131 εὐχὰς
1203 3060 1531 3132 πέμπομεν’
1575 3061 1669 3112 καὶ
1714 3060 1791 3123 ὡς

188 3156 551 3228 προέφημεν,
598 3151 970 3225 παυσαμένων
1017 3152 1178 3224 ἡμῶν
1235 3154 1337 3225 τῆς
1381 3154 1584 3226 εὐχῆς,
1625 3150 1792 3229 ἄρτος

189 3249 560 3322 προσφέρεται
596 3248 691 3301 καὶ
735 3240 878 3310 οἶνος
928 3246 1025 3301 καὶ
1067 3245 1214 3318 ὕδωρ
1238 3263 1252 3277 ·
1294 3247 1391 3301 καὶ
1434 3249 1464 3302 ό
1508 3248 1790 3319 προεστὼς
1818 3274 1861 3332 C

190 3342 359 3413 εὐχὰς
380 3343 584 3415 ὁμοίως
604 3341 701 3395 καὶ
721 3338 1094 3411 εὐχαριστίας,
1118 3340 1218 3412 ὅση
1238 3339 1469 3411 δύναμις
1487 3341 1637 3412 αὐτῷ
1654 3339 1785 3413 (89),

189 3436 513 3506 ἀναπέμπει
526 3434 659 3506 (90),
682 3433 777 3487 καὶ
792 3434 821 3486 ό
841 3432 970 3495 λαὸς
986 3433 1300 3505 ἐπευφημεῖ
1311 3431 1486 3503 λέγων
1502 3432 1563 3486 τὸ
1591 3434 1785 3503 Ἀμήν·

191 3530 289 3584 καὶ
321 3532 356 3601 ἡ
381 3528 617 3592 διάδοσις
654 3526 751 3582 καὶ
780 3529 814 3599 ἡ
849 3526 1153 3599 μετάληψις
1191 3526 1300 3580 ἀπὸ
1326 3525 1436 3579 τῶν
1463 3527 1791 3599 εὐχαριστη-

192 3624 397 3677 θέντων
428 3622 645 3691 ἑκάστῳ
675 3619 917 3690 γίνεται,
943 3620 1040 3673 καὶ
1063 3622 1177 3685 τοῖς
1208 3619 1270 3673 οὐ
1305 3618 1544 3692 παροῦσι
1570 3619 1659 3673 διὰ
1682 3621 1790 3675 τῶν

190 3716 462 3770 διακόνων
499 3714 793 3785 πέμπεται.
829 3714 893 3767 Οἱ
919 3712 1281 3785 εὐποροῦντες
1315 3712 1371 3766 δὲ
1403 3713 1498 3765 καὶ
1534 3712 1792 3784 βουλόμε-

195 3828 278 3865 νοι
300 3850 315 3872 ,
352 3807 493 3862 κατά
539 3805 858 3879 προαίρεσιν
889 3806 1122 3870 ἕκαστος
1152 3805 1251 3877 τὴν
1284 3806 1507 3871 ἑαυτοῦ,
1542 3807 1571 3860 ὃ
1604 3807 1791 3877 βούλεα-

191 3920 287 3955 ται
336 3901 551 3955 δίδωσι·
610 3899 705 3955 καὶ
760 3900 822 3952 τὸ
879 3898 1270 3970 συλλεγόμενον
1326 3899 1478 3971 παρὰ
1521 3900 1601 3971 τῷ
1658 3918 1794 3972 προ-

195 3994 393 4049 εστῶτι
418 3994 530 4064 (91)
562 3992 877 4047 ἀποτίθεται
903 4033 918 4056 ,
954 3991 1048 4046 καὶ
1111 3991 1272 4056 αὐτὸς
1298 3992 1581 4067 ἐπικουρεῖ
1614 3995 1791 4066 ὀρφα-

194 4090 308 4149 νοῖς
332 4103 396 4141 τε
432 4084 527 4140 καὶ
556 4086 752 4159 χήραις
774 4124 790 4149 ,
840 4082 936 4138 καὶ
972 4085 1085 4147 τοῖς
1116 4082 1205 4138 διὰ
1232 4083 1416 4149 νόσον,
1449 4084 1484 4157 ἢ
1530 4083 1596 4136 δι’
1620 4084 1792 4156 κᾶλλην

196 4180 378 4235 αἰτίαν
420 4179 795 4251 λειπομένοις,
850 4178 943 4256 καὶ
984 4179 1099 4241 τοῖς
1143 4179 1202 4231 ἐν
1242 4176 1461 4247 δεσμοῖς
1505 4172 1656 4241 οὖσι,
1691 4180 1786 4232 καὶ

196 4278 309 4339 τοῖς
337 4274 741 4348 παρεπιδήμοις
764 4268 884 4327 οὖσι
919 4271 1121 4336 ξένοις,
1154 4270 1251 4325 καὶ
1276 4270 1464 4334 ἁπλῶς
1501 4274 1635 4325 πᾶσι
1674 4277 1786 4338 τοῖς

198 4371 260 4425 ἐν
301 4368 460 4441 χρείᾳ
488 4362 608 4420 οῦσι
640 4363 894 4437 κηδεμὼν
942 4363 1175 4433 γίνεται.
1226 4364 1340 4435 Τὴν
1391 4362 1447 4415 δὲ
1494 4363 1588 4415 τοῦ
1637 4363 1789 4435 ἡλίου

195 4462 414 4535 ἡμέραν
473 4462 625 4531 κοινῇ
686 4458 889 4522 πάντες
938 4458 1037 4531 τὴν
1100 4456 1412 4510 συνέλευσιν
1458 4456 1779 4529 ποιούμεθα

303 4559 346 4590 ⁵⁷
388 4557 521 4612 Luc.
548 4572 685 4620 χχιι,
724 4557 811 4611 19.
892 4555 939 4587 ⁵⁸
976 4554 1175 4611 Matth.
1204 4570 1362 4621 χχιι,
1398 4552 1493 4608 28.

269 4654 384 4724 (87)
401 4653 1050 4723 Ἀπομνημονεύμασιν.
1085 4649 1650 4723 Ἀπομνημονεύματα
1674 4660 1797 4724 sunt

201 4722 706 4808 dicta'sapientiu‘m
736 4739 860 4793 qua:
885 4724 1156 4808 memoria
1176 4732 1522 4808 repetuntur.
1561 4723 1655 4804 §ic
1686 4722 1794 4808 Eu:

201 4796 387 4850 sebius
420 4792 517 4849 lib.
541 4809 573 4844 v
606 4792 766 4848 Hist.
804 4796 933 4847 εδει.
964 4808 1086 4860 cap.
1124 4793 1179 4853 8.
1206 4794 1271 4847 de
1309 4793 1514 4846 lrenaeo
1537 4794 1612 4846 ait
1647 4792 1796 4845 εΚαὶ

200 4864 785 4937 ἀπομνημονευμάτων
802 4862 1161 4917 άποστολικοῦ
1182 4863 1740 4937 τινοςᾼπρεσϐυτὲρου.
1758 4903 1769 4915 .
1781 4904 1794 4916 .

206 4934 563 5009 μνημονεύει,
606 4934 1213 5009 ὐἱςεοτιιηιῌαροειριίεὲ
1260 4935 1539 5009 cujusdam
1577 4934 1797 5009 presby-

205 5004 378 5062 ἱρή...
410 5007 667 5060 mminit.
698 5005 838 5059 Hinc
887 5004 1187 5075 Xenophon
1254 5005 1547 5075 scripsisse
1597 5005 1799 5058 dicitur

205 5079 373 5133 libros
392 5076 503 5129 τῶν
529 5077 851 5148 Σωκράτους
870 5074 1448 5148 ἀπομνημονευμάτων
1470 5117 1486 5137 ,
1523 5074 1800 5128 Dictorum

206 5148 449 5203 Socratis
470 5163 587 5216 quia
619 5147 872 5216 memoria
905 5147 1183 5201 recolebat.
1242 5147 1441 5201 Eadem
1486 5161 1615 5199 voce
1672 5157 1801 5199 ante

205 5215 489 5275 Justinum
546 5232 678 5287 usus
714 5227 797 5271 est
844 5215 1039 5287 Papias
1080 5217 1219 5287 apud
1269 5218 1563 5273 Eusebium
1589 5216 1682 5272 lib.
1714 5232 1797 5279 ιιι,

207 5306 225 5343 ι
266 5304 391 5357 cap.
410 5288 501 5342 59.
530 5286 792 5345 Gaurus.

279 5356 805 5442 (δβληρόκλησιν.
863 5356 1176 5425 Legendum
1235 5358 1469 5415 Grahius
1525 5360 1803 5412 existimat

207 5445 575 5485 παράκλησιν.

639 5500 894 5572 δύναμις
915 5500 1093 5567 αὐτῷ.
1138 5500 1253 5555 Non
1279 5500 1463 5555 favent
1486 5501 1603 5554 hzec
1637 5501 1801 5555 verba

212 5573 299 5650 his
334 5570 429 5641 qui
470 5581 619 5650 ratas
647 5582 703 5626 et
740 5570 877 5650 [itas
914 5572 1175 5650 Ecclesia:
1209 5585 1402 5650 preces
1454 5572 1802 5650 impugnant.

210 5642 403 5711 Neque
433 5641 577 5695 enim
616 5657 712 5697 eas
740 5642 991 5698 Justinus
1028 5643 1080 5697 in
1108 5641 1413 5698 sacerdotis
1442 5641 1670 5695 arbitrio
1700 5658 1801 5710 po-

212 5710 348 5767 sitas
382 5710 558 5767 fuisse
580 5712 734 5778 dicit,
772 5714 867 5767 sed
919 5715 1225 5768 sacerdotis
1279 5712 1497 5767 orantis
1537 5715 1798 5765 ardorem

210 5792 268 5834 et
304 5783 663 5837 intentionem
705 5784 870 5837 animi
895 5785 1170 5852 exprimit.
1210 5782 1355 5837 Nihil
1386 5782 1488 5835 sibi
1519 5781 1666 5836 aliud
1703 5798 1803 5836 vo-

214 5854 333 5905 lunt
362 5853 478 5908 hac
511 5854 697 5926 verba,
719 5855 821 5926 ὅση
856 5852 1082 5925 δύναμις
1116 5853 1289 5925 αὐτῷ,
1320 5864 1578 5922 quantum
1608 5863 1804 5926 potest,

212 5933 417 5996 seu,_ut
437 5924 668 5996 reddidi,
699 5924 823 5996 totis
857 5924 1074 5981 viribus.
1108 5926 1199 5980 Sic
1224 5924 1385 5996 paulo
1416 5934 1543 5978 ante
1568 5925 1806 5996 Adicehat

211 5994 558 6051 Christianos
606 5994 856 6062 εὐτόνως,
882 5997 933 6050 id
968 6008 1051 6053 est
1080 5994 1235 6052 cum'
1263 6010 1455 6066 magna
1492 5994 1657 6050 animi
1718 5996 1803 6050 iu-

1885 2040 2060 2110 Atque
2130 2039 2187 2093 in
2250 2040 2503 2093 omnilms
2546 2038 2918 2094 oblationibus
2986 2039 3272 2096 laudamus
3319 2057 3483 2095 crea-

1889 2140 2061 2186 torem
2089 2132 2335 2186 omnium
2360 2146 2458 2200 per
2490 2130 2691 2186 Filium
2720 2131 2839 2200 ejus
2876 2128 3061 2185 .lesum
3113 2132 3391 2187 Christum
3424 2146 3481 2189 et

1887 2240 1984 2295 per
2008 2224 2275 2295 Spiritum
2302 2232 2578 2280 sanctum.
2612 2225 2690 2279 Ac
2716 2224 2869 2288 solis,
2905 2236 2960 2279 ut
2987 2226 3207 2290 dicitur,
3240 2228 3327 2281 die
3353 2243 3481 2281 om-

1888 2319 2038 2371 nium
2062 2318 2177 2372 sive
2203 2316 2367 2371 urbes
2390 2318 2505 2371 sive
2531 2333 2697 2387 agros
2732 2318 3093 2373 incolentium
3128 2321 3181 2373 in
3222 2325 3478 2377 eumdem

1890 2408 2067 2463 locum
2092 2410 2151 2463 ﬁt
2180 2419 2511 2476 conventus,
2546 2420 2603 2465 et
2635 2412 3030 2465 commentaria
3080 2415 3481 2482 apostolorum,

1889 2512 1983 2556 aut
2019 2502 2224 2570 scripta
2252 2505 2647 2572 prophetarum
2703 2502 2979 2574 leguntur,
3011 2508 3192 2574 quoad
3228 2505 3356 2560 licet
3385 2520 3484 2574 per

1891 2606 2127 2665 tempus.
2173 2596 2406 2663 Deinde,
2439 2597 2529 2651 ubi
2557 2597 2731 2652 lector
2756 2596 2939 2661 desiit,
2968 2601 3013 2652 is
3040 2602 3131 2669 qui
3157 2610 3354 2669 praeest
3382 2601 3485 2656 add

1891 2688 2251 2742 munitionem
2273 2686 2458 2742 verbis
2485 2698 2541 2742 et
2562 2688 3003 2744 adhortationem
3021 2692 3087 2745 ad
3106 2707 3191 2744 res
3207 2702 3312 2745 tam
3344 2707 3486 2761 prse-

1890 2777 2071 2831 claras
2107 2778 2396 2833 imitandas
2436 2780 2686 2848 suscipit.
2718 2778 2913 2835 Postea
2946 2797 3136 2837 omnes
3165 2784 3326 2838 simul
3354 2798 3485 2839 con—

1891 2871 2191 2940 surgimus,
2220 2880 2275 2924 et.
2308 2885 2503 2940 preces
2527 2872 2874 2937 emittimus;
2908 2884 3093 2941 atque,
3126 2876 3311 2947 utjam
3343 2878 3486 2932 dixi-

1892 2979 2035 3027 mus,
2068 2964 2157 3019 uhi
2186 2962 2453 3019 desiimus
2492 2966 2728 3034 precari,
2755 2969 2916 3034 panis
2945 2967 3174 3023 ail‘ertur
3201 2980 3259 3025 et
3289 2973 3479 3028 vinum

1891 3065 1947 3111 et
1969 3070 2108 3125 aqua
2132 3073 2146 3111 :
2175 3057 2341 3126 etqui
2367 3067 2586 3127 praeest,
2613 3074 2803 3127 preces
2829 3069 2883 3114 et
2906 3062 3203 3129 gratiarum
3234 3065 3493 3149 actioneq

1892 3148 2024 3203 totis
2052 3148 2260 3203 viribus
2289 3148 2512 3214 emittit,
2539 3160 2595 3204 et
2618 3150 2851 3219 populus
2874 3153 3168 3218 acclamat,
3208 3156 3395 3231 Arnen,
3433 3148 3491 3214 et

1893 3256 2109 3306 eorum,
2135 3240 2189 3295 in
2218 3241 2417 3310 quibus
2448 3243 2641 3313 gratia:
2688 3254 2825 3298 acta:
2851 3253 3000 3308 sunt,
3052 3248 3367 3304 distributio
3428 3254 3489 3306 Iit

1895 3351 1950 3391 et
2004 3334 2435 3390 cormnunicatio
2474 3334 2769 3407 unicuique
2806 3339 3181 3404 praesentium,
3208 3352 3264 3396 et
3294 3344 3490 3398 absen-

1895 3428 2040 3483 tibus
2069 3444 2170 3499 per
2196 3430 2458 3486 diaconos
2497 3429 2753 3485 mittitur.
2806 3429 2911 3497 Qui
2965 3434 3245 3490 abundant
3292 3448 3348 3493 et
3396 3421 3491 3493 vo-

1896 3522 2038 3595 lunt,
2065 3538 2165 3580 suo
2187 3526 2441 3593 arbitrio,
2482 3524 2630 3595 quod
2685 3526 2917 3596 quisque
2963 3529 3103 3595 volt,
3160 3532 3488 3605 largiuntur,

1893 3615 2007 3688 84
2034 3627 2088 3671 et
2119 3621 2263 3687 quod
2291 3617 2568 3689 colligitur
2592 3619 2736 3689 apud
2765 3636 2916 3685 eum,
2951 3623 3043 3691 qui
3070 3636 3291 3691 prmest,
3326 3631 3494 3699 ἀρρυσ-

1896 3713 2067 3777 nitur,
2096 3727 2159 3768 ac
2193 3710 2308 3783 ipse
2336 3713 2589 3768 subvenit
2631 3714 2852 3786 pupillis
2880 3727 2937 3771 et
2974 3716 3173 3784 viduis,
3223 3732 3280 3774 et
3305 3720 3371 3774 iis
3397 3712 3492 3790 qui
3543 3708 3549 3713 ’

1898 3805 1982 3861 vel
2007 3807 2078 3862 ob
2107 3809 2378 3871 morbum,
2413 3808 2496 3864 vel
2539 3810 2706 3863 aliam
2755 3810 2827 3865 ob
2864 3828 3089 3869 causam
3142 3825 3326 3885 egent,
3376 3828 3491 3872 tum

1896 3899 2069 3954 etiam
2100 3901 2168 3955 iis
2191 3901 2283 3973 qui
2326 3903 2379 3955 in
2413 3902 2645 3958 vinculis
2685 3914 2815 3959 sunt
2856 3916 2913 3961 et
2939 3907 3362 3966 advenientibus
3399 3926 3494 3983 pe-

1899 4006 2056 4064 regre
2100 3995 2445 4065 hospitibus;
2498 4012 2608 4053 uno
2638 4000 2807 4055 verbo
2842 4002 3086 4057 omnium
3128 4004 3489 4074 indigentium

1898 4102 2086 4141 curam
2114 4088 2363 4158 suscipit.
2392 4088 2487 4145 Die
2514 4101 2699 4146 autem
2737 4092 2869 4149 solis
2907 4109 3100 4150 omnes
3136 4097 3300 4151 simul
3361 4115 3492 4153 cou-

1896 4180 2169 4243 venimus,
2202 4189 2313 4234 tum
2341 4181 2467 4250 quia
2495 4182 2668 4250 prima
2710 4183 2825 4239 hzec
2874 4188 2990 4242 dies
3027 4197 3132 4251 est,
3163 4203 3270 4255 qua
3326 4189 3489 4255 Deus,

1895 4288 2018 4328 cum
2054 4276 2309 4331 tenebras
2329 4289 2384 4332 et
2409 4280 2695 4334 materiam
2724 4283 3000 4347 vertisset,
3034 4284 3294 4337 mundmn
3328 4300 3490 4339 crea-

1897 4366 1998 4430 vit,
2032 4373 2149 4420 tum
2182 4369 2307 4438 quia
2336 4368 2498 4425 Jesus
2524 4370 2773 4428 Christus
2803 4373 3055 4428 Salvator
3086 4387 3273 4431 uoster
3297 4378 3491 4435 eadem

1894 4459 1983 4514 die
2010 4476 2077 4515 ex
2108 4463 2338 4517 mortuis
2369 4468 2695 4521 resurrexit.
2728 4466 2910 4522 Pridie
2934 4467 3078 4522 enim
3106 4466 3333 4523 Saturni
3364 4486 3491 4528 eum

1829 4684 1871 4737 Β
1904 4616 2363 4737 tentionepreces
2386 4651 2642 4737 [quidem
2669 4654 2736 4737 ljlt
2756 4671 2919 4737 supra
2946 4674 3000 4713 n.
3037 4659 3136 4737 i5}
3160 4662 3296 4737 Ὄσιι
3330 4663 3495 4737 δύνα-

1903 4738 1998 4801 μις
2038 4720 2336 4801 αίνοῦντες.
2382 4720 2979 4801 Νἰηίνίιιεᾷἁνεϐόησαν
3026 4731 3161 4801 πρὸς
3216 4720 3309 4786 τὸν
3364 4736 3499 4789 Θεὸν

1900 4792 2159 4868 ὲκτενξῖις,
2187 4793 2336 4868 longe
2362 4810 2451 4868 ιιι,
2475 4810 2525 4847 v.
2550 4796 2605 4850 8.
2632 4799 2726 4851 Sic
2754 4792 2918 4851 etiam
2950 4792 3214 4868 Origenes
3249 4820 3321 4860 \‘l.
3350 4808 3498 4860 Cels.

1901 4876 2026 4929 pag.
2051 4863 2157 4917 586
2190 4884 2201 4917 :
2224 4863 2385 4916 Ἀλλά
2406 4864 2497 4918 τὸν
2521 4868 2615 4920 ἕνα
2632 4868 2785 4931 Θεὸν,
2818 4870 2913 4923 καὶ
2943 4872 3034 4923 τὸν
3050 4863 3159 4926 ’ἕνα
3179 4874 3304 4926 Υίὸν
3328 4878 3497 4930 αὐτοῦ

1902 4934 1997 5015 καὶ
2018 4934 2190 5015 Λόγον
2213 4935 2322 5015 θεαὶ.
2345 4938 2699 5015 εἰκόναηταῖς
2726 4941 2867 5015 κατά
2882 4942 2943 4994 τὸ
2969 4942 3193 5015 δυνατὸν
3220 4947 3353 5015 ἡμῖν
3384 4949 3498 5001 ἱκε-

1903 5003 2174 5087 σίαιςριαὶ
2201 5005 2472 5087 ἀξιώσεσι-
2507 5009 2788 5087 σέϐομεν..
2823 5011 3016 5087 Unum_
3054 5003 3275 5087 Deum,"
3300 5018 3500 5087 inquit.

1903 5084 1953 5127 ει
1981 5076 2195 5128 unicum
2218 5094 2334 5144 ejus
2363 5078 2562 5155 Filium
2577 5090 2623 5134 et
2640 5076 2657 5155 ί
2672 5080 2893 5155 Verbum
2924 5094 2974 5134 et
2999 5076 3306 5152 imaginem,
3329 5076 3501 5155 quan;

1902 5158 2025 5221 lunt
2045 5150 2849 5221 possumus,supplicationibus
2874 5164 2919 5206 et
2953 5150 3219 5221 precilius,
3252 5150 3499 5215 colimus.

1978 5216 2092 5287 (90)
2145 5216 2527 5287 Ἀναπέμπὲι.
2558 5222 2671 5275 lloc
2707 5226 2893 5289 verbo,
2936 5216 3046 5292 quo
3089 5216 3338 5282 Justinus
3398 5232 3502 5284 hoc

1906 5285 2028 5369 loco
2066 5297 2129 5369 et.
2148 5298 2305 5343 antea
2329 5285 2383 5344 et
2406 5308 2550 5361 sa:pe
2572 5292 2707 5346 alias
2732 5285 2924 5359 utitur,
2956 5285 3273 5369 'clamorem
3307 5314 3500 5369 quem-

1907 5359 2051 5436 dam,
2087 5358 2417 5436 sive__vocem
2454 5358 2647 5432 magno
2676 5375 2871 5418 conatu
2900 5358 3157 5420 emissam
3192 5358 3502 5436 signiﬁcari

1906 5432 2163 5553 oEbiigvat
2196 5427 2450 5487 Valesius
2480 5427 2695 5503 ad'cap.
2732 5437 2822 5489 15.
2860 5437 2953 5491 lih.
3002 5452 3071 5489 Iv.
3112 5427 3271 5494 Hist:
3312 5442 3498 5496 eccles.

1953 5518 1983 5553 ιι
2092 5517 2149 5553 ιι.

1953 5515 2149 5557 ιιεεῡιι.

1978 5572 2289 5652 (91).Παρὰ
2310 5571 2390 5639 τῷ
2422 5574 2775 5652 προεστῶσι.
2806 5576 2920 5633 llae
2948 5592 3083 5635 voce
3113 5581 3498 5652 presbyterum

1908 5644 2681 5719 aut_episc0puurdesignat.
2714 5647 2949 5719 Utrique
2980 5644 3128 5704 enini
3181 5644 3504 5705 communes

1909 5712 2318 5791 perfunctiones
2353 5716 2419 5771 de
2452 5712 2651 5787 quibus
2688 5720 2777 5773 hic
2835 5712 3035 5787 agitur,
3079 5736 3274 5790 nempe
3324 5723 3501 5791 baptic

1908 5798 2060 5862 _zare,
2091 5787 2409 5840 sacrillcare
2436 5802 2493 5862 et
2518 5804 2817 5859 pauperum
2837 5805 3040 5862 _cn_ram
3075 5787 3291 5862 gerere.
3323 5787 3504 5857 Atque

1909 5855 1963 5908 id
1996 5871 2175 5910 (vatlsar
2212 5871 2335 5911 esse
2370 5855 2642 5920 arbitror,
2668 5876 2771 5913 cur
2796 5860 2933 5913 nihil
2955 5855 3107 5916 dicat
3150 5855 3503 5917 Justinus'de

1908 5927 2362 6007 continuatione;
2394 5931 2520 6000 quia
2566 5932 2777 5987 scilicet
2824 5932 2926 5987 soli
2975 5947 3098 5990 eam
3150 5936 3358 5989 dabant
3396 5934 3505 6003 epis

1910 6011 2081 6051 scout.

1910 6012 2081 6069 scopi.
