4132 6436
145 379 266 437 διο

1257 366 1606 427 APOLOGIA
1642 364 1687 420 ll
1725 362 1864 421 PRO
1886 362 2371 422 ACHRISTIANIS.

3365 353 3475 414 ιω

156 514 261 553 1ιιιιι
281 538 301 565 ,
334 496 571 569 δημοσίᾳ
614 492 1064 567 καταμαρτυρεῖ,
1097 488 1174 555 ὼς
1216 487 1396 545 ἀθέων
1429 487 1525 543 καὶ
1565 484 1763 542 ἀσεόῶι

1881 499 2005 554 qua:
2046 498 2276 555 prorsus
2323 485 2564 554 ignorat,
2614 482 2810 538 albeo:
2842 490 2898 539 et
2931 482 3131 553 impios
3153 495 3282 538 esse
3310 480 3445 538 Cbri

146 588 510 663 Χριστιανῶν
531 586 719 649 ὄντων,
744 584 881 658 πρὸς
904 584 1061 655 χάριν
1084 582 1180 635 καὶ
1204 578 1397 651 ἡδονὴν
1421 577 1529 631 τῶν
1555 573 1765 630 πολλῶν

145 696 269 732 των
300 675 738 749 πεπλανημένων
755 673 867 746 (75)
884 672 1056 726 ταῦτα
1082 668 1354 743 πράττων.
1373 667 1509 722 Εἴτε
1536 666 1666 738 γὰρ,
1688 664 1766 737 μὴ

148 771 410 844 ἐντυχὼν
424 772 537 835 τοῖς
554 768 646 824 τοῦ
660 770 705 822 Χ
716 765 896 840 ριστοῦ
907 763 1221 834 διδάγμασι,
1234 760 1563 833 κατατρέχει
1584 758 1762 831 ήμῶν,

146 862 529 933 παμπόνηρός
567 862 711 926 ἐστι,
748 859 843 914 καὶ
891 857 1116 913 ἰδιωτῶν
1164 854 1343 925 πολλῷ
1391 853 1591 925 χείρων
1626 850 1763 925 (76),

147 956 206 1010 οἳ
242 955 613 1025 φυλάττονται
646 952 907 1016 πολλάκις
940 952 1068 1024 περὶ
1100 944 1175 1005 ὧν
1192 950 1292 1003 οὐκ
1314 947 1629 1001 ἐπίστανται
1649 945 1765 999 δια-

147 1046 426 1117 λέγεσθαι
442 1045 537 1099 καὶ
551 1044 1043 1116 ψευδομαρτυρεῖν.
1065 1043 1135 1097 Ἣ
1167 1043 1217 1095 εἰ
1249 1038 1508 1111 ἐντυχὼν,
1534 1039 1609 1110 μή
1638 1052 1763 1091 συν-

148 1140 265 1212 ’ἧκε
337 1138 399 1191 τὺ
432 1139 491 1191 ἐν
524 1138 710 1200 αὐτοῖς
746 1134 1037 1207 μεγαλεῖον
1072 1134 1203 1205 (77)·
1239 1133 1272 1205 ἢ
1310 1131 1511 1197 συνεὶς,
1535 1126 1671 1201 πρὸς
1704 1126 1764 1183 τὸ

156 1233 239 1303 μὴ
276 1228 686 1301 ὑποπτευθῆναι
719 1227 958 1292 τοιοῦτος
991 1226 1166 1281 ταῦτα
1198 1226 1361 1288 ποιεῖ,
1390 1224 1524 1277 πολὺ
1564 1221 1762 1293 μᾶλλον

150 1324 401 1393 ἀγεννὴς
434 1322 531 1376 καὶ
565 1321 945 1393 παμπόνηρος,
984 1320 1259 1389 ἰδιωτικῆς
1294 1316 1389 1371 καὶ
1435 1316 1631 1385 ἀλόγου
1675 1314 1763 1368 δό-

152 1412 260 1483 ξης
314 1413 410 1465 καὶ
458 1409 623 1479 φόϐου
657 1410 895 1465 ἐλάττων
914 1409 1013 1463 ὤν.
1051 1408 1165 1463 Καὶ
1198 1407 1306 1478 γὰρ
1341 1404 1614 1477 προθέντα
1648 1402 1761 1476 (78)

156 1521 232 1575 με
272 1504 369 1557 καὶ
403 1504 757 1574 ἐρωτήσαντα
788 1501 951 1555 αὑτὸν
975 1500 1269 1573 ἐρωτήσεις
1303 1497 1453 1560 τινὰς
1486 1494 1759 1559 τοιαύτας,

154 1597 261 1651 καὶ
300 1595 493 1668 μαθεῖν
527 1595 639 1666 (79)
685 1594 781 1650 καὶ
826 1593 1044 1664 ἐλέγξαι
1078 1594 1159 1646 ὅτι
1191 1589 1408 1663 άληθῶς
1444 1586 1608 1661 μηδὲν
1642 1587 1763 1641 ἐπί-

157 1702 383 1752 σταται,
409 1685 611 1740 ειδέναι
645 1685 791 1756 ὑμᾶς
827 1684 1110 1755 βούλομαι.
1135 1681 1247 1736 Καὶ
1278 1682 1360 1734 ὄτι
1391 1678 1569 1751 ἀληθῆ
1590 1678 1757 1747 λέγω,

155 1780 211 1832 ει
266 1778 342 1851 μή
384 1776 764 1850 ἀνηνέχθησαν
811 1778 941 1847 ὑμῖν
988 1776 1044 1829 αὶ
1091 1773 1367 1847 κοινωνίαι
1412 1771 1519 1825 τῶν
1562 1770 1757 1839 λόγων,

156 1845 386 1941 hoino;
420 1845 515 1925 καὶ
546 1845 820 1940 ἐτρίὺμῶν
851 1845 1131 1922 κοινωνεῖν
1163 1864 1271 1919 τῶν
1295 1845 1628 1936 ἐρωτήσεων
1661 1863 1764 1917 πά-
1796 1845 1839 1900 Β

156 1962 272 2018 λιν.
311 1963 601 2019 Βασιλικὸν
648 1963 693 2017 δ’
727 1962 793 2015 ἂν
828 1962 923 2016 καὶ
956 1960 1114 2014 τοῦτο
1146 1958 1307 2031 ἔργον
1341 1957 1445 2029 εῐη.
1482 1958 1544 2010 Ei
1576 1956 1632 2008 δὲ
1668 1954 1762 2009 καὶ

160 2056 522 2126 ἐγνώσθησαν
558 2057 687 2126 ὑμῖν
721 2057 776 2109 αἱ
812 2055 1113 2127 ἐρωτήσεις
1149 2068 1271 2123 μου,
1307 2050 1403 2104 καὶ
1450 2052 1505 2103 αἱ
1552 2050 1762 2103 ἐκείνου

160 2151 511 2225 ἀποκρὶσεις,
546 2151 781 2222 φανερὸν
814 2150 942 2220 ὑμῖν
984 2150 1152 2212 ἐστιν,
1189 2148 1270 2200 δτι
1304 2146 1455 2199 οὐδὲν
1489 2145 1595 2199 τῶν
1625 2148 1765 2216 ήμε-

162 2246 347 2317 τέρων
374 2240 485 2315 (80)
522 2244 846 2297 ἐπίσταται·
884 2241 939 2314 ἢ,
975 2244 1023 2295 εἰ
1057 2242 1150 2295 καὶ
1184 2239 1470 2293 ἐπίσταται
1507 2236 1640 2309 (81),
1676 2238 1763 2293 διά

160 2339 296 2400 τοὺς
329 2336 627 2399 ἀκούοντας
656 2335 714 2389 δέ
746 2318 821 2389 οὐκ
841 2333 1014 2406 τολμᾷ
1034 2333 1216 2401 λέγειν
1236 2331 1437 2402 ὁμοίως
1457 2332 1758 2402 Σωκράτει,

160 2430 241 2493 ὡς
278 2430 549 2501 προέφην,
584 2429 645 2483 οὐ
682 2428 989 2498 φιλόσοφος,
1024 2426 1160 2481 ἀλλά
1194 2424 1467 2495 φιλόδοξος
1491 2426 1601 2495 (82)
1626 2426 1765 2498 ἀνὴρ

158 2522 477 2576 δείκνυται·
514 2523 572 2585 ὃς
604 2539 669 2590 γε
706 2521 779 2593 μὴ
814 2520 873 2575 τὸ
896 2521 1007 2592 (85)
1044 2520 1408 2590 Σωκρατικὸν,
1444 2520 1767 2591 ἀξιέραστον

163 2612 249 2675 ὃν,
288 2614 445 2683 τιμᾷ,
487 2632 503 2663 ι
529 2611 665 2664 Ἀλλ’
695 2611 813 2664 οὔτι
846 2627 909 2679 γε
944 2610 1053 2682 πρὸ
1087 2609 1185 2679 τῆς
1218 2608 1476 2680 ἀληθείας
1510 2610 1767 2680 τιμητέος

160 2708 329 2778 ἀνήρ.
368 2726 387 2758 ι
410 2704 691 2759 Ἀδύνατον
708 2704 763 2758 δέ
778 2698 1001 2775 κυνικῷ,
1027 2702 1319 2775 ἀδιάφορον
1342 2704 1400 2756 τὺ
1426 2702 1577 2767 τέλος
1602 2720 1765 2775 προε-

164 2799 342 2869 μένῳ,
378 2798 437 2850 τὺ
469 2796 675 2867 ἀγαθὸν
708 2796 911 2851 εἰδέναι
945 2794 1085 2868 πλὴν
1120 2796 1465 2865 ἀδιαφορίας.

1871 578 2114 642 stianos,
2144 580 2212 633 ad
2241 576 2477 647 gratiam
2500 586 2556 631 et
2582 576 2922 647 voluptatem
2948 578 3192 646 decepta:
3208 576 3467 643 plebecu-

1869 670 1935 725 la:
1964 684 2317 726 asseverans.
2356 668 2494 723 Nam
2530 669 2600 734 si,
2633 684 2756 723 cum
2780 670 3089 724 doctrinam
3123 668 3332 723 Christi
3358 684 3468 724 non

1868 756 2080 829 legerit,
2114 772 2213 812 nos
2255 767 2441 812 tamen
2472 760 2749 825 exagitat,
2801 758 3175 829 nequissimus
3221 758 3470 830 profecto

1868 860 1954 905 est
1979 865 2045 905 ac
2080 849 2251 904 multo
2286 850 2530 905 deterior
2549 850 2656 921 91
2690 852 3007 907 hominibus
3050 852 3337 921 imperitis,
3374 852 3469 923 qui

1869 956 2013 1012 stepe
2046 951 2284 1007 cavent,
2322 957 2391 997 ne
2424 944 2492 998 de
2526 944 2713 1009 rebus,
2753 959 2891 1014 quas
2926 946 3199 1015 ignorant,
3239 947 3471 1015 loquan-

1869 1047 1963 1092 tur
1988 1044 2045 1091 et
2072 1035 2272 1089 falsum
2311 1034 2685 1091 testimonium
2716 1037 2928 1092 dicant.
2955 1037 3054 1091 Sin
3089 1048 3273 1093 autem
3311 1037 3466 1108 legit,

1868 1144 1976 1185 non
2029 1128 2302 1183 intellexit
2358 1128 2520 1198 hujus
2554 1129 2818 1184 doctrina:
2853 1131 3233 1197 maiestatem;
3281 1141 3381 1183 aut
3413 1129 3465 1185 si

1867 1220 2175 1284 intellexit,
2210 1235 2279 1275 ne
2309 1221 2684 1277 Christianum
2733 1237 2857 1276 esse
2889 1206 3040 1276 illum
3090 1222 3345 1277 homines
3376 1238 3469 1276 su—

1868 1313 2255 1385 spicentur,ita
2273 1313 2511 1383 segerit,
2540 1329 2604 1369 ac
2631 1312 2801 1369 multo
2825 1316 2999 1385 magis
3030 1316 3259 1384 ignavus
3283 1323 3369 1369 est
3401 1325 3463 1369 et

1862 1407 2158 1479 pessimus,
2197 1416 2255 1461 ut
2296 1407 2389 1477 qui
2426 1408 2675 1477 populari
2704 1404 2814 1465 etva
2856 1410 3070 1463 ratione
3108 1408 3285 1463 aliena
3344 1407 3470 1477 Opi-

1864 1499 2029 1553 nione
2067 1515 2130 1553 ac
2161 1510 2307 1554 metu
2334 1511 2643 1571 superetur.
2684 1502 2819 1556 lllud
2844 1502 2991 1556 enim
3022 1502 3171 1557 scire
3222 1516 3319 1555 vos
3368 1513 3467 1555 ve-

1863 1591 1958 1646 lim
1992 1608 2102 1658 me,
2130 1608 2253 1646 cum
2292 1595 2589 1650 nonnullas
2624 1597 2677 1650 ei
2707 1595 3170 1665 interrogationes
3196 1592 3464 1660 ejusmodi

1863 1676 2290 1753 proposuissem,
2333 1682 2598 1740 didicisse
2631 1695 2687 1740 et
2736 1686 3164 1756 deprehendisse
3192 1685 3345 1738 illum
3379 1698 3465 1735 reo

1864 1792 1990 1831 vera
2023 1776 2157 1830 nihil
2181 1774 2347 1830 scire.
2380 1777 2560 1847 Atque
2590 1782 2649 1833 ut
2678 1794 2868 1833 verum
2908 1793 2940 1832 ο
2986 1778 3224 1833 medici
3261 1783 3468 1845 pateat,

1866 1881 2094 1941 paratus
2136 1884 2278 1931 sum.
2330 1870 2376 1924 sl
2420 1873 2820 1941 disputationes
2862 1872 2967 1925 illm
3000 1871 3066 1925 ad
3099 1884 3196 1925 vos
3237 1868 3466 1939 perlata

1868 1978 1975 2016 non
1998 1974 2148 2030 sunt,
2179 1981 2365 2020 coram
2394 1967 2551 2021 vobis
2590 1965 3054 2035 interrogationes
3092 1964 3289 2015 iterum
3342 1974 3468 2029 pro-

1864 2068 2089 2123 ponere.
2120 2057 2351 2129 Regium
2378 2074 2511 2113 sane
2545 2058 2648 2114 hoc
2680 2058 2845 2112 etiam
2867 2071 3004 2127 opus
3029 2054 3213 2110 fuerit.
3245 2053 3304 2108 Si
3328 2065 3463 2107 vero

1865 2150 1935 2203 ad
1984 2165 2147 2205 aures
2200 2162 2414 2207 vestras
2474 2153 2937 2221 interrogationes
2998 2163 3157 2213 mete,
3207 2147 3466 2215 illiusque

1864 2258 2121 2313 responsa
2157 2231 2554 2314 pervenerunt,
2598 2239 2771 2312 liquet
2803 2242 2956 2297 vobis
2991 2240 3127 2296 nihil
3159 2254 3286 2294 eum
3317 2238 3463 2292 scire

1868 2351 2049 2389 rerum
2083 2331 2433 2405 nostrarum;
2468 2347 2562 2391 aut
2615 2338 2659 2391 si
2705 2338 2809 2391 scit
2846 2338 2936 2391 ille
2960 2337 3207 2405 quidem,
3230 2333 3327 2387 sed
3365 2346 3464 2385 au-

1867 2429 2133 2483 dientium
2188 2444 2333 2487 metu
2392 2449 2501 2488 non
2544 2433 2709 2487 audet
2753 2431 2821 2486 ad
2863 2428 3176 2499 exemplum
3209 2424 3465 2480 Socratis

1869 2522 2082 2593 eloqui;
2126 2539 2231 2576 non
2264 2524 2675 2595 philosophum,
2705 2524 2892 2591 utjam
2921 2522 3065 2585 dixi,
3098 2520 3193 2574 sed
3242 2515 3462 2586 opinio-

1869 2631 1997 2669 num
2032 2629 2337 2673 amatorem
2372 2618 2743 2687 deprehendi;
2786 2618 2987 2687 quippe
3020 2613 3112 2683 qui
3154 2608 3463 2681 pulcherrio

1868 2724 2017 2764 nium
2048 2712 2181 2767 illud
2206 2714 2451 2769 Socratis
2476 2715 2682 2769 dictum
2709 2712 2861 2782 parvi
2894 2708 3059 2763 faciat
3096 2724 3111 2761 :
3148 2722 3167 2755 ‹
3210 2704 3317 2758 Sed
3342 2700 3465 2770 Pl!!!

1869 2801 2096 2860 honoris
2155 2825 2261 2863 non
2315 2819 2401 2864 est
2458 2808 2764 2863 habendum
2825 2802 3057 2868 homini,
3114 2813 3277 2869 quam
3320 2794 3466 2847 veri-

161 2893 266 2946 tati
293 2893 403 2944 δ’.»
442 2892 637 2947 Verum
664 2893 932 2963 integrum
985 2892 1194 2963 Cynico
1225 2905 1335 2947 non
1368 2903 1475 2959 est,
1534 2892 1701 2949 linem
1760 2896 2015 2955 ultimum
2074 2904 2131 2959 in
2190 2906 2558 2961 indiderentia
2612 2901 2991 2966 constituenti,
3052 2896 3196 2951 aliud
3259 2894 3464 2948 bonum

161 2994 363 3057 praeter
388 2987 525 3042 hanc
566 2986 983 3042 indiﬂ'erentiam
1011 2988 1354 3043 existimare.

241 3077 295 3131 ι.
342 3077 526 3142 Ὅπως
547 3078 604 3131 δὲ
629 3080 702 3150 μή
730 3097 814 3143 τις
835 3079 963 3151 εἴπῃ
991 3079 1101 3151 (84)
1121 3095 1134 3109 ⁶
1169 3080 1375 3144 Πάντες
1398 3070 1492 3134 οὖν
1522 3082 1752 3145 ἑαυτοὺς

165 3169 529 3241 φονεύσαντες
558 3168 853 3241 πορεύεσθε
883 3170 987 3242 ήδη
1017 3171 1167 3243 παρά
1187 3172 1283 3227 τὸν
1315 3171 1468 3239 Θεὸν,
1498 3172 1591 3227 καὶ
1620 3174 1752 3245 ἡμῖν

241 3352 289 3383 ⁸³
322 3350 465 3406 Plat.
494 3367 529 3405 ι
566 3349 640 3405 De
669 3368 805 3419 rep.,
832 3368 887 3423 p.
922 3349 1046 3407 593.

1932 3082 1986 3136 ι.
2032 3080 2139 3136 Sed
2169 3098 2235 3138 ne
2261 3084 2382 3153 quis
2425 3085 2498 3137 ita
2543 3085 2730 3138 dicat:
2761 3102 2778 3133 ‹
2810 3082 3013 3137 Omnes
3052 3082 3217 3151 igitur
3288 3090 3464 3137 morte

1860 3175 2015 3229 vobis
2043 3176 2175 3245 ipsis
2201 3176 2347 3229 illata
2375 3176 2489 3246 jam
2520 3191 2665 3230 nunc
2686 3178 2831 3230 abite
2868 3177 2934 3230 ad
2968 3176 3157 3241 Deum,
3182 3188 3282 3227 nce
3308 3170 3465 3227 nobis

242 3507 354 3576 (75)
388 3506 890 3575 Πεπλαν-ημένιιηο.
940 3504 1030 3559 Sic
1061 3505 1227 3559 etiam
1254 3505 1485 3561 Rufinus
1528 3515 1583 3578 et
1619 3506 1763 3561 Nice-

1880 3507 1975 3575 git,
2008 3506 2040 3578 ἢ
2066 3507 2114 3557 εἰ
2138 3503 2335 3578 συνείς,
2362 3513 2413 3557 et
2446 3503 2870 3578 distinguitpost
2902 3503 3162 3578 ἐντυχών.
3188 3505 3329 3578 Male
3357 3505 3465 3560 Etr-

173 3579 384 3650 phortts
417 3586 501 3650 get
566 3587 677 3630 tres
706 3577 1042 3650 antiquiores
1086 3593 1214 3650 mss.
1265 3579 1504 3631 codices.
1544 3576 1649 3650 Sed
1686 3586 1768 3650 ta-

173 3646 295 3704 inen
338 3646 578 3700 Valesius
633 3649 832 3700 retinet
878 3646 1331 3718 πεπλανημένως,
1370 3659 1534 3718 atque
1580 3649 1655 3702 ita
1691 3648 1767 3702 le-

184 3718 421 3789 gendum
455 3718 915 3789 esse_contendit.

246 3787 357 3859 (76)
393 3787 610 3852 Πολλῷ
649 3790 899 3859 χείρων.
923 3788 994 3841 lta
1029 3787 1293 3843 editiones
1327 3788 1544 3843 Eusebii
1581 3798 1635 3842 et
1668 3804 1767 3843 co-

174 3858 275 3916 dex
334 3859 741 3912 vetustissimus
812 3858 991 3922 Colb.,
1028 3860 1113 3912 cui
1167 3860 1442 3915 consentit
1497 3860 1637 3913 alius
1698 3876 1766 3913 ex

177 3930 367 3999 Regiis
418 3929 572 3981 valde
605 3929 1139 4002 a_tttiquus,e._xcepto
1170 3931 1314 4002 quod
1352 3931 1513 3985 habet
1562 3930 1763 4002 χεῖρον.

177 3998 410 4057 Codices
445 4000 778 4069 recentiores
813 4010 867 4054 et
899 3998 1239 4069 Nicepltortts
1275 4001 1499 4068 habent,
1539 3998 1597 4054 ut
1632 3998 1764 4054 editi

178 4070 379 4133 nostri,
412 4066 566 4122 πολύ.
604 4067 750 4123 lnl‘ra
807 4066 1215 4125 vetustissimus
1264 4074 1434 4125 codex
1486 4066 1767 4126 'Colherti-

179 4159 281 4198 nus
312 4140 478 4195 habet
510 4138 591 4192 ὢν
627 4138 856 4203 ἐλάττω,
893 4142 1033 4195 alius
1068 4142 1251 4196 itidem
1286 4142 1438 4201 Colb.
1478 4145 1634 4196 valde
1666 4159 1764 4195 an-

180 4215 362 4281 tiquus
394 4203 468 4262 ὧν
503 4210 759 4263 ἐλάττων.
789 4212 863 4282 lt_a
902 4220 963 4282 et
993 4210 1263 4267 Rohertus
1297 4211 1630 4282 Stephanus.
1657 4211 1764 4267 Re-

179 4274 295 4355 gius
315 4282 487 4355 _valile
524 4286 785 4355 antiquus
815 4274 905 4355 ᾧνΔ
925 4280 1156 4355 ἐλάσσω.

254 4353 369 4421 (77)
402 4352 499 4419 Μὴ
527 4349 760 4419 συνῆκε
790 4353 853 4405 τὸ
883 4352 951 4404 ἐν
977 4352 1178 4419 αὐτοῖς
1205 4352 1543 4422 μεγαλεῖον.
1587 4353 1751 4409 Euse-

182 4426 268 4479 bio
301 4424 528 4478 debetur
558 4422 719 4487 hujus
764 4423 865 4475 loci
903 4429 1231 4478 emendatio.
1275 4424 1559 4478 llabehant
1610 4427 1755 4479 enim

178 4496 313 4549 editi
352 4494 521 4566 nostri
556 4493 666 4545 :‘H
699 4494 746 4545 ei
769 4494 1009 4566 ,ἐντυχὼν
1055 4494 1131 4565 τῷ
1164 4498 1222 4549 ἐν
1260 4495 1441 4559 αὐτοῖς
1466 4494 1760 4566 μεγαλείῳ,

1877 3574 2063 3631 sebins
2096 3576 2187 3629 καὶ
2215 3577 2262 3628 εἰ
2290 3574 2547 3645 ἐντυχὼν.
2584 3574 2759 3629 Habet
2783 3574 3146 3645 Nicephorus,
3173 3588 3231 3631 ut
3259 3575 3462 3633 Justini

1876 3649 2163 3701 editiones.

1948 3720 2060 3787 (78)
2101 3716 2420 3785 Προθέντα.
2465 3715 2539 3770 lta
2574 3718 2771 3772 Euseb.
2795 3716 2989 3771 melius
3021 3732 3182 3786 quam
3211 3718 3339 3771 editi
3368 3734 3461 3772 no-

1872 3792 1971 3845 stri
2003 3788 2362 3859 προταθέντα.

1945 3857 2059 3928 (79)
2098 3858 2341 3913 Μαθεῖν.
2385 3859 2550 3912 Deest
2580 3857 2895 3925 coniunctio
2928 3857 3072 3925 apud
3102 3857 3467 3928 Eusebium.‘

1944 3927 2057 4001 (80)
2104 3928 2225 4003 Τῷν
2259 3929 2583 4003 ἡμετέρων.
2626 3928 3061 4003 H_:ec‘addiditex
3084 3928 3319 3984 Eusebio
3344 3927 3463 4003 Syl-

1870 3998 2119 4067 burgius.
2152 4002 2244 4055 Sic
2278 4003 2443 4054 etiam
2486 4000 2612 4067 legit
2653 3998 2905 4054 Ruﬁnus.

1942 4074 2054 4145 (81)
2096 4075 2183 4136 Ἠ,
2211 4074 2263 4125 εὶ
2294 4070 2393 4123 καὶ
2417 4071 2749 4125 ἐπίσταται.
2791 4069 2953 4126 Deest
2988 4070 3087 4125 καί
3114 4072 3255 4144 apud
3290 4071 3463 4127 Euse-

1868 4146 2041 4201 bium.

1941 4216 2055 4288 (82)
2096 4212 2441 4288 Φιλόδοεος.
2484 4210 2717 4288 Notatur
2735 4212 2840 4268 hac
2855 4228 2991 4288 voce
3004 4228 3112 4288 non
3139 4221 3249 4268 tam
3268 4212 3460 4288 gloria

1870 4285 2029 4358 quam
2064 4286 2339 4356 opinionis
2364 4296 2419 4358 e_t
2448 4286 2717 4338 mendacii
2750 4298 2924 4358 amor.
2949 4285 3168 4358 (Idcirco
3190 4286 3334 4358 enim
3363 4302 3459 4352 φι-

1867 4356 2079 4424 λόδοξος
2108 4367 2331 4410 vocatur
2375 4356 2667 4419 Crescens,
2691 4356 2814 4424 quia
2846 4357 3128 4410 veritatem
3159 4356 3460 4426 praedicare

1869 4446 1975 4483 non
2004 4430 2187 4490 audet,
2214 4442 2277 4499 ac
2309 4426 2428 4494 plus
2455 4427 2770 4499 hominibus
2800 4426 2990 4499 tribuit
3009 4442 3186 4499 quam
3212 4428 3457 4499 veritati.

1869 4500 2039 4553 Paulo
2066 4508 2190 4552 ante
2224 4498 2512 4551 dicebatur
2554 4514 2569 4551 :
2606 4495 2903 4565 ’ἰδιωτικῆς
2938 4495 3261 4565 καΥάλόγου
3299 4496 3460 4567 δόξης

179 4566 213 4637 ἢ
252 4565 450 4639 συνεξς,
478 4566 619 4639 quod
650 4565 869 4639 quidem
900 4558 1230 4639 postremum
1263 4558 1484 4639 verbum
1516 4558 1757 4622 necessié

1866 4571 1959 4624 καὶ
1989 4569 2157 4639 φόὸου
2190 4567 2446 4621 ἐλάττων.
2499 4567 2554 4621 In
2590 4570 2836 4639 enindem
2862 4558 3203 4639 sententiam
3243 4558 3459 4620 videtdr

182 4634 348 4709 tatcttt
380 4635 610 4709 imponit
647 4634 865 4709 legendi
899 4648 1055 4690 antea
1092 4637 1166 4709 μὴ
1192 4636 1411 4706 συνῆκε.
1442 4638 1574 4690 Post
1599 4639 1757 4691 ἐντυ-

179 4706 307 4778 χών,
343 4704 607 4778 virgulam
644 4704 892 4774 apposui,
932 4704 1322 4761 subatidiendo‘
1346 4709 1397 4761 id
1428 4708 1570 4775 quod
1599 4720 1755 4763 antea

181 4774 316 4831 dixit
356 4774 627 4838 Justinus,
662 4778 986 4847 κατατρέχει
1016 4778 1194 4848 ἡμῶν.
1235 4774 1528 4847 Sequentiu
1575 4791 1755 4833 autem

183 4849 259 4901 sic
305 4849 699 4916 interpretatus
730 4863 869 4910 sum,
914 4861 972 4901 ut
998 4860 1312 4903 contextum
1357 4850 1502 4903 nullo
1536 4864 1759 4917 prorsus

182 4919 234 4972 in
278 4917 441 4971 verbo
484 4918 856 4987 immutarem.
892 4918 1183 4981 Nimirum,
1231 4936 1354 4974 cum
1400 4920 1665 4975 Crescens
1704 4924 1757 4975 in

183 4989 625 5058 responsionibus
652 4990 768 5042 suis
808 5005 1074 5043 summam
1124 4992 1520 5059 ignorationem
1573 5006 1756 5046 rerum

182 5059 618 5114 Christianarum
646 5060 1015 5129 signillcasset
1036 5100 1050 5123 ,
1086 5062 1408 5114 alterutrum
1438 5076 1504 5115 ex
1544 5063 1758 5117 duobus

185 5132 551 5185 necessarium
598 5144 722 5185 esse
756 5130 1053 5200 colligitur,
1095 5143 1153 5184 ut
1196 5132 1637 5187 Christianorum
1689 5134 1759 5187 li-

186 5201 308 5256 bros
344 5200 584 5265 legendo
628 5216 739 5256 non
790 5203 1137 5265 intellexerit,
1185 5203 1271 5257 vel
1326 5203 1659 5258 intellexisse
1702 5219 1762 5259 se

187 5270 505 5344 dissimttlet.
532 5342 539 5344 ρ
566 5270 813 5340 Ruﬁnus,
872 5289 1033 5344 quem
1074 5276 1325 5343 sequitur
1361 5274 1627 5337 Valesius,
1684 5275 1759 5328 ita

191 5342 361 5396 reddit
395 5360 408 5393 :
445 5362 465 5393 ι
488 5342 543 5415 Si
575 5355 709 5415 vero
736 5344 865 5415 legit
890 5342 1014 5415 qua:
1045 5342 1185 5414 apud
1221 5361 1323 5401 nos
1356 5347 1561 5415 scripta
1596 5356 1722 5399 sunt
1743 5385 1760 5409 ,

188 5422 236 5465 et
263 5423 355 5465 aut
382 5429 489 5467 non
522 5414 807 5468 intellexit
828 5414 1019 5469 eorum
1055 5422 1339 5482 virtutem,
1367 5414 1764 5471 aut’intellexit

188 5485 421 5557 quidem,
447 5486 540 5538 sed
570 5486 944 5541 dissimulat...
980 5488 1149 5541 multo
1178 5489 1407 5557 nequior
1436 5496 1491 5541 et
1522 5489 1763 5542 detesta-

189 5555 693 5628 biliorjudicandus
732 5569 834 5612 est.
868 5576 887 5612 ι
927 5558 1095 5627 Sequi
1136 5555 1283 5613 nolui
1318 5560 1461 5613 hanc
1492 5559 1762 5628 interpre-

191 5627 472 5692 tationem,
524 5629 653 5696 quia
702 5644 916 5698 aquum
972 5646 1076 5683 non
1129 5632 1343 5684 videtur
1391 5641 1451 5684 ut
1498 5627 1762 5685 Crescens

191 5698 352 5769 multo
383 5699 557 5767 magis
582 5700 810 5769 ignavus
845 5709 900 5755 et
946 5701 1220 5769 improbus
1250 5704 1491 5765 dicatur,
1522 5715 1588 5754 eo
1617 5702 1761 5769 quod

192 5766 634 5850 libroruiu‘,’qu.os
658 5770 880 5850 legerat,
903 5766 1320 5850 intelligentiam
1341 5766 1760 5850 assecutus—non

188 5837 395 5894 luisset.
418 5836 808 5908 Τιιὶιιὺὶιιεξιιι
842 5844 943 5898 hoc
972 5836 1191 5913 effugiat
1229 5843 1658 5911 incommodum,
1681 5843 1759 5899 Ie—

1862 4638 2125 4709 strepitus
2180 4650 2235 4693 et
2294 4638 2683 4709 ostentationis
2736 4638 2921 4690 vocari
2965 4650 3219 4709 amator,
3264 4651 3461 4709 nempe

1864 4706 2133 4766 mendacii
2174 4721 2229 4763 et
2261 4709 2523 4763 falsarum
2571 4706 2917 4778 opinionum.
2965 4707 3279 4776 Philosophi
3313 4708 3455 4778 κόμ-

1862 4801 2005 4901 τὲουῆ
2024 4801 2078 4837 n.
2104 4782 2157 4847 9,
2191 4781 2465 4901 apgellant
2486 4781 2794 4835 doctrinam
2829 4781 2897 4833 de
2923 4780 3045 4850 igne
3071 4791 3298 4833 aeterno.
3323 4778 3459 4831 Vide

1919 4872 1982 4901 110
2013 4895 2025 4901 -
2059 4870 2098 4901 Ι-
2133 4871 2186 4901 ΙΙ.
2228 4871 2261 4901 ι)
2304 4892 2317 4901 .

1864 4856 2025 4917 Apol.
2058 4870 2098 4917 ι,
2133 4871 2186 4905 ιι.
2228 4856 2317 4906 57.

1914 4874 2186 4999 Ιέἓὲίιὸἓ
2225 4874 2411 4993 ξέφή
2443 4922 2551 4999 τό..
2589 4921 2668 4976 lta
2713 4919 2779 4974 Β.
2833 4920 3095 4989 Stephani
3142 4918 3453 4999 Eusebiana

1863 4993 2036 5051 editio
2085 5008 2141 5051 et
2188 5006 2297 5049 tres
2354 4996 2689 5047 vetustiores
2741 5008 2872 5046 mss.
2904 5007 3134 5060 quorum
3185 4993 3291 5044 duo
3346 5006 3454 5045 non

1864 5077 2164 5137 agnoscunt
2202 5079 2441 5133 sequens
2482 5063 2834 5137 ve_rhum_6v,
2885 5063 3037 5137 quod
3084 5064 3249 5137 etiam
3301 5078 3327 5113 a
3386 5062 3452 5137 ll.

1864 5132 2142 5207 Stephano
2176 5132 2508 5206 expunctum
2543 5135 2664 5190 fuit.
2694 5134 2837 5188 Editi
2866 5134 3040 5187 nostri
3075 5151 3090 5187 :
3120 5134 3287 5201 ὐσγε
3318 5132 3456 5202 μηδέ

1864 5209 1942 5261 τό.

1938 5279 2049 5351 (84)
2092 5280 2291 5345 Ὅπως
2325 5277 2393 5331 δὲ
2424 5277 2509 5348 μή
2540 5294 2629 5343 τις
2659 5276 2819 5344 εἴπῃ.
2862 5274 3161 5351 Dicterium
3196 5272 3455 5335 illud,cui

1863 5346 2109 5406 occurrit
2140 5346 2578 5416 Justinus—saepe
2605 5352 2657 5401 in
2690 5363 2787 5403 ore
2815 5355 2935 5401 erat
2961 5346 3196 5401 ethnicis
3240 5365 3251 5374 -
3287 5363 3317 5416 γι
3354 5351 3453 5397 Ar-

1866 5424 1981 5478 rius
2020 5424 2350 5486 Antoninus,
2393 5415 2568 5490 inquit
2596 5418 2969 5490 Tertullianus
3011 5416 3105 5469 lib.
3143 5417 3223 5467 Ad
3261 5415 3454 5483 διαιρη

1865 5512 1915 5549 c.
1943 5496 1996 5558 4,
2046 5493 2100 5546 in
2131 5495 2261 5546 Asia
2300 5509 2423 5547 cum
2461 5488 2888 5562 persequeretur
2910 5488 3226 5562 'instanter,
3260 5499 3453 5538 omnes

1866 5568 2012 5620 illius
2030 5566 2270 5620 civitatis
2287 5558 2585 5617 Christiani
2620 5558 3073 5635 antehtrihunalia
3104 5558 3223 5635 ejus
3254 5570 3324 5635 ξε·
3344 5572 3454 5635 ina-

1866 5636 1938 5691 nu
1976 5638 2119 5690 facta
2165 5636 2482 5690 obtulerunt
2514 5652 2526 5687 :
2559 5648 2682 5687 cum
2733 5632 2839 5691 ille.
2881 5630 3069 5699 paucis
3101 5630 3224 5681 duci
3260 5630 3450 5695 jussis,

1866 5708 2097 5777 reliquis
2124 5706 2239 5777 ait:
2264 5702 2335 5757 Ὦ
2375 5704 2561 5777 δειλοὶ,
2590 5705 2637 5757 ει
2680 5702 2861 5759 θέλετε
2891 5700 3277 5771 ἀποθνήσκειν,
3313 5713 3452 5768 κρη-

1870 5776 2034 5849 μνοῦς
2056 5778 2090 5849 ἢ
2117 5776 2346 5849 βρόχους
2370 5776 2541 5848 ἔχετε.
2574 5795 2594 5827 ι
