4132 6420
650 337 753 444 in

1643 381 1702 440 S.
1738 380 2006 440 lUS’l‘lNI
2045 376 2456 436 PHILOSOPHI
2489 376 2577 432 ΕΤ
2612 376 2977 433 MARTYRIS

3859 382 3971 438 ‘52

651 501 874 572 negotia
896 496 1185 566 facessite;
1208 517 1229 551 ι
1252 496 1429 554 dicam
1453 492 1585 566 quid
1610 509 1794 550 causas
1818 497 1913 562 sit,
1937 494 2113 559 curid
2136 510 2245 549 non

2364 490 2654 563 πράγματα
2688 490 2762 561 μὴ
2793 488 3064 561 παρέχετε
3088 505 3101 519 ⁸
3129 490 3241 561 ἐρῶ
3279 490 3347 545 δι’
3376 491 3443 563 ἣν
3487 490 3668 546 αίτίαν
3704 492 3865 547 τοῦτο
3901 495 3971 547 οὐ

651 592 947 658 faciamus,
977 603 1035 649 et
1073 608 1174 648 cur
1201 587 1527 658 interrogati
1559 587 1836 657 impavide
1858 587 2242 643 conﬁteamnr.

653 685 779 744 Non
815 688 1023 743 frustra
1066 684 1331 740 mundum
1364 698 1395 736 a
1428 682 1538 735 Deo
1564 679 1843 733 conditura
1889 693 2013 733 esse
2049 676 2247 731 didici-

2350 583 2687 654 πράττομεν,
2731 582 2825 635 καὶ
2868 583 2936 636 δι’
2966 582 3034 653 ἢν
3081 582 3461 653 ἐξεταζόμενοι
3506 582 3729 652 ἀφόϐως
3772 584 3973 657 ὁμολο-

2348 675 2578 747 γοῦμεν.
2614 675 2729 727 Οὐκ
2769 674 2894 744 είκῆ
2942 674 3033 728 τὸν
3081 676 3285 745 κόσμον
3314 676 3678 747 πεποιηκέναι
3704 676 3797 730 τὸν
3826 674 3968 731 Θεὸν

654 797 804 847 Inus,
833 780 927 836 sed
972 787 1198 850 propter
1235 776 1541 832 humanum
1570 788 1774 845 genus;
1820 772 2038 841 placere
2066 779 2247 823 autem

2364 765 2729 837 Βιδιδάγμεθα,
2758 765 2874 819 ἀλλ’
2896 766 2929 837 ἢ
2955 766 3043 821 διά
3071 766 3131 820 τὺ
3159 765 3498 839 ἀνθρώπειον
3526 769 3683 838 γένος
3705 785 3719 799 ⁶
3746 771 3969 842 χαίρειν

661 876 739 933 illi
781 873 895 942 jam
947 872 1189 927 diximus
1254 884 1375 938 eos,
1414 868 1508 938 qui
1551 867 1701 922 illum
1730 864 2035 927 imitantur,
2057 870 2249 916 contra

2364 875 2412 911 τε
2461 862 2575 921 τοῖς
2625 859 2693 912 τά
2748 858 3020 931 προσόντα
3070 858 3222 931 αὑτῷ
3286 860 3648 931 μιμουμένοις
3712 863 3970 933 προέφη-

659 966 960 1038 displicere
987 964 1082 1033 qui
1124 961 1403 1017 deteriora
1452 959 1539 1014 vel
1594 960 1742 1013 dicto
1790 954 1878 1011 vel
1934 953 2083 1009 facto
2135 968 2252 1007 am-

660 1060 999 1131 plectuntur.
1023 1056 1194 1127 Igitur
1222 1054 1267 1109 si
1297 1068 1491 1107 omnes
1519 1050 1679 1106 nobis
1710 1050 1810 1119 ipsi
1838 1062 2030 1102 manus
2062 1046 2257 1099 affera-

659 1168 807 1215 mus,
839 1150 1131 1221 quominus
1153 1147 1447 1217 quisquam
1481 1145 1762 1214 gignatur,
1804 1149 1897 1195 aut
1942 1140 2126 1193 divina
2156 1139 2254 1193 do-

659 1242 838 1297 ctrina
873 1238 1175 1301 imbuatur,
1210 1247 1306 1290 aut
1329 1236 1492 1289 etiam
1523 1234 1821 1303 quominus
1844 1240 2025 1286 exstet
2056 1231 2254 1285 huma-

660 1349 791 1388 num
827 1347 1023 1404 genus,
1046 1330 1100 1385 in
1123 1346 1312 1392 causa,
1336 1338 1603 1397 quantum
1635 1327 1689 1380 in
1722 1326 1877 1379 nobis
1899 1334 2005 1389 est,
2028 1325 2257 1387 erimus,

2355 966 2454 1021 μεν
2485 949 2621 1019 (85),
2646 948 3057 1021 ἀπαρέσκεσθαι
3090 949 3148 1003 δὲ
3183 951 3294 1014 τοῖς
3331 950 3402 1005 τά
3434 950 3616 1020 φαῦλα
3639 952 3972 1025 ἀσπαζομέ-

2354 1059 2487 1107 νοις,
2519 1042 2552 1113 ἢ
2594 1042 2757 1113 λόγῳ,
2788 1042 2822 1114 ἢ
2862 1042 3028 1115 ἔργῳ.
3057 1042 3119 1094 Ei
3151 1038 3247 1096 οὖν
3276 1042 3476 1108 πάντες
3514 1046 3743 1111 ἑαυτοὺς
3770 1047 3973 1117 φονεύ-

2358 1151 2544 1205 σομεν,
2566 1134 2659 1187 τοῦ
2684 1133 2777 1187 καὶ
2813 1134 3143 1206 γεννηθῆναί
3167 1132 3280 1206 (86)
3318 1153 3461 1201 τινα,
3491 1137 3587 1191 καὶ
3612 1140 3973 1212 μαθητευθῆο

2358 1243 2444 1278 ναι
2476 1226 2556 1289 είς
2581 1226 2647 1279 τά
2673 1224 2792 1278 θεῖα
2816 1225 3146 1295 διδάγματα,
3187 1225 3221 1296 ἢ
3254 1226 3349 1279 καὶ
3382 1228 3457 1299 μὴ
3488 1227 3628 1283 εἶναι
3660 1231 3722 1283 τὸ
3746 1231 3973 1305 ἀνθρώ-

2360 1334 2511 1371 πειον
2546 1318 2724 1386 γένος,
2761 1320 2887 1373 ὅσον
2918 1322 3002 1390 ἐφ’
3028 1322 3180 1392 ἡμῖν,
3220 1322 3386 1377 αἴτιοι
3425 1326 3682 1398 ἐσόμεθα,
3716 1329 3975 1384 ἐναντίον

663 1426 765 1495 ipsi
792 1440 1009 1493 quoque
1049 1433 1241 1477 contra
1273 1420 1363 1474 Dei
1393 1420 1690 1474 consilium
1731 1421 2039 1485 venientes,
2090 1417 2133 1471 si
2185 1416 2259 1468 ita

2364 1411 2428 1480 τῇ
2476 1408 2570 1462 τοῦ
2614 1408 2751 1463 Θεοῦ
2803 1411 2965 1483 βουλῇ
3014 1413 3109 1465 καὶ
3135 1413 3289 1467 αὐτοὶ
3323 1415 3626 1483 ποιοῦντες,
3658 1420 3755 1474 ἐὰν
3800 1422 3975 1475 τοῦτο

661 1516 953 1571 faciamus.
971 1513 1300 1583 Interrogati
1324 1520 1509 1565 autem
1539 1528 1645 1565 non
1669 1525 1959 1580 negamus,
1984 1519 2095 1561 tum
2118 1506 2259 1574 quod

2364 1502 2683 1573 πράξωμεν.
2722 1504 3128 1575 Ἐξεταζόμενοι
3160 1506 3217 1560 δὲ
3252 1506 3353 1561 οὐκ
3388 1508 3721 1581 ἀρνούμεθα,
3766 1512 3862 1566 διά
3904 1515 3972 1568 τὸ

662 1608 867 1664 nullius
903 1608 1031 1662 mali
1062 1606 1219 1661 nobis
1248 1605 1451 1673 conscii
1482 1605 1675 1667 simus,
1705 1615 1817 1657 tum
1847 1601 1991 1671 quod
2026 1600 2257 1667 impium

2364 1595 2789 1649 συνεπίστασθαι
2818 1599 3031 1663 ἑαυτοῖς
3064 1599 3230 1671 μηδὲν
3258 1600 3479 1670 φαῦλον,
3500 1604 3693 1668 ἀσεϐὲς
3714 1605 3773 1659 δέ
3794 1608 3974 1677 ἡγού-

661 1702 1046 1759 cxistimemus
1076 1700 1367 1753 veritatem
1396 1699 1448 1750 in
1486 1696 1745 1752 omnibus
1772 1710 1877 1749 non
1904 1692 2109 1754 dicere,
2137 1704 2260 1745 cum

2368 1702 2520 1755 μενοι
2546 1686 2620 1759 μὴ
2642 1688 2785 1742 χατά
2826 1688 3003 1743 πάντα
3027 1689 3332 1762 ἀληθεύειν,
3358 1691 3387 1745 δ
3416 1693 3509 1746 καὶ
3543 1694 3695 1763 φίλον
3736 1698 3818 1769 τῷ
3840 1697 3975 1769 Θεῷ

664 1796 719 1850 id
774 1794 884 1849 Deo
933 1802 1146 1863 gratum
1180 1806 1305 1846 esse
1338 1792 1618 1855 sciamus;
1661 1799 1771 1842 tum
1793 1788 1961 1842 etiam
1990 1785 2135 1855 quod
2166 1799 2261 1839 vos

2366 1778 2711 1851 γινώσκομεν
2730 1798 2744 1809 ’
2776 1781 2921 1850 ὑμᾶς
2937 1782 2994 1835 δὲ
3012 1781 3107 1836 καὶ
3125 1783 3222 1855 τῆς
3242 1782 3429 1837 ἀδίκου
3447 1785 3769 1858 προλήψεως
3783 1788 3973 1843 ἀπαλο

662 1886 922 1956 upinione
945 1884 1130 1951 inique
1155 1882 1456 1951 anticipata
1480 1895 1624 1935 nunc
1650 1880 1883 1933 liberare
1910 1877 2253 1932 studeamns.

2364 1873 2523 1940 λάξαι
2544 1872 2639 1927 νῦν
2668 1874 3012 1939 σπεύδοντες.

736 1976 792 2031 5.
836 1976 895 2031 Si
928 1990 1093 2044 quem
1127 1982 1307 2028 autem
1345 1973 1459 2027 hzec
1482 1970 1747 2038 cogitatio
1774 1971 1997 2034 subeat,
2032 1968 2258 2022 minime

661 2077 1015 2128 eventurum,
1046 2065 1090 2120 si
1119 2066 1284 2119 Deum
1311 2062 1618 2131 adjutorem
1647 2062 2129 2132 proﬁteremur,ut
2163 2059 2259 2112 ini-

660 2160 781 2229 qui,
835 2160 1296 2229 quemadmodum
1355 2160 1613 2225 dicimus,
1668 2155 1951 2210 dominatu
2008 2166 2107 2208 suo
2158 2165 2258 2205 nos

661 2260 977 2322 premerent
1009 2266 1072 2305 ac
1101 2249 1387 2320 suppliciis
1417 2249 1729 2314 adicerent;
1763 2247 1871 2318 92
1907 2246 1958 2300 id
1988 2258 2205 2315 quoque
2226 2256 2257 2295 a

661 2356 754 2396 me
781 2343 1139 2397 dissolvetur.
1172 2345 1311 2398 Deus
1341 2344 1431 2411 qui
1467 2341 1728 2396 mundum
1750 2340 2064 2392 universum
2101 2350 2256 2390 crea-

660 2435 765 2497 vit,
793 2448 918 2488 cum
950 2444 1168 2490 terrena
1198 2434 1513 2489 hominibus
1551 2432 1897 2502 subiecisset,
1924 2444 1988 2484 ac
2014 2428 2257 2485 coelestia

662 2524 955 2590 elementa,
987 2540 1110 2593 qua:
1148 2534 1205 2579 et
1251 2525 1366 2595 ipsa
1415 2523 1658 2579 hominis
1686 2537 1852 2577 causa
1882 2522 1950 2576 ab
1974 2536 2039 2575 eo
2072 2531 2259 2576 creata

660 2632 784 2673 esse
818 2617 1011 2687 liquet,
1049 2618 1118 2673 ad
1175 2618 1392 2688 frugum
1444 2626 1797 2687 proventum,
1846 2625 1900 2670 et
1956 2622 2259 2685 temporum

661 2712 1056 2769 conversiones
1086 2711 1434 2775 adornasset,
1460 2718 1629 2779 atque
1650 2710 1792 2764 hanc
1813 2709 2055 2764 divinam
2086 2709 2259 2781 legem

662 2803 967 2865 sanxisset,
1002 2801 1291 2855 hominum
1323 2817 1388 2856 ac
1416 2816 1601 2856 rerum
1638 2801 1737 2854 sub
1783 2799 1925 2855 caelo
1957 2802 2260 2869 positarum

661 2908 848 2950 curam
879 2892 1105 2964 angelis,
1135 2909 1277 2964 quos
1312 2894 1441 2948 huic
1468 2892 1712 2965 pnefecit
1743 2893 1980 2955 muneri,
2031 2895 2261 2947 cumani-

663 2988 757 3043 sit.
786 2987 983 3057 Angeli
1012 2997 1194 3041 autem
1232 2987 1483 3041 ordinem
1524 2987 1833 3040 institutum
1868 2989 2261 3068 praetergressi,

665 3080 719 3134 in
750 3088 937 3148 stupra
970 3080 1434 3135 cum-mulieribus
1462 3079 1698 3149 prolapsi
1737 3090 1951 3133 sunt'ac
1981 3080 2121 3135 ﬁlios
2146 3096 2264 3135 sus-

666 3181 938 3241 ceperunt
990 3187 1109 3237 eos,
1144 3173 1236 3242 qui
1271 3173 1546 3228 daemones
1577 3173 1873 3242 appellati;
1903 3182 2067 3243 atque
2096 3172 2261 3227 etiam

664 3272 854 3331 postea
897 3276 1068 3331 genus
1111 3263 1406 3317 humanum
1444 3263 1549 3317 sibi
1583 3264 1635 3317 in
1670 3263 1991 3317 servitutem
2036 3262 2265 3316 addixe-

666 3362 819 3419 runt,
859 3355 1058 3423 partim
1090 3356 1314 3425 scriptis
1345 3356 1599 3429 magicis,
1630 3358 1830 3425 partim
1876 3358 2184 3411 terroribus
2212 3366 2267 3412 et

666 3448 954 3518 suppliciis
986 3448 1317 3515 inferendis,
1356 3451 1556 3521 partim
1596 3452 1909 3514 sacriﬁciis,
1943 3450 2266 3506 sufﬁmentis

666 3547 725 3591 et
778 3539 1136 3595 libaminibus
1182 3540 1513 3607 edocendis;
1545 3542 1747 3610 quibus
1778 3543 1941 3596 rebus
1970 3557 2132 3610 egere
2154 3556 2267 3597 cu:-

667 3643 969 3701 perunt,ex
990 3648 1099 3702 quo
1116 3634 1482 3704 cupiditatum
1513 3635 1725 3689 morbis
1753 3635 2084 3704 emancipati
2115 3645 2263 3708 sunt;

669 3724 911 3791 denique
950 3724 1004 3777 in
1057 3724 1353 3783 humanum
1405 3739 1578 3795 genus
1622 3725 1820 3787 caedes,
1857 3724 2018 3790 bella,
2054 3725 2264 3779 adulte-

669 3814 776 3883 ria,
805 3814 1009 3885 ﬁagitia
1037 3826 1202 3885 atque
1231 3832 1392 3872 omne
1432 3818 1692 3873 vitiorum
1730 3834 1904 3889 genus
1929 3820 2269 3889 prosemina-

671 3916 825 3961 runt.
860 3906 998 3961 Hinc
1035 3918 1210 3978 poetae
1245 3916 1300 3963 et
1325 3907 1630 3963 fabularum
1656 3912 1979 3980 scriptores,
2013 3924 2133 3963 cum
2172 3923 2266 3962 an-

673 3996 823 4069 gelos
849 3998 1167 4067 ignorarent
1198 4002 1627 4071 progenitosqne
1664 4017 1733 4056 ex
1766 4002 1875 4055 illis
1900 4002 2173 4055 daemones
2200 4016 2262 4053 ea

675 4092 730 4145 in
763 4092 1035 4147 masculos
1062 4102 1120 4146 et
1148 4092 1408 4157 feminas,
1443 4094 1495 4147 in
1527 4096 1687 4148 urbes
1712 4104 1767 4148 et
1795 4093 2048 4148 nationes
2076 4107 2265 4161 perpu-

675 4193 875 4250 trasse,
920 4200 1042 4254 qua!
1072 4184 1272 4241 litteris
1300 4187 1663 4253 mandabant;
1697 4188 1749 4240 in
1781 4186 1956 4257 ipsum
1993 4187 2182 4253 Deum,
2204 4202 2267 4241 ac

751 4431 868 4501 (85)
910 4431 1063 4498 Apol.
1102 4448 1142 4494 ι,
1180 4448 1237 4498 n,
1268 4432 1353 4488 to.

750 4503 864 4573 (86)
909 4503 1017 4557 Τοῦ
1049 4504 1146 4557 καὶ
1164 4502 1919 4580 ιτεντνηᾷῆναιημῐιςερηιίηηι
1972 4507 2044 4577 μὴ
2076 4524 2264 4580 γεννη-

681 4572 856 4647 θῆναι
874 4589 1133 4647 "inlinere
1164 4572 1454 4647 Perionius
1482 4587 1534 4628 et
1568 4572 1917 4647 Sylbuirgius.

754 4642 865 4718 (87)
907 4646 976 4697 Ei
998 4642 1065 4696 δέ
1092 4644 1523 4718 τινα-ὑπέλθοι.
1567 4642 1625 4700 id
1659 4642 1851 4701 solitos
1874 4662 1993 4702 esse
2022 4648 2263 4718 nhjicere

680 4714 933 4769 ethnicos
961 4724 1191 4767 testatur
1213 4716 1466 4769 Clemens
1493 4718 1925 4778 Alexandrinus.
1954 4718 2045 4783 qni
2066 4714 2259 4775 eorum

682 4786 830 4861 dicta
874 4784 956 4861 sic
988 4786 1154 4861 refert
1180 4785 1374 4839 Strom.
1406 4802 1481 4861 tv,
1502 4804 1561 4861 pi
1588 4788 1692 4842 5υῦ
1719 4808 1733 4842 :
1761 4790 1859 4843 Διά
1888 4790 1940 4841 τί
1962 4788 2023 4861 δέ,
2042 4790 2102 4841 οὑ
2128 4791 2260 4861 βοη-

683 4854 861 4908 θεῖσθε
899 4854 1245 4925 διωκόμενοις
1284 4858 1436 4925 φασί.
1476 4876 1494 4907 ι
1526 4860 1639 4913 Cur
1670 4871 1849 4913 autem
1879 4854 2141 4913 auxilinui
2173 4854 2267 4915 vo-

685 4926 768 4979 bis
794 4940 898 4978 non
930 4925 1122 4989 fertur,
1161 4942 1283 4981 cum
1310 4931 1621 4997 persecutio
1651 4930 1704 4983 in
1735 4946 1830 4985 vos
1869 4931 2152 4987 movetur?
2185 4934 2265 4987 in-

726 4996 907 5049 uinnt.
934 5014 952 5045 ι

685 5011 1291 5143 αυὶἓὲῗῂεταὸζολαῖς.
1334 5066 1643 5137 Legendum
1678 5086 1798 5125 esse
1846 5073 2145 5143 μεταϐολάς
2163 5074 2265 5128 oh-

684 5135 1197 5209 servati'l‘hirlbius,
1222 5150 1276 5191 et
1303 5135 1542 5209 στοιχεῖα
1565 5157 1686 5195 esse
1716 5135 1883 5195 solent
1920 5156 1974 5197 et
2004 5135 2184 5197 lunam
2210 5153 2265 5198 et

688 5208 1031 5284 aliansiilelli
1055 5213 1396 5284 demonstrat
1424 5208 1492 5264 ex
1512 5210 1721 5284 Justini
1758 5213 1976 5284 Dialogo
2000 5231 2093 5269 nn.
2120 5215 2192 5268 25
2213 5224 2267 5268 et

688 5277 775 5329 85.
808 5274 941 5329 Vide
972 5274 1258 5346 Theophil.
1292 5280 1388 5332 lib.
1423 5297 1460 5343 I,
1506 5298 1559 5336 n.
1585 5282 1639 5335 4.
1685 5283 1849 5339 Valde
1890 5274 2023 5339 inihi
2061 5287 2268 5339 arridet

687 5348 1082 5425 cjusdern__viri_
1116 5350 1317 5425 eruditi
1348 5351 1453 5404 alia
1493 5354 1821 5425 observatio,
1853 5356 1945 5424 qui
1976 5356 2263 5425 legendum

687 5427 889 5492 putat:
922 5418 1034 5492 Bal.
1059 5416 1439 5492 θεῖον,τούτοις
1463 5423 1625 5492 νόμον
1655 5416 1839 5491 τάξας.
1870 5416 1887 5424 ’
2027 5416 2051 5425 ”

758 5486 869 5560 (88)
910 5489 1222 5560 Γυναικῶν
1264 5486 1540 5560 μίξεσινξ
1616 5486 1813 5549 Eadeni
1884 5496 2151 5551 habemus
2210 5498 2264 5552 in

686 5557 915 5627 ApolJ,
957 5574 1013 5613 ιι.
1040 5561 1095 5613 5.
1143 5557 1279 5616 Ιιίρο
1315 5564 1380 5616 de
1426 5564 1634 5627 angelis
1678 5570 1951 5621 sententia
1982 5583 2011 5621 a
2043 5567 2265 5623 Philone

686 5626 872 5683 Judabo
899 5628 991 5683 lib.
1027 5628 1100 5683 De
1132 5633 1332 5700 gigant.
1352 5643 1418 5707 et
1443 5654 1471 5687 a
1494 5626 1734 5704 Iosepho
1764 5654 1781 5691 ι
1817 5639 1995 5707 Antiq.
2032 5641 2098 5693 ad
2128 5641 2267 5694 scri-

691 5709 880 5779 ptores
906 5710 1125 5779 nostros
1142 5704 1411 5779 pervenit,
1447 5721 1679 5779 quorum
1711 5704 1964 5776 pluribus
1994 5725 2061 5764 eo
2093 5713 2265 5779 magis

690 5767 899 5844 arrisit,
940 5771 1085 5840 quod
1111 5767 1547 5844 ipsiphilosopbi
1572 5767 1979 5833 deos-nidorum
2003 5796 2125 5834 esse
2148 5767 2263 5834 uti-

690 5840 787 5896 dos
827 5837 1157 5898 faterentur.
1190 5837 1323 5899 Vide
1370 5837 1668 5903 Lucianufn
1712 5849 1807 5904 lib.
1851 5848 1928 5903 De
1962 5851 2263 5920 sacriﬁciis,

2382 1984 2385 1987 '
2428 1968 2483 2023 5.
2525 1968 2589 2021 Ei
2624 1968 2680 2023 δέ
2704 1987 2825 2023 τινα
2847 1969 3068 2024 ὑπέλθοι
3090 1971 3204 2046 (87)
3235 1974 3329 2029 καὶ
3352 1976 3386 2047 ὴ
3412 1975 3587 2029 ἔννοια
3612 1975 3773 2049 αὕτη,
3804 1977 3889 2031 ὅτι
3919 1980 3972 2031 εἰ

2358 2058 2491 2113 Θεὸν
2530 2060 2919 2133 ὡμολογοῦμεν
2961 2062 3179 2136 βοηθὸν,
3211 2066 3312 2121 οὐκ
3337 2066 3424 2135 ἂν,
3465 2068 3542 2132 ὡς
3570 2068 3826 2140 λέγομεν,
3855 2071 3976 2123 ὑπὸ

2358 2150 2562 2204 ἀδίκων
2609 2153 2995 2225 ἑκρατούμιθα
3036 2155 3133 2208 καὶ
3175 2157 3628 2231 ἐτιμωρούμεθα,
3669 2160 3764 2213 καὶ
3802 2160 3977 2214 τοῦτο

2358 2242 2614 2296 διαλύσω.
2636 2244 2693 2299 '0
2732 2243 2867 2310 Θεὸς
2903 2246 2995 2299 τὸν
3034 2247 3216 2303 πάντα
3240 2250 3445 2319 κόσμον
3485 2251 3740 2322 ποιήσας,
3776 2252 3871 2305 καὶ
3896 2253 3979 2306 τὰ

2362 2336 2585 2405 ἐπίγεια
2605 2336 2916 2410 ἀνθρώποις
2938 2338 3231 2404 ὑποτάξας,
3255 2341 3349 2393 καὶ
3376 2342 3444 2395 τά
3460 2341 3688 2413 οὐράνια
3718 2346 3979 2414 στοιχεῖα

2361 2429 2442 2492 εἰς
2467 2429 2696 2500 αὔξησιν
2720 2431 2971 2502 καρπῶν,
3011 2432 3105 2485 καὶ
3156 2432 3315 2503 ώρῶν
3366 2433 3690 2504 μεταϐολαῖς
3719 2434 3832 2505 (88)
3866 2452 3977 2490 κο-

2364 2523 2600 2593 σμήσας,
2633 2523 2729 2575 καὶ
2752 2523 2894 2577 θεῖον
2918 2523 3107 2577 τοῦτον
3139 2526 3302 2596 νόμον
3325 2525 3515 2591 τάξας,
3544 2525 3580 2579 ἃ.
3602 2526 3695 2579 καὶ
3717 2526 3863 2581 αὑτά
3898 2527 3978 2581 δι’

2363 2613 2690 2686 ἀνθρώπους
2721 2616 2974 2685 φαίνεται
2995 2618 3337 2689 πεποιηκὼς,
3362 2619 3461 2691 τὴν
3485 2618 3587 2691 μὲν
3619 2618 3726 2672 τῶν
3747 2618 3976 2691 ἀνθρὼ-

2363 2723 2482 2760 πων
2515 2708 2608 2761 καὶ
2639 2708 2747 2761 τῶν
2771 2708 2876 2762 ὑπὸ
2902 2708 2995 2763 τὸν
3023 2710 3251 2782 οὐρανὸν
3273 2712 3530 2783 πρόνοιαν
3565 2710 3842 2781 ἀγγέλοις,
3874 2714 3979 2776 οὓς

2364 2797 2457 2849 ἐπὶ
2499 2798 2710 2861 τούτοις
2748 2798 2923 2865 ἔταξε,
2955 2800 3289 2872 παρέδωκεν.
3314 2803 3375 2856 Οἱ
3418 2803 3463 2855 δ’
3497 2801 3737 2870 ἄγγελοι,
3785 2820 3980 2875 παρα-

2364 2889 2558 2951 ϐάντες
2587 2889 2743 2959 τήνδε
2766 2890 2867 2962 τὴν
2904 2890 3078 2958 τάξιν,
3102 2891 3378 2960 γυναικῶν
3415 2890 3624 2962 μίξεσιν
3652 2892 3763 2963 (89)
3794 2895 3978 2965 ἡττή-

2371 2983 2569 3052 θησαν,
2606 2982 2699 3035 καὶ
2732 2984 2930 3048 παῖδας
2958 2985 3288 3049 ἐτέκνωσαν,
3318 2986 3371 3039 οἴ
3397 2988 3534 3039 εἰσιν
3582 2988 3632 3039 οἱ
3681 2986 3978 3058 λεγόμενοι

2364 3076 2648 3147 δαίμονες’
2694 3076 2787 3130 καὶ
2833 3078 3061 3149 προσέτι
3102 3078 3288 3131 λοιπὸν
3326 3079 3387 3132 τὺ
3427 3078 3764 3153 ἀνθρώπειον
3808 3081 3978 3149 γένος

2366 3170 2579 3232 ἐαυτοῖς
2611 3168 2913 3223 ἐδούλωσαν
2932 3186 2943 3199 ·
2968 3169 3035 3223 τά
3057 3171 3155 3241 μὲν
3174 3170 3263 3225 διά
3293 3172 3547 3243 μαγικῶν
3576 3172 3805 3243 γραφῶν
3828 3174 3974 3245 (90),

2369 3260 2436 3314 τά
2480 3262 2537 3315 δὲ
2581 3260 2671 3315 διὰ
2703 3262 2886 3332 φόϐων
2920 3264 3014 3317 καὶ
3044 3264 3326 3334 τιμωριῶν
3364 3265 3655 3337 ἐπέφερον,
3689 3266 3757 3319 τὰ
3787 3266 3847 3320 δὲ
3881 3268 3979 3321 διὰ

2367 3354 2584 3426 διδαχῆς
2619 3354 2878 3426 θυμάτων
2912 3358 3004 3409 καὶ
3036 3355 3396 3427 θυμιαμάτων
3443 3359 3539 3412 καὶ
3588 3360 3856 3426 σπονδῶν,
3896 3356 3977 3416 ῶν

2368 3448 2567 3512 ἐνδεεῖς
2595 3450 2853 3517 γεγόνασι
2891 3449 3028 3520 μετά
3060 3450 3122 3503 τὺ
3157 3450 3384 3505 πάθεσιν
3418 3452 3725 3523 ἐπιθυμιῶν
3766 3454 3977 3509 δουλω-

2368 3539 2565 3611 θῆναιο
2598 3542 2691 3594 καὶ
2735 3544 2814 3605 είς
2864 3541 3185 3614 ἀνθρώπους
3239 3544 3455 3613 φόνους,
3504 3546 3798 3615 πολέμους,
3850 3566 3978 3618 μοι-

2366 3636 2541 3705 χείας,
2575 3634 2891 3701 ἀκολασίας,
2928 3634 3021 3689 καὶ
3056 3638 3237 3689 πᾶσαν
3266 3636 3464 3691 κακίαν
3495 3637 3775 3708 ἒσπειραν.
3803 3640 3977 3694 Ὅθεν

2369 3730 2461 3782 καὶ
2486 3729 2710 3801 ποιηταὶ
2732 3728 2825 3782 καὶ
2853 3727 3159 3799 μυθολόγοι,
3184 3728 3505 3797 ἀγνοοῦντες
3525 3730 3650 3794 τοὺς
3674 3730 3973 3799 ἀγγέλους,

2369 3822 2462 3874 καὶ
2496 3824 2624 3884 τοὺς
2658 3820 2717 3886 ἐξ
2750 3820 2931 3874 αὐτῶν
2963 3820 3321 3891 γεννηθέντας
3356 3820 3616 3893 δαίμονας
3636 3822 3772 3893 (91),
3793 3824 3975 3877 ταῦτα

2369 3912 2575 3986 πρᾶξαι
2609 3916 2687 3979 εἰς
2720 3915 2959 3987 άρῤενας
2989 3915 3083 3967 καὶ
3118 3913 3357 3984 θηλείας,
3384 3916 3477 3967 κα).
3498 3915 3680 3978 πόλεις
3701 3915 3795 3968 καὶ
3814 3915 3970 3988 ἔθνη,

2369 4010 2511 4080 ἆπερ
2546 4008 2911 4079 συνέγραψαν,
2948 4011 3027 4072 εἰς
3072 4008 3234 4062 αὐτὸν
3282 4009 3373 4061 τὸν
3420 4008 3572 4071 Θεὸν,
3609 4009 3857 4072 καὶτοὺς
3891 4010 3971 4074 ὡς

2367 4100 2462 4154 ἀπ’
2496 4100 2661 4153 αὐτοῦ
2698 4104 2875 4172 σπορᾷ
2907 4101 3232 4170 γενομένους
3276 4100 3448 4165 υἱοὺς,
3482 4101 3574 4153 καὶ
3606 4101 3714 4153 τῶν
3747 4102 3973 4172 λεχθέν-

2367 4209 2474 4247 των
2510 4194 2620 4263 (92)
2669 4194 2879 4246 ἐκείνου
2927 4192 3193 4262 ἀδελφῶν,
3229 4193 3324 4247 καὶ
3368 4194 3575 4247 τέκνων
3616 4192 3822 4264 ὁμοίως
3853 4195 3972 4248 τῶν

2367 4437 2721 4513 Plutarchum
2752 4440 2847 4513 lib.
2888 4440 2961 4513 De
2986 4439 3151 4505 Iside,
3179 4457 3285 4497 non
3317 4442 3477 4513 longe
3507 4444 3576 4498 ab
3607 4443 3783 4507 initio,
3822 4443 3963 4498 Por-

2369 4512 2623 4582 phyrium
2658 4511 2732 4564 De
2761 4512 2957 4569 abstin.
2980 4512 3205 4570 animal.
3240 4530 3295 4568 n.
3331 4511 3435 4569 ΩΙ
3454 4514 3575 4569 Mox
3602 4514 3741 4569 forte
3769 4516 3829 4567 τὸ
3855 4516 3965 4570 λοι-

2292 4578 2339 4637 D
2368 4578 2468 4634 πὸν
2494 4580 2739 4652 ἀνθρώπ.

2439 4653 2550 4727 (80)
2594 4654 2698 4727 Δγιά
2733 4653 3005 4727 μαγικῶν
3056 4653 3315 4727 γραφῶν.
3358 4654 3582 4727 Legitur
3630 4657 3684 4711 in
3724 4657 3887 4726 Apol.
3918 4676 3958 4725 ι,

2368 4740 2446 4815 μ’.-
2470 4725 2586 4815 “:5
2616 4724 3007 4815 Atdhpaytlxibv
3032 4724 3327 4815 Δστροφῶν,
3356 4724 3462 4815 ἰη’
3484 4726 3633 4815 idern.
3677 4724 3961 4815 observat.

2368 4792 2488 4869 Hos
2506 4796 2681 4869 etiam
2705 4792 2991 4869 legendum
3024 4792 3145 4869 esse
3176 4792 3251 4852 ὧν
3272 4798 3541 4869 ἐπέφερον
3567 4797 3847 4869 admonet.

2439 4864 3003 4938 (91)]ἐτξνηθέντας
3028 4866 3335 4938 δαίμονας.
3353 4864 3460 4924 εἰς’
3474 4870 3641 4921 etiam
3669 4868 3962 4925 Tertullia-

2368 4935 3057 5009 nusa'fhirlbioicitatus
3099 4935 3258 5008 Apol.
3302 4955 3424 5009 cap.
3458 4938 3574 5009 2}:
3615 4956 3633 4989 ι
3664 4938 3770 4994 Sed
3814 4956 3960 5009 quo-

2368 5007 2529 5060 modo
2572 5008 2640 5060 de
2681 5008 2890 5077 angelis
2932 5000 3258 5077 quibusdam
3307 5000 3405 5065 sua
3446 5000 3641 5079 sponte
3682 5000 3962 5080 corruptis

2368 5080 2680 5146 corruptior
2709 5094 2844 5147 gens
2875 5080 3177 5133 dzemonum
3208 5080 3449 5135 evaserit
3487 5081 3746 5135 damnata
3777 5096 3807 5135 a
3841 5082 3961 5138 Deo

2368 5160 2489 5229 cum
2523 5149 2740 5229 generis
2775 5152 3098 5229 auctoribus
3137 5160 3191 5205 et
3220 5166 3341 5205 cum
3379 5166 3469 5214 eo,
3503 5165 3663 5229 quem
3694 5152 3954 5229 diximus,

2369 5219 2637 5291 principe,
2670 5223 2811 5288 apud
2860 5222 3069 5275 litteras
3115 5233 3339 5276 sanctas
3359 5219 3775 5291 eognOscitur.»
3820 5224 3955 5289 Alii,

2367 5298 2428 5363 ut
2451 5290 2834 5363 Athenagoras
2866 5292 3022 5359 Apol.
3054 5308 3108 5345 n.
3130 5292 3223 5356 25,
3256 5290 3503 5363 gigantes
3526 5308 3592 5347 ex
3620 5293 3831 5363 angelis
3857 5309 3957 5363 ge-

2367 5359 2514 5413 nitos
2545 5361 2757 5415 dixere.

2442 5429 2552 5501 (92)
2599 5428 3107 5504 Τῶῃλεχθέντων.
3150 5433 3274 5488 Haec
3301 5450 3519 5504 quoque
3536 5435 3665 5489 mihi
3698 5433 3957 5491 videntur

2408 5510 2640 5582 eruente
2690 5502 2956 5582 illustrari
2996 5505 3074 5582 _ab
3100 5502 3667 5582 _C-t|tlenl;ti0§|lSSi_t{lq
3713 5507 3952 5582 editore.

2369 5572 2526 5639 Legit
2554 5572 2699 5625 enim
2725 5572 2820 5625 καὶ
2850 5576 2973 5636 τοὺς
2996 5573 3285 5645 λεχθέντας
3315 5576 3521 5629 ἐκείνου
3558 5575 3819 5645 ἀδελφοὺς
3856 5579 3958 5631 καὶ

2368 5641 2533 5694 τέκνα
2552 5643 2754 5713 ὁμοίως
2783 5644 2851 5697 τὰ
2878 5645 2971 5698 ἀπ’
2999 5644 3181 5699 αὐτῶν
3219 5647 3464 5699 ἐκείνων.
3492 5649 3599 5701 Sed
3623 5658 3799 5699 tamen
3837 5654 3957 5703 hare

2369 5717 2787 5785 generationum
2820 5719 3015 5776 series,
3048 5716 3330 5785 Neptunus
3354 5730 3411 5771 et
3438 5718 3615 5777 Pluto.
3648 5732 3957 5785 eorumque

2371 5783 2465 5858 lilii
2510 5794 2566 5858 et
2601 5794 2853 5858 nepotes,
2892 5783 3220 5855 respondere
3264 5788 3492 5858 angelis,
3528 5783 3873 5844 daemonibus
3895 5801 3955 5846 et

2372 5854 2637 5911 heroibus
2669 5856 2905 5912 videtur.
