4132 6436
165 387 270 448 ιὸδ

1279 388 1619 447 APOLOGIA
1657 386 1698 442 ll
1729 386 1868 443 PRO
1903 383 2367 443 CHRISTIANIS.

3354 388 3457 445 ιιι

165 516 262 569 ἀπ’
288 513 534 580 ἐκείνων,
569 513 898 579 Ποσειδῶνος
934 514 1028 567 καὶ
1060 509 1397 576 Πλούτωνος,
1431 509 1739 580 ἀνήνεγκαν

1869 505 1921 559 in
1963 519 2060 560 eos
2097 504 2190 573 qui
2227 517 2337 558 tum
2369 503 2537 574 ipsius
2571 512 2694 559 satu
2726 503 2921 573 geniti,
2955 514 3070 560 tum
3101 519 3167 561 ex
3197 503 3314 574 eius
3343 505 3458 560 fra-

179 605 435 677 Ὀνόματι
467 605 576 679 γὰρ
608 606 859 669 ἕκαστον,
891 606 1029 678 ὅπερ
1059 605 1290 668 ἕκαστος
1324 601 1506 673 ἐαυτῷ
1523 600 1634 673 (95)
1651 599 1762 654 τῶν

162 699 412 768 ἀγγέλων
444 699 538 754 καὶ
566 703 678 765 τοῖς
708 700 921 765 τέκνοις
957 699 1135 764 ἔθετο,
1164 695 1638 770 προσηγόρευσαν.

233 989 290 1044 6.
335 990 549 1060 Ὀνομα
580 988 638 1042 δὲ
670 987 747 1060 τῷ
781 988 999 1042 πάντων
1043 987 1221 1057 Πατρὶ
1269 984 1443 1048 θετὸν,
1480 984 1762 1054 ἀγεννήτῳ

158 1080 296 1147 δντι,
326 1083 429 1134 οὐκ
463 1075 704 1153 {arctva
733 1082 842 1150 γὰρ
888 1080 953 1134 ἂν
1000 1080 1094 1133 καὶ
1140 1080 1368 1150 ὀνόματι
1404 1079 1514 1150 (94)
1550 1095 1759 1150 προσα-

159 1174 478 1247 γορεύηται,
516 1176 884 1247 πρεσϐύτερον
920 1175 1031 1246 ἔχει
1083 1174 1171 1228 τὸν
1212 1174 1437 1244 θέμενον
1472 1173 1531 1226 τὸ
1564 1172 1757 1242 ὄνομα.

159 1269 233 1323 Τὸ
265 1270 324 1324 δὲ
357 1270 570 1341 Πατὴρ,
606 1267 700 1322 καὶ
740 1269 895 1333 Θεὸς,
949 1267 1042 1321 καὶ
1090 1267 1354 1337 Κτίστης,
1394 1267 1487 1320 κα)¹
1529 1266 1756 1338 Κύριος,

161 1360 256 1414 καὶ
291 1361 593 1432 Δεσπότης,
623 1361 723 1413 οὐκ
761 1359 1001 1431 ὀνόματά
1033 1360 1200 1423 ἐστιν,
1241 1358 1356 1412 ἀλλ’
1407 1360 1472 1411 ἐκ
1522 1357 1632 1410 τῶν
1665 1357 1758 1410 εῦ-

157 1455 355 1508 ποιῖὦν
402 1455 497 1508 καὶ
541 1452 649 1506 τῶν
683 1452 859 1525 ἔργων
893 1453 1249 1523 προσρήσεις.
1271 1451 1328 1504 '0
1361 1450 1416 1504 δὲ
1449 1450 1579 1513 Υἱὸς
1611 1445 1757 1502 ὲκεί-

153 1567 270 1613 νου,
305 1550 335 1602 ό
372 1550 532 1618 μόνος
577 1545 865 1617 λεγόμενος
910 1544 1116 1615 κυρίως
1158 1543 1308 1606 Υἱὸς,
1359 1544 1388 1597 ό
1428 1542 1598 1611 Λόγος
1650 1540 1758 1612 πρὸ

151 1641 266 1695 τῶν
300 1640 645 1711 ποιημάτιον,
681 1638 774 1691 καὶ
811 1636 984 1690 συνὼν
1018 1636 1112 1689 καὶ
1149 1634 1488 1706 γεννώμενος
1515 1633 1758 1705 (95),ὃτε

150 1736 254 1807 τὴν
304 1734 481 1806 ἀρχὴν
529 1733 594 1786 δι’
621 1729 786 1785 αὑτοῦ
835 1731 1014 1784 πάντα
1065 1729 1249 1782 ἔκτισε
1294 1729 1389 1782 καὶ
1435 1728 1712 1798 ἐκόσμησε
1739 1743 1752 1756 ·

150 1825 392 1900 Χριστὸς
429 1826 548 1896 μὲν,
585 1823 726 1878 κατὰ
760 1823 819 1877 τὸ
852 1822 1141 1894 κεχρῖσθαι
1177 1821 1312 1892 (96),
1347 1820 1442 1875 καὶ
1477 1820 1756 1892 κοσμῆσαι

1863 595 2041 649 tribus
2066 594 2320 664 Neptuno
2342 605 2395 650 et
2429 595 2681 663 Plutone,
2710 610 3011 665 eorumque
3037 596 3164 653 ﬁliis
3187 596 3458 668 procreati

1864 687 2210 753 ferebantur,
2230 703 2290 742 ea
2320 688 2672 742 transtulere.
2704 686 2861 754 Quod
2886 689 3032 744 enim
3062 704 3258 745 nomen
3287 705 3459 744 unus-

1863 777 2095 847 quisque
2124 779 2440 849 angelorum
2471 779 2573 833 sibi
2606 787 2662 833 et
2688 779 2814 835 ﬁliis
2841 780 2956 834 suis
2986 779 3346 851 imposuerat,
3386 795 3458 837 eo

1863 883 2139 940 quemque
2165 870 2601 942 appellaverunt.

1931 987 1987 1042 6.
2028 987 2235 1044 Nomen
2277 999 2459 1045 autem
2506 993 2888 1049 universorum
2927 991 3178 1060 Parenti,
3211 980 3278 1049 eo
3310 996 3456 1064 quod

1864 1079 2142 1152 ingenitus
2189 1085 2279 1150 sit,
2307 1083 2512 1139 nullum
2540 1101 2766 1154 prorsus
2791 1086 3025 1150 inditum
3062 1095 3165 1141 est.
3197 1086 3454 1154 Quocun-

1862 1191 1968 1245 que
2015 1177 2160 1231 enim
2213 1180 2435 1235 nomine
2492 1179 2815 1249 appelletur,
2871 1178 3240 1249 antiquiorem
3290 1179 3456 1234 habet

1861 1283 2009 1332 eum,
2039 1269 2131 1337 qui
2165 1285 2360 1323 nomen
2389 1271 2670 1338 imposuit.
2695 1270 2819 1325 Haec
2841 1281 3049 1333 autem,
3076 1271 3262 1339 Pater,
3284 1273 3450 1336 Deus,

1860 1359 2141 1425 Conditor,
2165 1360 2446 1424 Deininus,
2479 1359 2675 1422 Herus,
2703 1375 2807 1427 non
2836 1368 2965 1413 sunt
2994 1361 3240 1424 nomina,
3265 1361 3358 1415 sed
3383 1375 3453 1416 ex

1861 1447 2144 1508 beneﬁciis
2167 1462 2222 1506 et
2251 1452 2514 1521 Operibus
2533 1453 2950 1521 appellationes.
2983 1452 3116 1520 Ejus
3143 1463 3323 1507 autem
3358 1452 3450 1508 Fi-

1862 1545 1991 1608 lius,
2022 1545 2114 1614 qui
2148 1544 2297 1598 solus
2333 1545 2554 1613 proprie
2580 1543 2752 1599 Filius
2781 1545 3002 1610 dicitur,
3030 1545 3270 1599 Verbum
3293 1556 3450 1600 ante-

1860 1646 2028 1700 quam
2062 1633 2300 1684 mundus
2329 1641 2637 1696 crearetur,
2681 1634 2827 1703 quod
2864 1643 2916 1688 et
2937 1649 3052 1690 una
3081 1650 3204 1689 cum
3232 1650 3297 1689 eo
3322 1639 3451 1691 ade-

1861 1733 1966 1787 rat,
1989 1733 2045 1778 et
2075 1723 2319 1792 genitum
2347 1733 2450 1787 est,
2483 1739 2606 1778 cum
2633 1739 2732 1794 per
2759 1725 2889 1778 illud
2919 1725 3079 1779 initio
3107 1726 3292 1780 omnia
3319 1740 3452 1781 con-

1861 1816 1997 1871 didit
2027 1825 2084 1871 et
2108 1800 2363 1879 ornavit;
2394 1816 2505 1882 hic,
2536 1817 2781 1886 inquam,
2813 1817 3007 1884 Filius,
3055 1833 3123 1873 eo
3170 1820 3314 1889 quod
3344 1835 3448 1874 un-

148 1922 219 1973 τὰ
274 1920 455 1973 πάντα
502 1918 569 1972 δι’
621 1916 786 1971 αὑτοῦ
838 1916 930 1969 τὸν
972 1915 1130 1987 Θεὸν,
1165 1913 1413 1982 λέγεται·
1448 1912 1618 1984 δνομα
1652 1911 1745 1964 καὶ

1851 1917 1972 1961 ctus
2002 1908 2075 1962 sit
2102 1918 2156 1962 et
2182 1924 2279 1978 per
2304 1925 2426 1964 eum
2455 1910 2597 1964 Deus
2627 1910 2809 1972 omnia
2842 1912 3150 1976 ornaverit,
3182 1910 3444 1968 Christus

150 2013 286 2067 αὐτὸ
320 2012 576 2084 περιέχον
610 2011 883 2080 ἄγνωστον
919 2010 1222 2080 σημασίαν·
1254 2008 1314 2061 ὃν
1341 2006 1540 2075 τρόπον
1574 2004 1749 2058 καὶτὸ

152 2105 302 2173 Θεὸς
336 2105 768 2176 προσαγόρευμα
790 2105 891 2157 οὐκ
919 2103 1090 2174 ὄνομά
1118 2104 1287 2168 ἐστιν,
1325 2099 1460 2154 ἀλλὰ
1490 2099 1750 2171 πράγμα-

148 2216 240 2264 τος
276 2196 644 2268 δυσεξηγήτοι·
679 2194 919 2266 ἔμφυτος
968 2197 1036 2266 τῇ
1078 2192 1238 2263 φύσει
1279 2191 1388 2245 τῶν
1441 2189 1748 2263 ἀνθρώπων

147 2291 298 2356 δόξα.
319 2289 529 2361 Ἰησοῦς
557 2289 613 2342 δὲ
641 2289 736 2341 καὶ
769 2285 1061 2359 ἀνθρώπου
1097 2287 1190 2339 καὶ
1215 2285 1474 2355 Σωτῆρος
1498 2284 1608 2354 (97)
1629 2283 1748 2334 δνο-

149 2401 227 2453 μυ
285 2383 382 2436 καὶ
430 2381 705 2452 σημασίαν
750 2378 882 2450 ἔχει.
919 2379 1032 2433 Καὶ
1063 2379 1172 2451 γὰρ
1205 2379 1300 2432 καὶ
1334 2377 1637 2449 ἄνθρωπος,
1671 2375 1746 2439 ὡς

146 2478 367 2542 προέφη
377 2490 473 2542 μεν
498 2469 674 2542 (97"),
702 2469 913 2539 γέγονε,
935 2468 1078 2523 κατὰ
1099 2469 1196 2539 τὴν
1229 2467 1322 2521 τοῦ
1357 2466 1492 2520 Θεοῦ
1517 2465 1611 2518 καὶ
1631 2465 1747 2517 Πα-

144 2565 279 2636 τρὸς
317 2565 516 2635 βουλὴν
548 2562 881 2631 ἁποκυηθεὶς
916 2561 1058 2632 ὑπὲρ
1090 2560 1198 2614 τῶν
1240 2558 1606 2612 πιστευόντων
1653 2557 1748 2609 ἀν-

147 2659 414 2729 θρώπων,
451 2656 548 2710 καὶ
582 2652 878 2709 καταλύσει
913 2653 1024 2725 (98)
1058 2653 1167 2706 τῶν
1198 2652 1490 2723 δαιμόνων.
1517 2652 1632 2705 Καϊ
1650 2649 1747 2704 νῦν

147 2751 215 2803 ὲκ
246 2750 357 2804 τῶν
392 2749 482 2802 ὑπ’
517 2748 640 2818 ὄψιν
681 2745 982 2818 γινομένων
1022 2745 1219 2818 ,μαθεῖν
1259 2743 1511 2798 δύνασθε.
1547 2746 1747 2814 Δαιμο-

145 2826 475 2914 νιολήπτους
526 2840 635 2911 γὰρ
691 2839 917 2902 πολλοὺς
971 2836 1113 2890 κατὰ
1164 2835 1344 2890 πάντα
1396 2835 1487 2890 τὸν
1519 2836 1744 2906 κόσμον,

145 2935 242 2990 καὶ
278 2938 338 2989 ὲν
371 2938 437 3006 τῇ
474 2934 716 3006 ὑμετέρᾳ
751 2932 860 3004 (99)
895 2932 1067 2996 πόλει,
1103 2929 1287 2984 πολλοὶ
1320 2929 1428 2983 τῶν
1461 2930 1746 3000 ἡμετέρων

144 3029 458 3101 ἀνθρώπων
491 3027 596 3080 τῶν
628 3025 989 3092 Χριστιανῶν,
1027 3024 1415 3096 ὲπορκίζοντες
1463 3023 1604 3077 κατὰ
1649 3021 1744 3076 τοῦ

145 3124 417 3192 ὀνόματος
486 3119 660 3192 Ἰησοῦ
711 3117 968 3191 Χριστοῦ,
1024 3116 1116 3171 τοῦ
1173 3116 1579 3186 παυρωθέντος
1650 3116 1745 3168 ἐπὶ

1854 2011 2112 2067 vocatur;
2143 2019 2251 2071 quo
2294 2004 2514 2072 quidem
2548 2012 2604 2057 et
2646 2005 2762 2073 ipso
2788 2003 3009 2058 nomine
3049 2019 3136 2058 res
3170 2004 3448 2074 signiﬁca-

1855 2102 1943 2148 tnr
1990 2095 2421 2166 indeprehensa;
2472 2095 2929 2164 quemadmodum
2991 2094 3091 2149 Dei
3155 2095 3448 2166 appellatio

1852 2203 1959 2242 non
1991 2203 2188 2243 nomen
2221 2200 2326 2253 est,
2368 2191 2464 2243 sed
2491 2190 2568 2242 rei
2600 2204 2707 2242 non
2736 2187 3067 2243 enarrabilis
3097 2188 3258 2242 insita
3290 2198 3448 2244 natu-

1853 2295 1926 2333 rte
1954 2278 2234 2334 hominum
2268 2280 2376 2350 93
2409 2280 2619 2349 opinio.
2648 2277 2808 2334 Jesns
2837 2289 3020 2334 autem
3047 2288 3103 2335 et
3128 2281 3367 2336 hominis
3391 2291 3449 2338 et

1855 2370 2160 2426 Salvatoris
2193 2387 2393 2426 nomen
2420 2380 2477 2425 et
2507 2372 2965 2443 signiﬁcationem
2997 2373 3186 2428 habet.
3232 2372 3366 2427 Nam
3390 2382 3448 2430 et

1854 2465 2020 2519 homo
2047 2463 2227 2518 factus
2251 2473 2358 2527 est,
2392 2473 2454 2518 ut
2481 2476 2640 2519 antea
2677 2464 2934 2530 diximus,
2961 2465 3028 2519 de
3061 2466 3153 2519 Dei
3186 2475 3240 2520 et
3267 2465 3445 2530 Patris

1850 2558 2137 2612 voluntate
2167 2566 2325 2627 partu
2358 2559 2539 2613 editus
2584 2573 2686 2628 pro
2729 2559 3084 2614 credentibus
3133 2560 3446 2616 hominibus

1850 2660 1905 2704 et
1932 2649 1999 2704 ad
2028 2650 2339 2705 daemonum
2365 2651 2736 2706 eversionem.
2770 2650 2826 2706 ld
2851 2651 3101 2720 profecto
3129 2667 3196 2706 ex
3219 2653 3305 2708 his
3326 2669 3447 2723 quae

1851 2742 1903 2794 in
1962 2742 2210 2796 omnium
2266 2743 2437 2797 oculis
2488 2753 2780 2814 geruntur,
2819 2745 3136 2815 perspicere
3195 2747 3441 2817 potestis,

1847 2834 2125 2891 Plurimos
2147 2837 2291 2891 enim
2321 2837 2608 2892 daemoniis
2638 2839 2874 2908 agitatos
2918 2839 2972 2892 in
3011 2848 3124 2893 toto
3149 2840 3281 2894 orbe
3307 2848 3362 2894 et
3387 2839 3442 2892 iu

1848 2929 1986 2984 urbe
2035 2940 2249 2997 vestra,
2276 2931 2430 2985 multi
2466 2947 2532 2986 ex
2564 2934 2768 2987 nostris
2795 2932 3150 2999 ChriStianis,
3184 2949 3309 2988 cum
3347 2949 3444 3003 per

1849 3037 2050 3076 nomen
2077 3023 2204 3078 Jesu
2233 3022 2441 3078 Christi
2471 3025 2572 3078 sub
2617 3025 2812 3080 Pontio
2844 3025 3021 3080 Pilato
3048 3027 3302 3081 cruciﬁxi
3343 3029 3442 3082 ad-

1841 3113 2119 3181 iurarent,
2149 3118 2217 3171 ab
2244 3117 2504 3171 omnibus
2529 3117 2651 3172 aliis
2677 3117 3109 3184 adjuratoribus,
3136 3120 3443 3174 incantato-

146 3215 380 3271 Ποντίου
400 3213 654 3278 Πιλάτου,
677 3211 782 3267 ὑπὸ
813 3214 912 3282 τῆς
945 3211 1119 3266 ἄλλων
1153 3211 1369 3266 πάντων
1403 3207 1743 3279 ὲπορκιστῶν

1850 3208 2001 3264 ribus
2041 3219 2099 3265 et
2134 3210 2398 3267 veneﬁcis
2447 3226 2556 3266 non
2605 3221 2828 3267 sanatos
2876 3227 3230 3279 sanaverunt,
3277 3226 3443 3284 atque

216 3481 332 3551 (93)
377 3480 554 3548 Ὅπερ
601 3478 856 3551 ἕκαστος
911 3477 1121 3551 ἐαυτῷ.
1191 3478 1397 3551 Eadem
1479 3479 1746 3535 habemus

145 3547 389 3625 Arichi,
433 3568 489 3604 n.
528 3553 561 3604 5
591 3591 607 3615 ,
641 3550 910 3625 Mliena‘g.
939 3550 1175 3625 Apeli‘n.
1212 3549 1303 3613 26,
1331 3553 1470 3625 apud
1501 3551 1745 3625 Lactan-

148 3619 287 3680 tium
320 3624 416 3676 lih.
451 3637 526 3684 iv,
565 3637 614 3674 c.
641 3622 735 3682 Ξῖ,
761 3633 816 3674 et
850 3621 1048 3675 Euseb.
1075 3621 1170 3675 lib.
1200 3636 1280 3683 tv,
1313 3638 1362 3674 ν.
1391 3621 1445 3686 5,
1491 3619 1742 3691 Ρνιεραν.

148 3715 233 3751 ev.
264 3710 328 3748 ev
364 3692 683 3745 Plutarcho.

221 3759 422 3888 (94g?)
440 3762 549 3831 γὰρ
565 3761 747 3816 ἄνκαὶ
767 3761 1028 3831 ὀνόματι.
1051 3759 1396 3815 Simillimam
1416 3764 1743 3818 sententiam

221 3847 287 3888 at
359 3875 371 3886 .
399 3835 640 3888 Joannes
669 3835 1038 3887 Damascenus
1072 3846 1139 3884 ex
1175 3831 1504 3885 Narratione
1540 3846 1743 3888 murm-

149 3831 287 3892 citat
311 3831 640 3889 SfJoannes
669 3835 1038 3903 Damascenus
1072 3846 1139 3884 ex
1175 3831 1504 3885 Narratione
1540 3846 1743 3903 murig-

146 3913 216 3962 n'i
261 3905 321 3960 S.
359 3905 576 3973 Babylo:
608 3924 620 3957 :
650 3905 767 3975 Πᾶν
811 3903 922 3975 γᾴρ
964 3902 1029 3975 rb
1060 3903 1460 3975 ὀνομαζόμενον
1507 3904 1610 3957 ὑπὸ
1649 3902 1744 3957 τοῦ

147 3973 832 4062 κρείττονοςιὸνομάξεται,
862 3973 1183 4062 ἵναςτὸθμὲν
1219 3973 1378 4062 καλῇ,
1421 3974 1478 4054 Eb
1517 3975 1574 4062 δὲ
1603 3975 1744 4062 Cirte-

147 4042 356 4122 κούῃ...
387 4047 529 4113 Θεὸς
549 4042 650 4099 οὐκ
670 4047 862 4117 ὄνομα,
884 4044 1018 4098 ἀλλὰ
1041 4042 1167 4108 δόξα
1189 4045 1314 4117 περὶ
1332 4042 1489 4108 Θεοῦ,
1517 4046 1743 4112 Parall.,

151 4140 488 4260 p.(‘£r53.Kai
527 4187 918 4258 γεννώμενος.
948 4185 1219 4260 _C|a_rorn.
1261 4189 1591 4260 γενόμενοςἒ
1654 4187 1746 4242 Sic

149 4256 323 4316 etiam
387 4256 673 4327 legendum
720 4256 889 4327 putat
944 4256 1192 4327 Scaliger
1249 4256 1490 4312 Notﬁin
1544 4257 1740 4311 Euseb.

149 4333 353 4386 Chron.
405 4325 514 4384 seu
558 4345 658 4384 nec
702 4325 818 4397 ipse
865 4344 964 4382 nec
1009 4325 1198 4380 Bullns
1235 4339 1290 4383 et
1338 4329 1596 4394 Grabius,
1647 4329 1740 4397 qui

151 4420 281 4458 eum
316 4401 592 4462 refellunt,
623 4399 1130 4455 animadverterunt
1160 4398 1290 4452 illud
1325 4401 1436 4463 ὅτε,
1469 4410 1526 4454 et
1561 4402 1746 4460 italin-

155 4474 448 4544 lierprelati
476 4481 604 4544 sunt
632 4472 789 4544 quasi
819 4470 1084 4544 scriptum
1109 4482 1254 4544 esset
1279 4472 1382 4524 ὅτι.
1411 4471 1658 4525 Justinus
1673 4471 1742 4544 de

151 4539 277 4598 Filii
308 4539 663 4610 generatione
706 4541 772 4593 ad
802 4539 984 4593 mundi
1013 4543 1349 4596 creationem
1395 4544 1533 4596 idem
1576 4542 1744 4595 sentit

153 4632 216 4669 ac
256 4613 412 4667 multi
454 4614 543 4666 alii
577 4612 894 4679 scriptores,
936 4613 1099 4680 idque
1151 4615 1252 4666 hoc
1297 4613 1418 4668 loco
1456 4613 1737 4680 conceptis

153 4686 338 4740 verbis
362 4685 628 4738 declarat.
655 4684 758 4736 Sed
791 4685 930 4735 hanc
953 4683 1362 4751 generationem
1391 4684 1526 4738 nihil
1551 4684 1738 4737 detra-

149 4756 284 4810 here
314 4757 383 4810 de
401 4753 523 4807 Filii
561 4754 870 4807 :etcrnitate
911 4755 1262 4823 perspicitur,
1311 4756 1581 4824 siquidem
1616 4764 1737 4807 erat

149 4842 260 4880 una
293 4842 420 4879 cum
467 4825 630 4878 Patre
658 4836 953 4892 antequam
987 4826 1229 4892 prodiret
1262 4828 1328 4879 ad
1366 4826 1548 4879 mundi
1584 4839 1737 4878 crea-

152 4899 383 4950 tionem.
435 4896 609 4950 Erunt
652 4893 884 4948 fortasse.
931 4897 1025 4963 qui
1072 4896 1358 4964 legendum
1403 4905 1636 4964 putent:
1681 4895 1737 4949 '0

148 4970 327 5036 Λόγος
377 4965 484 5038 πρὸ
535 4967 644 5038 τῶν
683 4965 1004 5038 ποιημάτων
1035 4964 1227 5018 συνών.
1258 4984 1276 5017 ι
1304 4965 1539 5021 Verbum
1593 4968 1736 5035 quod

153 5029 748 5094 eratcunt'PatreEnte
783 5029 870 5092 res
903 5048 1152 5101 creatas;
1184 5056 1201 5086 ι
1225 5038 1319 5091 sed
1347 5039 1575 5108 vulgatae
1599 5029 1736 5090 scri-

152 5122 330 5180 pturze
362 5124 556 5163 sensus
583 5123 736 5180 teque
783 5110 1082 5178 praeclarus
1110 5117 1212 5180 est,
1252 5111 1412 5162 modo
1449 5119 1578 5162 ante
1620 5110 1737 5161 hzec

153 5178 320 5234 verba
345 5181 438 5234 καὶ
464 5178 662 5242 συνών,
696 5181 1129 5249 interpungatur.
1165 5178 1288 5232 Mox
1319 5180 1514 5250 legitur
1551 5183 1604 5232 in
1633 5180 1738 5234 lte-

159 5253 247 5323 gio
273 5253 469 5324 codice
501 5253 776 5324 ἐκόσμησε
794 5251 896 5324 καὶ
921 5250 1125 5324 ἔκτισε.

227 5322 339 5392 (96)
379 5323 544 5376 Κατὰ
565 5319 976 5390 τὸκέχρῖσθαι.
1019 5322 1407 5393 scaligerloco
1427 5339 1549 5376 mox
1571 5323 1738 5376 citato

155 5394 284 5466 legit
306 5393 516 5465 χρῖσαι,
549 5393 641 5447 sed
671 5395 904 5448 Grabius
933 5402 987 5447 et
1023 5391 1114 5446 alii.
1149 5391 1319 5466 verbo
1351 5396 1568 5466 passivo
1599 5393 1738 5466 acti-

157 5465 278 5519 vani
309 5465 764 5536 signiﬁcationem
795 5465 1124 5536 attribuunt,
1160 5465 1236 5518 ita
1275 5475 1334 5518 ut
1367 5465 1619 5519 Christus
1655 5465 1741 5516 di-

157 5547 312 5592 catur
342 5535 601 5598 Verbum,
627 5536 749 5604 quia
779 5551 874 5604 per
902 5536 1032 5588 illud
1062 5535 1204 5590 Deus
1228 5538 1412 5590 omnia
1440 5536 1654 5591 inunxit
1681 5545 1739 5589 et

157 5607 396 5676 ornavit.
438 5605 603 5661 Solus
621 5604 880 5676 Gelenius
912 5607 1170 5672 reddidit,
1220 5625 1239 5657 ι
1267 5623 1334 5662 eo
1359 5609 1503 5676 quod
1544 5615 1740 5662 unctus

157 5680 250 5732 sit.
278 5696 300 5731 ι
335 5675 571 5743 Verbum
624 5675 870 5732 Justinus
915 5689 1137 5731 unetnni
1191 5677 1359 5733 fuisse
1407 5679 1561 5741 dicit,
1609 5679 1739 5743 quia

156 5749 414 5818 Splendor
434 5759 525 5802 est.
541 5758 778 5818 paterna:-
800 5749 983 5816 glorite
1000 5759 1056 5801 et
1080 5748 1261 5802 lumen
1287 5752 1353 5804 de
1379 5750 1603 5803 lumine.
1625 5748 1738 5802 Hoc

156 5817 382 5873 verbum
408 5817 660 5890 χρίεσθαι
689 5822 824 5891 satis
853 5829 1040 5891 aptum
1085 5821 1299 5873 videtur
1327 5822 1393 5874 ad
1423 5821 1740 5891 signiﬁcan-

158 5892 282 5945 dum
313 5889 680 5960 splendorem.
715 5889 806 5946 Sic
826 5892 968 5945 enim
1003 5889 1336 5962 Theophilus
1363 5889 1737 5950 Antioclieuus

1846 3484 1943 3540 lib.
1979 3499 2023 3549 t,
2055 3499 2207 3538 num.
2238 3483 2326 3550 12,
2348 3483 2424 3538 ait
2449 3482 2656 3537 nullum
2680 3496 2818 3552 epus
2837 3489 3092 3536 ornatum
3118 3495 3237 3536 esse
3258 3496 3441 3552 posse,

1847 3559 1949 3609 nisi
1988 3567 2246 3623 ungatur,
2284 3564 2339 3608 et
2388 3556 2453 3606 ad
2491 3551 2840 3623 splendorem
2881 3553 3214 3621 expoliatur,
3241 3553 3338 3606 ἐὰν
3361 3551 3440 3624 μὴ

1846 3626 2044 3698 χρισθῇ
2079 3627 2173 3679 καὶ
2201 3624 2494 3698 πιλὸωθῇ.
2517 3627 2610 3678 Ait
2631 3625 2834 3698 ibidem
2858 3625 3445 3698 aereni‘quodaninio:

1847 3692 1917 3751 do
1945 3692 2065 3750 luce
2101 3697 2308 3766 inungi,
2339 3692 2524 3767 τρόπῳ
2547 3695 2652 3748 τινὶ
2680 3693 2894 3767 χρίεται
2921 3692 3091 3767 φωτί,
3110 3692 3445 3767 νίιιθιιιίιιίειτ

1848 3768 1926 3828 ni,
1962 3770 2107 3820 inter
2153 3763 2257 3820 alia
2305 3763 2527 3820 nomina
2576 3763 2900 3835 qumVerbo
2929 3764 3188 3817 mundum
3226 3763 3442 3835 creanti

1850 3839 2180 3902 tribuebant,
2215 3837 2497 3891 Christum
2551 3838 2680 3890 illud
2737 3836 3123 3904 appellabant;
3174 3844 3226 3887 et
3278 3834 3442 3887 Chri»

1849 3918 1993 3962 stum
2046 3909 2300 3962 dicebant
2367 3924 2489 3962 esse
2555 3908 2736 3960 lumen
2793 3907 2924 3960 illud
2977 3920 3086 3974 quo
3149 3905 3438 3958 recedente

1848 3979 2151 4031 Achamoth
2185 3980 2508 4046 perturbata
2558 3979 2754 4042 fuerat,
2794 3975 2935 4031 Iren.
2977 3976 3070 4030 lib.
3107 3990 3180 4037 Iv,
3221 3990 3371 4026 num.
3405 3975 3432 4028 1

1846 4061 1900 4104 et
1930 4051 1982 4104 5.
2008 4050 2065 4103 S.
2094 4051 2416 4103 Ambrosius
2448 4051 2498 4103 in
2527 4050 2666 4103 libro
2697 4048 2770 4102 De
2802 4050 2928 4118 fuga
2961 4047 3144 4099 cumuli
3170 4062 3221 4118 ο.
3256 4046 3341 4118 l5,
3369 4046 3440 4099 de

1851 4120 2032 4173 Verbo
2071 4122 2151 4175 sic
2200 4121 2444 4189 loquitur
2475 4139 2490 4174 :
2523 4136 2541 4171 ι
2571 4118 2779 4173 Unctus
2803 4115 3134 4189 naturaliter
3181 4115 3378 4189 legitur
3409 4130 3442 4168 a

1849 4191 1960 4247 Deo
1993 4192 2173 4255 Patre,
2202 4186 2329 4259 quia
2366 4190 2546 4246 lumen
2598 4200 2681 4245 est
2733 4205 2948 4252 verum,
2992 4187 3137 4258 quod
3170 4186 3444 4259 illuminat

1847 4277 2064 4315 onmem
2101 4256 2378 4316 hominem
2403 4263 2710 4316 venientem
2749 4261 2802 4313 in
2844 4256 3443 4314 hunc—mundum.)—

1850 4333 2028 4407 [Quod
2045 4334 2132 4407 _ait_
2155 4331 2405 4407 Justinus
2428 4333 2663 4407 Verbum
2684 4333 2752 4407 ab
2771 4339 3226 4407 (Blel‘lIOAUllClUll-l
3247 4326 3441 4407 fuisse,

1849 4399 2012 4473 atque
2045 4404 2171 4457 inde
2197 4405 2485 4458 deductam
2509 4404 2712 4457 Christi
2742 4402 3187 4473 appellationem,
3210 4400 3261 4452 id
3303 4399 3442 4473 vide-

1850 4469 1940 4527 tur
1969 4476 2260 4528 deduxiSse
2291 4490 2358 4527 ex
2392 4475 2575 4527 verbis
2599 4469 2921 4542 Scriptura},
2974 4471 3135 4523 Prov.
3184 4485 3301 4534 vm,
3346 4469 3437 4531 ΞΖ,

1846 4546 1936 4599 tibi
1968 4547 2270 4613 Sapientia,
2300 4561 2397 4614 pro
2426 4547 2510 4599 his
2540 4547 2746 4608 verbis,
2778 4560 2898 4612 qnte
2928 4543 3203 4614 habentur
3238 4543 3292 4614 in
3329 4542 3443 4593 vul-

1768 4620 1816 4677 D
1843 4626 1984 4685 gata,
2006 4611 2082 4667 A‘b
2109 4611 2584 4670 retento—ordinata
2607 4620 2748 4677 sirm,
2765 4611 2968 4669 dicitur
2993 4611 3163 4666 Hebr.
3193 4612 3256 4664 ab
3280 4625 3439 4685 teter-

1843 4683 1909 4740 rio
1973 4688 2403 4754 inuncta,.qnia
2444 4687 2709 4740 nimirum
2781 4685 3044 4755 splendor
3110 4692 3195 4736 est
3269 4683 3439 4750 maje-

1843 4759 2022 4812 statis.
2057 4757 2199 4826 Ungi
2234 4759 2382 4813 enim
2425 4758 2569 4811 idem
2609 4768 2696 4812 est
2727 4773 2792 4810 ac
2827 4756 3235 4826 splendescere,
3263 4763 3328 4826 tit
3372 4769 3438 4807 ex

1841 4821 2174 4896 supradictis
2210 4828 2433 4896 intelligi
2473 4826 2716 4900 potest.]
2750 4827 2833 4880 Ex
2857 4821 3137 4878 'Addendis
3169 4833 3219 4876 et
3251 4821 3443 4878 Emen-

1841 4901 2057 4954 dandis.

1911 4970 2141 5042 (97)Kai
2174 4969 2491 5039 ἀνθρώπου
2532 4969 2631 5024 καί
2681 4968 2974 5042 Σωτῆρος,
3039 4965 3272 5042 Nomine
3305 4964 3436 5042 Jesu

1840 5037 2122 5095 hominem
2178 5037 2341 5096 simul
2387 5052 2440 5095 et
2489 5037 3138 5107 salvatorem'designari
3174 5041 3271 5099 ait,
3309 5037 3440 5105 quia

1842 5111 1977 5164 illud
2005 5111 2182 5167 Verbo
2213 5117 2503 5167 incarnato
2532 5114 2747 5167 sciebat
2775 5117 3101 5164 convenire.
3144 5107 3260 5160 Hoc
3291 5110 3438 5160 enini

1844 5183 2142 5238 discrimen
2205 5185 2347 5237 inter
2413 5185 2614 5237 Christi
2679 5193 2733 5237 et
2792 5181 2918 5235 Jesu
2978 5193 3174 5234 nomen
3240 5193 3268 5231 a
3335 5177 3440 5232 Ju¢

1843 5254 1992 5307 stino
2027 5254 2282 5321 ponitur,
2336 5257 2479 5322 quod
2522 5259 2758 5324 primum
2811 5253 2992 5307 Verbo
3030 5260 3158 5304 ante
3178 5249 3442 5324 lncarna~

1849 5325 2057 5406 tionem
2096 5336 2409 5394 competere
2443 5323 2712 5390 crederet,
2743 5324 2970 5378 alterum
3018 5332 3142 5392 post
3175 5323 3438 5376 lncarna-

1845 5407 2072 5450 tionem.

1913 5466 2045 5538 (97‘)
2086 5467 2241 5534 Apol.
2272 5485 2312 5530 ι,
2352 5485 2410 5522 n.
2446 5469 2518 5524 9.5
2555 5479 2611 5524 et
2640 5470 2732 5525 35.

1915 5534 2037 5611 (98)
2109 5541 2475 5594 Καταλύσει.
2550 5539 2874 5611 Ιιυεειιάυηι
2942 5537 3036 5590 ἐπὶ
3091 5534 3439 5611 καταλύσει,

1845 5609 1935 5684 ut“
1971 5611 2258 5684 Perionius
2312 5623 2391 5684 et;
2430 5613 2757 5684 Sylburgins
2791 5609 3438 5684 videruntabegeltd‘um

1842 5682 2008 5736 etiam
2061 5683 2154 5736 ἐπὶ
2188 5682 2432 5754 σωτηρίᾳ
2457 5676 2567 5736 τῶν
2591 5676 2960 5735 πίστευόντων
2993 5676 3218 5743 coniicit
3250 5676 3438 5732 Thirl-

1843 5755 1985 5808 hius.

1913 5825 2026 5895 (99)
2073 5824 2170 5880 Ἐν
2217 5823 2287 5894 τῇ
2317 5824 2591 5896 ὑμετέρᾳ.
2644 5825 2710 5882 Β.
2745 5825 3060 5898 Stephanus
3091 5823 3258 5879 habet
3293 5823 3435 5893 ἡμι-

1843 5895 1998 5966 τέρα.
