4132 6430
695 346 806 406 855

1659 335 1717 392 S.
1753 330 2018 392 JUSTINI
2051 328 2466 390 PHILOSOPHI
2503 328 2590 386 ET
2625 325 2988 386 MARTYRIS

3870 332 3985 393 156

696 472 995 519 etiamnum
1025 463 1246 522 sanant,
1278 450 1471 508 fractis
1497 459 1553 508 et
1577 451 1775 523 electis
1801 451 2146 506 daemonibus
2180 449 2279 504 hoc

2386 447 2477 500 καὶ
2510 445 2764 518 ἑπαστῶν
2798 447 2890 500 καὶ
2925 443 3334 517 φαρμακευτῶν
3366 440 3446 518 (1)
3495 446 3572 516 μὴ
3610 441 3860 511 ίαθέντας
3897 450 3959 502 Id

696 554 875 609 mines
895 549 1293 606 detiuentibus.

767 829 824 884 ’1.
869 827 1212 896 Quapmpter
1249 821 1394 876 Deus
1454 826 1678 890 propter
1715 815 2158 873 Christianorum
2196 829 2284 870 se-

699 920 1015 988 men,quod
1060 917 1114 971 iu
1161 929 1328 970 causa
1369 926 1496 966 esse
1540 911 1713 974 novit,
1738 923 1838 962 cur
1860 921 2043 962 rerum
2088 916 2283 961 natura

698 1019 1082 1073 conservetur,
1129 1017 1276 1061 tenet
1325 1021 1385 1060 se
1427 1019 1497 1058 ne
1541 1003 1922 1058 confusionem
1959 1001 2204 1064 inducat,
2229 1009 2285 1055 et

699 1103 1112 1160 dissolutionem
1143 1099 1312 1152 totius
1337 1096 1550 1161 mandi,
1574 1096 1648 1149 ita
1675 1104 1734 1149 ut
1763 1093 1894 1148 nulli
1915 1092 2026 1161 jam
2052 1090 2284 1160 improbi

700 1205 917 1252 exstent
943 1193 1119 1262 angeli
1144 1201 1201 1247 et
1221 1192 1497 1246 daemones
1518 1198 1573 1243 et
1611 1188 1883 1243 homines.
1907 1182 2046 1240 Nam
2082 1185 2184 1240 nisi
2209 1185 2285 1238 ita

699 1298 866 1353 esset,
904 1302 1012 1340 non
1042 1284 1156 1352 jam
1184 1283 1339 1338 vobis
1371 1284 1486 1337 hac
1519 1280 1703 1336 facere
1727 1289 1782 1333 et
1813 1295 1843 1333 a
1882 1280 2064 1347 pravis
2085 1278 2287 1332 daemo-

702 1379 864 1432 nibus
897 1375 1112 1431 incitari
1168 1374 1393 1437 liceret;
1440 1373 1535 1428 sed
1590 1373 1733 1442 ignis
1775 1370 1963 1438 judicii
2007 1371 2284 1440 delapsus,

701 1471 847 1525 nullo
883 1470 1206 1524 discrimine
1229 1469 1413 1521 omnia
1447 1467 1794 1531 dissolveret,
1828 1463 2283 1536 quemadmodum

697 1564 828 1618 olim
852 1561 1145 1623 diluvium,
1167 1560 1314 1629 quod
1346 1564 1623 1615 neminem
1660 1559 1932 1627 reliquum
1968 1558 2118 1620 fecit,
2148 1571 2287 1626 pra:-

699 1663 784 1708 ter
807 1671 971 1708 unum
1001 1671 1124 1708 cum
1163 1655 1278 1708 suis
1318 1657 1460 1722 apud
1495 1669 1596 1706 nos
1643 1662 1895 1705 vocatum
1943 1650 2096 1712 Noe,
2145 1649 2285 1717 apud

700 1759 796 1800 vos
826 1745 1254 1810 Deucalionem,
1288 1761 1353 1800 ex
1407 1760 1518 1814 quo
1567 1759 1759 1798 rursus
1808 1752 1953 1796 tanta
2005 1741 2283 1796 hominum

701 1837 991 1894 multitudo
1015 1846 1311 1907 propagata
1345 1846 1452 1900 est,
1483 1837 1679 1906 partim
1719 1835 2118 1905 improborum,
2146 1849 2285 1901 par-
2317 1825 2358 1880 Β

701 1929 798 1979 tim
824 1929 1114 1983 bonorum.
1150 1928 1245 2005 Sic
1291 1930 1438 1982 enim
1486 1943 1586 1982 nos
1634 1925 2118 1997 conflagrationem
2147 1925 2284 1979 dici-

698 2033 824 2074 mus
851 2019 1114 2088 futuram,
1149 2020 1244 2075 sed
1303 2035 1434 2080 non,
1485 2031 1542 2073 ut
1587 2018 1784 2083 Stoici,
1831 2017 2132 2073 secundum
2163 2031 2284 2068 om-

701 2109 853 2164 nium
881 2124 1064 2163 rerum
1104 2118 1309 2164 mutuae
1348 2108 1402 2162 in
1435 2123 1494 2162 se
1527 2107 1759 2162 invicem
1793 2102 2169 2160 conversionis
2197 2117 2284 2154 ra-

701 2202 947 2269 tionem;
984 2203 1133 2273 quod
1172 2201 1550 2272 turpissimum
1603 2200 1840 2254 videtur.
1891 2197 2080 2266 Neque
2119 2196 2283 2250 etiam

700 2291 816 2347 fato
854 2293 1103 2348 homines
1141 2305 1305 2361 agere
1359 2301 1456 2343 aut
1486 2305 1550 2343 ea
1576 2304 1698 2358 quae
1725 2287 1984 2342 eveniunt
2019 2285 2155 2356 pati,
2190 2285 2285 2338 sed

702 2389 874 2445 libero
905 2399 1180 2456 quemque
1216 2382 1447 2438 arbitrio
1502 2381 1767 2450 praeclare
1809 2393 1972 2449 agere
2020 2387 2112 2430 aut
2159 2391 2286 2444 pec-

697 2498 862 2547 care;
890 2481 1065 2535 bonos
1088 2489 1273 2532 autem
1305 2476 1576 2529 malorum
1612 2475 1918 2528 daemonum
1941 2471 2280 2539 operatione,

697 2573 864 2628 veluti
894 2572 1176 2626 Socratem
1211 2578 1268 2624 et
1316 2567 1456 2622 alios
1487 2566 1719 2628 similes,
1753 2564 1945 2618 vexari
1987 2573 2037 2614 et
2074 2563 2126 2615 iu
2162 2562 2283 2615 viu-

698 2663 841 2734 culis
899 2678 1056 2728 esse;
1117 2671 1306 2716 contra
1360 2657 1824 2726 Sardanapalum,
1881 2654 2177 2724 Epicurum
2229 2663 2286 2707 et

698 2759 839 2813 alios
867 2755 1135 2823 ejusmodi
1192 2755 1246 2808 in
1285 2768 1470 2807 rerum
1513 2753 1760 2805 omnium
1809 2749 1964 2820 capia
2015 2757 2071 2803 et
2104 2748 2287 2816 splen-

699 2851 833 2906 dore
857 2852 1047 2905 beatos
1082 2847 1281 2901 videri.
1315 2846 1469 2913 Quod
1506 2861 1630 2899 cum
1659 2841 1828 2898 Stoici
1860 2843 2041 2896 minus
2083 2840 2284 2896 intelli-

701 2951 916 3013 gerent,
963 2939 1060 2995 fati
1109 2938 1442 2994 necessitate
1494 2936 1677 2989 omnia
1730 2934 1850 2990 fieri
1899 2935 2280 2988 decreverunt.

699 3038 966 3104 Quoniam
993 3043 1172 3088 autem
1207 3033 1348 3086 Dens
1392 3030 1462 3083 ab
1501 3028 1660 3083 initio
1686 3028 1924 3082 liberum
1961 3026 2281 3094 angelorum

2385 556 2569 603 σαντο,
2605 540 2698 592 καὶ
2732 539 2810 592 ἔτι
2845 537 2941 594 νῦν
2979 537 3186 604 ίῶνται,
3223 537 3626 611 καταργοῦντες
3657 539 3753 593 καὶ
3787 539 3985 594 ἐκδιώ-

2385 648 2573 694 κοντις
2607 631 2730 695 τοὺς
2765 631 3093 702 κατέχοντας
3127 630 3206 702 (2)
3250 631 3378 699 τοὺς
3416 629 3742 703 ἀνθρώπους
3787 631 3986 706 δαίμο-

2385 741 2502 788 νας.

2457 818 2512 870 7.
2544 815 2710 870 Ὅθεν
2752 817 2849 870 καὶ
2887 815 3136 886 ἐπιμένει
3182 815 3214 868 δ
3254 814 3388 880 θεὸς
3438 815 3540 888 τήν
3589 814 3858 887 σύγχυσιν
3884 817 3986 871 καὶ

2385 909 2683 963 κατάλυσιν
2706 906 2800 962 τοῦ
2834 907 3039 972 παντὸς
3067 907 3272 980 κόσμου
3306 907 3383 980 μή
3415 908 3662 978 ποιῆσαι,
3688 908 3776 961 ἴνα
3803 907 3899 961 καὶ
3930 909 3986 962 οῑ

2387 1001 2580 1070 φαῦλοι
2603 1000 2848 1070 ἄγγελοι,
2881 1000 2978 1054 καὶ
3012 997 3288 1071 δαίμονες,
3331 997 3430 1053 καὶ
3468 1000 3746 1072 ἀνθρωττοι
3776 1003 3991 1072 μηκέτι

2385 1084 2511 1157 ὦσι,
2536 1093 2624 1148 διὰ
2655 1093 2716 1146 τὸ
2745 1094 2970 1164 σπέρμα
2998 1091 3106 1145 τῶν
3142 1091 3506 1164 Χριστιανῶν,
3554 1093 3582 1146 δ
3630 1093 3891 1162 γινώσκει
3920 1095 3988 1147 ἑν

2385 1189 2452 1257 τῇ
2479 1185 2637 1254 φύσει
2661 1187 2744 1238 ὄτι
2769 1186 2940 1238 αἴτιόν
2979 1185 3056 1255 (ὅ)
3101 1185 3270 1237 ἔστιν.
3314 1183 3466 1238 Ἐπεὶ
3506 1185 3555 1238 εἰ
3597 1185 3673 1256 μὴ
3703 1185 3862 1238 τοῦτο
3885 1179 3985 1257 ἦν,

2386 1283 2493 1335 οὐκ
2508 1281 2574 1335 ἀν
2597 1281 2719 1335 οὐδὲ
2753 1280 2882 1350 ὑμῖν
2917 1277 3091 1331 ταῦτα
3144 1277 3226 1330 ἐτι
3270 1280 3445 1330 ποιεῖν
3497 1279 3592 1332 καὶ
3635 1279 3990 1350 ἐνεργεῖσθαι

2389 1372 2494 1424 ὑπὸ
2520 1371 2628 1424 τῶν
2659 1371 2878 1440 φαύλων
2919 1369 3190 1440 δαιμόνων
3213 1369 3437 1423 δυνατὸν
3468 1364 3559 1440 ἦν,
3599 1368 3736 1423 ἀλλὰ
3761 1369 3826 1423 τὸ
3868 1369 3989 1441 πῦρ

2386 1465 2448 1520 τὸ
2471 1466 2568 1536 τῆς
2596 1464 2832 1536 κρίσεως
2853 1462 3134 1527 κατελθὸν,
3158 1463 3353 1535 ἀνέδην
3383 1462 3563 1515 πάντα
3591 1462 3887 1534 διέκρινεν,
3904 1463 3989 1527 ὡς

2387 1559 2780 1631 καὶπρότερον
2827 1559 2856 1610 ὁ
2905 1554 3293 1626 κατακλυσμὸς
3335 1554 3540 1626 μηδένα
3581 1554 3774 1619 λιπὼν,
3809 1555 3927 1609 ἀλλ’
3951 1553 3988 1628 ἢ

2385 1650 2478 1705 τὸν
2509 1652 2670 1721 μόνον
2699 1652 2796 1704 σὺν
2819 1653 2930 1714 τοῖς
2965 1650 3113 1712 ίδίοις
3162 1651 3292 1719 παρ’
3317 1649 3447 1718 ἡμῖν
3473 1646 3808 1719 καλούμενον
3833 1647 3986 1714 Νῶε,

2387 1747 2516 1815 παρ’
2545 1745 2673 1815 ὑμῖν
2701 1743 2758 1797 δὲ
2787 1742 3156 1806 Δευκαλίωνα,
3184 1739 3244 1806 ἐξ
3270 1735 3330 1794 οῦ
3361 1739 3521 1794 πάλιν
3549 1742 3597 1794 oi
3623 1740 3870 1794 τοσοῦτοι
3896 1757 3991 1811 γε·

2387 1837 2629 1906 γόνασιν,
2656 1830 2732 1890 ὧν
2754 1839 2803 1888 οί
2843 1837 2940 1906 μὲν
2973 1835 3186 1904 φαῦλοι,
3207 1835 3258 1888 oi
3277 1834 3335 1888 δὲ
3360 1834 3656 1889 σπουδαῖοι.
3689 1834 3848 1888 Οὕτω
3869 1835 3991 1906 γὰρ

2387 1932 2547 2000 ήμεῖς
2573 1931 2672 1999 τήν
2717 1926 3029 1998 ἐκπύρωσιν
3052 1925 3231 1996 φαμὲν
3258 1925 3606 1995 γενήσεσθαι,
3642 1922 3757 1978 ἀλλ’
3782 1926 3884 1996 οὐχ
3907 1926 3993 1989 ὼς

2387 2024 2433 2075 oi
2464 2021 2690 2073 Στωϊκοὶ
2713 2019 2856 2072 κατὰ
2887 2020 2978 2072 τὸν
3003 2018 3103 2089 τῆς
3133 2020 3214 2080 εἰς
3264 2016 3470 2087 ἄλληλα
3497 2018 3714 2070 πάντων
3749 2018 3993 2089 μεταδο·

2387 2111 2486 2180 λῆς
2500 2110 2657 2178 λόγον
2676 2127 2688 2138 ·
2713 2109 2741 2161 ὃ
2759 2110 3036 2180 αἴσχιστον
3055 2107 3248 2177 ἐφάνη.
3279 2106 3418 2160 Ἀλλ’
3435 2107 3556 2160 οὐδὲ
3573 2107 3692 2161 καθ’
3709 2109 3992 2179 εἱμαρμέε-

2386 2224 2484 2276 νην
2507 2204 2767 2276 πράττειν
2795 2204 2922 2266 τοὺς
2938 2201 3312 2274 ἀνθρώπουςῆ
3346 2201 3575 2272 πάσχειν
3603 2199 3674 2253 τὰ
3694 2201 3988 2271 γινόμενα,

2388 2295 2528 2349 ἀλλά
2579 2295 2722 2349 κατὰ
2761 2295 2860 2365 μὲν
2902 2296 3002 2366 τὴν
3049 2296 3367 2366 προαίρεσιν
3396 2293 3630 2346 ἕκαστον
3677 2293 3991 2363 κατορθοῦν

2386 2389 2419 2460 ἢ
2450 2388 2784 2459 ἁμαρτάνειν
2805 2405 2818 2419 ο
2854 2388 2948 2440 καὶ
2996 2388 3138 2440 κατά
3167 2389 3265 2459 τὴν
3294 2386 3402 2440 τῶν
3447 2387 3664 2456 φαύλων
3704 2385 3992 2456 δαιμόνων

2385 2481 2670 2552 ινέργειαν
2694 2482 2820 2545 τοὺς
2869 2481 3218 2544 σπουδαίους,
3249 2475 3362 2533 οἷον
3391 2479 3689 2551 Σωκράτην
3730 2479 3828 2532 καὶ
3853 2479 3992 2541 τοὺς

2385 2573 2625 2643 ὁμοίους,
2652 2572 2968 2636 διώκεσθαι,
3003 2573 3099 2625 καὶ
3126 2575 3184 2625 ἐν
3213 2572 3433 2643 δεσμοῖς
3475 2568 3616 2626 εἶναι
3636 2590 3649 2602 ·
3705 2572 3991 2643 Σαρδανάο

2386 2664 2556 2719 παλον
2599 2666 2678 2730 δὲ,
2737 2665 2833 2719 καὶ
2907 2665 3264 2736 Ἐπίκουρον,
3320 2665 3414 2717 καὶ
3467 2664 3596 2728 τοὺς
3641 2664 3890 2734 ὁμοίους,
3923 2667 3991 2716 ὲν

2386 2757 2617 2830 ἀφθονίᾳ.
2647 2757 2740 2810 καὶ
2764 2756 2889 2829 δόξῃ
2912 2757 3089 2810 δοκεῖν
3112 2757 3469 2828 εὐδαιμονεῖν.
3494 2757 3558 2810 ’0
3583 2755 3658 2826 μὴ
3684 2758 3988 2827 νοήσαντες

2385 2847 2434 2900 οἰ
2468 2848 2716 2910 Στωϊκοὶ,
2742 2847 2863 2900 καθ’
2881 2847 3226 2919 εἱμαρμένης
3247 2847 3495 2917 ἀνάγκην
3522 2847 3698 2901 πάντα
3728 2847 3988 2915 γίνεσθαι

2385 2940 2757 3010 ἀπεφήναντο.
2808 2939 2948 2992 Ἀλλ’
2977 2941 3060 2993 ὅτι
3108 2938 3454 3006 αὐτεξούσιον
3480 2940 3540 2992 τό
3565 2956 3623 2991 τε
3649 2938 3760 2993 τῶν
3807 2940 3989 3008 ἀγγέ-

2386 3033 2492 3085 λων
2531 3033 2688 3102 γένος
2715 3031 2944 3084 καὶτῶν
2972 3031 3276 3102 ἀνθρώπων
3322 3031 3421 3102 τὴν
3459 3031 3632 3104 ἀρχὴν
3667 3033 3930 3103 ἐποίησεν
3956 3035 3988 3086 ὁ

699 3141 754 3186 et
786 3129 1063 3184 hominum
1091 3141 1264 3196 genus
1289 3123 1518 3188 creavit,
1555 3123 1753 3176 merito
1777 3136 1993 3186 eorum,
2023 3134 2143 3189 qua:
2164 3133 2283 3189 pec-

2390 3125 2542 3190 Θεδς,
2568 3126 2792 3190 δικαίως
2821 3127 2961 3199 ὑπὲρ
2986 3120 3060 3181 ὧν
3086 3127 3153 3180 ἂν
3192 3126 3647 3200 πλημμελήσωσι,
3677 3126 3777 3197 τὴν
3806 3145 3990 3198 τιμω-

701 3222 974 3286 caverint,
1039 3217 1305 3288 supplicia
1369 3218 1420 3270 in
1484 3228 1689 3289 azteruo
1758 3215 1882 3285 igne
1946 3215 2283 3284 persolvent.

701 3313 912 3368 Creata:
960 3319 1142 3364 autem
1201 3307 1489 3376 cujuslibet
1546 3305 1620 3361 rei
1686 3307 1802 3359 haec
1836 3314 2033 3358 natura
2087 3313 2192 3368 est,
2229 3311 2289 3358 ut

703 3403 928 3458 virtutis
965 3412 1018 3456 et
1059 3403 1176 3455 vitii
1222 3402 1294 3454 sit
1328 3415 1540 3470 capax;
1589 3413 1765 3467 neque
1798 3399 1945 3451 enim
1982 3397 2284 3466 quidquam

700 3497 971 3553 laudabile
1031 3496 1271 3562 faceret,
1316 3496 1421 3549 nisi
1459 3508 1580 3547 sese
1634 3495 1685 3547 in
1743 3505 2032 3560 utramque
2072 3501 2282 3561 partem

698 3590 945 3644 vertendi
975 3588 1294 3641 facultatem
1326 3586 1571 3640 haberet.
1607 3585 1787 3654 Atque
1820 3585 1874 3638 id
1901 3585 2071 3638 etiam
2102 3585 2286 3638 decla-

699 3691 827 3737 rant
848 3681 938 3748 qui
973 3681 1026 3732 in
1065 3679 1310 3747 qualibet
1343 3679 1566 3744 regione
1601 3687 1724 3745 apte
1767 3678 1833 3729 ad
1872 3689 2076 3730 rectam
2110 3677 2284 3731 ratio-

702 3788 828 3828 nem
870 3772 1016 3842 leges
1040 3771 1212 3825 tulere
1245 3777 1336 3822 ant
1369 3769 1741 3840 philosophati
1775 3780 1921 3834 sunt,
1948 3784 2013 3823 ex
2051 3783 2115 3823 eo
2140 3771 2283 3839 quod

699 3867 803 3920 alia
838 3866 954 3920 fieri
987 3865 1368 3935 przvscribaut,
1405 3863 1508 3916 alia
1563 3863 1749 3916 vitari.
1785 3861 1908 3918 Haec
1931 3864 2120 3917 eadem
2161 3879 2285 3916 con-

697 3969 915 4015 stanter
937 3958 1170 4028 probant
1212 3954 1386 4011 Stoici
1419 3973 1542 4010 cum
1575 3956 1643 4010 de
1676 3956 1923 4011 moribus
1963 3957 2278 4024 disputant;

699 4062 761 4106 ut
786 4052 946 4107 facile
979 4061 1168 4121 pateat
1216 4052 1268 4105 in
1305 4049 1593 4118 principiis
1641 4060 1696 4103 et
1732 4054 1894 4104 rebus
1946 4049 2283 4118 incorporeis

699 4145 1107 4213 pertractaudis
1141 4160 1248 4199 non
1279 4153 1482 4198 rectam
1519 4156 1614 4196 eos
1663 4143 1804 4196 viam
1835 4143 2109 4199 insistere.
2146 4141 2280 4196 Nam

700 4237 746 4292 si
791 4236 900 4292 fato
930 4236 1046 4291 fieri
1100 4237 1309 4301 dicent,
1363 4252 1486 4306 qua:
1519 4238 1588 4291 ab
1627 4235 1943 4292 hominibus
1963 4233 2075 4308 94
2103 4235 2276 4303 (iuta;

2394 3219 2514 3289 ρίαν
2541 3222 2599 3272 ὲν
2641 3219 2845 3291 αἰωνίῳ
2889 3221 3025 3292 πυρὶ
3054 3221 3392 3292 κομίσονται.
3443 3220 3704 3290 Γεννητοῦ
3745 3222 3803 3275 δὲ
3845 3241 3989 3277 παν-

2388 3309 2481 3372 τὸς
2513 3310 2608 3380 ἥδε
2638 3311 2670 3380 ή
2703 3309 2897 3378 φύσις,
2941 3313 3144 3376 κακίας
3184 3314 3279 3367 καὶ
3308 3315 3510 3386 ἀρετῆς
3548 3314 3792 3369 δεκτικὸν
3812 3313 3984 3371 εἶναι.

2387 3403 2466 3459 Οὐ
2505 3403 2614 3472 γὰρ
2644 3404 2709 3457 ἂν
2735 3399 2804 3475 ἦν
2829 3406 3113 3459 ἐπαινετὸν
3147 3408 3298 3461 οὐδὲν
3328 3409 3528 3473 αύτῶν,
3566 3411 3615 3463 εί
3640 3411 3740 3464 οὐκ
3788 3406 3862 3483 ἦν
3903 3413 3984 3483 (4)

2387 3496 2474 3548 ἐπ’
2491 3495 2778 3568 ἀμφότερα
2803 3499 3122 3569 τρέπεσθαι,
3141 3501 3236 3553 καὶ
3256 3499 3482 3571 δύναμιν
3510 3498 3643 3572 εἶχε.
3662 3503 3988 3559 Δεικνύουσι

2386 3588 2443 3642 δὲ
2467 3589 2624 3642 τοῦτο
2653 3591 2747 3644 καὶ
2773 3592 2821 3643 οἱ
2850 3592 3125 3664 πανταχοῦ
3150 3594 3291 3646 κατά
3315 3593 3474 3663 λόγον
3503 3594 3594 3647 τὸν
3633 3595 3791 3667 ὀρθὸν
3817 3614 3987 3667 νομο-

2388 3681 2713 3754 θετήσαντες
2753 3684 2848 3736 καὶ
2895 3682 3360 3757 φιλοσοφήσαντες
3409 3685 3710 3758 ἀνθρωττοι,
3764 3689 3830 3740 ὲκ
3885 3687 3984 3741 τοῦ

2388 3773 2750 3845 ὑπαγορεύειν
2782 3777 2902 3829 τόδε
2935 3777 3032 3846 μὲν
3060 3778 3341 3849 πράττειν,
3366 3778 3535 3832 τῶνδε
3567 3779 3624 3832 δὲ
3648 3779 3980 3850 ἀπέχεσθαι.

2386 3866 2498 3919 Καὶ
2533 3868 2581 3919 οἱ
2611 3867 2841 3923 Στωϊκοὶ
2870 3870 3172 3940 φιλόσοφοι,
3199 3873 3258 3923 ὲν
3277 3870 3356 3941 τῷ
3383 3871 3513 3944 περὶ
3545 3871 3691 3941 ήθῶν
3714 3871 3884 3942 λόγῳ,
3910 3874 3984 3927 τά

2386 3957 2526 4012 αὐτὰ
2553 3959 2753 4030 τιμῶσι
2775 3961 3058 4033 καρτερῶς
3077 3980 3090 3992 ’
3119 3963 3195 4026 ὼς
3215 3961 3503 4034 δηλοῦσθαι
3539 3964 3598 4016 ὲν
3628 3963 3704 4034 τῷ
3727 3965 3858 4037 περὶ
3878 3967 3984 4038 ἀρ-

2387 4051 2496 4123 χῶν
2522 4055 2616 4106 καὶ
2644 4055 2951 4125 ἀσωμάτων
2977 4055 3121 4127 λόγῳ
3162 4057 3263 4110 οὐκ
3307 4056 3524 4111 εύοδοῦν
3575 4059 3793 4122 αὐτούς.
3847 4059 3982 4114 Εἴτε

2385 4147 2495 4218 γὰρ
2533 4148 2656 4202 καθ’
2679 4150 3026 4224 εἱμαρμένην
3055 4153 3284 4225 φήσουσι
3329 4153 3400 4207 τὰ
3432 4154 3694 4225 γινόμενα
3715 4155 3856 4226 πρὸς
3884 4156 3982 4208 ἀν-

2387 4240 2620 4312 θρώπων
2652 4241 2916 4310 γίνεσθαι,
2963 4243 2998 4315 ή
3061 4244 3226 4315 μηδὲν
3274 4240 3414 4301 εἶναι
3447 4246 3581 4301 Θεὸν
3625 4246 3980 4320 παρατρεπό-

773 4432 850 4502 (i)
874 4504 884 4514 .
908 4434 1331 4520 Φαρέιακευτᾴς
1373 4434 1706 4516 interpretor
1737 4437 2012 4520 veneficos.
2051 4437 2175 4506 quia
2202 4439 2282 4491 sic.

2387 4449 2608 4513 mundo,
2645 4457 2900 4517 tanquam
2937 4451 2987 4504 in
3013 4453 3283 4518 custodia,
3303 4454 3394 4505 sed
3418 4452 3519 4520 ipsi
3551 4454 3811 4507 mundum
3842 4469 3981 4509 con-

701 4505 899 4592 vocari
918 4505 1569 4592 solleh-agutﬂuinmagicis
1599 4505 2086 4592 reiuedgiis’sanare
2111 4524 2282 4564 cona-
2313 4518 2359 4572 D
2388 4505 2681 4592 servant.i__
2704 4505 3051 4592 Christianos
3090 4505 3348 4592 ﬁexa-giiat
3379 4505 3595 4584 Celsus,
3616 4505 3979 4588 quasiidi—c‘ti-

702 4574 921 4644 bantur.
973 4573 1243 4629 Ohservat
1292 4575 1352 4631 S.
1411 4577 1735 4629 Ambrosius
1770 4578 1824 4629 in
1866 4579 2057 4644 psalm.
2089 4593 2280 4642 cxvm,

699 4643 1069 4706 Christianos,
1104 4645 1208 4697 etsi
1262 4645 1316 4698 in
1366 4647 1484 4700 solo
1546 4646 1748 4700 Christi
1796 4643 2016 4704 nomine
2059 4651 2283 4704 morbos

699 4714 992 4786 curabant,
1024 4716 1300 4771 veneficos
1341 4726 1520 4770 tamen
1573 4717 1834 4786 appellari
1893 4717 2083 4773 solitos
2113 4719 2282 4774 fuisse

701 4784 770 4858 ab
796 4785 1055 4858 ethnicis,
1095 4786 1184 4851 qui
1240 4788 1354 4841 haec
1413 4784 1678 4840 miracula
1713 4788 1939 4858 magica:
1981 4789 2082 4842 arti
2119 4793 2280 4843 attri-

703 4855 965 4930 Iluebant.
996 4855 1357 4930 .lm‘puguatur
1391 4860 1544 4924 quasi
1578 4855 1834 4926 veneﬁcus
1863 4861 1950 4930 qui
1978 4861 2035 4913 in
2069 4861 2281 4914 nomine

701 4922 915 4978 Domini
954 4922 1214 4993 gloriatur

774 4995 872 5072 (2)_
902 4995 1299 5072 Katéxmuc.
1355 4996 1594 5056 Clarom.
1655 5002 2062 5072 κατασχόντας,
2107 5013 2162 5057 et
2215 5004 2282 5059 ad

700 5064 1002 5137 marginem
1033 5064 1382 5137 κατέχοντας.

776 5137 854 5208 (3)
888 5134 965 5205 Τῇ
991 5134 1311 5205 φύσεῐὸτι
1367 5141 1579 5195 αἴτιον.
1643 5142 1824 5197 Mundi
1864 5145 2279 5200 dissolutionem

701 5218 927 5278 propter
953 5208 1296 5263 Christianos
1323 5209 1530 5266 differri
1588 5213 1746 5268 dccet
1783 5214 2029 5272 Justin’us
2074 5217 2197 5270 aliis
2226 5217 2278 5270 in

703 5277 858 5355 locis,
889 5277 1047 5355 ἀραί.
1096 5280 1289 5355 nu.__28
1318 5293 1374 5334 et
1407 5282 1501 5345 45,
1537 5295 1592 5339 et
1623 5284 1833 5355 Dialog.
1861 5304 2011 5343 num.
2044 5287 2133 5343 39.
2191 5289 2283 5342 Sic

702 5350 871 5430 etiam
911 5349 1142 5431 Hermas
1178 5350 1275 5405 lib.
1314 5368 1355 5414 ι,
1389 5369 1514 5423 cap.
1544 5355 1632 5431 2,;
1655 5349 1807 5431 num.
1839 5359 1873 5412 4
1901 5378 1914 5414 :
1978 5378 1998 5408 r
2031 5357 2279 5413 Ecclesia

703 5428 947 5502 omnium
1003 5428 1176 5502 prima
1195 5434 1416 5502 _creata
1466 5428 1742 5502 est,__ideo
1783 5444 1940 5492 auus,
1969 5440 2026 5483 et
2057 5439 2282 5502 propter

703 5491 853 5571 illam
904 5493 1141 5571 mundus
1190 5492 1369 5571 factus
1393 5505 1532 5571 est.)
1588 5498 1655 5571 lit
1699 5499 1905 5555 Auctor
1934 5491 2179 5571 episiolé
2209 5501 2281 5552 ad

707 5562 1023 5641 Diognetus;
1053 5563 1194 5616 infra
1222 5581 1278 5641 u_.
1302 5564 1337 5620 6
1360 5583 1374 5619 :
1412 5567 1601 5641 «Quod
1630 5572 1917 5641 estanima
1945 5562 1998 5626 in
2023 5585 2277 5641 corpore,

699 5634 904 5716 inquit,
939 5635 1044 5716 hoc
1088 5643 1219 5715 sunt
1251 5636 1308 5690 in
1360 5639 1564 5692 mundo
1607 5639 1942 5716 Christiani.
1967 5681 1983 5696 .
2011 5683 2027 5698 .
2060 5634 2276 5697 Inclusa

701 5704 922 5770 quidem
949 5713 1034 5780 est
1087 5707 1274 5780 animi
1304 5720 1555 5780 corpore,
1599 5710 1696 5763 sed
1749 5711 1862 5780 ipsa
1913 5729 2114 5778 corpus
2147 5729 2278 5768 con-

704 5782 928 5828 servat:
984 5776 1064 5830 sic
1112 5785 1167 5830 et
1217 5775 1516 5833 Christiani
1577 5775 1894 5839 detinentur
1953 5775 2175 5855 quidem
2223 5785 2273 5839 iu

2389 4597 2611 4666 tenent:
2646 4590 2780 4666 ,Ὅτι
2825 4591 2960 4666 Θεός
3017 4596 3185 4666 ἐστιν,
3215 4590 3360 4648 ἐἶτα
3401 4594 3516 4666 μετ]
3553 4596 3759 4666 ἐκεῖνον
3811 4597 3979 4666 ἡμεῖς

2387 4657 2480 4737 ὑπ’
2509 4660 2673 4737 αὑτοῦ
2704 4662 2992 4737 γᾼεχονότες
3041 4664 3216 4737 niam
3247 4657 3422 4737 ὅμοιοὶ
3448 4664 3524 4735 τῷ
3543 4665 3680 4737 Θεῷ·
3711 4666 3806 4719 καὶ
3834 4657 3978 4737 ’ήμῖν

2387 4730 2566 4783 πάντα
2613 4717 3002 4814 ﬁrmabit-mai,
3044 4736 3134 4807 γῆ,
3167 4717 3506 4859 ἣιαῖδῦδωρξ
3558 4717 3656 4788 καὶ
3697 4717 3829 4808 ἀήρ,

2387 4800 2584 4859 ἄστρα.
2619 4803 2716 4856 καὶ
2742 4805 2897 4859 ἡμων
2927 4805 3090 4858 ἕνεκα
3135 4808 3332 4859 πάντα.
3381 4826 3451 4859 κα
3525 4809 3657 4859 ἡμῖν
3698 4807 3977 4859 δουλεύειν

2386 4800 2584 4878 ἄστρα,
2619 4803 2716 4856 καὶ
2742 4800 2897 4873 ἡμῶν
2927 4800 3111 4858 ἕνεκα
3135 4808 3332 4872 πάντα,
3381 4800 3476 4860 καὶ
3525 4809 3657 4878 ήμῖν
3698 4800 3977 4862 δοῦλεύειν

2383 4872 2681 4948 τέτακται.Δ
2722 4872 2929 4948 «λρευε-
2948 4887 3032 4930 est
3077 4887 3139 4948 et!
3177 4893 3280 4932 nos
3317 4889 3438 4948 post
3476 4872 3623 4940 eum,
3649 4880 3718 4933 ah
3749 4894 3818 4934 eo
3841 4879 3972 4933 facti

2385 4944 2610 4996 omnino
2641 4944 2847 4997 similes
2905 4946 3039 5001 Deo.
3096 4946 3264 5003 Nobis
3296 4944 3481 5004 omnia
3540 4948 3791 5017 subjecta
3818 4961 3969 5016 sunt,

2387 5021 2561 5089 terra.
2597 5032 2760 5089 aqua,
2793 5031 2909 5080 aer,
2962 5029 3146 5083 astra;
3205 5033 3430 5089 propter
3456 5033 3555 5074 nos
3583 5020 3788 5081 omnia,
3820 5031 3876 5073 et
3913 5029 3974 5074 ut

2387 5083 2812 5160 [nobisserviant
2838 5090 3161 5160 ordinata,»
3206 5083 3358 5160 'apu'd
3388 5091 3616 5160 Origen.
3675 5090 3769 5143 lib.
3796 5105 3872 5152 tv,
3913 5107 3971 5160 p.

2387 5153 2509 5226 {75.
2548 5155 2721 5226 Negat
2757 5155 3024 5226 Origenes
3067 5163 3182 5215 hsec
3202 5178 3230 5214 a
3254 5153 3591 5216 "Christianis
3615 5160 3721 5214 dici
3749 5153 3930 5215 solere
3958 5184 3970 5215 ;

2388 5221 2595 5281 fatetur
2619 5221 3208 5301 angelos'hominihus
3238 5231 3649 5301 przestautiores
3678 5246 3835 5295 esse;
3869 5247 3972 5285 ne-

2383 5305 2476 5363 gat
2504 5307 2653 5352 astra
2686 5299 2794 5354 illis
2817 5314 2942 5353 esse
2971 5301 3214 5367 subjecta
3239 5299 3254 5365 ξ
3283 5302 3525 5355 animata
3555 5302 3702 5356 enim
3733 5301 3823 5353 illa
3847 5316 3972 5355 esse

2384 5368 2660 5441 credebat.
2703 5369 2808 5424 Sed
2845 5380 3030 5424 tamen
3070 5374 3210 5426 idem
3254 5373 3311 5427 in
3352 5371 3448 5426 lib.
3485 5385 3605 5436 vnt,
3630 5389 3682 5441 p.
3714 5372 3844 5433 424,
3874 5374 3972 5428 de-

2383 5435 2556 5491 clarat
2607 5459 2626 5493 ι
2657 5441 3104 5498 constitutionem
3149 5443 3350 5497 terreni
3402 5435 3597 5495 mundi
3630 5435 3699 5498 ab
3727 5443 3970 5498 homini-

2382 5510 2487 5563 bus
2517 5509 2608 5564 Dei
2641 5513 3015 5567 conservari.»
3053 5513 3185 5568 Vide
3215 5514 3390 5569 Clem.
3435 5508 3712 5569 Alexand:
3759 5514 3816 5568 in
3865 5513 3967 5570 lib.

2384 5577 2525 5658 ουρ.
2547 5581 2971 5658 diuessalvflur,
3004 5601 3069 5658 p.

2453 5649 2531 5726 (ἦ)
2558 5654 2763 5726 Elpes
2810 5652 2909 5722 ἦν.
2945 5649 3100 5726 Legit
3133 5654 3417 5712 Thlrlbius
3439 5659 3487 5710 ει
3511 5659 3572 5726 ού
3597 5655 3841 5722 uitaui
3865 5656 3971 5711 οὐκ

2381 5719 2584 5802 ἀν).ὲπ’
2616 5719 2901 5795 ἀμφότερα
2931 5719 3228 5798 τρέπεσθαι
3249 5727 3479 5802 δύναμιν
3509 5725 3642 5799 εἶχε.
3673 5719 3794 5782 Mox
3822 5728 3973 5787 idem

2384 5791 2516 5848 lenit
2540 5793 2665 5848 τάδε
2702 5794 2822 5848 μέν.

2403 5802 2516 5861 egtt
2540 5802 2665 5848 τάδε
2701 5802 2822 5862 μέν.
