  <div class='ocr_page' id='page_1' title='image "/cluster/home/n/w/nwhite01/storage/ocr_20150623/6/pst.000005711826/253.png"; bbox 0 0 4132 6444; ppageno 0'>
   <div class='ocr_carea' id='block_1_1' title="bbox 803 387 4042 458">
    <p class='ocr_par' dir='ltr' id='par_1_1' title="bbox 803 387 4042 458">
     <span class='ocr_line' id='line_1_1' title="bbox 803 387 4042 458; baseline 0.002 -14"><span class='ocrx_word' id='word_1_1' title='bbox 803 391 897 444; x_wconf 69' lang='grc' dir='ltr'><strong>ό91</strong></span> <span class='ocrx_word' id='word_1_2' title='bbox 1757 388 1812 442; x_wconf 89' lang='lat' dir='ltr'><strong>S.</strong></span> <span class='ocrx_word' id='word_1_3' title='bbox 1845 387 2111 443; x_wconf 76' lang='lat' dir='ltr'><strong>JUSTINI</strong></span> <span class='ocrx_word' id='word_1_4' title='bbox 2143 387 2551 447; x_wconf 81' lang='lat' dir='ltr'><strong>PHILOSOPHI</strong></span> <span class='ocrx_word' id='word_1_5' title='bbox 2586 388 2672 443; x_wconf 84' lang='lat' dir='ltr'><strong>ET</strong></span> <span class='ocrx_word' id='word_1_6' title='bbox 2709 387 3065 458; x_wconf 56' lang='lat' dir='ltr'><strong>MARTYRIS</strong></span> <span class='ocrx_word' id='word_1_7' title='bbox 3953 397 4042 450; x_wconf 68' lang='lat'><strong>‘92</strong></span> 
     </span>
    </p>
   </div>
   <div class='ocr_carea' id='block_1_2' title="bbox 800 501 2320 578">
    <p class='ocr_par' dir='ltr' id='par_1_2' title="bbox 800 502 2320 572">
     <span class='ocr_line' id='line_1_2' title="bbox 800 502 2320 572; baseline 0.004 -17"><span class='ocrx_word' id='word_1_8' title='bbox 800 512 1064 572; x_wconf 81' lang='lat' dir='ltr'><strong>perpetuo</strong></span> <span class='ocrx_word' id='word_1_9' title='bbox 1094 515 1294 572; x_wconf 87' lang='lat' dir='ltr'><strong>corpus</strong></span> <span class='ocrx_word' id='word_1_10' title='bbox 1324 517 1446 557; x_wconf 90' lang='lat' dir='ltr'><strong>cum</strong></span> <span class='ocrx_word' id='word_1_11' title='bbox 1477 502 1658 556; x_wconf 84' lang='lat' dir='ltr'><strong>anima</strong></span> <span class='ocrx_word' id='word_1_12' title='bbox 1694 503 2050 570; x_wconf 76' lang='lat' dir='ltr'><strong>coniunctum</strong></span> <span class='ocrx_word' id='word_1_13' title='bbox 2107 514 2236 572; x_wconf 86' lang='lat' dir='ltr'><strong>est;</strong></span> <span class='ocrx_word' id='word_1_14' title='bbox 2278 522 2320 561; x_wconf 78' lang='lat' dir='ltr'><strong>st</strong></span> 
     </span>
    </p>
   </div>
   <div class='ocr_carea' id='block_1_3' title="bbox 2417 501 4041 578">
    <p class='ocr_par' dir='ltr' id='par_1_3' title="bbox 2417 501 4041 578">
     <span class='ocr_line' id='line_1_3' title="bbox 2417 501 4041 578; baseline 0.006 -24"><span class='ocrx_word' id='word_1_15' title='bbox 2417 517 2449 571; x_wconf 54' lang='grc' dir='ltr'>Α</span> <span class='ocrx_word' id='word_1_16' title='bbox 2473 505 2653 577; x_wconf 77' lang='grc' dir='ltr'><strong>ψυφὴν</strong></span> <span class='ocrx_word' id='word_1_17' title='bbox 2680 505 2876 576; x_wconf 81' lang='grc' dir='ltr'><strong>μηκέτι</strong></span> <span class='ocrx_word' id='word_1_18' title='bbox 2919 501 3078 569; x_wconf 76' lang='grc' dir='ltr'><strong>εἶναι,</strong></span> <span class='ocrx_word' id='word_1_19' title='bbox 3124 504 3334 578; x_wconf 77' lang='grc' dir='ltr'><strong>ἀπέστη</strong></span> <span class='ocrx_word' id='word_1_20' title='bbox 3387 508 3481 561; x_wconf 82' lang='grc' dir='ltr'><strong>ἀπ’</strong></span> <span class='ocrx_word' id='word_1_21' title='bbox 3529 507 3701 577; x_wconf 76' lang='grc' dir='ltr'><strong>αὐτῆς</strong></span> <span class='ocrx_word' id='word_1_22' title='bbox 3733 508 3796 561; x_wconf 80' lang='grc' dir='ltr'><strong>τὸ</strong></span> <span class='ocrx_word' id='word_1_23' title='bbox 3827 512 4041 575; x_wconf 75' lang='grc' dir='ltr'><strong>ζωτικὸν</strong></span> 
     </span>
    </p>
   </div>
   <div class='ocr_carea' id='block_1_4' title="bbox 795 594 2320 673">
    <p class='ocr_par' dir='ltr' id='par_1_4' title="bbox 795 594 2320 667">
     <span class='ocr_line' id='line_1_4' title="bbox 795 594 2320 667; baseline 0.004 -19"><span class='ocrx_word' id='word_1_24' title='bbox 795 611 921 648; x_wconf 86' lang='lat' dir='ltr'><strong>cum</strong></span> <span class='ocrx_word' id='word_1_25' title='bbox 953 594 1090 649; x_wconf 84' lang='lat' dir='ltr'><strong>solvi</strong></span> <span class='ocrx_word' id='word_1_26' title='bbox 1119 603 1336 665; x_wconf 88' lang='lat' dir='ltr'><strong>oportet</strong></span> <span class='ocrx_word' id='word_1_27' title='bbox 1360 594 1503 650; x_wconf 82' lang='lat' dir='ltr'><strong>hanc</strong></span> <span class='ocrx_word' id='word_1_28' title='bbox 1545 594 1918 660; x_wconf 71' lang='lat' dir='ltr'><strong>harmoniam,</strong></span> <span class='ocrx_word' id='word_1_29' title='bbox 1951 597 2211 667; x_wconf 74' lang='lat' dir='ltr'><strong>relinquit</strong></span> <span class='ocrx_word' id='word_1_30' title='bbox 2245 613 2320 654; x_wconf 76' lang='lat' dir='ltr'><strong>cui</strong></span> 
     </span>
    </p>
   </div>
   <div class='ocr_carea' id='block_1_5' title="bbox 2417 594 4039 673">
    <p class='ocr_par' dir='ltr' id='par_1_5' title="bbox 2476 595 4039 673">
     <span class='ocr_line' id='line_1_5' title="bbox 2476 595 4039 673; baseline 0.006 -25"><span class='ocrx_word' id='word_1_31' title='bbox 2476 595 2708 666; x_wconf 74' lang='grc' dir='ltr'><strong>πνεῦμα,</strong></span> <span class='ocrx_word' id='word_1_32' title='bbox 2743 598 2838 649; x_wconf 77' lang='grc' dir='ltr'><strong>καὶ</strong></span> <span class='ocrx_word' id='word_1_33' title='bbox 2867 597 2965 650; x_wconf 78' lang='grc' dir='ltr'><strong>οὐκ</strong></span> <span class='ocrx_word' id='word_1_34' title='bbox 2992 595 3138 648; x_wconf 74' lang='grc' dir='ltr'><strong>ἐστιν</strong></span> <span class='ocrx_word' id='word_1_35' title='bbox 3169 598 3204 666; x_wconf 78' lang='grc' dir='ltr'><strong>η</strong></span> <span class='ocrx_word' id='word_1_36' title='bbox 3236 596 3383 669; x_wconf 78' lang='grc' dir='ltr'><strong>ψυχὴ</strong></span> <span class='ocrx_word' id='word_1_37' title='bbox 3415 598 3518 664; x_wconf 76' lang='grc' dir='ltr'><strong>ἔτι,</strong></span> <span class='ocrx_word' id='word_1_38' title='bbox 3571 600 3707 654; x_wconf 87' lang='grc' dir='ltr'><strong>ἀλλά</strong></span> <span class='ocrx_word' id='word_1_39' title='bbox 3741 604 3841 654; x_wconf 76' lang='grc' dir='ltr'><strong>καὶ</strong></span> <span class='ocrx_word' id='word_1_40' title='bbox 3896 601 4039 673; x_wconf 62' lang='grc' dir='ltr'><strong>αὕτη,</strong></span> 
     </span>
    </p>
   </div>
   <div class='ocr_carea' id='block_1_6' title="bbox 793 684 2320 758">
    <p class='ocr_par' dir='ltr' id='par_1_6' title="bbox 793 684 2320 755">
     <span class='ocr_line' id='line_1_6' title="bbox 793 684 2320 755; baseline 0 -17"><span class='ocrx_word' id='word_1_41' title='bbox 793 699 894 753; x_wconf 85' lang='lat' dir='ltr'><strong>pus</strong></span> <span class='ocrx_word' id='word_1_42' title='bbox 935 686 1140 750; x_wconf 86' lang='lat' dir='ltr'><strong>anima,</strong></span> <span class='ocrx_word' id='word_1_43' title='bbox 1186 699 1286 740; x_wconf 81' lang='lat' dir='ltr'><strong>nec</strong></span> <span class='ocrx_word' id='word_1_44' title='bbox 1322 684 1436 755; x_wconf 82' lang='lat' dir='ltr'><strong>jam</strong></span> <span class='ocrx_word' id='word_1_45' title='bbox 1458 693 1639 740; x_wconf 80' lang='lat' dir='ltr'><strong>exstat</strong></span> <span class='ocrx_word' id='word_1_46' title='bbox 1673 685 1836 741; x_wconf 87' lang='lat' dir='ltr'><strong>homo</strong></span> <span class='ocrx_word' id='word_1_47' title='bbox 1866 702 1880 738; x_wconf 91' lang='lat'>:</span> <span class='ocrx_word' id='word_1_48' title='bbox 1908 688 1986 741; x_wconf 88' lang='lat' dir='ltr'><strong>sic</strong></span> <span class='ocrx_word' id='word_1_49' title='bbox 2020 688 2206 752; x_wconf 83' lang='lat' dir='ltr'><strong>etiam,</strong></span> <span class='ocrx_word' id='word_1_50' title='bbox 2245 704 2320 744; x_wconf 71' lang='lat' dir='ltr'><strong>Clll</strong></span> 
     </span>
    </p>
   </div>
   <div class='ocr_carea' id='block_1_7' title="bbox 2417 684 3474 758">
    <p class='ocr_par' dir='ltr' id='par_1_7' title="bbox 2471 685 3474 758">
     <span class='ocr_line' id='line_1_7' title="bbox 2471 685 3474 758; baseline 0.001 -19"><span class='ocrx_word' id='word_1_51' title='bbox 2471 685 2590 739; x_wconf 75' lang='grc' dir='ltr'><strong>ὅθεν</strong></span> <span class='ocrx_word' id='word_1_52' title='bbox 2623 685 2852 758; x_wconf 74' lang='grc' dir='ltr'><strong>ἐλήφθη,</strong></span> <span class='ocrx_word' id='word_1_53' title='bbox 2887 687 3064 739; x_wconf 77' lang='grc' dir='ltr'><strong>έκεῐσε</strong></span> <span class='ocrx_word' id='word_1_54' title='bbox 3097 689 3265 758; x_wconf 77' lang='grc' dir='ltr'><strong>χωρεῖ</strong></span> <span class='ocrx_word' id='word_1_55' title='bbox 3296 688 3474 742; x_wconf 73' lang='grc' dir='ltr'><strong>πάλιν.</strong></span> 
     </span>
    </p>
   </div>
   <div class='ocr_carea' id='block_1_8' title="bbox 790 775 2369 845">
    <p class='ocr_par' dir='ltr' id='par_1_8' title="bbox 790 775 2369 845">
     <span class='ocr_line' id='line_1_8' title="bbox 790 775 2369 845; baseline 0.004 -17"><span class='ocrx_word' id='word_1_56' title='bbox 790 778 1034 831; x_wconf 80' lang='lat' dir='ltr'><strong>animam</strong></span> <span class='ocrx_word' id='word_1_57' title='bbox 1084 790 1192 830; x_wconf 90' lang='lat' dir='ltr'><strong>non</strong></span> <span class='ocrx_word' id='word_1_58' title='bbox 1242 775 1356 844; x_wconf 86' lang='lat' dir='ltr'><strong>jam</strong></span> <span class='ocrx_word' id='word_1_59' title='bbox 1383 791 1507 831; x_wconf 80' lang='lat' dir='ltr'><strong>esse</strong></span> <span class='ocrx_word' id='word_1_60' title='bbox 1559 778 1901 845; x_wconf 86' lang='lat' dir='ltr'><strong>oportuerit,</strong></span> <span class='ocrx_word' id='word_1_61' title='bbox 1943 778 2175 834; x_wconf 87' lang='lat' dir='ltr'><strong>discedit</strong></span> <span class='ocrx_word' id='word_1_62' title='bbox 2214 779 2283 835; x_wconf 90' lang='lat' dir='ltr'><strong>ab</strong></span> <span class='ocrx_word' id='word_1_63' title='bbox 2304 794 2369 835; x_wconf 81' lang='lat' dir='ltr'><strong>ea</strong></span> 
     </span>
    </p>
   </div>
   <div class='ocr_carea' id='block_1_9' title="bbox 790 865 2367 942">
    <p class='ocr_par' dir='ltr' id='par_1_9' title="bbox 790 865 2367 942">
     <span class='ocr_line' id='line_1_9' title="bbox 790 865 2367 942; baseline 0.003 -19"><span class='ocrx_word' id='word_1_64' title='bbox 790 868 1019 937; x_wconf 84' lang='lat' dir='ltr'><strong>spiritus</strong></span> <span class='ocrx_word' id='word_1_65' title='bbox 1037 865 1244 933; x_wconf 86' lang='lat' dir='ltr'><strong>vitalis,</strong></span> <span class='ocrx_word' id='word_1_66' title='bbox 1274 881 1374 921; x_wconf 90' lang='lat' dir='ltr'><strong>nec</strong></span> <span class='ocrx_word' id='word_1_67' title='bbox 1409 867 1522 936; x_wconf 91' lang='lat' dir='ltr'><strong>jam</strong></span> <span class='ocrx_word' id='word_1_68' title='bbox 1561 876 1746 922; x_wconf 79' lang='lat' dir='ltr'><strong>exstat</strong></span> <span class='ocrx_word' id='word_1_69' title='bbox 1800 868 2003 932; x_wconf 89' lang='lat' dir='ltr'><strong>anima,</strong></span> <span class='ocrx_word' id='word_1_70' title='bbox 2040 870 2136 926; x_wconf 89' lang='lat' dir='ltr'><strong>sed</strong></span> <span class='ocrx_word' id='word_1_71' title='bbox 2163 881 2217 926; x_wconf 84' lang='lat' dir='ltr'><strong>et</strong></span> <span class='ocrx_word' id='word_1_72' title='bbox 2252 872 2367 942; x_wconf 79' lang='lat' dir='ltr'><strong>ipsa</strong></span> 
     </span>
    </p>
   </div>
   <div class='ocr_carea' id='block_1_10' title="bbox 791 959 1724 1024">
    <p class='ocr_par' dir='ltr' id='par_1_10' title="bbox 791 959 1724 1024">
     <span class='ocr_line' id='line_1_10' title="bbox 791 959 1724 1024; baseline 0.001 -10"><span class='ocrx_word' id='word_1_73' title='bbox 791 964 936 1014; x_wconf 85' lang='lat' dir='ltr'><strong>unde</strong></span> <span class='ocrx_word' id='word_1_74' title='bbox 965 959 1159 1014; x_wconf 86' lang='lat' dir='ltr'><strong>educta</strong></span> <span class='ocrx_word' id='word_1_75' title='bbox 1191 967 1294 1024; x_wconf 87' lang='lat' dir='ltr'><strong>est,</strong></span> <span class='ocrx_word' id='word_1_76' title='bbox 1321 974 1387 1014; x_wconf 91' lang='lat' dir='ltr'><strong>eo</strong></span> <span class='ocrx_word' id='word_1_77' title='bbox 1414 961 1724 1015; x_wconf 71' lang='lat' dir='ltr'><strong>revertitur.</strong></span> 
     </span>
    </p>
   </div>
   <div class='ocr_carea' id='block_1_11' title="bbox 859 1073 2320 1158">
    <p class='ocr_par' dir='ltr' id='par_1_11' title="bbox 859 1074 2320 1145">
     <span class='ocr_line' id='line_1_11' title="bbox 859 1074 2320 1145; baseline 0.001 -17"><span class='ocrx_word' id='word_1_78' title='bbox 859 1075 910 1129; x_wconf 91' lang='lat'><strong>7.</strong></span> <span class='ocrx_word' id='word_1_79' title='bbox 959 1074 1205 1129; x_wconf 78' lang='lat' dir='ltr'><strong>Veritatis</strong></span> <span class='ocrx_word' id='word_1_80' title='bbox 1231 1075 1462 1145; x_wconf 82' lang='lat' dir='ltr'><strong>cognitio</strong></span> <span class='ocrx_word' id='word_1_81' title='bbox 1512 1093 1545 1129; x_wconf 87' lang='lat' dir='ltr'><strong>a</strong></span> <span class='ocrx_word' id='word_1_82' title='bbox 1607 1076 1874 1144; x_wconf 79' lang='lat' dir='ltr'><strong>prophetis</strong></span> <span class='ocrx_word' id='word_1_83' title='bbox 1925 1075 2050 1130; x_wconf 77' lang='lat' dir='ltr'><strong>solis</strong></span> <span class='ocrx_word' id='word_1_84' title='bbox 2119 1080 2320 1143; x_wconf 76' lang='lat' dir='ltr'><strong>petendt</strong></span> 
     </span>
    </p>
   </div>
   <div class='ocr_carea' id='block_1_12' title="bbox 2417 1073 4037 1158">
    <p class='ocr_par' dir='ltr' id='par_1_12' title="bbox 2537 1073 4037 1158">
     <span class='ocr_line' id='line_1_12' title="bbox 2537 1073 4037 1158; baseline 0.001 -25"><span class='ocrx_word' id='word_1_85' title='bbox 2537 1080 2591 1133; x_wconf 85' lang='grc'><strong>7.</strong></span> <span class='ocrx_word' id='word_1_86' title='bbox 2624 1080 2740 1134; x_wconf 83' lang='grc' dir='ltr'>Τίνι</span> <span class='ocrx_word' id='word_1_87' title='bbox 2777 1073 2890 1143; x_wconf 81' lang='grc' dir='ltr'><strong>οὖν,</strong></span> <span class='ocrx_word' id='word_1_88' title='bbox 2927 1079 3088 1151; x_wconf 76' lang='grc' dir='ltr'><strong>φημὶ,</strong></span> <span class='ocrx_word' id='word_1_89' title='bbox 3122 1078 3200 1133; x_wconf 63' lang='lat' dir='ltr'><strong>In</strong></span> <span class='ocrx_word' id='word_1_90' title='bbox 3245 1095 3332 1143; x_wconf 90' lang='grc' dir='ltr'><strong>τις</strong></span> <span class='ocrx_word' id='word_1_91' title='bbox 3352 1079 3615 1158; x_wconf 72' lang='grc' dir='ltr'><strong>χρήσαιτο</strong></span> <span class='ocrx_word' id='word_1_92' title='bbox 3655 1078 3980 1151; x_wconf 74' lang='grc' dir='ltr'><strong>διδασκάλῳ,</strong></span> <span class='ocrx_word' id='word_1_93' title='bbox 4010 1081 4037 1153; x_wconf 65' lang='grc' dir='ltr'>ἢ</span> 
     </span>
    </p>
   </div>
   <div class='ocr_carea' id='block_1_13' title="bbox 783 1164 2320 1242">
    <p class='ocr_par' dir='ltr' id='par_1_13' title="bbox 783 1165 2315 1240">
     <span class='ocr_line' id='line_1_13' title="bbox 783 1165 2315 1240; baseline 0.001 -20"><span class='ocrx_word' id='word_1_94' title='bbox 783 1195 846 1207; x_wconf 94' lang='grc'><strong><em>-</em></strong></span> <span class='ocrx_word' id='word_1_95' title='bbox 885 1167 1132 1233; x_wconf 85' lang='lat' dir='ltr'><strong>Quonam</strong></span> <span class='ocrx_word' id='word_1_96' title='bbox 1180 1180 1312 1236; x_wconf 87' lang='lat' dir='ltr'><strong>ergo</strong></span> <span class='ocrx_word' id='word_1_97' title='bbox 1351 1165 1462 1233; x_wconf 84' lang='lat' dir='ltr'><strong>jam</strong></span> <span class='ocrx_word' id='word_1_98' title='bbox 1501 1167 1647 1235; x_wconf 84' lang='lat' dir='ltr'><strong>quis,</strong></span> <span class='ocrx_word' id='word_1_99' title='bbox 1683 1167 1927 1236; x_wconf 88' lang='lat' dir='ltr'><strong>inquam,</strong></span> <span class='ocrx_word' id='word_1_100' title='bbox 1962 1176 2148 1222; x_wconf 87' lang='lat' dir='ltr'><strong>utatur</strong></span> <span class='ocrx_word' id='word_1_101' title='bbox 2193 1185 2315 1240; x_wconf 72' lang='lat' dir='ltr'><strong>ma‘g</strong></span> 
     </span>
    </p>
   </div>
   <div class='ocr_carea' id='block_1_14' title="bbox 2417 1164 4038 1242">
    <p class='ocr_par' dir='ltr' id='par_1_14' title="bbox 2467 1164 4038 1242">
     <span class='ocr_line' id='line_1_14' title="bbox 2467 1164 4038 1242; baseline 0.004 -25"><span class='ocrx_word' id='word_1_102' title='bbox 2467 1164 2631 1218; x_wconf 76' lang='grc' dir='ltr'><strong>πόθεν</strong></span> <span class='ocrx_word' id='word_1_103' title='bbox 2664 1165 2972 1238; x_wconf 75' lang='grc' dir='ltr'><strong>ὠφεληθείη</strong></span> <span class='ocrx_word' id='word_1_104' title='bbox 3016 1184 3120 1232; x_wconf 88' lang='grc' dir='ltr'><strong>τις,</strong></span> <span class='ocrx_word' id='word_1_105' title='bbox 3161 1168 3214 1220; x_wconf 80' lang='grc' dir='ltr'><strong>εί</strong></span> <span class='ocrx_word' id='word_1_106' title='bbox 3248 1167 3383 1238; x_wconf 72' lang='grc' dir='ltr'><strong>μηδὲ</strong></span> <span class='ocrx_word' id='word_1_107' title='bbox 3413 1171 3474 1222; x_wconf 72' lang='grc' dir='ltr'><strong>έν</strong></span> <span class='ocrx_word' id='word_1_108' title='bbox 3513 1167 3724 1234; x_wconf 79' lang='grc' dir='ltr'><strong>τούτοις</strong></span> <span class='ocrx_word' id='word_1_109' title='bbox 3747 1169 3812 1223; x_wconf 81' lang='grc' dir='ltr'><strong>τὸ</strong></span> <span class='ocrx_word' id='word_1_110' title='bbox 3844 1169 4038 1242; x_wconf 75' lang='grc' dir='ltr'><strong>ἀληθές</strong></span> 
     </span>
    </p>
   </div>
   <div class='ocr_carea' id='block_1_15' title="bbox 783 1258 2654 1329">
    <p class='ocr_par' dir='ltr' id='par_1_15' title="bbox 783 1258 2654 1329">
     <span class='ocr_line' id='line_1_15' title="bbox 783 1258 2654 1329; baseline 0 -17"><span class='ocrx_word' id='word_1_111' title='bbox 783 1270 919 1324; x_wconf 88' lang='lat' dir='ltr'><strong>stro,</strong></span> <span class='ocrx_word' id='word_1_112' title='bbox 956 1269 1048 1313; x_wconf 91' lang='lat' dir='ltr'><strong>aut</strong></span> <span class='ocrx_word' id='word_1_113' title='bbox 1088 1258 1230 1314; x_wconf 87' lang='lat' dir='ltr'><strong>unde</strong></span> <span class='ocrx_word' id='word_1_114' title='bbox 1256 1259 1560 1328; x_wconf 84' lang='lat' dir='ltr'><strong>adjuvetur,</strong></span> <span class='ocrx_word' id='word_1_115' title='bbox 1592 1260 1636 1314; x_wconf 90' lang='lat' dir='ltr'><strong>si</strong></span> <span class='ocrx_word' id='word_1_116' title='bbox 1680 1274 1750 1315; x_wconf 91' lang='lat' dir='ltr'><strong>ne</strong></span> <span class='ocrx_word' id='word_1_117' title='bbox 1797 1260 1886 1314; x_wconf 83' lang='lat' dir='ltr'><strong>isti</strong></span> <span class='ocrx_word' id='word_1_118' title='bbox 1918 1260 2138 1329; x_wconf 89' lang='lat' dir='ltr'><strong>quidem</strong></span> <span class='ocrx_word' id='word_1_119' title='bbox 2170 1276 2360 1317; x_wconf 87' lang='lat' dir='ltr'><strong>verum</strong></span> <span class='ocrx_word' id='word_1_120' title='bbox 2467 1261 2654 1325; x_wconf 57' lang='grc' dir='ltr'><strong>έστ¹ιν;</strong></span> 
     </span>
    </p>
   </div>
   <div class='ocr_carea' id='block_1_16' title="bbox 782 1351 1088 1405">
    <p class='ocr_par' dir='ltr' id='par_1_16' title="bbox 782 1351 1088 1405">
     <span class='ocr_line' id='line_1_16' title="bbox 782 1351 1088 1405; baseline -0.003 0"><span class='ocrx_word' id='word_1_121' title='bbox 782 1352 1039 1405; x_wconf 83' lang='lat' dir='ltr'><strong>viderunt</strong></span> <span class='ocrx_word' id='word_1_122' title='bbox 1065 1351 1088 1404; x_wconf 84' lang='lat'><strong>?</strong></span> 
     </span>
    </p>
   </div>
   <div class='ocr_carea' id='block_1_17' title="bbox 851 1462 2360 1534">
    <p class='ocr_par' dir='ltr' id='par_1_17' title="bbox 851 1462 2360 1534">
     <span class='ocr_line' id='line_1_17' title="bbox 851 1462 2360 1534; baseline 0.001 -15"><span class='ocrx_word' id='word_1_123' title='bbox 851 1463 1126 1519; x_wconf 77' lang='lat' dir='ltr'><strong>Exstitere</strong></span> <span class='ocrx_word' id='word_1_124' title='bbox 1147 1464 1310 1534; x_wconf 91' lang='lat' dir='ltr'><strong>longe</strong></span> <span class='ocrx_word' id='word_1_125' title='bbox 1335 1463 1402 1518; x_wconf 90' lang='lat' dir='ltr'><strong>ab</strong></span> <span class='ocrx_word' id='word_1_126' title='bbox 1433 1464 1538 1517; x_wconf 88' lang='lat' dir='ltr'><strong>hoc</strong></span> <span class='ocrx_word' id='word_1_127' title='bbox 1581 1472 1828 1530; x_wconf 89' lang='lat' dir='ltr'><strong>tempore</strong></span> <span class='ocrx_word' id='word_1_128' title='bbox 1861 1462 1963 1517; x_wconf 88' lang='lat' dir='ltr'><strong>viri</strong></span> <span class='ocrx_word' id='word_1_129' title='bbox 1989 1463 2208 1534; x_wconf 82' lang='lat' dir='ltr'><strong>quidam</strong></span> <span class='ocrx_word' id='word_1_130' title='bbox 2241 1465 2360 1520; x_wconf 86' lang='lat' dir='ltr'><strong>istis</strong></span> 
     </span>
    </p>
   </div>
   <div class='ocr_carea' id='block_1_18' title="bbox 779 1557 2356 1629">
    <p class='ocr_par' dir='ltr' id='par_1_18' title="bbox 779 1557 2356 1629">
     <span class='ocr_line' id='line_1_18' title="bbox 779 1557 2356 1629; baseline -0.001 -15"><span class='ocrx_word' id='word_1_131' title='bbox 779 1559 1058 1625; x_wconf 93' lang='lat' dir='ltr'><strong>omnibus,</strong></span> <span class='ocrx_word' id='word_1_132' title='bbox 1082 1559 1177 1629; x_wconf 86' lang='lat' dir='ltr'><strong>qui</strong></span> <span class='ocrx_word' id='word_1_133' title='bbox 1214 1557 1525 1626; x_wconf 85' lang='lat' dir='ltr'><strong>philosophi</strong></span> <span class='ocrx_word' id='word_1_134' title='bbox 1554 1557 1961 1618; x_wconf 77' lang='lat' dir='ltr'><strong>existimantur,</strong></span> <span class='ocrx_word' id='word_1_135' title='bbox 1991 1557 2356 1626; x_wconf 85' lang='lat' dir='ltr'><strong>antiquiores,</strong></span> 
     </span>
    </p>
   </div>
   <div class='ocr_carea' id='block_1_19' title="bbox 777 1648 2353 1721">
    <p class='ocr_par' dir='ltr' id='par_1_19' title="bbox 777 1648 2353 1721">
     <span class='ocr_line' id='line_1_19' title="bbox 777 1648 2353 1721; baseline -0.001 -14"><span class='ocrx_word' id='word_1_136' title='bbox 777 1652 922 1707; x_wconf 84' lang='lat' dir='ltr'><strong>beati</strong></span> <span class='ocrx_word' id='word_1_137' title='bbox 965 1661 1019 1706; x_wconf 91' lang='lat' dir='ltr'><strong>et</strong></span> <span class='ocrx_word' id='word_1_138' title='bbox 1055 1651 1185 1721; x_wconf 85' lang='lat' dir='ltr'><strong>justi</strong></span> <span class='ocrx_word' id='word_1_139' title='bbox 1216 1661 1271 1706; x_wconf 89' lang='lat' dir='ltr'><strong>et</strong></span> <span class='ocrx_word' id='word_1_140' title='bbox 1312 1651 1418 1705; x_wconf 94' lang='lat' dir='ltr'><strong>Deo</strong></span> <span class='ocrx_word' id='word_1_141' title='bbox 1444 1648 1628 1713; x_wconf 82' lang='lat' dir='ltr'><strong>chari,</strong></span> <span class='ocrx_word' id='word_1_142' title='bbox 1671 1649 1762 1718; x_wconf 89' lang='lat' dir='ltr'><strong>qui</strong></span> <span class='ocrx_word' id='word_1_143' title='bbox 1805 1648 2009 1717; x_wconf 88' lang='lat' dir='ltr'><strong>Spiritu</strong></span> <span class='ocrx_word' id='word_1_144' title='bbox 2045 1659 2237 1705; x_wconf 90' lang='lat' dir='ltr'><strong>sancto</strong></span> <span class='ocrx_word' id='word_1_145' title='bbox 2273 1650 2353 1706; x_wconf 78' lang='lat' dir='ltr'><strong>af-</strong></span> 
     </span>
    </p>
   </div>
   <div class='ocr_carea' id='block_1_20' title="bbox 777 1738 2320 1812">
    <p class='ocr_par' dir='ltr' id='par_1_20' title="bbox 777 1740 2320 1812">
     <span class='ocr_line' id='line_1_20' title="bbox 777 1740 2320 1812; baseline 0 -16"><span class='ocrx_word' id='word_1_146' title='bbox 777 1744 945 1798; x_wconf 87' lang='lat' dir='ltr'><strong>llante</strong></span> <span class='ocrx_word' id='word_1_147' title='bbox 984 1741 1147 1797; x_wconf 90' lang='lat' dir='ltr'><strong>locuti</strong></span> <span class='ocrx_word' id='word_1_148' title='bbox 1187 1750 1341 1808; x_wconf 87' lang='lat' dir='ltr'><strong>sunt,</strong></span> <span class='ocrx_word' id='word_1_149' title='bbox 1383 1752 1438 1796; x_wconf 94' lang='lat' dir='ltr'><strong>et</strong></span> <span class='ocrx_word' id='word_1_150' title='bbox 1479 1740 1662 1794; x_wconf 80' lang='lat' dir='ltr'><strong>futura</strong></span> <span class='ocrx_word' id='word_1_151' title='bbox 1707 1740 1989 1795; x_wconf 78' lang='lat' dir='ltr'><strong>vaticinati</strong></span> <span class='ocrx_word' id='word_1_152' title='bbox 2037 1753 2188 1806; x_wconf 87' lang='lat' dir='ltr'><strong>sunt,</strong></span> <span class='ocrx_word' id='word_1_153' title='bbox 2235 1758 2320 1812; x_wconf 79' lang='lat' dir='ltr'><strong>qu:</strong></span> 
     </span>
    </p>
   </div>
   <div class='ocr_carea' id='block_1_21' title="bbox 2417 1738 4026 1812">
    <p class='ocr_par' dir='ltr' id='par_1_21' title="bbox 2455 1738 4026 1812">
     <span class='ocr_line' id='line_1_21' title="bbox 2455 1738 4026 1812; baseline 0.002 -22"><span class='ocrx_word' id='word_1_154' title='bbox 2455 1755 2565 1801; x_wconf 81' lang='grc' dir='ltr'><strong>τες,</strong></span> <span class='ocrx_word' id='word_1_155' title='bbox 2593 1739 2686 1792; x_wconf 76' lang='grc' dir='ltr'><strong>καὶ</strong></span> <span class='ocrx_word' id='word_1_156' title='bbox 2715 1738 2783 1792; x_wconf 90' lang='grc' dir='ltr'><strong>τά</strong></span> <span class='ocrx_word' id='word_1_157' title='bbox 2815 1740 3074 1809; x_wconf 85' lang='grc' dir='ltr'><strong>μέλλοντα</strong></span> <span class='ocrx_word' id='word_1_158' title='bbox 3097 1740 3472 1805; x_wconf 82' lang='grc' dir='ltr'><strong>θεσπίσαντες,</strong></span> <span class='ocrx_word' id='word_1_159' title='bbox 3507 1740 3545 1794; x_wconf 78' lang='grc' dir='ltr'><strong>ἀ</strong></span> <span class='ocrx_word' id='word_1_160' title='bbox 3567 1739 3632 1812; x_wconf 83' lang='grc' dir='ltr'><strong>δὴ</strong></span> <span class='ocrx_word' id='word_1_161' title='bbox 3665 1740 3760 1794; x_wconf 77' lang='grc' dir='ltr'><strong>νῦν</strong></span> <span class='ocrx_word' id='word_1_162' title='bbox 3783 1741 3994 1809; x_wconf 87' lang='grc' dir='ltr'><strong>γίνεται</strong></span> <span class='ocrx_word' id='word_1_163' title='bbox 4014 1758 4026 1772; x_wconf 88' lang='grc'><strong>·</strong></span> 
     </span>
    </p>
   </div>
   <div class='ocr_carea' id='block_1_22' title="bbox 772 1828 2320 1913">
    <p class='ocr_par' dir='ltr' id='par_1_22' title="bbox 772 1833 2320 1904">
     <span class='ocr_line' id='line_1_22' title="bbox 772 1833 2320 1904; baseline 0.001 -16"><span class='ocrx_word' id='word_1_164' title='bbox 772 1835 993 1904; x_wconf 82' lang='lat' dir='ltr'><strong>quidem</strong></span> <span class='ocrx_word' id='word_1_165' title='bbox 1029 1848 1173 1888; x_wconf 90' lang='lat' dir='ltr'><strong>nunc</strong></span> <span class='ocrx_word' id='word_1_166' title='bbox 1207 1833 1382 1890; x_wconf 77' lang='lat' dir='ltr'><strong>fiunt:</strong></span> <span class='ocrx_word' id='word_1_167' title='bbox 1413 1834 1694 1902; x_wconf 65' lang='lat' dir='ltr'><strong>prophetas</strong></span> <span class='ocrx_word' id='word_1_168' title='bbox 1735 1842 2021 1887; x_wconf 85' lang='lat' dir='ltr'><strong>vocantur.</strong></span> <span class='ocrx_word' id='word_1_169' title='bbox 2064 1833 2127 1886; x_wconf 84' lang='lat' dir='ltr'><strong>Hi</strong></span> <span class='ocrx_word' id='word_1_170' title='bbox 2163 1850 2320 1889; x_wconf 80' lang='lat' dir='ltr'><strong>verur</strong></span> 
     </span>
    </p>
   </div>
   <div class='ocr_carea' id='block_1_23' title="bbox 2417 1828 4031 1913">
    <p class='ocr_par' dir='ltr' id='par_1_23' title="bbox 2417 1828 4031 1911">
     <span class='ocr_line' id='line_1_23' title="bbox 2417 1828 4031 1911; baseline 0.002 -29"><span class='ocrx_word' id='word_1_171' title='bbox 2417 1864 2425 1911; x_wconf 52' lang='grc' dir='ltr'>ι</span> <span class='ocrx_word' id='word_1_172' title='bbox 2456 1834 2741 1903; x_wconf 85' lang='grc' dir='ltr'><strong>προφήτας</strong></span> <span class='ocrx_word' id='word_1_173' title='bbox 2765 1832 2819 1886; x_wconf 84' lang='grc' dir='ltr'><strong>δὲ</strong></span> <span class='ocrx_word' id='word_1_174' title='bbox 2845 1834 3040 1896; x_wconf 79' lang='grc' dir='ltr'><strong>αὐτοὺς</strong></span> <span class='ocrx_word' id='word_1_175' title='bbox 3063 1833 3340 1890; x_wconf 76' lang='grc' dir='ltr'><strong>καλοῦσιν.</strong></span> <span class='ocrx_word' id='word_1_176' title='bbox 3376 1828 3535 1888; x_wconf 76' lang='grc' dir='ltr'><strong>Οὗτοι</strong></span> <span class='ocrx_word' id='word_1_177' title='bbox 3565 1834 3716 1905; x_wconf 83' lang='grc' dir='ltr'><strong>μόνοι</strong></span> <span class='ocrx_word' id='word_1_178' title='bbox 3747 1835 3808 1889; x_wconf 82' lang='grc' dir='ltr'><strong>τὸ</strong></span> <span class='ocrx_word' id='word_1_179' title='bbox 3834 1832 4031 1905; x_wconf 81' lang='grc' dir='ltr'><strong>ἀληθὲς</strong></span> 
     </span>
    </p>
   </div>
   <div class='ocr_carea' id='block_1_24' title="bbox 775 1923 2320 2000">
    <p class='ocr_par' dir='ltr' id='par_1_24' title="bbox 775 1923 2320 1991">
     <span class='ocr_line' id='line_1_24' title="bbox 775 1923 2320 1991; baseline -0.001 -12"><span class='ocrx_word' id='word_1_180' title='bbox 775 1925 877 1980; x_wconf 89' lang='lat' dir='ltr'><strong>soli</strong></span> <span class='ocrx_word' id='word_1_181' title='bbox 905 1936 961 1980; x_wconf 91' lang='lat' dir='ltr'><strong>et</strong></span> <span class='ocrx_word' id='word_1_182' title='bbox 988 1927 1264 1989; x_wconf 90' lang='lat' dir='ltr'><strong>viderunt,</strong></span> <span class='ocrx_word' id='word_1_183' title='bbox 1298 1934 1349 1980; x_wconf 90' lang='lat' dir='ltr'><strong>et</strong></span> <span class='ocrx_word' id='word_1_184' title='bbox 1377 1923 1688 1978; x_wconf 90' lang='lat' dir='ltr'><strong>hominibus</strong></span> <span class='ocrx_word' id='word_1_185' title='bbox 1715 1923 2054 1991; x_wconf 85' lang='lat' dir='ltr'><strong>nuntiarunt,</strong></span> <span class='ocrx_word' id='word_1_186' title='bbox 2080 1924 2320 1978; x_wconf 80' lang='lat' dir='ltr'><strong>neminen</strong></span> 
     </span>
    </p>
   </div>
   <div class='ocr_carea' id='block_1_25' title="bbox 2417 1923 4030 2000">
    <p class='ocr_par' dir='ltr' id='par_1_25' title="bbox 2453 1923 4030 2000">
     <span class='ocr_line' id='line_1_25' title="bbox 2453 1923 4030 2000; baseline 0.002 -20"><span class='ocrx_word' id='word_1_187' title='bbox 2453 1928 2547 1980; x_wconf 73' lang='grc' dir='ltr'><strong>καὶ</strong></span> <span class='ocrx_word' id='word_1_188' title='bbox 2579 1923 2719 1980; x_wconf 72' lang='grc' dir='ltr'><strong>εἶδον</strong></span> <span class='ocrx_word' id='word_1_189' title='bbox 2753 1930 2846 1980; x_wconf 77' lang='grc' dir='ltr'><strong>καὶ</strong></span> <span class='ocrx_word' id='word_1_190' title='bbox 2871 1927 3087 1993; x_wconf 74' lang='grc' dir='ltr'><strong>ἐξεῖπον</strong></span> <span class='ocrx_word' id='word_1_191' title='bbox 3115 1925 3444 1998; x_wconf 80' lang='grc' dir='ltr'><strong>ἀνθρώποις,</strong></span> <span class='ocrx_word' id='word_1_192' title='bbox 3483 1929 3608 1999; x_wconf 80' lang='grc' dir='ltr'><strong>μήτ’</strong></span> <span class='ocrx_word' id='word_1_193' title='bbox 3639 1927 4030 2000; x_wconf 69' lang='grc' dir='ltr'><strong>εύλαόηθέντες</strong></span> 
     </span>
    </p>
   </div>
   <div class='ocr_carea' id='block_1_26' title="bbox 774 2016 2320 2092">
    <p class='ocr_par' dir='ltr' id='par_1_26' title="bbox 774 2016 2316 2086">
     <span class='ocr_line' id='line_1_26' title="bbox 774 2016 2316 2086; baseline -0.002 -13"><span class='ocrx_word' id='word_1_194' title='bbox 774 2026 1104 2083; x_wconf 83' lang='lat' dir='ltr'><strong>metuentes,</strong></span> <span class='ocrx_word' id='word_1_195' title='bbox 1129 2019 1400 2072; x_wconf 89' lang='lat' dir='ltr'><strong>neminem</strong></span> <span class='ocrx_word' id='word_1_196' title='bbox 1434 2017 1678 2081; x_wconf 81' lang='lat' dir='ltr'><strong>reveriti,</strong></span> <span class='ocrx_word' id='word_1_197' title='bbox 1712 2031 1812 2069; x_wconf 75' lang='lat' dir='ltr'><strong>nec.</strong></span> <span class='ocrx_word' id='word_1_198' title='bbox 1837 2016 2022 2086; x_wconf 67' lang='lat' dir='ltr'><strong>gloriae</strong></span> <span class='ocrx_word' id='word_1_199' title='bbox 2051 2017 2316 2086; x_wconf 87' lang='lat' dir='ltr'><strong>cupiditat</strong></span> 
     </span>
    </p>
   </div>
   <div class='ocr_carea' id='block_1_27' title="bbox 2417 2016 4032 2092">
    <p class='ocr_par' dir='ltr' id='par_1_27' title="bbox 2454 2017 4032 2092">
     <span class='ocr_line' id='line_1_27' title="bbox 2454 2017 4032 2092; baseline 0.003 -22"><span class='ocrx_word' id='word_1_200' title='bbox 2454 2020 2589 2090; x_wconf 88' lang='grc' dir='ltr'><strong>μήτε</strong></span> <span class='ocrx_word' id='word_1_201' title='bbox 2627 2018 3037 2089; x_wconf 77' lang='grc' dir='ltr'><strong>δυσωπηθέντες</strong></span> <span class='ocrx_word' id='word_1_202' title='bbox 3072 2017 3216 2083; x_wconf 82' lang='grc' dir='ltr'><strong>τινὰ,</strong></span> <span class='ocrx_word' id='word_1_203' title='bbox 3254 2018 3329 2090; x_wconf 77' lang='grc' dir='ltr'><strong>μὴ</strong></span> <span class='ocrx_word' id='word_1_204' title='bbox 3362 2020 3657 2090; x_wconf 72' lang='grc' dir='ltr'><strong>ἡττημένοι</strong></span> <span class='ocrx_word' id='word_1_205' title='bbox 3681 2020 3859 2092; x_wconf 78' lang='grc' dir='ltr'><strong>δόξης,</strong></span> <span class='ocrx_word' id='word_1_206' title='bbox 3895 2020 4032 2076; x_wconf 80' lang='grc' dir='ltr'><strong>ἀλλά</strong></span> 
     </span>
    </p>
   </div>
   <div class='ocr_carea' id='block_1_28' title="bbox 2545 1459 4035 1533">
    <p class='ocr_par' dir='ltr' id='par_1_28' title="bbox 2545 1459 4035 1533">
     <span class='ocr_line' id='line_1_28' title="bbox 2545 1459 4035 1533; baseline 0.005 -20"><span class='ocrx_word' id='word_1_207' title='bbox 2545 1460 2820 1528; x_wconf 86' lang='grc' dir='ltr'><strong>Ἑγένοντό</strong></span> <span class='ocrx_word' id='word_1_208' title='bbox 2840 1477 2985 1524; x_wconf 86' lang='grc' dir='ltr'><strong>τινες</strong></span> <span class='ocrx_word' id='word_1_209' title='bbox 3011 1461 3117 1532; x_wconf 83' lang='grc' dir='ltr'><strong>πρὸ</strong></span> <span class='ocrx_word' id='word_1_210' title='bbox 3146 1459 3340 1515; x_wconf 80' lang='grc' dir='ltr'><strong>πολλσῦ</strong></span> <span class='ocrx_word' id='word_1_211' title='bbox 3372 1462 3562 1533; x_wconf 88' lang='grc' dir='ltr'><strong>χρόνου</strong></span> <span class='ocrx_word' id='word_1_212' title='bbox 3584 1463 3803 1528; x_wconf 73' lang='grc' dir='ltr'><strong>πάντων</strong></span> <span class='ocrx_word' id='word_1_213' title='bbox 3836 1464 4035 1520; x_wconf 85' lang='grc' dir='ltr'><strong>τούτων</strong></span> 
     </span>
    </p>
   </div>
   <div class='ocr_carea' id='block_1_29' title="bbox 2458 1556 4032 1631">
    <p class='ocr_par' dir='ltr' id='par_1_29' title="bbox 2458 1556 4032 1631">
     <span class='ocr_line' id='line_1_29' title="bbox 2458 1556 4032 1631; baseline 0.003 -23"><span class='ocrx_word' id='word_1_214' title='bbox 2458 1556 2564 1609; x_wconf 80' lang='grc' dir='ltr'><strong>τῶν</strong></span> <span class='ocrx_word' id='word_1_215' title='bbox 2597 1557 2965 1627; x_wconf 75' lang='grc' dir='ltr'><strong>νομιζομένων</strong></span> <span class='ocrx_word' id='word_1_216' title='bbox 3009 1557 3311 1626; x_wconf 81' lang='grc' dir='ltr'><strong>φιλοσόφων</strong></span> <span class='ocrx_word' id='word_1_217' title='bbox 3347 1557 3711 1631; x_wconf 79' lang='grc' dir='ltr'><strong>παλαιότεροι,</strong></span> <span class='ocrx_word' id='word_1_218' title='bbox 3755 1559 4032 1630; x_wconf 82' lang='grc' dir='ltr'><strong>μακάριοι.</strong></span> 
     </span>
    </p>
   </div>
   <div class='ocr_carea' id='block_1_30' title="bbox 2458 1646 4032 1726">
    <p class='ocr_par' dir='ltr' id='par_1_30' title="bbox 2458 1646 4032 1726">
     <span class='ocr_line' id='line_1_30' title="bbox 2458 1646 4032 1726; baseline 0.002 -28"><span class='ocrx_word' id='word_1_219' title='bbox 2458 1647 2550 1699; x_wconf 73' lang='grc' dir='ltr'><strong>καὶ</strong></span> <span class='ocrx_word' id='word_1_220' title='bbox 2575 1648 2792 1710; x_wconf 88' lang='grc' dir='ltr'><strong>δίκαιοι,</strong></span> <span class='ocrx_word' id='word_1_221' title='bbox 2826 1650 2919 1701; x_wconf 73' lang='grc' dir='ltr'><strong>καὶ</strong></span> <span class='ocrx_word' id='word_1_222' title='bbox 2948 1646 3236 1718; x_wconf 82' lang='grc' dir='ltr'><strong>θεοφιλεῖς,</strong></span> <span class='ocrx_word' id='word_1_223' title='bbox 3274 1648 3412 1726; x_wconf 27' lang='grc' dir='ltr'><strong>’θείῳ</strong></span> <span class='ocrx_word' id='word_1_224' title='bbox 3455 1647 3728 1723; x_wconf 83' lang='grc' dir='ltr'><strong>πνεύματι</strong></span> <span class='ocrx_word' id='word_1_225' title='bbox 3771 1647 4032 1720; x_wconf 81' lang='grc' dir='ltr'><strong>λαλήσαν-</strong></span> 
     </span>
    </p>
   </div>
   <div class='ocr_carea' id='block_1_31' title="bbox 772 2110 2348 2180">
    <p class='ocr_par' dir='ltr' id='par_1_31' title="bbox 772 2110 2348 2180">
     <span class='ocr_line' id='line_1_31' title="bbox 772 2110 2348 2180; baseline -0.001 -16"><span class='ocrx_word' id='word_1_226' title='bbox 772 2112 926 2177; x_wconf 79' lang='lat' dir='ltr'><strong>victi,</strong></span> <span class='ocrx_word' id='word_1_227' title='bbox 946 2112 1040 2168; x_wconf 87' lang='lat' dir='ltr'><strong>sed</strong></span> <span class='ocrx_word' id='word_1_228' title='bbox 1073 2126 1137 2166; x_wconf 89' lang='lat' dir='ltr'><strong>ea</strong></span> <span class='ocrx_word' id='word_1_229' title='bbox 1177 2119 1391 2165; x_wconf 86' lang='lat' dir='ltr'><strong>tantum</strong></span> <span class='ocrx_word' id='word_1_230' title='bbox 1423 2110 1806 2180; x_wconf 65' lang='lat' dir='ltr'><strong>praedicantes,</strong></span> <span class='ocrx_word' id='word_1_231' title='bbox 1832 2123 1954 2178; x_wconf 66' lang='lat' dir='ltr'><strong>quae</strong></span> <span class='ocrx_word' id='word_1_232' title='bbox 1983 2111 2273 2165; x_wconf 86' lang='lat' dir='ltr'><strong>audierant</strong></span> <span class='ocrx_word' id='word_1_233' title='bbox 2293 2121 2348 2163; x_wconf 91' lang='lat' dir='ltr'><strong>et</strong></span> 
     </span>
    </p>
   </div>
   <div class='ocr_carea' id='block_1_32' title="bbox 767 2202 2346 2282">
    <p class='ocr_par' dir='ltr' id='par_1_32' title="bbox 767 2202 2346 2282">
     <span class='ocr_line' id='line_1_32' title="bbox 767 2202 2346 2282; baseline -0.002 -23"><span class='ocrx_word' id='word_1_234' title='bbox 767 2204 1016 2260; x_wconf 78' lang='lat' dir='ltr'><strong>viderant</strong></span> <span class='ocrx_word' id='word_1_235' title='bbox 1069 2203 1276 2274; x_wconf 87' lang='lat' dir='ltr'><strong>Spiritu</strong></span> <span class='ocrx_word' id='word_1_236' title='bbox 1307 2213 1501 2259; x_wconf 89' lang='lat' dir='ltr'><strong>sancto</strong></span> <span class='ocrx_word' id='word_1_237' title='bbox 1536 2202 1747 2272; x_wconf 86' lang='lat' dir='ltr'><strong>repleti.</strong></span> <span class='ocrx_word' id='word_1_238' title='bbox 1779 2202 2007 2257; x_wconf 80' lang='lat' dir='ltr'><strong>Exstant</strong></span> <span class='ocrx_word' id='word_1_239' title='bbox 2034 2204 2211 2282; x_wconf 78' lang='lat' dir='ltr'><strong>adhuc</strong></span> <span class='ocrx_word' id='word_1_240' title='bbox 2252 2217 2346 2257; x_wconf 85' lang='lat' dir='ltr'><strong>eo-</strong></span> 
     </span>
    </p>
   </div>
   <div class='ocr_carea' id='block_1_33' title="bbox 765 2297 2343 2368">
    <p class='ocr_par' dir='ltr' id='par_1_33' title="bbox 765 2297 2343 2368">
     <span class='ocr_line' id='line_1_33' title="bbox 765 2297 2343 2368; baseline 0 -14"><span class='ocrx_word' id='word_1_241' title='bbox 765 2314 886 2354; x_wconf 76' lang='grc' dir='ltr'><strong>τισι</strong></span> <span class='ocrx_word' id='word_1_242' title='bbox 916 2299 1145 2368; x_wconf 88' lang='lat' dir='ltr'><strong>scripta,</strong></span> <span class='ocrx_word' id='word_1_243' title='bbox 1183 2313 1305 2368; x_wconf 67' lang='lat' dir='ltr'><strong>qum</strong></span> <span class='ocrx_word' id='word_1_244' title='bbox 1353 2297 1398 2351; x_wconf 88' lang='lat' dir='ltr'><strong>si</strong></span> <span class='ocrx_word' id='word_1_245' title='bbox 1438 2298 1564 2367; x_wconf 86' lang='lat' dir='ltr'><strong>quis</strong></span> <span class='ocrx_word' id='word_1_246' title='bbox 1589 2297 1756 2368; x_wconf 82' lang='lat' dir='ltr'><strong>legat,</strong></span> <span class='ocrx_word' id='word_1_247' title='bbox 1790 2297 2082 2368; x_wconf 90' lang='lat' dir='ltr'><strong>plurimum</strong></span> <span class='ocrx_word' id='word_1_248' title='bbox 2128 2297 2254 2353; x_wconf 92' lang='lat' dir='ltr'><strong>inde</strong></span> <span class='ocrx_word' id='word_1_249' title='bbox 2287 2307 2343 2354; x_wconf 91' lang='lat' dir='ltr'><strong>et</strong></span> 
     </span>
    </p>
   </div>
   <div class='ocr_carea' id='block_1_34' title="bbox 761 2389 2342 2462">
    <p class='ocr_par' dir='ltr' id='par_1_34' title="bbox 761 2389 2342 2462">
     <span class='ocr_line' id='line_1_34' title="bbox 761 2389 2342 2462; baseline 0.001 -18"><span class='ocrx_word' id='word_1_250' title='bbox 761 2389 830 2446; x_wconf 86' lang='lat' dir='ltr'><strong>ad</strong></span> <span class='ocrx_word' id='word_1_251' title='bbox 865 2390 1261 2460; x_wconf 88' lang='lat' dir='ltr'><strong>principiorum</strong></span> <span class='ocrx_word' id='word_1_252' title='bbox 1293 2401 1348 2445; x_wconf 87' lang='lat' dir='ltr'><strong>et</strong></span> <span class='ocrx_word' id='word_1_253' title='bbox 1381 2391 1448 2445; x_wconf 86' lang='lat' dir='ltr'><strong>ad</strong></span> <span class='ocrx_word' id='word_1_254' title='bbox 1482 2389 1608 2446; x_wconf 82' lang='lat' dir='ltr'><strong>linis</strong></span> <span class='ocrx_word' id='word_1_255' title='bbox 1637 2399 1693 2445; x_wconf 91' lang='lat' dir='ltr'><strong>et</strong></span> <span class='ocrx_word' id='word_1_256' title='bbox 1724 2391 1793 2445; x_wconf 90' lang='lat' dir='ltr'><strong>ad</strong></span> <span class='ocrx_word' id='word_1_257' title='bbox 1829 2405 2020 2445; x_wconf 88' lang='lat' dir='ltr'><strong>eorum</strong></span> <span class='ocrx_word' id='word_1_258' title='bbox 2066 2405 2190 2462; x_wconf 67' lang='lat' dir='ltr'><strong>quae</strong></span> <span class='ocrx_word' id='word_1_259' title='bbox 2222 2391 2342 2459; x_wconf 90' lang='lat' dir='ltr'><strong>phi-</strong></span> 
     </span>
    </p>
   </div>
   <div class='ocr_carea' id='block_1_35' title="bbox 763 2482 2336 2553">
    <p class='ocr_par' dir='ltr' id='par_1_35' title="bbox 763 2482 2336 2553">
     <span class='ocr_line' id='line_1_35' title="bbox 763 2482 2336 2553; baseline -0.001 -16"><span class='ocrx_word' id='word_1_260' title='bbox 763 2484 1021 2552; x_wconf 82' lang='lat' dir='ltr'><strong>losophus</strong></span> <span class='ocrx_word' id='word_1_261' title='bbox 1047 2482 1189 2538; x_wconf 87' lang='lat' dir='ltr'><strong>scire</strong></span> <span class='ocrx_word' id='word_1_262' title='bbox 1218 2482 1402 2545; x_wconf 85' lang='lat' dir='ltr'><strong>debet,</strong></span> <span class='ocrx_word' id='word_1_263' title='bbox 1437 2483 1806 2552; x_wconf 79' lang='lat' dir='ltr'><strong>cognitionem</strong></span> <span class='ocrx_word' id='word_1_264' title='bbox 1838 2482 2067 2553; x_wconf 85' lang='lat' dir='ltr'><strong>adipisci</strong></span> <span class='ocrx_word' id='word_1_265' title='bbox 2113 2484 2336 2552; x_wconf 89' lang='lat' dir='ltr'><strong>poterit,</strong></span> 
     </span>
    </p>
   </div>
   <div class='ocr_carea' id='block_1_36' title="bbox 761 2559 2340 2644">
    <p class='ocr_par' dir='ltr' id='par_1_36' title="bbox 761 2559 2340 2644">
     <span class='ocr_line' id='line_1_36' title="bbox 761 2559 2340 2644; baseline -0.001 -14"><span class='ocrx_word' id='word_1_266' title='bbox 761 2575 922 2630; x_wconf 71' lang='lat' dir='ltr'><strong>(idem</strong></span> <span class='ocrx_word' id='word_1_267' title='bbox 955 2573 1062 2630; x_wconf 87' lang='lat' dir='ltr'><strong>illis</strong></span> <span class='ocrx_word' id='word_1_268' title='bbox 1109 2574 1341 2629; x_wconf 82' lang='lat' dir='ltr'><strong>habens.</strong></span> <span class='ocrx_word' id='word_1_269' title='bbox 1380 2573 1572 2644; x_wconf 78' lang='lat' dir='ltr'><strong>Neque</strong></span> <span class='ocrx_word' id='word_1_270' title='bbox 1619 2577 1767 2630; x_wconf 88' lang='lat' dir='ltr'><strong>enim</strong></span> <span class='ocrx_word' id='word_1_271' title='bbox 1819 2584 1949 2631; x_wconf 91' lang='lat' dir='ltr'><strong>tunc</strong></span> <span class='ocrx_word' id='word_1_272' title='bbox 1993 2559 2340 2631; x_wconf 78' lang='lat' dir='ltr'><strong>demonstra-</strong></span> 
     </span>
    </p>
   </div>
   <div class='ocr_carea' id='block_1_37' title="bbox 760 2661 2335 2736">
    <p class='ocr_par' dir='ltr' id='par_1_37' title="bbox 760 2661 2335 2736">
     <span class='ocr_line' id='line_1_37' title="bbox 760 2661 2335 2736; baseline 0.003 -22"><span class='ocrx_word' id='word_1_273' title='bbox 760 2661 1001 2716; x_wconf 88' lang='lat' dir='ltr'><strong>tionibus</strong></span> <span class='ocrx_word' id='word_1_274' title='bbox 1025 2662 1079 2716; x_wconf 93' lang='lat' dir='ltr'><strong>in</strong></span> <span class='ocrx_word' id='word_1_275' title='bbox 1107 2661 1428 2718; x_wconf 88' lang='lat' dir='ltr'><strong>disserendo</strong></span> <span class='ocrx_word' id='word_1_276' title='bbox 1451 2663 1776 2729; x_wconf 88' lang='lat' dir='ltr'><strong>utebantur;</strong></span> <span class='ocrx_word' id='word_1_277' title='bbox 1799 2665 2001 2736; x_wconf 91' lang='lat' dir='ltr'><strong>quippe</strong></span> <span class='ocrx_word' id='word_1_278' title='bbox 2025 2680 2146 2718; x_wconf 91' lang='lat' dir='ltr'><strong>cum</strong></span> <span class='ocrx_word' id='word_1_279' title='bbox 2172 2680 2335 2734; x_wconf 83' lang='lat' dir='ltr'><strong>supra</strong></span> 
     </span>
    </p>
   </div>
   <div class='ocr_carea' id='block_1_38' title="bbox 763 2755 2335 2827">
    <p class='ocr_par' dir='ltr' id='par_1_38' title="bbox 763 2755 2335 2827">
     <span class='ocr_line' id='line_1_38' title="bbox 763 2755 2335 2827; baseline 0.002 -20"><span class='ocrx_word' id='word_1_280' title='bbox 763 2755 1297 2809; x_wconf 86' lang='lat' dir='ltr'><strong>demonstrationem</strong></span> <span class='ocrx_word' id='word_1_281' title='bbox 1324 2769 1543 2810; x_wconf 90' lang='lat' dir='ltr'><strong>omnem</strong></span> <span class='ocrx_word' id='word_1_282' title='bbox 1577 2756 1887 2827; x_wconf 74' lang='lat' dir='ltr'><strong>gravissimi</strong></span> <span class='ocrx_word' id='word_1_283' title='bbox 1934 2767 2100 2812; x_wconf 81' lang='lat' dir='ltr'><strong>testes</strong></span> <span class='ocrx_word' id='word_1_284' title='bbox 2130 2757 2335 2812; x_wconf 72' lang='lat' dir='ltr'><strong>fuerint</strong></span> 
     </span>
    </p>
   </div>
   <div class='ocr_carea' id='block_1_39' title="bbox 754 2847 2330 2918">
    <p class='ocr_par' dir='ltr' id='par_1_39' title="bbox 754 2847 2330 2918">
     <span class='ocr_line' id='line_1_39' title="bbox 754 2847 2330 2918; baseline 0.004 -20"><span class='ocrx_word' id='word_1_285' title='bbox 754 2847 1038 2912; x_wconf 87' lang='lat' dir='ltr'><strong>veritatis;</strong></span> <span class='ocrx_word' id='word_1_286' title='bbox 1077 2847 1172 2902; x_wconf 81' lang='lat' dir='ltr'><strong>sed</strong></span> <span class='ocrx_word' id='word_1_287' title='bbox 1209 2862 1330 2918; x_wconf 65' lang='lat' dir='ltr'><strong>quae</strong></span> <span class='ocrx_word' id='word_1_288' title='bbox 1353 2858 1658 2905; x_wconf 87' lang='lat' dir='ltr'><strong>evenerunt</strong></span> <span class='ocrx_word' id='word_1_289' title='bbox 1690 2859 1744 2903; x_wconf 91' lang='lat' dir='ltr'><strong>et</strong></span> <span class='ocrx_word' id='word_1_290' title='bbox 1772 2849 2056 2914; x_wconf 86' lang='lat' dir='ltr'><strong>eveniunt,</strong></span> <span class='ocrx_word' id='word_1_291' title='bbox 2079 2850 2330 2905; x_wconf 88' lang='lat' dir='ltr'><strong>assentiri</strong></span> 
     </span>
    </p>
   </div>
   <div class='ocr_carea' id='block_1_40' title="bbox 755 2943 2329 3013">
    <p class='ocr_par' dir='ltr' id='par_1_40' title="bbox 755 2943 2329 3013">
     <span class='ocr_line' id='line_1_40' title="bbox 755 2943 2329 3013; baseline 0.002 -18"><span class='ocrx_word' id='word_1_292' title='bbox 755 2950 959 3010; x_wconf 90' lang='lat' dir='ltr'><strong>cogunt</strong></span> <span class='ocrx_word' id='word_1_293' title='bbox 1004 2956 1192 2996; x_wconf 91' lang='lat' dir='ltr'><strong>eorum</strong></span> <span class='ocrx_word' id='word_1_294' title='bbox 1234 2943 1539 3000; x_wconf 84' lang='lat' dir='ltr'><strong>vaticiniis.</strong></span> <span class='ocrx_word' id='word_1_295' title='bbox 1569 2943 1896 3013; x_wconf 86' lang='lat' dir='ltr'><strong>Quanquam</strong></span> <span class='ocrx_word' id='word_1_296' title='bbox 1927 2946 2096 2998; x_wconf 87' lang='lat' dir='ltr'><strong>etiam</strong></span> <span class='ocrx_word' id='word_1_297' title='bbox 2127 2945 2196 2998; x_wconf 94' lang='lat' dir='ltr'><strong>ob</strong></span> <span class='ocrx_word' id='word_1_298' title='bbox 2226 2945 2329 2998; x_wconf 77' lang='lat' dir='ltr'><strong>mi-</strong></span> 
     </span>
    </p>
   </div>
   <div class='ocr_carea' id='block_1_41' title="bbox 754 3031 2331 3106">
    <p class='ocr_par' dir='ltr' id='par_1_41' title="bbox 754 3031 2331 3106">
     <span class='ocr_line' id='line_1_41' title="bbox 754 3031 2331 3106; baseline 0.002 -21"><span class='ocrx_word' id='word_1_299' title='bbox 754 3031 938 3087; x_wconf 83' lang='lat' dir='ltr'><strong>racula</strong></span> <span class='ocrx_word' id='word_1_300' title='bbox 966 3049 1086 3102; x_wconf 84' lang='lat' dir='ltr'><strong>quae</strong></span> <span class='ocrx_word' id='word_1_301' title='bbox 1117 3033 1432 3101; x_wconf 85' lang='lat' dir='ltr'><strong>ediderunt,</strong></span> <span class='ocrx_word' id='word_1_302' title='bbox 1463 3035 1612 3104; x_wconf 91' lang='lat' dir='ltr'><strong>digni</strong></span> <span class='ocrx_word' id='word_1_303' title='bbox 1648 3034 1825 3098; x_wconf 82' lang='lat' dir='ltr'><strong>fuere,</strong></span> <span class='ocrx_word' id='word_1_304' title='bbox 1856 3035 2058 3106; x_wconf 87' lang='lat' dir='ltr'><strong>quibus</strong></span> <span class='ocrx_word' id='word_1_305' title='bbox 2082 3035 2331 3089; x_wconf 55' lang='lat' dir='ltr'><strong>credere.</strong></span> 
     </span>
    </p>
   </div>
   <div class='ocr_carea' id='block_1_42' title="bbox 753 3123 2328 3193">
    <p class='ocr_par' dir='ltr' id='par_1_42' title="bbox 753 3123 2328 3193">
     <span class='ocr_line' id='line_1_42' title="bbox 753 3123 2328 3193; baseline 0.002 -18"><span class='ocrx_word' id='word_1_306' title='bbox 753 3133 873 3190; x_wconf 88' lang='lat' dir='ltr'><strong>tur;</strong></span> <span class='ocrx_word' id='word_1_307' title='bbox 909 3123 1174 3193; x_wconf 85' lang='lat' dir='ltr'><strong>siquidem</strong></span> <span class='ocrx_word' id='word_1_308' title='bbox 1204 3136 1509 3182; x_wconf 89' lang='lat' dir='ltr'><strong>creatorem</strong></span> <span class='ocrx_word' id='word_1_309' title='bbox 1535 3127 1917 3182; x_wconf 87' lang='lat' dir='ltr'><strong>universorum</strong></span> <span class='ocrx_word' id='word_1_310' title='bbox 1947 3123 2117 3179; x_wconf 90' lang='lat' dir='ltr'><strong>Deum</strong></span> <span class='ocrx_word' id='word_1_311' title='bbox 2151 3133 2206 3179; x_wconf 88' lang='lat' dir='ltr'><strong>et</strong></span> <span class='ocrx_word' id='word_1_312' title='bbox 2230 3123 2328 3178; x_wconf 86' lang='lat' dir='ltr'><strong>Pa-</strong></span> 
     </span>
    </p>
   </div>
   <div class='ocr_carea' id='block_1_43' title="bbox 2453 2109 4030 2210">
    <p class='ocr_par' dir='ltr' id='par_1_43' title="bbox 2453 2109 4030 2210">
     <span class='ocr_line' id='line_1_43' title="bbox 2453 2109 4030 2210; baseline 0.003 -48"><span class='ocrx_word' id='word_1_313' title='bbox 2453 2109 2587 2179; x_wconf 85' lang='grc' dir='ltr'><strong>μόνα</strong></span> <span class='ocrx_word' id='word_1_314' title='bbox 2624 2109 2799 2163; x_wconf 83' lang='grc' dir='ltr'><strong>ταῦτα</strong></span> <span class='ocrx_word' id='word_1_315' title='bbox 2843 2111 3089 2173; x_wconf 77' lang='grc' dir='ltr'><strong>εἰπόντες</strong></span> <span class='ocrx_word' id='word_1_316' title='bbox 3131 2109 3167 2164; x_wconf 66' lang='grc' dir='ltr'>ἃ</span> <span class='ocrx_word' id='word_1_317' title='bbox 3198 2110 3439 2181; x_wconf 72' lang='grc' dir='ltr'><strong>ἤκουσαν</strong></span> <span class='ocrx_word' id='word_1_318' title='bbox 3472 2111 3641 2166; x_wconf 56' lang='grc' dir='ltr'><strong>καὶᾶ</strong></span> <span class='ocrx_word' id='word_1_319' title='bbox 3686 2109 3846 2177; x_wconf 74' lang='grc' dir='ltr'><strong>εἶδον,</strong></span> <span class='ocrx_word' id='word_1_320' title='bbox 3888 2114 4030 2210; x_wconf 73' lang='grc' dir='ltr'><strong>ἁγίιρ</strong></span> 
     </span>
    </p>
   </div>
   <div class='ocr_carea' id='block_1_44' title="bbox 2450 2199 4030 2276">
    <p class='ocr_par' dir='ltr' id='par_1_44' title="bbox 2450 2199 4030 2276">
     <span class='ocr_line' id='line_1_44' title="bbox 2450 2199 4030 2276; baseline 0.005 -24"><span class='ocrx_word' id='word_1_321' title='bbox 2450 2199 2832 2272; x_wconf 81' lang='grc' dir='ltr'><strong>πληρωθέντες</strong></span> <span class='ocrx_word' id='word_1_322' title='bbox 2862 2203 3157 2274; x_wconf 79' lang='grc' dir='ltr'><strong>Πνεύματι.</strong></span> <span class='ocrx_word' id='word_1_323' title='bbox 3190 2204 3605 2276; x_wconf 82' lang='grc' dir='ltr'><strong>Συγγράμματα</strong></span> <span class='ocrx_word' id='word_1_324' title='bbox 3640 2204 3698 2259; x_wconf 78' lang='grc' dir='ltr'><strong>δὲ</strong></span> <span class='ocrx_word' id='word_1_325' title='bbox 3730 2204 3912 2261; x_wconf 81' lang='grc' dir='ltr'><strong>αὐτῶν</strong></span> <span class='ocrx_word' id='word_1_326' title='bbox 3942 2199 4030 2260; x_wconf 77' lang='grc' dir='ltr'>ῐτί</span> 
     </span>
    </p>
   </div>
   <div class='ocr_carea' id='block_1_45' title="bbox 2440 2289 4029 2369">
    <p class='ocr_par' dir='ltr' id='par_1_45' title="bbox 2440 2289 4029 2369">
     <span class='ocr_line' id='line_1_45' title="bbox 2440 2289 4029 2369; baseline 0.003 -22"><span class='ocrx_word' id='word_1_327' title='bbox 2440 2293 2538 2347; x_wconf 73' lang='grc' dir='ltr'><strong>καὶ</strong></span> <span class='ocrx_word' id='word_1_328' title='bbox 2563 2289 2657 2346; x_wconf 79' lang='grc' dir='ltr'><strong>νῦν</strong></span> <span class='ocrx_word' id='word_1_329' title='bbox 2676 2293 2943 2364; x_wconf 80' lang='grc' dir='ltr'><strong>διαμένει,</strong></span> <span class='ocrx_word' id='word_1_330' title='bbox 2959 2296 3056 2348; x_wconf 79' lang='grc' dir='ltr'><strong>καὶ</strong></span> <span class='ocrx_word' id='word_1_331' title='bbox 3076 2296 3220 2350; x_wconf 71' lang='grc' dir='ltr'><strong>ἔστιν</strong></span> <span class='ocrx_word' id='word_1_332' title='bbox 3236 2295 3523 2369; x_wconf 71' lang='grc' dir='ltr'><strong>ἐντυχόντα</strong></span> <span class='ocrx_word' id='word_1_333' title='bbox 3545 2298 3754 2361; x_wconf 81' lang='grc' dir='ltr'><strong>τούτοις</strong></span> <span class='ocrx_word' id='word_1_334' title='bbox 3777 2298 4029 2357; x_wconf 73' lang='grc' dir='ltr'><strong>πλεῖστον</strong></span> 
     </span>
    </p>
   </div>
   <div class='ocr_carea' id='block_1_46' title="bbox 2441 2383 4028 2460">
    <p class='ocr_par' dir='ltr' id='par_1_46' title="bbox 2441 2383 4028 2460">
     <span class='ocr_line' id='line_1_46' title="bbox 2441 2383 4028 2460; baseline 0.004 -23"><span class='ocrx_word' id='word_1_335' title='bbox 2441 2384 2788 2457; x_wconf 80' lang='grc' dir='ltr'><strong>ὠφεληθῆναι</strong></span> <span class='ocrx_word' id='word_1_336' title='bbox 2809 2387 2904 2440; x_wconf 59' lang='grc' dir='ltr'><strong>καὶ¹</strong></span> <span class='ocrx_word' id='word_1_337' title='bbox 2933 2387 3064 2459; x_wconf 77' lang='grc' dir='ltr'><strong>περὶ</strong></span> <span class='ocrx_word' id='word_1_338' title='bbox 3091 2388 3296 2460; x_wconf 79' lang='grc' dir='ltr'><strong>ἀρχῶν,</strong></span> <span class='ocrx_word' id='word_1_339' title='bbox 3312 2387 3412 2443; x_wconf 75' lang='grc' dir='ltr'><strong>καὶ</strong></span> <span class='ocrx_word' id='word_1_340' title='bbox 3441 2387 3570 2460; x_wconf 77' lang='grc' dir='ltr'><strong>περὶ</strong></span> <span class='ocrx_word' id='word_1_341' title='bbox 3591 2387 3798 2455; x_wconf 79' lang='grc' dir='ltr'><strong>τέλους,</strong></span> <span class='ocrx_word' id='word_1_342' title='bbox 3827 2389 3926 2444; x_wconf 75' lang='grc' dir='ltr'><strong>καὶ</strong></span> <span class='ocrx_word' id='word_1_343' title='bbox 3948 2383 4028 2445; x_wconf 77' lang='grc' dir='ltr'><strong>ὧν</strong></span> 
     </span>
    </p>
   </div>
   <div class='ocr_carea' id='block_1_47' title="bbox 2439 2468 4024 2548">
    <p class='ocr_par' dir='ltr' id='par_1_47' title="bbox 2439 2468 4024 2548">
     <span class='ocr_line' id='line_1_47' title="bbox 2439 2468 4024 2548; baseline 0.001 -17"><span class='ocrx_word' id='word_1_344' title='bbox 2439 2476 2543 2548; x_wconf 79' lang='grc' dir='ltr'><strong>χρὴ</strong></span> <span class='ocrx_word' id='word_1_345' title='bbox 2571 2468 2770 2530; x_wconf 72' lang='grc' dir='ltr'><strong>ειδέναι</strong></span> <span class='ocrx_word' id='word_1_346' title='bbox 2800 2477 2891 2530; x_wconf 85' lang='grc' dir='ltr'><strong>τὸν</strong></span> <span class='ocrx_word' id='word_1_347' title='bbox 2923 2478 3232 2547; x_wconf 85' lang='grc' dir='ltr'><strong>φιλόσοφον,</strong></span> <span class='ocrx_word' id='word_1_348' title='bbox 3267 2477 3634 2534; x_wconf 81' lang='grc' dir='ltr'><strong>πιστεύσαντα</strong></span> <span class='ocrx_word' id='word_1_349' title='bbox 3667 2479 3917 2544; x_wconf 71' lang='grc' dir='ltr'><strong>ἀκείνοις.</strong></span> <span class='ocrx_word' id='word_1_350' title='bbox 3947 2481 4024 2534; x_wconf 86' lang='grc' dir='ltr'><strong>Οὐ</strong></span> 
     </span>
    </p>
   </div>
   <div class='ocr_carea' id='block_1_48' title="bbox 2437 2568 4020 2644">
    <p class='ocr_par' dir='ltr' id='par_1_48' title="bbox 2437 2568 4020 2644">
     <span class='ocr_line' id='line_1_48' title="bbox 2437 2568 4020 2644; baseline 0.006 -23"><span class='ocrx_word' id='word_1_351' title='bbox 2437 2568 2545 2638; x_wconf 90' lang='grc' dir='ltr'><strong>γάρ</strong></span> <span class='ocrx_word' id='word_1_352' title='bbox 2565 2568 2704 2639; x_wconf 86' lang='grc' dir='ltr'><strong>μετά</strong></span> <span class='ocrx_word' id='word_1_353' title='bbox 2716 2569 3042 2634; x_wconf 70' lang='grc' dir='ltr'><strong>ἀποδείξεως</strong></span> <span class='ocrx_word' id='word_1_354' title='bbox 3057 2572 3380 2643; x_wconf 79' lang='grc' dir='ltr'><strong>πεποίηνται</strong></span> <span class='ocrx_word' id='word_1_355' title='bbox 3398 2573 3522 2626; x_wconf 74' lang='grc' dir='ltr'><strong>τότε</strong></span> <span class='ocrx_word' id='word_1_356' title='bbox 3541 2572 3652 2644; x_wconf 86' lang='grc'><strong>(97)</strong></span> <span class='ocrx_word' id='word_1_357' title='bbox 3667 2574 3795 2638; x_wconf 80' lang='grc' dir='ltr'><strong>τοὺς</strong></span> <span class='ocrx_word' id='word_1_358' title='bbox 3809 2573 4020 2644; x_wconf 85' lang='grc' dir='ltr'><strong>λόγους,</strong></span> 
     </span>
    </p>
   </div>
   <div class='ocr_carea' id='block_1_49' title="bbox 2439 2661 4023 2741">
    <p class='ocr_par' dir='ltr' id='par_1_49' title="bbox 2439 2661 4023 2741">
     <span class='ocr_line' id='line_1_49' title="bbox 2439 2661 4023 2741; baseline 0.006 -29"><span class='ocrx_word' id='word_1_359' title='bbox 2439 2661 2532 2713; x_wconf 83' lang='grc' dir='ltr'><strong>ἆτε</strong></span> <span class='ocrx_word' id='word_1_360' title='bbox 2553 2661 2809 2734; x_wconf 83' lang='grc' dir='ltr'><strong>ἀνωτέρω</strong></span> <span class='ocrx_word' id='word_1_361' title='bbox 2835 2662 3015 2733; x_wconf 82' lang='grc' dir='ltr'><strong>πάσης</strong></span> <span class='ocrx_word' id='word_1_362' title='bbox 3035 2663 3360 2728; x_wconf 83' lang='grc' dir='ltr'><strong>ἀποδείξεως</strong></span> <span class='ocrx_word' id='word_1_363' title='bbox 3384 2664 3538 2729; x_wconf 74' lang='grc' dir='ltr'><strong>ὄντες</strong></span> <span class='ocrx_word' id='word_1_364' title='bbox 3557 2664 3860 2730; x_wconf 70' lang='grc' dir='ltr'><strong>ἀξιόπιστοι</strong></span> <span class='ocrx_word' id='word_1_365' title='bbox 3890 2668 4023 2741; x_wconf 83' lang='grc' dir='ltr'><strong>μάρ-</strong></span> 
     </span>
    </p>
   </div>
   <div class='ocr_carea' id='block_1_50' title="bbox 2435 2752 4019 2824">
    <p class='ocr_par' dir='ltr' id='par_1_50' title="bbox 2435 2752 4019 2824">
     <span class='ocr_line' id='line_1_50' title="bbox 2435 2752 4019 2824; baseline 0.006 -21"><span class='ocrx_word' id='word_1_366' title='bbox 2435 2768 2592 2823; x_wconf 89' lang='grc' dir='ltr'><strong>τυρες</strong></span> <span class='ocrx_word' id='word_1_367' title='bbox 2619 2753 2716 2824; x_wconf 83' lang='grc' dir='ltr'><strong>τῆς</strong></span> <span class='ocrx_word' id='word_1_368' title='bbox 2742 2752 3000 2824; x_wconf 73' lang='grc' dir='ltr'><strong>ἀληθείας</strong></span> <span class='ocrx_word' id='word_1_369' title='bbox 3019 2771 3032 2782; x_wconf 89' lang='grc'><strong>·</strong></span> <span class='ocrx_word' id='word_1_370' title='bbox 3058 2753 3126 2808; x_wconf 88' lang='grc' dir='ltr'><strong>τά</strong></span> <span class='ocrx_word' id='word_1_371' title='bbox 3147 2754 3204 2807; x_wconf 76' lang='grc' dir='ltr'>δὲ</span> <span class='ocrx_word' id='word_1_372' title='bbox 3231 2753 3510 2808; x_wconf 79' lang='grc' dir='ltr'><strong>ἀποϐάντα</strong></span> <span class='ocrx_word' id='word_1_373' title='bbox 3530 2757 3625 2809; x_wconf 65' lang='grc' dir='ltr'><strong>καὶ</strong></span> <span class='ocrx_word' id='word_1_374' title='bbox 3653 2755 4019 2812; x_wconf 74' lang='grc' dir='ltr'><strong>ἀποϐαίνοντα</strong></span> 
     </span>
    </p>
   </div>
   <div class='ocr_carea' id='block_1_51' title="bbox 2434 2843 4013 2919">
    <p class='ocr_par' dir='ltr' id='par_1_51' title="bbox 2434 2843 4013 2919">
     <span class='ocr_line' id='line_1_51' title="bbox 2434 2843 4013 2919; baseline 0.004 -23"><span class='ocrx_word' id='word_1_375' title='bbox 2434 2843 2790 2913; x_wconf 72' lang='grc' dir='ltr'><strong>ἐξαναγκάζει</strong></span> <span class='ocrx_word' id='word_1_376' title='bbox 2818 2846 3158 2900; x_wconf 84' lang='grc' dir='ltr'><strong>συντίθεσθαι</strong></span> <span class='ocrx_word' id='word_1_377' title='bbox 3181 2850 3294 2910; x_wconf 79' lang='grc' dir='ltr'><strong>τοῖς</strong></span> <span class='ocrx_word' id='word_1_378' title='bbox 3318 2847 3701 2919; x_wconf 79' lang='grc' dir='ltr'><strong>λελαλημένοις</strong></span> <span class='ocrx_word' id='word_1_379' title='bbox 3719 2849 3788 2903; x_wconf 82' lang='grc' dir='ltr'><strong>δι’</strong></span> <span class='ocrx_word' id='word_1_380' title='bbox 3812 2850 4013 2911; x_wconf 74' lang='grc' dir='ltr'><strong>αὐτῶν.</strong></span> 
     </span>
    </p>
   </div>
   <div class='ocr_carea' id='block_1_52' title="bbox 2431 2937 4016 3009">
    <p class='ocr_par' dir='ltr' id='par_1_52' title="bbox 2431 2937 4016 3009">
     <span class='ocr_line' id='line_1_52' title="bbox 2431 2937 4016 3009; baseline 0.002 -20"><span class='ocrx_word' id='word_1_381' title='bbox 2431 2937 2625 2989; x_wconf 83' lang='grc' dir='ltr'><strong>Καίτοι</strong></span> <span class='ocrx_word' id='word_1_382' title='bbox 2661 2954 2726 3005; x_wconf 90' lang='grc' dir='ltr'><strong>γε</strong></span> <span class='ocrx_word' id='word_1_383' title='bbox 2765 2937 2862 2991; x_wconf 64' lang='grc' dir='ltr'><strong>κα)⁵</strong></span> <span class='ocrx_word' id='word_1_384' title='bbox 2901 2938 2990 2991; x_wconf 75' lang='grc' dir='ltr'><strong>διὰ</strong></span> <span class='ocrx_word' id='word_1_385' title='bbox 3027 2938 3426 3009; x_wconf 81' lang='grc' dir='ltr'><strong>τάς·δυνάμεις</strong></span> <span class='ocrx_word' id='word_1_386' title='bbox 3456 2938 3522 3002; x_wconf 80' lang='grc' dir='ltr'><strong>ἃς</strong></span> <span class='ocrx_word' id='word_1_387' title='bbox 3560 2939 3874 3004; x_wconf 69' lang='grc' dir='ltr'><strong>ἐπετέλουν,</strong></span> <span class='ocrx_word' id='word_1_388' title='bbox 3920 2957 4016 2993; x_wconf 90' lang='grc' dir='ltr'><strong>πι-</strong></span> 
     </span>
    </p>
   </div>
   <div class='ocr_carea' id='block_1_53' title="bbox 2430 3024 4016 3101">
    <p class='ocr_par' dir='ltr' id='par_1_53' title="bbox 2430 3024 4016 3101">
     <span class='ocr_line' id='line_1_53' title="bbox 2430 3024 4016 3101; baseline 0.004 -23"><span class='ocrx_word' id='word_1_389' title='bbox 2430 3026 2717 3081; x_wconf 85' lang='grc' dir='ltr'><strong>στεύεσθαι</strong></span> <span class='ocrx_word' id='word_1_390' title='bbox 2748 3027 2946 3081; x_wconf 89' lang='grc' dir='ltr'><strong>δίκαιοι</strong></span> <span class='ocrx_word' id='word_1_391' title='bbox 2972 3024 3141 3098; x_wconf 77' lang='grc' dir='ltr'><strong>ἦσαν·</strong></span> <span class='ocrx_word' id='word_1_392' title='bbox 3173 3027 3361 3099; x_wconf 74' lang='grc' dir='ltr'><strong>ἐπειδὴ</strong></span> <span class='ocrx_word' id='word_1_393' title='bbox 3390 3030 3485 3083; x_wconf 81' lang='grc' dir='ltr'><strong>καὶ</strong></span> <span class='ocrx_word' id='word_1_394' title='bbox 3511 3027 3603 3083; x_wconf 81' lang='grc' dir='ltr'><strong>τὸν</strong></span> <span class='ocrx_word' id='word_1_395' title='bbox 3648 3032 3878 3101; x_wconf 78' lang='grc' dir='ltr'><strong>ποιητὴν</strong></span> <span class='ocrx_word' id='word_1_396' title='bbox 3908 3032 4016 3084; x_wconf 76' lang='grc' dir='ltr'><strong>τῶν</strong></span> 
     </span>
    </p>
   </div>
   <div class='ocr_carea' id='block_1_54' title="bbox 2428 3115 4010 3196">
    <p class='ocr_par' dir='ltr' id='par_1_54' title="bbox 2428 3115 4010 3196">
     <span class='ocr_line' id='line_1_54' title="bbox 2428 3115 4010 3196; baseline 0.007 -29"><span class='ocrx_word' id='word_1_397' title='bbox 2428 3115 2563 3169; x_wconf 81' lang='grc' dir='ltr'><strong>ὅλων</strong></span> <span class='ocrx_word' id='word_1_398' title='bbox 2586 3116 2719 3169; x_wconf 78' lang='grc' dir='ltr'><strong>Θεὸν</strong></span> <span class='ocrx_word' id='word_1_399' title='bbox 2746 3119 2841 3172; x_wconf 77' lang='grc' dir='ltr'><strong>καὶ</strong></span> <span class='ocrx_word' id='word_1_400' title='bbox 2871 3118 3094 3190; x_wconf 85' lang='grc' dir='ltr'><strong>Πατέρα</strong></span> <span class='ocrx_word' id='word_1_401' title='bbox 3133 3118 3404 3184; x_wconf 77' lang='grc' dir='ltr'><strong>ἐδόξαζον,</strong></span> <span class='ocrx_word' id='word_1_402' title='bbox 3434 3120 3530 3173; x_wconf 76' lang='grc' dir='ltr'><strong>καὶ</strong></span> <span class='ocrx_word' id='word_1_403' title='bbox 3555 3121 3647 3175; x_wconf 85' lang='grc' dir='ltr'><strong>τὸν</strong></span> <span class='ocrx_word' id='word_1_404' title='bbox 3677 3125 3812 3196; x_wconf 87' lang='grc' dir='ltr'><strong>παρ’</strong></span> <span class='ocrx_word' id='word_1_405' title='bbox 3843 3123 4010 3178; x_wconf 81' lang='grc' dir='ltr'><strong>αὑτοῦ</strong></span> 
     </span>
    </p>
   </div>
   <div class='ocr_carea' id='block_1_55' title="bbox 749 3204 2320 3288">
    <p class='ocr_par' dir='ltr' id='par_1_55' title="bbox 749 3215 2320 3288">
     <span class='ocr_line' id='line_1_55' title="bbox 749 3215 2320 3288; baseline 0.003 -20"><span class='ocrx_word' id='word_1_406' title='bbox 749 3225 890 3269; x_wconf 87' lang='lat' dir='ltr'><strong>trem</strong></span> <span class='ocrx_word' id='word_1_407' title='bbox 919 3215 1302 3283; x_wconf 86' lang='lat' dir='ltr'><strong>celebrabant,</strong></span> <span class='ocrx_word' id='word_1_408' title='bbox 1333 3227 1389 3272; x_wconf 91' lang='lat' dir='ltr'><strong>et</strong></span> <span class='ocrx_word' id='word_1_409' title='bbox 1430 3218 1657 3274; x_wconf 88' lang='lat' dir='ltr'><strong>missum</strong></span> <span class='ocrx_word' id='word_1_410' title='bbox 1699 3218 1769 3273; x_wconf 88' lang='lat' dir='ltr'><strong>ab</strong></span> <span class='ocrx_word' id='word_1_411' title='bbox 1795 3231 1862 3273; x_wconf 91' lang='lat' dir='ltr'><strong>eo</strong></span> <span class='ocrx_word' id='word_1_412' title='bbox 1891 3217 2197 3282; x_wconf 86' lang='lat' dir='ltr'><strong>Christum,</strong></span> <span class='ocrx_word' id='word_1_413' title='bbox 2234 3218 2320 3288; x_wconf 89' lang='lat' dir='ltr'><strong>qui</strong></span> 
     </span>
    </p>
   </div>
   <div class='ocr_carea' id='block_1_56' title="bbox 2417 3204 4010 3288">
    <p class='ocr_par' dir='ltr' id='par_1_56' title="bbox 2429 3207 4010 3287">
     <span class='ocr_line' id='line_1_56' title="bbox 2429 3207 4010 3287; baseline 0.007 -28"><span class='ocrx_word' id='word_1_414' title='bbox 2429 3207 2660 3279; x_wconf 77' lang='grc' dir='ltr'><strong>Χριστὸν</strong></span> <span class='ocrx_word' id='word_1_415' title='bbox 2694 3208 2822 3262; x_wconf 84' lang='grc' dir='ltr'><strong>Υίὸν</strong></span> <span class='ocrx_word' id='word_1_416' title='bbox 2863 3209 3028 3263; x_wconf 78' lang='grc' dir='ltr'><strong>αὑτοῦ</strong></span> <span class='ocrx_word' id='word_1_417' title='bbox 3061 3211 3424 3281; x_wconf 73' lang='grc' dir='ltr'><strong>κατήγγελλον</strong></span> <span class='ocrx_word' id='word_1_418' title='bbox 3445 3229 3458 3242; x_wconf 93' lang='grc'>·</span> <span class='ocrx_word' id='word_1_419' title='bbox 3505 3214 3643 3287; x_wconf 82' lang='grc' dir='ltr'><strong>ὅπερ</strong></span> <span class='ocrx_word' id='word_1_420' title='bbox 3682 3217 3732 3267; x_wconf 91' lang='grc' dir='ltr'><strong>οί</strong></span> <span class='ocrx_word' id='word_1_421' title='bbox 3775 3215 3884 3270; x_wconf 81' lang='grc' dir='ltr'><strong>ἀπὸ</strong></span> <span class='ocrx_word' id='word_1_422' title='bbox 3918 3217 4010 3269; x_wconf 75' lang='grc' dir='ltr'><strong>τοῦ</strong></span> 
     </span>
    </p>
   </div>
   <div class='ocr_carea' id='block_1_57' title="bbox 748 3305 2328 3378">
    <p class='ocr_par' dir='ltr' id='par_1_57' title="bbox 748 3305 2328 3378">
     <span class='ocr_line' id='line_1_57' title="bbox 748 3305 2328 3378; baseline -0.001 -16"><span class='ocrx_word' id='word_1_423' title='bbox 748 3306 918 3363; x_wconf 82' lang='lat' dir='ltr'><strong>Filius</strong></span> <span class='ocrx_word' id='word_1_424' title='bbox 946 3305 1064 3376; x_wconf 89' lang='lat' dir='ltr'><strong>ejus</strong></span> <span class='ocrx_word' id='word_1_425' title='bbox 1094 3316 1199 3371; x_wconf 82' lang='lat' dir='ltr'><strong>est,</strong></span> <span class='ocrx_word' id='word_1_426' title='bbox 1247 3308 1564 3364; x_wconf 87' lang='lat' dir='ltr'><strong>hominibus</strong></span> <span class='ocrx_word' id='word_1_427' title='bbox 1612 3308 1979 3373; x_wconf 79' lang='lat' dir='ltr'><strong>nuntiabant;</strong></span> <span class='ocrx_word' id='word_1_428' title='bbox 2034 3308 2177 3377; x_wconf 90' lang='lat' dir='ltr'><strong>quod</strong></span> <span class='ocrx_word' id='word_1_429' title='bbox 2206 3309 2328 3378; x_wconf 84' lang='lat' dir='ltr'><strong>qui-</strong></span> 
     </span>
    </p>
   </div>
   <div class='ocr_carea' id='block_1_58' title="bbox 746 3396 2326 3469">
    <p class='ocr_par' dir='ltr' id='par_1_58' title="bbox 746 3396 2326 3469">
     <span class='ocr_line' id='line_1_58' title="bbox 746 3396 2326 3469; baseline 0.002 -18"><span class='ocrx_word' id='word_1_430' title='bbox 746 3397 872 3452; x_wconf 84' lang='lat' dir='ltr'><strong>dem</strong></span> <span class='ocrx_word' id='word_1_431' title='bbox 901 3396 1021 3452; x_wconf 80' lang='lat' dir='ltr'><strong>falsi</strong></span> <span class='ocrx_word' id='word_1_432' title='bbox 1052 3399 1354 3469; x_wconf 68' lang='lat' dir='ltr'><strong>prophetae,</strong></span> <span class='ocrx_word' id='word_1_433' title='bbox 1382 3399 1632 3455; x_wconf 89' lang='lat' dir='ltr'><strong>mendaci</strong></span> <span class='ocrx_word' id='word_1_434' title='bbox 1668 3409 1725 3455; x_wconf 83' lang='lat' dir='ltr'><strong>et</strong></span> <span class='ocrx_word' id='word_1_435' title='bbox 1758 3399 1975 3467; x_wconf 89' lang='lat' dir='ltr'><strong>impuro</strong></span> <span class='ocrx_word' id='word_1_436' title='bbox 2012 3399 2205 3469; x_wconf 87' lang='lat' dir='ltr'><strong>spiritu</strong></span> <span class='ocrx_word' id='word_1_437' title='bbox 2240 3413 2326 3454; x_wconf 81' lang='lat' dir='ltr'><strong>re-</strong></span> 
     </span>
    </p>
   </div>
   <div class='ocr_carea' id='block_1_59' title="bbox 746 3489 2323 3562">
    <p class='ocr_par' dir='ltr' id='par_1_59' title="bbox 746 3489 2323 3562">
     <span class='ocr_line' id='line_1_59' title="bbox 746 3489 2323 3562; baseline 0.004 -21"><span class='ocrx_word' id='word_1_438' title='bbox 746 3489 900 3559; x_wconf 86' lang='lat' dir='ltr'><strong>pleti,</strong></span> <span class='ocrx_word' id='word_1_439' title='bbox 929 3504 1030 3543; x_wconf 89' lang='lat' dir='ltr'><strong>nec</strong></span> <span class='ocrx_word' id='word_1_440' title='bbox 1055 3490 1261 3556; x_wconf 79' lang='lat' dir='ltr'><strong>fecere,</strong></span> <span class='ocrx_word' id='word_1_441' title='bbox 1295 3505 1400 3544; x_wconf 88' lang='lat' dir='ltr'><strong>nec</strong></span> <span class='ocrx_word' id='word_1_442' title='bbox 1425 3491 1654 3558; x_wconf 78' lang='lat' dir='ltr'><strong>faciunt,</strong></span> <span class='ocrx_word' id='word_1_443' title='bbox 1681 3492 1778 3548; x_wconf 85' lang='lat' dir='ltr'><strong>sed</strong></span> <span class='ocrx_word' id='word_1_444' title='bbox 1803 3493 2051 3560; x_wconf 68' lang='lat' dir='ltr'><strong>quaedam</strong></span> <span class='ocrx_word' id='word_1_445' title='bbox 2078 3490 2323 3562; x_wconf 87' lang='lat' dir='ltr'><strong>prodigia</strong></span> 
     </span>
    </p>
   </div>
   <div class='ocr_carea' id='block_1_60' title="bbox 743 3572 2322 3653">
    <p class='ocr_par' dir='ltr' id='par_1_60' title="bbox 743 3572 2322 3653">
     <span class='ocr_line' id='line_1_60' title="bbox 743 3572 2322 3653; baseline 0.002 -18"><span class='ocrx_word' id='word_1_446' title='bbox 743 3582 905 3636; x_wconf 84' lang='lat' dir='ltr'><strong>edere</strong></span> <span class='ocrx_word' id='word_1_447' title='bbox 931 3583 1134 3637; x_wconf 88' lang='lat' dir='ltr'><strong>audent</strong></span> <span class='ocrx_word' id='word_1_448' title='bbox 1163 3583 1229 3636; x_wconf 92' lang='lat' dir='ltr'><strong>ad</strong></span> <span class='ocrx_word' id='word_1_449' title='bbox 1263 3580 1645 3653; x_wconf 87' lang='lat' dir='ltr'><strong>percellendos</strong></span> <span class='ocrx_word' id='word_1_450' title='bbox 1685 3572 1958 3649; x_wconf 84' lang='lat' dir='ltr'><strong>homines,</strong></span> <span class='ocrx_word' id='word_1_451' title='bbox 1998 3598 2062 3638; x_wconf 89' lang='lat' dir='ltr'><strong>ac</strong></span> <span class='ocrx_word' id='word_1_452' title='bbox 2093 3583 2322 3653; x_wconf 86' lang='lat' dir='ltr'><strong>spiritus</strong></span> 
     </span>
    </p>
   </div>
   <div class='ocr_carea' id='block_1_61' title="bbox 739 3673 2320 3738">
    <p class='ocr_par' dir='ltr' id='par_1_61' title="bbox 739 3673 2320 3738">
     <span class='ocr_line' id='line_1_61' title="bbox 739 3673 2320 3738; baseline 0.001 -10"><span class='ocrx_word' id='word_1_453' title='bbox 739 3675 950 3728; x_wconf 86' lang='lat' dir='ltr'><strong>erroris</strong></span> <span class='ocrx_word' id='word_1_454' title='bbox 981 3684 1035 3729; x_wconf 91' lang='lat' dir='ltr'><strong>et</strong></span> <span class='ocrx_word' id='word_1_455' title='bbox 1067 3673 1333 3738; x_wconf 78' lang='lat' dir='ltr'><strong>daemonia</strong></span> <span class='ocrx_word' id='word_1_456' title='bbox 1360 3674 1672 3730; x_wconf 78' lang='lat' dir='ltr'><strong>celebrant.</strong></span> <span class='ocrx_word' id='word_1_457' title='bbox 1701 3674 1780 3729; x_wconf 89' lang='lat' dir='ltr'><strong>Tu</strong></span> <span class='ocrx_word' id='word_1_458' title='bbox 1816 3691 1948 3731; x_wconf 90' lang='lat' dir='ltr'><strong>vero</strong></span> <span class='ocrx_word' id='word_1_459' title='bbox 1980 3685 2109 3730; x_wconf 90' lang='lat' dir='ltr'><strong>ante</strong></span> <span class='ocrx_word' id='word_1_460' title='bbox 2137 3676 2320 3730; x_wconf 87' lang='lat' dir='ltr'><strong>omnia</strong></span> 
     </span>
    </p>
   </div>
   <div class='ocr_carea' id='block_1_62' title="bbox 741 3766 2320 3839">
    <p class='ocr_par' dir='ltr' id='par_1_62' title="bbox 741 3766 2320 3839">
     <span class='ocr_line' id='line_1_62' title="bbox 741 3766 2320 3839; baseline 0.002 -19"><span class='ocrx_word' id='word_1_461' title='bbox 741 3782 971 3835; x_wconf 84' lang='lat' dir='ltr'><strong>precare</strong></span> <span class='ocrx_word' id='word_1_462' title='bbox 1004 3766 1143 3822; x_wconf 91' lang='lat' dir='ltr'><strong>lucis</strong></span> <span class='ocrx_word' id='word_1_463' title='bbox 1184 3777 1379 3839; x_wconf 70' lang='lat' dir='ltr'><strong>portas</strong></span> <span class='ocrx_word' id='word_1_464' title='bbox 1421 3768 1520 3823; x_wconf 85' lang='lat' dir='ltr'><strong>tibi</strong></span> <span class='ocrx_word' id='word_1_465' title='bbox 1549 3769 1779 3838; x_wconf 82' lang='lat' dir='ltr'><strong>aperiri;</strong></span> <span class='ocrx_word' id='word_1_466' title='bbox 1813 3784 1987 3838; x_wconf 90' lang='lat' dir='ltr'><strong>neque</strong></span> <span class='ocrx_word' id='word_1_467' title='bbox 2012 3769 2157 3824; x_wconf 90' lang='lat' dir='ltr'><strong>enim</strong></span> <span class='ocrx_word' id='word_1_468' title='bbox 2200 3768 2320 3824; x_wconf 75' lang='lat' dir='ltr'><strong>haec</strong></span> 
     </span>
    </p>
   </div>
   <div class='ocr_carea' id='block_1_63' title="bbox 739 3859 2316 3931">
    <p class='ocr_par' dir='ltr' id='par_1_63' title="bbox 739 3859 2316 3931">
     <span class='ocr_line' id='line_1_63' title="bbox 739 3859 2316 3931; baseline 0.003 -19"><span class='ocrx_word' id='word_1_469' title='bbox 739 3859 1028 3928; x_wconf 83' lang='lat' dir='ltr'><strong>quisquam</strong></span> <span class='ocrx_word' id='word_1_470' title='bbox 1066 3859 1380 3927; x_wconf 87' lang='lat' dir='ltr'><strong>perspicere</strong></span> <span class='ocrx_word' id='word_1_471' title='bbox 1409 3869 1464 3915; x_wconf 83' lang='lat' dir='ltr'><strong>et</strong></span> <span class='ocrx_word' id='word_1_472' title='bbox 1495 3860 1804 3930; x_wconf 72' lang='lat' dir='ltr'><strong>intelligere</strong></span> <span class='ocrx_word' id='word_1_473' title='bbox 1838 3862 2034 3931; x_wconf 89' lang='lat' dir='ltr'><strong>possit,</strong></span> <span class='ocrx_word' id='word_1_474' title='bbox 2077 3862 2184 3918; x_wconf 87' lang='lat' dir='ltr'><strong>nisi</strong></span> <span class='ocrx_word' id='word_1_475' title='bbox 2225 3861 2316 3917; x_wconf 89' lang='lat' dir='ltr'><strong>cui</strong></span> 
     </span>
    </p>
   </div>
   <div class='ocr_carea' id='block_1_64' title="bbox 739 3949 1991 4023">
    <p class='ocr_par' dir='ltr' id='par_1_64' title="bbox 739 3949 1991 4023">
     <span class='ocr_line' id='line_1_64' title="bbox 739 3949 1991 4023; baseline 0 -17"><span class='ocrx_word' id='word_1_476' title='bbox 739 3951 882 4006; x_wconf 85' lang='lat' dir='ltr'><strong>Deus</strong></span> <span class='ocrx_word' id='word_1_477' title='bbox 914 3950 1213 4018; x_wconf 85' lang='lat' dir='ltr'><strong>intelligere</strong></span> <span class='ocrx_word' id='word_1_478' title='bbox 1238 3949 1450 4006; x_wconf 87' lang='lat' dir='ltr'><strong>dederit</strong></span> <span class='ocrx_word' id='word_1_479' title='bbox 1487 3961 1542 4007; x_wconf 92' lang='lat' dir='ltr'><strong>et</strong></span> <span class='ocrx_word' id='word_1_480' title='bbox 1563 3951 1818 4007; x_wconf 83' lang='lat' dir='ltr'><strong>Christus</strong></span> <span class='ocrx_word' id='word_1_481' title='bbox 1846 3952 1991 4023; x_wconf 86' lang='lat' dir='ltr'><strong>ejus.</strong></span> 
     </span>
    </p>
   </div>
   <div class='ocr_carea' id='block_1_65' title="bbox 808 4061 2311 4132">
    <p class='ocr_par' dir='ltr' id='par_1_65' title="bbox 808 4061 2311 4132">
     <span class='ocr_line' id='line_1_65' title="bbox 808 4061 2311 4132; baseline 0.009 -17"><span class='ocrx_word' id='word_1_482' title='bbox 808 4061 862 4118; x_wconf 85' lang='lat'><strong>8.</strong></span> <span class='ocrx_word' id='word_1_483' title='bbox 891 4062 1145 4116; x_wconf 75' lang='lat' dir='ltr'><strong>Justinus</strong></span> <span class='ocrx_word' id='word_1_484' title='bbox 1191 4078 1259 4116; x_wconf 81' lang='lat' dir='ltr'><strong>ea:</strong></span> <span class='ocrx_word' id='word_1_485' title='bbox 1291 4063 1397 4116; x_wconf 78' lang='lat' dir='ltr'><strong>hoc</strong></span> <span class='ocrx_word' id='word_1_486' title='bbox 1427 4063 1687 4132; x_wconf 80' lang='lat' dir='ltr'><strong>colloquio</strong></span> <span class='ocrx_word' id='word_1_487' title='bbox 1721 4063 1794 4118; x_wconf 79' lang='lat' dir='ltr'><strong>ad</strong></span> <span class='ocrx_word' id='word_1_488' title='bbox 1834 4081 2066 4122; x_wconf 77' lang='lat' dir='ltr'><strong>antorem</strong></span> <span class='ocrx_word' id='word_1_489' title='bbox 2111 4069 2311 4127; x_wconf 74' lang='lat' dir='ltr'><strong>Christi</strong></span> 
     </span>
    </p>
   </div>
   <div class='ocr_carea' id='block_1_66' title="bbox 734 4154 2306 4233">
    <p class='ocr_par' dir='ltr' id='par_1_66' title="bbox 734 4154 2306 4233">
     <span class='ocr_line' id='line_1_66' title="bbox 734 4154 2306 4233; baseline 0.007 -23"><span class='ocrx_word' id='word_1_490' title='bbox 734 4157 1063 4210; x_wconf 78' lang='lat' dir='ltr'><strong>accenditur.</strong></span> <span class='ocrx_word' id='word_1_491' title='bbox 1094 4184 1163 4196; x_wconf 91' lang='lat'><strong>-—</strong></span> <span class='ocrx_word' id='word_1_492' title='bbox 1189 4154 1316 4229; x_wconf 56' lang='lat' dir='ltr'><strong>(hec</strong></span> <span class='ocrx_word' id='word_1_493' title='bbox 1341 4155 1433 4211; x_wconf 87' lang='lat' dir='ltr'><strong>ille</strong></span> <span class='ocrx_word' id='word_1_494' title='bbox 1460 4163 1517 4210; x_wconf 92' lang='lat' dir='ltr'><strong>et</strong></span> <span class='ocrx_word' id='word_1_495' title='bbox 1557 4157 1724 4210; x_wconf 86' lang='lat' dir='ltr'><strong>multa</strong></span> <span class='ocrx_word' id='word_1_496' title='bbox 1759 4157 1862 4211; x_wconf 88' lang='lat' dir='ltr'><strong>alia</strong></span> <span class='ocrx_word' id='word_1_497' title='bbox 1893 4173 2018 4213; x_wconf 91' lang='lat' dir='ltr'><strong>cum</strong></span> <span class='ocrx_word' id='word_1_498' title='bbox 2054 4161 2306 4233; x_wconf 79' lang='lat' dir='ltr'><strong>dixisset,</strong></span> 
     </span>
    </p>
   </div>
   <div class='ocr_carea' id='block_1_67' title="bbox 732 4244 2306 4320">
    <p class='ocr_par' dir='ltr' id='par_1_67' title="bbox 732 4244 2306 4320">
     <span class='ocr_line' id='line_1_67' title="bbox 732 4244 2306 4320; baseline 0.006 -21"><span class='ocrx_word' id='word_1_499' title='bbox 732 4260 858 4314; x_wconf 71' lang='lat' dir='ltr'><strong>qua</strong></span> <span class='ocrx_word' id='word_1_500' title='bbox 881 4247 1087 4300; x_wconf 79' lang='lat' dir='ltr'><strong>referre</strong></span> <span class='ocrx_word' id='word_1_501' title='bbox 1122 4259 1231 4298; x_wconf 90' lang='lat' dir='ltr'><strong>non</strong></span> <span class='ocrx_word' id='word_1_502' title='bbox 1255 4254 1337 4298; x_wconf 92' lang='lat' dir='ltr'><strong>est</strong></span> <span class='ocrx_word' id='word_1_503' title='bbox 1364 4244 1524 4311; x_wconf 86' lang='lat' dir='ltr'><strong>hujus</strong></span> <span class='ocrx_word' id='word_1_504' title='bbox 1561 4245 1851 4314; x_wconf 88' lang='lat' dir='ltr'><strong>temporis,</strong></span> <span class='ocrx_word' id='word_1_505' title='bbox 1881 4247 2072 4303; x_wconf 88' lang='lat' dir='ltr'><strong>abiens</strong></span> <span class='ocrx_word' id='word_1_506' title='bbox 2097 4265 2306 4320; x_wconf 71' lang='lat' dir='ltr'><strong>praece-</strong></span> 
     </span>
    </p>
   </div>
   <div class='ocr_carea' id='block_1_68' title="bbox 730 4336 2303 4407">
    <p class='ocr_par' dir='ltr' id='par_1_68' title="bbox 730 4336 2303 4407">
     <span class='ocr_line' id='line_1_68' title="bbox 730 4336 2303 4407; baseline -0.003 -15"><span class='ocrx_word' id='word_1_507' title='bbox 730 4338 812 4407; x_wconf 84' lang='lat' dir='ltr'><strong>pit</strong></span> <span class='ocrx_word' id='word_1_508' title='bbox 841 4347 900 4391; x_wconf 93' lang='lat' dir='ltr'><strong>ut</strong></span> <span class='ocrx_word' id='word_1_509' title='bbox 931 4351 996 4391; x_wconf 83' lang='lat' dir='ltr'><strong>ea</strong></span> <span class='ocrx_word' id='word_1_510' title='bbox 1038 4336 1353 4390; x_wconf 88' lang='lat' dir='ltr'><strong>meditando</strong></span> <span class='ocrx_word' id='word_1_511' title='bbox 1384 4350 1783 4405; x_wconf 84' lang='lat' dir='ltr'><strong>persequerer;</strong></span> <span class='ocrx_word' id='word_1_512' title='bbox 1817 4354 1994 4406; x_wconf 87' lang='lat' dir='ltr'><strong>neque</strong></span> <span class='ocrx_word' id='word_1_513' title='bbox 2030 4357 2153 4397; x_wconf 91' lang='lat' dir='ltr'><strong>eum</strong></span> <span class='ocrx_word' id='word_1_514' title='bbox 2183 4360 2303 4400; x_wconf 89' lang='lat' dir='ltr'><strong>am-</strong></span> 
     </span>
    </p>
   </div>
   <div class='ocr_carea' id='block_1_69' title="bbox 729 4425 2302 4499">
    <p class='ocr_par' dir='ltr' id='par_1_69' title="bbox 729 4425 2302 4499">
     <span class='ocr_line' id='line_1_69' title="bbox 729 4425 2302 4499; baseline 0.006 -18"><span class='ocrx_word' id='word_1_515' title='bbox 729 4427 872 4499; x_wconf 74' lang='lat' dir='ltr'><strong>ptius</strong></span> <span class='ocrx_word' id='word_1_516' title='bbox 893 4427 1026 4481; x_wconf 88' lang='lat' dir='ltr'><strong>vidi.</strong></span> <span class='ocrx_word' id='word_1_517' title='bbox 1057 4426 1188 4481; x_wconf 73' lang='lat' dir='ltr'><strong>Mihi</strong></span> <span class='ocrx_word' id='word_1_518' title='bbox 1222 4441 1350 4480; x_wconf 89' lang='lat' dir='ltr'><strong>vero</strong></span> <span class='ocrx_word' id='word_1_519' title='bbox 1373 4425 1553 4480; x_wconf 90' lang='lat' dir='ltr'><strong>statim</strong></span> <span class='ocrx_word' id='word_1_520' title='bbox 1581 4425 1632 4479; x_wconf 92' lang='lat' dir='ltr'><strong>in</strong></span> <span class='ocrx_word' id='word_1_521' title='bbox 1657 4428 1840 4482; x_wconf 89' lang='lat' dir='ltr'><strong>animo</strong></span> <span class='ocrx_word' id='word_1_522' title='bbox 1866 4429 2006 4497; x_wconf 85' lang='lat' dir='ltr'><strong>ignis</strong></span> <span class='ocrx_word' id='word_1_523' title='bbox 2039 4446 2302 4490; x_wconf 88' lang='lat' dir='ltr'><strong>accensus</strong></span> 
     </span>
    </p>
   </div>
   <div class='ocr_carea' id='block_1_70' title="bbox 2430 3299 4015 3377">
    <p class='ocr_par' dir='ltr' id='par_1_70' title="bbox 2430 3299 4015 3377">
     <span class='ocr_line' id='line_1_70' title="bbox 2430 3299 4015 3377; baseline 0.008 -27"><span class='ocrx_word' id='word_1_524' title='bbox 2430 3299 2631 3353; x_wconf 87' lang='grc' dir='ltr'><strong>πλάνου</strong></span> <span class='ocrx_word' id='word_1_525' title='bbox 2666 3300 2761 3353; x_wconf 78' lang='grc' dir='ltr'><strong>καὶ</strong></span> <span class='ocrx_word' id='word_1_526' title='bbox 2787 3299 3096 3373; x_wconf 83' lang='grc' dir='ltr'><strong>ἀκαθάρτου</strong></span> <span class='ocrx_word' id='word_1_527' title='bbox 3125 3302 3430 3372; x_wconf 84' lang='grc' dir='ltr'><strong>πνεύματος</strong></span> <span class='ocrx_word' id='word_1_528' title='bbox 3455 3305 3858 3376; x_wconf 76' lang='grc' dir='ltr'><strong>ἐμπιπλάμενοι</strong></span> <span class='ocrx_word' id='word_1_529' title='bbox 3888 3308 4015 3377; x_wconf 75' lang='grc' dir='ltr'><strong>ψευ-</strong></span> 
     </span>
    </p>
   </div>
   <div class='ocr_carea' id='block_1_71' title="bbox 2424 3390 4010 3464">
    <p class='ocr_par' dir='ltr' id='par_1_71' title="bbox 2424 3390 4010 3464">
     <span class='ocr_line' id='line_1_71' title="bbox 2424 3390 4010 3464; baseline 0.008 -21"><span class='ocrx_word' id='word_1_530' title='bbox 2424 3390 2759 3463; x_wconf 82' lang='grc' dir='ltr'><strong>δοπροφῆται</strong></span> <span class='ocrx_word' id='word_1_531' title='bbox 2782 3391 2904 3445; x_wconf 79' lang='grc' dir='ltr'><strong>οὕτε</strong></span> <span class='ocrx_word' id='word_1_532' title='bbox 2931 3393 3198 3464; x_wconf 75' lang='grc' dir='ltr'><strong>ἐποίησαν</strong></span> <span class='ocrx_word' id='word_1_533' title='bbox 3223 3393 3352 3448; x_wconf 76' lang='grc' dir='ltr'><strong>οὔτε·</strong></span> <span class='ocrx_word' id='word_1_534' title='bbox 3374 3395 3637 3462; x_wconf 79' lang='grc' dir='ltr'><strong>ποιοῦσιν,</strong></span> <span class='ocrx_word' id='word_1_535' title='bbox 3669 3399 3808 3453; x_wconf 82' lang='grc' dir='ltr'><strong>ἀλλὰ</strong></span> <span class='ocrx_word' id='word_1_536' title='bbox 3847 3400 4010 3456; x_wconf 81' lang='grc' dir='ltr'><strong>δυνά-</strong></span> 
     </span>
    </p>
   </div>
   <div class='ocr_carea' id='block_1_72' title="bbox 2428 3484 4009 3564">
    <p class='ocr_par' dir='ltr' id='par_1_72' title="bbox 2428 3484 4009 3564">
     <span class='ocr_line' id='line_1_72' title="bbox 2428 3484 4009 3564; baseline 0.006 -28"><span class='ocrx_word' id='word_1_537' title='bbox 2428 3501 2548 3554; x_wconf 89' lang='grc' dir='ltr'><strong>μεις</strong></span> <span class='ocrx_word' id='word_1_538' title='bbox 2580 3484 2731 3549; x_wconf 84' lang='grc' dir='ltr'><strong>τινὰς</strong></span> <span class='ocrx_word' id='word_1_539' title='bbox 2772 3487 3015 3558; x_wconf 71' lang='grc' dir='ltr'><strong>ἐνεργεῖν</strong></span> <span class='ocrx_word' id='word_1_540' title='bbox 3051 3489 3131 3550; x_wconf 86' lang='grc' dir='ltr'><strong>είς</strong></span> <span class='ocrx_word' id='word_1_541' title='bbox 3173 3487 3511 3559; x_wconf 79' lang='grc' dir='ltr'><strong>κατάπληξιν</strong></span> <span class='ocrx_word' id='word_1_542' title='bbox 3557 3489 3666 3543; x_wconf 85' lang='grc' dir='ltr'><strong>τῶν</strong></span> <span class='ocrx_word' id='word_1_543' title='bbox 3703 3491 4009 3564; x_wconf 79' lang='grc' dir='ltr'><strong>ἀνθρώπων</strong></span> 
     </span>
    </p>
   </div>
   <div class='ocr_carea' id='block_1_73' title="bbox 2421 3575 4006 3657">
    <p class='ocr_par' dir='ltr' id='par_1_73' title="bbox 2421 3575 4006 3657">
     <span class='ocr_line' id='line_1_73' title="bbox 2421 3575 4006 3657; baseline 0.008 -30"><span class='ocrx_word' id='word_1_544' title='bbox 2421 3575 2680 3644; x_wconf 81' lang='grc' dir='ltr'><strong>τολμῶσι,</strong></span> <span class='ocrx_word' id='word_1_545' title='bbox 2715 3578 2810 3631; x_wconf 76' lang='grc' dir='ltr'><strong>καὶ</strong></span> <span class='ocrx_word' id='word_1_546' title='bbox 2844 3577 2911 3631; x_wconf 89' lang='grc' dir='ltr'><strong>τά</strong></span> <span class='ocrx_word' id='word_1_547' title='bbox 2945 3579 3044 3648; x_wconf 76' lang='grc' dir='ltr'><strong>τῆς</strong></span> <span class='ocrx_word' id='word_1_548' title='bbox 3080 3579 3286 3652; x_wconf 81' lang='grc' dir='ltr'><strong>πλάνης</strong></span> <span class='ocrx_word' id='word_1_549' title='bbox 3317 3579 3604 3652; x_wconf 87' lang='grc' dir='ltr'><strong>πνεύματα</strong></span> <span class='ocrx_word' id='word_1_550' title='bbox 3633 3583 3728 3636; x_wconf 77' lang='grc' dir='ltr'><strong>καὶ</strong></span> <span class='ocrx_word' id='word_1_551' title='bbox 3751 3584 4006 3657; x_wconf 70' lang='grc' dir='ltr'><strong>δαιμόνια</strong></span> 
     </span>
    </p>
   </div>
   <div class='ocr_carea' id='block_1_74' title="bbox 2419 3664 4003 3743">
    <p class='ocr_par' dir='ltr' id='par_1_74' title="bbox 2419 3664 4003 3743">
     <span class='ocr_line' id='line_1_74' title="bbox 2419 3664 4003 3743; baseline 0.009 -26"><span class='ocrx_word' id='word_1_552' title='bbox 2419 3664 2806 3734; x_wconf 80' lang='grc' dir='ltr'><strong>δοξολογοῦσιν.</strong></span> <span class='ocrx_word' id='word_1_553' title='bbox 2841 3667 3012 3738; x_wconf 79' lang='grc' dir='ltr'><strong>Εῠχου</strong></span> <span class='ocrx_word' id='word_1_554' title='bbox 3041 3668 3096 3722; x_wconf 90' lang='grc' dir='ltr'><strong>δέ</strong></span> <span class='ocrx_word' id='word_1_555' title='bbox 3139 3686 3220 3722; x_wconf 88' lang='grc' dir='ltr'><strong>σοι</strong></span> <span class='ocrx_word' id='word_1_556' title='bbox 3251 3671 3358 3741; x_wconf 85' lang='grc' dir='ltr'><strong>πρὸ</strong></span> <span class='ocrx_word' id='word_1_557' title='bbox 3393 3672 3609 3726; x_wconf 83' lang='grc' dir='ltr'><strong>πάντων</strong></span> <span class='ocrx_word' id='word_1_558' title='bbox 3648 3675 3826 3743; x_wconf 73' lang='grc' dir='ltr'><strong>φωτὸς</strong></span> <span class='ocrx_word' id='word_1_559' title='bbox 3857 3678 4003 3731; x_wconf 74' lang='grc' dir='ltr'><strong>ἀνοι-</strong></span> 
     </span>
    </p>
   </div>
   <div class='ocr_carea' id='block_1_75' title="bbox 2419 3756 4002 3834">
    <p class='ocr_par' dir='ltr' id='par_1_75' title="bbox 2419 3756 4002 3834">
     <span class='ocr_line' id='line_1_75' title="bbox 2419 3756 4002 3834; baseline 0.009 -26"><span class='ocrx_word' id='word_1_560' title='bbox 2419 3756 2612 3826; x_wconf 82' lang='grc' dir='ltr'><strong>χθῆναι</strong></span> <span class='ocrx_word' id='word_1_561' title='bbox 2644 3757 2818 3822; x_wconf 87' lang='grc' dir='ltr'><strong>πύλας</strong></span> <span class='ocrx_word' id='word_1_562' title='bbox 2841 3776 2854 3788; x_wconf 87' lang='grc'><strong>·</strong></span> <span class='ocrx_word' id='word_1_563' title='bbox 2885 3760 2944 3812; x_wconf 83' lang='grc' dir='ltr'><strong>οὐ</strong></span> <span class='ocrx_word' id='word_1_564' title='bbox 2979 3759 3089 3832; x_wconf 80' lang='grc' dir='ltr'><strong>γὰρ</strong></span> <span class='ocrx_word' id='word_1_565' title='bbox 3123 3760 3360 3815; x_wconf 88' lang='grc' dir='ltr'><strong>συνοπτά</strong></span> <span class='ocrx_word' id='word_1_566' title='bbox 3391 3761 3512 3815; x_wconf 79' lang='grc' dir='ltr'><strong>οὐδὲ</strong></span> <span class='ocrx_word' id='word_1_567' title='bbox 3537 3767 3804 3834; x_wconf 88' lang='grc' dir='ltr'><strong>συννοητά</strong></span> <span class='ocrx_word' id='word_1_568' title='bbox 3834 3769 4002 3822; x_wconf 68' lang='grc' dir='ltr'><strong>πᾶσίν</strong></span> 
     </span>
    </p>
   </div>
   <div class='ocr_carea' id='block_1_76' title="bbox 2417 3851 4003 3929">
    <p class='ocr_par' dir='ltr' id='par_1_76' title="bbox 2417 3851 4003 3929">
     <span class='ocr_line' id='line_1_76' title="bbox 2417 3851 4003 3929; baseline 0.007 -27"><span class='ocrx_word' id='word_1_569' title='bbox 2417 3852 2585 3916; x_wconf 79' lang='grc' dir='ltr'><strong>ἐστιν,</strong></span> <span class='ocrx_word' id='word_1_570' title='bbox 2617 3853 2665 3904; x_wconf 80' lang='grc' dir='ltr'><strong>εἰ</strong></span> <span class='ocrx_word' id='word_1_571' title='bbox 2697 3855 2770 3922; x_wconf 82' lang='grc' dir='ltr'><strong>μή</strong></span> <span class='ocrx_word' id='word_1_572' title='bbox 2811 3869 2889 3922; x_wconf 83' lang='grc' dir='ltr'><strong>τῳ</strong></span> <span class='ocrx_word' id='word_1_573' title='bbox 2918 3851 3050 3916; x_wconf 83' lang='grc' dir='ltr'><strong>Θεὸς</strong></span> <span class='ocrx_word' id='word_1_574' title='bbox 3079 3851 3153 3923; x_wconf 82' lang='grc' dir='ltr'>δῷ</span> <span class='ocrx_word' id='word_1_575' title='bbox 3185 3854 3426 3908; x_wconf 87' lang='grc' dir='ltr'><strong>συνῐέναι</strong></span> <span class='ocrx_word' id='word_1_576' title='bbox 3456 3855 3551 3912; x_wconf 75' lang='grc' dir='ltr'><strong>καὶ</strong></span> <span class='ocrx_word' id='word_1_577' title='bbox 3584 3858 3613 3912; x_wconf 84' lang='grc' dir='ltr'><strong>ό</strong></span> <span class='ocrx_word' id='word_1_578' title='bbox 3637 3858 3876 3929; x_wconf 81' lang='grc' dir='ltr'><strong>Χριστὸς</strong></span> <span class='ocrx_word' id='word_1_579' title='bbox 3913 3860 4003 3915; x_wconf 74' lang='grc' dir='ltr'><strong>αὺ-</strong></span> 
     </span>
    </p>
   </div>
   <div class='ocr_carea' id='block_1_77' title="bbox 2419 3956 2529 3994">
    <p class='ocr_par' dir='ltr' id='par_1_77' title="bbox 2419 3956 2529 3994">
     <span class='ocr_line' id='line_1_77' title="bbox 2419 3956 2529 3994; baseline 0.009 -1"><span class='ocrx_word' id='word_1_580' title='bbox 2419 3956 2507 3993; x_wconf 77' lang='grc' dir='ltr'><strong>ῑὌυ</strong></span> <span class='ocrx_word' id='word_1_581' title='bbox 2516 3980 2529 3994; x_wconf 78' lang='grc' dir='ltr'><strong>ο</strong></span> 
     </span>
    </p>
   </div>
   <div class='ocr_carea' id='block_1_78' title="bbox 2482 4056 3996 4129">
    <p class='ocr_par' dir='ltr' id='par_1_78' title="bbox 2482 4056 3996 4129">
     <span class='ocr_line' id='line_1_78' title="bbox 2482 4056 3996 4129; baseline 0.007 -19"><span class='ocrx_word' id='word_1_582' title='bbox 2482 4056 2534 4110; x_wconf 90' lang='grc'><strong>8.</strong></span> <span class='ocrx_word' id='word_1_583' title='bbox 2577 4056 2760 4110; x_wconf 78' lang='grc' dir='ltr'><strong>Ταῦτα</strong></span> <span class='ocrx_word' id='word_1_584' title='bbox 2796 4059 2888 4111; x_wconf 71' lang='lat' dir='ltr'><strong>ml.</strong></span> <span class='ocrx_word' id='word_1_585' title='bbox 2911 4057 2989 4112; x_wconf 76' lang='grc' dir='ltr'><strong>ἔτι</strong></span> <span class='ocrx_word' id='word_1_586' title='bbox 3010 4057 3144 4113; x_wconf 83' lang='grc' dir='ltr'><strong>ἀλλα</strong></span> <span class='ocrx_word' id='word_1_587' title='bbox 3181 4059 3350 4115; x_wconf 87' lang='grc' dir='ltr'><strong>πολλά</strong></span> <span class='ocrx_word' id='word_1_588' title='bbox 3376 4059 3545 4116; x_wconf 71' lang='grc' dir='ltr'><strong>εἰπὼν</strong></span> <span class='ocrx_word' id='word_1_589' title='bbox 3575 4064 3805 4129; x_wconf 75' lang='grc' dir='ltr'><strong>ἐκεῖνος,</strong></span> <span class='ocrx_word' id='word_1_590' title='bbox 3836 4065 3872 4120; x_wconf 73' lang='grc' dir='ltr'>ἃ</span> <span class='ocrx_word' id='word_1_591' title='bbox 3899 4066 3996 4120; x_wconf 81' lang='grc' dir='ltr'><strong>νῦν</strong></span> 
     </span>
    </p>
   </div>
   <div class='ocr_carea' id='block_1_79' title="bbox 2411 4148 3994 4221">
    <p class='ocr_par' dir='ltr' id='par_1_79' title="bbox 2411 4148 3994 4221">
     <span class='ocr_line' id='line_1_79' title="bbox 2411 4148 3994 4221; baseline 0.008 -22"><span class='ocrx_word' id='word_1_592' title='bbox 2411 4149 2600 4219; x_wconf 85' lang='grc' dir='ltr'><strong>καιρὸς</strong></span> <span class='ocrx_word' id='word_1_593' title='bbox 2654 4149 2754 4201; x_wconf 80' lang='grc' dir='ltr'><strong>οὐκ</strong></span> <span class='ocrx_word' id='word_1_594' title='bbox 2804 4149 2918 4202; x_wconf 77' lang='grc' dir='ltr'><strong>ἔστι</strong></span> <span class='ocrx_word' id='word_1_595' title='bbox 2962 4148 3162 4218; x_wconf 86' lang='grc' dir='ltr'><strong>λέγειν,</strong></span> <span class='ocrx_word' id='word_1_596' title='bbox 3213 4150 3404 4221; x_wconf 74' lang='grc' dir='ltr'><strong>ῴχετο,</strong></span> <span class='ocrx_word' id='word_1_597' title='bbox 3456 4154 3721 4219; x_wconf 89' lang='grc' dir='ltr'><strong>κελεύσας</strong></span> <span class='ocrx_word' id='word_1_598' title='bbox 3776 4156 3994 4212; x_wconf 83' lang='grc' dir='ltr'><strong>διώκειν</strong></span> 
     </span>
    </p>
   </div>
   <div class='ocr_carea' id='block_1_80' title="bbox 2409 4235 3992 4318">
    <p class='ocr_par' dir='ltr' id='par_1_80' title="bbox 2409 4235 3992 4318">
     <span class='ocr_line' id='line_1_80' title="bbox 2409 4235 3992 4318; baseline 0.008 -30"><span class='ocrx_word' id='word_1_599' title='bbox 2409 4237 2548 4291; x_wconf 83' lang='grc' dir='ltr'><strong>αὑτά</strong></span> <span class='ocrx_word' id='word_1_600' title='bbox 2572 4255 2585 4268; x_wconf 88' lang='grc'><strong>·</strong></span> <span class='ocrx_word' id='word_1_601' title='bbox 2617 4240 2711 4292; x_wconf 76' lang='grc' dir='ltr'><strong>καὶ</strong></span> <span class='ocrx_word' id='word_1_602' title='bbox 2745 4239 2846 4292; x_wconf 80' lang='grc' dir='ltr'><strong>οὐκ</strong></span> <span class='ocrx_word' id='word_1_603' title='bbox 2885 4239 2966 4291; x_wconf 79' lang='grc' dir='ltr'><strong>ἔτι</strong></span> <span class='ocrx_word' id='word_1_604' title='bbox 2995 4238 3157 4293; x_wconf 79' lang='grc' dir='ltr'><strong>αὐτὸν</strong></span> <span class='ocrx_word' id='word_1_605' title='bbox 3186 4235 3343 4293; x_wconf 72' lang='grc' dir='ltr'><strong>εἶδον.</strong></span> <span class='ocrx_word' id='word_1_606' title='bbox 3383 4241 3548 4311; x_wconf 81' lang='grc' dir='ltr'><strong>Ἐμοῦ</strong></span> <span class='ocrx_word' id='word_1_607' title='bbox 3574 4242 3683 4312; x_wconf 87' lang='lat'><strong>(98)</strong></span> <span class='ocrx_word' id='word_1_608' title='bbox 3723 4245 3782 4297; x_wconf 78' lang='grc' dir='ltr'><strong>δὲ</strong></span> <span class='ocrx_word' id='word_1_609' title='bbox 3812 4262 3992 4318; x_wconf 84' lang='grc' dir='ltr'><strong>παρα-</strong></span> 
     </span>
    </p>
   </div>
   <div class='ocr_carea' id='block_1_81' title="bbox 2407 4331 3989 4410">
    <p class='ocr_par' dir='ltr' id='par_1_81' title="bbox 2407 4331 3989 4410">
     <span class='ocr_line' id='line_1_81' title="bbox 2407 4331 3989 4410; baseline -0.002 -10"><span class='ocrx_word' id='word_1_610' title='bbox 2407 4331 2595 4402; x_wconf 80' lang='grc' dir='ltr'><strong>χρῆμα</strong></span> <span class='ocrx_word' id='word_1_611' title='bbox 2619 4331 2727 4404; x_wconf 66' lang='grc' dir='ltr'><strong>πδρ</strong></span> <span class='ocrx_word' id='word_1_612' title='bbox 2752 4335 2808 4386; x_wconf 77' lang='grc' dir='ltr'><strong>ὲν</strong></span> <span class='ocrx_word' id='word_1_613' title='bbox 2833 4336 2898 4402; x_wconf 75' lang='grc' dir='ltr'><strong>τῇ</strong></span> <span class='ocrx_word' id='word_1_614' title='bbox 2920 4333 3062 4404; x_wconf 71' lang='grc' dir='ltr'><strong>ψυχῇ</strong></span> <span class='ocrx_word' id='word_1_615' title='bbox 3091 4333 3329 4406; x_wconf 62' lang='grc' dir='ltr'><strong>ἀνήφθη,</strong></span> <span class='ocrx_word' id='word_1_616' title='bbox 3358 4335 3452 4388; x_wconf 67' lang='grc' dir='ltr'><strong>καὶ</strong></span> <span class='ocrx_word' id='word_1_617' title='bbox 3481 4335 3618 4410; x_wconf 69' lang='grc' dir='ltr'>ἔρως</span> <span class='ocrx_word' id='word_1_618' title='bbox 3646 4338 3759 4407; x_wconf 74' lang='grc' dir='ltr'><strong>ἔχει</strong></span> <span class='ocrx_word' id='word_1_619' title='bbox 3793 4356 3862 4409; x_wconf 86' lang='grc' dir='ltr'><strong>με</strong></span> <span class='ocrx_word' id='word_1_620' title='bbox 3882 4338 3989 4395; x_wconf 82' lang='grc' dir='ltr'><strong>τῶν</strong></span> 
     </span>
    </p>
   </div>
   <div class='ocr_carea' id='block_1_82' title="bbox 2407 4422 3986 4503">
    <p class='ocr_par' dir='ltr' id='par_1_82' title="bbox 2407 4422 3986 4503">
     <span class='ocr_line' id='line_1_82' title="bbox 2407 4422 3986 4503; baseline 0.005 -28"><span class='ocrx_word' id='word_1_621' title='bbox 2407 4422 2716 4495; x_wconf 82' lang='grc' dir='ltr'><strong>προφητῶν,</strong></span> <span class='ocrx_word' id='word_1_622' title='bbox 2750 4426 2844 4477; x_wconf 75' lang='grc' dir='ltr'><strong>καὶ</strong></span> <span class='ocrx_word' id='word_1_623' title='bbox 2875 4424 2982 4478; x_wconf 83' lang='grc' dir='ltr'><strong>τῶν</strong></span> <span class='ocrx_word' id='word_1_624' title='bbox 3024 4424 3231 4497; x_wconf 85' lang='grc' dir='ltr'><strong>ἀνδρῶν</strong></span> <span class='ocrx_word' id='word_1_625' title='bbox 3261 4425 3485 4479; x_wconf 71' lang='grc' dir='ltr'><strong>ἐκείνων</strong></span> <span class='ocrx_word' id='word_1_626' title='bbox 3531 4427 3582 4478; x_wconf 81' lang='grc' dir='ltr'><strong>οἵ</strong></span> <span class='ocrx_word' id='word_1_627' title='bbox 3611 4430 3716 4480; x_wconf 82' lang='grc' dir='ltr'><strong>εισι</strong></span> <span class='ocrx_word' id='word_1_628' title='bbox 3746 4430 3986 4503; x_wconf 79' lang='grc' dir='ltr'><strong>Χριστοῦ</strong></span> 
     </span>
    </p>
   </div>
   <div class='ocr_carea' id='block_1_83' title="bbox 727 4515 2320 4604">
    <p class='ocr_par' dir='ltr' id='par_1_83' title="bbox 727 4518 2295 4589">
     <span class='ocr_line' id='line_1_83' title="bbox 727 4518 2295 4589; baseline 0.003 -14"><span class='ocrx_word' id='word_1_629' title='bbox 727 4531 834 4586; x_wconf 84' lang='lat' dir='ltr'><strong>est,</strong></span> <span class='ocrx_word' id='word_1_630' title='bbox 867 4527 1066 4589; x_wconf 85' lang='lat' dir='ltr'><strong>meque</strong></span> <span class='ocrx_word' id='word_1_631' title='bbox 1102 4534 1255 4573; x_wconf 87' lang='lat' dir='ltr'><strong>amor</strong></span> <span class='ocrx_word' id='word_1_632' title='bbox 1287 4518 1488 4572; x_wconf 82' lang='lat' dir='ltr'><strong>invasit</strong></span> <span class='ocrx_word' id='word_1_633' title='bbox 1517 4520 1900 4588; x_wconf 90' lang='lat' dir='ltr'><strong>prophetarum</strong></span> <span class='ocrx_word' id='word_1_634' title='bbox 1930 4534 1985 4577; x_wconf 91' lang='lat' dir='ltr'><strong>et</strong></span> <span class='ocrx_word' id='word_1_635' title='bbox 2018 4524 2295 4580; x_wconf 87' lang='lat' dir='ltr'><strong>hominum</strong></span> 
     </span>
    </p>
   </div>
   <div class='ocr_carea' id='block_1_84' title="bbox 2417 4515 3985 4604">
    <p class='ocr_par' dir='ltr' id='par_1_84' title="bbox 2417 4515 3985 4597">
     <span class='ocr_line' id='line_1_84' title="bbox 2417 4515 3985 4597; baseline 0.006 -30"><span class='ocrx_word' id='word_1_636' title='bbox 2417 4515 2579 4583; x_wconf 66' lang='grc' dir='ltr'><strong>φίλοι·</strong></span> <span class='ocrx_word' id='word_1_637' title='bbox 2620 4516 3058 4586; x_wconf 77' lang='grc' dir='ltr'><strong>διαλογιζόμενός</strong></span> <span class='ocrx_word' id='word_1_638' title='bbox 3092 4534 3153 4569; x_wconf 83' lang='grc' dir='ltr'><strong>τε</strong></span> <span class='ocrx_word' id='word_1_639' title='bbox 3193 4517 3329 4590; x_wconf 87' lang='grc' dir='ltr'><strong>πρὸς</strong></span> <span class='ocrx_word' id='word_1_640' title='bbox 3373 4519 3606 4588; x_wconf 78' lang='grc' dir='ltr'><strong>ἐμαυτὸν</strong></span> <span class='ocrx_word' id='word_1_641' title='bbox 3635 4522 3765 4597; x_wconf 81' lang='grc' dir='ltr'><strong>τοὺς</strong></span> <span class='ocrx_word' id='word_1_642' title='bbox 3793 4523 3985 4592; x_wconf 86' lang='grc' dir='ltr'><strong>λόγους</strong></span> 
     </span>
    </p>
   </div>
   <div class='ocr_carea' id='block_1_85' title="bbox 728 4611 2298 4683">
    <p class='ocr_par' dir='ltr' id='par_1_85' title="bbox 728 4611 2298 4683">
     <span class='ocr_line' id='line_1_85' title="bbox 728 4611 2298 4683; baseline 0.001 -14"><span class='ocrx_word' id='word_1_643' title='bbox 728 4612 966 4677; x_wconf 87' lang='lat' dir='ltr'><strong>illorum,</strong></span> <span class='ocrx_word' id='word_1_644' title='bbox 994 4612 1084 4681; x_wconf 92' lang='lat' dir='ltr'><strong>qui</strong></span> <span class='ocrx_word' id='word_1_645' title='bbox 1123 4611 1327 4667; x_wconf 87' lang='lat' dir='ltr'><strong>Christi</strong></span> <span class='ocrx_word' id='word_1_646' title='bbox 1360 4620 1488 4665; x_wconf 88' lang='lat' dir='ltr'><strong>sunt</strong></span> <span class='ocrx_word' id='word_1_647' title='bbox 1516 4613 1698 4666; x_wconf 87' lang='lat' dir='ltr'><strong>amici.</strong></span> <span class='ocrx_word' id='word_1_648' title='bbox 1729 4613 1976 4683; x_wconf 90' lang='lat' dir='ltr'><strong>Cumque</strong></span> <span class='ocrx_word' id='word_1_649' title='bbox 2005 4615 2149 4670; x_wconf 91' lang='lat' dir='ltr'><strong>illius</strong></span> <span class='ocrx_word' id='word_1_650' title='bbox 2177 4632 2298 4672; x_wconf 84' lang='lat' dir='ltr'><strong>ser-</strong></span> 
     </span>
    </p>
   </div>
   <div class='ocr_carea' id='block_1_86' title="bbox 726 4703 2295 4773">
    <p class='ocr_par' dir='ltr' id='par_1_86' title="bbox 726 4703 2295 4773">
     <span class='ocr_line' id='line_1_86' title="bbox 726 4703 2295 4773; baseline 0.002 -15"><span class='ocrx_word' id='word_1_651' title='bbox 726 4718 917 4758; x_wconf 85' lang='lat' dir='ltr'><strong>mones</strong></span> <span class='ocrx_word' id='word_1_652' title='bbox 956 4703 1096 4773; x_wconf 88' lang='lat' dir='ltr'><strong>apud</strong></span> <span class='ocrx_word' id='word_1_653' title='bbox 1128 4703 1369 4756; x_wconf 87' lang='lat' dir='ltr'><strong>animum</strong></span> <span class='ocrx_word' id='word_1_654' title='bbox 1405 4717 1789 4772; x_wconf 90' lang='lat' dir='ltr'><strong>proponerem,</strong></span> <span class='ocrx_word' id='word_1_655' title='bbox 1822 4705 1963 4759; x_wconf 89' lang='lat' dir='ltr'><strong>hanc</strong></span> <span class='ocrx_word' id='word_1_656' title='bbox 2004 4706 2171 4760; x_wconf 86' lang='lat' dir='ltr'><strong>solam</strong></span> <span class='ocrx_word' id='word_1_657' title='bbox 2208 4724 2295 4761; x_wconf 85' lang='lat' dir='ltr'><strong>re-</strong></span> 
     </span>
    </p>
   </div>
   <div class='ocr_carea' id='block_1_87' title="bbox 725 4794 2294 4862">
    <p class='ocr_par' dir='ltr' id='par_1_87' title="bbox 725 4794 2294 4862">
     <span class='ocr_line' id='line_1_87' title="bbox 725 4794 2294 4862; baseline 0.004 -15"><span class='ocrx_word' id='word_1_658' title='bbox 725 4794 1000 4862; x_wconf 83' lang='lat' dir='ltr'><strong>periebam</strong></span> <span class='ocrx_word' id='word_1_659' title='bbox 1032 4794 1472 4860; x_wconf 87' lang='lat' dir='ltr'><strong>philosophiam,</strong></span> <span class='ocrx_word' id='word_1_660' title='bbox 1512 4808 1631 4862; x_wconf 67' lang='lat' dir='ltr'><strong>qua:</strong></span> <span class='ocrx_word' id='word_1_661' title='bbox 1659 4795 1877 4862; x_wconf 89' lang='lat' dir='ltr'><strong>quidem</strong></span> <span class='ocrx_word' id='word_1_662' title='bbox 1916 4805 2025 4851; x_wconf 86' lang='lat' dir='ltr'><strong>luta</strong></span> <span class='ocrx_word' id='word_1_663' title='bbox 2064 4807 2117 4852; x_wconf 92' lang='lat' dir='ltr'><strong>et</strong></span> <span class='ocrx_word' id='word_1_664' title='bbox 2148 4799 2294 4854; x_wconf 88' lang='lat' dir='ltr'><strong>utilis</strong></span> 
     </span>
    </p>
   </div>
   <div class='ocr_carea' id='block_1_88' title="bbox 723 4885 2292 4956">
    <p class='ocr_par' dir='ltr' id='par_1_88' title="bbox 723 4885 2292 4956">
     <span class='ocr_line' id='line_1_88' title="bbox 723 4885 2292 4956; baseline 0.004 -18"><span class='ocrx_word' id='word_1_665' title='bbox 723 4885 886 4940; x_wconf 80' lang='lat' dir='ltr'><strong>foret.</strong></span> <span class='ocrx_word' id='word_1_666' title='bbox 923 4886 1004 4939; x_wconf 79' lang='lat' dir='ltr'><strong>Ad</strong></span> <span class='ocrx_word' id='word_1_667' title='bbox 1055 4886 1196 4940; x_wconf 89' lang='lat' dir='ltr'><strong>hunc</strong></span> <span class='ocrx_word' id='word_1_668' title='bbox 1241 4901 1341 4953; x_wconf 88' lang='lat' dir='ltr'><strong>ego</strong></span> <span class='ocrx_word' id='word_1_669' title='bbox 1389 4886 1608 4940; x_wconf 89' lang='lat' dir='ltr'><strong>modum</strong></span> <span class='ocrx_word' id='word_1_670' title='bbox 1663 4901 1825 4956; x_wconf 89' lang='lat' dir='ltr'><strong>atque</strong></span> <span class='ocrx_word' id='word_1_671' title='bbox 1877 4888 1980 4944; x_wconf 88' lang='lat' dir='ltr'><strong>hac</strong></span> <span class='ocrx_word' id='word_1_672' title='bbox 2025 4891 2092 4944; x_wconf 92' lang='lat' dir='ltr'><strong>de</strong></span> <span class='ocrx_word' id='word_1_673' title='bbox 2131 4905 2292 4945; x_wconf 84' lang='lat' dir='ltr'><strong>causa</strong></span> 
     </span>
    </p>
   </div>
   <div class='ocr_carea' id='block_1_89' title="bbox 723 4976 2290 5048">
    <p class='ocr_par' dir='ltr' id='par_1_89' title="bbox 723 4976 2290 5048">
     <span class='ocr_line' id='line_1_89' title="bbox 723 4976 2290 5048; baseline 0.003 -17"><span class='ocrx_word' id='word_1_674' title='bbox 723 4977 1098 5046; x_wconf 85' lang='lat' dir='ltr'><strong>philosophus.</strong></span> <span class='ocrx_word' id='word_1_675' title='bbox 1146 4976 1348 5030; x_wconf 83' lang='lat' dir='ltr'><strong>Vellem</strong></span> <span class='ocrx_word' id='word_1_676' title='bbox 1392 4978 1645 5048; x_wconf 85' lang='lat' dir='ltr'><strong>equidem</strong></span> <span class='ocrx_word' id='word_1_677' title='bbox 1695 4990 1753 5034; x_wconf 88' lang='lat' dir='ltr'><strong>ut</strong></span> <span class='ocrx_word' id='word_1_678' title='bbox 1795 4995 1985 5037; x_wconf 89' lang='lat' dir='ltr'><strong>omnes</strong></span> <span class='ocrx_word' id='word_1_679' title='bbox 2027 4983 2290 5037; x_wconf 90' lang='lat' dir='ltr'><strong>rationem</strong></span> 
     </span>
    </p>
   </div>
   <div class='ocr_carea' id='block_1_90' title="bbox 726 5068 2288 5131">
    <p class='ocr_par' dir='ltr' id='par_1_90' title="bbox 726 5068 2288 5131">
     <span class='ocr_line' id='line_1_90' title="bbox 726 5068 2288 5131; baseline 0.003 -10"><span class='ocrx_word' id='word_1_680' title='bbox 726 5082 861 5121; x_wconf 68' lang='lat' dir='ltr'><strong>mea</strong></span> <span class='ocrx_word' id='word_1_681' title='bbox 901 5068 1135 5122; x_wconf 88' lang='lat' dir='ltr'><strong>similem</strong></span> <span class='ocrx_word' id='word_1_682' title='bbox 1183 5068 1452 5131; x_wconf 85' lang='lat' dir='ltr'><strong>ineuntes,</strong></span> <span class='ocrx_word' id='word_1_683' title='bbox 1489 5085 1517 5122; x_wconf 90' lang='lat' dir='ltr'><strong>a</strong></span> <span class='ocrx_word' id='word_1_684' title='bbox 1555 5069 1860 5124; x_wconf 85' lang='lat' dir='ltr'><strong>Salvatoris</strong></span> <span class='ocrx_word' id='word_1_685' title='bbox 1898 5073 2140 5127; x_wconf 84' lang='lat' dir='ltr'><strong>doctrina</strong></span> <span class='ocrx_word' id='word_1_686' title='bbox 2182 5089 2288 5127; x_wconf 87' lang='lat' dir='ltr'><strong>non</strong></span> 
     </span>
    </p>
   </div>
   <div class='ocr_carea' id='block_1_91' title="bbox 718 5159 2288 5234">
    <p class='ocr_par' dir='ltr' id='par_1_91' title="bbox 718 5159 2288 5234">
     <span class='ocr_line' id='line_1_91' title="bbox 718 5159 2288 5234; baseline 0.004 -22"><span class='ocrx_word' id='word_1_687' title='bbox 718 5162 1067 5215; x_wconf 88' lang='lat' dir='ltr'><strong>aberrarent.</strong></span> <span class='ocrx_word' id='word_1_688' title='bbox 1102 5159 1275 5213; x_wconf 87' lang='lat' dir='ltr'><strong>Habet</strong></span> <span class='ocrx_word' id='word_1_689' title='bbox 1313 5164 1455 5215; x_wconf 88' lang='lat' dir='ltr'><strong>enim</strong></span> <span class='ocrx_word' id='word_1_690' title='bbox 1485 5161 1539 5214; x_wconf 90' lang='lat' dir='ltr'><strong>in</strong></span> <span class='ocrx_word' id='word_1_691' title='bbox 1563 5176 1622 5215; x_wconf 91' lang='lat' dir='ltr'><strong>se</strong></span> <span class='ocrx_word' id='word_1_692' title='bbox 1664 5162 1963 5217; x_wconf 81' lang='lat' dir='ltr'><strong>terribilem</strong></span> <span class='ocrx_word' id='word_1_693' title='bbox 1998 5165 2288 5234; x_wconf 83' lang='lat' dir='ltr'><strong>quamdam</strong></span> 
     </span>
    </p>
   </div>
   <div class='ocr_carea' id='block_1_92' title="bbox 717 5251 2283 5324">
    <p class='ocr_par' dir='ltr' id='par_1_92' title="bbox 717 5251 2283 5324">
     <span class='ocr_line' id='line_1_92' title="bbox 717 5251 2283 5324; baseline 0.003 -19"><span class='ocrx_word' id='word_1_694' title='bbox 717 5251 1082 5318; x_wconf 83' lang='lat' dir='ltr'><strong>tnajestatem,</strong></span> <span class='ocrx_word' id='word_1_695' title='bbox 1114 5251 1264 5323; x_wconf 22' lang='lat' dir='ltr'><strong>et‘ad</strong></span> <span class='ocrx_word' id='word_1_696' title='bbox 1298 5267 1388 5306; x_wconf 84' lang='lat' dir='ltr'><strong>eos</strong></span> <span class='ocrx_word' id='word_1_697' title='bbox 1421 5255 1821 5322; x_wconf 89' lang='lat' dir='ltr'><strong>permovendos</strong></span> <span class='ocrx_word' id='word_1_698' title='bbox 1847 5255 2039 5309; x_wconf 89' lang='lat' dir='ltr'><strong>idonea</strong></span> <span class='ocrx_word' id='word_1_699' title='bbox 2066 5265 2165 5322; x_wconf 87' lang='lat' dir='ltr'><strong>est,</strong></span> <span class='ocrx_word' id='word_1_700' title='bbox 2193 5258 2283 5324; x_wconf 92' lang='lat' dir='ltr'><strong>qui</strong></span> 
     </span>
    </p>
   </div>
   <div class='ocr_carea' id='block_1_93' title="bbox 716 5339 2284 5414">
    <p class='ocr_par' dir='ltr' id='par_1_93' title="bbox 716 5339 2284 5414">
     <span class='ocr_line' id='line_1_93' title="bbox 716 5339 2284 5414; baseline 0.005 -19"><span class='ocrx_word' id='word_1_701' title='bbox 716 5343 782 5395; x_wconf 91' lang='lat' dir='ltr'><strong>de</strong></span> <span class='ocrx_word' id='word_1_702' title='bbox 813 5349 960 5395; x_wconf 88' lang='lat' dir='ltr'><strong>recta</strong></span> <span class='ocrx_word' id='word_1_703' title='bbox 1004 5340 1086 5393; x_wconf 83' lang='lat' dir='ltr'><strong>via</strong></span> <span class='ocrx_word' id='word_1_704' title='bbox 1133 5339 1500 5407; x_wconf 77' lang='lat' dir='ltr'><strong>deflexerunt;</strong></span> <span class='ocrx_word' id='word_1_705' title='bbox 1529 5344 1614 5398; x_wconf 88' lang='lat' dir='ltr'><strong>his</strong></span> <span class='ocrx_word' id='word_1_706' title='bbox 1645 5355 1845 5410; x_wconf 90' lang='lat' dir='ltr'><strong>autem,</strong></span> <span class='ocrx_word' id='word_1_707' title='bbox 1880 5348 1970 5414; x_wconf 91' lang='lat' dir='ltr'><strong>qui</strong></span> <span class='ocrx_word' id='word_1_708' title='bbox 2006 5361 2124 5401; x_wconf 87' lang='lat' dir='ltr'><strong>eam</strong></span> <span class='ocrx_word' id='word_1_709' title='bbox 2169 5363 2284 5403; x_wconf 59' lang='lat' dir='ltr'><strong>meo</strong></span> 
     </span>
    </p>
   </div>
   <div class='ocr_carea' id='block_1_94' title="bbox 783 5534 2280 5607">
    <p class='ocr_par' dir='ltr' id='par_1_94' title="bbox 783 5534 2280 5607">
     <span class='ocr_line' id='line_1_94' title="bbox 783 5534 2280 5607; baseline 0.004 -17"><span class='ocrx_word' id='word_1_710' title='bbox 783 5534 897 5607; x_wconf 77' lang='lat'><strong>(97)</strong></span> <span class='ocrx_word' id='word_1_711' title='bbox 941 5537 1093 5589; x_wconf 81' lang='grc' dir='ltr'><strong>Τότε.</strong></span> <span class='ocrx_word' id='word_1_712' title='bbox 1151 5537 1455 5606; x_wconf 81' lang='lat' dir='ltr'><strong>Legenduin</strong></span> <span class='ocrx_word' id='word_1_713' title='bbox 1499 5541 1630 5592; x_wconf 82' lang='grc' dir='ltr'><strong>ποτέ</strong></span> <span class='ocrx_word' id='word_1_714' title='bbox 1673 5540 1998 5607; x_wconf 89' lang='lat' dir='ltr'><strong>conjiciebat</strong></span> <span class='ocrx_word' id='word_1_715' title='bbox 2047 5541 2280 5596; x_wconf 88' lang='lat' dir='ltr'><strong>Pearso-</strong></span> 
     </span>
    </p>
   </div>
   <div class='ocr_carea' id='block_1_95' title="bbox 709 5620 2279 5743">
    <p class='ocr_par' dir='ltr' id='par_1_95' title="bbox 709 5620 2279 5743">
     <span class='ocr_line' id='line_1_95' title="bbox 709 5620 2279 5743; baseline 0.003 -11"><span class='ocrx_word' id='word_1_716' title='bbox 709 5620 896 5743; x_wconf 59' lang='grc' dir='ltr'><strong>ηυῗὸε)</strong></span> <span class='ocrx_word' id='word_1_717' title='bbox 951 5677 1147 5743; x_wconf 78' lang='grc' dir='ltr'><strong>Ἐμοῦ.</strong></span> <span class='ocrx_word' id='word_1_718' title='bbox 1187 5676 1336 5731; x_wconf 88' lang='lat' dir='ltr'><strong>Libet</strong></span> <span class='ocrx_word' id='word_1_719' title='bbox 1365 5680 1579 5734; x_wconf 87' lang='lat' dir='ltr'><strong>erudito</strong></span> <span class='ocrx_word' id='word_1_720' title='bbox 1612 5679 1945 5736; x_wconf 88' lang='lat' dir='ltr'><strong>Londinensi</strong></span> <span class='ocrx_word' id='word_1_721' title='bbox 1975 5683 2172 5736; x_wconf 87' lang='lat' dir='ltr'><strong>edituri</strong></span> <span class='ocrx_word' id='word_1_722' title='bbox 2203 5685 2279 5736; x_wconf 87' lang='lat' dir='ltr'><strong>le-</strong></span> 
     </span>
    </p>
   </div>
   <div class='ocr_carea' id='block_1_96' title="bbox 709 5745 1762 5820">
    <p class='ocr_par' dir='ltr' id='par_1_96' title="bbox 709 5745 1762 5820">
     <span class='ocr_line' id='line_1_96' title="bbox 709 5745 1762 5820; baseline 0.005 -22"><span class='ocrx_word' id='word_1_723' title='bbox 709 5748 1011 5820; x_wconf 33' lang='grc' dir='ltr'><strong>δετςλὲμοί.</strong></span> <span class='ocrx_word' id='word_1_724' title='bbox 1050 5747 1165 5820; x_wconf 75' lang='lat' dir='ltr'><strong>Mox</strong></span> <span class='ocrx_word' id='word_1_725' title='bbox 1191 5750 1330 5800; x_wconf 83' lang='lat' dir='ltr'><strong>idem</strong></span> <span class='ocrx_word' id='word_1_726' title='bbox 1364 5745 1475 5819; x_wconf 73' lang='grc' dir='ltr'><strong>εἶχε</strong></span> <span class='ocrx_word' id='word_1_727' title='bbox 1507 5765 1604 5817; x_wconf 89' lang='lat' dir='ltr'><strong>pro</strong></span> <span class='ocrx_word' id='word_1_728' title='bbox 1631 5752 1762 5820; x_wconf 80' lang='grc' dir='ltr'><strong>ἔχει.</strong></span> 
     </span>
    </p>
   </div>
   <div class='ocr_carea' id='block_1_97' title="bbox 782 5815 2277 5891">
    <p class='ocr_par' dir='ltr' id='par_1_97' title="bbox 782 5815 2277 5891">
     <span class='ocr_line' id='line_1_97' title="bbox 782 5815 2277 5891; baseline 0.002 -20"><span class='ocrx_word' id='word_1_729' title='bbox 782 5815 892 5885; x_wconf 85' lang='grc'><strong>(99)</strong></span> <span class='ocrx_word' id='word_1_730' title='bbox 933 5818 1337 5884; x_wconf 75' lang='grc' dir='ltr'><strong>Βαυλοίμην...</strong></span> <span class='ocrx_word' id='word_1_731' title='bbox 1376 5815 1591 5888; x_wconf 61' lang='grc' dir='ltr'><strong>λόγων.</strong></span> <span class='ocrx_word' id='word_1_732' title='bbox 1616 5815 1750 5878; x_wconf 64' lang='lat' dir='ltr'><strong>Co“.</strong></span> <span class='ocrx_word' id='word_1_733' title='bbox 1782 5823 1896 5878; x_wconf 81' lang='lat' dir='ltr'><strong>Act.</strong></span> <span class='ocrx_word' id='word_1_734' title='bbox 1923 5832 2091 5891; x_wconf 77' lang='lat' dir='ltr'><strong>apost.</strong></span> <span class='ocrx_word' id='word_1_735' title='bbox 2131 5838 2277 5889; x_wconf 76' lang='lat' dir='ltr'><strong>xm,</strong></span> 
     </span>
    </p>
   </div>
   <div class='ocr_carea' id='block_1_98' title="bbox 2401 4607 3982 4686">
    <p class='ocr_par' dir='ltr' id='par_1_98' title="bbox 2401 4607 3982 4686">
     <span class='ocr_line' id='line_1_98' title="bbox 2401 4607 3982 4686; baseline 0.006 -26"><span class='ocrx_word' id='word_1_736' title='bbox 2401 4607 2588 4672; x_wconf 78' lang='grc' dir='ltr'><strong>αὐτοῦ,</strong></span> <span class='ocrx_word' id='word_1_737' title='bbox 2618 4608 2821 4680; x_wconf 84' lang='grc' dir='ltr'><strong>ταύτην</strong></span> <span class='ocrx_word' id='word_1_738' title='bbox 2854 4610 3022 4679; x_wconf 79' lang='grc' dir='ltr'><strong>μόνην</strong></span> <span class='ocrx_word' id='word_1_739' title='bbox 3050 4608 3302 4680; x_wconf 70' lang='grc' dir='ltr'><strong>εὕρισκον</strong></span> <span class='ocrx_word' id='word_1_740' title='bbox 3329 4610 3644 4679; x_wconf 84' lang='grc' dir='ltr'><strong>φιλοσοφίαν</strong></span> <span class='ocrx_word' id='word_1_741' title='bbox 3677 4614 3900 4686; x_wconf 84' lang='grc' dir='ltr'><strong>ἀσφαλῆ</strong></span> <span class='ocrx_word' id='word_1_742' title='bbox 3924 4634 3982 4669; x_wconf 83' lang='grc' dir='ltr'><strong>τε</strong></span> 
     </span>
    </p>
   </div>
   <div class='ocr_carea' id='block_1_99' title="bbox 2399 4699 3982 4777">
    <p class='ocr_par' dir='ltr' id='par_1_99' title="bbox 2399 4699 3982 4777">
     <span class='ocr_line' id='line_1_99' title="bbox 2399 4699 3982 4777; baseline 0.004 -26"><span class='ocrx_word' id='word_1_743' title='bbox 2399 4699 2494 4751; x_wconf 78' lang='grc' dir='ltr'><strong>καὶ</strong></span> <span class='ocrx_word' id='word_1_744' title='bbox 2535 4699 2832 4771; x_wconf 86' lang='grc' dir='ltr'><strong>σύμφορον.</strong></span> <span class='ocrx_word' id='word_1_745' title='bbox 2877 4699 3064 4763; x_wconf 75' lang='grc' dir='ltr'><strong>Οὕτως</strong></span> <span class='ocrx_word' id='word_1_746' title='bbox 3109 4700 3175 4772; x_wconf 81' lang='grc' dir='ltr'><strong>δὴ</strong></span> <span class='ocrx_word' id='word_1_747' title='bbox 3222 4702 3315 4756; x_wconf 78' lang='grc' dir='ltr'><strong>καὶ</strong></span> <span class='ocrx_word' id='word_1_748' title='bbox 3351 4702 3436 4754; x_wconf 81' lang='grc' dir='ltr'><strong>διὰ</strong></span> <span class='ocrx_word' id='word_1_749' title='bbox 3479 4703 3654 4758; x_wconf 77' lang='grc' dir='ltr'><strong>ταῦτα</strong></span> <span class='ocrx_word' id='word_1_750' title='bbox 3692 4706 3982 4777; x_wconf 78' lang='grc' dir='ltr'><strong>φιλόσοφος</strong></span> 
     </span>
    </p>
   </div>
   <div class='ocr_carea' id='block_1_100' title="bbox 2399 4783 3981 4868">
    <p class='ocr_par' dir='ltr' id='par_1_100' title="bbox 2399 4783 3981 4868">
     <span class='ocr_line' id='line_1_100' title="bbox 2399 4783 3981 4868; baseline 0.007 -26"><span class='ocrx_word' id='word_1_751' title='bbox 2399 4790 2528 4858; x_wconf 81' lang='grc' dir='ltr'><strong>ἐγώ.</strong></span> <span class='ocrx_word' id='word_1_752' title='bbox 2567 4792 2865 4862; x_wconf 87' lang='grc' dir='ltr'><strong>Βουλοίμην</strong></span> <span class='ocrx_word' id='word_1_753' title='bbox 2894 4794 3002 4864; x_wconf 87' lang='grc'><strong>(99)</strong></span> <span class='ocrx_word' id='word_1_754' title='bbox 3032 4795 3074 4846; x_wconf 85' lang='grc' dir='ltr'><strong>δ’</strong></span> <span class='ocrx_word' id='word_1_755' title='bbox 3106 4794 3172 4847; x_wconf 81' lang='grc' dir='ltr'><strong>ἂν</strong></span> <span class='ocrx_word' id='word_1_756' title='bbox 3205 4783 3300 4846; x_wconf 64' lang='grc' dir='ltr'><strong>καὶ</strong></span> <span class='ocrx_word' id='word_1_757' title='bbox 3328 4797 3558 4861; x_wconf 87' lang='grc' dir='ltr'><strong>πάντας,</strong></span> <span class='ocrx_word' id='word_1_758' title='bbox 3587 4797 3700 4850; x_wconf 72' lang='grc' dir='ltr'><strong>ἴσον</strong></span> <span class='ocrx_word' id='word_1_759' title='bbox 3733 4800 3861 4868; x_wconf 73' lang='grc' dir='ltr'><strong>ἐμοὶ</strong></span> <span class='ocrx_word' id='word_1_760' title='bbox 3889 4799 3981 4853; x_wconf 73' lang='grc' dir='ltr'><strong>θυο</strong></span> 
     </span>
    </p>
   </div>
   <div class='ocr_carea' id='block_1_101' title="bbox 2400 4882 3978 4963">
    <p class='ocr_par' dir='ltr' id='par_1_101' title="bbox 2400 4882 3978 4963">
     <span class='ocr_line' id='line_1_101' title="bbox 2400 4882 3978 4963; baseline 0.008 -32"><span class='ocrx_word' id='word_1_761' title='bbox 2400 4882 2496 4950; x_wconf 73' lang='grc' dir='ltr'><strong>μὸν</strong></span> <span class='ocrx_word' id='word_1_762' title='bbox 2533 4885 2953 4953; x_wconf 82' lang='grc' dir='ltr'><strong>ποιησαμένους,</strong></span> <span class='ocrx_word' id='word_1_763' title='bbox 2987 4886 3060 4956; x_wconf 79' lang='grc' dir='ltr'><strong>μὴ</strong></span> <span class='ocrx_word' id='word_1_764' title='bbox 3086 4887 3412 4955; x_wconf 84' lang='grc' dir='ltr'><strong>ἀφίστασθαι</strong></span> <span class='ocrx_word' id='word_1_765' title='bbox 3442 4887 3550 4940; x_wconf 84' lang='grc' dir='ltr'><strong>τῶν</strong></span> <span class='ocrx_word' id='word_1_766' title='bbox 3596 4889 3690 4942; x_wconf 83' lang='grc' dir='ltr'><strong>τοῦ</strong></span> <span class='ocrx_word' id='word_1_767' title='bbox 3719 4890 3978 4963; x_wconf 78' lang='grc' dir='ltr'><strong>Σωτῆρος</strong></span> 
     </span>
    </p>
   </div>
   <div class='ocr_carea' id='block_1_102' title="bbox 2394 4970 3977 5044">
    <p class='ocr_par' dir='ltr' id='par_1_102' title="bbox 2394 4970 3977 5044">
     <span class='ocr_line' id='line_1_102' title="bbox 2394 4970 3977 5044; baseline 0.008 -22"><span class='ocrx_word' id='word_1_768' title='bbox 2394 4970 2587 5036; x_wconf 85' lang='grc' dir='ltr'><strong>λόγων.</strong></span> <span class='ocrx_word' id='word_1_769' title='bbox 2615 4973 2740 5036; x_wconf 86' lang='grc' dir='ltr'><strong>Δέος</strong></span> <span class='ocrx_word' id='word_1_770' title='bbox 2759 4974 2866 5044; x_wconf 85' lang='grc' dir='ltr'><strong>γάρ</strong></span> <span class='ocrx_word' id='word_1_771' title='bbox 2892 4992 2943 5026; x_wconf 91' lang='grc' dir='ltr'><strong>τι</strong></span> <span class='ocrx_word' id='word_1_772' title='bbox 2970 4975 3179 5044; x_wconf 79' lang='grc' dir='ltr'><strong>ἔχουσιν</strong></span> <span class='ocrx_word' id='word_1_773' title='bbox 3203 4978 3259 5029; x_wconf 83' lang='grc' dir='ltr'><strong>ὲν</strong></span> <span class='ocrx_word' id='word_1_774' title='bbox 3283 4978 3511 5040; x_wconf 77' lang='grc' dir='ltr'><strong>ἑαυτοῖς,</strong></span> <span class='ocrx_word' id='word_1_775' title='bbox 3532 4979 3626 5031; x_wconf 73' lang='grc' dir='ltr'><strong>καὶ</strong></span> <span class='ocrx_word' id='word_1_776' title='bbox 3653 4981 3832 5034; x_wconf 77' lang='grc' dir='ltr'><strong>ἱκανοὶ</strong></span> <span class='ocrx_word' id='word_1_777' title='bbox 3859 4982 3977 5034; x_wconf 74' lang='grc' dir='ltr'><strong>δυσο</strong></span> 
     </span>
    </p>
   </div>
   <div class='ocr_carea' id='block_1_103' title="bbox 2393 5063 3976 5137">
    <p class='ocr_par' dir='ltr' id='par_1_103' title="bbox 2393 5063 3976 5137">
     <span class='ocr_line' id='line_1_103' title="bbox 2393 5063 3976 5137; baseline 0.008 -24"><span class='ocrx_word' id='word_1_778' title='bbox 2393 5063 2609 5130; x_wconf 81' lang='grc' dir='ltr'><strong>ωπῆσαι</strong></span> <span class='ocrx_word' id='word_1_779' title='bbox 2649 5065 2774 5125; x_wconf 82' lang='grc' dir='ltr'><strong>τοὺς</strong></span> <span class='ocrx_word' id='word_1_780' title='bbox 2816 5065 3246 5134; x_wconf 81' lang='grc' dir='ltr'><strong>ἐκτρεπομένους</strong></span> <span class='ocrx_word' id='word_1_781' title='bbox 3287 5067 3385 5136; x_wconf 84' lang='grc' dir='ltr'><strong>τῆς</strong></span> <span class='ocrx_word' id='word_1_782' title='bbox 3433 5067 3602 5137; x_wconf 78' lang='grc' dir='ltr'><strong>ὀρθῆς</strong></span> <span class='ocrx_word' id='word_1_783' title='bbox 3649 5069 3793 5134; x_wconf 74' lang='grc' dir='ltr'><strong>ὁδοῦ,</strong></span> <span class='ocrx_word' id='word_1_784' title='bbox 3841 5073 3976 5126; x_wconf 77' lang='grc' dir='ltr'><strong>ἀνά-</strong></span> 
     </span>
    </p>
   </div>
   <div class='ocr_carea' id='block_1_104' title="bbox 2393 5155 3969 5228">
    <p class='ocr_par' dir='ltr' id='par_1_104' title="bbox 2393 5155 3969 5228">
     <span class='ocr_line' id='line_1_104' title="bbox 2393 5155 3969 5228; baseline 0.008 -25"><span class='ocrx_word' id='word_1_785' title='bbox 2393 5155 2588 5216; x_wconf 74' lang='grc' dir='ltr'><strong>παυσις</strong></span> <span class='ocrx_word' id='word_1_786' title='bbox 2631 5170 2688 5205; x_wconf 88' lang='grc' dir='ltr'><strong>τε</strong></span> <span class='ocrx_word' id='word_1_787' title='bbox 2724 5155 2912 5226; x_wconf 79' lang='grc' dir='ltr'><strong>ἡδίστη</strong></span> <span class='ocrx_word' id='word_1_788' title='bbox 2944 5157 3151 5224; x_wconf 85' lang='grc' dir='ltr'><strong>γίνεται</strong></span> <span class='ocrx_word' id='word_1_789' title='bbox 3189 5158 3302 5218; x_wconf 76' lang='grc' dir='ltr'><strong>τοῖς</strong></span> <span class='ocrx_word' id='word_1_790' title='bbox 3340 5158 3706 5227; x_wconf 85' lang='grc' dir='ltr'><strong>ὲκμελετῶσιν</strong></span> <span class='ocrx_word' id='word_1_791' title='bbox 3748 5163 3969 5228; x_wconf 80' lang='grc' dir='ltr'><strong>αὐτούς.</strong></span> 
     </span>
    </p>
   </div>
   <div class='ocr_carea' id='block_1_105' title="bbox 2389 5243 3972 5327">
    <p class='ocr_par' dir='ltr' id='par_1_105' title="bbox 2389 5243 3972 5327">
     <span class='ocr_line' id='line_1_105' title="bbox 2389 5243 3972 5327; baseline 0.007 -30"><span class='ocrx_word' id='word_1_792' title='bbox 2389 5246 2450 5298; x_wconf 76' lang='lat' dir='ltr'><strong>Ei</strong></span> <span class='ocrx_word' id='word_1_793' title='bbox 2482 5243 2573 5299; x_wconf 76' lang='grc' dir='ltr'><strong>οὖν</strong></span> <span class='ocrx_word' id='word_1_794' title='bbox 2600 5266 2649 5298; x_wconf 88' lang='grc' dir='ltr'><strong>τι</strong></span> <span class='ocrx_word' id='word_1_795' title='bbox 2690 5249 2782 5301; x_wconf 78' lang='grc' dir='ltr'><strong>καὶ</strong></span> <span class='ocrx_word' id='word_1_796' title='bbox 2818 5250 2898 5301; x_wconf 64' lang='grc' dir='ltr'><strong>σοι</strong></span> <span class='ocrx_word' id='word_1_797' title='bbox 2931 5250 3056 5318; x_wconf 78' lang='grc' dir='ltr'><strong>περὶ</strong></span> <span class='ocrx_word' id='word_1_798' title='bbox 3095 5249 3319 5302; x_wconf 83' lang='grc' dir='ltr'><strong>σεαυτοῦ</strong></span> <span class='ocrx_word' id='word_1_799' title='bbox 3359 5250 3530 5321; x_wconf 85' lang='grc' dir='ltr'><strong>μέλει,</strong></span> <span class='ocrx_word' id='word_1_800' title='bbox 3571 5254 3665 5306; x_wconf 75' lang='grc' dir='ltr'><strong>καὶ</strong></span> <span class='ocrx_word' id='word_1_801' title='bbox 3713 5254 3972 5327; x_wconf 82' lang='grc' dir='ltr'><strong>ἀντιποιῇ</strong></span> 
     </span>
    </p>
   </div>
   <div class='ocr_carea' id='block_1_106' title="bbox 2389 5340 3972 5415">
    <p class='ocr_par' dir='ltr' id='par_1_106' title="bbox 2389 5340 3972 5415">
     <span class='ocr_line' id='line_1_106' title="bbox 2389 5340 3972 5415; baseline 0.008 -24"><span class='ocrx_word' id='word_1_802' title='bbox 2389 5341 2679 5410; x_wconf 77' lang='grc' dir='ltr'><strong>σωτηρίας,</strong></span> <span class='ocrx_word' id='word_1_803' title='bbox 2714 5342 2805 5393; x_wconf 75' lang='grc' dir='ltr'><strong>καὶ</strong></span> <span class='ocrx_word' id='word_1_804' title='bbox 2836 5341 2926 5393; x_wconf 74' lang='grc' dir='ltr'><strong>ἐπὶ</strong></span> <span class='ocrx_word' id='word_1_805' title='bbox 2951 5340 3029 5410; x_wconf 83' lang='grc' dir='ltr'><strong>τῷ</strong></span> <span class='ocrx_word' id='word_1_806' title='bbox 3048 5340 3168 5411; x_wconf 86' lang='grc' dir='ltr'><strong>Θεῷ</strong></span> <span class='ocrx_word' id='word_1_807' title='bbox 3197 5341 3480 5409; x_wconf 83' lang='grc' dir='ltr'><strong>πέποιθας,</strong></span> <span class='ocrx_word' id='word_1_808' title='bbox 3513 5345 3657 5415; x_wconf 77' lang='grc' dir='ltr'><strong>ἅπερ</strong></span> <span class='ocrx_word' id='word_1_809' title='bbox 3679 5346 3782 5399; x_wconf 79' lang='grc' dir='ltr'><strong>οὐκ</strong></span> <span class='ocrx_word' id='word_1_810' title='bbox 3812 5348 3972 5403; x_wconf 82' lang='grc' dir='ltr'><strong>ἀλλο-</strong></span> 
     </span>
    </p>
   </div>
   <div class='ocr_carea' id='block_1_107' title="bbox 2383 5540 3965 5611">
    <p class='ocr_par' dir='ltr' id='par_1_107' title="bbox 2383 5540 3965 5611">
     <span class='ocr_line' id='line_1_107' title="bbox 2383 5540 3965 5611; baseline 0.002 -16"><span class='ocrx_word' id='word_1_811' title='bbox 2383 5543 2470 5598; x_wconf 77' lang='grc'><strong>29.</strong></span> <span class='ocrx_word' id='word_1_812' title='bbox 2525 5541 2732 5595; x_wconf 64' lang='lat' dir='ltr'><strong>Praiter</strong></span> <span class='ocrx_word' id='word_1_813' title='bbox 2752 5541 2887 5611; x_wconf 84' lang='lat' dir='ltr'><strong>alios</strong></span> <span class='ocrx_word' id='word_1_814' title='bbox 2911 5541 3168 5611; x_wconf 67' lang='lat' dir='ltr'><strong>Tatianus</strong></span> <span class='ocrx_word' id='word_1_815' title='bbox 3191 5555 3404 5609; x_wconf 90' lang='lat' dir='ltr'><strong>quoque</strong></span> <span class='ocrx_word' id='word_1_816' title='bbox 3429 5540 3604 5611; x_wconf 83' lang='lat' dir='ltr'><strong>(Orat.</strong></span> <span class='ocrx_word' id='word_1_817' title='bbox 3631 5543 3754 5596; x_wconf 70' lang='lat' dir='ltr'><strong>adv.</strong></span> <span class='ocrx_word' id='word_1_818' title='bbox 3783 5542 3965 5598; x_wconf 80' lang='lat' dir='ltr'><strong>Crtrc.</strong></span> 
     </span>
    </p>
   </div>
   <div class='ocr_carea' id='block_1_108' title="bbox 2382 5609 3964 5680">
    <p class='ocr_par' dir='ltr' id='par_1_108' title="bbox 2382 5609 3964 5680">
     <span class='ocr_line' id='line_1_108' title="bbox 2382 5609 3964 5680; baseline 0.002 -16"><span class='ocrx_word' id='word_1_819' title='bbox 2382 5629 2435 5664; x_wconf 66' lang='grc' dir='ltr'><strong>(ξ.</strong></span> <span class='ocrx_word' id='word_1_820' title='bbox 2470 5612 2560 5671; x_wconf 74' lang='lat'><strong>9.9,</strong></span> <span class='ocrx_word' id='word_1_821' title='bbox 2598 5612 2722 5664; x_wconf 87' lang='lat' dir='ltr'><strong>coll.</strong></span> <span class='ocrx_word' id='word_1_822' title='bbox 2757 5610 2931 5674; x_wconf 64' lang='grc' dir='ltr'><strong>αδδ,</strong></span> <span class='ocrx_word' id='word_1_823' title='bbox 2971 5622 3027 5665; x_wconf 86' lang='lat' dir='ltr'><strong>et</strong></span> <span class='ocrx_word' id='word_1_824' title='bbox 3070 5609 3580 5679; x_wconf 18' lang='lat' dir='ltr'><strong>Tlteophilus‘Am‘.</strong></span> <span class='ocrx_word' id='word_1_825' title='bbox 3621 5614 3713 5680; x_wconf 83' lang='lat' dir='ltr'><strong>(ad</strong></span> <span class='ocrx_word' id='word_1_826' title='bbox 3769 5614 3964 5667; x_wconf 67' lang='lat' dir='ltr'><strong>Antei.</strong></span> 
     </span>
    </p>
   </div>
   <div class='ocr_carea' id='block_1_109' title="bbox 2383 5680 3960 5750">
    <p class='ocr_par' dir='ltr' id='par_1_109' title="bbox 2383 5680 3960 5750">
     <span class='ocr_line' id='line_1_109' title="bbox 2383 5680 3960 5750; baseline 0 -13"><span class='ocrx_word' id='word_1_827' title='bbox 2383 5698 2422 5746; x_wconf 84' lang='grc' dir='ltr'><strong>ι,</strong></span> <span class='ocrx_word' id='word_1_828' title='bbox 2454 5699 2501 5736; x_wconf 89' lang='lat' dir='ltr'><strong>c.</strong></span> <span class='ocrx_word' id='word_1_829' title='bbox 2543 5682 2653 5749; x_wconf 67' lang='grc'><strong>14),</strong></span> <span class='ocrx_word' id='word_1_830' title='bbox 2689 5695 2814 5735; x_wconf 89' lang='lat' dir='ltr'><strong>cum</strong></span> <span class='ocrx_word' id='word_1_831' title='bbox 2845 5681 3056 5736; x_wconf 85' lang='lat' dir='ltr'><strong>Veteris</strong></span> <span class='ocrx_word' id='word_1_832' title='bbox 3088 5680 3421 5735; x_wconf 85' lang='lat' dir='ltr'><strong>Testamenti</strong></span> <span class='ocrx_word' id='word_1_833' title='bbox 3471 5692 3582 5734; x_wconf 84' lang='lat' dir='ltr'><strong>tum</strong></span> <span class='ocrx_word' id='word_1_834' title='bbox 3618 5683 3960 5750; x_wconf 79' lang='lat' dir='ltr'><strong>scriptorum</strong></span> 
     </span>
    </p>
   </div>
   <div class='ocr_carea' id='block_1_110' title="bbox 2381 5749 3960 5820">
    <p class='ocr_par' dir='ltr' id='par_1_110' title="bbox 2381 5749 3960 5820">
     <span class='ocr_line' id='line_1_110' title="bbox 2381 5749 3960 5820; baseline 0.003 -16"><span class='ocrx_word' id='word_1_835' title='bbox 2381 5753 2820 5820; x_wconf 85' lang='lat' dir='ltr'><strong>propheticorum</strong></span> <span class='ocrx_word' id='word_1_836' title='bbox 2854 5750 3089 5808; x_wconf 84' lang='lat' dir='ltr'><strong>lectione</strong></span> <span class='ocrx_word' id='word_1_837' title='bbox 3119 5751 3186 5805; x_wconf 83' lang='lat' dir='ltr'><strong>ad</strong></span> <span class='ocrx_word' id='word_1_838' title='bbox 3219 5764 3333 5804; x_wconf 88' lang='lat' dir='ltr'><strong>rem</strong></span> <span class='ocrx_word' id='word_1_839' title='bbox 3361 5749 3960 5820; x_wconf 71' lang='lat' dir='ltr'><strong>Christianamme-</strong></span> 
     </span>
    </p>
   </div>
   <div class='ocr_carea' id='block_1_111' title="bbox 2383 5838 2531 5876">
    <p class='ocr_par' dir='ltr' id='par_1_111' title="bbox 2383 5838 2531 5876">
     <span class='ocr_line' id='line_1_111' title="bbox 2383 5838 2531 5876; baseline 0.007 -1"><span class='ocrx_word' id='word_1_840' title='bbox 2383 5838 2531 5876; x_wconf 82' lang='lat' dir='ltr'><strong>nere.</strong></span> 
     </span>
    </p>
   </div>
  </div>
