4132 6426
692 375 796 431 695

1650 379 1706 435 S.
1738 377 2000 434 JUSTlNl
2038 379 2445 436 PHILOSOPHI
2491 381 2578 438 ΕΤ
2616 384 2974 440 ΜΑΒΤΥΒΙΞ

3846 391 3958 451 496⁵

696 495 994 548 scentibus.
1033 492 1373 547 -—lliserunt
1405 493 1569 560 igitur
1623 494 1821 547 iterum
1861 494 1981 562 ejus
2011 495 2250 559 comites,

2367 515 2500 570 σμον
2546 501 2958 570 ἀνεφθέγγοντο.
3007 499 3148 570 Ἐγὼ
3182 501 3257 568 δὲ,
3289 502 3546 568 ἀναστὰς,
3577 499 3684 570 οἷός
3716 509 3765 562 τ’
3802 511 3952 582 ήμην

693 597 855 654 atque
894 586 1143 642 indecore
1179 585 1502 640 clamarunt.
1545 584 1680 639 Tum
1706 599 1808 653 ego
1837 588 1969 641 cum
1993 590 2265 643 surrexis-

691 696 831 742 sem,
856 679 1073 732 abeunti
1117 678 1312 733 similis
1351 693 1540 743 cram;
1589 679 1684 732 sed
1730 677 1818 733 ille
1857 689 2073 753 arrepta
2117 692 2264 736 veste

691 772 842 839 prius
865 770 1216 824 dimissurum
1255 771 1489 838 negavit,
1520 786 1680 839 quam
1708 771 2038 838 promissum
2077 772 2261 827 exsol-

693 864 913 915 visscm.
956 859 1034 913 Ne
1067 877 1198 931 ergo
1240 862 1657 924 tumultuentur,
1698 863 1935 931 inquam.
1984 863 2115 921 socii
2161 867 2260 929 tui,

693 973 792 1012 nec
822 958 905 1010 sic
934 972 993 1010 se
1031 966 1220 1027 gerant
1253 957 1544 1024 indecore;
1585 959 1677 1012 sed
1711 958 1758 1012 si
1795 959 2003 1023 volunt,
2041 961 2261 1017 silentio

688 1051 1025 1115 auscultem;
1053 1050 1096 1103 si
1121 1065 1224 1118 qua
1251 1060 1430 1102 autem
1457 1051 1634 1118 potior
1654 1066 1749 1106 eos
1773 1053 2057 1119 occupatio
2092 1053 2261 1108 inter-

688 1145 874 1214 pellat,
927 1144 1144 1198 abeant.
1179 1143 1286 1198 Nos
1327 1153 1508 1198 autem
1541 1147 1864 1199 secedamus
1908 1145 2112 1213 aliquo,
2149 1146 2257 1199 ibi-

685 1251 791 1307 que
834 1238 1234 1304 requiescentes
1275 1235 1697 1304 disputationem
1747 1250 2136 1304 exsequamur.
2164 1236 2261 1291 Vi-

684 1347 804 1386 sum
833 1343 918 1385 est
939 1330 1101 1384 etiam
1130 1328 1426 1399 Tryphoni,
1459 1338 1519 1384 ut
1555 1329 1626 1383 ita
1659 1330 1992 1396 faceremus;
2028 1343 2260 1400 cumque

685 1426 826 1478 inter
867 1438 965 1478 nos
1007 1423 1396 1486 innuissemus,
1436 1422 1490 1476 in
1542 1422 1776 1476 medium
1825 1423 1963 1494 xysti
2016 1424 2256 1478 stadium

683 1517 952 1572 venimus.
984 1515 1099 1570 Duo
1127 1524 1308 1568 autem
1335 1526 1400 1568 ex
1430 1512 1553 1578 ejus
1595 1514 1887 1570 comitibus
1920 1529 2042 1568 cum
2083 1515 2258 1571 cavit-

683 1605 778 1659 lati
806 1614 1008 1669 essent,
1045 1603 1184 1661 etin
1227 1602 1462 1658 studium
1501 1613 1748 1659 nostrum
1768 1603 1955 1672 jocati,
1989 1604 2257 1660 discesse-

684 1707 827 1754 runt.
864 1698 962 1756 Ubi
1013 1699 1067 1754 in
1117 1699 1210 1754 illo
1252 1697 1371 1754 loco
1415 1699 1654 1764 fuimus,
1685 1699 1776 1754 ubi
1823 1700 2014 1756 sedilia
2047 1701 2256 1769 lapidea

680 1802 897 1848 suntex
938 1802 1172 1862 utraque
1221 1800 1410 1862 parte,
1441 1793 1602 1849 amici
1635 1791 1948 1862 Tryphonis
1981 1793 2034 1846 in
2082 1793 2253 1848 altera

2367 594 2702 666 ἀπέρχεσθαι
2727 613 2739 624 ·
2766 598 2794 648 ὁ
2815 596 2871 648 δέ
2909 613 3009 666 μου
3035 598 3128 650 τοῦ
3155 597 3370 668 ἱματίου
3393 597 3710 670 λαϐόμενος,
3734 604 3794 656 οὐ
3821 609 3951 676 πρὶν

2364 686 2586 739 ἀνύσειν
2624 686 2698 758 (6)
2739 686 2863 757 ἔφη.
2907 688 3037 758 πρὶν
3077 687 3106 740 δ
3148 688 3464 762 ὑπεσχόμην
3504 690 3808 748 ἐκτελέσαι.
3855 697 3948 768 Μὴ

2363 773 2475 840 οὖν,
2508 778 2665 847 ἔφην,
2703 777 3108 848 θορυϐείτωσαν
3135 778 3186 832 oi.
3212 778 3419 850 έταῖροί
3457 797 3570 844 σου,
3614 782 3750 852 μηδὲ
3783 783 3954 854 ἀσχη-

2367 872 2700 941 μονείτωσαν
2743 870 2936 934 οὕτως.
3000 870 3139 923 Ἀλλ’
3197 871 3245 924 εί
3295 872 3392 941 μὲν
3445 872 3758 942 βούλονται,
3809 876 3951 946 μετά

2363 963 2589 1034 ἡσυχίας
2616 962 3009 1033 ἀκροάσθωσαν
3030 979 3042 992 ”
3083 964 3134 1018 εί
3171 963 3231 1018 δέ
3255 965 3348 1017 καὶ
3382 965 3607 1034 ἀσχολία
3636 983 3722 1029 τις
3763 968 3951 1030 αὐτοῖς

2365 1057 2663 1127 ὑπέρτερος
2694 1056 2942 1126 ἐμποδών
2971 1058 3136 1122 ἐστιν,
3163 1058 3443 1112 ἀπίτωσαν
3463 1076 3475 1089 ·
3514 1061 3674 1130 ἡμεῖς
3705 1060 3786 1126 δὲ,
3814 1062 3953 1115 ὑπο-

2362 1151 2711 1220 χωρήσαντές
2741 1167 2828 1202 ποι
2857 1150 2951 1203 καὶ
2973 1151 3443 1220 ἀναπαυσάμενοι,
3481 1153 3831 1224 περαίνωμεν
3852 1156 3951 1208 τὸν

2362 1238 2535 1307 λόγον.
2565 1238 2748 1305 Ἔδοξε
2789 1239 2883 1292 καὶ
2906 1238 2985 1309 τῷ
3019 1239 3271 1313 Τρύφωνι
3307 1239 3481 1305 οὕτως
3683 1244 3945 1315 ποιῆσαν

2361 1332 2457 1385 καὶ
2481 1331 2564 1403 δὴ,
2593 1332 2968 1397 ἐκνεύσαντες,
2998 1334 3078 1396 εἰς
3099 1332 3160 1386 τὸ
3187 1333 3351 1404 μέσον
3380 1332 3471 1386 τοῦ
3503 1333 3694 1399 ξύστου
3728 1337 3948 1390 στάδιον

2360 1425 2570 1496 ᾔειμεν.
2605 1424 2723 1477 Τῶν
2764 1424 2820 1479 δὲ
2870 1426 2967 1479 σὺν
2993 1423 3143 1496 αὑτῷ
3174 1424 3268 1478 δύο
3305 1423 3689 1496 χλευάσαντες,
3721 1427 3817 1480 καὶ
3845 1427 3947 1498 τήν

2361 1515 2595 1588 σπουδὴν
2639 1515 2796 1588 ήμῶν
2833 1500 3263 1585 ἐπισχιίιψαντες,
3303 1517 3717 1591 ἀπηλλάγησαν.
3753 1520 3945 1591 Ἡμεζς

2358 1605 2434 1671 δὲ,
2464 1605 2539 1670 ὡς
2563 1607 2860 1679 ἐγενόμεθα
2885 1611 2944 1663 ἐν
2963 1607 3154 1680 ἐκείνῳ
3173 1607 3250 1680 τῷ
3281 1607 3432 1680 τόπῳ
3453 1609 3580 1664 Ma
3600 1610 3944 1684 ἑκατέρωθεν

2358 1697 2546 1750 λίθινοί
2578 1698 2682 1750 εισι
2711 1696 2896 1762 θῶκοι,
2927 1702 2986 1751 ἐν
3012 1697 3092 1770 τῷ
3125 1699 3295 1773 ἑτέρῳ
3321 1699 3676 1768 καθεσθέντες
3706 1703 3757 1755 οἱ
3800 1702 3942 1774 μετά

2358 1787 2450 1841 τοῦ
2496 1789 2810 1860 Τρύφωνος,
2841 1789 3168 1860 ἐμϐαλόντος
3214 1792 3357 1858 τινὸς
3389 1793 3569 1849 αὐτῶν
3605 1794 3766 1864 λόγον
3807 1796 3944 1868 περὶ

679 1885 949 1950 sedentes,
1005 1899 1128 1940 cum
1171 1900 1362 1940 eorum
1407 1884 1604 1952 aliquis
1655 1885 1722 1939 de
1776 1885 1917 1940 bello
1965 1885 2019 1940 in
2065 1885 2250 1943 Judtea

2353 1880 2444 1933 τοῦ
2494 1881 2636 1935 κατά
2671 1883 2772 1955 τὴν
2817 1883 3075 1939 Ἰουδαίαν
3121 1878 3413 1956 γενομένου
3456 1886 3726 1959 πολέμου,
3763 1867 3948 1942 διελά-

679 1989 833 2050 gesto
865 1977 1189 2034 mentionem
1225 1978 1525 2046 injecisset,
1562 1977 2040 2050 colloquebantur.

753 2073 840 2128 10.
892 2072 1003 2127 Hoc
1053 2070 1223 2126 solum
1275 2070 1486 2140 Trypho
1535 2071 1791 2134 vituperat
1838 2073 1890 2126 in
1938 2072 2257 2130 Christianis

676 2161 814 2228 quod
850 2159 1014 2229 legem
1063 2176 1168 2214 non
1210 2164 1501 2214 observent.
1534 2188 1603 2199 —
1643 2157 1936 2229 Postquam
1977 2162 2142 2218 ﬁnem
2179 2163 2258 2219 le-

676 2265 820 2316 cere,
860 2252 931 2304 ita
970 2252 1037 2305 ad
1062 2266 1156 2306 cos
1199 2265 1413 2305 rursum
1447 2249 1669 2320 incmpi.
1701 2249 1904 2304 Utrum
1936 2251 2083 2306 aliud
2117 2253 2258 2310 nihil.

676 2345 729 2399 in
754 2344 930 2408 nobis,
954 2344 1134 2410 amici,
1171 2341 1594 2414 reprehenditis,
1631 2342 1736 2405 nisi
1784 2343 1926 2413 quod
1957 2347 2252 2404 secundum

677 2438 848 2508 legem
903 2454 1007 2492 non
1059 2439 1331 2502 vivamus,
1384 2451 1582 2507 neque,
1641 2445 1701 2492 ut
1755 2437 1996 2507 majores
2053 2440 2251 2507 vestri,

673 2543 838 2584 carne
863 2529 1344 2592 circumcidamur.
1390 2544 1587 2599 neque,
1621 2538 1680 2585 ut
1708 2544 1825 2596 vos,
1866 2529 2092 2586 sabbata
2129 2545 2253 2586 ser-

673 2622 902 2679 vemus?
933 2622 1086 2694 ιιι
1119 2621 1198 2675 An
1233 2622 1344 2676 vita
1389 2621 1553 2676 etiam
1590 2631 1646 2675 et
1681 2637 1861 2678 mores
1893 2619 2063 2678 uestri
2094 2622 2252 2680 malis

688 2714 831 2782 apud
865 2729 963 2769 vos
988 2714 1298 2769 rumoribus
1337 2712 1604 2783 ﬂagrant?
1634 2712 1790 2779 Quod
1821 2724 2001 2769 autem
2029 2713 2152 2770 dico
2189 2714 2254 2769 ει.

685 2806 775 2860 lud
801 2816 884 2860 est
909 2825 922 2861 :
957 2817 1138 2859 utrum
1182 2806 1321 2861 hanc
1348 2807 1414 2860 de
1444 2805 1601 2861 nobis
1632 2807 1944 2876 opinionem
1984 2821 2081 2861 vos
2109 2821 2249 2877 quo-

683 2917 790 2969 que
816 2899 1124 2969 accepistis,
1158 2901 1410 2954 humanis
1438 2914 1534 2955 nos
1566 2899 1709 2954 vesci
1738 2900 2020 2963 carnibus,
2046 2909 2103 2955 et
2128 2911 2249 2968 post

670 2993 911 3061 epulum,
938 2994 1228 3048 exstinctis
1256 2993 1519 3056 lucernis,
1545 2992 1597 3045 in
1625 2990 1849 3067 ﬂagitiis
1875 2992 2128 3048 nefandis
2155 3008 2250 3050 vo-

670 3085 854 3153 lutari,
879 3100 947 3139 an
982 3084 1111 3138 illud
1135 3084 1310 3154 ipsum
1341 3084 1395 3137 in
1433 3085 1596 3140 nobis
1635 3085 1812 3140 solum
1853 3084 2253 3150 condemnatis,

669 3180 813 3248 quod
842 3179 1107 3247 ejusmodi
1153 3177 1528 3232 adhaereamus
1568 3177 1854 3242 doctrina,
1882 3191 1947 3232 ac
1985 3175 2154 3242 false,
2191 3183 2248 3230 ut
2273 3194 2315 3252 ρ

670 3273 826 3325 vobis
854 3270 1093 3334 videtur,
1132 3269 1377 3338 opinioni
1407 3268 1733 3324 credamus?

739 3362 871 3416 Illud
902 3371 1008 3429 est,
1026 3362 1171 3430 quod
1201 3361 1486 3424 miramur,
1515 3360 1690 3428 inquit
1714 3359 1970 3430 Trypho:
1996 3375 2119 3431 qua
2148 3377 2246 3416 au-

669 3466 776 3512 tem
819 3455 1072 3509 dictitant
1123 3454 1300 3522 multi,
1343 3454 1452 3508 ﬁde
1499 3454 1664 3525 digna
1720 3469 1828 3509 non
1871 3463 2034 3518 sunt;
2085 3452 2245 3525 longe

666 3549 809 3604 enim
847 3548 1144 3603 abhorrent
1173 3546 1243 3601 ab
1290 3547 1526 3601 humana
1567 3554 1792 3612 natura;
1838 3547 1934 3601 sed
1971 3555 2034 3602 et
2057 3556 2242 3601 vestra

668 3639 759 3694 illa
785 3641 838 3693 in
860 3655 944 3704 eo,
970 3640 1116 3708 quod
1142 3639 1376 3704 vocatis,
1404 3637 1702 3708 Evangelia
1737 3639 2112 3710 praceptaita
2146 3638 2246 3694 mi.-

674 3732 867 3786 rabilia
900 3739 956 3787 et
983 3746 1178 3801 magna
1207 3745 1328 3785 esse
1349 3731 1492 3796 scio,
1516 3741 1578 3784 ut
1613 3729 1854 3799 suspicio
1879 3729 1950 3784 sit
1972 3729 2242 3785 nemiuem

665 3841 730 3882 ea
776 3841 935 3893 posse
958 3839 1207 3890 servare;
1242 3824 1374 3878 mihi
1414 3824 1558 3879 enim
1587 3835 1732 3878 cura
1760 3821 1886 3890 fuit,
1925 3831 1984 3877 ut
2006 3837 2068 3878 ea
2100 3821 2244 3892 lege-

668 3932 806 3970 rein.
858 3917 913 3970 In
961 3931 1028 3972 eo
1081 3925 1258 3969 autem
1309 3915 1655 3986 potissimum
1703 3915 1973 3970 haeremus
2023 3912 2240 3976 incerti,

668 4011 813 4074 quod
858 4025 980 4063 cum
1016 4023 1115 4063 vos
1156 4009 1408 4078 pietatem
1444 4007 1625 4062 colere
1669 4007 1890 4068 dicatis.
1939 4015 1996 4061 et
2026 4005 2244 4064 ceteris

667 4112 930 4168 przestare
982 4100 1345 4165 arbitremini,
1395 4100 1545 4155 nulla
1596 4109 1775 4156 tamen
1826 4101 1881 4154 in
1940 4114 1998 4155 re
2049 4101 2119 4158 ab
2162 4099 2244 4156 eis

667 4194 980 4257 discedatis,
999 4207 1100 4247 nec
1129 4193 1296 4246 vitam
1314 4202 1552 4247 vestram
1585 4175 1890 4263 agentibus
1916 4193 2241 4263 segregetis,

659 4293 726 4338 "ut
755 4285 848 4354 qui
872 4299 969 4338 nec
994 4284 1158 4339 ferias
1189 4285 1439 4348 servetis,
1476 4298 1575 4339 nec
1608 4285 1862 4352 sabbata,
1885 4299 1981 4340 nec
2009 4286 2243 4343 circum-

668 4379 926 4433 cisioncm
962 4379 1242 4445 habeatis;
1269 4379 1462 4433 deinde
1479 4379 1646 4445 etiam
1673 4379 1839 4447 quod,
1866 4393 1991 4433 cum
2023 4393 2148 4449 spes
2186 4378 2239 4432 in

2359 1975 2497 2027 λουν.

2428 2063 2512 2121 10.
2554 2065 2639 2132 Ὠς
2673 2066 2730 2120 δὲ
2764 2065 3161 2134 ἀνεπαύσαντο,
3207 2067 3320 2138 ἐγὼ
3356 2067 3529 2136 οὕτως
3558 2071 3742 2137 αὐτοῖς
3775 2071 3941 2128 πάλιν

2355 2152 2637 2226 ἠρξάμην·
2667 2155 2760 2225 Μὴ
2793 2155 2920 2209 ἀλλο
2943 2155 2995 2208 τί
3019 2158 3166 2210 ἐστιν
3193 2158 3222 2211 δ
3249 2159 3628 2231 ἐπιμέμφεσθε
3657 2164 3824 2233 ἡμᾶς,
3853 2165 3941 2219 ἀν-

2354 2243 2477 2315 δρες
2507 2245 2670 2314 φίλοι,
2703 2247 2736 2316 ἢ
2772 2246 2950 2312 τοῦτο,
2995 2250 3078 2302 bri.
3102 2249 3163 2302 οὑ
3200 2250 3341 2304 κατά
3362 2251 3454 2305 τὸν
3491 2237 3653 2322 νόμον
3689 2253 3941 2324 βιοῦμεν,

2354 2336 2472 2390 οὐδὲ
2493 2337 2696 2407 ὁμοίως
2716 2340 2826 2403 τοῖς
2857 2339 3143 2410 προγόνοις
3173 2341 3329 2422 ὑμῶν
3369 2344 3808 2422 περιτεμνόμεθα
3835 2346 3944 2419 τὴν

2355 2427 2555 2499 σάρκα,
2591 2428 2712 2481 οὑδὲ
2741 2427 2816 2494 ὼς
2854 2429 3012 2502 ὑμεῖς
3054 2431 3488 2507 σαοσατιςομενς
3518 2421 3719 2499 Ἦκαι
3743 2437 3773 2489 ὀ
3818 2436 3941 2508 βίος

2355 2519 2511 2590 ἡμῶν
2541 2521 2636 2574 καὶ
2662 2521 2724 2574 τὺ
2753 2515 2884 2592 ἦθος
2923 2521 3272 2596 διαϐέϐληται
3303 2525 3434 2598 παρ’
3468 2527 3631 2597 ὑμῖν;
3675 2526 3848 2582 Τοῦτο
3890 2529 3944 2584 δ’

2353 2611 2502 2665 ἐστὶν
2523 2612 2551 2665 ὃ
2578 2614 2741 2682 λέγω,
2770 2614 2845 2688 μὴ
2869 2616 2962 2670 καὶ
2988 2617 3018 2670 ὑ
3027 2621 3146 2697 μεῖς
3171 2618 3573 2697 πεπιστεύκατε
3598 2621 3727 2694 περὶ
3755 2622 3940 2694 ήμῶν,

2351 2703 2433 2756 ὅτι
2466 2702 2530 2776 δὴ
2571 2703 2822 2776 ἐσθίομεν
2843 2695 3194 2778 ἀνθρώπους,
3235 2710 3332 2762 καὶ
3365 2695 3628 2782 μετάτὴν
3653 2703 3942 2784 εἰλαπίνην

2353 2786 2782 2858 ἀποσϐεννύντες
2813 2795 2940 2860 τοὺς
2969 2795 3216 2867 λύχνους,
3249 2797 3508 2870 ἀθέσμοις
3540 2787 3752 2870 μίξεσιν
3779 2803 3945 2870 ἐγκυ-

2351 2884 2606 2956 λιόμεθα;
2642 2887 2712 2939 Ἦ
2745 2887 2893 2955 αὑτὸ,
2909 2888 3068 2943 τοῦτο
3095 2889 3534 2960 καταγινώσκετε
3563 2890 3722 2964 ήμῶν
3750 2891 3943 2967 μόνον,

2350 2979 2432 3031 ὅτι
2461 2977 2720 3043 τοιούτοις
2750 2981 3093 3053 προσέχομεν
3132 2982 3331 3052 λόγοις,
3365 2983 3589 3038 καὶούκ
3612 2985 3828 3058 ἀληθεῖ,
3859 2986 3944 3054 ὡς

2347 3071 2549 3138 οίεσθε,
2583 3074 2909 3146 πιστεύομεν
2945 3074 3074 3147 δόξῃ
3097 3093 3113 3142 ;

2417 3342 2573 3397 Τοῦτ’
2599 3343 2745 3399 ἐστιν
2765 3345 2794 3399 δ
2817 3341 3189 3418 θαυμάζομεν,
3223 3347 3327 3422 ἔφη
3350 3349 3379 3402 ὁ
3414 3349 3678 3423 Τρύφων·
3710 3353 3841 3425 περὶ
3874 3352 3942 3409 δι

2345 3426 2433 3498 ὧν,
2462 3435 2512 3490 οἱ
2546 3435 2730 3490 πολλοὶ
2771 3437 3044 3507 λέγουσιν,
3088 3439 3150 3492 οὑ
3197 3439 3484 3496 πιστεῦσαι
3529 3433 3708 3510 ἀξιονο
3742 3426 3945 3517 πύρῤω

2345 3528 2454 3600 γὰρ
2493 3520 2778 3603 κεχώρηκε
2818 3531 2918 3601 τῆς
2953 3531 3310 3612 ⁴ἀνθρωπίνης
3361 3519 3603 3603 φύσεως.⁸
3655 3528 3843 3607 must
3875 3537 3941 3592 δὲ

2346 3621 2441 3674 καὶ
2488 3621 2557 3674 τὰ
2611 3624 2669 3675 ἐν
2698 3619 2777 3692 τῷ
2809 3619 3091 3694 λεγομένῳ
3136 3619 3457 3697 Εὑαγγελίῳ
3495 3625 3942 3702 παραγγέλματα

2346 3711 2635 3783 θαυμαστά
2678 3712 2852 3777 οὑτως
2887 3714 2996 3791 imi.
3044 3715 3262 3787 μεγάλα
3303 3717 3606 3789 ἐπίσταμαι
3653 3713 3816 3784 εἷναι,
3854 3718 3941 3783 ὥς

2347 3805 2748 3876 ὑπολαμϐάνειν
2782 3790 2983 3878 μηδένα
3013 3807 3271 3862 δύνασθαι
3318 3807 3759 3883 φυλάξαιάὑτά·
3795 3808 3940 3883 εμπ

2345 3896 2456 3968 γὰρ
2481 3896 2746 3968 ἐμέλησεν
2776 3899 3016 3975 ἐντυχεῖν
3055 3890 3259 3965 αὐτοῖς.
3301 3879 3510 3957 Ἐκεῖνο
3534 3901 3592 3954 δὲ
3617 3879 3940 3974 ἀποροῦμηού

2348 3991 2601 4064 μάλιστα,
2635 3993 2683 4044 εἰ
2719 3991 2896 4061 ὑμεῖς,
2931 3992 3172 4046 εὐσεϐεῖν
3201 3992 3470 4063 λέγοντες,
3503 3995 3598 4050 καὶ
3623 3994 3732 4048 τῶν
3752 3993 3938 4051 ἄλλων

2343 4085 2580 4156 οἰόμενοι
2624 4083 2930 4156 διαφέρειν,
2963 4084 3083 4139 κατ’
3127 4084 3280 4138 οὐδὲν
3318 4084 3498 4139 αὐτῶν
3541 4085 3933 4154 ἀπολείπεσθε,

2343 4175 2463 4231 οὑδέ
2486 4173 2830 4229 διαλλάσσετε
2870 4176 2978 4228 ἀπὸ
3004 4174 3111 4228 τῶν
3149 4174 3318 4229 ἐθνῶν
3351 4175 3443 4229 τὸν
3481 4169 3749 4248 ὑμέτερον
3790 4177 3933 4249 βίον,

2343 4269 2400 4322 ἐν
2429 4267 2506 4339 τῷ
2541 4271 2676 4347 μήτε
2697 4267 2794 4332 τὰς
2824 4266 3036 4340 ὲορτάς,
3060 4268 3196 4338 μήτε
3222 4267 3289 4321 τά
3315 4267 3560 4333 σάϐϐατα
3581 4273 3789 4342 τηρεῖν,
3827 4271 3936 4342 μήέ

2343 4379 2402 4416 τε
2434 4363 2532 4436 τήν
2555 4362 2857 4434 περιτομὴν
2885 4361 3056 4432 ἔχειν’
3091 4360 3187 4414 καὶ
3222 4360 3302 4414 έτι
3335 4362 3421 4415 ἐπ’
3449 4361 3735 4435 ἄνθρωπον
3767 4379 3934 4417 σταυ-

668 4471 888 4525 homine
920 4470 1186 4527 cruciﬁxo
1226 4473 1436 4541 positas
1487 4471 1758 4534 habeatis,
1793 4471 2027 4541 speretis
2060 4482 2238 4525 tamen

2350 4456 2589 4527 ρωθέντα
2621 4455 2717 4520 τάς
2748 4456 2971 4521 ἐλπίδας
2995 4455 3327 4528 ποιούμενοι,
3359 4457 3508 4527 ὅμως
3533 4455 3782 4521 ἐλπίζετε
3807 4458 3934 4511 τεύ-

670 4561 873 4630 aliquid
917 4562 1044 4618 boui
1087 4579 1117 4618 a
1164 4563 1736 4627 Deo-consecuturos,
1781 4579 1888 4618 non
1931 4563 2238 4619 observatis

2350 4549 2528 4618 Ξεσθαι
2566 4549 2768 4619 ἀγαθοῦ
2803 4567 2946 4615 τινος
2995 4549 3145 4621 παρά
3187 4548 3281 4602 τοῦ
3320 4547 3475 4610 Θεοῦ,
3524 4551 3600 4620 μή
3648 4549 3932 4617 ποιοῦντες

667 4652 784 4721 ejus
811 4654 1120 4711 mandatis.
1152 4655 1237 4710 An
1273 4664 1377 4711 non
1415 4654 1595 4726 legisti
1629 4655 1860 4711 deletum
1895 4658 1960 4711 iri
2000 4658 2238 4712 animam

668 4748 820 4804 illam
848 4761 915 4800 ex
947 4755 1153 4816 genere"
1180 4763 1301 4814 suo,
1340 4763 1460 4817 quae
1490 4764 1598 4804 non
1629 4749 2057 4805 circumcidetur
2087 4761 2241 4806 octa-

668 4855 736 4894 vo
759 4837 1061 4905 dieiQuod
1083 4840 1299 4910 quidem
1325 4840 1532 4910 pariter
1562 4850 1617 4895 et
1649 4841 1715 4894 de
1746 4841 2072 4912 alienigenis
2099 4845 2244 4900 etde

669 4932 846 5003 pretio
866 4932 1062 5001 emptis
1085 4933 1350 4988 sancitum
1367 4941 1471 5005 est.
1499 4931 1615 4988 Hoc
1649 4933 1816 5000 igitur
1852 4943 2240 4988 testamentum

669 5027 855 5081 statim
882 5035 1316 5092 contemnentes,
1343 5026 1506 5082 etiam
1530 5041 1652 5096 qua:
1665 5036 2073 5096 consequuntur
2106 5025 2240 5083 ﬂoc-

668 5114 925 5181 cilacitis,
951 5129 1015 5167 ac
1038 5114 1194 5168 nobis
1220 5116 1550 5186 persuadere
1577 5115 1852 5169 conanimi
1872 5115 2065 5177 Deum-
2086 5115 2242 5171 vobis

761 5289 817 5363 ϐ)
868 5292 1164 5349 Ἀνύσειν.
1200 5292 1513 5363 Legendum
1539 5307 1660 5350 esse
1691 5292 1911 5363 ἀνήσειν
1944 5290 2158 5363 Langus
2188 5299 2243 5344 et

670 5360 996 5441 Sylb'urgius
1019 5360 1545 5441 animdvérterunt,
1579 5364 1728 5441 quod
1769 5360 1982 5441 Quidem
2030 5360 2241 5441 (acilius

671 5433 841 5505 multo
875 5432 931 5489 et
953 5438 1154 5505 aptius,
1191 5449 1354 5502 quant
1385 5436 1428 5490 si
1453 5432 1817 5505 postévdcew
1838 5432 2238 5505 subaudiamus

661 5503 742 5576 vi,
771 5516 828 5560 ut
855 5503 1003 5559 idem
1031 5505 1353 5576 Sylbugius
1395 5503 1664 5576 proponit,
1705 5514 1798 5559 aut
1836 5503 2074 5572 legamus
2107 5503 2240 5554 ἀπο-

667 5574 868 5644 νύαειν.
906 5585 963 5628 ut
996 5573 1173 5644 pla—cet
1205 5573 1478 5638 Thirlbio.

741 5643 820 5718 (Ζ)
857 5644 977 5699 Τῶν
991 5641 1213 5702 ἔπειτα.
1257 5644 1618 5718 Nonaaternae
1647 5645 1781 5716 legis
1805 5641 2238 5718 observatiOnem

672 5713 725 5785 iu
756 5711 1091 5771 Christianis
1112 5717 1338 5785 requirit
1372 5715 1618 5779 Judzeus;
1656 5711 1778 5769 nam
1825 5728 1986 5782 supra
2021 5715 2237 5785 illorum

671 5784 725 5837 in
756 5786 860 5841 hoc
887 5801 1089 5858 genere
1121 5784 1426 5845 doctrinam
1472 5787 1849 5858 admirabilem
1879 5784 2238 5858 essegco'nl'es-

669 5868 767 5910 sus
795 5854 914 5925 est;
938 5860 1034 5915 sed
1059 5857 1322 5925 ejusmodi
1353 5867 1615 5928 praecepta
1637 5859 1704 5912 ab
1735 5857 1841 5913 illis
1875 5854 2074 5927 negligi
2107 5870 2232 5924 que-

2341 4644 2503 4700 αὑτοῦ
2532 4645 2631 4708 τὰς
2659 4642 2895 4707 ἐντολάς.
2931 4644 3002 4697 Ἦ
3033 4643 3133 4696 οὑκ
3165 4638 3405 4712 ἀνέγνως
3428 4642 3510 4696 δτι
3544 4641 3932 4714 ἐξολοθρευθή-

2344 4755 2492 4792 σεται
2527 4740 2560 4809 ή
2602 4736 2746 4809 ψυχὴ
2794 4738 2978 4808 ἐκείνη
3019 4737 3084 4791 ἐκ
3128 4724 3230 4790 τοῦί
3255 4736 3446 4804 γένους
3484 4735 3674 4806 αὑτῆς,
3719 4735 3842 4806 ἥτις
3863 4736 3928 4789 οὑ

2341 4831 2814 4904 περιτμηθήσεται
2858 4833 2924 4901 τῇ
2976 4830 3140 4902 ὀγδόῃ
3195 4827 3412 4902 ήμέρᾳ;
3459 4827 3690 4899 Ὁμοίως
3729 4827 3789 4881 δὲ
3831 4827 3930 4881 καὶ

2343 4923 2469 4994 περ)⁸
2519 4920 2624 4975 τῶν
2672 4921 2996 4989 ἀλλογενῶν,
3040 4921 3136 4976 καὶ
3185 4920 3313 4992 περὶ
3367 4919 3474 4973 τῶν
3514 4916 3929 4991 ἀργυρωνήτων

2339 5014 2663 5068 διέσταλται.
2695 5014 2911 5086 Ταύτης
2954 5010 3047 5068 οὖν
3073 5012 3174 5084 τῆς
3215 5013 3478 5086 διαθήκης
3509 5009 3712 5072 εὐθέως
3750 5025 3926 5063 κατα-

2342 5109 2707 5181 φρονήσαντες
2735 5107 2913 5177 ὑμεῖς,
2942 5105 3190 5177 ἀμελεῖτε
3216 5102 3440 5160 καὶτῶν
3475 5102 3667 5157 ἔπειτα
3697 5100 3796 5172 (7),
3827 5099 3928 5157 καὶ

2342 5287 2506 5344 ritur.
2530 5299 2650 5354 qua!
2686 5298 2750 5338 ex
2785 5282 3208 5338 circumcisione
3238 5280 3742 5354 consequebantur.
3768 5275 3923 5354 illud

2343 5350 2708 5418 sofiémq'idem
2744 5355 2960 5409 videtur
2985 5367 3185 5408 sonare
3212 5353 3469 5407 hoeloco
3508 5368 3574 5404 ac
3599 5369 3619 5403 ε
3654 5350 3866 5416 statim,
3899 5369 3919 5402 ι

2343 5436 2400 5479 ut
2431 5425 2717 5479 Perionius
2760 5435 2829 5478 et-
2859 5426 3076 5495 Langus
3126 5424 3500 5488 reddiderunt,
3547 5421 3632 5495 vel
3666 5419 3812 5495 idem
3860 5437 3924 5495 ac

2349 5516 2365 5547 ι
2405 5497 2676 5564 protinus.
2745 5515 2764 5549 ι
2825 5489 3071 5550 Habebat
3117 5491 3663 5554 enim-,eircmucisio
3699 5489 3921 5564 aliquid

2344 5560 2580 5629 molesti,
2611 5567 2755 5635 quod
2783 5568 2970 5624 statim
2990 5567 3206 5618 animos
3231 5564 3523 5618 alienabat.
3543 5560 3924 5635 _Doclissi3nus

2343 5626 2710 5708 Luttdinettsis
2735 5638 2911 5708 editor
2937 5635 3415 5708 legendumprimo
3435 5633 3657 5708 coniicit
3682 5626 3920 5708 εὐήθως,

2343 5709 2426 5761 vel
2459 5705 2661 5778 εὐθέως
2687 5707 2972 5778 ἀμελεῖτε;
2993 5700 3192 5760 deinde
3217 5706 3319 5778 has
3340 5700 3688 5778 conjecturas
3715 5700 3922 5769 rejicit.

2341 5788 2398 5832 et
2436 5777 2601 5832 aliam
2653 5771 3179 5850 proponit,7nempe
3234 5771 3457 5839 εὐθέως
3492 5775 3635 5830 idem
3681 5782 3802 5826 esse
3855 5785 3920 5824 ac

2348 5869 2367 5902 ε
2395 5859 2617 5905 temere.
2652 5867 2674 5903 ι
