4132 6420
189 377 297 434 407

1194 378 1541 436 DIALOGUS
1576 376 1719 434 CUM
1756 374 2131 431 TRYPHONE
2169 373 2430 430 ιυυΑῐο.

3358 366 3461 418 MPB

192 493 412 549 πείθειν
469 495 615 566 mea;
655 494 980 566 ἐπιχειρεῖτε
1020 496 1094 559 ὡς
1123 494 1325 567 ειδότες
1353 495 1444 548 τὸν
1485 494 1639 556 Θεὸν,
1672 509 1771 564 μη-

1888 503 2078 547 notum
2127 504 2268 554 esse,
2305 504 2430 544 cum
2461 486 2596 542 niltil
2634 500 2821 542 eorum
2865 485 3104 551 faciatis,
3142 501 3260 554 quis
3287 484 3462 539 solent

189 587 287 640 δέν
312 588 649 658 πράσσοντες
687 579 764 640 ὧν
806 587 856 640 οί
906 587 1228 657 φοϐούμενοι
1271 585 1363 639 τὸν
1397 585 1552 640 Θεόν.
1603 585 1666 638 El
1689 580 1771 639 οὗι

1885 581 1921 636 ii
1958 580 2050 650 qui
2099 579 2266 635 Deum
2311 579 2525 634 timent.
2574 577 2633 634 Si
2679 587 2834 648 potes
2875 579 3045 648 igitur
3082 578 3166 633 his
3205 579 3272 634 de
3299 581 3461 635 rebus

191 676 346 748 ἔχεις
378 677 514 748 πρὸς
545 676 715 730 ταῦτα
739 677 1203 748 ἀπολογήσασθαι,
1223 678 1318 733 καὶ
1344 677 1607 744 ἐπιδεῖξαι
1628 671 1780 746 ᾧτινι

1883 673 2204 730 satisfacere
2230 688 2294 729 ac
2325 672 2704 727 demonstrem
2724 686 2830 739 quo
2854 671 3070 727 tandem
3108 685 3268 740 pacto
3298 674 3458 744 quid-

192 770 386 842 τρόπῳ
419 768 666 834 ἐλπίζετε
700 771 897 836 ὁτιοῦν,
938 772 1042 826 κᾶν
1087 773 1160 844 μὴ
1193 772 1553 842 φυλάσσοντες
1585 771 1676 825 τὸν
1704 772 1771 826 νό-

1882 779 2045 834 quam
2077 765 2332 834 speretis,
2365 764 2616 833 quamvis
2659 764 2835 832 legem
2869 778 2974 818 non
3009 767 3370 832 custodiatis,
3406 767 3460 822 id

198 879 322 933 μον,
365 863 520 917 τοῦτό
563 882 654 918 σου
686 865 857 937 ήδέως
907 865 1244 936 ἀκούσαιμεν
1277 864 1534 936 μάλιστα,
1573 863 1670 918 καὶ
1711 863 1781 917 τὰ

195 952 336 1007 ἀλλα
354 953 412 1006 δὲ
431 955 630 1025 ὁμοίως
656 954 1094 1028 συνεξετάσωμεν
1117 954 1213 1027 (8.).

275 1046 364 1099 Η.
387 1045 526 1101 Ούτε
553 1047 704 1102 ἔσται
737 1049 866 1102 ποτὲ
896 1047 1055 1112 ἀλλος
1079 1048 1211 1113 Θεὸς
1230 1089 1245 1114 ,
1277 1042 1322 1104 ὦ
1369 1047 1622 1121 Τρύφων,
1656 1047 1779 1102 οὕτε

195 1133 266 1208 ἦν
310 1137 406 1192 ἀπ’
442 1139 637 1204 αίῶνος
681 1126 813 1211 (ἐγὼ
857 1141 1029 1206 οὕτως
1073 1143 1210 1212 πρὸς
1256 1141 1462 1213 αὐτόν),
1500 1140 1637 1212 πλὴν
1687 1139 1778 1194 τοῦ

198 1230 526 1301 ποιήσαντος
553 1232 646 1284 καὶ
663 1232 1013 1298 διατάξαντος
1045 1234 1166 1287 τόδε
1205 1234 1266 1287 τὸ
1296 1235 1423 1289 πᾶν.
1461 1234 1595 1287 Οὐδὲ
1622 1233 1779 1287 ἄλλον

203 1323 300 1392 μὲν
328 1322 505 1394 ήμῶν,
538 1323 694 1379 ἄλλον
721 1323 778 1376 δὲ
804 1325 958 1396 ὑμῶν
986 1326 1268 1397 ήγούμεθα
1291 1326 1444 1391 Θεὸν,
1469 1327 1584 1382 ἀλλ’
1619 1326 1780 1381 αὑτὸν

197 1414 402 1466 ἐκεῖνον
442 1412 535 1466 τὸν
560 1412 899 1483 ἐξαγαγόντα
926 1417 1051 1479 τοὺς
1092 1418 1334 1490 πατέρας
1375 1418 1528 1489 ὑμῶν
1563 1421 1628 1473 ἐκ
1676 1420 1778 1490 γῆς

197 1505 474 1572 Αἰγύπτου
513 1507 570 1558 ἐν
591 1506 738 1577 χειρὶ
766 1508 1005 1580 κραταιᾷ
1026 1507 1120 1562 καὶ
1145 1507 1388 1580 βραχίονι
1416 1509 1624 1580 ὑψηλῷ.
1653 1511 1777 1564 Οὐδ’

197 1600 278 1662 είς
309 1598 467 1653 ἀλλον
498 1599 618 1653 τινὰ
663 1599 976 1672 ήλπίκαμεν
1020 1600 1100 1673 (ού
1144 1603 1252 1676 γάρ
1292 1603 1484 1672 ἐστιν),
1540 1603 1655 1658 ἀλλ’
1699 1604 1776 1667 είς

197 1689 380 1747 τοῦτον
412 1693 492 1755 είς
530 1690 590 1744 δν
621 1693 714 1745 καὶ
755 1693 934 1764 ὑμεῖς,
975 1693 1066 1748 τὸν
1096 1693 1226 1748 Θεὸν
1264 1695 1354 1749 τοῦ
1401 1694 1653 1768 Ἀϐραὰμ
1683 1697 1776 1750 καὶ

211 1781 394 1836 Ἰσαὰκ
421 1785 520 1837 καὶ
566 1783 776 1839 Ἰακώϐ.
824 1785 1162 1858 Ἠλπίσαμεν
1207 1787 1285 1859 (9)
1317 1788 1379 1842 δὲ
1399 1789 1469 1844 σὺ
1492 1789 1586 1843 διὰ
1608 1790 1777 1843 Mmo-

201 1873 358 1939 σέως,
392 1876 513 1930 οὐδὲ
551 1876 640 1931 διὰ
672 1876 762 1930 τού
802 1877 998 1950 νόμου·
1050 1873 1087 1947 ἦ
1116 1879 1225 1952 γὰρ
1266 1880 1334 1935 ἂν
1378 1881 1438 1938 τὸ
1469 1882 1600 1940 αὐτὸ
1644 1881 1774 1951 ὑμῖν

196 1963 503 2036 ἐποιοῦμεν.
538 1966 679 2020 Νυνὶ
703 1968 781 2036 δὲ,
826 1967 1086 2040 (ἀνέγνων
1122 1969 1232 2042 γὰρ
1273 1969 1408 2041 (10),
1436 1965 1481 2024 ὧ
1517 1971 1774 2042 Τρύφων,

193 2053 277 2107 ὅτι
303 2054 478 2110 ἔσοιτο
508 2057 604 2112 καὶ
628 2058 934 2124 τελευταῖος
962 2061 1147 2132 νόμος,
1179 2061 1275 2116 καὶ
1300 2061 1531 2134 διαθήκη
1572 2080 1777 2134 κυριω-

195 2147 328 2219 τάτη
349 2149 556 2216 πασῶν,
579 2153 645 2223 ἣν
659 2152 752 2206 νῦν
768 2153 886 2208 δέον
900 2151 1192 2224 φυλάσσειν
1213 2154 1420 2220 πάντας
1433 2156 1773 2228 ἀνθρώπους,

193 2241 307 2294 ὅσοι
336 2241 437 2313 τῆς
457 2243 548 2297 τοῦ
578 2243 714 2299 Θεοῦ
738 2246 1100 2319 κληρονομίας
1124 2247 1542 2302 ἀντιποιοῦνται.
1585 2250 1644 2303 '0
1668 2251 1776 2323 γάρ

195 2331 255 2384 ἐν
285 2332 488 2404 Χωρὴδ
531 2335 759 2399 παλαιὸς
786 2336 887 2407 ήδη
919 2338 1082 2407 νόμος
1113 2337 1209 2391 καὶ
1239 2337 1391 2408 ὑμῶν
1427 2339 1603 2408 μόνων
1627 2354 1644 2373 ·
1665 2341 1695 2394 ό
1719 2340 1777 2394 δὲ

196 2421 416 2475 πάντων
443 2423 650 2488 ἁπλῶς.
675 2425 860 2496 Νόμος
885 2427 943 2480 δὲ
971 2427 1111 2481 κατά
1150 2427 1316 2500 νόμου
1344 2429 1455 2499 (ll)
1479 2429 1658 2494 τεθεὶς
1685 2431 1777 2485 τὸν

195 2513 300 2584 πρὸ
331 2513 494 2568 αὐτοῦ
521 2514 756 2570 ἐπαυσεο
791 2515 885 2569 καὶ
905 2515 1136 2590 διαθήκη
1177 2519 1472 2589 μετέπειτα
1505 2520 1774 2593 γενομένη

193 2601 290 2673 τήν
320 2603 593 2676 προτέραν
622 2604 823 2677 ὁμοίως
857 2606 1082 2680 ἔστησεν
1111 2609 1223 2678 (12)
1248 2626 1262 2639 ο
1295 2609 1513 2674 αίώνιός
1553 2627 1612 2664 τε
1644 2613 1776 2682 ἡμῖν

195 2695 357 2767 νόμος
388 2697 502 2768 (12))
531 2699 627 2752 καὶ
651 2699 993 2766 τελευταῖος,
1035 2703 1067 2755 ό
1112 2702 1349 2773 Χριστὸς
1400 2701 1580 2774 ἐδόθη,
1622 2702 1774 2776 καὶὴ

190 2786 421 2861 διαθήκη
473 2791 662 2863 πιστή,
699 2791 819 2864 μεθ’
864 2793 934 2864 ήν
983 2794 1042 2846 οὐ
1072 2794 1256 2865 νόμος,
1308 2795 1368 2848 οὐ
1418 2795 1772 2866 πρόσταγμα,

191 2881 293 2933 οὐκ
348 2882 556 2954 ἐντολή.
609 2885 681 2937 Ἦ
738 2884 804 2937 σὺ
855 2885 1026 2941 ταῦτα
1074 2887 1175 2941 οὐκ
1226 2887 1472 2956 ἀνέγνως
1526 2889 1562 2941 ἆ
1608 2904 1776 2959 φησιν

205 2966 459 3032 Ἠσαταςο
485 2987 505 3022 c
554 2971 847 3028 Ἀκούσατέ
883 2991 1005 3045 μου,
1037 2976 1304 3031 ἀκούσατέ
1336 2995 1457 3048 μου,
1482 2977 1609 3041 λαός
1639 2995 1769 3050 μου-

192 3062 286 3114 καὶ
315 3063 364 3114 οἱ
401 3062 638 3133 βασιλεῖς
661 3066 796 3138 πρός
833 3085 900 3139 με
933 3068 1285 3133 ἐνωτίζεσθε·
1328 3072 1409 3125 ὅτι
1438 3072 1603 3142 νόμίνς
1642 3073 1772 3143 παρ’

1881 865 1946 905 ex
1981 859 2031 906 te
2054 850 2414 907 libentissime
2441 852 2728 906 audiemus
2749 866 2812 906 ac
2842 862 3038 909 cetera
3067 855 3322 911 similiter
3352 873 3458 911 una

1880 945 2246 1000 excutiemus.

1953 1036 2042 1090 11.
2090 1035 2200 1090 Lex
2241 1038 2519 1109 abrogata.
2573 1035 2784 1092 Novum
2831 1037 3220 1095 Testamentum
3264 1058 3296 1094 a
3344 1039 3459 1095 Deo

1879 1129 2196 1195 promissum
2215 1141 2262 1184 et
2281 1131 2489 1186 datum.
2511 1162 2584 1173 —
2600 1131 2712 1188 Nec
2741 1133 2878 1188 alius
2894 1148 3128 1202 unquam
3163 1133 3269 1188 erit
3294 1132 3458 1196 Dens,

1880 1237 1914 1277 ο
1953 1221 2193 1293 Trypho,
2249 1238 2348 1278 nec
2395 1223 2534 1280 alius
2575 1240 2604 1278 a
2639 1225 2839 1281 smculo
2870 1225 3081 1280 exstitit
3111 1226 3210 1296 (ita
3260 1241 3360 1297 ego
3391 1227 3458 1281 ad

1880 1313 2055 1381 illum)
2090 1320 2286 1381 praeter
2312 1327 2437 1368 eum
2471 1316 2561 1383 qui
2598 1315 2738 1369 banc
2785 1316 3194 1370 universitatem
3236 1315 3367 1370 fecit
3395 1331 3460 1372 ac

1880 1404 2165 1473 disposuit.
2211 1404 2397 1474 Neque
2440 1405 2606 1460 alium
2650 1407 2828 1471 nobis,
2877 1406 3044 1460 alium
3089 1408 3244 1462 vobis
3287 1407 3458 1462 Deum

1879 1507 2004 1548 esse
2035 1494 2306 1559 ducimus,
2340 1495 2437 1550 sed
2481 1495 2657 1564 ipsum
2689 1495 2863 1560 illum,
2901 1498 2992 1566 qui
3027 1506 3212 1566 patres
3249 1507 3462 1552 vestros

1879 1583 2072 1639 eduxit
2099 1600 2131 1639 e
2165 1594 2312 1640 terra
2344 1585 2566 1657 Egypti
2610 1587 2665 1642 in
2712 1604 2874 1642 manu
2910 1588 3114 1658 potenti
3151 1599 3206 1644 et
3233 1588 3459 1642 brachio

1878 1675 2120 1733 excelso.
2163 1676 2352 1748 Neque
2380 1681 2434 1732 in
2461 1680 2626 1732 alium
2652 1694 2983 1750 quemquam
3010 1695 3297 1749 speramus
3322 1681 3453 1749 (non

1876 1770 2025 1831 enim
2053 1771 2195 1834 alius
2223 1770 2353 1844 est),
2386 1774 2485 1833 sed
2516 1773 2570 1827 in
2615 1788 2737 1828 eum
2771 1774 2825 1828 in
2863 1787 3023 1843 quem
3055 1782 3110 1828 et
3133 1788 3252 1837 vos,
3287 1773 3457 1827 Deum

1877 1861 2129 1927 Abrahar,
2175 1871 2229 1916 et
2278 1861 2425 1918 Isaae
2465 1871 2518 1918 et
2551 1859 2741 1918 Jacoh.
2787 1857 3084 1932 Speramus
3131 1857 3455 1918 autemnon

1877 1969 1978 2024 per
2007 1955 2252 2026 Moysen,
2303 1969 2479 2026 neque
2525 1971 2624 2026 per
2672 1957 2880 2028 legem;
2938 1959 3017 2014 sic
3051 1959 3194 2013 enim
3226 1959 3367 2013 idem
3397 1973 3459 2011 ac

1878 2065 1976 2105 vos
2003 2048 2334 2106 faceremus.
2375 2049 2530 2105 Nunc
2560 2065 2692 2107 vero
2725 2053 2853 2124 (legi
2885 2054 3053 2119 enim,
3086 2051 3328 2123 Trypho,
3363 2067 3460 2106 no-

1879 2143 2156 2198 vissimam
2210 2143 2384 2213 legem
2423 2142 2665 2199 futuram
2697 2154 2751 2199 et
2784 2154 3173 2200 testamentum
3211 2145 3458 2200 omnium

1878 2233 2270 2298 ﬁrmissimum,
2308 2236 2451 2304 quod
2477 2251 2619 2291 nunc
2649 2236 2913 2292 custodiri
2961 2236 3032 2291 ab
3064 2237 3325 2292 omnibus
3359 2235 3456 2290 de-

1878 2338 1986 2394 cet,
2026 2328 2340 2398 quicunque
2380 2328 2764 2384 hrereditatem
2811 2329 2908 2384 Dei
2952 2329 3211 2398 consequi
3244 2327 3456 2384 volunt.

1878 2417 2015 2472 Nam
2037 2433 2158 2488 qua:
2182 2420 2236 2473 iu
2269 2420 2412 2476 Ureb
2447 2421 2788 2490 promulgata
2828 2420 2916 2475 lex
2950 2431 3056 2486 est,
3082 2423 3374 2492 vetusjam
3403 2432 3457 2475 et

1878 2522 2058 2568 vestra
2091 2515 2266 2570 solum
2295 2523 2412 2583 est;
2447 2517 2564 2571 haec
2593 2527 2775 2570 autem
2806 2519 3050 2572 onmium
3082 2534 3308 2587 prorsus
3337 2530 3453 2582 est;

1877 2606 1964 2661 lex
2005 2616 2184 2662 autem
2215 2610 2474 2664 adversus
2503 2609 2676 2680 legem
2713 2611 2885 2679 posita
2912 2613 3149 2681 priorem
3189 2613 3451 2684 abrogat;

1877 2701 2127 2758 similiter
2157 2711 2543 2758 testamentum
2577 2705 2849 2774 posterius
2884 2706 3044 2776 112
3086 2709 3353 2776 superiori
3390 2709 3455 2762 tio

1878 2809 2000 2848 nem
2049 2794 2299 2865 imponit,
2352 2811 2416 2850 ac
2448 2806 2650 2851 aeterna
2704 2798 2866 2852 nobis
2916 2810 2971 2852 et
3025 2801 3320 2854 novissima
3366 2803 3456 2856 lex

1876 2887 2127 2944 Christus
2155 2890 2314 2945 datus
2338 2900 2445 2955 est,
2472 2899 2527 2943 et
2552 2898 2936 2944 testamentum
2964 2892 3138 2955 ﬁdele,
3172 2902 3292 2962 post
3313 2893 3456 2961 quod

1876 2995 1985 3035 non
2021 2981 2130 3047 lex,
2159 2998 2267 3037 non
2297 2965 2656 3052 praeceptuin,
2684 2998 2792 3036 non
2821 2984 3157 3039 mandatum.
3191 2987 3272 3038 An
3313 2995 3368 3040 tu
3390 3002 3455 3039 ea

1879 3090 1983 3129 non
2018 3074 2220 3145 legiSti,
2266 3090 2386 3144 qua:
2420 3076 2552 3129 dicit
2581 3075 2752 3130 Isaias
2785 3091 2800 3129 :
2842 3094 2860 3127 ι
2892 3076 3092 3131 Audite
3122 3092 3227 3140 me,
3269 3079 3455 3134 audite

190 3147 322 3258 ἐμοῦ
365 3150 728 3220 ἐξελεύσεται,
763 3157 856 3211 καὶ
902 3160 936 3229 ή
969 3159 1151 3232 κρίσις
1180 3179 1281 3232 μου
1313 3163 1395 3226 είς
1427 3162 1542 3232 φῶς
1581 3162 1771 3217 ἐθνῶν.

1879 3180 1984 3229 me,
2015 3165 2244 3236 populus
2275 3181 2449 3234 meus,
2492 3176 2723 3238 etreges
2754 3169 3060 3222 auscultate
3105 3169 3268 3234 mihi;
3315 3185 3457 3239 quo-

206 3238 445 3314 Ἔγγίζει
493 3248 629 3318 ταχὺ
674 3249 707 3320 ή
755 3250 1069 3324 δικαιοσύνη
1116 3271 1240 3325 μου,
1287 3255 1382 3309 καὶ
1433 3257 1774 3324 ἐξελεύσεται

189 3336 248 3389 τὸ
279 3338 544 3411 σιιιτήριόν
579 3358 703 3410 μου,
735 3341 831 3396 κα).
866 3347 945 3408 είς
984 3345 1073 3399 τὸν
1114 3346 1374 3419 βραχίονα
1407 3365 1510 3420 μου
1543 3350 1669 3422 ἔθνη
1698 3350 1778 3404 ἐλ-

163 3428 392 3484 αττοῦσι.
432 3449 452 3482 ›
489 3431 600 3485 Καὶ
619 3431 709 3488 διὰ
741 3431 1010 3506 Ἱερεμίου
1059 3437 1189 3509 περὶ
1226 3437 1431 3510 ταύτης
1471 3439 1644 3510 αὐτῆς
1674 3440 1775 3512 τῆς

185 3523 398 3594 Καινῆς
423 3523 704 3597 Διαθήκης
753 3525 897 3582 οὓτω
942 3529 1139 3600 φησιν’
1180 3548 1200 3581 ι
1252 3531 1384 3584 Ἰδοὺ
1433 3532 1635 3604 ἡμέραι
1683 3533 1775 3604 ερ-

184 3625 393 3692 χονται,
439 3615 586 3684 λέγει
635 3617 869 3689 Κύριος·
902 3621 998 3674 καὶ
1024 3620 1352 3693 διαθήσομαι
1391 3623 1468 3693 τῷ
1505 3623 1640 3696 οἴκῳ
1673 3621 1775 3682 Ἰσ-

185 3705 324 3778 ραὴλ
372 3708 466 3761 καὶ
519 3709 597 3780 τῷ
636 3710 770 3781 οῐκῳ
809 3711 980 3766 Ἰούδα
1026 3713 1292 3786 διαθήκην
1337 3716 1549 3789 καινὴν,
1588 3717 1686 3788 οὐχ
1707 3717 1774 3790 ήν

178 3796 442 3869 διεθέμην
462 3803 572 3863 τοῖς
600 3803 870 3873 πατράσιν
908 3804 1087 3859 αὐτῶν
1130 3808 1188 3860 ἐν
1219 3808 1403 3880 ἡμέρᾳ
1512 3809 1775 3867 ἐπελαϐό-

183 3901 298 3956 μην
325 3886 424 3956 τῆς
459 3889 641 3960 χειρὸς
685 3891 864 3945 αὐτῶν
889 3892 1180 3963 ἐξαγαγεῖν
1224 3897 1423 3961 αὐτοὺς
1451 3900 1515 3950 ἐκ
1544 3899 1648 3969 γῆς
1678 3901 1774 3951 Ala

183 3977 413 4044 τύπτου.
429 3986 474 4053 ι)
490 3982 552 4034 El.
576 3978 712 4040 οὗνὸ
736 3984 868 4049 Θεὸς
890 3986 1152 4060 διαθήκην
1175 3990 1368 4060 καινὴν
1391 3991 1622 4063 ἐκήρυξε
1646 3992 1774 4063 μέλ-

181 4070 384 4126 λουσαν
412 4071 903 4148 διαταχθήσεσθαι,
940 4080 1035 4133 καὶ
1064 4083 1269 4156 ταύτην
1308 4086 1388 4148 εἰς
1428 4085 1542 4154 φῶς
1578 4085 1769 4152 ἐθνῶν,

261 4256 318 4294 ⁵⁸
343 4254 448 4314 lsa.
484 4274 559 4326 LI,
595 4259 649 4324 ι,
681 4261 734 4315 5.
810 4262 856 4294 ³⁸
894 4261 1008 4319 Jer.
1042 4279 1197 4332 xxxi,
1233 4266 1322 4331 3l,
1359 4267 1451 4323 3‘2.

255 4434 334 4500 (8)
368 4437 891 4516 Σιννεξετάσωμεν.
924 4441 1049 4514 Legi
1082 4446 1244 4498 etiam
1274 4457 1455 4516 posset
1479 4449 1769 4516 συνεξετά-

183 4523 372 4576 σομεν.
412 4508 679 4564 ὃῑιειικῦ.

253 4576 333 4658 (Θ)
365 4578 758 4658 ἰζλπζσαέιιεκ
791 4581 949 4658 [.t-git
990 4583 1311 4658 Sylburgius
1339 4588 1669 4658 ἠλπίκαμεν,
1704 4602 1763 4644 ut

181 4646 345 4718 paulo
375 4646 501 4718 urite
537 4650 752 4705 legitur.
792 4646 896 4706 Sed
937 4646 1051 4708 lizee
1085 4646 1373 4713 levissima.
1399 4670 1544 4716 sunt.

254 4724 269 4796 ς
281 4715 370 4796 10)
397 4715 547 4796 Νυνὶ
567 4719 636 4796 δὲ
660 4721 925 4796 (ἀνέγνων
950 4725 1099 4796 γάρ).
1134 4725 1252 4780 Toti
1284 4730 1406 4782 huic
1435 4715 1549 4784 loco
1587 4733 1760 4784 lucem

180 4785 735 4867 :tﬂ'ert'pareutltesis,
770 4785 926 4867 longa
961 4785 1310 4867 illaquidem,
1337 4801 1428 4852 sed
1463 4811 1643 4853 tamen
1667 4817 1761 4853 tte-

179 4862 425 4938 ct-ssaria
455 4862 1286 4938 ad‘\p_erspiciendnmiorationis
1321 4871 1544 4936 seriem,
1584 4886 1762 4938 neque

180 4928 358 4980 aliena
398 4941 430 4979 ι
461 4926 659 4983 Justini
687 4926 1105 4989 consuetudine.
1150 4937 1371 4993 Similes
1413 4926 1556 4995 enim
1594 4926 1762 4994 inter-

182 5002 312 5049 tlum
345 5013 642 5066 occurrunt
673 5001 725 5053 in
762 5004 862 5056 lioc
899 5007 1138 5066 Dialogo.
1181 5009 1298 5062 Vid.
1336 5026 1485 5065 num.
1522 5010 1612 5064 78.
1670 5005 1762 5064 Vi-

180 5069 342 5148 detur
363 5065 611 5148 {ustinus
636 5065 1096 5148 dicct'ec’zyéyvmv
1118 5078 1245 5148 γάρ,
1276 5082 1403 5148 quia
1430 5092 1590 5135 antea
1614 5082 1763 5135 dixe-

179 5148 267 5189 rat
287 5138 336 5190 ei
374 5137 612 5226 Trypho,
641 5141 795 5262 Ἆοὺκ
817 5137 1084 5214 ἀνέγνως

249 5208 368 5262 (“i
399 5211 592 5262 Λοιιοο
615 5211 652 5262 ὃ
693 5215 851 5262 κατὰ
878 5218 1083 5262 νόμον-

249 5208 368 5290 (ll)
399 5210 595 5288 Νόμος
615 5208 851 5268 (δὲ-κατὰ
878 5208 1083 5290 νόμοιρ
1118 5216 1234 5271 Non
1265 5220 1419 5275 video
1443 5237 1541 5274 cur
1577 5222 1764 5290 displi-

179 5289 308 5360 ceat
492 5282 758 5360 scriptura
803 5279 1019 5360 erudito
1053 5286 1379 5360 Londiniensi
1410 5292 1629 5356 editori,
1665 5279 1759 5360 qui

181 5348 817 5432 legendum-arbitratur
849 5357 1011 5426 νόμος
1052 5358 1110 5410 δὲ
1161 5361 1299 5430 μετὰ
1339 5362 1525 5432 νόμον.
1564 5348 1760 5432 Legem

185 5421 449 5472 adversus
478 5419 656 5493 legem
691 5419 926 5493 positam
948 5419 1068 5482 esse
1108 5419 1173 5484 eo
1208 5446 1367 5484 sensu
1398 5419 1556 5485 docet
1592 5419 1762 5484 Jtisti-

183 5505 308 5549 nus,
343 5492 488 5557 quod
524 5494 724 5564 veritas
755 5498 1014 5551 adversus
1055 5504 1327 5564 umbram,
1373 5512 1760 5555 testamentum

181 5571 449 5635 a~teruutn
483 5563 749 5618 adversus
788 5571 1175 5635 temporarium
1225 5563 1486 5626 constitui
1532 5573 1759 5625 dicitur.

182 5633 253 5710 fit.
282 5645 392 5682 nou
417 5635 720 5710 verendum
762 5652 826 5689 tte
855 5633 1102 5694 Justinus
1150 5641 1330 5695 faveat
1377 5645 1760 5696 haereticorum

185 5701 328 5779 illius
359 5701 858 5783 tetatisintpietati,
892 5710 984 5776 qui
1013 5710 1384 5783 Evangeliqu
1411 5715 1762 5780 Opponebant

185 5787 330 5854 tn'gt.
364 5781 421 5822 ut
456 5781 1063 5854 renitatemntncndacio
1095 5792 1148 5837 ct
1180 5781 1374 5848 et‘rori,
1401 5798 1452 5840 et
1475 5784 1760 5854 utriusque

195 5847 345 5894 ιίιωη
380 5855 502 5896 esse
538 5844 1030 5918 Deum-ﬁngebant.

1877 3258 2021 3312 niam
2059 3257 2143 3312 lex
2190 3273 2221 3312 a
2261 3272 2347 3314 me
2382 3259 2555 3314 exibit
2585 3272 2639 3313 et
2666 3261 2929 3330 judicium
2974 3277 3149 3317 meum
3192 3263 3244 3316 in
3277 3263 3452 3319 lucem

1876 3353 2140 3424 gentium.
2178 3353 2595 3424 Appropinquat
2647 3354 2902 3408 celet-iter
2945 3353 3163 3423 justitia
3210 3372 3354 3421 mea,
3398 3366 3456 3410 et

1876 3444 2190 3516 egredietur
2229 3447 2475 3501 salutare
2525 3463 2730 3514 meum,
2771 3449 2910 3520 etin
2943 3448 3226 3504 brachium
3272 3466 3450 3503 meum

1876 3546 2066 3604 gentes
2100 3537 2487 3606 sperabunt".
2530 3556 2547 3588 ι
2571 3538 2638 3593 Et
2668 3554 2765 3608 per
2798 3538 3089 3594 Jeremiam
3120 3544 3185 3592 de
3207 3540 3308 3594 boc
3332 3541 3450 3609 ipso

1879 3639 2207 3687 testamento
2238 3632 2320 3685 sic
2351 3632 2622 3700 loquitur:
2666 3650 2684 3682 ι
2727 3631 2864 3686 Ecce
2891 3633 3008 3686 dies
3037 3632 3289 3697 veniunt,
3321 3633 3454 3687 dicit

1874 3727 2158 3790 Dominus,
2192 3737 2246 3782 et
2297 3730 2544 3782 testabor
2579 3727 2762 3781 domui
2794 3726 2960 3782 Israel
3005 3737 3059 3782 et
3087 3729 3272 3784 domui
3311 3727 3450 3782 Juda

1877 3829 2264 3876 testamentum
2297 3836 2494 3879 novum
2521 3838 2534 3874 :
2563 3837 2668 3874 non
2692 3821 2832 3890 quod
2867 3827 3094 3874 testatus
3121 3836 3241 3876 sum
3282 3823 3454 3890 patri-

1874 3911 1977 3966 bus
1999 3927 2188 3966 eorum
2215 3914 2267 3966 in
2299 3914 2386 3967 die
2414 3928 2522 3981 qua
2555 3913 2888 3982 apprehendi
2923 3926 3141 3965 manum
3188 3913 3448 3981 ipsorum,

1874 4014 1934 4057 ut
1960 4007 2248 4060 educerem
2285 4020 2381 4060 eos
2404 4005 2472 4060 de
2509 4015 2650 4057 terra
2674 4004 2892 4074 Egypti
2913 4005 2978 4056 ".
3014 4025 3033 4057 ι
3065 4003 3162 4072 )Si
3190 4019 3320 4074 ergo
3353 4022 3450 4059 no.

1873 4114 1998 4154 vum
2045 4111 2427 4157 testamentum
2471 4103 2611 4157 Deus
2647 4102 2950 4156 institutum
2987 4103 3054 4157 iri
3105 4103 3450 4173 praedicavit,

1947 4438 2056 4510 (12)
2111 4438 2399 4511 ξᾚστησε.
2464 4439 2630 4492 Miror
2689 4440 2978 4511 Sylbu‘rgio
3040 4440 3217 4510 aptius
3275 4443 3448 4497 videri

1869 4507 2083 4563 ἔσϐεσε.
2107 4507 2242 4560 Nam
2269 4511 2394 4561 illud
2426 4511 2620 4580 ἔστησε
2647 4507 2850 4576 optime
2869 4507 3449 4580 réspoudutsimillituo

1872 4585 2039 4658 vei-b9
2062 4580 2290 4658 ἔπαυσε,
2323 4585 2465 4658 quod
2494 4584 2654 4658 paulo
2689 4582 3132 4658 alite_pt;:ecedit.

1936 4653 2047 4721 (ίῦ)
2072 4649 2314 4714 Αίώνιός
2330 4667 2391 4702 τε
2412 4649 2552 4718 ἡμῖν
2566 4652 2767 4718 νόμος.
2806 4653 2863 4705 S.
2887 4651 3136 4705 Clemens
3158 4654 3259 4707 sub
3288 4653 3447 4708 finem

1868 4723 2069 4793 Strom.
2093 4739 2107 4775 l
2135 4725 2211 4775 sic
2231 4722 2503 4793 ltnjuitnr:
2531 4721 2767 4793 Μωύσῆς
2866 4721 3112 4789 φαίνεται
3136 4725 3224 4775 τὸν
3249 4724 3450 4793 Κύριον

1863 4791 2129 4865 διαθήκην
2157 4789 2368 4865 καλῶνξ
2411 4789 2943 4865 Ἰδού-ἐγὼλέγων,
2993 4795 3026 4862 ή
3070 4793 3301 4865 διαθήκη
3340 4789 3448 4865 ’μου

1869 4860 2194 4935 μετᾶ
2234 4863 2290 4912 ἐν
2390 4860 2471 4935 τῷ
2496 4861 2703 4931 Πέτρου
2735 4860 3046 4935 κηρύγματι
3074 4860 3251 4934 εὕροις
3275 4860 3450 4916 am-

1868 4931 1966 5005 μον
1993 4934 2089 4984 καὶ
2109 4934 2265 4999 λόγον
2286 4931 2373 5005 τδν
2390 4931 2589 5002 Κύριον
2613 4931 3168 5002 προσαγορευόμενον.
3198 4953 3214 4982 ι
3242 4935 3448 5003 Moyses

1866 5003 2042 5057 autem
2075 5007 2288 5056 videtur
2334 5003 2619 5054 Dominum
2669 5005 2941 5070 appellare
2991 5006 3444 5057 'l‘estatnentum:

1866 5077 2008 5128 Ecce
2038 5088 2157 5143 ego,
2201 5077 2410 5134 dicens,
2446 5083 2661 5140 pactum
2710 5088 2888 5126 metnn
2923 5084 3173 5127 tecum...
3212 5075 3265 5125 ιιι
3298 5071 3444 5127 Petri

1866 5157 2044 5197 autem
2066 5144 2448 5211 prtedicatioue
2467 5144 2708 5195 invenies
2739 5143 3026 5197 Domitntm
3052 5143 3445 5209 iocariLegetn

1866 5227 1919 5268 et
1949 5214 2255 5267 Rationem.
2317 5232 2334 5261 ι
2383 5214 2438 5265 In
2482 5212 2730 5278 Excerpt.
2767 5230 2818 5280 p.
2849 5214 2976 5276 809,
3009 5215 3148 5266 idem
3193 5215 3446 5268 Clemens

1867 5286 2240 5338 testimonium
2289 5299 2356 5334 ex
2406 5284 2794 5350 przedieatione
2841 5282 2986 5336 Petri
3041 5286 3236 5337 iterum
3288 5284 3441 5348 citat,

1866 5357 2108 5421 illudtIue
2128 5353 2420 5408 confirmat
2453 5355 2536 5407 bis
2566 5353 2866 5420 Scriptura:
2893 5355 3102 5408 verbis:
3145 5373 3162 5405 ι
3211 5357 3282 5408 De
3311 5351 3444 5408 Sion

1866 5427 2036 5477 ωιὼιι
2072 5425 2158 5477 le).
2207 5436 2261 5476 ct
2293 5427 2513 5476 Verbum
2557 5423 2770 5476 Domini
2802 5423 2870 5476 de
2901 5424 3227 5478 JeruSalem.
3267 5424 3445 5476 Testi-

1868 5497 2107 5547 monium
2133 5494 2346 5548 Domini
2388 5494 2568 5561 lidele,
2595 5496 2917 5561 sapientiam
2938 5509 3208 5563 priestans
3241 5510 3434 5563 parvu-

1867 5569 1951 5620 lis.
1993 5585 2011 5616 ι
2062 5565 2281 5618 Videtur
2303 5563 2551 5618 Justinus
2600 5567 2652 5616 in
2697 5564 2964 5630 ejusmodi
3001 5569 3327 5619 testimomis
3376 5576 3446 5616 ue

1863 5640 2083 5691 Christo
2135 5635 2499 5702 iutelligendis
2534 5640 2840 5688 consentire
2891 5652 3012 5689 eum
3066 5639 3346 5690 Clemente
3391 5646 3446 5685 et

1865 5708 2141 5761 Christum
2179 5710 2522 5759 existnnasse
2565 5707 2617 5757 itt
2647 5706 2801 5760 Isaia:
2844 5711 3160 5761 testimonio
3196 5706 3445 5775 proxime

1866 5779 2140 5844 sequenti,
2165 5795 2182 5827 ι
2223 5778 2416 5843 legem,
2445 5777 2730 5844 judicium,
2765 5777 3029 5843 justitiam
3067 5788 3118 5833 et
3148 5779 3384 5836 salutare
3421 5794 3436 5823 ι

1866 5850 2147 5916 appellari.
2190 5851 2304 5903 για.
2345 5846 2541 5902 btrom.
2582 5863 2673 5915 ιιι,
2705 5869 2755 5920 ν.
2783 5849 2903 5900 708.
