4132 6432
631 405 738 462 507

1552 401 1615 456 3.
1649 394 1912 455 JUSTINI
1946 390 2354 450 PHILOSOPHI
2390 386 2476 445 ΕΤ
2520 381 2882 440 MARTYRIS

3781 375 3890 433 508

634 524 800 598 Igitur
848 523 941 579 Dei
967 520 1230 591 ieiunium
1260 518 1453 574 discite
1492 519 1813 580 observare,
1839 513 2197 584 quemadmo-

2306 525 2360 563 τε
2393 502 2694 578 νηστεύειν,
2718 501 2792 564 ὡς
2820 497 3044 561 Ἡσαΐας
3071 497 3261 568 φησὶν,
3300 495 3387 549 ῑνα
3421 493 3497 564 τῷ
3543 493 3662 564 Θεῷ
3702 495 3888 566 εὐαρε-

632 622 761 674 dum
793 619 870 672 ait
908 610 1100 679 Isaias,
1132 623 1192 667 ut
1223 615 1332 667 Deo
1374 611 1659 686 placeatis.
1701 611 1779 662 Ita
1811 617 1989 661 autem
2016 604 2204 658 excla~

635 719 749 781 mat
791 709 996 763 Isaias:
1033 726 1052 758 ι
1091 704 1278 759 Clama
1324 703 1377 756 in
1423 701 1762 764 fortitudine,
1786 710 1840 751 et
1869 713 1935 751 ne
1965 709 2199 763 parcas;

632 800 786 871 quasi
817 800 942 855 tuba
980 799 1159 852 exalta
1206 809 1392 851 vocem
1426 803 1596 858 tuam,
1627 800 1684 846 et
1727 789 1986 844 annuntia
2016 787 2201 856 generi

631 908 755 947 meo
796 899 1016 960 peccata
1057 903 1267 953 eorum,
1295 899 1344 941 et
1375 885 1554 941 domui
1577 883 1740 940 Jacob
1775 881 2088 951 iniquitates
2111 893 2202 932 eo-

632 999 772 1040 rum.
800 982 883 1037 Me
911 981 978 1038 de
1001 981 1086 1036 die
1111 981 1164 1034 in
1187 980 1331 1043 diem
1362 984 1638 1048 quaerunt,
1662 984 1717 1032 et
1743 973 1888 1028 scire
1913 971 2026 1026 vias
2053 984 2202 1024 meas

631 1076 840 1139 volunt,
869 1074 1022 1146 quasi
1070 1089 1226 1142 gens,
1261 1087 1381 1142 qua:
1415 1071 1682 1140 justitiam
1717 1067 1930 1132 fecerit,
1961 1075 2014 1120 et
2057 1064 2203 1133 iudi-

632 1171 774 1223 cium
805 1170 894 1222 Dei
921 1183 1027 1222 non
1055 1165 1426 1236 dereliquerit.
1451 1163 1647 1218 Petunt
1668 1176 1753 1216 me
1776 1175 1919 1214 nunc
1938 1157 2200 1227 judicium

627 1262 855 1330 iustum,
897 1269 950 1316 et
990 1258 1427 1330 appmpinquare
1471 1256 1581 1310 Deo
1608 1254 1851 1323 cupiunt,
1897 1251 2140 1305 dicentes
2185 1269 2197 1303 :

633 1355 810 1422 Quare
846 1352 1218 1420 ieiunavimus
1267 1358 1321 1402 et
1367 1362 1473 1401 non
1529 1344 1758 1399 vidisti?
1789 1341 2202 1409 Humiliavimus

632 1444 846 1499 animas
877 1451 1115 1503 nostras,
1150 1450 1202 1493 et
1235 1455 1339 1497 non
1372 1435 1716 1508 cognovisti?
1746 1435 1802 1488 In
1838 1433 2026 1488 diebus
2057 1433 2200 1488 enim

627 1534 956 1604 ieiuniorum
1004 1542 1306 1588 vestrorum
1351 1527 1606 1584 invenitis
1631 1527 1936 1592 voluntates
1973 1533 2200 1587 vestras,

627 1635 690 1681 et
726 1641 914 1681 omnes
943 1625 1213 1692 subjectos
1242 1623 1396 1678 vobis
1435 1622 1641 1677 caeditis
1674 1638 1686 1674 :
1719 1635 1847 1674 ecce
1894 1618 1960 1671 ad
1998 1616 2120 1670 lites
2149 1624 2203 1670 et

628 1717 810 1788 iurgia
849 1716 1102 1785 ieiunatis
1141 1723 1194 1768 et
1237 1713 1522 1785 percutitis
1572 1712 1768 1782 pugnis
1795 1707 2096 1771 humilem;
2130 1713 2204 1786 ut

631 1811 760 1881 quid
792 1810 920 1863 mibi
941 1808 1224 1876 ieiunatis,
1252 1816 1311 1860 ut
1331 1805 1512 1868 hodie,
1536 1815 1594 1858 ut
1614 1804 1862 1858 audiatur
1890 1803 1940 1856 in
1967 1802 2202 1855 clamore

629 1916 736 1956 vox
757 1910 933 1954 vestra
950 1899 1100 1954 iNon
1121 1901 1219 1953 hoc
1233 1897 1496 1968 ieiunium
1520 1895 1676 1965 elegi,
1693 1903 1749 1947 ut
1771 1893 1821 1946 in
1847 1893 1934 1947 die
1957 1893 2202 1947 bumiliet

632 1994 793 2048 homo
820 1993 1054 2047 animam
1094 2006 1267 2045 suam.
1299 1987 1507 2059 Neque,
1539 1989 1584 2042 si
1614 1986 2012 2050 incurvaveris,
2046 1985 2201 2056 quasi

631 2085 919 2147 circulum,
954 2084 1150 2138 collum
1184 2091 1357 2145 tuum,
1385 2090 1440 2134 et
1466 2095 1683 2136 saccum
1713 2087 1768 2134 et
1793 2079 2026 2132 cinerem
2068 2079 2198 2131 sub-

631 2177 936 2244 straveris;
969 2192 1067 2231 nec
1101 2176 1178 2230 sic
1203 2173 1467 2229 vocabitis
1493 2160 1761 2242 ieiunium
1791 2182 1846 2226 et
1875 2173 2016 2226 diem
2049 2185 2202 2224 acce—

633 2281 780 2340 ptum
833 2269 1078 2323 Domino.
1116 2267 1231 2321 Non
1271 2267 1379 2321 tale
1421 2265 1689 2335 jejunium
1734 2264 1894 2333 elegi,
1932 2263 2057 2319 dicit
2090 2261 2200 2318 Do-

633 2363 834 2415 minus.
875 2362 979 2416 Sed
1022 2361 1174 2415 solve
1203 2373 1420 2413 omnem
1453 2351 1830 2426 colligaturam
1859 2356 2197 2424 iniquitatis;

632 2452 871 2508 dissolve
924 2453 1283 2520 obligationes
1349 2448 1710 2504 violentorum
1779 2457 2197 2510 contractuum;

632 2545 845 2598 dimitte
876 2543 1080 2597 fractos
1112 2545 1165 2596 in
1212 2543 1605 2606 remissionem,
1637 2551 1691 2596 et
1728 2555 1945 2594 omnem
1977 2554 2204 2610 syngra-
2260 2593 2265 2598 _

634 2636 796 2704 pham
854 2635 1093 2704 iniquam
1139 2633 1669 2703 discerpe..Frange
1716 2632 1971 2685 esurienti
2006 2645 2198 2701 panem

633 2739 804 2789 tuum,
825 2738 878 2781 et
907 2743 1174 2796 pauperes
1202 2727 1317 2783 sine
1343 2734 1489 2781 tecto
1515 2726 1676 2780 induc
1702 2726 1753 2777 in
1783 2726 1999 2778 domum
2027 2733 2195 2786 tuam;

632 2823 679 2873 si
714 2820 912 2872 videris
945 2820 1168 2882 nudum,
1201 2821 1383 2887 Operi;
1415 2829 1468 2871 et
1495 2819 1825 2873 domesticos
1861 2817 2090 2870 seminis
2123 2817 2197 2872 tui

634 2925 702 2964 ne
750 2911 1081 2980 despexeris.
1132 2907 1285 2965 Tunc
1333 2920 1580 2978 erumpet
1642 2909 1962 2962 matutinum
2017 2912 2198 2962 lumen

637 3014 808 3064 tuum,
861 3011 916 3056 et
966 3002 1290 3056 vestimenta
1339 3011 1428 3056 tua
1473 3002 1579 3054 cito
1627 3001 1892 3067 orientur,
1942 3001 2101 3072 116
2148 3011 2202 3054 et

637 3094 851 3162 prazibit
887 3097 938 3147 in
971 3103 1261 3159 conspectu
1303 3101 1393 3148 tuo
1417 3093 1629 3162 iustitia
1667 3102 1775 3157 tua,
1809 3104 1863 3146 et
1898 3093 2066 3161 gloria
2104 3092 2199 3146 Dei

635 3186 998 3239 circumdabit
1032 3196 1100 3238 te.
1129 3184 1263 3238 Tum
1293 3183 1576 3248 clamabis,
1601 3193 1656 3236 et
1685 3184 1825 3238 Deus
1849 3184 2099 3239 exaudiet
2126 3194 2196 3248 te;

637 3276 814 3330 adhuc
840 3277 1095 3344 loquente
1124 3285 1176 3330 te
1209 3277 1348 3330 dicet
1375 3293 1390 3331 :
1423 3276 1561 3330 Ecce
1585 3278 1799 3330 adsum.
1832 3276 1890 3331 Si
1919 3277 2205 3331 abstuleris

638 3386 668 3422 a
701 3379 753 3424 te
783 3370 1204 3439 colligationem,
1241 3377 1295 3423 et
1328 3383 1582 3422 manumn
1616 3370 2118 3437 complicationem,
2151 3378 2206 3425 et

637 3463 861 3518 verbum
895 3463 1360 3526 nmrmurationis,
1392 3472 1446 3516 et
1477 3461 1688 3516 dederis
1719 3461 1980 3516 esurienti
2011 3477 2204 3531 panem

637 3573 704 3609 ex
736 3556 913 3609 anima
960 3568 1076 3621 tua,
1113 3564 1168 3609 et
1209 3557 1445 3607 animam
1481 3554 1819 3608 liumiliatam
1851 3555 2204 3620 saturaveris,

639 3660 768 3702 tunc
816 3651 1024 3703 orietur
1055 3650 1106 3701 in
1156 3647 1396 3702 tenebris
1434 3648 1616 3700 lumen
1663 3656 1836 3714 tuum,
1877 3656 1932 3702 et
1979 3647 2209 3702 tenebrae

639 3753 744 3794 tua:
774 3751 934 3795 erunt
961 3741 1101 3797 sicut
1127 3741 1421 3805 meridies,
1451 3749 1506 3793 et
1545 3739 1650 3792 erit
1681 3739 1824 3794 Deus
1865 3748 1989 3794 tuus
2031 3747 2206 3797 tecum

641 3847 878 3902 semper,
911 3841 967 3886 et
1013 3830 1350 3900 itnpleberis,
1379 3830 1523 3884 sicut
1562 3831 1837 3884 desiderat
1865 3833 2042 3885 anima
2083 3843 2207 3900 tua;

640 3935 693 3978 et
716 3940 837 3979 ossa
873 3934 959 3978 tua
992 3925 1363 3992 pinguescent,
1399 3932 1452 3976 et
1479 3934 1637 3977 erunt
1662 3932 1718 3977 ut
1745 3925 1937 3978 hortus
1966 3924 2209 3978 inebria-

641 4029 750 4082 tus,
796 4027 851 4070 et
877 4017 997 4071 fons
1031 4018 1210 4082 undae,
1261 4025 1356 4069 aut
1407 4026 1552 4070 terra
1593 4018 1678 4070 cui
1729 4031 1882 4086 aquae
1928 4033 2029 4070 non
2072 4017 2208 4072 deii-

639 4110 884 4164 ciunt“.
936 4128 956 4162 ›
1003 4109 1481 4164 Circumcidamini
1529 4109 1696 4178 igitur
1739 4109 1999 4176 praeputio
2034 4109 2213 4163 cordis

641 4205 828 4269 vestri,
847 4203 1298 4272 quemadmodum
1324 4201 1516 4256 divina:
1535 4199 1829 4269 Scriptura:
1852 4200 1936 4254 his
1961 4201 2211 4255 omnibus

641 4296 820 4351 verbis
842 4296 1136 4365 postulant.

715 4565 756 4600 ⁶¹
797 4563 900 4617 lsa.
940 4580 1094 4625 Lvtn,
1131 4563 1270 4616 i-ll.

2304 601 2485 670 στῆτε.
2522 597 2776 664 Κέκραγε
2805 593 2861 644 δὲ
2898 590 3125 653 Ἡσαΐας
3157 588 3349 653 οὓτως·
3393 607 3410 640 ι
3454 586 3782 658 Ἀναϐάησον
3829 590 3886 640 ὲν

2304 688 2468 760 ίσχύῖ,
2500 687 2594 740 καὶ
2631 684 2704 757 μὴ
2739 684 2919 755 φείσῃο
2950 681 3025 746 ὡς
3075 680 3333 747 σάλπιγγι
3375 678 3587 749 ὕψωσον
3632 677 3728 750 τὴν
3774 696 3889 746 φω-

2301 783 2399 853 νήν
2433 797 2527 833 σου
2549 819 2564 843 ,
2598 776 2695 831 καὶ
2727 773 3045 843 ἀνάγγειλον
3092 772 3168 843 τῷ
3211 771 3358 841 γένει
3391 770 3592 842 μου.τὰ
3636 770 3890 843 ἁμαρτή-

2306 892 2447 946 ματα
2478 870 2678 935 αὐτῶν,
2716 867 2904 938 καὶτῷ
2939 868 3079 938 οἴκῳ
3099 864 3298 920 Ἰακὼϐ
3319 864 3417 928 τὰς
3438 864 3665 935 ἀνομίας
3687 862 3887 917 αὐτῶν.

2303 965 2435 1036 Ἐμὲ
2481 963 2695 1034 ἡμέραν
2747 961 2805 1029 ἐξ
2851 959 3066 1032 ἡμέρας
3112 956 3368 1027 ζητοῦσιν
3405 955 3499 1010 καὶ
3541 956 3743 1024 γνῶναι
3785 954 3890 1020 τὰς

2302 1055 2453 1121 ὁδούς
2491 1074 2592 1127 μου
2629 1050 2983 1123 ἐπιθυμοῦσιν
3015 1045 3090 1113 ὡς
3119 1047 3244 1110 λαὸς
3283 1044 3630 1117 δικαιοσύνην
3661 1061 3892 1117 nem";-

2302 1146 2433 1211 κὼς,
2470 1146 2564 1199 καὶ
2595 1143 2776 1216 κρίσιν
2810 1141 2942 1196 Θεοῦ
2992 1141 3090 1193 ούκ
3137 1137 3629 1206 ὲγκαταλελοιπώς.
3666 1135 3896 1189 Δίτοῦσῑ

2306 1257 2372 1310 με
2411 1238 2504 1291 νῦν
2537 1237 2719 1309 κρίσιν
2751 1233 2988 1297 δικαίαν,
3026 1233 3120 1285 καὶ
3156 1229 3395 1299 ἐγγίζειν
3427 1228 3547 1300 Θεῷ
3593 1225 3893 1298 ὲπιθυμοῦο

2302 1346 2390 1392 σι,
2425 1328 2712 1394 λέγοντες,
2743 1323 2806 1378 Τί
2841 1325 2921 1377 ὅτι
2968 1321 3391 1392 ὲνηστεύσαμεν,
3428 1319 3522 1372 καὶ
3568 1317 3667 1370 οὐκ
3699 1311 3842 1380 εἷδες
3870 1331 3889 1381 ;

2301 1418 2742 1488 ὲταπεινώσαμεν
2774 1415 2873 1479 τὰς
2904 1415 3082 1486 ψυχὰς
3112 1412 3289 1483 ἡμῶν,
3327 1409 3420 1463 καὶ
3451 1408 3551 1464 οὐκ
3570 1407 3774 1477 ἐγνωςς
3797 1405 3892 1458 Ἐν

2301 1511 2410 1581 γὰρ
2439 1513 2559 1574 ταῖς
2590 1509 2824 1580 ἡμέραις
2853 1506 2963 1560 τῶν
3003 1502 3262 1576 νηστειῶν
3297 1501 3451 1573 ὑμῶν
3504 1499 3786 1572 εὑρίσκετε
3819 1496 3893 1550 τά

2301 1607 2584 1677 θελήματα
2617 1601 2796 1674 ὑμῶν,
2831 1599 2928 1654 καὶ
2962 1600 3170 1663 πάντας
3203 1599 3328 1660 τοὺς
3364 1595 3706 1666 ὑποχειρίους
3735 1594 3892 1667 ὑμῶν

2302 1697 2654 1750 ύπονύσσετε.
2702 1693 2834 1746 Ἰδοὺ
2869 1693 2951 1755 είς
2987 1691 3198 1762 κρίσεις
3243 1688 3353 1760 (58)
3403 1687 3498 1741 καὶ
3553 1688 3733 1758 μάχας
3794 1703 3896 1759 νη-

2303 1785 2542 1848 στεύετε,
2579 1783 2675 1836 καὶ
2707 1779 2938 1836 τύπτετε
2967 1782 3214 1850 πυγμαῖς
3247 1777 3520 1831 ταπεινόν.
3555 1777 3672 1830 Ἵνα
3704 1776 3757 1829 τί
3796 1793 3892 1848 μοι

2235 1875 2275 1929 Β
2304 1875 2615 1948 νηστεύετε,
2650 1873 2726 1938 ὡς
2768 1874 3040 1943 σήμερον,
3075 1867 3405 1938 ἀκουσθῆναι
3453 1870 3512 1921 ὲν
3543 1868 3758 1939 κραυγῇ
3790 1866 3893 1938 τὴν

2305 1968 2488 2038 φωνὴν
2519 1965 2704 2036 ύμῶν;
2737 1964 2810 2018 Ού
2844 1962 3049 2031 ταύτην
3081 1961 3180 2032 τὴν
3211 1958 3467 2030 νηστείαν
3499 1957 3612 2027 ἐγὼ
3645 1956 3896 2023 ἐξελεξά-

2307 2077 2433 2129 μην,
2468 2057 2563 2110 καὶ
2586 2057 2798 2127 ἡμέραν
2821 2051 3108 2119 ταπεινοῦν
3138 2051 3425 2122 ἄνθρωπον
3461 2051 3558 2121 τὴν
3590 2050 3771 2122 ψυχὴν
3801 2049 3898 2102 αὑ·

2302 2150 2413 2203 τοῦ.
2451 2150 2571 2203 Οὐδ’
2605 2148 2673 2202 ἂν
2717 2148 2941 2220 κάμψῃς
2983 2146 3059 2209 ὼς
3107 2145 3297 2216 κρίκον
3345 2142 3437 2196 τὸν
3470 2142 3740 2213 τράχηλόν
3771 2157 3897 2206 σου.

2303 2243 2398 2297 καλ⁵
2423 2242 2622 2295 σάκκον
2647 2239 2742 2294 καὶ
2766 2239 2959 2292 σποδὸν
2989 2227 3381 2308 ὑποστρώσῃς,
3416 2235 3526 2288 οὐδ’
3563 2234 3706 2288 οὕτω
3737 2231 3898 2288 καλι-

2304 2351 2424 2387 σετε
2475 2331 2728 2403 νηστείαν
2760 2331 2855 2383 καὶ
2906 2328 3120 2399 ἡμέραν
3156 2326 3266 2398 (59)
3306 2326 3506 2396 δεκτὴν
3555 2324 3633 2396 τῷ
3678 2322 3894 2396 Κυρίῳ.

2303 2427 2439 2496 Οὐχὶ
2469 2423 2722 2493 τοιαύτην
2765 2422 3018 2494 νηστείαν
3053 2417 3167 2488 ἐγὼ
3205 2417 3560 2488 ἐξελεξάμην,
3597 2416 3743 2484 λέγει
3782 2414 3899 2467 Κύ-

2307 2535 2418 2587 ριος
2446 2532 2458 2543 ’
2494 2514 2631 2568 ἀλλά
2676 2511 2771 2565 λῦε
2836 2511 3014 2565 πάντα
3069 2508 3364 2581 σύνδεσμον
3409 2507 3664 2572 ἀδικίας,
3709 2504 3898 2559 διάλυε

2305 2604 2675 2678 στραγγαλιάς
2711 2602 2902 2674 βιαίων
2941 2600 3424 2670 συναλλαγμάτων,
3467 2597 3761 2651 άπόστελλε
3800 2611 3895 2647 τε-

2304 2699 2681 2772 θραυσμένους
2730 2679 2788 2749 ὲν
2830 2696 3044 2764 ἀφέσει,
3087 2693 3183 2747 καὶ
3216 2693 3398 2746 πᾶσαν
3426 2690 3748 2763 συγγραφὴν
3774 2687 3896 2744 ἄδι-

2304 2811 2397 2845 κον
2424 2792 2645 2845 διάσπα.
2693 2789 2994 2860 Διάθρυπτε
3041 2785 3296 2839 πεινῶντι
3333 2785 3421 2839 τὸν
3449 2784 3613 2855 άρτον
3647 2799 3764 2848 σου,
3798 2781 3905 2835 καὶ

2304 2886 2552 2956 πτωχοὺς
2583 2883 2846 2952 ἀστέγους
2879 2880 3139 2949 εἰσάγαγε
3185 2880 3265 2941 είς
3308 2878 3399 2934 τὸν
3442 2873 3590 2930 οἶκόν
3629 2892 3744 2929 σου·
3795 2873 3899 2928 ἐὰν

2306 2978 2421 3050 ίδῃς
2466 2976 2692 3045 γυμνὸν,
2742 2972 3053 3045 περίϐαλλε,
3101 2969 3197 3024 καὶ
3230 2970 3338 3023 ἀπὸ
3383 2968 3491 3021 τῶν
3536 2967 3751 3020 οἰκείων
3795 2963 3899 3018 τοῦ

2305 3068 2616 3140 σπέρματός
2635 3083 2728 3119 σου
2752 3066 2850 3135 οὐχ
2871 3066 2973 3116 ὑπε
2983 3063 3153 3135 ρόψει.
3178 3062 3312 3115 Τότε
3334 3058 3900 3132 ραγήσεταιπρώῖμον

2306 3161 2365 3214 τὸ
2399 3159 2513 3229 φῶς
2537 3175 2654 3222 σου,
2688 3157 2781 3210 καὶ⁵
2815 3156 2881 3209 τὰ
2919 3155 3110 3226 ἱμάτιά
3152 3153 3261 3223 (40)
3299 3171 3393 3206 σου
3427 3155 3560 3223 ταχὺ
3613 3151 3893 3204 ἀνατελεῖ-

2232 3229 2274 3286 C
2310 3253 2404 3305 κοιλ⁸
2439 3251 2872 3324 προπορεύσεται
2907 3247 3215 3318 ἔμπροσθέν
3250 3247 3401 3315 σουὴ
3434 3242 3745 3314 δικαιοσύνη
3773 3259 3906 3309 σου,

2308 3347 2400 3397 καὶ
2431 3347 2463 3416 ἡ
2495 3344 2619 3407 δόξα
2643 3342 2732 3394 τοῦ
2771 3341 2903 3393 Θεοῦ
2944 3338 3250 3411 περιστελεῖ
3267 3355 3348 3391 σε.
3368 3338 3501 3390 Τότε
3523 3337 3713 3410 βοήσῃ,
3742 3335 3838 3389 καὶ
3865 3337 3896 3388 ό

2307 3439 2438 3500 Θεὸς
2475 3434 2850 3490 εἰσακούσεταί
2887 3451 3000 3486 σουε
3039 3433 3119 3484 ἔτι
3151 3430 3436 3494 λαλοῦντός
3466 3447 3582 3492 σου,
3607 3427 3897 3507 ὲρεϊἺδοῦ

2309 3532 2559 3600 πάρειμι.
2587 3528 2715 3580 Ἐὰν
2747 3527 2800 3581 δὲ
2830 3527 3035 3598 ἀφέλῃς
3068 3527 3177 3579 ἀπὸ
3211 3523 3305 3577 σοῦ
3341 3522 3634 3592 σύνδεσμον
3667 3521 3761 3576 καὶ
3789 3536 3900 3590 χει.

2312 3623 2553 3694 ροτονίαν
2574 3661 2587 3684 ,
2627 3619 2722 3671 καὶ
2762 3619 2909 3688 ῥῆμα
2942 3615 3257 3686 γογγυσμοῦ
3283 3654 3298 3679 ,
3334 3615 3427 3668 καὶ
3460 3615 3613 3685 διδῷς
3638 3612 3907 3669 πεινῶντι.

2308 3717 2398 3768 τὸν
2436 3713 2600 3784 ἄρτον
2635 3728 2728 3765 σου
2763 3713 2826 3762 εκ
2853 3699 3052 3780 ψυχῆς,
3089 3709 3184 3762 καὶ
3211 3707 3388 3778 ψυχὴν
3421 3705 3900 3777 τεταπεινωμένην

2310 3808 2598 3879 ὲμπλήσῃς
2618 3847 2633 3870 ,
2667 3805 2786 3858 τότε
2819 3804 3066 3858 ἀνατελεῖ
3098 3803 3156 3854 ὲν
3185 3800 3262 3872 τῷ
3309 3800 3490 3856 σκότει
3521 3801 3580 3854 τὸ
3623 3798 3738 3870 φῶς
3775 3816 3896 3864 σου,

2279 3900 2489 3956 ,καὶτὸ
2522 3899 2712 3964 σκότος
2734 3913 2828 3949 σου
2860 3896 2935 3960 ὼς
2967 3892 3317 3966 μεσημϐρία,
3358 3893 3452 3947 καὶ
3494 3893 3645 3946 ἔσται
3693 3893 3722 3944 ό
3758 3890 3895 3954 θεός

2313 4009 2406 4045 σου
2443 3990 2580 4062 μετὰ
2613 3989 2706 4043 σοῦ
2734 3988 3043 4050 διαπαντὸς,
3075 3986 3169 4038 καὶ
3201 3982 3562 4055 ὲμπλησθήσῃ
3595 3982 3738 4037 καθά
3777 3985 3898 4036 ἑπι-

2315 4085 2477 4155 Ουμεῖ
2506 4085 2552 4152 ξή
2596 4082 2742 4153 ψυχή
2792 4099 2917 4147 σου,
2961 4082 3056 4135 καὶ
3086 4081 3154 4134 τὰ
3187 4081 3322 4131 ὀστᾶ
3355 4095 3449 4131 σου
3484 4076 3896 4148 πιανθὴσονται,

2315 4177 2408 4230 καὶ
2440 4176 2592 4228 ἕσται
2618 4174 2693 4239 ὡς
2725 4176 2897 4246 κῆπος
2930 4174 3161 4245 μεθύων,
3197 4171 3292 4224 καὶ
3325 4171 3475 4242 πηγὴ
3509 4169 3718 4233 ὓδατος,
3754 4169 3787 4239 ἧ
3820 4168 3898 4238 γῆ

2314 4264 2466 4342 ᾖιμὴ
2502 4267 2746 4331 ἐξέλιπεν
2779 4267 2943 4337 ὕδωρ.
2983 4285 3000 4316 ι
3039 4262 3411 4337 Περιτέμεσθε
3459 4257 3552 4314 οὗν
3579 4261 3676 4331 τὴν
3727 4261 3898 4333 ἀκρο-

2315 4361 2540 4414 ϐυστίαν
2569 4361 2666 4430 τῆς
2697 4359 2922 4430 καρδίας
2951 4357 3126 4428 ὑμῶν,
3157 4357 3231 4419 ὡς
3254 4356 3302 4408 οἱ
3337 4353 3486 4422 λόγοι
3513 4351 3604 4405 τοῦ
3628 4349 3761 4404 Θεοῦ
3783 4352 3894 4425 (41)

2315 4453 2400 4507 διὰ
2431 4454 2648 4506 πάντων
2680 4452 2884 4505 τούτων
2916 4451 3023 4505 τῶν
3052 4450 3224 4516 λόγων
3259 4446 3490 4512 ἀξιοῦσι.

714 4723 826 4793 (38)
867 4722 1020 4779 Ἰδοὺ
1059 4726 1145 4787 εὶς
1178 4724 1428 4790 κρίσεις.
1459 4721 1549 4777 Sic
1589 4720 1754 4775 etiam
1794 4730 1903 4793 tres
1941 4720 2202 4787 interpre-

2308 4736 2363 4793 η.
2394 4719 2494 4782 12;
2529 4718 2668 4793 intra
2703 4732 2874 4793 num.-
2903 4717 3039 4793 iiii,
3061 4726 3898 4793 peccataetpravasactiones

645 4805 746 4851 tes.
796 4792 1009 4861 Aquila,
1042 4793 1379 4847 Theodotiou
1432 4804 1486 4845 et
1538 4792 1917 4862 Symmachus,
1946 4799 1999 4862 et
2029 4794 2201 4844 codex

645 4867 1068 4927 Alexandrinus,
1117 4874 1166 4916 et
1227 4864 1393 4918 editio
1443 4861 1636 4917 Aldina
1687 4873 1742 4916 et
1791 4861 2209 4932 Compluteusis.

649 4935 833 5011 ωδε
948 4938 1026 5011 εἰς
1062 4933 1635 5011 κρίσειςεΤιιιιιιθιυδ.

720 5005 964 5076 (59),Καὶ
991 5002 1234 5076 ἡμέραν.
1263 5005 1384 5058 Ιιτιιο
1412 5007 1598 5057 desunt
1626 5002 1765 5071 apud
1795 5002 1962 5056 LXX.

721 5071 834 5146 (40)
886 5071 1126 5145 mum:
1161 5079 1250 5131 Sic
1298 5077 1500 5128 habent
1556 5076 1952 5146 codicesgmss.
1997 5071 2102 5126 Sed
2145 5071 2212 5125 R.

650 5144 959 5215 Stephanus
981 5152 1158 5217 posuit
1193 5149 1415 5216 ἰάματα,
1448 5157 1592 5199 recte
1633 5146 1684 5198 id
1717 5144 1933 5217 quidem
1965 5155 2022 5196 et
2049 5159 2212 5196 accu-

655 5228 789 5280 rate,
822 5218 865 5270 si
893 5215 1018 5270 vera
1044 5215 1338 5288 Scriptura?
1360 5223 1413 5267 et
1437 5232 1689 5284 germana
1720 5215 1877 5288 lectio
1901 5224 2208 5288 quieratur;

653 5290 746 5342 sed
780 5291 825 5341 si
856 5288 956 5341 hoc
986 5284 1358 5342 tantummodo
1385 5285 1839 5340 Considerandum
1871 5285 2025 5337 nobis
2064 5284 2211 5352 judi-

653 5373 862 5422 cemus,
897 5361 1170 5424 Quomodo
1199 5359 1450 5413 Justinus
1493 5356 1707 5426 legerit,
1732 5355 1905 5426 cur_ei
1932 5368 2215 5426 vereamur

655 5423 927 5497 eiusmodi
958 5431 1242 5484 lectionem
1280 5423 1602 5490 attribuere,
1633 5441 1794 5493 quam
1826 5423 2211 5488 Tertullianus,

654 5503 983 5570 Cyprianus,
1020 5500 1336 5552 Ambrosius
1373 5509 1427 5570 et
1470 5499 1804 5570 Augustinus
1848 5497 2019 5570 secuti
2068 5505 2215 5570 sunt,

658 5565 716 5621 ut
736 5565 1046 5623 observavit
1078 5569 1359 5623 Nobilius?
1385 5569 1458 5620 Eo
1481 5565 1662 5622 autem
1691 5567 1947 5619 libentius
1974 5565 2218 5618 credide-

661 5642 761 5692 rim
804 5639 1080 5694 Justinum
1120 5645 1191 5695 ita
1231 5641 1446 5706 legisse,
1471 5651 1524 5691 ut
1567 5639 1766 5691 habent
1799 5637 1968 5691 nostri
2002 5635 2218 5687 codices

663 5727 792 5764 mss.
830 5711 970 5778 quod
1009 5712 1275 5765 interdum
1310 5712 1452 5762 banc
1482 5725 1687 5771 vocem,
1725 5707 1933 5775 ἱμάτια,
1965 5721 2032 5758 eo
2060 5720 2220 5778 senisu

664 5777 908 5849 usurpct,
934 5782 1025 5851 qui
1066 5783 1191 5835 huic
1223 5782 1340 5833 loco
1379 5782 1687 5851 conveniat.
1716 5778 2024 5851 (Laluntuias
2066 5777 2221 5851 (ibri-

667 5847 858 5906 stianis
889 5847 1091 5907 aﬂiclas
1127 5862 1281 5907 vocat
1328 5849 1639 5920 περίϋλημα
1677 5849 1926 5918 πονηρόν,
1974 5847 2124 5916 Apol.
2159 5861 2218 5912 tt,

2319 4791 2424 4844 boc
2470 4788 2687 4841 nomine
2735 4787 2874 4856 apud
2916 4787 3240 4844 Zachariam
3287 4789 3557 4857 designari
3586 4788 3681 4842 ait.
3717 4789 3897 4854 Quiu-

2317 4863 2482 4912 etiam
2542 4857 2742 4912 ibidem
2802 4860 3126 4914 vestimenta
3186 4858 3428 4918 munda,
3487 4859 3684 4926 quibus
3736 4860 3897 4915 Jesus

2318 4945 2565 4983 summus
2590 4928 2863 4982 Sacerdos
2887 4929 3108 4983 indutus
3130 4926 3250 4990 fuit,
3277 4928 3567 4992 gloriosam
3596 4944 3892 4996 corpormu

2323 5000 2785 5052 resurrectionem
2811 4999 3026 5053 videtur
3047 4998 3415 5066 inierpretari,
3435 5000 3894 5067 quemadmodum

2319 5069 2689 5124 Tertullianus
2717 5069 2800 5121 bis
2828 5067 2977 5123 Isaiae
3002 5069 3199 5127 verbis,
3234 5085 3254 5119 ι
3292 5077 3347 5121 et
3371 5071 3695 5122 vestimenta
3729 5071 3896 5122 citius

2319 5143 2586 5201 orientur,
2651 5157 2669 5189 ι
2731 5153 3023 5206 corporum
3086 5137 3542 5192 resurrectionem
3593 5139 3896 5206 signiﬁcari

2319 5209 2674 5273 existimavit,
2715 5209 2808 5261 lib.
2861 5207 2937 5261 De
2971 5225 3139 5262 resur.
3189 5223 3236 5262 c.
3263 5207 3354 5260 27.
3387 5208 3494 5262 Sed
3536 5209 3579 5263 si
3621 5209 3894 5273 Justinus,

2317 5282 2410 5350 qui
2452 5279 2658 5334 Graecis
2700 5279 2978 5334 codicibus
3026 5280 3299 5340 utebatur,
3337 5277 3467 5345 legit
3497 5279 3712 5348 ἱμάτια.
3743 5277 3896 5333 Lati-

2321 5349 2513 5404 norum
2557 5350 2916 5415 interpretum
2962 5365 3144 5411 error,
3173 5350 3265 5416 qui
3318 5366 3340 5399 ι
3389 5351 3709 5402 vestimenta
3747 5369 3764 5400 ο
3809 5349 3897 5403 bic

2320 5421 2627 5480 reddidere,
2660 5433 2764 5473 non
2803 5429 2911 5472 tam
2943 5435 3010 5473 ex
3036 5422 3407 5490 intercedente
3435 5419 3579 5490 inter
3603 5420 3898 5490 ἰάματαοι

2325 5492 2521 5560 ἱμάτια
2544 5491 2923 5552 similitudine,
2951 5501 3008 5544 ut
3032 5493 3189 5560 docet
3225 5489 3291 5542 ad
3317 5489 3463 5542 hunc
3495 5488 3673 5560 locum
3701 5488 3897 5543 Hiero-

2324 5557 2542 5632 nymus,
2564 5575 2733 5632 quam
2766 5573 2828 5612 ex
2852 5560 3112 5632 codicum
3145 5558 3277 5632 vitio
3308 5557 3654 5632 repetendus.

2397 5632 2508 5699 (41)
2559 5631 2655 5696 Ὡς
2691 5632 2743 5680 οἱ
2783 5631 2953 5698 λόγοι
2985 5630 3090 5685 τοῦ
3122 5627 3293 5682 Θεοῦ.
3335 5647 3355 5678 ι
3391 5627 3463 5680 De
3508 5627 3894 5696 depravatione

2331 5704 2491 5767 huius
2522 5701 2624 5754 loci
2653 5701 2796 5753 nulla
2827 5701 3093 5753 dubitatio
3120 5715 3243 5755 csse
3265 5707 3465 5768 potest,
3504 5717 3521 5751 ι
3570 5699 3740 5766 inquit
3763 5715 3895 5751 eru-

2331 5775 2476 5826 ditus
2520 5771 2879 5826 Loudiuensis
2921 5773 3120 5833 editor,
3169 5770 3283 5838 qui,
3325 5788 3343 5820 ι
3397 5769 3442 5822 si
3483 5770 3604 5836 quis
3633 5770 3894 5821 audacior

2331 5846 2551 5899 criticus
2581 5857 2678 5911 pro
2704 5838 2851 5909 λόγοι
2887 5840 3074 5910 (egeret
3108 5841 3400 5911 προφῆται,
3428 5855 3532 5896 non
3564 5853 3895 5910 magnopere
