4132 6432
720 411 827 470 825

1607 406 1662 460 S.
1700 404 1963 461 JUSTlNl
2007 406 2415 464 PI-llLOSOPHl
2455 409 2542 464 ΕΤ
2577 409 2938 466 MARTYRIS

3874 425 3982 480 5ἰὸ

723 536 849 580 sunt
897 524 1000 580 sibi
1055 524 1189 594 ipsis
1235 525 1426 578 domus
1459 521 1645 577 Israel.
1688 523 1939 580 Transite
1996 540 2187 579 omnes
2235 525 2281 578 in

2394 542 2472 576 νοι
2495 525 2603 594 (81)
2627 526 2716 576 ἐπὶ
2749 530 2860 591 τοῖς
2876 530 3136 599 ἀρχηγοῖς
3163 530 3557 602 ἀπετρύγησαν
3579 533 3755 605 ἀριάς
3777 535 3950 589 ἐθνῶν
3967 552 3984 568 ·

720 618 1026 681 Chalaneu,
1059 624 1112 671 et
1141 616 1350 681 videte;
1394 614 1466 668 ite
1506 613 1635 667 inde
1677 615 1728 668 in
1769 615 1967 670 Amath
2017 633 2288 685 magnam,

712 722 774 765 et
829 711 1142 765 descendite
1191 709 1313 762 inde
1344 708 1394 761 in
1426 707 1567 761 Gelh
1603 707 2056 778 alienigenarum,
2088 712 2292 780 Optima

720 819 783 857 ex
837 804 1090 874 omnibus
1135 801 1314 871 regnis
1367 799 1483 865 his;
1517 799 1561 853 si
1593 799 1883 867 ampliores
1918 811 2045 856 sunt
2076 803 2293 858 termini

719 909 904 948 eorum
940 895 1185 948 terminis
1214 894 1431 948 vestris.
1469 894 1756 950 Venientes
1795 893 1849 947 in
1890 896 2030 951 diem
2069 898 2290 964 malum,

711 988 1242 1058 appropinquantes,
1273 999 1329 1042 et.
1374 998 1658 1060 tangentes
1705 989 1929 1044 sabbata
1980 990 2290 1054 mendacia,

712 1081 1057 1134 dormientes
1102 1081 1151 1133 iii
1190 1080 1344 1135 lectis
1381 1080 1660 1141 eburneis.
1688 1079 1968 1134 aﬂluentes
1993 1082 2201 1136 deliciis
2240 1084 2290 1136 in

716 1168 910 1222 stratis
957 1169 1098 1234 suis,
1154 1171 1242 1237 qui
1271 1171 1442 1224 edunt
1483 1185 1652 1240 agnos
1700 1173 1766 1224 de
1824 1170 2100 1240 gregibus,
2133 1169 2290 1227 etla-

716 1269 931 1317 etentes
965 1259 1158 1313 vitulos
1195 1262 1260 1313 de
1297 1262 1475 1314 medio
1511 1270 1905 1326 armentorum,
1939 1261 2029 1328 qui
2063 1261 2290 1330 applau-

715 1352 848 1404 dunt
879 1352 945 1405 ad
983 1364 1169 1406 vocem
1225 1369 1580 1422 organorum,
1628 1353 1783 1422 quasi
1831 1353 2026 1406 stantia
2064 1363 2290 1423 putave-

714 1453 863 1507 runt,
904 1452 1104 1497 etnon
1157 1447 1310 1512 quasi
1356 1445 1641 1515 fugientia.
1688 1444 1789 1512 Qui
1848 1445 2043 1499 hilmnt
2093 1447 2292 1515 phialis

715 1536 921 1600 vinum,
955 1545 1010 1590 et
1038 1537 1228 1604 primis
1280 1536 1574 1604 unguentis
1611 1547 1888 1604 unguntur
1923 1545 1978 1590 et
2022 1537 2154 1590 nihil
2198 1553 2294 1606 pa-

715 1629 994 1682 tiebantur
1029 1643 1191 1694 super
1207 1643 1305 1681 con
1319 1630 1534 1682 ti-itione
1551 1627 1772 1697 Joseph.
1795 1628 2134 1697 Quapropter
2152 1645 2292 1684 nunc

712 1720 912 1789 captivi
937 1729 1096 1774 erunt
1118 1720 1170 1772 in
1195 1720 1370 1788 primo
1389 1719 1583 1773 ordine
1611 1720 1934 1789 optimatum
1971 1719 2081 1772 alio
2114 1728 2292 1773 trans-

711 1813 951 1865 euntium
1020 1819 1077 1864 et
1150 1811 1596 1864 transmutabitur
1665 1811 2002 1864 domicilium
2084 1811 2292 1866 malefi-

2397 616 2645 687 εἰσῆλθον
2695 620 2908 684 ἑαυτοῖς
2947 619 3094 687 οἶκος
3144 623 3250 692 (82)
3291 625 3528 696 Ἰσραήλ.
3561 627 3792 698 Διάϐητε
3852 631 3989 684 πάνι-

2395 725 2484 772 τες
2531 710 2642 779 (85)
2695 711 2775 775 είς
2815 712 3091 784 Χαλάνην,
3145 715 3239 768 καὶ
3303 715 3464 779 ίδετε,
3523 718 3618 772 καὶ
3677 719 3986 792 πορεύθητε

2396 799 2603 853 ἐκεῖθεν
2648 803 2726 865 είς
2776 804 2944 873 Ἀμὰθ
2982 804 3077 876 τὴν
3115 807 3373 878 μεγάλην,
3410 809 3504 863 καὶ
3538 812 3808 883 κατάϐητε
3843 817 3990 868 ἐκεῖ·

2395 890 2484 944 θεν
2523 893 2600 956 εἰς
2636 892 2733 945 Γέθ
2785 895 2891 946 τῶν
2935 896 3270 965 ἀλλοφύλων,
3306 901 3403 964 τὰς
3438 903 3736 971 κρατίστας
3771 907 3836 958 ἐκ
3874 925 3987 961 πα-

2396 982 2503 1034 σῶν
2537 984 2642 1036 τῶν
2677 984 2965 1053 βασιλειῶν
3011 988 3234 1052 τούτων,
3271 993 3320 1044 εί
3353 992 3576 1046 πλείονα
3607 995 3724 1047 ἐστὶ
3756 997 3821 1050 τα
3858 999 3993 1069 ὅρια

2394 1074 2572 1127 αὐτῶν
2616 1075 2722 1127 τῶν
2767 1078 2931 1148 ὁρίων
2977 1078 3150 1148 ὑμῶν.
3188 1083 3250 1134 Οἱ
3314 1084 3598 1154 ἐρχόμενοι
3644 1088 3723 1151 είς
3769 1091 3992 1159 ἡμέραν

2395 1167 2657 1235 πονηρὰν,
2692 1169 2740 1220 οἱ
2776 1169 3108 1236 ἐγγίζοντες,
3144 1173 3239 1226 καὶ
3287 1175 3652 1247 ἐφαπτόμενοι
3699 1180 3990 1234 σαϐϐάτων

2392 1258 2601 1327 ψευδῶν
2621 1278 2632 1289 ’
2669 1262 2717 1313 οἱ
2752 1259 3079 1332 κοιμώμενοι
3113 1264 3207 1317 ἐπὶ
3240 1265 3434 1320 κλινῶν
3468 1269 3850 1338 ἐλεφαντίνων,
3888 1277 3992 1328 καὶ

2393 1352 2919 1418 κατασπαταλῶντες
2978 1354 3071 1407 ἐπὶ
3135 1360 3254 1420 ταῖς
3315 1365 3624 1430 στρωμναῖς
3671 1363 3884 1417 αὐτῶν·
3933 1368 3991 1418 οἱ

2393 1440 2660 1506 ἐσθίοντες
2695 1444 2864 1516 ἄρνας
2897 1447 2958 1499 ἐκ
2987 1449 3268 1518 ποιμνίων,
3288 1452 3381 1503 καὶ
3419 1455 3687 1526 μοσχάρια
3718 1457 3782 1509 ἐκ
3806 1457 3984 1527 μέσου

2395 1531 2686 1600 βουκολίων
2719 1534 3001 1606 γαλαθηνὰ
3021 1553 3032 1565 ·
3069 1540 3118 1592 οἱ
3153 1541 3693 1614 ἐπικροτοῦντες(84)
3724 1549 3863 1616 πρὸς
3885 1548 3993 1620 τὴν

2393 1624 2575 1697 φωνὴν
2638 1627 2744 1679 τῶν
2806 1629 3052 1698 ὀργάνων
3073 1648 3085 1660 '
3134 1631 3208 1695 ὡς
3255 1634 3460 1688 ἑστῶτα
3508 1637 3836 1706 ἐλογίσαντο,
3887 1643 3992 1695 καὶ

2392 1717 2490 1787 οὐχ
2521 1717 2596 1782 ὼς
2631 1718 2932 1787 φεύγοντα·
2964 1724 3011 1774 οἱ
3047 1722 3292 1789 πίνοντες
3327 1728 3385 1779 ἐν
3419 1728 3638 1794 φιάλαις
3671 1726 3809 1784 οἶνον
3846 1733 3989 1803 (85),

2395 1808 2489 1860 καὶ
2549 1809 2613 1862 τὰ
2661 1809 2854 1880 πρῶτα
2901 1811 3050 1882 μύρα
3095 1814 3395 1884 χριόμενοι,
3444 1819 3538 1871 καὶ
3583 1820 3685 1872 οὐκ
3747 1821 3992 1892 ἔπασχον

711 1917 927 1964 corum;
949 1911 1003 1955 et
1023 1902 1242 1957 tolletur
1261 1902 1506 1957 hinnitus
1529 1917 1794 1973 equorum
1813 1919 1876 1957 ex
1895 1902 2153 1973 Ephraim
2171 1905 2237 1959 ⁷⁸.
2265 1925 2281 1958 ι

2393 1900 2543 1953 οὐδὲν
2591 1902 2684 1954 ἐπὶ
2742 1905 2807 1973 τῇ
2857 1903 3114 1976 συντριϐῇ
3149 1905 3242 1958 τοῦ
3280 1905 3502 1979 Ἰωσήφ.
3541 1911 3640 1964 Διὰ
3687 1911 3840 1966 τοῦτο
3889 1913 3992 1968 νῦν

707 1996 788 2049 Ac
806 2009 994 2049 rursus
1011 2007 1108 2064 per
1122 1992 1443 2049 Jeremiam:
1466 2015 1484 2046 ι
1504 1997 1843 2065 Congregate
1859 2010 2052 2050 carnes
2076 2008 2291 2051 vestras

710 2097 764 2141 et
787 2087 1125 2151 victimas,et
1141 2089 1428 2142 comedite.
1447 2088 1583 2156 Quia
1606 2105 1710 2143 non
1730 2089 1795 2143 de
1815 2089 2050 2143 victimis
2074 2100 2127 2142 et
2145 2089 2283 2143 liba-

709 2179 943 2234 tiouibus
958 2181 1186 2250 praecepi
1205 2180 1449 2249 patribus
1473 2181 1690 2242 vestris,
1706 2195 1816 2248 quo
1836 2181 1922 2234 die
1947 2180 2286 2249 apprehendi

709 2285 926 2324 manum
958 2287 1146 2330 eorum
1181 2281 1237 2324 ut
1257 2274 1550 2325 educerem
1583 2286 1677 2327 eos
1706 2273 1774 2326 de
1805 2282 1949 2327 terra
1977 2273 2284 2343 Egypti".

707 2360 774 2414 Et
829 2378 1046 2416 rursum
1101 2378 1197 2432 per
1250 2361 1506 2417 Ilavidem
1561 2363 1615 2417 in
1666 2363 2087 2436 quadragesimo
2138 2379 2282 2422 nono

707 2454 916 2523 psalmo
950 2455 1028 2510 sic
1080 2454 1294 2510 locutus
1340 2464 1472 2510 est:
1517 2474 1536 2506 ι
1575 2456 1717 2510 Deus
1761 2457 1982 2510 deorum
2029 2457 2288 2514 Dominus

706 2550 922 2604 locutus
957 2557 1064 2614 est,
1097 2558 1152 2603 et
1193 2548 1406 2602 vocavit
1457 2557 1657 2602 terram
1707 2563 1734 2599 a
1788 2548 1918 2602 solis
1962 2558 2086 2602 ortu
2116 2562 2288 2618 usque

705 2643 772 2694 ad
820 2657 1075 2696 occasum
1113 2658 1126 2694 :
1159 2655 1223 2694 ex
1265 2640 1396 2693 Sion
1456 2637 1676 2706 species
1713 2638 1931 2694 decoris
1976 2638 2114 2707 ejus.
2144 2640 2284 2695 Deus

704 2732 988 2788 manifeste
1032 2734 1235 2798 veniet,
1259 2731 1400 2786 Deus
1431 2742 1639 2796 uoster,
1664 2740 1720 2784 et
1758 2745 1863 2785 non
1905 2731 2103 2785 silebit.
2135 2729 2284 2800 Ignis

702 2825 756 2880 in
787 2836 1080 2896 conspectu
1115 2825 1234 2895 ejus
1283 2824 1520 2892 ardebit,
1551 2833 1609 2877 et
1647 2825 1701 2877 in
1733 2823 1968 2878 circuitu
2001 2821 2118 2890 ejus
2149 2832 2284 2878 tem-

701 2927 884 2987 pestas
936 2918 1139 2972 valida.
1166 2917 1473 2971 Advocabit
1517 2915 1718 2969 ctelum
1749 2930 1966 2970 sursum
1995 2924 2051 2969 et
2084 2925 2280 2969 terram

702 3009 1014 3065 discernere
1063 3009 1322 3080 populum
1377 3023 1559 3064 suum.
1612 3007 1955 3077 Congregate
2006 3007 2164 3076 122
2205 3007 2280 3061 illi

699 3113 921 3174 sanctos
948 3101 1085 3168 ejus,
1109 3102 1201 3168 qui
1231 3101 1530 3170 disponunt
1558 3108 1952 3154 testamentum
1973 3101 2092 3169 ejus
2121 3115 2284 3169 super

699 3193 968 3248 sacriﬁcia
997 3209 1012 3255 ;
1043 3201 1096 3246 et
1121 3189 1523 3245 annuntiabunt
1554 3190 1966 3261 caelijustitiam
1991 3189 2134 3260 ejus,
2156 3207 2284 3262 quo-

2394 1991 2725 2063 αίχμάλωτοι
2774 1994 2985 2048 ἔσονται
3019 1997 3114 2048 ἀπ’
3148 1997 3324 2068 ἀρχῆς
3355 1998 3635 2053 δυναστῶν
3669 2002 3774 2055 τῶν
3816 2005 3993 2058 ἀποι-

2393 2083 2694 2156 κιζομένων
2740 2085 2870 2157 (86),
2895 2086 3005 2140 ’καὶ
3067 2093 3582 2163 μεταστραφήσεται
3629 2093 3836 2166 οίκημα
3885 2115 3992 2152 κα-

2391 2174 2659 2247 κούργων,
2697 2177 2792 2230 καὶ
2847 2177 3209 2250 ἐξαρθήσεται
3267 2184 3634 2253 χρεμετισμὸς
3692 2185 3877 2238 ἵππων
3925 2186 3993 2254 ἐξ

2414 2263 2671 2336 Ἐφραῖμ.
2700 2283 2718 2316 ι
2750 2266 2860 2319 Καὶ
2908 2265 3070 2320 πάλιν
3112 2268 3200 2324 διὰ
3241 2271 3539 2343 Ἱερεμίου·
3586 2293 3603 2324 ι
3639 2275 3994 2344 Συναγάγετε

2389 2357 2457 2410 τὰ
2490 2357 2627 2429 κρέα
2657 2357 2810 2430 ὑμῶν
2845 2359 3061 2425 καὶτὰς
3101 2361 3311 2427 θυσίας,
3345 2364 3442 2418 καὶ⁹
3475 2366 3677 2434 φάγετε
3697 2383 3710 2396 ·
3748 2369 3830 2421 ὅτι
3857 2367 3992 2422 οὔτε

2391 2449 2521 2520 περὶ
2554 2448 2753 2502 Θυσιῶν
2797 2451 2829 2521 ἦ
2882 2452 3123 2505 σπονδῶν
3174 2455 3530 2527 ἐνετειλάμην
3563 2461 3672 2523 τοῖς
3711 2461 3995 2532 πατράσιν

2387 2542 2564 2612 ὑμῶν,
2667 2543 2849 2614 ἡμέρα
2893 2545 3239 2617 ἐπελαϐόμην
3271 2548 3371 2619 τῆς
3408 2550 3589 2621 χειρὸς
3619 2551 3816 2616 αὐτῶν,
3853 2553 3991 2620 ἐξα-

2385 2640 2578 2704 γαγεῖν
2629 2639 2826 2702 αὐτοὺς
2877 2640 2941 2690 ἐκ
2984 2637 3086 2709 γῆς
3133 2640 3428 2709 Αἰγύπτου.
3474 2662 3491 2694 ι
3541 2644 3650 2698 Καὶ
3686 2645 3846 2698 πάλιν
3896 2645 3994 2702 διὰ

2384 2729 2548 2782 Δαϐὶδ
2601 2732 2659 2783 ἐν
2713 2731 3134 2802 τεσσαρακοστῷ
3190 2735 3367 2806 ἐνάτῳ
3395 2735 3599 2807 φαλμῷ
3631 2737 3802 2803 οὕτως
3837 2738 3947 2810 ἔφη
3970 2757 3986 2770 ⁸

2390 2839 2408 2872 ι
2453 2820 2586 2887 Θεὸς
2639 2822 2776 2876 θεῶν
2820 2825 3024 2896 Κύριος
3063 2825 3313 2896 ἐλάλησε,
3343 2827 3438 2881 καὶ
3481 2829 3708 2883 ἐκάλεσε
3748 2831 3843 2903 τὴν
3876 2833 3991 2903 γῆν

2382 2913 2490 2967 ἀπὸ
2523 2915 2795 2968 ἀνατολῶν
2833 2916 2983 2986 ἡλίου
3035 2917 3196 2987 μέχρι
3225 2919 3466 2989 δυσμῶν.
3506 2920 3604 2972 Ἐκ
3640 2921 3780 2975 Σιὼν
3817 2924 3852 2994 ἡ
3890 2925 3988 2978 εύ-

2383 3002 2620 3072 πρέπεια
2667 3003 2764 3073 τῆς
2815 3003 3148 3077 ὡραιότητος
3205 3006 3391 3061 αὑτοῦ.
3441 3010 3498 3062 '0
3547 3009 3680 3076 Θεὸς
3719 3015 3990 3084 ἐμφανῶς

2379 3091 2519 3160 ἣξει,
2565 3096 2593 3146 ὁ
2625 3093 2757 3158 Θεὸς
2812 3095 2988 3164 ἡμῶν,
3043 3097 3138 3150 καὶ
3191 3099 3252 3150 ού
3308 3104 3824 3174 παρασιωπήσεται.
3861 3106 3988 3178 Πῦρ

2380 3183 2607 3238 ἐνώπιον
2627 3187 2790 3239 αὐτοῦ
2826 3188 3182 3261 καυθήσεται,
3201 3193 3296 3246 καί¹
3324 3193 3507 3264 κύκλῳ
3531 3193 3693 3249 αὑτοῦ
3725 3202 3987 3269 καταιγὶς

698 3285 844 3339 niam
903 3283 1044 3337 Deus
1095 3282 1260 3350 jndex
1319 3292 1428 3338 est.
1480 3282 1650 3344 Audi,
1724 3280 1923 3351 popule
1981 3297 2168 3348 meus,
2225 3292 2280 3337 et

2386 3277 2604 3348 σφόδρα.
2626 3279 3062 3350 Προσκαλὲσεται
3096 3284 3186 3335 τὸν
3209 3286 3436 3356 οὐρανὸν
3465 3287 3577 3340 ἄνω
3611 3289 3706 3342 καὶ
3727 3290 3823 3361 τὴν
3849 3264 3985 3363 γῆν,

697 3377 895 3447 loquar
942 3378 1039 3432 tibi
1062 3375 1303 3440 ,'lsrael,
1343 3385 1397 3429 et
1435 3375 1772 3430 testificabor
1798 3375 1915 3429 tibi.
1948 3374 2114 3440 Deus,
2139 3375 2281 3431 Deus

698 3479 826 3526 tuus
851 3484 952 3539 ego
983 3484 1124 3523 sum.
1170 3467 1285 3521 Non
1327 3468 1379 3521 in
1424 3467 1712 3522 sacrificiis
1769 3467 1877 3522 tuis
1925 3481 2147 3538 arguam
2192 3476 2275 3529 te;

699 3566 1022 3621 holocausta
1049 3573 1230 3618 autem
1268 3572 1357 3616 tua
1393 3564 1466 3629 in,
1492 3571 1786 3632 conspectu
1831 3576 1948 3617 meo
1979 3570 2104 3616 sunt
2130 3577 2276 3617 scin-

694 3672 820 3730 per.
849 3655 966 3710 Non
1001 3655 1265 3724 accipiam
1300 3655 1364 3708 de
1400 3655 1562 3709 domo
1607 3663 1696 3707 tua
1735 3651 1956 3717 vitulos,
1996 3667 2172 3722 neque
2209 3654 2276 3710 de

693 3749 952 3821 gregibus
1005 3749 1112 3803 tuis
1167 3748 1380 3813 hircos;
1427 3747 1685 3818 quoniam
1739 3760 1871 3800 mea:
1919 3752 2045 3799 sunt
2082 3759 2276 3815 omnes

694 3841 883 3895 bestia:
915 3839 1055 3910 agri,
1101 3853 1296 3909 pecora
1330 3840 1384 3894 in
1431 3839 1706 3894 montibus
1745 3848 1800 3893 et
1829 3837 2012 3892 boves.
2033 3836 2275 3908 Cognovi

694 3934 877 3988 omnia
905 3931 1145 3987 volatilia
1177 3932 1302 3988 εαξη
1336 3941 1392 3987 et
1439 3931 1651 4000 species
1685 3931 1801 4000 agri
1836 3945 2049 3985 mecum
2081 3939 2185 3986 est.
2215 3931 2273 3986 Si

695 4025 964 4087 esuriero.
1007 4039 1115 4078 non
1167 4023 1343 4078 dicam
1403 4023 1532 4089 tibi;
1588 4037 1742 4078 meus
1780 4032 1862 4077 est
1919 4023 2065 4078 enim
2123 4023 2272 4077 orbis

694 4126 877 4183 terras,
907 4127 962 4172 et
986 4117 1267 4188 plenitudo
1296 4117 1436 4188 ejus.
1481 4115 1736 4186 Nunquid
1779 4114 2119 4170 manducabo
2151 4128 2274 4169 car-

697 4223 794 4264 nes
856 4209 1184 4264 taurorum?
1239 4218 1332 4262 aut
1391 4209 1709 4278 sanguinem
1746 4209 2019 4260 hircorum
2050 4205 2279 4276 potabo?

691 4301 918 4374 immola
955 4300 1067 4354 Deo
1098 4300 1433 4355 sacriﬁcium
1467 4299 1640 4354 laudis
1671 4316 1687 4353 :
1718 4308 1773 4352 et
1802 4300 1965 4353 redde
1995 4299 2275 4353 Altissimo

696 4381 820 4449 vota
846 4401 960 4447 tua.
980 4391 1046 4446 Et
1070 4392 1261 4447 invoca
1296 4405 1382 4445 me
1403 4390 1454 4445 in
1486 4390 1574 4446 die
1599 4389 1986 4456 tribulationis,
2002 4399 2057 4446 et
2082 4405 2271 4445 eruam

2380 3369 2470 3423 τοῦ
2496 3371 2770 3443 διακρῖναι
2803 3374 2893 3427 τὸν
2928 3374 3059 3428 λαὸν
3089 3376 3275 3433 αὑτοῦ.
3303 3379 3647 3448 Συναγάγετε
3675 3382 3826 3455 αὐτῷ
3854 3386 3993 3451 τοὺς

2379 3464 2559 3527 ὁσίους
2579 3465 2762 3529 αὐτοῦ,
2787 3467 2912 3530 τοὺς
2945 3467 3352 3539 διατιθεμένους
3385 3471 3484 3543 τὴν
3513 3471 3780 3545 διαθήκην
3814 3475 3990 3530 αὑτοῦ

2377 3555 2471 3608 ἐπὶ
2503 3554 2734 3621 θυσίαις.
2770 3557 2880 3610 Καὶ
2911 3560 3299 3628 ἀναγγελοῦσιν
3329 3563 3377 3615 oi.
3411 3563 3631 3634 οὐρανοὶ
3653 3565 3752 3637 τὴν
3779 3565 3990 3622 δικαιο-

2377 3647 2545 3718 σύνην
2585 3647 2769 3711 αὐτοῦ,
2794 3650 2872 3702 ὅτι
2905 3651 2932 3702 ὁ
2961 3650 3094 3714 Θεὸς
3118 3654 3311 3724 κριτής
3340 3654 3504 3708 ἐστιν.
3541 3657 3824 3724 Ἄκουσον,
3849 3659 3985 3726 λαός

2385 3755 2507 3810 μου,
2539 3737 2634 3792 καὶ
2662 3738 2881 3808 λαλήσω
2904 3757 2984 3792 σοι
3005 3757 3016 3769 ·
3067 3741 3283 3813 Ἰσραὴλ
3308 3783 3322 3805 ,
3356 3743 3452 3796 καὶ
3489 3745 3978 3819 διαμαρτυροῦμαί

2381 3849 2464 3884 σοι
2483 3849 2496 3862 ο
2528 3833 2722 3898 ὁθεὸς,
2742 3833 2915 3898 ὁΘεός
2947 3850 3040 3885 σου
3072 3834 3186 3903 εἰμὶ
3205 3833 3333 3903 ἐγώ.
3354 3836 3467 3889 Ούκ
3487 3837 3579 3890 ἐπὶ
3607 3843 3728 3905 ταῖς
3762 3840 3984 3907 θυσίαις

2323 3940 2325 3942 ·
2379 3941 2472 3977 σου
2510 3924 2713 3993 ἐλέγξω
2744 3942 2803 3978 σε
2823 3942 2835 3954 ·
2873 3926 2939 3979 τὰ
2962 3925 3016 3977 δέ
3046 3925 3471 3998 ὁλοκαυτώματα
3493 3945 3585 3982 σου
3616 3929 3847 3986 ἐνώπιόν
3875 3951 3985 4004 μου

2376 4018 2493 4071 ἐστὶ
2522 4018 2830 4082 διαπαντός.
2857 4019 2932 4070 Ού
2955 4017 3175 4088 δέξομαι
3202 4020 3264 4071 ἐκ
3286 4019 3377 4071 τοῦ
3409 4020 3559 4075 οἴκου
3591 4039 3685 4076 σου
3717 4026 3978 4096 μόσχους,

2379 4112 2497 4165 ούδὲ
2552 4114 2616 4166 ἐκ
2661 4112 2766 4166 τῶν
2817 4113 3078 4183 ποιμνίων
3111 4130 3204 4166 σου
3244 4117 3548 4188 χιμάρουςο
3585 4118 3667 4170 ὅτι
3713 4121 3824 4190 ἐμά
3858 4121 3981 4173 ἐστι

2380 4205 2556 4260 πάντα
2588 4206 2655 4260 τὰ
2685 4205 2847 4277 θηρία
2882 4205 2976 4257 τοῦ
3023 4205 3216 4275 ἀγροῦ,
3248 4208 3420 4279 κτήνη
3452 4209 3510 4261 ἐν
3539 4210 3650 4273 τοῖς
3684 4209 3837 4281 ὄρεσι
3879 4209 3979 4263 καὶ

2377 4296 2520 4369 βόες.
2557 4298 2812 4366 Ἔγνωκα
2865 4297 3040 4352 πάντα
3092 4298 3159 4351 τὰ
3204 4299 3425 4352 πετεινὰ
3467 4299 3557 4353 τοῦ
3587 4299 3840 4372 ούρανοῦ,
3879 4303 3976 4355 καὶ

2374 4389 2643 4461 ὼραιότης
2671 4389 2840 4461 ἀγροῦ
2866 4389 2974 4462 (87)
3017 4390 3132 4461 μετ’
3167 4390 3299 4461 ἐμοῦ
3330 4392 3496 4445 ἐστιν,
3552 4392 3676 4445 Ἐὰν
3706 4394 3974 4459 πεινάσω,

762 4572 810 4603 ’⁸
848 4572 1014 4627 Amos
1064 4585 1117 4637 v,
1150 4570 1216 4625 18
1251 4585 1424 4640 usque
1457 4570 1525 4625 ad
1556 4568 1742 4636 linem,
1773 4579 1828 4626 et
1862 4585 1935 4637 VI,
1977 4569 2090 4625 1-6.
2170 4568 2280 4629 7³..Ι

2403 4586 2503 4636 vn,
2537 4570 2624 4632 2i,
2654 4570 2742 4624 ‘22.

764 4750 875 4823 (81)
931 4753 1008 4825 Οὶλ
1046 4750 1497 4825 ὼνομασμένοιη
1528 4749 1648 4806 Jam
1705 4751 1884 4825 mulli
1911 4752 2274 4806 observarunt

2451 4753 2563 4825 (84)
2602 4755 2666 4807 Οἱ
2697 4715 3170 4822 ἐπικροτοῦκτες.
3209 4752 3298 4825 Ita,
3337 4751 3506 4807 editio
3553 4751 3675 4825 Ald.
3713 4762 3777 4815 et.
3801 4751 3973 4810 Com-

694 4822 834 4893 dnas
858 4821 969 4877 hoc
997 4822 1118 4877 loco
1157 4822 1638 4893 interpretationes
1679 4838 1708 4875 a
1749 4821 1963 4877 Justino
1994 4825 2270 4893 conjungi.

694 4892 829 4946 Nam
855 4893 993 4961 apud
1022 4889 1378 4963 Septuaginta
1409 4910 1505 4964 pro
1538 4895 1622 4947 his
1657 4895 1836 4947 verbis
1864 4896 1912 4946 οί
1947 4889 2274 4964 ὠνομασμέ-

692 4981 824 5036 νοιὶ
860 4974 996 5036 el_c_.,
1055 4965 1316 5018 habemus
1388 4963 1598 5018 tantum
1657 4963 2270 5036 ἀπετρύγησανίάρχὰς

693 5033 886 5088 ἐθνῶν.
913 5033 1044 5095 Non:
1070 5045 1249 5088 tamen
1277 5036 1604 5089 crediderim
1636 5039 1773 5089 duas
1802 5033 1830 5087 ἐξ
1860 5033 2076 5089 JuStino
2107 5033 2272 5089 inter-

692 5107 1025 5174 pretatioues
1052 5105 1372 5175 'conjunctas
1402 5105 1590 5170 fuisse;
1625 5106 1717 5158 sed
1751 5106 2088 5175 probabilius
2120 5107 2272 5160 vide-

698 5188 786 5228 tur
817 5191 962 5239 eum,
1019 5177 1068 5228 id
1121 5174 1263 5245 quod
1309 5177 1359 5230 ei
1403 5191 1510 5230 nou
1566 5190 1692 5229 raro
1743 5177 1964 5240 accidit,
2006 5174 2167 5228 aliter
2211 5192 2278 5228 ac

696 5246 1049 5315 Septuaginta
1113 5248 1529 5314 interpretatum
1591 5260 1747 5310 esse;
1798 5261 2025 5314 quorum
2079 5245 2273 5300 deinde

694 5317 1078 5384 interpretatio
1112 5317 1179 5370 ad
1215 5318 1514 5384 marginem
1551 5318 1620 5370 ab
1652 5317 1834 5386 aliquo
1865 5315 2087 5370 librario
2109 5332 2275 5386 appo-

693 5388 819 5450 sita,
855 5387 1015 5439 facile
1049 5387 1102 5440 in
1137 5396 1343 5455 textum
1378 5387 1639 5455 obrepere
1675 5388 1872 5453 potuit.

768 5456 875 5528 (8'2)
916 5457 1180 5530 Ἑαυτοῖς
1213 5453 1392 5530 οἶκος.
1430 5453 1598 5511 Biblia
1638 5455 1876 5512 Romana
1913 5457 2066 5530 αὐτοὶ
2104 5453 2271 5521 οἶκος.

691 5526 961 5595 Coniptut.
999 5531 1078 5591 εἰς
1111 5529 1272 5581 αὐτού
1287 5548 1325 5591 ς.
1692 5580 1696 5584 ,

765 5599 876 5671 (85)
898 5596 1144 5671 Πάντες.
1167 5598 1305 5654 LXX
1339 5613 1446 5652 non
1501 5597 2100 5671 adduiitsig_Xa).dv1-jv,
2129 5600 2272 5654 unde

693 5668 918 5740 conjicit
953 5670 1197 5723 Nobilius
1231 5675 1367 5724 duas
1407 5671 1688 5740 versiones
1729 5688 1758 5722 a
1793 5668 2007 5724 Justino
2037 5673 2266 5740 conjun-

697 5753 814 5795 ctas
856 5738 1047 5802 fuisse,
1093 5742 1219 5810 quia
1261 5759 1280 5792 ι
1338 5741 1387 5794 in
1441 5738 1671 5794 llebr:eo
1705 5743 1888 5802 dictio,
1919 5758 2038 5810 quae
2096 5738 2266 5812 signi-

695 5817 821 5865 ticat
849 5825 1058 5875 omnes,
1099 5826 1203 5868 i.ou
1239 5812 1669 5866 niultum'distat
1705 5829 1733 5862 a
1774 5811 2033 5865 Chalaue.
2081 5834 2097 5864 ι

2383 4825 2516 4892 plut.
2546 4823 2601 4878 et
2630 4827 2750 4878 cod.
2782 4827 2938 4878 Alex.
2975 4835 3027 4894 et
3075 4823 3445 4878 Tertullianus
3480 4829 3535 4894 et
3568 4824 3802 4894 Cyrillus
3835 4827 3972 4880 Ale-

2384 4897 2707 4957 χειιιιιτίιιυε,
2739 4896 2960 4962 aliique.
2993 4893 3218 4963 Legitur
3239 4893 3665 4965 ἐπικρατοῦντες
3691 4895 3746 4948 iu
3779 4895 3971 4950 Bibliis

2380 4965 2664 5019 Romanis.
2705 4966 3015 5019 Ίίιιειωιυε.

2413 5036 2566 5122 φ(85)
2611 5037 2706 5089 Ἐν
2745 5035 2988 5106 φιάλαις
3020 5030 3206 5090 οἶνον.
3236 5032 3378 5091 LXX
3415 5051 3428 5087 :
3461 5034 3566 5090 Τὸν
3625 5035 3970 5107 διυλισμένον

2382 5124 2544 5160 οινον.

2454 5179 2562 5250 (86)
2595 5177 2720 5232 Τῶν
2745 5174 3220 5246 ἀποικιζομένων.
3250 5177 3376 5232 Haec
3389 5178 3593 5250 desunt
3624 5176 3765 5244 apud
3787 5175 3962 5250 LXX.

2381 5249 2584 5302 Desunt
2618 5251 2780 5302 etiam
2810 5265 2930 5316 quae
2963 5261 3288 5317 sequuntur,
3315 5249 3410 5301 καὶ
3447 5249 3966 5317 μεταστραφήσεται

2371 5320 2582 5390 οἴκημα
2616 5319 2956 5390 κακούργων.
2989 5317 3140 5373 Unde
3176 5322 3226 5371 iu
3255 5322 3338 5373 his
3364 5319 3600 5372 vncibus
3632 5326 3766 5370 duas
3791 5332 3965 5373 tuter-

2383 5389 2727 5462 pretationes
2761 5389 2958 5462 eruditi
2996 5389 3092 5441 viri
3129 5390 3510 5444 observarunt.

2450 5460 2559 5531 (87)
2601 5459 2829 5530 ’Δγ-ροῦ.
2870 5457 3106 5531 Uterque
3161 5464 3330 5515 codex
3379 5462 3444 5513 ad
3501 5461 3801 5531 marginem
3851 5458 3961 5531 τοῦ

2381 5529 2608 5602 δρυμοῦ,
2669 5532 2861 5602 et__sic
2909 5529 2981 5602 Ii:
3011 5531 3316 5597 Stephanus
3350 5532 3415 5584 ad
3449 5529 3674 5602 calcem.
3736 5529 3960 5599 Legitur

2383 5599 2586 5674 δρυμοῦ
2642 5602 2694 5654 in
2729 5599 2918 5674 Bibliis
2956 5600 3239 5664 Romanis,
3273 5604 3414 5654 unde
3461 5600 3717 5674 colligere
3763 5615 3928 5674 passu

2382 5670 2501 5726 mus
2537 5689 2640 5726 non
2678 5688 2704 5723 a
2741 5670 2950 5725 Justino
2999 5683 3180 5724 ortum
3215 5686 3358 5735 esse,
3393 5673 3489 5724 sed
3524 5687 3554 5724 a
3591 5671 3854 5738 librariis,
3898 5681 3961 5726 ut

2381 5744 2577 5812 duplex
2615 5743 2884 5797 interdum
2920 5753 3233 5797 occurreret
3268 5742 3666 5811 interpretatio.
