4132 6430
1124 457 1466 519 DIALOGUS
1497 458 1644 516 CUM
1677 454 2050 515 TRYPHONE
2081 454 2365 525 JUDAZOJ

3324 461 3430 520 526

149 582 231 634 (ὖ
266 580 342 652 μή
371 597 452 634 σοι
478 579 647 634 εἴπωο
683 576 793 650 ἐμὴ
839 577 946 651 γάρ
986 576 1134 631 ἐστιν
1167 581 1200 650 ὴ
1243 579 1534 652 οἰκουμένη
1566 579 1662 634 καὶ
1689 578 1745 633 τὺ

1853 587 1926 645 te,
1986 587 2043 632 et
2104 574 2494 631 honoriﬁcabis
2545 588 2653 632 me.
2700 575 2983 632 Peccatori
3041 559 3223 633 autem
3288 581 3429 634 dixit

149 675 446 746 πλήρωμα
483 673 670 744 αὐτῆς.
701 672 794 743 Μὴ
834 673 1096 742 φάγωμαι
1121 671 1259 743 κρέα
1286 673 1578 744 ταύρων,ἥ
1611 667 1752 743 αἷμα

147 767 389 838 τράγων
419 766 660 835 autumat;
697 761 854 816 θῦσον
884 762 960 833 τῷ
983 761 1102 834 Θεῷ
1127 762 1317 818 θυσίαν
1345 765 1623 828 αἰνέσεως,
1658 763 1752 816 καὶ

145 859 366 922 ἀπόδος
392 858 468 944 τιῖδ
509 856 744 927 ’Υψίστῳ
768 857 864 919 τὰς
889 856 1052 926 εὐχάς
1081 873 1196 919 σου,
1227 856 1319 909 καὶ
1339 855 1658 910 ἐπικάλεσαί
1684 873 1750 926 με

150 952 226 1004 ὲν
271 951 458 1022 ἡμέρα
504 949 754 1018 θλίψεως,
789 948 882 1001 καὶ
931 947 1216 1018 ὲξελοῦμαί
1258 965 1338 1011 σε,
1388 948 1482 1001 κα).
1510 947 1752 1012 δοξάσεις

153 1059 258 1111 με.
295 1041 386 1111 Τῷ
415 1041 472 1093 δέ
503 1038 808 1111 ἁμαρτωλῷ
850 1036 1002 1092 εἶπεν
1033 1041 1060 1093 ὁ
1099 1041 1250 1103 Θεός·
1287 1040 1404 1092 Ἵνα
1449 1040 1501 1092 τί
1553 1041 1615 1092 σὺ
1654 1042 1744 1092 ἐκ-

155 1135 335 1203 διηγῇ
366 1133 431 1185 τὰ
455 1131 798 1202 δικαιώματά
827 1150 948 1202 μου,
974 1131 1069 1184 καὶ
1099 1131 1500 1202 ἀναλαμϐάνεις
1529 1131 1624 1202 τὴν
1640 1133 1751 1186 δια-

152 1224 346 1296 θήκην
388 1242 486 1295 μου
537 1225 622 1277 διὰ
653 1223 919 1294 στόματός
963 1241 1056 1276 σου
1099 1224 1244 1295 (88);
1285 1224 1356 1276 Σὺ
1387 1224 1447 1276 δὲ
1482 1223 1750 1296 ἐμίσησας

153 1317 418 1370 παιδείαν
449 1317 542 1369 κα)⁸
567 1314 816 1381 ἐξέϐαλες
846 1317 970 1380 τοὺς
1004 1316 1193 1384 λόγους
1222 1334 1321 1386 μου
1347 1317 1424 1380 είς
1450 1317 1517 1369 τὰ
1548 1317 1742 1370 ὀπίσω.

152 1411 229 1462 Ei
271 1409 528 1480 ἐθεώρεις
576 1407 834 1478 κλέπτην,
872 1408 1189 1479 συνέτρεχες
1238 1408 1418 1478 αὐτῷ’
1470 1409 1562 1462 καὶ
1613 1410 1749 1479 μετὰ

158 1500 357 1571 μοικοῦ
397 1499 492 1570 τὴν
527 1500 716 1572 μερίδα
754 1517 846 1552 σου
877 1499 1089 1563 ἐτίθεις.
1123 1500 1196 1551 Τὸ
1235 1499 1406 1570 στόμα
1441 1516 1532 1551 σου
1565 1501 1750 1553 ἐπλεό-

149 1611 294 1646 νασε
341 1594 556 1657 κακίαν,
614 1593 707 1645 καὶ
805 1591 1022 1660 γλῶσσά
1068 1609 1160 1643 σου
1212 1591 1536 1662 περιέπλεκε
1580 1592 1749 1645 δολιό‹

151 1703 351 1755 τιητας.
383 1685 704 1756 Καθήμενος
739 1683 879 1738 κατὰ
915 1683 1003 1736 τοῦ
1035 1683 1261 1752 ἀδελφοῦ
1288 1701 1379 1736 σου
1407 1683 1746 1749 κατελάλεις,

149 1778 422 1831 καὶκατὰ
449 1777 537 1830 τοῦ
574 1777 689 1830 υίοῦ
721 1778 816 1847 τῆς
841 1777 1044 1848 μητρός
1076 1793 1169 1828 σου
1199 1775 1394 1840 ἐτίθεις
1432 1776 1742 1830 σκάνδαλον.

148 1871 350 1924 Ταῦτα
377 1869 659 1940 ἐποίησας,
692 1870 786 1923 καὶ
816 1869 1048 1943 ἐσίγησα
1067 1885 1080 1897 ·
1112 1867 1380 1932 ὑπέλαϐες
1418 1868 1644 1939 ἀνομίαν
1666 1871 1746 1922 ὅτι

1856 669 1998 724 Deus
2030 687 2044 723 :
2079 668 2258 735 Quare
2294 677 2350 721 tu
2404 682 2630 722 enarras
2670 668 2913 736 jnstitias
2961 683 3133 734 meas,
3159 679 3214 725 et
3263 686 3427 726 assu-

1819 774 1822 779 '
1855 762 1956 816 mis
1989 770 2371 815 testamentum
2408 775 2584 816 meum
2614 775 2710 829 per
2737 775 2799 814 os
2826 764 3018 817 tuum?
3042 761 3122 817 Tu
3157 779 3288 820 vero
3312 766 3438 820 odi-

1853 855 1923 907 sti
1955 854 2399 922 .disciplinam,et
2431 852 2708 922 projecisti
2739 867 3020 910 sermones
3052 871 3202 911 meos
3232 866 3437 912 retror-

1853 963 1995 1003 sum.
2021 946 2080 1001 Si
2127 948 2352 1001 videbas
2395 947 2595 1013 furem,
2637 948 2899 1004 cnrrebas
2927 965 3050 1005 eum
3085 965 3171 1018 eo,
3209 949 3264 1004 e‘t
3309 965 3436 1006 cum

1853 1040 2100 1096 adultero
2129 1039 2432 1108 portionem
2487 1049 2635 1094 tuam
2677 1042 2939 1111 ponebas.
2973 1041 3046 1098 Os
3078 1051 3227 1098 tuum
3259 1044 3436 1098 abun-

1853 1132 2006 1187 davit
2050 1133 2262 1187 malitia
2295 1151 2310 1187 :
2343 1143 2398 1188 et
2429 1133 2610 1205 lingua
2652 1146 2741 1189 tua
2771 1136 3137 1191 concinnabat
3177 1136 3438 1190 dolosita-

1854 1232 1984 1281 tem.
2020 1225 2224 1280 Sedens
2271 1226 2539 1281 adversus
2595 1226 2823 1282 fratrem
2868 1236 3017 1281 tuum
3063 1227 3430 1296 loquebaris:

1849 1327 1906 1373 et
1963 1320 2227 1374 adversus
2283 1319 2452 1374 ﬁlium
2511 1322 2705 1376 matris
2765 1331 2869 1376 tuae
2911 1321 3158 1391 ponebas
3205 1321 3436 1376 scanda-

1851 1410 1985 1467 lum.
2031 1411 2159 1466 Ilzec
2214 1413 2416 1476 fecisti,
2452 1422 2506 1467 et
2542 1414 2685 1468 tacui
2721 1431 2734 1467 :
2770 1417 3082 1482 suspicatus
3112 1430 3171 1468 es
3201 1430 3289 1468 me
3331 1413 3438 1467 ini-

1849 1506 2198 1574 quitate.tibi
2244 1507 2359 1562 fore
2408 1507 2660 1562 similem.
2698 1508 2936 1578 Arguam
2977 1519 3050 1574 te,
3103 1516 3159 1561 et
3191 1516 3431 1562 statuam

1850 1606 2036 1650 contra
2110 1585 2306 1654 [aciein
2361 1607 2511 1655 tuam
2578 1611 2798 1670 peccata
2855 1611 2965 1655 tua.
3004 1600 3295 1670 Inlclligite
3329 1600 3436 1653 nti-

1850 1704 1954 1758 que
1982 1691 2097 1744 haec
2115 1692 2202 1759 qui
2231 1691 2620 1747 obliviscimini
2654 1692 2857 1759 Deum;
2892 1707 2957 1747 ne
2988 1693 3209 1762 quando
3239 1692 3432 1760 rapiat,

1853 1791 2046 1835 etnon
2085 1783 2157 1838 sit
2196 1783 2288 1854 qui
2337 1785 2556 1854 eripiat.
2588 1784 2936 1839 Sacriﬁcium
2990 1783 3166 1838 laudis
3214 1783 3437 1838 honori-

1852 1872 2053 1926 ﬁcabit'
2081 1889 2166 1928 me
2218 1893 2231 1928 :
2281 1884 2335 1928 et
2370 1875 2480 1928 illic
2525 1877 2652 1940 iter,
2687 1891 2796 1945 quo
2831 1878 3113 1930 ostendam
3167 1875 3244 1929 illi
3287 1874 3432 1929 salu-

144 1966 356 2037 ἔσομαί
382 1984 462 2019 σοι
492 1967 694 2036 ὅμοιος.
738 1962 968 2033 Ἐλέγξω
993 1980 1075 2026 σε,
1105 1963 1198 2016 κα)¹
1231 1965 1564 2034 παραστήσω
1602 1964 1743 2017 κατὰ

1852 1973 1968 2020 tare
2000 1982 2175 2020 meum
2195 1967 2260 2032 9?.
2288 1987 2306 2020 ι
2335 1966 2523 2037 Itaque
2549 1969 2818 2024 sacriﬁcia
2840 1983 2939 2022 nec
2969 1983 2997 2021 a
3032 1968 3182 2022 vobis
3219 1966 3432 2034 recipit,

146 2055 453 2124 πρόσωπόν
503 2071 594 2106 σου
648 2053 746 2117 τὰς
796 2053 1072 2123 ἁμαρτίας
1122 2070 1234 2104 σου.
1285 2052 1476 2105 Σύνετε
1514 2052 1576 2122 δὴ
1612 2053 1743 2106 ταῦ-

145 2165 225 2200 τα
260 2145 357 2218 [οἱ]
395 2145 873 2216 ἐπιλανθανόμενοι
919 2144 1009 2196 τοῦ
1049 2144 1206 2208 Θεοῦ,
1256 2147 1459 2215 μήποτε
1496 2146 1739 2216 ἁρπάσῃ,

146 2237 252 2290 καὶ
292 2238 351 2290 οὐ
551 2239 578 2289 ό
613 2237 892 2306 ῥυόμενος.
932 2236 1100 2289 Θυσία
1127 2237 1384 2301 αἰνέσεως
1411 2237 1620 2302 δοξάσει
1651 2255 1737 2307 με,

146 2330 249 2382 καὶ
277 2332 396 2383 ἐκεῖ
419 2330 534 2392 ὁδὸς
621 2327 778 2392 δείξω
805 2327 956 2398 αὑτῷ
989 2327 1048 2380 τὸ
1073 2328 1337 2400 σωτήριόν
1375 2346 1495 2397 μου.
1544 2349 1560 2377 ι
1601 2328 1739 2382 Οῠτε

142 2416 249 2474 οὖν
290 2420 481 2488 θυσίας
525 2420 653 2491 παρ’
686 2419 838 2490 ὑμῶν
869 2420 1158 2490 λαμϐάνει,
1184 2420 1307 2474 οὔτε
1333 2420 1407 2484 ὼς
1437 2420 1621 2491 ἐνδεὴς
1647 2421 1745 2492 τὴν

141 2513 330 2582 ἀρχὴν
358 2513 658 2566 ἐνετείλατο
673 2515 868 2575 ποιεῖν,
898 2511 1031 2565 ἀλλὰ
1053 2511 1142 2564 διὰ
1156 2511 1254 2575 τὰς
1271 2511 1544 2581 ἁμαρτίας
1566 2512 1737 2580 ὑμῶν.

141 2605 267 2657 Καὶ
306 2604 414 2676 γὰρ
458 2605 547 2657 τὸν
583 2605 707 2658 ναὸν
745 2604 834 2658 τὸν
870 2605 928 2656 ἐν
975 2603 1331 2674 Ἰερουσαλὴμ
1358 2602 1737 2674 ἐπικληθέντα,

143 2695 252 2764 οὐχ
287 2694 362 2758 ὡς
395 2695 574 2766 ἐνδεὴς
607 2695 700 2756 ὢν,
729 2694 1077 2766 ὡμολόγησεν
1107 2690 1254 2747 οἷκον
1283 2693 1444 2746 αὑτοῦ
1481 2694 1512 2765 ἢ
1547 2694 1736 2766 αὐλὴν,

1850 2073 2023 2127 neque
2073 2068 2128 2112 ut
2188 2059 2252 2113 iis
2302 2059 2549 2129 indigens
2589 2061 2652 2115 ab
2687 2061 2842 2116 initio
2883 2059 2998 2114 ﬁeri
3029 2059 3304 2129 praecepit,
3338 2059 3435 2112 sed

1848 2161 2069 2218 propter
2114 2162 2337 2221 peccata
2395 2164 2598 2208 vestra.
2652 2154 2787 2208 Nam
2842 2164 2895 2206 et
2931 2155 3108 2220 ipsum
3149 2152 3433 2221 templum,

1844 2245 1984 2311 quod
2015 2241 2557 2316 llierosolymitanum
2593 2247 2940 2311 dicitur,non
2979 2254 3037 2298 ut
3079 2259 3143 2301 eo
3175 2244 3433 2314 indigens

1847 2337 2066 2389 domum
2098 2352 2252 2390 suam
2287 2339 2368 2391 vel
2422 2339 2599 2392 aulam
2653 2339 2976 2408 appellavit;
3011 2339 3102 2392 sed
3149 2347 3209 2390 ut
3240 2337 3433 2390 saltem

1844 2425 1926 2479 ibi
1963 2427 2015 2479 in
2051 2441 2174 2480 eum
2224 2427 2420 2482 intenti
2467 2428 2761 2482 simulacra
2788 2444 2856 2484 ne
2888 2429 3163 2483 coleretis.
3194 2426 3326 2481 Rem
3359 2426 3430 2479 ita

1841 2531 1961 2571 esse
2003 2529 2148 2586 patet
2189 2535 2254 2574 ex
2315 2520 2402 2575 his
2433 2520 2589 2576 Isaiae
2635 2523 2815 2576 verbis
2847 2539 2859 2575 :
2894 2541 2909 2571 ι
2941 2521 3166 2588 Qualem
3198 2521 3420 2573 domum

1839 2607 2145 2664 aedilicastis
2189 2609 2342 2674 mihi,
2371 2611 2504 2664 dicit
2538 2610 2836 2665 Dominus?
2870 2611 3076 2666 leum
3113 2609 3245 2664 mihi
3273 2611 3432 2665 sedes

1837 2710 1938 2767 est,
1973 2711 2027 2754 et
2057 2713 2201 2756 terra
2233 2703 2526 2758 scabellum
2556 2703 2754 2773 pedum
2789 2704 3123 2757 meorum“.
3158 2719 3177 2754 ι

143 2784 271 2838 ἀλλ’
306 2788 452 2850 ὅπως
497 2787 596 2840 κᾶν
630 2788 770 2841 κατὰ
815 2787 972 2841 τοῦτο
1012 2786 1368 2859 προσέχοντες
1416 2786 1594 2857 αὐτῷ,
1655 2788 1728 2859 μὴ
1765 2792 2206 2868 εἰδωλολατρῆτε.
2268 2797 2377 2850 Καὶ
2430 2798 2512 2850 ὅτι
2558 2796 2714 2850 τοῦτό
2757 2800 2924 2860 ἐστιν,
2972 2795 3200 2858 Ἡσαΐας
3252 2793 3427 2862 λέγει’

146 2915 174 2952 ε
219 2882 378 2933 Ποῖον
431 2875 572 2933 οἶκον
614 2880 995 2952 ᾠκοδομήσατέ
1035 2896 1151 2951 μοις
1210 2879 1357 2947 λέγει
1414 2877 1634 2950 Κύριος.
1679 2881 1736 2933 Ὀ
1773 2884 2001 2954 οὐρανός
2069 2905 2156 2958 μοι
2198 2887 2406 2958 θρόνος,
2449 2889 2542 2940 καὶ
2577 2891 2610 2959 ή
2652 2889 2722 2958 γῆ
2776 2889 3064 2942 ὑποπόδιον
3093 2888 3203 2940 τῶν
3254 2885 3433 2938 ποδῶν

148 2991 280 3042 μου.
320 2993 338 3023 ι

223 3089 408 3148 XXIII.
447 3089 570 3144 Ἐὰν
608 3090 663 3142 δὲ
711 3087 883 3144 ταῦτα
938 3089 1112 3153 οὕτως
1158 3090 1231 3161 μὴ
1282 3089 1722 3162 ὁμολογήσωμεν,

146 3181 490 3252 συμϐήσεται
530 3183 662 3251 ἡμῖν
695 3183 772 3244 είς
808 3181 981 3235 ἄτοπα
1012 3181 1306 3252 ἐμπίπτειν
1349 3183 1629 3253 νοήματα,
1667 3182 1742 3246 ὡς

1911 3063 1938 3077 Α

1905 3092 1994 3145 25.
2046 3091 2357 3145 Judworum
2424 3093 2489 3145 de
2543 3091 2654 3160 lege
2680 3092 2936 3145 sententia
3000 3091 3259 3159 iniuriam
3319 3093 3430 3147 Deo

1855 3185 2002 3252 facit.
2059 3214 2114 3224 --
2163 3184 2316 3250 Quod
2376 3184 2421 3238 si
2479 3184 2594 3237 haec
2635 3183 2877 3252 proﬁteri
2921 3183 3176 3248 nolimus,
3221 3186 3436 3241 eveniet

145 3242 245 3328 τοί)
299 3242 461 3327 αὑτοῦ
513 3242 646 3326 Θεοῦ
698 3242 772 3343 μή
814 3275 964 3338 ὄντος
1001 3242 1094 3327 τοῦ
1141 3274 1282 3327 κατὰ
1317 3273 1408 3327 τὸν
1432 3242 1740 3344 ’ξΕνὼχΠκαί

1849 3277 2005 3331 nobis
2035 3285 2094 3328 ut
2124 3277 2176 3329 in
2209 3276 2477 3330 absurdas
2503 3275 2808 3330 incidamus
2853 3275 3238 3344 cegitationes,
3273 3278 3433 3348 quasi

145 3369 278 3429 τοὺς
333 3364 521 3427 ἄλλους
550 3365 773 3429 πάντας,
816 3367 864 3418 οἳ
927 3367 1063 3437 μήτε
1103 3367 1406 3438 περιτομὴν
1461 3365 1556 3436 τὴν
1603 3366 1743 3418 κατὰ

149 3459 336 3528 σάρκα
363 3456 593 3526 ἔχοντες,
629 3458 765 3528 μήτε
802 3456 1044 3510 σάϐϐατα
1077 3457 1373 3526 ἐφύλαξαν,
1407 3459 1543 3528 μήτε
1579 3457 1633 3509 δὲ
1673 3457 1742 3510 τὰ

150 3552 312 3615 ἄλλα,
330 3551 607 3614 Μωῦσέως
630 3551 1006 3621 ἐντειλαμένου
1028 3551 1200 3604 ταῦτα
1219 3554 1390 3604 ποιεῖν
1409 3569 1421 3580 ·
1453 3552 1485 3620 ἢ
1512 3551 1578 3604 τὰ
1603 3549 1742 3604 αὐτὰ

148 3643 335 3697 αὐτῶν
370 3642 477 3712 (89)
511 3643 693 3698 δίκαια
731 3645 804 3716 μὴ
847 3647 934 3698 ἀεὶ
978 3647 1086 3698 πᾶν
1117 3643 1272 3712 γένος
1317 3643 1619 3714 ἀνθρώπων
1653 3643 1740 3712 βε-

150 3733 451 3804 ΰουλῆσθαι
485 3736 779 3806 πράσσεινσ
821 3736 964 3807 ἅπερ
986 3735 1168 3804 γελοῖα
1202 3735 1295 3787 καὶ
1329 3735 1531 3804 ἀνόητα
1555 3734 1743 3805 ὁμολο-

151 3825 273 3890 γεῖν
319 3823 583 3891 φαίνεται.
642 3824 722 3876 Δι’
762 3824 943 3877 αίτίαν
990 3823 1045 3877 δέ
1097 3822 1193 3894 τὴν
1247 3822 1357 3876 τῶν
1399 3823 1741 3895 ἁμαρτωλῶν

151 3913 481 3985 ἀνθρώπων,
517 3916 606 3967 τὸν
639 3916 801 3968 αὑτὸν
837 3917 967 3970 ὄντα
994 3917 1081 3970 ἀεὶ
1105 3915 1275 3971 ταῦτα
1305 3916 1399 3968 καὶ
1431 3914 1497 3968 τὰ
1520 3915 1743 3970 τοιαῦτα

153 4007 472 4060 ἐντετάλθαι
498 4008 798 4078 ὁμολογεῖν,
840 4009 931 4062 καὶ
960 4008 1356 4080 φιλάνθρωπον,
1379 4009 1471 4062 καὶ
1497 4007 1744 4080 προγνώ-

156 4116 314 4169 στην,
362 4100 457 4152 καὶ
504 4101 746 4170 ἀνενδεῆ,
802 4101 895 4154 καὶ
942 4101 1166 4164 δίκαιον,
1211 4101 1303 4153 καὶ
1355 4099 1558 4168 ἀγαθὸν
1611 4102 1745 4154 ἁπο-

157 4193 369 4260 φαίνειν
402 4191 563 4244 ἐστίν.
584 4191 736 4244 Ἐπεὶ
762 4194 809 4244 εί
854 4193 927 4264 μὴ
953 4193 1125 4246 ταῦτα
1152 4192 1322 4255 οὕτως
1353 4191 1463 4263 ἔχει
1484 4234 1496 4255 ,
1516 4192 1744 4264 ἀποκρί-

156 4285 324 4339 νασθέ
358 4302 466 4355 μοι,
498 4279 542 4338 ὧ
573 4278 784 4357 ἄνδρες,
808 4287 936 4358 περὶ
963 4287 1072 4339 τῶν
1091 4285 1435 4358 ζητουμένων
1465 4287 1668 4339 τούτων
1716 4287 1743 4339 ὅ

155 4395 207 4429 τι
240 4378 706 4448 φρονεῖτε.-Κα“ι
726 4378 891 4449 μηδὲν
922 4377 1148 4450 μηδενὸς
1169 4374 1628 4453 ἀποκριναμένου,
1648 4376 1746 4429 Διὰ

155 4470 335 4524 ταῦτὰ
360 4489 440 4523 τοι
474 4471 604 4542 (90),
635 4464 681 4524 ὦ
714 4469 946 4542 Τρύφων
983 4471 1112 4542 (91),
1144 4471 1239 4524 καὶ
1269 4474 1380 4534 τοῖς
1403 4469 1745 4540 βουλομένοις

157 4563 518 4635 προσήλυτοις
562 4563 834 4631 γενέσθαι,
870 4563 1090 4635 κηρύξω
1149 4562 1259 4630 ἐγὼ
1292 4562 1432 4615 θεῖον
1473 4563 1650 4631 λόγον,
1685 4562 1744 4614 ὃν
1778 4597 1820 4653 D

160 4656 293 4728 παρ’
316 4655 522 4709 ἐκείνου
551 4655 757 4725 ἥκουσα
789 4654 883 4708 τοῦ
921 4655 1132 4727 ἀνδρός.
1171 4656 1362 4725 Ὁρᾶτε
1398 4656 1478 4708 ὃτι
1504 4655 1572 4707 τὰ
1602 4672 1744 4708 στοι-

160 4749 282 4816 χεῖα
320 4747 420 4799 οὐκ
479 4747 636 4818 ἀργεῖ
679 4745 811 4817 (92),
843 4745 962 4798 οὐδὲ
1026 4744 1371 4811 σαϐϐατίζει;
1412 4745 1626 4816 μείνατε
1676 4745 1752 4810 ὡς

229 4923 280 4956 ³⁸
319 4922 462 4978 Psal.
501 4940 623 4978 thx
670 4939 766 4994 per
801 4934 992 4978 totum.
1069 4924 1112 4957 "
1151 4926 1256 4980 lsa.
1293 4940 1439 4990 ιιι-ι,
1480 4929 1527 4979 l.

234 5102 788 5174 (88)Atd_otdpatdc
817 5119 956 5158 σου.
1011 5102 1249 5174 Uterque
1283 5105 1451 5159 codex
1487 5106 1554 5158 ad
1594 5119 1737 5158 mar-

167 5171 438 5245 ginemet
464 5171 529 5245 Β.
558 5171 962 5245 Stephanusiad
997 5171 1201 5229 calcem
1235 5177 1325 5229 διὰ
1360 5175 1585 5245 χειλέων
1619 5193 1733 5228 σου.

172 5240 726 5330 ΙηΙςεξῃιξίκσδομήσετε
777 5246 839 5330 in.
867 5244 1002 5324 Bibl.
1021 5255 1103 5330 ,ει
1129 5247 1282 5330 Apol.
1320 5263 1356 5300 ι.

236 5315 349 5387 (89)
383 5314 564 5387 Ἦμτει
586 5314 738 5369 αὐτὰ
773 5314 1325 5387 adrdw._Legenduin
1391 5333 1514 5372 esse
1576 5317 1609 5387 ἢ
1674 5317 1742 5370 τὰ

169 5384 312 5441 αὐτὰ
345 5384 507 5457 αὐτόν
539 5385 859 5456 Sylburgius
892 5384 1146 5454 conjecit.
1163 5385 1218 5440 Id
1248 5389 1470 5442 omnino
1502 5384 1743 5457 postulat

169 5456 451 5512 sententiae
481 5458 686 5526 series;
709 5466 819 5511 tum
855 5457 996 5526 quod
1032 5473 1184 5512 num.
1219 5459 1311 5522 30,
1346 5456 1597 5512 Justinus
1641 5461 1742 5512 ite-

170 5543 296 5582 rum
361 5527 436 5580 ait
485 5524 697 5581 Judzeos
744 5524 1031 5582 materiam
1096 5530 1225 5582 dare
1282 5529 1568 5583 accusandi
1624 5528 1739 5594 Dei,

169 5599 324 5668 quasi
370 5611 478 5668 non
519 5597 766 5668 eamdem
798 5614 1016 5668 semper
1043 5596 1310 5667 justitiam
1362 5602 1606 5652 homines
1641 5601 1740 5652 d0—

169 5666 367 5724 cuerit.
401 5666 566 5721 Paulo
599 5677 722 5736 ante
755 5666 1052 5736 legendum
1073 5670 1225 5732 ὅπως
1259 5669 1359 5722 κᾶν
1393 5671 1533 5722 κατὰ
1562 5669 1738 5723 τοῦτο.

235 5738 347 5811 (90)
382 5738 486 5811 Δίὰ
534 5735 724 5811 fatisci
770 5735 876 5792 τοι.
913 5737 1219 5809 Legendum
1272 5740 1360 5793 διὰ
1421 5739 1596 5793 ταῦτά
1655 5757 1739 5792 σοι

171 5807 380 5880 monuit
426 5807 491 5861 Β.
529 5807 858 5880 Stephanus,
893 5807 1078 5880 sicque
1122 5819 1468 5865 emendatum
1525 5813 1575 5864 in
1628 5813 1740 5864 edi-

172 5877 411 5934 tionibus
445 5881 514 5932 Pa
525 5879 863 5933 risieusibus.

237 5949 349 6021 (91)
367 5944 440 6004 Ὦ
465 5950 726 6020 Τρύφων.
744 5950 975 6020 Conjicit
996 5951 1274 6008 Thirlbius
1293 5951 1596 6008 addendum
1619 5968 1741 6008 esse

1848 3382 1953 3420 non
1988 3367 2128 3420 idem
2177 3367 2322 3421 Deus
2357 3366 2516 3419 fuerit
2559 3366 2895 3434 temporibus
2934 3364 3156 3421 Ηειιυςιι
3207 3377 3259 3420 et
3297 3369 3434 3422 alio-

1847 3457 2260 3520 rum-omnium,
2297 3456 2390 3525 qui
2429 3470 2527 3510 nec
2580 3454 3055 3512 circumcisionem
3101 3459 3284 3512 carnis
3329 3460 3432 3512 ha—

1845 3551 2032 3616 buere,
2067 3565 2166 3604 nec
2219 3550 2447 3604 sabbata
2498 3558 2552 3605 et
2595 3549 2698 3604 alia
2745 3550 3012 3619 ejusmodi
3045 3550 3433 3616 observarunt,

1846 3644 2044 3713 quippe
2072 3659 2196 3697 cum
2231 3659 2259 3696 a
2287 3641 2477 3714 Moyse
2504 3643 2749 3698 instituta
2775 3642 2978 3697 fuerint
3001 3662 3014 3709 ;
3039 3642 3122 3697 vel
3142 3658 3246 3699 non
3277 3659 3431 3698 eam-

1847 3733 2262 3800 demjustitiam
2317 3734 2384 3787 ab
2443 3734 2594 3786 omni
2641 3748 2857 3802 semper
2903 3733 3183 3787 hominum
3235 3749 3433 3804 genere

1846 3824 2126 3877 observari
2164 3823 2434 3886 voluerit;
2469 3837 2594 3890 quas
2629 3821 2875 3890 proiecto
2926 3820 3172 3890 proﬁteri
3226 3821 3433 3875 ridicu-

1851 3915 1959 3968 lum
1993 3925 2048 3968 ct
2078 3914 2304 3969 stultmn
2358 3930 2482 3968 esse
2508 3914 2698 3982 liquet.
2751 3913 2856 3968 Sed
2915 3928 3061 3981 eum,
3095 3913 3185 3982 qui
3215 3927 3434 3982 semper

1848 4008 1989 4062 idem
2021 4015 2124 4072 est,
2161 4006 2274 4061 hac
2307 4016 2362 4059 et
2390 4005 2497 4058 alia
2529 4005 2793 4074 ejusmodi
2852 4012 3070 4074 propter
3115 4013 3434 4072 peceatores

1847 4099 2091 4168 proﬁteri
2144 4097 2570 4169 praescripsisse,
2607 4105 2662 4151 et
2711 4095 3112 4166 perhumanum
3165 4095 3337 4159 illum,
3377 4105 3434 4148 et

1849 4189 2158 4258 praescium,
2191 4199 2246 4243 et
2283 4189 2486 4242 nullius
2514 4188 2594 4242 rei
2622 4202 2880 4257 egenum,
2910 4195 2963 4240 et
2988 4186 3201 4256 justum
3239 4195 3291 4240 et
3335 4185 3435 4239 bo-

1849 4298 1978 4336 num
2033 4283 2393 4352 pronuntiare
2428 4289 2531 4336 est.
2561 4279 2712 4347 Quod
2753 4280 2795 4334 si
2830 4281 2944 4334 huic
2971 4279 3043 4332 ita
3084 4293 3142 4333 se
3175 4278 3280 4331 non
3331 4279 3430 4332 ha-

1847 4372 2015 4437 bent,
2075 4375 2397 4442 respondete
2449 4373 2605 4436 mihi,
2635 4386 2668 4425 ο
2719 4371 2842 4435 viri,
2882 4370 2965 4424 his
3012 4370 3079 4423 de
3129 4371 3316 4432 rebus,
3366 4369 3435 4424 de

1847 4467 2045 4537 quibus
2095 4467 2408 4536 quan-imus,
2471 4465 2599 4535 quid
2684 4464 2953 4519 sentiatis.
3036 4462 3264 4517 Nemine
3341 4476 3433 4515 re-

1855 4561 2176 4631 spondente,
2205 4560 2299 4614 tibi
2349 4575 2502 4630 ergo,
2535 4559 2774 4629 Trypho,
2825 4557 2970 4612 etiis
3023 4557 3116 4624 qui
3169 4554 3430 4625 proselyti

1850 4669 1971 4710 esse
2019 4655 2315 4718 voluerint,
2345 4654 2584 4707 divinam
2643 4651 2970 4714 doctrinam,
3014 4664 3178 4718 quam
3213 4663 3279 4702 ex
3339 4647 3433 4700 illo

1861 4747 1979 4800 viro
2039 4746 2242 4809 audivi,
2293 4744 2623 4814 praedicabo.
2671 4741 2883 4796 Videtis
2922 4749 2982 4794 ut
3023 4740 3292 4795 elementa
3331 4745 3436 4792 nec

1844 5105 2002 5176 ἔφην,
2047 5104 2192 5175 quod
2245 5104 2467 5174 quidem
2523 5104 2748 5176 minime
2812 5102 3205 5176 necessarium.
3275 5101 3433 5170 Smpe

1846 5174 1992 5232 enim
2029 5174 2083 5229 in
2123 5184 2234 5230 toto
2293 5176 2519 5244 Dialogo
2571 5175 2684 5239 hoc;
2717 5174 2942 5228 verbum
2978 5174 3269 5244 omittitur.
3304 5189 3430 5230 cutn

1846 5263 2020 5302 novus
2084 5249 2219 5301 ordo
2282 5243 2535 5315 loquendi
2598 5246 2876 5314 incipitur.
2920 5261 2940 5294 ι
2981 5243 3248 5315 PrOselyti
3284 5263 3301 5294 ι
3343 5245 3432 5297 hic

1846 5318 2190 5386 intelligendi
2238 5320 2328 5386 qui
2358 5314 2442 5371 ad
2491 5316 2858 5370 Christianam
2894 5314 3211 5384 religionem
3265 5328 3430 5368 acce-

1848 5391 2002 5444 dunt.
2042 5389 2159 5443 Vid.
2198 5389 2334 5442 infra
2372 5405 2428 5441 n.
2461 5387 2554 5441 28.

1913 5459 2113 5531 (-9⁴3)Τὰ
2163 5459 2432 5527 στοιχεῖα
2621 5455 2805 5531 ἀργεῖ.
2842 5455 2987 5510 Idem
3037 5453 3264 5531 rationis
3313 5468 3434 5508 mo-

1850 5523 2116 5593 mentum.
2152 5523 2335 5599 cujus"
2363 5531 2477 5597 ipse
2509 5523 2762 5599 Christus
2778 5538 2984 5599 auctor
3036 5523 3325 5599 estLJoan.
3372 5541 3432 5599 γ,

1853 5604 1942 5665 17,
1971 5603 2109 5655 infra
2150 5594 2417 5672 repetitur
2448 5615 2601 5672 num.
2633 5598 2731 5672 g9.
2771 5597 2862 5652 Sic
2896 5598 3062 5672 etiam
3100 5594 3339 5672 Ililarius
3374 5596 3434 5648 in

1851 5675 2040 5742 psalm.
2076 5666 2224 5738 ιονιξ
2257 5687 2405 5726 num.
2447 5670 2476 5722 7
2513 5686 2526 5721 :
2565 5688 2582 5720 ι
2627 5669 2731 5742 Sed
2787 5670 3002 5738 requies
3050 5666 3194 5742 nulla
3230 5675 3335 5727 est,
3373 5676 3430 5718 et

1849 5738 2040 5798 cursus
2060 5745 2198 5796 idem
2226 5754 2329 5804 est,
2350 5750 2479 5795 etut
2511 5757 2601 5794 sex
2631 5741 2845 5802 diebus,
2874 5742 2947 5792 ila
2980 5747 3034 5791 ct
3068 5738 3291 5792 sabbato
3313 5752 3431 5788 oni-

1849 5818 1995 5868 nium
2031 5814 2420 5868 elementorum
2453 5811 2626 5874 ofﬁcia
2662 5812 3032 5864 continentur.
3075 5827 3093 5860 ι
3148 5809 3434 5860 Elementa

1847 5886 2036 5941 eodem
2072 5900 2231 5941 sensu
2264 5896 2488 5952 usurpat
2522 5881 2764 5938 Hilarius
2797 5896 2859 5936 ac
2894 5882 3132 5950 στοιχεῖα
3162 5876 3435 5935 Justinus.
