4132 6434
676 338 774 398 831

1571 338 1629 392 S.
1664 335 1930 392 JUSTINI
1971 332 2382 393 PRILOSOPHI
2417 335 2503 391 ET
2536 334 2896 391 MARTYRIS

3822 321 3967 389 ’531

750 462 827 511 Ac
858 454 1117 526 Trypho:
1166 452 1306 524 Quid
1355 463 1444 511 est
1486 454 1630 525 quod
1666 455 1796 509 ais?
1847 456 2124 509 neminem
2158 468 2258 507 no-

2432 452 2541 505 Καὶ
2582 455 2610 505 ὁ
2640 453 2903 523 Τρύφων·
2957 449 3023 505 Τί
3061 443 3154 504 οὖν
3204 450 3353 505 ἐστιν
3386 449 3415 503 6
3452 447 3635 519 λέγεις
3667 467 3683 517 ;
3724 449 3816 505 δτι
3854 449 3970 504 οὒ-

678 558 852 607 ιιι-ιιιῐι
887 549 1204 605 hzereclitate
1221 547 1511 619 quidquam
1537 556 1881 614 accepturum
1902 562 2020 601 esse
2039 547 2089 601 in
2110 560 2261 601 mon-

679 654 734 697 te
766 652 955 699 sancto
995 640 1131 697 Dei?

747 734 838 788 26.
873 733 1081 790 Iudicis
1134 735 1279 788 nulla
1311 733 1454 787 salus
1482 734 1583 785 nisi
1623 750 1714 801 per
1745 732 2049 799 Christum,
2103 734 2258 803 cujus

680 827 910 879 cultores
933 826 1303 890 salvubuntur,
1339 824 1551 878 etiamsi
1598 822 1759 893 legem
1792 842 1896 877 non
1931 834 2153 879 servent.
2192 856 2262 865 ——

681 916 749 970 Et
784 934 920 988 ego:
960 918 1076 971 Non
1112 918 1217 972 hoc
1252 918 1405 980 dico;
1444 930 1655 982 verum,
1691 917 1782 986 qui
1818 916 2096 972 Christum
2132 934 2259 988 per-

681 1013 855 1066 secuti
893 1021 1109 1066 suntet
1154 1021 1600 1082 persequuntur,
1651 1022 1815 1080 atque
1880 1013 2257 1081 paenitentiam

680 1118 789 1158 non
826 1112 1013 1174 agunt,
1049 1102 1251 1157 nullam
1287 1104 1503 1173 capient
1537 1104 1591 1159 in
1628 1114 1813 1159 monte
1866 1115 2055 1159 sancto
2088 1107 2259 1160 haere-

682 1193 927 1248 ‘ditatem.
972 1192 1175 1248 Gentes
1224 1202 1403 1249 autem
1451 1208 1571 1263 qua
1623 1195 1675 1247 in
1728 1194 1877 1247 illum
1927 1194 2258 1250 crediderint

680 1296 739 1340 et
771 1288 1146 1356 paenitentiam
1194 1288 1405 1355 egerint
1438 1301 1466 1339 a
1502 1286 1764 1356 peccatis,
1803 1287 1931 1356 ipsa:
1966 1287 2259 1341 haeredita-

681 1388 791 1432 tem
830 1377 1105 1433 habebunt
1139 1393 1262 1433 cum
1300 1378 1625 1446 patriarchis
1658 1387 1713 1433 et
1744 1380 2049 1449 prophetis,
2084 1390 2138 1435 et
2165 1380 2255 1449 ju-

681 1468 784 1523 stis
818 1469 1128 1538 quicunque
1161 1485 1189 1522 a
1225 1468 1429 1525 Jacobo
1496 1470 1753 1539 prognati
1819 1480 1977 1536 sunt,
2042 1472 2254 1527 etiamsi

681 1562 915 1616 sabbata
960 1576 1064 1615 non
1114 1570 1359 1627 servent,
1407 1577 1586 1632 neque
1638 1564 2123 1625 circumcidantur.
2162 1580 2257 1619 ne—

681 1667 792 1722 que
824 1653 941 1707 dies
976 1653 1473 1709 festos~celehrent.
1505 1652 1737 1708 Omnino
1760 1664 2001 1709 sanctam
2028 1655 2119 1709 Dei
2147 1656 2257 1709 hae-

682 1743 976 1800 reditatem
1023 1745 1273 1799 adibunt.
1329 1746 1474 1800 Deus
1508 1746 1653 1799 enim
1699 1763 1795 1816 per
1828 1746 2026 1801 Isaiam
2065 1748 2135 1801 ita
2173 1746 2253 1799 lo-

2362 543 2472 607 δεὶς
2499 546 2531 614 ή
2540 543 2653 613 μῶν
2676 543 3070 615 κληρονομήσει
3098 545 3154 596 ἐν
3188 542 3264 613 τῷ
3289 543 3404 614 ὄρει
3429 541 3505 613 τῷ
3528 541 3670 613 ἁγίῳ
3686 542 3784 596 τοῦ
3804 541 3966 598 Θεοί

2361 634 2512 688 οὐδέν
2535 652 2548 699 ;
3508 698 3513 705 ,

2430 725 2517 779 26.
2554 723 2741 793 Κάγὼ,
2774 724 2848 776 O6
2881 724 3056 789 τοῦτο,
3090 724 3252 795 φημὶ,
3302 723 3417 778 ἀλλ’
3470 726 3518 777 οἱ
3565 725 3654 777 τὸν
3699 724 3963 795 Χριστὸν

2359 816 2643 883 διώξαντες
2691 817 2785 870 καὶ
2830 816 3135 882 διώκοντες,
3175 817 3266 869 καὶ
3312 815 3384 887 μὴ
3437 816 3847 887 μετανοοῦντες,
3877 816 3957 869 οὐ

2360 908 2857 980 κληρονομήσουσιν
2892 911 2949 961 ἐν
3002 906 3079 977 τῷ
3128 907 3244 978 ὄρει
3276 906 3351 977 τῷ
3385 907 3527 977 ἁγίῳ
3554 906 3722 960 οὐδέν.
3765 907 3855 959 Τὰ
3883 906 3961 959 δὲ

2359 1002 2485 1073 ἔθνη
2527 1002 2593 1055 τὰ
2634 1000 2995 1055 πιστεύσαντα
3030 1002 3109 1064 εἰς
3157 1000 3339 1064 αὑτὸν,
3383 1000 3479 1053 καὶ
3528 999 3960 1069 μετανοήσαντα

2359 1095 2441 1164 ἐφ’
2473 1091 2553 1159 οἷς
2580 1096 2844 1165 ἥμαρτον,
2868 1094 3021 1147 αὐτοὶ
3048 1092 3514 1163 κληρονομήσουσι
3545 1090 3681 1161 μετά
3708 1088 3821 1142 τῶν
3844 1106 3963 1143 πα-

2357 1186 2633 1258 τριαρχῶν
2665 1184 2892 1238 καὶτῶν
2939 1184 3234 1255 προφητῶν
3280 1186 3375 1239 καὶ
3421 1182 3528 1236 τῶν
3570 1180 3793 1235 διγαίων
3822 1181 3961 1233 ὅσοι

2358 1279 2466 1333 ἀπὸ
2482 1278 2675 1332 Ἰακὼϐ
2701 1280 3076 1350 γεγέννηνται,
3096 1279 3142 1331 εί
3166 1278 3259 1332 καλ¹
3280 1278 3353 1347 μὴ
3370 1276 3769 1340 σαϐϐατίζουσι,
3799 1275 3961 1346 μηδὲ

2357 1371 2794 1442 περιτέμνονται,
2824 1371 2956 1443 μηδὲ
2990 1372 3087 1435 τὰς
3112 1371 3302 1441 ἑορτὰς
3328 1369 3677 1439 φυλάσσουσι.
3708 1368 3961 1431 Πάντως

2358 1461 2821 1533 κληρονομήσουσι
2842 1463 2937 1533 τὴν
2958 1462 3122 1531 ἁγίαν
3143 1460 3234 1515 τοῦ
3259 1461 3393 1514 Θεοῦ
3411 1460 3792 1532 κληρονομίαν.
3830 1459 3959 1516 Ai.-

2356 1568 2441 1621 γει
2471 1550 2577 1620 γὰρ
2605 1552 2632 1601 6
2657 1551 2789 1615 Θεὸς
2827 1551 2913 1605 διὰ
2945 1552 3164 1604 Ἡσαΐου
3210 1550 3380 1615 οὕτως
3400 1568 3413 1580 ·
3449 1570 3467 1602 ι
3497 1549 3637 1617 Ἐγὼ
3680 1548 3891 1619 Κύριος
3915 1549 3959 1600 ὁ

2356 1642 2486 1706 Θεὸς
2514 1641 2746 1701 ἐκάλεσα
2772 1658 2831 1693 σε
2861 1644 2918 1695 ἐν
2943 1642 3278 1713 δικαιοσύνη,
3304 1642 3398 1696 καὶ
3429 1642 3687 1713 κρατήσω
3705 1639 3808 1709 τῆς
3834 1655 3959 1708 χει-

2359 1735 2451 1805 ρός
2478 1750 2591 1798 σου,
2621 1735 2716 1788 καὶ
2758 1734 2962 1804 ίσχύσω
2994 1751 3076 1799 σε,
3120 1735 3214 1789 καὶ
3261 1733 3439 1789 ἐδωκά
3464 1750 3524 1785 σε
3559 1734 3639 1796 εἰς
3664 1730 3957 1800 διαθήκην

683 1836 896 1904 quitur:
934 1854 953 1888 ι
996 1835 1105 1904 Ego
1141 1837 1395 1891 Dominus
1436 1836 1574 1892 Deus
1622 1838 1808 1892 vocavi
1846 1849 1897 1893 te
1933 1838 1987 1892 in
2018 1839 2249 1907 justitia,

2362 1825 2566 1891 γένους,
2601 1828 2679 1888 είς
2708 1825 2823 1895 φῶς
2863 1824 3049 1891 ἐθνῶν,
3084 1826 3292 1891 ἀνοῖξαι
3339 1824 3648 1895 ὀφθαλμοὺς
3696 1821 3953 1891 τυφλῶν,

682 1938 738 1983 et
773 1929 969 1982 tenebo
1003 1928 1279 1982 dexteram
1314 1939 1486 1993 tuam,
1510 1938 1564 1982 et
1589 1926 1912 1983 conlortaho
1947 1939 2031 1994 te;
2068 1930 2255 1984 etdedi

684 2029 739 2074 te
774 2021 825 2073 in
866 2029 1256 2074 testamentum
1293 2020 1530 2090 generis,
1584 2020 1640 2074 in
1679 2019 1857 2074 lucem
1894 2022 2155 2089 gentium,
2191 2021 2258 2075 ad

684 2110 1036 2180 aperiendum
1086 2111 1275 2167 oculos
1330 2126 1637 2175 caecorum,
1690 2112 1758 2165 ad
1807 2112 2144 2165 educendum
2190 2110 2259 2166 de

679 2200 917 2256 vinculis
952 2202 1184 2269 vinctos,
1222 2212 1276 2256 et
1308 2203 1375 2256 de
1408 2205 1568 2256 domo
1602 2203 1846 2256 careeris
1913 2204 2169 2257 sedentes
2205 2204 2257 2257 in

684 2293 923 2347 tenebris
956 2294 1023 2347 ⁸³.
1068 2314 1087 2347 ι
1130 2294 1194 2348 Et
1231 2295 1457 2347 iterum:
1502 2312 1520 2344 ι
1557 2292 1757 2347 Levate
1789 2295 2002 2364 signum
2040 2296 2094 2349 in
2130 2310 2261 2363 gen-

682 2394 786 2437 tes.
823 2384 961 2439 Ecce
991 2386 1138 2439 enim
1192 2385 1454 2439 Dominus
1500 2384 1628 2438 fecit
1676 2387 1919 2440 auditum
1969 2402 2141 2455 usque
2190 2388 2258 2440 ad

682 2485 991 2530 extremum
1036 2485 1216 2531 teme.
1271 2476 1443 2530 Dicite
1488 2477 1704 2531 ﬁliabus
1758 2477 1928 2531 Sion:
1968 2478 2110 2532 Ecce
2161 2477 2255 2532 tibi

692 2565 948 2622 Salvator
983 2569 1154 2633 venit,
1190 2568 1397 2622 habens
1434 2571 1735 2623 mercedem
1773 2586 1952 2631 suam,
1986 2578 2041 2624 et
2072 2586 2261 2638 opusa

681 2658 826 2714 facie
868 2672 1008 2713 sua:
1055 2668 1107 2712 et
1143 2659 1359 2713 vocabit
1410 2638 1533 2714 eum
1568 2660 1826 2729 pepulum
1864 2668 2136 2724 sanctum,
2178 2676 2262 2715 re-

682 2750 961 2821 demptum
999 2764 1029 2804 a
1066 2750 1314 2805 Domino.
1352 2750 1431 2804 Tu
1468 2761 1646 2804 autem
1683 2751 1965 2805 vocaberis
2002 2753 2258 2819 requisita

682 2839 902 2905 civitas,
938 2850 994 2894 et
1027 2855 1132 2894 non
1169 2840 1445 2895 derelicta.
1486 2840 1617 2915 Quis
1652 2848 1735 2895 est
1770 2842 1871 2895 iste
1905 2842 1996 2909 qui
2032 2842 2178 2895 venit
2197 2843 2261 2897 de

683 2934 875 2995 Edom.
912 2935 1077 2989 rubor
1111 2937 1335 2987 vestium
1364 2934 1480 3003 ejus
1513 2935 1577 2988 de
1611 2933 1816 2988 Bosor?
1849 2933 1953 2988 Iste
1987 2932 2261 2990 formosus

684 3026 741 3081 in
776 3025 939 3091 stola,
977 3028 1284 3081 ascendens
1316 3023 1583 3079 violenter
1616 3042 1738 3080 cum
1777 3025 2261 3095 lortitudine?Ego

681 3119 881 3185 loquor
926 3117 1194 3188 justitiam
1227 3127 1280 3171 et
1306 3116 1575 3185 judicium
1611 3116 1891 3170 salutaris.
1952 3116 2131 3183 Quare
2167 3133 2259 3170 ru-

682 3172 780 3263 bra
817 3172 945 3262 sun;
974 3172 1325 3273 YeSlilMllla'
1347 3214 1469 3269 tua,
1519 3214 1572 3261 et
1606 3205 1918 3260 indumenta
1958 3217 2048 3261 tua
2099 3207 2257 3277 125
2287 3172 2328 3231 δ

680 3299 853 3353 veluti
899 3314 928 3354 a
978 3299 1237 3355 torculari
1290 3284 1552 3354 calcato:
1604 3312 1723 3353 uvae
1757 3298 1980 3353 calcatm
2028 3299 2259 3369 plenus?

682 3388 950 3447 Torcular
984 3406 1124 3446 unus
1160 3393 1275 3461 ipse
1308 3400 1364 3447 et
1397 3394 1547 3459 solus
1597 3391 1806 3446 calcavi
1828 3431 1843 3455 ,
1894 3400 1949 3445 et
1982 3394 2047 3446 de
2080 3393 2258 3461 genti.

681 3484 786 3539 bus
822 3499 929 3539 non
987 3493 1071 3539 est
1109 3483 1189 3537 vir
1223 3498 1465 3537 mecum:
1503 3492 1559 3537 et
1590 3483 1909 3539 conculcavi
1944 3498 2039 3538 eos
2084 3485 2137 3539 in
2172 3485 2258 3539 lu-

682 3592 848 3641 rore,
893 3586 949 3631 et
990 3574 1236 3645 confregi
1284 3590 1415 3639 eos,
1482 3576 1639 3644 quasi
1694 3584 1934 3642 terram,
1971 3586 2024 3631 et
2059 3577 2256 3632 deduxi

683 3670 1010 3738 sanguinem
1046 3685 1239 3724 eorum
1275 3669 1327 3723 in
1378 3680 1601 3724 terram.
1658 3668 1781 3723 Dies
1832 3670 1976 3723 enim
2027 3671 2261 3723 retribu-

684 3764 853 3819 tionis
886 3764 1035 3818 venit
1068 3764 1169 3827 eis,
1218 3772 1272 3818 et
1306 3778 1481 3817 annus
1532 3761 1922 3832 redemptionis
1968 3763 2145 3817 adest.
2196 3762 2261 3815 Et

686 3856 896 3923 aspexi,
951 3864 1007 3911 et
1038 3870 1145 3911 non
1180 3864 1301 3911 erat
1332 3853 1663 3919 auxiliator;
1712 3864 1767 3908 et
1800 3854 2169 3921 consideravi,
2204 3864 2261 3909 et

684 3946 869 4001 nullus
927 3947 1205 4015 praebebat
1260 3947 1545 4000 auxilium.
1583 3945 1649 3999 Et
1681 3948 1828 4000 eruit
1862 3947 2170 4013 brachium,
2206 3956 2261 4002 et

686 4040 842 4095 furor
907 4055 1061 4095 meus
1126 4041 1393 4095 advenit:
1449 4049 1504 4095 et
1561 4041 1878 4096 conculcavi
1944 4055 2037 4095 eos
2086 4042 2139 4096 in
2176 4041 2259 4098 ira

686 4148 833 4196 mea,
871 4139 926 4186 et
961 4132 1161 4185 deduxi
1197 4133 1251 4187 in
1288 4142 1488 4186 terram
1527 4134 1846 4202 sanguinem
1881 4148 2069 4187 eorum
2095 4134 2160 4189 ⁸⁸.
2199 4155 2217 4185 ι

755 4223 845 4276 27.
889 4221 997 4277 Cur
1036 4239 1126 4290 per
1169 4223 1448 4292 prophetas
1492 4225 1674 4277 eadem
1724 4224 1859 4276 Deus
1899 4226 2144 4291 prwcepit
2198 4242 2259 4279 ac

602 4378 605 4381 _
685 4328 779 4381 per
812 4310 1158 4381 Moysem.—
1189 4311 1286 4369 llic
1330 4312 1549 4384 Trypho
1588 4331 1601 4366 :
1640 4314 1749 4368 Cur
1777 4330 1897 4383 qua:
1931 4314 2147 4383 placent
2192 4331 2261 4371 ex

686 4407 1021 4474 propheticis
1063 4392 1414 4460 sermonibus
1458 4405 1657 4460 selecta
1706 4408 1943 4471 recitas;
1980 4423 2101 4477 qua:
2132 4422 2260 4463 vero

2358 1917 2643 1986 ἐξαγαγεῖν
2667 1919 2732 1972 ἐκ
2754 1916 2969 1989 δεσμῶν
3013 1917 3439 1989 πεπεδημένους,
3463 1917 3558 1971 καὶ
3583 1917 3640 1983 ἐξ
3658 1915 3809 1969 οἴκου
3842 1932 3962 1984 φυτ-

2364 2010 2536 2082 λακῆς
2572 2011 2912 2083 καθημένους
2939 2011 2997 2064 ἐν
3012 2010 3217 2066 σκότει.
3257 2028 3276 2061 ι
3326 2009 3440 2063 Kal
3481 2007 3673 2061 πάλιν·
3708 2023 3727 2057 ι
3759 2006 3933 2073 Ἐξά-

2360 2121 2488 2175 ρατε
2539 2105 2866 2174 συσσεισμδν
2898 2104 2970 2175 (Ξ)
3030 2104 3109 2168 είς
3146 2103 3215 2157 τά
3243 2102 3403 2172 ἔθνη·
3454 2101 3561 2155 ἰδοὺ
3600 2100 3707 2171 γὰρ
3732 2099 3957 2170 Κύριος

2357 2196 2611 2268 ἐποίησεν
2666 2198 2929 2251 ἀκουστὸν
2978 2197 3083 2261 ἕως
3133 2196 3363 2267 ἐσχάτου
3414 2194 3513 2264 τῆς
3565 2194 3686 2263 γῆς.
3730 2192 3955 2248 Εἴπατε

2356 2295 2473 2354 ταῖς
2504 2290 2803 2362 θυγατράσι
2825 2288 2982 2345 Σιώψ
3012 2290 3145 2343 Ἰδοὺ
3175 2289 3259 2342 σοὶ
3288 2291 3316 2343 6
3339 2288 3527 2358 Σωτὴρ
3554 2286 3951 2357 παραγέγονεν

2357 2386 2576 2455 ἀπέχων
2600 2387 2689 2439 τὸν
2727 2386 2918 2439 ἑαυτοῦ
2955 2384 3166 2455 μισθὸν,
3197 2383 3292 2437 καὶ
3316 2382 3377 2435 τὸ
3410 2382 3571 2454 ἔργον
3591 2379 3697 2433 ἀπὺ
3722 2378 3956 2449 προσώ-

2359 2498 2460 2533 που
2488 2479 2676 2545 αὑτοῦ,
2701 2482 2795 2534 καὶ
2818 2481 3036 2534 καλέσει
3057 2478 3221 2534 αὑτὸν
3256 2478 3383 2531 λαὸν
3421 2476 3575 2545 ἅγιον
3600 2475 3958 2547 λελυτρωμέδ-

2358 2590 2445 2625 νον
2474 2573 2576 2625 ὑπὸ
2602 2573 2830 2644 Κυρίου.
2855 2574 2926 2625 Σὺ
2949 2573 3003 2625 δέ
3034 2571 3285 2643 κληθήσῃ
3318 2568 3717 2639 ἐπιζητουμένη
3756 2566 3951 2633 πόλις,

2358 2662 2453 2713 καὶ
2482 2662 2541 2713 οὐ
2583 2661 3070 2732 καταλελειμμένη.
3117 2660 3212 2723 Τίς
3257 2652 3466 2722 οὗτοςὸ
3496 2657 3951 2729 παραγινόμενος

2362 2751 2420 2817 ἐξ
2448 2750 2644 2821 Ἑδὼμ,
2677 2750 2928 2823 ἐρύθημα
2972 2750 3204 2822 ἱματίων
3243 2748 3407 2802 αὐτοῦ
3437 2748 3502 2802 ἐκ
3534 2748 3738 2819 Βοσόρ;
3770 2739 3952 2810 Οὗτος

2361 2842 2560 2913 ὡραῖος
2590 2843 2649 2896 ἐν
2688 2842 2871 2913 στολῇ,
2927 2841 3239 2896 ἀναϐαίνων
3277 2842 3354 2913 (5)
3408 2840 3500 2912 βίᾳ
3546 2840 3683 2912 μετά
3732 2840 3945 2912 ἰσχύος.

2360 2933 2504 3001 Ἐγὼ
2534 2933 2847 3004 διαλέγομαι
2893 2933 3236 3004 δικαιοσύνην
3264 2932 3360 2988 καὶ
3411 2931 3592 3003 κρίσιν
3648 2931 3944 3003 σωτηρίου.

2363 3027 2461 3079 Διὰ
2484 3026 2536 3079 τί
2567 3043 2659 3079 σου
2703 3026 2906 3098 ἐρυθρά
2944 3026 3013 3079 τὰ
3053 3026 3266 3095 ίμάτια,
3314 3024 3409 3079 καὶ
3448 3025 3515 3078 τὰ
3543 3024 3827 3093 ἐνδύματά
3846 3040 3946 3077 σου

2362 3116 2436 3180 ὡς
2468 3118 2577 3169 ἀπὸ
2605 3116 2845 3186 πατητοῦ
2875 3116 3036 3187 ληνοῦ
3070 3134 3083 3183 ;
3113 3116 3327 3189 πλήρης
3359 3117 3431 3187 (4)
3467 3134 3830 3187 καταπεπατη
3842 3118 3945 3186 μέ-

2362 3226 2477 3279 νης.
2514 3209 2686 3280 Ληνδν
2718 3209 2968 3280 ἐπάτησα
3030 3208 3358 3280 μονώτατος,
3399 3208 3492 3262 καὶ
3514 3209 3619 3262 τῶν
3643 3208 3807 3267 ἐθνῶν
3841 3211 3946 3262 οὐκ

2360 3298 2506 3354 ἐστιν
2552 3299 2691 3371 ἀνὴρ
2738 3300 2853 3370 μετ’
2887 3298 3054 3370 ἐμοῦ·
3098 3299 3194 3353 καὶ
3248 3302 3603 3370 κατεπάτησα
3642 3300 3838 3363 αὐτοὺς
3887 3303 3947 3353 ἐν

2360 3389 2535 3460 θυμῷ,
2564 3390 2660 3443 καὶ
2693 3391 2999 3445 κατέθλασα
3025 3392 3222 3455 αὐτοὺς
3242 3393 3317 3456 ὡς
3346 3393 3471 3463 γῆν,
3500 3393 3596 3446 καὶ
3627 3394 3946 3463 κατήγαγον

2359 3482 2419 3535 τὸ
2444 3475 2582 3551 αἷμα
2629 3482 2809 3537 αὐτῶν
2850 3484 2929 3547 είς
2960 3484 3083 3554 γῆν.
3133 3484 3349 3557 Ἡμέρα
3391 3486 3497 3556 γὰρ
3530 3485 3944 3552 ἀνταποδόσεως

2358 3570 2521 3644 ἦλθεν
2571 3576 2786 3641 αὐτοῖς,
2838 3576 2931 3629 καὶ
2987 3577 3233 3640 ἐνιαυτὸς
3295 3576 3615 3648 λυτρώσεως
3687 3577 3943 3648 πάρεστι.

2361 3668 2470 3719 Καὶ
2501 3667 2774 3736 ἐπέϐλεψα
2829 3668 2925 3720 καὶ
2971 3668 3071 3724 οὐκ
3100 3664 3170 3739 ἦν
3221 3667 3432 3739 βοηθὸς,
3465 3670 3560 3722 καὶ
3601 3668 3945 3740 προσενόησα

2361 3757 2456 3808 καὶ
2516 3756 2690 3821 οὐδεὶς
2735 3757 3094 3822 ἀντελάϐετο,
3156 3759 3251 3811 καὶ
3305 3758 3571 3830 ἐρρύσατο
3622 3762 3651 3812 6
3703 3758 3945 3831 βραχίων

2361 3849 2457 3901 καὶ
2488 3852 2515 3902 6
2546 3848 2719 3920 θυμός
2776 3867 2877 3921 μου
2929 3850 3155 3922 ἐπέστη,
3202 3851 3297 3905 καὶ
3338 3852 3697 3922 κατεπάτησα
3744 3852 3945 3915 αὐτοὺς

2361 3942 2418 3992 ἐν
2456 3944 2519 4012 τῇ
2552 3942 2688 4014 ὀργῇ
2726 3959 2846 4013 μου,
2884 3942 2978 3997 καὶ
3030 3944 3345 4015 κατήγαγον
3391 3945 3452 3997 τὸ
3492 3939 3632 4014 αἷμα
3663 3942 3840 3997 αὐτῶν
3862 3946 3944 4007 εἰς

2361 4049 2488 4103 γην.
2526 4052 2545 4084 ι

2432 4230 2521 4285 27.
2564 4231 2673 4285 Kal
2701 4234 2729 4285 6
2768 4231 3031 4303 Τρύφων*
3076 4232 3177 4287 Διά
3212 4232 3263 4285 τί
3310 4233 3453 4305 ἀπερ
3502 4230 3681 4302 βούλει
3724 4230 3943 4300 ἐκλεγό-

2367 4342 2526 4397 μενος
2553 4326 2661 4379 ἀπὸ
2690 4325 2796 4379 τῶν
2824 4325 3173 4396 προφητικῶν
3204 4326 3377 4394 λόγων
3409 4326 3587 4395 λέγεις
3607 4342 3619 4355 ⁸
3661 4324 3697 4379 ἃ
3722 4324 3778 4377 δὲ
3798 4324 3943 4398 διαρ-

2368 4416 2533 4487 ρήδην
2572 4417 2783 4469 κελεύει
2825 4416 3194 4483 σαϐϐατίζειν,
3224 4419 3285 4470 οὑ
3323 4418 3634 4488 μέμνησαι;
3683 4417 3782 4471 Διὰ
3832 4420 3940 4490 γὰρ

687 4499 1007 4551 nominatim
1045 4498 1330 4552 sabbatum
1365 4499 1657 4553 observare
1687 4498 1900 4567 jubent,
1932 4514 2120 4554 eorum
2152 4515 2257 4554 non

2375 4507 2592 4565 Ἡσαΐου
2625 4508 2796 4573 οὓτως
2826 4510 3041 4582 εἴρηται
3060 4529 3071 4541 ·
3106 4530 3128 4564 t
3161 4512 3286 4565 Ἐὰν
3318 4509 3666 4583 ἀποστρέψῃς
3693 4510 3782 4563 τὸν
3810 4509 3942 4562 πόδα

690 4591 1031 4644 meministi?
1065 4590 1155 4646 Sic
1196 4591 1340 4644 enim
1386 4605 1482 4660 per
1517 4587 1710 4643 Isaiam
1742 4592 1943 4645 dictum
1987 4602 2109 4647 est:
2151 4611 2169 4643 ι
2202 4592 2260 4647 Si

2368 4614 2460 4650 σου
2494 4600 2600 4651 ἀπὸ
2635 4600 2741 4651 τῶν
2772 4600 3077 4666 σαϐϐάτων,
3110 4601 3202 4654 τοῦ
3237 4601 3309 4673 μὴ
3355 4604 3526 4654 ποιεῖν
3561 4600 3628 4653 τὰ
3663 4598 3943 4671 θελήματά

689 4683 959 4737 averteris
992 4684 1180 4751 pedem
1227 4692 1376 4736 tuum
1422 4683 1475 4735 in
1528 4684 1797 4749 sabbatis,
1843 4692 1902 4737 ut
1956 4701 2061 4739 non
2098 4685 2263 4742 facias

688 4772 997 4827 voluntates
1026 4783 1147 4826 tuas
1178 4774 1232 4829 iu
1262 4772 1349 4827 die
1387 4783 1595 4841 sancto,
1621 4783 1676 4828 et
1716 4775 1997 4831 vocaveris
2034 4776 2261 4831 sabbata

692 4862 924 4918 delicata
981 4875 1169 4919 sancta
1223 4865 1315 4920 Dei
1365 4865 1477 4934 tui;
1522 4866 1568 4921 si
1619 4881 1728 4922 non
1776 4869 2014 4924 moveris
2070 4871 2262 4941 pedem

762 5112 809 5145 ⁸³
841 5112 945 5167 isa.
984 5129 1117 5178 XLII,
1148 5112 1201 5182 6,
1230 5114 1282 5169 Ἰ.
1359 5113 1533 5171 “lsa.
1564 5128 1697 5181 uti,
1732 5116 1925 5183 l0-12;
1961 5134 2115 5183 um,
2156 5122 2267 5175 l-ti.

2370 4708 2463 4743 σου
2494 4694 2549 4743 ἐν
2581 4695 2643 4761 τῇ
2682 4694 2866 4764 ήμέρᾳ
2907 4697 2972 4764 τῇ
3015 4693 3166 4765 ἁγίᾳ,
3199 4694 3293 4747 καὶ
3324 4693 3557 4766 καλέσῃς
3594 4692 3661 4746 τά
3701 4691 3941 4746 σάϐϐατα

2369 4783 2613 4853 τρυφερὰ
2639 4784 2769 4851 ἆγια
2805 4784 2897 4837 τοῦ
2929 4784 3064 4837 Θεοῦ
3099 4801 3214 4850 σου,
3250 4785 3348 4837 οὐκ
3381 4784 3519 4857 ἄρῃς
3547 4783 3637 4837 τὸν
3679 4783 3817 4836 πόδα
3851 4800 3941 4835 σου

2372 4877 2457 4929 ἐπ’
2482 4876 2659 4948 ἔργον,
2702 4878 2822 4932 οὐδὲ
2866 4878 2940 4951 μὴ
2972 4878 3212 4951 λαλήσῃς
3251 4876 3409 4946 λόγον
3446 4879 3510 4931 ἐκ
3548 4874 3641 4929 τοῦ
3680 4876 3942 4946 στόματός

765 5336 1283 5417 (ἓξ-ξγσσεισμόζ.
1320 5338 1655 5417 __Lege_ndum
1702 5357 1841 5417 esse
1874 5342 2261 5417 adaequamut

2380 5346 2592 5417 πλήρης
2625 5342 3158 5417 καταπεπατημένης
3180 5350 3333 5417 _s_unt
3388 5340 3742 5417 Septuaginta
3779 5339 3941 5393 inter.

692 5406 993 5481 iuBibliis,
1030 5406 1219 5481 mouet
1239 5406 1582 5481 Sylhur'gius,
1620 5420 1782 5481 atque
1830 5413 1972 5468 hanc
1997 5406 2273 5472 eiiamile-

694 5478 930 5553 curulem
968 5479 1249 5553 proposuit
1286 5478 1353 5553 ad
1387 5482 1590 5535 calcem
1630 5478 1709 5553 li.
1732 5482 2061 5553 Stephanus.

766 5548 843 5618 (ιὸ)
877 5549 1251 5620 Ἀναϐαίνων.
1291 5550 1451 5604 Deest
1484 5553 1624 5620 apud
1659 5550 1824 5607 LXX.

766 5620 844 5686 ti)
883 5617 1147 5694 ζῖλήρῃςἶ
1183 5618 1275 5694 Si_c
1308 5617 1535 5689 uterque
1569 5623 1741 5694 codex
1773 5624 1903 5694 Reg.
1937 5632 1994 5677 et
2026 5622 2263 5687 Claram,

695 5684 787 5740 Sic
822 5684 989 5742 etiam
1012 5684 1184 5742 Biblia
1222 5684 1463 5744 Romana
1489 5701 1543 5745 et
1572 5693 1695 5748 cod.
1727 5684 1883 5748 Alex”.
1910 5694 2100 5748 Maluit
2132 5684 2266 5748 scrié

693 5756 824 5816 bere
869 5757 1107 5830 πλήρους
1156 5758 1217 5817 lt.
1265 5760 1594 5832 Stephanus.
1655 5762 1780 5822 Haec
1826 5776 2005 5820 autent
2060 5766 2261 5831 verba,

2379 5410 3032 5485 preiuftt;_sequeutibus
3066 5410 3303 5485 verbis,
3352 5426 3471 5485 qua:
3522 5426 3627 5464 non
3670 5410 3939 5485 _iegutttul'

2377 5479 2513 5553 apud
2549 5483 2691 5539 LXX
2717 5507 2728 5541 :
2759 5479 2943 5557 ’Ληνὸν
2978 5484 3237 5557 ὲπάτησα-
3264 5479 3601 5557 μονώτατος,
3635 5479 3743 5557 alia
3783 5480 3940 5557 iniere

2378 5550 2611 5621 pretatio
2645 5550 2976 5618 continetur,
3003 5550 3366 5624 quae‘quridem
3405 5552 3619 5624 videtur
3654 5550 3935 5624 tribuenda

2373 5618 2616 5690 Justino;
2654 5627 2805 5693 prior
2838 5618 3307 5690 autem'librariis,
3342 5632 3401 5678 ut
3432 5622 3663 5692 vulgata:
3687 5618 3829 5679 LXX
3855 5620 3936 5681 ius

2376 5697 2750 5767 terpretationi
2784 5710 3045 5754 consona.
