4132 6440
206 358 329 415 533

1175 356 1517 414 DIALOGUS
1548 356 1695 413 CUM
1733 358 2107 415 TltYPHONE
2140 358 2408 417 JUDEO.

3365 365 3465 421 531

208 494 317 532 σου
338 493 353 508 ·
382 476 475 530 καὶ
506 476 605 549 ἔσῃ
634 474 908 539 πεποιθὼς
945 474 1038 528 ἐπὶ
1080 475 1303 545 Κύριον,
1346 476 1439 529 καὶ
1476 477 1796 530 ἀναϐιϐάσει

1902 488 2053 533 tuum
2086 478 2151 534 ad
2202 492 2359 547 opus,
2408 493 2507 531 nec
2543 478 2755 533 locutus
2802 480 2971 535 fueris
3004 480 3231 535 verbum
3264 496 3329 537 ex
3374 498 3469 537 ore

208 582 281 619 cs
308 567 409 619 ἐπὶ
432 568 498 620 τὰ
533 567 713 635 ἀγαθὰ
741 566 839 637 τῆς
869 567 971 636 γῆς
989 583 1001 595 ·
1034 566 1127 619 καί
1154 566 1357 636 ψωμιεί
1392 584 1451 618 σε
1483 568 1582 638 τὴν
1609 569 1794 639 κληρο-

206 660 415 727 νομίαν
444 658 636 717 Ἰακὼϐ
656 657 747 711 τοῦ
778 658 983 728 πατρός
1010 674 1100 710 σου
1120 674 1133 687 ο
1165 656 1223 710 τὸ
1253 657 1359 727 γὰρ
1388 660 1564 727 στόμα
1590 660 1791 731 Κυρίου

208 749 451 821 ἐλάλησε
490 751 689 807 ταῦτα.
709 771 728 802 ι

288 843 493 909 Κάγὼ·
538 843 650 911 υύχ
686 842 759 905 ὼς
797 839 1219 909 ἐναντιουμένων
1265 858 1354 911 μοι
1397 841 1503 896 τῶν
1542 844 1793 897 τοιούτων

214 928 669 1004 προφητειῶν,εῶ
721 933 895 1002 φίλοι,
948 934 1247 1004 παρέλιπον
1292 935 1492 999 αὑτὰς,
1546 935 1680 989 ἀλλά
1720 936 1793 1000 ὡς

211 1022 372 1091 ὑμῶν
401 1023 727 1094 νενοηκότων
759 1022 853 1075 καὶ
890 1022 1172 1087 νοούντων,
1201 1024 1283 1077 ὅτι
1313 1025 1417 1078 κᾶν
1445 1024 1531 1078 διὰ
1577 1025 1794 1080 πάντων

212 1114 325 1166 τῶν
359 1115 650 1185 προφητῶν
690 1112 885 1187 κελεύῃ
926 1115 1055 1184 ὑμῖν
1095 1114 1161 1167 τὰ
1199 1116 1337 1169 αὐτὰ
1384 1120 1577 1181 ποιεῖν,
1615 1119 1650 1172 ἃ
1699 1120 1793 1172 καὶ

209 1205 304 1259 διὰ
348 1206 623 1277 Μωῦσέως
660 1206 932 1271 ἐκέλευσε,
961 1207 1048 1261 διὰ
1088 1209 1147 1260 τὸ
1188 1208 1611 1279 σκληροκάρδιον
1642 1212 1793 1281 ὑμῶν

212 1296 311 1348 καὶ
341 1297 631 1366 ἀχάριστον
660 1299 737 1359 εἰς
771 1298 931 1350 αὑτὸν
966 1299 1053 1351 ἀεὶ
1092 1300 1159 1353 τὰ
1204 1301 1343 1353 αὐτὰ
1386 1301 1516 1373 βοᾷ,
1568 1305 1655 1357 ἵνα
1694 1306 1794 1358 κᾶν

208 1387 389 1453 οὕτως
437 1390 567 1441 ποτὲ
616 1391 1047 1459 μετανοήσαντες
1098 1393 1428 1464 εύαρεστῆτε
1479 1394 1647 1465 αὐτῷ,
1699 1397 1794 1450 καὶ

216 1480 358 1549 μήτε
387 1478 455 1531 τὰ
486 1479 647 1533 τέκνα
681 1479 832 1550 ὑμῶν
863 1482 973 1543 τοῖς
1012 1481 1308 1552 δαιμονίοις
1336 1482 1522 1555 θύητε,
1555 1488 1688 1556 μήτε
1716 1484 1791 1556 (ὅ)

212 1570 466 1623 κοινωνοὶ
490 1570 755 1637 κλεπτῶν,
774 1574 867 1627 καὶ
892 1574 1168 1641 φιλοῦντες
1191 1574 1360 1647 δῶρα,
1389 1577 1483 1630 καὶ
1508 1576 1792 1640 διώκοντες

208 1660 585 1730 ἀνταπόδομα,
614 1662 867 1733 ὀρφανοῖς
887 1664 947 1715 οὐ
969 1666 1263 1736 κρίνοντες,
1291 1668 1389 1720 καὶ
1412 1668 1591 1739 κρίσει
1618 1671 1791 1740 χήρας

209 1750 281 1803 οὗ
326 1750 715 1821 προσέχοντες,
758 1752 870 1805 ἀλλ’
908 1754 1028 1807 οὐδὲ
1074 1753 1297 1826 πλήρεις
1349 1755 1446 1818 τὰς
1485 1760 1673 1826 χεῖρας
1711 1756 1793 1809 αἴ-

214 1860 408 1911 ματος.
446 1861 463 1892 ι
491 1844 600 1897 Καὶ
644 1844 750 1915 γὰρ
787 1846 843 1897 αί
893 1844 1189 1918 θυγατέρες
1234 1844 1372 1900 Σιὼν
1420 1847 1790 1920 ἐπορεύθησαν

208 1939 273 1989 ἐν
302 1936 490 2007 ὑψηλῷ
530 1938 802 2008 τραχήλῳ,
835 1938 929 1991 καὶ
966 1940 1023 1991 ἐν
1052 1938 1315 2009 νεύμασιν
1347 1938 1639 2009 ὀφθαλμῶν
1676 1942 1792 2011 ἅμα

210 2024 510 2090 παίζουσαι
552 2028 644 2080 καὶ
684 2028 943 2099 σύρουσαι
989 2030 1111 2091 τοὺς
1149 2028 1397 2099 χιτῶνας.
1438 2031 1547 2084 Καὶ
1594 2031 1792 2095 πάντες

207 2119 327 2188 γαρ
365 2118 659 2183 ἐξέκλιναν,
698 2119 815 2190 βοᾷ,
860 2121 1057 2184 πάντες
1100 2120 1208 2191 ἄρα
1242 2121 1643 2194 ἡχρειώθησαν.
1681 2125 1794 2177 Οὐκ

207 2206 364 2260 ἔστιν
394 2210 424 2260 6
452 2206 667 2270 συνιὼν,
709 2209 809 2261 οὐκ
851 2208 995 2261 ἔστιν
1025 2210 1129 2274 ἓως
1172 2210 1310 2274 ἑνός.
1356 2213 1487 2275 Ταῖς
1519 2212 1791 2282 γλώσσαις

207 2296 395 2349 αὐτῶν
442 2295 742 2350 ἐδολιοῦσαν
777 2298 885 2369 (6),
934 2297 1098 2366 τάφος
1143 2300 1486 2371 ἀνεῳγμένος
1520 2303 1548 2353 6
1587 2301 1793 2373 λάρυγξ

208 2389 426 2442 αὐτῶν·
457 2390 533 2453 ίὸς
560 2391 798 2444 ἀσπίδων
826 2392 929 2444 ὑπὸ
952 2392 1017 2444 τὰ
1051 2392 1201 2463 χείλη
1239 2393 1437 2457 αὐτῶν,
1482 2392 1792 2465 σύντριμμα

208 2479 310 2530 καὶ
343 2479 685 2552 ταλαιπωρία
726 2483 783 2533 ὲν
815 2485 933 2545 ταῖς
965 2483 1102 2546 ὁδοῖς
1134 2484 1331 2550 αὐτῶν,
1360 2485 1455 2538 καὶ
1486 2486 1604 2538 ὁδὸν
1645 2488 1796 2557 εἱρήη

207 2587 312 2640 vr};
356 2570 456 2623 οὐκ
488 2570 753 2640 ἔγνωσαν.
780 2592 798 2623 ι
844 2575 1005 2627 Ὥστε
1040 2575 1097 2629 δν
1130 2576 1329 2647 τρόπον
1363 2576 1459 2647 τὴν
1502 2576 1675 2649 ἀρχὴν
1708 2576 1795 2629 διὰ

206 2661 314 2724 τὰς
356 2664 548 2727 κακίας
593 2664 743 2733 ὑμῶν
788 2666 958 2720 ταῦτα
996 2668 1295 2733 ἐντέταλτο,
1334 2669 1534 2740 ὁμοίως
1566 2670 1651 2722 διὰ
1698 2670 1793 2740 τὴν

208 2753 271 2806 ὲν
314 2753 522 2819 τούτοις
568 2756 843 2827 ὑπομονὴν
892 2758 1002 2827 (7),
1050 2758 1246 2830 μᾶλλον
1291 2760 1347 2813 δὲ
1393 2760 1659 2823 ἐπίτασιν,
1708 2761 1794 2813 διὰ

206 2844 325 2897 τῶν
370 2846 546 2899 αὐτῶν
590 2850 671 2910 εἰς
710 2849 1012 2919 ἀνάμνησιν
1055 2851 1219 2904 αὑτοῦ
1262 2852 1355 2906 καὶ
1405 2852 1604 2921 γνῶσιν
1653 2854 1794 2923 ὑμᾶς

207 2938 391 2991 καλεῖ.
423 2939 607 3010 Ὑμεῖς
640 2941 719 3005 δὲ,
756 2940 881 3004 λαὸς
924 2942 1344 3014 σκληροκαρδιος
1378 2943 1472 2997 καὶ
1504 2944 1759 3006 ἀσύνετος
1779 2987 1796 3008 ,

208 3029 312 3083 xz".
345 3030 539 3099 τυξρλὸς
582 3032 675 3083 καὶ
710 3032 878 3102 χωλὸς
924 3033 1058 3103 (8),
1105 3035 1198 3087 καὶ
1252 3035 1357 3088 υἱοὶ
1403 3032 1483 3099 οἷς
1530 3037 1629 3089 οὐκ
1683 3036 1795 3089 ἔστι

208 3121 397 3186 πίστις
431 3125 487 3176 ὲν
516 3123 718 3188 αὐτοῖς,
752 3125 829 3189 ὡς
862 3126 1022 3191 αὐτὸς
1052 3127 1219 3194 λέγει,
1248 3129 1390 3192 ἐστὲ,
1425 3132 1535 3192 τοῖς
1563 3128 1813 3199 χείλεσιν’

206 3211 380 3266 αὑτὸν
411 3212 569 3283 μόνον
614 3215 901 3286 τιμῶντες,
938 3220 1002 3289 τῇ
1049 3220 1104 3273 δὲ
1152 3219 1349 3291 καρδίᾳ
1395 3219 1793 3291 πόρῤω⁸αὺτοῦ

205 3303 403 3368 ὄντες,
452 3305 586 3369 ἰδίας
630 3307 977 3372 διδασκαλίας
1022 3310 1119 3363 καὶ
1170 3311 1245 3382 μὴ
1280 3310 1349 3363 τὰ
1398 3310 1605 3363 ἐκείνου
1653 3310 1796 3366 διδά-

207 3414 457 3461 σκοντες.
499 3400 672 3464 Ἐπεὶ,
710 3400 899 3455 εἴπατέ
931 3421 1041 3473 μοι,
1076 3405 1199 3467 τοὺς
1233 3390 1507 3477 ἀρχιερεῖς
1546 3406 1795 3477 ἁμαρτά-

206 3506 331 3540 νειν
366 3488 440 3558 (9)
484 3493 596 3553 τοῖς
636 3491 868 3546 σάϐϐασι
912 3494 1319 3565 προσφέροντας
1350 3494 1447 3557 τὰς
1480 3494 1795 3565 προσφορὰς

207 3579 465 3634 ἐϐούλετο
484 3584 512 3635 6
536 3582 698 3648 Θεός;
728 3584 761 3656 ἢ
788 3586 911 3649 τοὺς
942 3585 1436 3657 περιτεμνομένους
1462 3586 1556 3640 καὶ
1587 3586 1797 3656 περιτέ-

210 3688 449 3742 μνοντας
568 3675 753 3746 ἡμέρᾳ
775 3676 881 3728 τῶν
916 3675 1223 3739 σαϐϐάτων,
1258 3676 1495 3729 κελεύων
1520 3679 1586 3746 τῇ
1613 3675 1796 3747 ἡμέρα

209 3764 282 3831 τῇ
317 3762 476 3835 ὀγδόῃ
514 3765 576 3816 ὲκ
608 3765 805 3829 παντὸς
832 3765 1251 3837 περιτέμνεσθαι
1278 3766 1401 3830 τοὺς
1438 3766 1797 3838 γεννηθέντας

207 3856 451 3926 ὁμοίως,
486 3857 589 3910 κᾶν
696 3858 879 3929 ἡμέρα
910 3858 1017 3911 τῶν
1052 3858 1373 3920 σαϐϐάτων;
1412 3860 1482 3911 Ἢ
1525 3859 1623 3911 οὐκ
1670 3860 1798 3928 ἡδύ-

210 3966 347 4001 νατο
388 3948 491 4021 πρὸ
541 3951 669 4020 μιᾶς
713 3951 962 4022 ἡμέρας,
1014 3952 1046 4024 ἢ
1098 3952 1235 4022 μετά
1282 3952 1410 4022 μίαν
1446 3954 1659 4025 ἡμέραν
1705 3952 1798 4005 τοῦ

213 4040 489 4094 σαϐϐάτου
539 4043 783 4113 ἐνεργεῖν
832 4045 955 4107 τοὺς
999 4044 1402 4115 γεννωμένους,
1440 4046 1489 4097 εἰ
1536 4044 1801 4113 ἠπίστατο

213 4131 390 4184 κακὸν
444 4127 583 4206 εἶναι
630 4135 687 4185 ὲν
737 4136 845 4198 τοῖς
904 4134 1204 4198 σάϐϐασιν;
1257 4136 1329 4187 ’Ἡ
1356 4134 1477 4187 ocul.
1518 4136 1643 4199 τοὺς
1697 4135 1801 4204 πρὸ

212 4221 499 4285 Μωῦσέως
538 4223 633 4276 καὶ
668 4224 917 4296 ’Λϐραὰμ
949 4224 1373 4296 ὠνομασμένους
1419 4224 1662 4287 δικαίους
1708 4224 1802 4276 καὶ

214 4314 543 4385 εὐαρέστους
578 4314 726 4384 αὐτῷ
755 4318 1099 4387 γενομένους,
1140 4318 1274 4387 μήτε
1311 4318 1407 4388 τὴν
1439 4317 1801 4389 ἀκροϐυστίαν

213 4409 739 4477 περιτετμημένους,
778 4409 914 4479 μήτε
947 4409 1012 4462 τὰ
1047 4408 1288 4463 σάϐϐατα
1322 4408 1681 4479 φυλάξαντας,
1715 4409 1802 4465 διὰ

213 4495 273 4548 τί
306 4496 406 4548 οὐκ
437 4497 681 4551 ἐδίδασκε
718 4498 889 4551 ταῦτα
917 4502 1121 4563 ποιεῖν;

1896 581 2017 633 tuo;
2051 580 2105 626 et
2142 572 2377 625 Domino
2420 570 2692 634 coolides,
2735 580 2790 624 et
2823 572 3084 640 perducet
3134 582 3183 626 te
3217 574 3287 625 ad
3329 573 3467 627 bona

1896 673 2073 722 terrre,
2105 670 2160 715 et
2199 675 2383 729 pascet
2414 673 2464 715 te
2501 662 2817 723 lnereditate
2845 663 3015 717 Jacob
3052 666 3225 733 patris
3266 664 3362 717 tui.
3393 662 3470 720 0s

1895 751 2039 804 enim
2078 750 2293 804 Domini
2325 752 2440 804 haec
2471 750 2708 805 locutum
2738 761 2822 806 est
2846 752 2911 806 ⁸⁷.
2942 770 2960 802 ι

1966 840 2102 894 Tum
2148 857 2247 912 ego
2278 859 2291 896 :
2323 841 2437 897 Non
2473 844 2615 910 quod
2651 842 2782 897 mihi
2819 839 3177 898 adversentur
3204 844 3465 911 ejusmodi

1896 934 2215 1002 pr0phetiae,
2265 948 2377 997 eas,
2422 934 2619 997 amici,
2657 936 3017 1003 praatermisi;
3066 935 3162 989 sed
3200 935 3345 1004 quod
3386 938 3469 987 iu-

1897 1024 2215 1078 tellexcritis
2257 1034 2313 1078 et
2344 1024 2687 1094 intelligatis,
2733 1026 2952 1080 etiamsi
2987 1025 3131 1079 Deus
3164 1026 3322 1093 vobis
3372 1040 3467 1093 per

1894 1130 2084 1169 omnes
2120 1117 2411 1184 prophetas
2457 1116 2649 1169 eadem
2704 1117 2984 1185 praecipiat
3028 1115 3304 1183 facienda,
3351 1132 3470 1184 qua:

1894 1219 1947 1261 et
1977 1224 2071 1276 per
2105 1207 2321 1277 Moysen
2363 1208 2651 1276 praecepit;
2690 1208 2897 1262 idcirco
2924 1208 3116 1263 eadem
3145 1208 3297 1261 illum
3323 1223 3471 1263 sem-

1894 1312 1989 1367 per
2024 1298 2283 1363 clamare,
2313 1307 2535 1367 propter
2566 1298 2823 1352 duritiam
2859 1301 3041 1355 cordis
3074 1300 3263 1368 vestri,
3300 1310 3353 1355 et
3385 1300 3475 1353 iu-

1894 1391 2035 1459 grati
2076 1391 2127 1443 in
2163 1391 2311 1445 illum
2356 1392 2522 1447 animi
2571 1392 2793 1456 vitium,
2833 1400 2893 1445 ut
2936 1392 3038 1447 hoc
3072 1392 3267 1447 saltem
3310 1393 3472 1445 modo

1894 1480 2271 1546 pmiiiteritiarii
2319 1480 2613 1551 aliquando
2656 1491 2881 1551 agentes
2916 1482 2965 1536 ei
3016 1481 3317 1551 placeatis,
3370 1496 3470 1534 nec

1894 1570 2037 1625 ﬁlios
2068 1581 2278 1627 vestros
2312 1572 2595 1627 dannoniis
2628 1572 2948 1633 immoletis.
2983 1586 3084 1626 nec
3127 1570 3308 1625 furum
3346 1586 3475 1638 pars

1895 1666 2084 1734 ticipes
2116 1664 2273 1729 sitis‘,
2315 1664 2609 1734 diligentes
2648 1679 2902 1728 munera,
2937 1673 3331 1733 persequentes
3385 1680 3472 1718 re-

1897 1758 2282 1821 tributionem,
2330 1759 2551 1828 pupillis
2607 1773 2714 1812 non
2769 1756 3121 1826 iudicantes,
3176 1766 3231 1810 et
3270 1757 3473 1824 judicio

1826 1827 1866 1881 Β
1896 1850 2067 1903 viduze
2110 1850 2347 1902 animum
2395 1866 2501 1905 non
2552 1851 2933 1917 advertenles;
2985 1852 3222 1921 denique
3267 1860 3325 1905 ut
3373 1867 3474 1905 nec

1892 1950 2088 1996 manus
2134 1942 2323 2010 plenas
2372 1944 2637 2010 sanguine
2693 1943 2966 1999 habeatis.
3023 1944 3206 1998 rNam
3249 1953 3304 1997 et
3352 1944 3473 1997 lilia:
3560 1950 3569 1956 ’

1898 2031 2027 2087 Sion
2066 2044 2287 2088 extento
2323 2034 2579 2102 ingressa:
2625 2044 2752 2090 sunt
2791 2036 2955 2101 collo,
2987 2046 3045 2090 et
3078 2037 3305 2090 nutibus
3337 2050 3471 2089 ocu-

1894 2120 2066 2175 lorum
2102 2121 2453 2186 colludentes,
2489 2133 2545 2177 et
2602 2126 2813 2179 tunicas
2861 2127 3139 2181 trahentes
3158 2126 3225 2181 ⁸⁸.
3265 2125 3471 2181 Omnes

1894 2215 2037 2267 enim
2074 2214 2501 2279 declinaverunt,
2534 2216 2730 2271 clamat
2764 2215 3071 2286 Scriptura,
3099 2234 3289 2273 omnes
3322 2228 3475 2273 certe

1896 2305 2113 2360 inutiles
2149 2306 2276 2360 facti
2310 2319 2475 2362 sunt:
2511 2324 2615 2362 non
2651 2318 2734 2363 est
2769 2312 2860 2379 qui
2900 2312 3189 2379 intelligat,
3233 2325 3341 2367 non
3390 2317 3475 2364 est

1895 2390 2065 2465 usque
2098 2397 2165 2451 ad
2200 2413 2385 2450 unum.
2424 2395 2644 2467 Linguis
2690 2400 2809 2455 suis
2857 2402 3042 2455 dolose
3075 2412 3334 2470 egerunt;
3382 2416 3473 2455 se-

1894 2489 2140 2558 pulcrum
2181 2502 2372 2560 patens
2403 2500 2590 2561 guttur
2632 2506 2857 2557 eorum,
2901 2507 3171 2547 venenum
3226 2492 3473 2561 aspidum

1896 2583 1995 2635 sub
2031 2580 2191 2636 labiis
2243 2598 2465 2649 eorum;
2506 2583 2776 2641 contritio
2820 2591 2875 2636 et
2924 2584 3215 2639 calamitas
3269 2584 3322 2638 in
3372 2586 3474 2639 viis

1895 2688 2107 2737 comm,
2134 2682 2187 2726 et
2228 2675 2369 2727 viam
2404 2675 2553 2743 pacis
2587 2690 2692 2727 non
2728 2677 3192 2744 cognoverunt”.
3216 2695 3235 2728 ι
3275 2677 3477 2743 Quem-

1898 2763 2183 2816 admodum
2231 2779 2361 2833 ergo
2410 2765 2525 2819 haec
2569 2766 2637 2819 ab
2686 2764 2843 2818 initio
2893 2776 3117 2835 prapter
3170 2769 3473 2835 nequitiam

1897 2863 2134 2908 vestram
2170 2857 2617 2925 prmscripserat,
2651 2858 2733 2911 sic
2774 2858 2936 2939 etiam
2973 2870 3193 2926 propter
3232 2870 3472 2913 vestram

1897 2949 1952 3004 in
1990 2966 2053 3004 ea
2103 2954 2599 3019 perseverantiam,
2642 2952 2725 3006 vel
2780 2954 2961 3020 potius
2998 2952 3168 3007 animi
3216 2952 3474 3007 intentio-

1900 3059 2049 3109 nem,
2080 3059 2175 3112 per
2201 3044 2390 3099 eadem
2428 3060 2523 3099 vos
2556 3045 2695 3099 Deus
2741 3047 2807 3099 ad
2847 3046 3281 3101 recordationem
3311 3045 3395 3099 sui
3421 3055 3479 3099 et

1900 3145 2264 3214 cognitionem
2301 3148 2488 3199 'vocat.
2517 3142 2624 3196 Vos
2653 3153 2836 3198 autem
2870 3143 3103 3213 populus
3148 3143 3269 3197 duri
3293 3142 3476 3198 cordis

1899 3248 1955 3291 et
2004 3236 2296 3304 insipiens,
2336 3244 2393 3290 et
2438 3250 2615 3311 caecus
2650 3245 2709 3289 et
2743 3237 2997 3300 claudus,
3034 3244 3092 3289 et
3141 3234 3233 3287 lilii
3269 3234 3471 3302 quibus

1898 3343 2004 3383 non
2052 3338 2137 3383 est
2187 3327 2323 3383 ﬁdes
2355 3328 2410 3382 in
2460 3328 2591 3395 ipsis
2609 3329 2679 3393 ”,
2719 3328 3178 3398 quemadmodum
3214 3325 3331 3396 ipse
3359 3327 3475 3391 ait,

1898 3417 2056 3473 labiis
2087 3426 2294 3472 tantum
2330 3417 2481 3473 illum
2518 3420 2875 3481 honorantes,
2906 3420 3072 3473 corde
3105 3428 3286 3472 autem
3314 3416 3475 3487 longe

1900 3510 1968 3564 ab
2004 3524 2068 3565 eo
2100 3510 2390 3573 remoti",
2420 3510 2700 3581 pr0priam
2742 3519 3007 3573 vestram,
3054 3523 3157 3563 non
3193 3509 3339 3563 illius
3374 3510 3474 3563 do-

1898 3601 2132 3655 ctrinam
2166 3600 2443 3656 docentes.
2484 3599 2802 3671 Siquidem,
2837 3600 3003 3654 dicite
3038 3598 3200 3661 mihi,
3235 3599 3476 3652 voluitne

1902 3693 2040 3747 Deus
2107 3696 2391 3761 pontitices
2445 3707 2705 3763 peccare,
2760 3692 2889 3746 dum
2950 3690 3194 3745 sabbatis
3250 3705 3476 3744 munera

1900 3782 2165 3850 oll‘erunt;
2203 3793 2298 3839 aut
2332 3800 2428 3840 eos
2459 3784 2553 3853 qui
2588 3783 3066 3840 circumciduntur
3094 3792 3151 3837 et
3184 3782 3481 3836 circumci-

1904 3877 2040 3931 dunt
2070 3877 2159 3932 die
2214 3877 2463 3941 sabbati,
2511 3878 2640 3932 dum
2684 3877 2840 3944 jubet
2890 3876 3114 3930 omnino
3160 3876 3247 3930 die
3286 3884 3480 3929 octavo

1904 3978 2060 4021 natos
2092 3982 2291 4036 pueros
2323 3972 2532 4037 pariter
2561 3968 2723 4037 126
2746 3949 3092 4032 circumcidi,
3118 3965 3333 4020 etiamsi
3361 3965 3481 4018 dies

1904 4059 2119 4114 sabbati
2160 4059 2365 4114 fuerit?
2395 4060 2476 4113 An
2520 4074 2629 4113 non
2666 4069 2884 4129 poterat
2915 4073 3024 4114 uno
3058 4066 3185 4113 ante
3228 4056 3312 4110 vel
3356 4066 3482 4125 post

1904 4151 2190 4205 sabbatum
2248 4151 2334 4205 die
2399 4161 2559 4205 natos
2611 4166 2811 4220 pueros
2859 4148 3288 4210 circumcidere,
3333 4149 3378 4201 si
3428 4146 3482 4200 id

1905 4241 2057 4295 nefas
2091 4255 2212 4295 esse
2246 4242 2333 4295 die
2371 4241 2582 4296 sabbati
2619 4241 2887 4295 ducebat?
2920 4241 3027 4293 Aut
3052 4240 3146 4309 qui
3186 4237 3321 4307 justi
3356 4245 3483 4290 ante

1905 4332 2125 4402 Moysen
2160 4344 2213 4387 et
2246 4334 2525 4388 Abraham
2576 4333 2831 4403 appellati
2869 4344 3019 4397 sunt,
3064 4333 3223 4399 eique
3269 4329 3480 4398 accepti

1906 4427 2207 4489 exstitere,
2254 4442 2377 4481 cum
2430 4441 2530 4481 nec
2590 4424 2903 4480 circumcisi
2953 4434 3137 4479 essent
3187 4424 3480 4492 prmputio,

1907 4532 2007 4570 nec
2036 4517 2263 4572 sabbata
2314 4520 2708 4583 observarent,
2745 4532 2842 4572 cur
2872 4531 2968 4573 eos
3004 4516 3119 4571 haec
3154 4514 3335 4569 facere
3374 4528 3480 4567 non

1906 4608 2180 4664 docebal?

290 4702 381 4757 ‘28.
410 4704 521 4757 Καὶ
552 4706 582 4758 6
614 4703 877 4775 Τρύφωνο
914 4703 1026 4759 Καὶ
1061 4705 1323 4777 πρότερον
1355 4704 1674 4775 ἀκηκόαμέν
1707 4720 1799 4757 σου

1978 4703 2072 4758 26.
2109 4700 2243 4756 Vera
2272 4704 2489 4773 justitia
2523 4720 2613 4772 per
2643 4702 2911 4759 Christum
2940 4712 3385 4771 comparatur.—
3405 4697 3443 4750 A
3470 4696 3485 4749 ἲ

296 4891 339 4923 ⁸⁷
374 4891 476 4946 Isa.
514 4906 668 4955 LVIII,
694 4891 879 4956 L3,”.

296 5095 375 5164 (5)
416 5094 599 5167 Μήτε.
622 5093 858 5167 Conjieit
878 5092 1159 5149 Thirlbius
1187 5092 1477 5167 legendum
1512 5095 1651 5167 μήτε
1678 5092 1800 5167 ἦτε.

220 5163 464 5219 Verbum
520 5165 669 5230 οντες
729 5165 943 5222 videtur
988 5180 1149 5234 posse
1194 5163 1472 5236 suppleri,
1516 5163 1584 5218 si
1632 5163 1803 5236 stylus

219 5236 421 5308 Justini
457 5236 832 5308 consideretur
869 5236 1153 5308 attentius:
1193 5234 1360 5308 Paulo
1394 5244 1517 5303 post
1555 5234 1802 5308 ἄραρο-

220 5307 388 5362 situm
416 5320 540 5360 esse
572 5320 670 5372 pro
693 5307 813 5375 ἅμα
834 5304 1087 5360 observat
1120 5305 1423 5375 Periunius.

298 5378 376 5446 (6)
429 5373 843 5431 'Edonoﬁo‘ar.
880 5376 1077 5431 Dorice
1106 5390 1205 5444 pro
1233 5374 1489 5446 ὲδολίουν.
1522 5373 1797 5433 ϐΑιιΑκι).

220 5446 535 5501 -—Rectius
567 5445 771 5499 dixeris
802 5446 1035 5500 formam
1067 5445 1509 5499 Alexandrinam.
1538 5446 1716 5501 Οττο.

296 5516 372 5588 (7)
406 5514 1285 5589 ξΥπομογήν.Ιιεδὶιδγιιιυτὸίυε
1316 5517 1603 5589 ἐπιμονήνν
1634 5529 1794 5587 alque

221 5586 311 5646 ita
332 5586 535 5642 habent
568 5586 836 5643 editiones
859 5586 1218 5642 Parisienses.

297 5659 374 5725 (8i
415 5659 524 5713 Καὶ
558 5656 788 5727 τυφλὸς
819 5659 916 5712 καὶ
951 5659 1163 5728 χωᾼός.
1199 5656 1508 5728 Legendum
1544 5672 1664 5710 esse
1700 5659 1792 5711 καὶ

222 5728 421 5796 τυφλὸς
469 5729 563 5783 καὶ
614 5729 794 5794 κωφός
829 5727 1108 5783 contendit
1144 5730 1393 5782 eruditus
1431 5727 1791 5782 Londinensis

223 5800 423 5863 editor,
454 5810 565 5853 tum
594 5802 717 5869 quia
761 5800 899 5853 infra
929 5817 979 5853 ιι.
1022 5798 1125 5852 125
1164 5797 1331 5853 Judmi
1366 5802 1787 5869 vocanturczeci

222 5879 281 5928 et
314 5873 467 5930 surdi
500 5882 557 5929 et
588 5867 621 5925 ιι
658 5868 864 5931 Iustine
903 5880 956 5929 et
985 5872 1055 5928 ab
1094 5871 1230 5927 Isaia
1265 5886 1425 5940 quem
1455 5870 1587 5925 citat
1623 5867 1788 5925 Justi-

953 4893 999 4924 "
1037 4892 1142 4948 lsa.
1175 4909 1259 4960 ιιι,
1287 4892 1373 4948 16.
1448 4893 1494 4925 ⁸⁵
1532 4892 1680 4949 Psal.
1711 4899 1905 4961 xm,5.
1981 4896 2027 4929 ⁹⁰
2065 4894 2224 4950 Deut.
2260 4910 2436 4962 xxx",
2463 4892 2556 4949 20.

2633 4894 2675 4923 ’³
2719 4892 2822 4949 lsa.
2860 4908 3011 4955 xxix,
3046 4892 3133 4945 l5.

1909 5114 2043 5163 nus;
2082 5107 2192 5152 tum
2226 5097 2355 5167 quia
2393 5111 2660 5166 nusquam
2696 5094 2875 5151 claudi
2905 5104 3190 5167 vocantur.
3218 5094 3482 5167 Equidem

1907 5169 2035 5223 huic
2077 5163 2365 5224 sententia:
2403 5163 2762 5222 libentissime
2800 5166 3120 5229 assentirer,
3149 5167 3193 5218 si
3235 5163 3484 5219 Justinus

1908 5239 2011 5291 hoc
2058 5241 2173 5293 loco
2217 5240 2589 5293 testimonium
2623 5237 2795 5299 Isaize,
2833 5236 2887 5290 in
2927 5250 3037 5304 quo
3075 5234 3202 5288 caeci
3240 5245 3294 5288 et
3330 5237 3484 5290 surdi

1905 5320 2192 5372 vocantur,
2236 5310 2539 5377 explicaret
2580 5320 2634 5362 et
2664 5306 2866 5377 Judmis
2905 5307 3096 5377 eodem
3138 5306 3299 5357 modo
3328 5321 3391 5359 ac
3426 5323 3482 5361 ιι.

1906 5379 2035 5443 125,
2062 5376 2348 5446 objiceret.
2377 5376 2649 5433 Prmterea
2680 5376 2880 5446 Judacis
2910 5376 3295 5446 exprobratur,
3338 5379 3491 5446 quod,

1906 5444 2219 5503 claudicent
2271 5452 2324 5504 in
2375 5449 2589 5503 semitis
2632 5449 2783 5511 suis,
2835 5444 3203 5511 Psalm.xvu,
3232 5445 3322 5499 46.
3363 5445 3481 5501 για.

1900 5518 1964 5572 Ill
2000 5520 2132 5589 lleg.
2161 5535 2320 5587 .xvm,
2352 5519 2445 5573 21.
2479 5518 2643 5575 Forte
2686 5520 2753 5575 ad
2786 5516 2903 5572 haec
2948 5516 3063 5571 lora
3108 5517 3347 5587 respexit
3386 5513 3481 5569 Ju-

1896 5592 2097 5645 stinus.

1967 5662 2044 5730 (9)
2106 5662 2253 5729 Τοὺς
2311 5659 2602 5731 ἀρχιερεῖς
2660 5658 3039 5731 ἁμαρτάνειν.
3098 5656 3249 5731 llunc
3305 5656 3481 5710 locum

1897 5727 2145 5785 imitatur
2193 5727 2429 5788 Nemetis
2460 5727 2552 5786 lib.
2580 5747 2653 5793 IV,
2684 5727 2731 5785 c.
2758 5729 2843 5783 19.
2874 5730 3021 5785 Jeep.
3052 5759 3118 5767 -—
3146 5727 3289 5784 ldctn
3326 5743 3485 5798 argu-

1894 5817 2133 5858 mentum
2168 5808 2363 5873 rcpetit
2391 5802 2637 5860 Justinus
2665 5817 2721 5857 ιι.
2748 5801 2838 5857 29.
