4132 6424
704 340 812 399 559

1560 333 1615 389 S.
1654 332 1915 390 JUSTINI
1955 328 2362 387 PHILOSOPHI
2404 329 2491 384 ET
2528 327 2887 383 MARTYRIS

3841 319 3961 375 M0

702 472 968 516 aeternam
1000 469 1124 511 esse
1170 454 1320 508 illam
1352 453 1693 522 prophetiam
1714 495 1729 519 ,
1760 469 1877 522 qua:
1914 463 2035 522 post
2068 452 2267 522 Moysis

2385 446 2704 519 προελθοῦσα
2738 450 2769 517 ἡ
2805 442 3129 515 προφητεία.
3180 440 3288 493 Καὶ
3332 438 3420 491 διὰ
3452 435 3542 490 τοῦ
3578 435 3791 505 ψαλμοῦ
3831 437 3951 505 (‘26)

704 557 931 607 mortem
980 548 1201 618 prodiit.
1258 552 1434 616 Atque
1489 547 1541 601 id
1580 548 1795 616 quidem
1853 563 1950 614 per
2003 551 2266 615 psalmum

704 646 908 699 dictum
946 643 1081 706 fuit,
1128 660 1160 697 ο
1194 642 1319 698 viri.
1353 640 1475 695 Haec
1514 652 1693 693 autem
1731 639 1970 708 (judicia
2011 638 2267 708 Domini)

704 736 863 791 nobis
889 778 902 799 ,
940 734 1136 801 quibus
1180 733 1504 801 sapientiam
1566 731 1937 800 praestiterunt
1966 771 1979 793 ,
2029 730 2269 783 dulciora

706 841 874 894 super
910 826 1015 878 mel
1044 834 1097 878 et
1134 823 1310 877 favum
1344 822 1517 876 videri
1553 837 1618 876 ex
1654 836 1719 876 eo
1744 819 2092 891 perspicitur,
2130 820 2271 888 quod

704 928 776 967 ne
825 921 1001 967 morte
1034 914 1251 981 quidem
1292 914 1568 981 proposita
1598 913 1955 976 adducamur,
1991 923 2047 963 ut
2075 924 2271 963 nomen

705 1004 821 1073 ejus
846 1006 1195 1071 ahnegemus.
1246 1004 1378 1058 Illud
1422 1006 1585 1059 etiam
1645 1003 1987 1057 manifestum
2020 1001 2272 1056 omnibus

705 1105 790 1149 est
821 1111 951 1158 nos,
1002 1096 1097 1165 qui
1148 1095 1200 1149 in
1232 1110 1354 1151 eum
1410 1096 1719 1157 credimus,
1752 1096 1819 1148 ab
1862 1110 1927 1146 eo
1959 1104 2174 1161 petere,
2216 1103 2273 1145 ut

711 1188 827 1261 “ab
856 1188 1069 1253 alienis,
1099 1206 1119 1237 ι
1172 1188 1223 1241 id
1259 1198 1342 1243 est
1372 1205 1400 1243 a
1439 1188 1664 1243 nefariis
1699 1198 1754 1241 et
1788 1188 2070 1243 fallacibus
2106 1188 2272 1255 spiri-

706 1280 852 1332 tibus
909 1294 1007 1332 nos
1084 1280 1384 1344 custodiat,
1454 1281 1912 1349 quemadmodum
1978 1279 2274 1346 prophetia:

707 1383 884 1423 sermo
918 1383 985 1423 ex
1018 1384 1253 1439 persona
1286 1373 1446 1427 unius
1477 1388 1665 1426 eorum
1693 1412 1708 1438 ,
1762 1372 1853 1441 qui
1885 1373 1934 1423 in
1969 1372 2118 1424 illum
2155 1385 2272 1423 cre-

706 1461 874 1525 dunt,
906 1460 1135 1529 figurate
1165 1464 1427 1518 declarat.
1466 1463 1601 1518 Nam
1633 1474 1691 1517 ut
1719 1479 1746 1517 a
1786 1463 1945 1532 128
1992 1462 2274 1515 daemoniis

708 1568 1006 1619 servemur,
1063 1572 1181 1626 qua:
1224 1571 1253 1608 a
1307 1556 1400 1611 Dei
1435 1556 1583 1611 cultu
1612 1555 1789 1610 aliena
1838 1563 1995 1616 sunt,
2047 1566 2275 1623 quaeque

708 1645 837 1701 olim
870 1649 1232 1703 adorabamus
1260 1690 1275 1714 ,
1322 1650 1489 1704 Deum
1536 1662 1747 1715 semper
1778 1661 1873 1715 per
1899 1646 2081 1701 Jesum
2115 1645 2274 1698 Citri-

709 1750 850 1794 stum
884 1742 1259 1805 obsecramus,
1304 1754 1359 1794 ut
1400 1722 1687 1810 postquam
1717 1754 1813 1805 per
1848 1753 1970 1792 eum
2012 1741 2077 1790 ad
2106 1739 2271 1789 Deum

2371 540 2527 593 τοῦτο
2560 540 2807 610 εἴρηται,
2842 531 2886 590 ὦ
2921 536 3135 607 ἄνδρες.
3187 534 3294 586 Καὶ
3341 534 3420 585 ὅτι
3465 530 3765 597 γλυκύτερα
3801 530 3950 598 ὑπὲρ

2374 632 2494 701 μέλι
2530 632 2618 682 καὶ
2667 628 2854 700 κηρίον
2905 625 3270 697 ὁμολογοῦμεν
3320 621 3455 675 αὐτὰ
3504 624 3551 673 οἱ
3598 620 3949 689 σοφισθέντες

2373 724 2465 776 ἀπ’
2502 722 2700 785 αὐτῶν,
2737 724 2800 772 ἐκ
2834 718 2925 772 τοῦ
2960 719 3053 770 καὶ
3092 718 3248 787 μέχρι
3283 714 3512 768 θανάτου
3547 712 3949 783 ἀνεξαρνὴτους

2373 817 2517 885 ἡμᾶς
2550 812 2793 882 γίνεσθαι
2826 811 2919 863 τοῦ
2965 810 3222 879 ὀνόματος
3256 806 3419 860 αὑτοῦ
3443 846 3458 869 ,
3513 805 3773 874 φαίνεται.
3817 806 3948 857 Ὀτι

2373 908 2427 960 δὲ
2462 907 2551 959 καὶ
2585 905 2840 974 αἰτοῦμεν
2873 902 3033 957 αὐτὸν
3065 904 3113 953 oi
3148 898 3488 961 πιστεύοντες
3523 900 3600 960 εὶς
3634 897 3814 959 αὑτὸν,
3851 897 3949 947 ἵνα

2374 998 2481 1051 ἀπὸ
2514 997 2620 1050 τῶν
2654 995 2963 1066 ἀλλοτρίων,
2997 993 3268 1046 τουτέστιν
3303 991 3407 1044 ἀπὸ
3440 989 3544 1041 τῶν
3577 986 3825 1057 πονηρῶν
3844 987 3949 1039 καὶ

2377 1089 2590 1143 πλάνων
2626 1086 2945 1156 πνευμάτων
2965 1082 3275 1155 συντηρήσῃ
3298 1084 3464 1151 ἡμᾶς,
3630 1078 3734 1129 ἀπὸ
3766 1095 3951 1148 προσ-

2374 1180 2525 1231 ώπου
2579 1178 2695 1239 ἐνὸς
2746 1176 2850 1229 τῶν
2911 1178 2988 1238 είς
3036 1174 3197 1227 αὑτὸν
3258 1172 3617 1225 πιστευόντων
3668 1186 3955 1239 σχηματο-

2376 1273 2609 1341 ποιήσας
2642 1272 2669 1322 ό
2702 1269 2857 1337 λόγος
2891 1269 2989 1337 τῆς
3025 1266 3356 1338 προφητείας
3389 1265 3572 1331 λέγει,
3608 1266 3739 1317 πᾶσι
3773 1278 3953 1331 (pave-

2380 1364 2469 1433 ρόν
2516 1364 2679 1415 ἐστιν.
2730 1362 2861 1414 Ἀπὸ
2893 1362 3001 1431 γὰρ
3034 1361 3139 1413 τῶν
3172 1359 3459 1428 δαιμονίων
3480 1399 3494 1422 ,
3532 1358 3567 1411 ὅ.
3600 1360 3744 1409 ἐστιν
3778 1353 3951 1406 ἀλλό-

2375 1472 2499 1526 τρια
2534 1455 2633 1524 τῆς
2666 1453 2972 1515 θεοσεϐείας
3017 1451 3111 1504 τοῦ
3143 1450 3276 1503 Θεοῦ
3301 1491 3313 1514 ,
3350 1448 3430 1512 οἷς
3465 1450 3628 1503 πάλαι
3676 1463 3957 1519 προσεκυ-

2374 1544 2603 1614 νοῦμεν,
2640 1543 2729 1594 τὸν
2763 1542 2894 1595 Θεὸν
2928 1542 3014 1595 ἀεὶ
3045 1541 3134 1594 διὰ
3180 1538 3352 1609 Ἰησοῦ
3400 1537 3635 1611 Χριστοῦ
3672 1553 3955 1607 συντηρη-

2377 1637 2534 1705 θῆναι
2569 1633 2995 1705 παρακαλοῦμεν
3030 1634 3128 1702 (27
3150 1634 3167 1703 )
3189 1674 3203 1695 ,
3239 1634 3325 1687 ἴνα
3362 1631 3496 1702 μετὰ
3528 1631 3585 1683 τὸ
3617 1628 3961 1698 ἐπιστρέψαι.

2378 1728 2513 1796 πρὸς
2559 1726 2690 1778 Θεὸν
2742 1725 2808 1777 δι’
2855 1724 3019 1777 αὑτοῦ
3086 1725 3303 1794 ἄμωμοι
3351 1724 3516 1794 ὦμεν.
3584 1720 3783 1790 Βοηθὸν
3836 1720 3971 1789 γὰρ.

717 1831 966 1885 conversi
1022 1830 1261 1896 fuimus,
1326 1830 1639 1885 intaminati
1701 1828 1894 1882 simus.
1951 1828 2273 1896 Adjutorem

2385 1814 2581 1864 ἐκεῖνον
2627 1814 2720 1866 καὶ
2766 1812 3041 1884 λυτρωτὴν
3096 1812 3397 1881 καλοῦμεν·
3444 1805 3503 1864 οὗ
3557 1812 3649 1869 καὶ
3705 1809 3802 1880 τὴν
3850 1807 3957 1861 τοῦ

708 1923 853 1976 enim
879 1932 934 1977 et
962 1922 1359 1991 redemptorem
1393 1939 1517 1978 eum
1557 1938 1851 1987 vocamus;
1883 1922 2036 1992 cujus
2059 1922 2275 1989 quidem

708 2014 795 2068 vel
860 2015 1092 2069 nominis
1159 2015 1462 2083 potentiam
1547 2016 1811 2072 daemonia
1878 2014 1991 2082 ipsa
2052 2014 2277 2081 perhor-

709 2115 968 2170 rescunt;
1008 2120 1071 2159 ac
1107 2105 1266 2159 hodie
1327 2121 1424 2174 per
1473 2120 1667 2159 nomen
1719 2104 1845 2158 Jesu
1891 2104 2133 2165 Christi,
2184 2103 2274 2170 qui

713 2198 812 2253 sub
846 2195 1037 2249 Pontio
1092 2194 1263 2248 Pilato
1308 2195 1505 2249 Judzeae
1538 2196 1769 2263 praeside
1815 2194 2107 2249 crucifixus
2143 2192 2273 2259 fuit,

711 2271 1375 2357 adjurata‘subjiciuntur.
1416 2285 1492 2340 Ex
1532 2302 1642 2356 quo
1678 2287 1934 2341 omnibus
1966 2294 2115 2354 patet
2160 2294 2277 2337 tan-

710 2390 821 2432 tam
862 2378 911 2433 ei
952 2379 1136 2432 datam
1163 2393 1191 2431 a
1223 2377 1380 2431 Patre
1408 2390 1734 2447 potestatem
1758 2418 1774 2443 ,
1825 2388 1882 2432 ut
1916 2377 2118 2432 nomini
2162 2374 2278 2441 ejus

708 2480 766 2525 et
812 2472 1078 2541 passionis
1124 2472 1519 2542 dispensationi
1586 2475 1750 2527 etiam
1826 2472 2087 2525 daemonia
2143 2472 2276 2523 sub-

702 2561 981 2632 jiciantur.

783 2659 870 2713 3t.
913 2660 974 2715 Si
1002 2668 1152 2714 tanta
1182 2674 1320 2712 nunc
1352 2656 1554 2710 Christi
1582 2656 1849 2723 polentia,
1881 2667 2078 2725 quanto
2112 2660 2280 2729 magis

710 2754 771 2806 in
795 2753 1019 2806 secundo
1051 2755 1373 2808 adventu.-—-
1398 2751 1553 2817 Quod
1586 2753 1630 2804 si
1662 2752 1991 2820 potentiam,
2019 2768 2139 2819 qua:
2163 2754 2279 2822 ejus

713 2847 983 2917 passionis
1027 2846 1484 2914 dispensationem
1536 2856 1825 2900 consecuta
1868 2856 1953 2899 est
1997 2855 2051 2899 et
2090 2862 2283 2901 conse-

713 2940 920 3005 quitur,
956 2949 1161 2992 tantam
1189 2952 1311 2992 esse
1346 2941 1782 3002 demonstratur;
1825 2947 2025 3007 quanta
2063 2942 2280 2993 tandem

714 3047 779 3086 ea
804 3029 987 3110 futura
1016 3041 1101 3085 est
1130 3032 1181 3085 in
1204 3032 1441 3101 glorioso
1471 3030 1588 3098 eius
1612 3032 1885 3083 adventu?
1916 3030 2107 3084 Veniet
2134 3032 2278 3085 enim

2376 1905 2637 1973 ὀνόματος
2674 1907 2825 1974 ἰσχὺν
2861 1906 2954 1959 καὶ
2986 1905 3054 1957 τά
3083 1904 3334 1974 δαιμόνια
3367 1904 3588 1974 τρέμει,
3644 1902 3736 1956 καὶ
3770 1903 3957 1971 σήμε-

2382 2016 2470 2068 ρον
2508 1997 2891 2069 ἐξορκιζόμενα
2926 1997 3064 2050 κατὰ
3095 1996 3189 2049 τοῦ
3212 1997 3472 2066 ὀνόματος
3511 1993 3683 2064 Ἰησοῦ
3707 1991 3957 2065 Χριστοῦ

2376 2092 2469 2143 τοῦ
2507 2090 2907 2161 σταυρωθέντπ
2940 2089 3032 2142 ἐπὶ
3066 2090 3291 2143 Ποντίου
3325 2088 3555 2145 Πιλάτου
3582 2127 3596 2147 ,
3649 2086 3743 2142 τοῦ
3788 2102 3959 2154 τενθε-

2379 2184 2539 2253 μένου
2583 2183 2877 2253 ἐπιτρόπου
2927 2182 3025 2252 τῆς
3071 2181 3364 2244 Ἰουδαίας,
3428 2179 3822 2234 ὑποτάσσεται·
3873 2177 3963 2241 ὡς

2378 2276 2471 2328 καὶ
2506 2276 2569 2327 ἐκ
2602 2274 2791 2327 τούτου
2824 2277 2959 2328 πᾶσι
2994 2274 3227 2346 φανερὸν
3277 2269 3413 2326 εἶναι
3458 2274 3539 2325 ὅτι
3571 2274 3599 2324 ὁ
3633 2270 3821 2340 Πατὴρ
3855 2270 3964 2321 αῦ-

2378 2366 2469 2418 τοῦ
2503 2366 2767 2434 τοσαύτην
2802 2366 2997 2419 ἔδωκεν
3049 2365 3195 2436 αὐτῷ
3241 2365 3499 2434 δύναμιν,
3548 2363 3687 2416 ὥστε
3736 2362 3833 2415 καὶ
3884 2362 3962 2415 τὰ

2376 2456 2625 2525 δαιμόνια
2672 2457 3071 2511 ὑποτάσσεσθαι
3124 2458 3200 2528 τῷ
3251 2458 3474 2527 ὀνόματι
3509 2456 3703 2517 αὑτοῦ,
3756 2454 3852 2507 καὶ
3884 2456 3959 2524 τῇ

2378 2547 2470 2600 τοῦ
2504 2548 2793 2617 γενομένου
2830 2548 3034 2611 πάθους
3066 2547 3561 2623 αὑτοῦθοίκονομίᾳ.

2451 2674 2538 2726 51.
2570 2676 2630 2726 Εἰ
2666 2674 2721 2726 δὲ
2755 2677 2818 2744 τῇ
2854 2673 2945 2726 τοῦ
2972 2674 3174 2737 πάθους
3208 2674 3369 2726 αὐτοῦ
3404 2675 3683 2743 οίκονομία
3716 2672 3963 2741 τοσαύτη

2377 2768 2603 2838 δύναμις
2634 2767 2901 2819 δείκνυται
2938 2766 3462 2838 παρακολουθήσασα
3495 2766 3587 2818 καὶ
3621 2764 3969 2836 παρακολου-

2382 2862 2567 2922 θοῦσα,
2604 2862 2742 2932 πόση
2778 2863 2810 2931 ἡ
2846 2862 2901 2913 ἐν
2932 2863 2997 2931 τῇ
3034 2860 3228 2930 ἐνδόξῳ
3262 2860 3518 2930 γινομένη
3556 2858 3717 2911 αὐτοῦ
3754 2875 3964 2928 παρου-

2382 2951 2508 3020 aia;
2557 2951 2641 3013 Ὠς
2676 2950 2788 3013 υίὸς
2821 2951 2928 3022 γὰρ
2976 2950 3263 3021 ἀνθρώπου
3313 2950 3496 3002 ἐπάνω
3531 2948 3765 3017 νεφελῶν
3800 2948 3965 3002 ἐλεύ-

2382 3059 2565 3106 σεται,
2615 3042 2690 3105 ὡς
2740 3042 2937 3113 Δανιὴλ
2991 3043 3289 3113 ἐμήνυσεν,
3343 3042 3590 3109 ἀγγέλων
3651 3044 3746 3095 σὺν
3806 3042 3964 3112 αῦτῷ

716 3132 974 3191 tanquam
1001 3122 1169 3178 Filius
1202 3125 1441 3179 hominis
1468 3139 1533 3178 ex
1566 3122 1690 3176 altis
1724 3121 1980 3187 nubibus,
2006 3133 2063 3176 ut
2092 3122 2277 3176 Daniel

2385 3133 2814 3205 ἀφικνουμένων.
2852 3135 2971 3186 Εἰσὶ
3003 3133 3059 3187 δὲ
3106 3136 3153 3187 οἱ
3199 3134 3346 3202 λόγοι
3380 3130 3554 3188 οὗτοιο
3598 3154 3614 3185 ι
3657 3134 3965 3205 Ἐθεώρουν

716 3216 1035 3287 declaravit,
1060 3220 1269 3290 angelis
1296 3235 1417 3275 cum
1453 3236 1518 3275 eo
1550 3220 1987 3274 advenientibus.
2022 3216 2158 3270 Sunt
2185 3234 2281 3270 an-

716 3326 826 3371 tem
857 3317 969 3369 haac
989 3314 1150 3368 verba
1177 3313 1442 3369 Danielis:
1485 3332 1503 3364 ι
1527 3313 1875 3383 Aspicicbam
1906 3312 2077 3366 donec
2102 3312 2283 3366 throni

717 3411 877 3481 positi
900 3418 1054 3476 sunt,
1078 3410 1420 3477 etAntiquus
1444 3408 1654 3463 dierum
1682 3409 1847 3472 sedit,
1872 3408 2080 3461 habens
2105 3405 2288 3475 operi-

719 3513 963 3559 mentum
994 3501 1154 3557 veluti
1185 3502 1469 3556 candidam
1495 3502 1697 3564 nivem,
1722 3512 1777 3553 et
1805 3499 2057 3552 caesaries
2085 3499 2286 3566 capitis

721 3595 858 3663 ejus,
895 3595 1047 3664 quasi
1082 3594 1202 3647 lana
1236 3595 1455 3657 munda,
1480 3595 1711 3648 thronus
1742 3590 1861 3659 ejus
1890 3592 2042 3658 quasi
2069 3591 2284 3645 ﬂamma

722 3687 885 3756 ignis,
917 3696 1046 3739 rota:
1070 3685 1188 3753 ejus
1220 3686 1360 3755 ignis
1387 3701 1569 3739 urens.
1597 3684 1828 3739 Fluvios
1862 3685 2001 3753 ignis
2031 3684 2287 3739 volveba-

722 3787 841 3841 tur,
878 3778 1149 3845 profluens
1198 3792 1227 3830 a
1270 3777 1409 3831 facie
1444 3777 1582 3845 ejus.
1638 3776 1782 3830 Mille
1816 3776 1979 3830 millia
2012 3776 2286 3830 deservie-

720 3872 856 3927 bant
880 3874 959 3935 ei,
1001 3881 1056 3926 et
1082 3873 1220 3925 dena
1269 3871 1433 3925 millia
1470 3872 1664 3925 denum
1697 3871 1923 3925 millium
1955 3871 2307 3925 assistebant.

722 3967 795 4018 ei.
824 3963 971 4017 Libri
998 3964 1171 4032 aperti
1198 3972 1343 4029 sunt,
1378 3960 1715 4032 etjudicium
1747 3964 1906 4017 sedit.
1938 3963 2286 4031 Aspieiebam

724 4071 888 4126 super
918 4071 1102 4111 vocem
1131 4072 1444 4112 sermonum
1488 4056 1801 4125 grandium,
1831 4069 1967 4123 quos
1998 4070 2167 4109 cornu
2206 4055 2288 4107 lo-

725 4150 1016 4218 quebatur,
1060 4158 1114 4201 et
1142 4149 1373 4203 distenta
1402 4156 1485 4203 est
1516 4149 1687 4202 bestia
1711 4188 1726 4213 ,
1757 4157 1811 4203 et
1848 4147 2056 4201 interiit
2089 4161 2290 4215 corpus

726 4244 843 4313 ejus
866 4284 878 4307 ,
911 4254 965 4297 et
994 4243 1117 4297 data
1151 4251 1234 4296 est
1272 4242 1325 4295 in
1360 4241 1793 4297 combustionem
1831 4240 1992 4311 ignis.
2029 4239 2096 4293 Et
2130 4255 2158 4292 a
2208 4254 2291 4293 re-

724 4337 889 4404 liquis
923 4336 1088 4390 etiam
1122 4334 1312 4388 bestiis
1362 4332 1658 4387 translatus
1700 4344 1785 4386 est
1825 4332 2164 4402 principatus
2195 4346 2291 4386 ea-

2385 3226 2490 3289 ἒως
2536 3228 2656 3279 ὅτου
2706 3224 2881 3295 θρόνοι
2932 3224 3228 3295 ἐτέθησαψ
3268 3227 3361 3277 καὶ
3393 3229 3420 3279 ὁ
3456 3225 3691 3289 Παλαιὸς
3737 3226 3965 3296 ἡμερῶν

2389 3318 2640 3387 ἐκάθητο,
2676 3318 2813 3387 ἔχων
2848 3316 3138 3388 περιϐολὴν
3168 3317 3300 3371 ὡσεὶ
3333 3319 3483 3388 χιόνα
3516 3319 3732 3389 λευκὴν,
3771 3318 3866 3371 καὶ
3899 3319 3966 3372 τδ

2386 3412 2637 3481 τρίχωμα
2669 3410 2768 3479 τῆς
2802 3409 3041 3479 κεφαλῆς
3074 3408 3237 3461 αὑτοῦ
3271 3409 3400 3461 ὡσεὶ
3434 3410 3577 3480 ἔριον
3602 3408 3861 3479 καθαρόν,
3904 3410 3967 3462 ’0

2389 3504 2575 3575 θρόνος
2609 3502 2771 3555 αὑτοῦ
2808 3501 2938 3553 ὡσεὶ
2972 3498 3102 3569 φλὸξ
3137 3501 3328 3570 πυρὸς,
3350 3503 3397 3553 οἱ
3431 3502 3615 3572 τροχοί¹
3647 3500 3808 3552 αὐτοῦ
3848 3499 3968 3571 πῦρ

2390 3596 2606 3664 φλέγον.
2664 3594 2911 3663 Ποταμὸς
2959 3596 3129 3664 πυρὸς
3182 3590 3363 3647 εἷλκεν
3416 3594 3843 3665 ἐκπορευόμενος
3899 3596 3969 3645 ἐκ

2390 3686 2682 3759 προσώπου
2730 3684 2913 3737 αὑτοῦ.
2964 3685 3146 3738 Χίλιαι
3193 3687 3427 3756 χιλιάδες
3462 3685 3830 3757 ἐλειτούργουν
3866 3688 3971 3738 αῦ-

2391 3776 2463 3846 τῴ
2486 3816 2498 3838 ,
2537 3778 2626 3828 καὶ
2663 3775 2848 3845 μύριαι
2885 3774 3141 3846 μυριάδες
3176 3780 3632 3847 παρειστήκεισαν
3666 3775 3829 3846 αὐτῷ.
3870 3778 3970 3830 Βί-

2392 3869 2506 3921 ϐλοι
2561 3868 2935 3939 ἁν;‹ξ›χθησαν,
2989 3870 3081 3923 καὶ
3135 3872 3417 3941 κριτήριον
3453 3870 3718 3923 ἐκάθισεν.
3769 3870 3970 3923 Ἐθεὼ-

2396 3982 2519 4031 ρουν
2570 3966 2689 4016 τότε
2724 3964 2819 4035 τὴν
2854 3964 3033 4035 φωνὴν
3067 3965 3173 4017 τῶν
3229 3964 3477 4035 μεγάλων
3509 3964 3681 4031 λόγων
3708 4003 3721 4025 ,
3776 3958 3851 4016 ὧν
3905 3964 3970 4018 τὸ

2393 4056 2561 4128 κέρας
2608 4058 2786 4109 λαλεῖ²
2842 4058 2934 4109 καὶ
2986 4057 3443 4129 ἀπετυμπανίσθη
3488 4056 3818 4127 τὸνθηρίον,
3868 4060 3969 4111 καὶ

2392 4148 2637 4203 ἀπώλετο
2669 4149 2727 4201 τὸ
2761 4148 2917 4218 σῶμα
2949 4148 3111 4202 αὐτοῦ
3133 4190 3146 4214 ,
3201 4150 3293 4203 καὶ
3328 4148 3484 4219 ἐδόθη
3517 4150 3597 4211 είς
3631 4148 3822 4202 καῦσιν
3856 4167 3969 4202 πυο

2397 4242 2505 4312 ρός,
2548 4242 2656 4294 Καὶ
2688 4242 2754 4294 τὰ
2786 4242 2946 4295 λοιπὰ
2979 4242 3142 4313 θηρία
3179 4242 3481 4313 μετεστὰοη
3527 4244 3624 4312 τῆς
3657 4244 3830 4314 ἀρχῆς
3866 4244 3971 4297 αὑ-

2394 4334 2531 4398 τῶν,
2574 4336 2664 4387 καὶ
2697 4335 2886 4406 χρόνος
2935 4334 3079 4404 ζωῆς
3113 4339 3222 4399 τοῖς
3258 4335 3465 4407 θηρίοις
3501 4335 3654 4406 ἐδόθη
3691 4336 3795 4399 ἕως
3839 4352 3971 4388 και-

727 4443 879 4493 rum,
919 4438 973 4481 et
1006 4437 1214 4495 tempus
1243 4426 1367 4480 vita:
1411 4426 1603 4481 bestiis
1648 4436 1974 4481 concessum
2018 4439 2192 4495 usque
2222 4425 2283 4479 ad

2399 4427 2490 4497 ροῦ
2526 4428 2618 4481 καὶ
2653 4429 2863 4498 χρόνου.
2914 4427 3208 4499 Ἐθεώρουν
3241 4430 3298 4480 ἐν
3331 4429 3567 4499 ὁράματι
3598 4428 3697 4498 τῆς
3727 4426 3924 4491 νυκτὸς
3950 4468 3965 4492 ,

730 4623 880 4679 gare,
908 4605 1083 4675 potuit
1124 4604 1370 4679 Justinus
1408 4617 1680 4679 aeternam
1732 4606 1905 4679 legem
1954 4606 2061 4679 sub
2092 4606 2296 4679 Moyse

773 4678 1035 4740 rotliisse,
1092 4691 1211 4728 cum
1250 4677 1365 4742 ipse
1402 4676 1638 4729 fateatur
1672 4676 1811 4731 infra
1848 4694 1902 4730 ιι.
1940 4677 2043 4741 45,
2091 4678 2142 4729 in
2188 4678 2292 4731 hac

773 4695 1035 4740 νοειιιδδο,
1092 4695 1211 4728 cum
1250 4695 1365 4742 ipse
1402 4695 1638 4729 lateatur
1672 4695 1811 4731 intra
1848 4695 1902 4730 ιι.
1940 4695 2043 4741 ιιι),
2092 4695 2142 4729 ιιι
2188 4695 2291 4731 nae

729 4695 848 4817 rege
898 4763 1000 4800 non
1053 4761 1119 4799 ea
1163 4746 1335 4799 solum
1387 4746 1703 4815 praescribi,
1752 4762 1874 4817 quae
1916 4748 1983 4801 ad
2033 4746 2291 4800 duritiam

731 4818 915 4871 cordis
952 4817 1201 4871 instituta
1235 4826 1396 4878 sunt,
1430 4820 1522 4871 sed
1555 4831 1616 4869 ea
1650 4819 1816 4871 etiam
1840 4857 1853 4878 ,
1896 4837 1913 4868 ι
1946 4832 2065 4885 qua)
2101 4827 2293 4871 natura

750 4890 986 4940 iragclara
1010 4896 1063 4940 et
1086 4888 1170 4956 pia
1194 4898 1243 4940 et
1276 4886 1417 4953 justa
1451 4888 1620 4941 sunt?
1650 4905 1668 4938 ι
1697 4889 1831 4942 Cum
1849 4886 2093 4957 Justinus
2120 4887 2293 4957 legem

788 4957 953 5027 oysis,
986 4954 1099 5010 sive
1132 4957 1388 5026 Decalogi
1424 4965 1693 5025 praecepta
1730 4954 2008 5019 traderet,
2039 4958 2153 5011 sive
2176 4954 2294 5027 alia

732 5028 1112 5096 jtrmscriberet
1142 5030 1207 5081 ad
1244 5028 1498 5081 duritiam
1526 5028 1729 5091 cordis,
1766 5037 1860 5081 aut
1892 5027 1958 5081 ad
1994 5042 2174 5081 rerum
2209 5028 2295 5081 fu-

731 5109 981 5152 turarum
1038 5098 1634 5167 praesignificationem,
1686 5098 1920 5153 litteram
1954 5098 2294 5153 occidentem

736 5185 858 5224 esse
890 5167 1273 5231 existimabat,
1304 5179 1509 5239 utpote
1543 5169 1799 5237 scriptam
1840 5170 1893 5221 in
1926 5168 2122 5222 tahulis
2157 5168 2296 5239 lapie

736 5242 855 5294 deis
880 5279 893 5301 ,
931 5254 1041 5293 non
1076 5240 1128 5292 in
1164 5238 1419 5294 cordibus
1455 5253 1553 5306 per
1587 5239 1847 5307 Spiritum
1884 5248 2165 5307 sanctum,
2204 5238 2295 5307 qui

737 5309 1061 5379 charitatem
1096 5308 1368 5363 diffundit.
1417 5309 1533 5363 Hoc
1578 5306 1693 5379 ipso
1744 5309 1798 5362 in
1836 5308 1955 5363 loco
1988 5306 2296 5379 Judaeorum

737 5389 793 5431 et
842 5378 1277 5434 Christianorum
1322 5378 1613 5435 discrimen
1678 5382 1801 5434 inde
1854 5380 2085 5448 repetit,
2152 5378 2296 5446 quod

740 5451 1037 5504 Christiani
1078 5450 1280 5516 judicia
1326 5452 1539 5505 Domini
1584 5451 1825 5505 dulciora
1876 5465 2038 5519 super
2088 5452 2192 5504 mel
2245 5459 2300 5503 et

742 5520 921 5573 favum
955 5521 1295 5585 existiment,
1333 5537 1396 5576 ac
1433 5537 1520 5582 ne,
1548 5532 1723 5575 morte
1746 5522 1961 5589 quidem
1998 5521 2295 5589 proposita,

741 5596 934 5645 nomen
972 5592 1065 5644 Dei
1099 5592 1406 5656 abnegent,
1442 5607 1546 5643 non
1585 5593 1656 5644 illi
1692 5594 1908 5659 quidem
1944 5593 2178 5660 propriis
2213 5591 2297 5642 vi-

742 5664 912 5727 ribus,
946 5681 965 5713 ι
994 5662 1087 5715 sed
1120 5676 1216 5731 per
1235 5662 1511 5717 Christum
1547 5665 1614 5717 ad
1653 5664 1821 5718 Deum
1859 5665 2127 5725 conversi,
2149 5676 2300 5715 eum-

744 5746 849 5803 que
876 5731 1175 5802 adjutorem
1209 5743 1263 5789 et
1296 5735 1693 5803 redemptorem
1724 5744 2002 5801 vocantes,
2033 5740 2189 5807 cujus
2219 5733 2300 5789 vel

2396 4612 2633 4666 nominis
2662 4612 2957 4679 potentiam
2990 4612 3253 4666 daemonia
3291 4611 3741 4680 perhorrescunt,
3764 4623 3969 4680 acgper

2397 4697 2595 4736 nomen
2638 4678 2764 4735 Jesu
2799 4682 3004 4735 Christi
3040 4678 3301 4750 adjurata
3326 4680 3714 4747 subjiciuntur.
3752 4700 3771 4733 ι
3814 4678 3969 4733 Miri-

2397 4752 2498 4806 fice
2530 4768 2653 4805 cum
2690 4752 2900 4806 Justino
2931 4754 3208 4807 consentit
3241 4752 3612 4819 Augustinus,
3648 4750 3743 4820 qui"
3776 4751 3827 4804 in
3866 4750 3966 4803 lib.

2398 4821 2474 4875 De
2504 4824 2695 4891 spiritu
2734 4833 2780 4875 et
2808 4823 2983 4875 littera
3012 4822 3255 4891 pluribus
3288 4823 3661 4875 demonstrat:
3691 4839 3713 4871 ε
3742 4820 3965 4890 Legem,

2397 4906 2465 4945 ex
2515 4908 2623 4961 qua
2658 4894 2949 4962 Apostolus
2996 4892 3266 4947 neminem
3302 4892 3434 4946 dicit
3476 4891 3804 4962 iustificari,
3857 4904 3967 4943 non

2400 4960 2609 5042 tantum
2647 4960 2721 5042 in;
2752 4962 2857 5017 illis
2892 4962 3289 5042 sacramentis,
3343 4960 3803 5042 quaeliabuerunt
3832 4974 3966 5039 pro-

2399 5034 2650 5087 missivas
2686 5034 2911 5101 figuras,
2943 5048 3135 5086 verum
3171 5033 3333 5087 etiam
3361 5029 3419 5084 iit
3451 5032 3559 5085 illis
3586 5030 3839 5101 operibus
3876 5029 3967 5082 in-

2403 5103 2588 5172 lelligi,
2624 5100 2747 5171 (ιιιιὲ
2776 5103 3023 5172 quisquis
3058 5101 3266 5167 fecerit,
3298 5101 3444 5165 juste
3477 5100 3630 5165 vivit,
3666 5100 3758 5155 ubi
3793 5109 3875 5154 est
3910 5109 3971 5152 et

2400 5170 2551 5231 illud.
2581 5170 2687 5227 non
2724 5170 3098 5240 concupisces,
3138 5191 3156 5222 ι
3189 5188 3242 5225 n.
3278 5173 3370 5225 25.

2472 5244 2584 5314 (:26)
2643 5246 2752 5297 Καὶ
2806 5243 2902 5298 διὰ
2952 5242 3057 5297 τοῦ
3099 5242 3389 5314 ψαλμοῡν
3418 5242 3648 5314 Videtur
3685 5241 3801 5314 Ahoc
3844 5240 3975 5314 loco

2400 5310 2689 5368 brevitatis
2717 5329 2877 5368 causa
2914 5310 3315 5383 praetermissus
3349 5313 3463 5367 sive
3495 5328 3525 5366 a
3558 5310 3771 5383 Justino
3796 5350 3811 5373 ,
3848 5311 3974 5383 sive

2402 5398 2430 5435 a
2467 5384 2709 5437 librariis
2744 5380 2981 5453 psalmus
3008 5401 3022 5436 :
3055 5382 3183 5436 Caeli
3214 5393 3484 5437 enarrant.
3522 5381 3791 5437 Nonnulla
3820 5380 3972 5433 enim

2401 5467 2465 5506 ex
2498 5455 2601 5509 hoc
2628 5454 2836 5521 psalmo
2858 5454 3095 5523 explicat
3116 5453 3384 5523 Justinus,
3410 5454 3567 5522 quasi
3598 5454 3771 5521 ipsum
3804 5460 3973 5502 antea

2404 5527 2729 5585 recitasset,
2770 5533 2827 5577 ut
2856 5522 3088 5592 quisque
3123 5522 3347 5590 legendo
3398 5524 3833 5577 animadvertere
3867 5533 3974 5588 po-

2403 5596 2546 5649 terit.
2577 5593 2693 5649 Mox
2720 5594 2821 5661 leg.
2850 5591 2923 5657 ὡς
2955 5594 3062 5647 ἀπὸ
3096 5591 3405 5665 προσώπου.
3524 5664 3533 5665 7
3600 5660 3612 5665 Δ
3795 5658 3828 5665 __
3915 5658 3926 5665 .

2476 5665 2589 5733 (27)
2643 5658 2899 5719 Occurrit
2943 5658 3171 5719 formula
3245 5677 3461 5733 precum
3523 5658 3832 5718 huiusmodi
3912 5658 3971 5711 in

2354 5803 2371 5816 δ
2406 5730 2630 5792 Corruit.
2667 5746 2860 5807 apost.,
2885 5750 3001 5803 \‘lll,
3034 5750 3084 5790 c.
3124 5733 3208 5789 11.
3246 5730 3421 5790 Orto.
