4132 6426
70 16 395 81 Μαι-πῖ-

186 355 304 413 541

1128 354 1477 413 DlALOGUS
1507 355 1655 414 CUM
1688 354 2067 414 TRYPHONE
2108 354 2372 415 JUDEO.

3444 9 3911 35 Diu-num,
3912 10 3997 29 '1‘—
4002 10 4043 27 ""1

3352 361 3463 418 5&1

185 472 298 526 καὶ
350 468 461 521 ίδοὺ
520 468 654 540 μετὰ
697 466 805 520 τῶν
856 467 1093 536 νεφελῶν
1126 468 1220 523 τοῦ
1274 468 1505 539 οὐρανοῦ
1543 468 1619 532 ὡς
1652 468 1777 532 Υίὸς

1884 478 2095 525 certum
2126 470 2272 526 diem
2295 477 2354 525 et
2382 476 2623 540 tempus.
2664 467 3008 540 Aspiciebam
3037 470 3090 527 in
3121 472 3326 531 visione
3354 492 3456 533 no—

184 561 300 617 ἀνθ
312 560 497 634 ρώπου
549 560 875 632 ὲρχόμενοςη
914 560 1008 613 xa‘t
1052 555 1215 630 ἦλθεν
1262 559 1366 623 ἕως
1413 559 1505 613 τοῦ
1541 558 1779 612 Παλαιοῦ

183 653 309 708 τῶν
344 652 585 724 ἡμερῶν,
606 652 698 704 καὶ
732 652 911 723 παρῆν
930 650 1159 705 ἐνώπιον
1190 651 1357 705 αὑτοῦ
1378 669 1390 681 ·
1429 651 1522 706 καὶ
1555 655 1603 705 oi
1638 668 1780 723 παρ-

186 746 498 815 εστηκότες
555 745 906 817 προσήγαγον
972 744 1165 797 αὐτόν’
1235 745 1330 797 καὶ
1416 743 1571 814 ἐδόθη
1634 741 1783 814 αὐτῷ

191 838 428 904 ἱξουσία
462 836 555 891 καὶ
586 836 717 907 τιμὴ
753 836 1037 908 βασιλικὴ,
1089 836 1186 894 xal
1219 837 1396 892 πάντα
1427 836 1493 889 τὰ
1526 835 1652 907 ἔθνη
1684 835 1783 907 τῆς

186 930 305 1000 γῆς
341 930 481 984 κατὰ
528 929 693 999 γένη,
730 930 824 983 καὶ
872 930 1021 982 πᾶσα
1053 928 1180 996 δόξα
1212 928 1568 1000 λατρεύουσα.
1604 927 1713 981 Kal
1747 928 1780 999 ή

192 1022 424 1089 ἐξουσία
458 1022 646 1083 αὑτοῦ,
686 1022 905 1086 ἐξουσία
938 1020 1191 1087 αἰώνιος,
1226 1022 1348 1093 ἦτις
1399 1024 1458 1077 οὑ
1497 1021 1569 1092 μὴ
1603 1021 1743 1093 ἀρθῇ
1764 1038 1777 1051 ·

189 1111 297 1165 καὶ
346 1114 379 1184 ή
436 1112 680 1183 βασιλεία
714 1111 877 1165 αὐτοῦ
913 1112 974 1165 οὐ
1012 1111 1087 1183 μὴ
1121 1111 1325 1185 φθαρῇ.
1362 1114 1474 1165 Kal
1506 1110 1691 1181 ἔφριξε
1724 1111 1781 1164 τὸ

192 1203 420 1273 πνεῦμά
460 1221 559 1272 μου
594 1205 653 1257 ἐν
686 1205 750 1273 τῇ
786 1202 894 1268 ἕξει
934 1220 1056 1272 μου,
1094 1204 1187 1256 καὶ
1222 1206 1277 1257 αἱ
1309 1204 1528 1275 ὁράσεις
1560 1204 1658 1273 τῆς
1692 1219 1783 1256 κε·-

193 1295 379 1365 φαλῆς
418 1312 519 1364 μου
559 1294 861 1365 ἑτάρασσόν
901 1313 987 1365 με,
1023 1296 1135 1348 Kal
1182 1295 1487 1364 προσῆλθον
1522 1297 1657 1366 πρὸς
1690 1296 1782 1348 ἕνα

190 1385 308 1438 τῶν
344 1384 595 1437 ἑστώτων
634 1426 649 1449 ,
682 1384 777 1437 καὶ
809 1386 908 1456 τὴν
941 1386 1226 1457 ἀκρίϐειαν
1275 1386 1496 1456 ἐζήτουν
1532 1388 1660 1457 παρ’
1694 1388 1783 1445 αὑ-

189 1476 292 1530 τοῦ
327 1477 468 1549 ὑπὲρ
494 1476 711 1529 πάντων
745 1476 968 1528 τούτων.
1019 1476 1362 1549 Ἀποκριθεὶς
1394 1478 1449 1530 δὲ
1483 1477 1631 1549 λέγει
1668 1496 1778 1549 μοι,

190 1567 296 1619 καὶ
494 1566 674 1636 κρίσιν
719 1566 825 1620 τῶν
858 1566 1032 1634 λόγων
1068 1546 1303 1639 ἐδήλωσέ
1342 1585 1463 1639 μοι·
1501 1546 1685 1621 ’ίαῦτα
1717 1569 1783 1623 τά

191 1657 368 1729 θηρία
401 1660 467 1713 τὰ
504 1660 747 1729 μεγάλα,
782 1660 893 1712 eiul
925 1660 1188 1733 τέσσαρες
1224 1660 1521 1730 βασιλεῖαι,
1558 1661 1614 1713 αῖ
1648 1664 1783 1715 ἁπο-

190 1750 419 1804 λοῦνται
452 1753 558 1805 ἀπὸ
592 1753 690 1823 τῆς
724 1753 845 1823 γῆς,
883 1752 976 1805 xal
1008 1753 1067 1805 οὑ
1104 1752 1518 1824 παραλήψονται
1551 1753 1648 1824 τὴν
1684 1752 1780 1823 βα-

1884 562 2016 625 clis;
2048 571 2104 617 et
2128 574 2258 616 ecce
2286 576 2410 616 cum
2437 559 2672 615 nubibus
2707 560 2864 626 cmli,
2896 562 3053 631 quasi
3080 562 3252 619 Filius
3282 565 3453 619 homi-

1884 652 1970 706 nis
1986 653 2291 716 veniens,et
2306 666 2475 721 usque
2493 651 2559 705 ad
2580 653 2873 723 Antiquum
2893 655 3101 709 dierum
3120 656 3461 723 pervenit.Et

1884 747 2078 801 aderat
2119 745 2174 800 in
2220 755 2517 817 conspectu
2547 743 2697 814 ejus;
2750 758 2806 802 et
2850 748 2945 819 qui
2992 748 3326 804 assistebant
3359 751 3456 805 ad-

1885 839 2157 893 duxerunt
2186 852 2330 893 eum.
2382 837 2450 892 Et
2481 835 2605 891 data
2646 837 2697 891 ei
2726 846 2813 892 est
2862 846 3104 907 potestas
3130 849 3185 892 et
3211 840 3452 910 dignitas

1885 931 2037 1000 regia
2059 969 2077 996 ,
2110 938 2165 985 et
2198 938 2387 999 gentes
2435 936 2597 984 terra:
2648 943 2746 998 per
2792 943 2993 998 genera
3028 945 3125 985 sua
3172 946 3365 988 omnes
3401 944 3461 988 et

1884 1020 2062 1077 omnis
2108 1020 2278 1098 gloria
2328 1020 2591 1078 serviens.
2624 1019 2690 1075 Et
2733 1029 2971 1090 potestas
3015 1021 3167 1090 ejus,
3203 1034 3451 1093 potestas

1884 1122 2105 1175 aeterna,
2136 1114 2257 1180 qua
2296 1125 2401 1165 non
2432 1108 2749 1163 auferetur:
2792 1118 2847 1164 et
2898 1125 3124 1180 regnum
3182 1106 3300 1178 ejus
3350 1126 3457 1166 non

1886 1202 2151 1258 interibit.
2177 1200 2242 1255 Et
2266 1200 2479 1255 horruit
2500 1200 2724 1269 spiritus
2744 1214 2897 1255 meus
2929 1200 2985 1255 in
3020 1201 3210 1256 habitu
3237 1215 3380 1267 meo,
3404 1212 3463 1256 et

1883 1293 2125 1348 visiones
2148 1292 2345 1362 capitis
2373 1294 2477 1348 mei
2505 1290 2911 1347 conturbabant
2941 1307 3047 1348 me.
3072 1291 3138 1346 Et
3162 1294 3363 1347 accessi
3391 1293 3460 1347 ad

1885 1400 2050 1439 unum
2088 1383 2464 1440 assistentium
2490 1425 2505 1448 ,
2535 1393 2590 1437 et
2616 1387 2911 1440 veritatem
2953 1384 3264 1455 quarebam
3296 1384 3366 1439 ab
3395 1398 3462 1438 eo

1884 1479 1950 1531 de
1987 1476 2241 1531 omnibus
2271 1474 2380 1530 his.
2437 1473 2798 1546 Respondens
2837 1483 3025 1529 autem
3059 1473 3150 1528 ille
3185 1474 3358 1538 dixit,
3403 1481 3463 1527 et

1880 1568 2144 1637 judicium
2196 1582 2513 1623 sermonum
2580 1566 2885 1622 declaravit
2935 1567 3067 1620 mihi
3096 1581 3107 1615 :
3139 1566 3233 1621 Ha:
3274 1566 3462 1622 bestia

1886 1674 2127 1729 magnae,
2161 1667 2399 1729 quatuor
2446 1668 2574 1714 sunt
2624 1673 2787 1729 regna
2816 1699 2830 1723 ,
2870 1672 2993 1726 quae
3040 1657 3382 1727 disperibunt
3427 1672 3461 1712 a

1886 1759 2054 1815 terra,
2079 1761 2134 1805 et
2167 1764 2277 1806 non
2304 1750 2609 1820 suscipient
2640 1765 2867 1818 regnum
2895 1765 3070 1820 usque
3095 1747 3151 1802 in
3175 1747 3460 1813 saeculum,

191 1845 410 1897 σιλείαν
456 1844 560 1908 ἓως
606 1845 800 1909 αίῶνος
826 1886 841 1911 ,
877 1846 971 1900 x‘al
1004 1846 1110 1910 ἓως
1158 1847 1249 1899 τοῦ
1285 1846 1479 1910 αίῶνος
1511 1848 1617 1900 τῶν
1650 1846 1777 1900 αἰώ-

1883 1852 1939 1896 et
1974 1857 2145 1911 usque
2188 1843 2242 1897 in
2295 1841 2556 1897 saeculum
2606 1840 2959 1896 smculorum.
3016 1838 3170 1893 Tunc
3202 1845 3463 1892 accurate

189 1954 325 1991 νων;
366 1938 499 1991 Τότε
525 1938 715 2009 ήθελον
736 1937 1215 2011 ὲξακριϐώσασθαι
1242 1941 1380 2011 ὑπὲρ
1402 1940 1493 1993 τοῦ
1518 1942 1779 2013 τετάρτου

191 2028 391 2099 Θηρίου
446 2029 535 2083 τοῦ
572 2029 1029 2102 καταφθείροντος
1070 2034 1249 2087 πάντα
1287 2032 1382 2085 καὶ
1431 2032 1776 2103 ὑπερφοϐου,

186 2120 289 2171 καὶ
324 2122 374 2173 oi
405 2119 615 2184 ὀδόντες
648 2121 812 2178 αὑτοῦ
850 2121 1088 2194 σιδηροῖ,
1136 2123 1230 2176 xal
1282 2125 1331 2175 οἱ
1380 2122 1568 2191 ὄνυχες
1613 2120 1777 2174 αὑτοῦ

189 2210 423 2279 χαλκοῖ’
461 2210 639 2264 ἐσθίον
674 2212 769 2265 xal
795 2211 1076 2277 λεπτῦνον,
1106 2214 1199 2266 xal
1232 2212 1300 2267 τὰ
1330 2212 1583 2267 ἐπίλοιπα
1615 2213 1777 2267 αὐτοῦ

186 2306 310 2367 τοῖς
364 2302 490 2355 ποσὶ
537 2304 859 2358 κατεπάτει·
900 2304 995 2358 xal
1042 2304 1309 2377 περὶτῶν
1353 2306 1487 2360 δέκα
1531 2308 1779 2379 κεράτων

188 2396 363 2449 αὐτοῦ
400 2397 493 2449 ἐπὶ
528 2398 626 2469 τῆς
659 2399 937 2468 κεφαλῆς,
974 2400 1068 2453 καὶ
1104 2401 1166 2452 ὲκ
1198 2398 1291 2453 τοῦ
1328 2401 1447 2464 ἑνὸς
1480 2401 1571 2457 τοῦ
1609 2419 1778 2473 προσ-

188 2491 453 2560 φυέντος,
498 2491 594 2545 xal
644 2492 903 2556 ἐξέπεσον
938 2495 1003 2546 ὲκ
1037 2493 1143 2549 τῶν
1177 2494 1461 2567 προτέρων
1494 2496 1561 2549 δι’
1611 2494 1776 2549 αὑτοῦ

187 2584 343 2658 τρία.
394 2585 505 2638 Kal
558 2586 618 2639 τὸ
660 2587 835 2658 κέρας
898 2587 1077 2648 ἐκεῖνο
1129 2583 1274 2659 εἶχεν
1322 2588 1634 2660 ὀφθαλμοὺς
1684 2590 1778 2643 καὶ

190 2680 377 2749 στόμα
409 2678 604 2732 λαλοῦν
642 2679 884 2750 μεγάλα,
919 2680 1012 2732 καὶ
1044 2682 1077 2752 ή
1114 2682 1379 2752 πρόσοψις
1411 2682 1575 2737 αὑτοῦ
1613 2684 1780 2755 ὑπερ-

190 2771 364 2842 έφερε
412 2770 477 2822 τὰ
512 2770 663 2823 ἄλλα.
702 2770 814 2824 Καὶ
852 2771 1139 2824 κατενόουν
1171 2773 1232 2825 τὸ
1264 2773 1435 2845 κέρας
1470 2776 1646 2828 έκεῖνο
1680 2775 1778 2826 πό-

188 2863 364 2932 λεμον
396 2861 786 2933 συνιστάμενον
838 2863 978 2934 πρὸς
1010 2864 1136 2927 τοὺς
1168 2863 1357 2932 ἁγίους
1376 2906 1390 2928 ,
1426 2868 1519 2919 καὶ
1552 2865 1779 2938 τροποῦ-

193 2970 362 3023 μενον
394 2952 589 3017 αὐτοὺς
609 2994 623 3019 ,
659 2953 765 3018 ἕως
796 2955 889 3009 τοῦ
925 2954 1095 3008 ἐλθεῖν
1130 2956 1222 3009 τὸν
1255 2957 1488 3010 Παλαιὸν
1521 2958 1772 3030 ἡμερῶνι

190 3046 290 3098 καὶ
334 3044 429 3116 τὴν
463 3044 644 3117 κρίσιν
676 3046 845 3100 ἔδωκε
879 3050 990 3112 τοῖς
1022 3048 1199 3116 ἁγίοις
1230 3045 1322 3102 τοῦ
1357 3050 1612 3119 Ὑψίστου
1633 3068 1647 3080 ·
1682 3051 1778 3113 καὶ

1881 1934 2174 2005 exquirere
2247 1933 2390 1988 volui
2453 1934 2522 1988 de
2572 1942 2765 2003 quarta
2812 1932 3019 1996 bestia,
3075 1937 3464 1999 corrumpente

1883 2031 2065 2086 omnia
2086 2072 2100 2098 ,
2129 2038 2186 2085 et
2212 2028 2445 2085 terribili
2476 2013 2769 2084 admodum
2794 2067 2808 2093 ,
2841 2027 2996 2096 cujus
3042 2026 3236 2081 dentes
3272 2022 3459 2103 ferrei,

1882 2132 1938 2178 et
1964 2136 2171 2190 ungues
2200 2120 2319 2188 ejus
2348 2120 2486 2176 aenei
2508 2161 2524 2188 ,
2559 2121 2884 2175 comedente
2925 2130 2996 2174 et-
3031 2118 3463 2180 comminuente,

1881 2224 1937 2271 et
1983 2214 2194 2285 reliqua
2228 2214 2458 2283 pedibus
2492 2214 2607 2270 suis
2660 2212 3060 2277 conculcante;
3096 2221 3153 2266 et
3180 2209 3244 2265 de
3275 2210 3462 2264 decem

1883 2311 2141 2367 cornibus
2167 2310 2288 2378 ejus
2319 2310 2373 2363 in
2421 2307 2630 2376 capite,
2663 2317 2717 2362 et
2749 2308 2814 2361 de
2846 2321 2954 2361 uno
2982 2306 3129 2375 quod
3164 2302 3462 2366 succrevit,

1880 2418 1985 2474 per
2009 2404 2153 2473 quod
2188 2418 2256 2457 ex
2293 2401 2572 2472 prioribus
2601 2400 2705 2455 tria
2739 2409 2991 2469 protrusa
3018 2406 3164 2452 sunt.
3193 2395 3259 2450 Et
3292 2408 3460 2451 cornu

1883 2498 2013 2553 illud
2058 2496 2300 2551 habebat
2345 2494 2536 2551 oculos
2598 2502 2652 2548 et
2710 2508 2775 2548 os
2817 2491 3045 2561 loquens
3093 2487 3357 2559 grandia;
3408 2492 3467 2541 et

1883 2598 2137 2659 aspectus
2173 2586 2291 2656 ejus
2325 2586 2632 2643 excellebat
2675 2585 2803 2640 alia.
2840 2585 2906 2638 Et
2949 2582 3458 2636 animadvertebam

1882 2696 2053 2737 cornu
2093 2680 2236 2743 illud.
2256 2678 2458 2735 bellum
2494 2692 2719 2734 movere
2752 2678 2806 2731 in
2846 2682 3089 2739 sanctos,
3140 2682 3197 2728 et
3232 2671 3461 2727 fundere

1883 2787 2015 2839 eos;
2075 2771 2251 2826 donec
2297 2771 2450 2826 venit
2495 2770 2777 2838 Antiquus
2812 2767 3067 2831 dierum,
3110 2774 3167 2820 et
3193 2762 3461 2832 judicium

1884 2865 2036 2921 dedit
2064 2864 2271 2919 sanctis
2295 2863 2511 2923 Excelsi
2531 2904 2545 2928 ,
2570 2872 2623 2919 et
2653 2871 2869 2931 tempus
2897 2860 3142 2923 advenit,
3160 2868 3213 2913 et
3236 2871 3459 2925 regnum

1882 2958 2240 3013 obtinuerunt
2268 2954 2445 3011 sancti
2474 2953 2764 3008 Altissimi.
2788 2950 2856 3005 Et
2889 2964 3063 3021 usque
3091 2950 3299 3005 dictum
3326 2948 3462 3001 mihi

1881 3049 2047 3105 estde
2068 3057 2263 3118 quarta
2287 3046 2459 3102 bestia
2485 3065 2498 3100 :
2526 3044 2773 3116 Regnum
2799 3052 3057 3113 quartum
3076 3042 3185 3096 erit
3210 3041 3265 3095 in
3289 3050 3457 3105 terra,

187 3138 221 3189 ὸ
272 3135 462 3206 καιρὸς
497 3137 721 3207 ἐνέστη,
771 3138 867 3191 xal
912 3137 972 3190 τὸ
1018 3138 1289 3209 βασίλειον
1335 3140 1600 3212 κατέσχον
1632 3141 1775 3211 ἆγιοι

1882 3141 2031 3209 quod
2067 3139 2224 3209 longe
2266 3136 2549 3208 superabit
2593 3136 2777 3195 omnia
2814 3149 2979 3205 regna
3011 3173 3028 3197 ,
3071 3142 3127 3187 et
3174 3131 3461 3187 devorabit

203 3226 487 3295 Ὑψίστου.
505 3226 614 3281 Kal
635 3227 836 3299 ἐρρέθη
871 3246 959 3299 μοι
981 3229 1109 3300 περὶ
1144 3229 1237 3283 τοῦ
1261 3233 1518 3303 τετάρτου
1550 3231 1740 3304 θηρίου
1759 3250 1773 3262 ο

190 3314 454 3369 Βασιλεία
500 3317 733 3389 τετάρτη
785 3318 940 3371 ἔσται
975 3319 1067 3371 ἐπὶ
1102 3320 1201 3391 τῆς
1237 3320 1375 3391 γῆς,
1423 3322 1545 3392 ἥτις
1589 3322 1775 3377 διοίσει

191 3406 351 3477 παρὰ
386 3406 563 3470 πάσας
587 3407 684 3472 τὰς
713 3408 991 3479 βασιλείας
1019 3410 1242 3477 ταύτας,
1276 3412 1369 3465 xal
1403 3415 1776 3483 καταφάγεται

191 3499 383 3551 πᾶσαν
410 3499 509 3571 τήν
532 3500 634 3572 γῆν
652 3540 668 3565 ,
713 3501 807 3555 καὶ
834 3501 1209 3561 ἀναστατώσει
1254 3506 1423 3577 αὐτὴν
1443 3547 1457 3571 ,
1488 3506 1583 3560 καὶ
1618 3524 1779 3561 κατα-

191 3588 380 3642 λεανεῖ
411 3591 597 3662 αὑτήν.
646 3591 758 3647 Kal
805 3592 873 3649 τὰ
917 3592 1051 3647 δέκα
1098 3594 1339 3667 κέρατα,
1370 3597 1503 3651 δέκα
1541 3597 1777 3668 βασιλεῖς

190 3679 590 3752 ἀναστήσονται
627 3685 743 3754 μετ’
773 3685 966 3750 αὐτούς
996 3684 1109 3758 (28)
1129 3704 1142 3717 ·
1170 3688 1264 3743 καὶ
1291 3682 1443 3753 οὗτος
1466 3690 1653 3743 διοίσει
1687 3709 1781 3745 κα-

193 3774 316 3833 κοῖς
348 3772 489 3843 ὑπὲρ
517 3774 642 3838 τοὺς
669 3774 953 3847 πρώτους,
996 3778 1092 3831 καὶ
1121 3782 1271 3850 τρεῖς
1301 3781 1538 3851 βασιλεῖς
1586 3801 1776 3837 ταπει-

189 3864 394 3930 νώσει,
422 3866 515 3919 καὶ
547 3869 769 3938 ῥήματα
804 3870 941 3938 πρὸς
968 3872 1057 3925 τὸν
1089 3872 1351 3942 Ὕψιστον
1395 3874 1651 3947 λαλήσει,
1686 3878 1777 3929 καὶ

191 3958 284 4013 ὲτέ
296 3975 420 4029 ρους
450 3959 634 4028 ἁγίους
660 3960 752 4014 τοῦ
793 3960 1048 4030 Ὑψίστου
1076 3964 1464 4037 καταστρέψει,
1495 3965 1589 4020 καὶ
1617 3984 1779 4037 προσ-

189 4052 408 4117 δέξεται
440 4054 727 4111 ἀλλοιῶσαι
758 4058 986 4131 καιροῦς
1034 4058 1128 4112 καὶ
1168 4059 1413 4131 χρόνους.
1452 4061 1560 4121 Καί
1608 4079 1779 4132 ταρα-

189 4144 481 4216 δοθήσεται
512 4149 593 4213 είς
623 4153 811 4223 χεῖρας
842 4150 1004 4205 αὐτοῦ
1044 4152 1154 4223 (29)
1186 4152 1291 4216 ἓως
1320 4153 1511 4225 καιροῦ
1540 4157 1629 4208 κελ
1667 4172 1779 4208 και-

194 4239 329 4312 ρῶν,
372 4240 464 4295 xal
494 4241 662 4312 ἥμισυ
694 4243 906 4315 καιροῦ.
944 4246 1053 4298 Kal
1096 4247 1129 4317 ή
1172 4246 1352 4318 κρίσις
1395 4246 1649 4314 ἐκάθισε,
1709 4247 1778 4301 :al

192 4332 293 4402 τὴν
326 4333 501 4404 ἀρχὴν
536 4338 933 4408 μεταστήσουσι
964 4338 1055 4392 τοῦ
1082 4338 1345 4409 ἀφανίσαι
1382 4341 1478 4394 xal
1516 4340 1609 4395 τοῦ
1644 4344 1778 4396 ἀ...)-

191 4424 354 4481 λέσαι
382 4426 486 4491 ἕως
514 4428 719 4493 τέλους.
754 4431 865 4484 Kal
894 4434 926 4502 ή
956 4432 1227 4502 βασιλεία,
1254 4434 1399 4505 καὶὴ
1427 4433 1662 4501 ἐξουσία,
1683 4435 1777 4489 καὶ

1882 3234 2196 3293 universam
2256 3239 2500 3294 terram,
2556 3237 2612 3284 et
2670 3227 2976 3297 devastabit
3040 3234 3201 3294 atque
3259 3223 3464 3278 delebit

1881 3340 2025 3380 eam.
2056 3323 2123 3380 Et
2148 3324 2336 3378 decem
2386 3336 2595 3376 cornua
2618 3360 2634 3387 ,
2669 3320 2859 3374 decem
2896 3332 3056 3389 reges
3093 3324 3460 3387 consurgent,

1885 3418 2046 3489 129
2076 3425 2132 3473 et
2162 3414 2302 3471 alius
2337 3422 2463 3487 post
2511 3428 2605 3470 eos
2625 3455 2645 3491 ,
2695 3421 2863 3482 atque
2909 3411 2957 3466 is
2984 3409 3152 3471 malis
3178 3407 3461 3478 superabit

1880 3514 2124 3584 priores,
2157 3520 2213 3568 et
2246 3521 2360 3566 tres
2389 3522 2545 3580 reges
2577 3504 2890 3562 bumiliabit
2914 3542 2929 3569 ,
2978 3512 3033 3557 et
3061 3502 3230 3559 verba
3265 3502 3318 3555 in
3360 3500 3457 3555 Al-

1882 3606 2154 3661 tissimum
2199 3604 2495 3674 loquetur,
2536 3608 2591 3660 et
2634 3610 2870 3657 eteteros
2918 3606 3138 3652 sanctos
3188 3593 3461 3650 Altissimi

1881 3706 2127 3764 evertet,
2179 3705 2235 3753 et
2271 3704 2457 3753 sumet
2500 3695 2603 3751 sibi
2638 3703 2699 3748 ut
2731 3692 2928 3748 alteret
2960 3690 3077 3745 dies
3112 3698 3165 3744 et
3197 3698 3459 3757 tempora.

1880 3793 1947 3847 Et
1992 3791 2273 3847 tradentur
2325 3790 2379 3845 in
2432 3778 2626 3845 manus
2674 3787 2795 3855 ejus
2842 3800 3016 3854 usque
3049 3782 3117 3836 ad
3154 3791 3368 3851 tempus
3407 3789 3464 3832 et

1881 3892 2121 3953 tempora
2147 3924 2164 3946 ,
2190 3891 2246 3937 et
2270 3881 2561 3938 dimidium
2594 3878 2879 3947 temporis.
2912 3876 2980 3929 Et
3002 3873 3265 3943 judicium
3296 3872 3463 3937 sedit,

1879 3986 1933 4031 et
1966 3975 2337 4045 principatum
2389 3970 2746 4037 transferent,
2782 3981 2840 4024 ut
2873 3968 3133 4025 aboleant
3162 3976 3219 4020 et
3253 3964 3463 4032 disper-

1879 4069 2011 4123 dant
2061 4083 2233 4139 usque
2260 4068 2314 4122 in
2354 4067 2544 4123 ﬁnem.
2577 4065 2645 4120 Et
2675 4080 2904 4135 regnum
2929 4104 2945 4128 ,
2990 4072 3046 4118 et
3089 4068 3371 4130 potestas,
3409 4067 3464 4113 et

1880 4158 2185 4228 atttpiitudo
2216 4159 2464 4216 locorum
2499 4172 2795 4227 regnorum
2830 4170 2954 4226 quae
2981 4153 3084 4210 sub
3113 4150 3253 4206 cmlo
3286 4158 3416 4205 sunt
3444 4189 3462 4215 ,

1879 4253 2006 4306 data
2033 4262 2118 4309 est
2146 4252 2346 4329 populo
2380 4262 2572 4307 sancto
2606 4249 2877 4305 Altissimi
2900 4290 2915 4313 ,
2948 4256 3009 4302 ut
3032 4252 3262 4316 regnent
3294 4256 3461 4311 regno

1879 4345 2247 4414 sempiterno;
2300 4354 2354 4403 et
2398 4353 2700 4414 potestates
2743 4354 2937 4397 omnes
2983 4336 3347 4406 subjicientur
3404 4341 3462 4386 et

1878 4437 2134 4492 obedient
2162 4439 2235 4493 ei.
2269 4436 2388 4492 lluc
2430 4450 2603 4505 usque
2634 4434 2758 4489 linis
2786 4432 2962 4488 verbi.
2997 4431 3111 4499 Ego
3144 4428 3329 4482 Daniel
3359 4440 3460 4480 ex-

190 4519 227 4589 ή
269 4518 622 4591 μεγαλειότης
650 4520 755 4574 τῶν
798 4523 977 4577 τόπων
1009 4523 1117 4578 τῶν
1150 4525 1254 4579 ὑπὸ
1286 4526 1377 4579 τὸν
1417 4526 1645 4597 οὐρανὸν
1677 4525 1777 4597 βα-

1883 4532 2015 4586 Stasi
2050 4531 2432 4586 circumdabar
2466 4529 2647 4593 valde,
2680 4536 2735 4582 et
2762 4540 2947 4582 sermo
2981 4524 3032 4578 in
3066 4538 3152 4577 nte
3202 4523 3462 4575 immuta-

194 4611 445 4678 σιλειῶν,
475 4612 631 4684 ἐδόθη
656 4615 768 4686 λαῷ
800 4617 942 4687 άγίῳ
980 4616 1238 4686 Ὑψίστου
1270 4616 1588 4686 βασιλεῦσαι
1616 4618 1771 4689 βασι-

1880 4635 1965 4677 tus
1989 4632 2097 4687 est,
2127 4634 2183 4677 et
2208 4623 2436 4677 verbum
2472 4620 2525 4674 in
2555 4618 2724 4674 corde
2753 4632 2873 4672 meo
2899 4612 3197 4671 servavi“.
3230 4630 3249 4663 ι

192 4710 343 4761 λείαν
370 4706 614 4761 αἰώνιον·
647 4708 741 4762 καὶ
763 4710 933 4762 πᾶσαι
955 4708 1195 4775 ἐξουσίαι
1252 4710 1687 4783 ὑποταγήσονται
1747 4714 1931 4786 αὐτῷ,
1996 4715 2093 4768 καὶ
2142 4713 2606 4787 πειθαρχήσουσιν
2655 4708 2822 4781 αὐτῷ.
2865 4709 3007 4772 Ἕως
3055 4700 3157 4761 ὧδε
3200 4703 3260 4756 τὸ
3310 4702 3462 4765 τέλος

190 4799 289 4854 τοῦ
316 4800 493 4869 λόγου.
534 4800 678 4871 Ἐγὼ
710 4801 906 4875 Δανιὴλ
951 4803 1210 4859 ἐκστάσει
1268 4807 1626 4885 περιειχόμην
1689 4809 1930 4881 σφόδρα,
1972 4809 2133 4881 καὶή
2178 4807 2325 4876 λέξις
2369 4808 2654 4879 διήνεγκεν
2700 4803 2824 4875 ἐμοὶ
2869 4801 2982 4873 (50)
3006 4842 3021 4867 ,
3069 4799 3163 4854 καὶ
3202 4796 3263 4850 τὸ
3313 4794 3462 4867 ῥῆμα

192 4896 253 4947 ὲν
281 4895 347 4962 τῇ
376 4892 569 4963 καρδίᾳ
600 4911 699 4964 μου
727 4896 989 4967 ἐτήρησα.
1022 4916 1041 4950 s

265 4986 355 5042 δί.
384 4985 489 5038 Kal
516 4988 544 5039 ὁ
570 4986 823 5061 Τρύφων,
854 4992 1203 5062 παυσαμένου
1233 5008 1356 5063 μου,
1382 4988 1557 5047 εἷπεν⁹
1586 4988 1658 5046 Ὦ
1680 4994 1773 5049 ἄν·-

1940 4992 2031 5049 32.
2074 4992 2367 5063 Objiciente
2398 4990 2673 5062 Tryphone
2706 4986 2978 5043 Christum
3005 5001 3037 5038 a
3067 4980 3289 5037 Daniele
3330 4981 3451 5051 glo-

194 5080 405 5152 θρωπε,
437 5072 592 5131 αῦται
627 5081 777 5150 ἡμᾶς
808 5082 864 5135 ai
891 5082 1105 5155 Γραφαὶ
1148 5086 1241 5139 καὶ
1282 5084 1524 5139 τοιαῦται
1563 5085 1772 5154 ἔνδοξον

1881 5088 2071 5142 riosum
2113 5085 2375 5152 describi,
2404 5084 2539 5137 duos
2570 5082 2825 5136 adventus
2863 5076 3145 5146 distinguit
3185 5072 3455 5129 Justinus.

194 5172 292 5227 καὶ
320 5169 490 5237 μέγαν
517 5170 917 5243 ἀναμένειντὺν
944 5176 1095 5247 παρὰ
1119 5175 1211 5230 τοῦ
1233 5178 1473 5233 Παλαιοῦ
1502 5180 1610 5233 τῶν
1634 5182 1769 5251 ήμε-

268 5350 315 5381 ⁹⁶
353 5348 490 5405 Dan.
526 5364 624 5415 vtt,
661 5350 844 5408 9-28.

267 5528 382 5615 ςεε)
409 5530 828 5615 Mamilio-15g.“
847 5528 1155 5615 Legendum
1192 5534 1287 5588 xal
1317 5533 1501 5615 ἔτερος
1540 5535 1657 5605 μετ’
1672 5534 1765 5589 αὐ-

194 5601 346 5675 τοῦς,
370 5611 428 5675 ut
455 5611 638 5656 monet
662 5601 965 5675 Thirlbius',
986 5605 1077 5674 qui
1111 5604 1207 5660 has
1245 5601 1604 5662 voces'forma
1634 5621 1761 5675 pau-

194 5672 696 5795 lulumwimmutata
721 5681 848 5729 ante
888 5674 983 5728 καὶ
1005 5672 1238 5747 ἑτέρους
1265 5678 1562 5734 translatas
1595 5672 1766 5733 fuisse

195 5756 391 5795 COIOIICI
422 5780 438 5795 ο

195 5756 528 5886 ωἵᾷδιὲίς
554 5832 756 5888 χεῖρας
782 5818 988 5876 αὑτοῦ.
1021 5816 1113 5877 Sic
1148 5819 1499 5879 emendatum
1531 5819 1587 5878 in
1629 5820 1763 5880 edit.

1873 5210 1947 5220 -
1969 5178 2068 5235 Hic
2117 5177 2362 5249 Trypho,
2394 5175 2715 5249 quiescente
2764 5186 2851 5227 me
2877 5190 2889 5225 :
2916 5169 3039 5225 Ista:
3075 5182 3211 5235 nos,
3254 5166 3455 5237 inquit,

1870 5532 2045 5589 Paris.
2083 5532 2293 5589 Habent
2326 5531 2478 5593 aiiaz,
2510 5537 2569 5585 ut
2606 5537 2662 5585 et
2699 5541 2831 5584 mss.
2862 5525 3111 5591 codices,
3144 5523 3226 5586 είς
3257 5523 3451 5594 χεῖρας

1872 5606 1979 5667 ἕως
2010 5603 2203 5675 καιροῦ
2240 5602 2429 5675 αὑτοῦ.

1944 5660 2059 5746 ('30)
2094 5660 2202 5730 kat
2236 5678 2275 5745 τι
2309 5674 2478 5741 λέξις
2506 5669 2820 5746 διήγργκβγ
2846 5668 3000 5746 έιίρμ
3026 5664 3250 5746 Legitur
3281 5660 3449 5746 mea.

1876 5733 2020 5833 bliis:
2042 5733 2200 5833 'xal‘i)
2444 5733 2544 5833 1.10:)
2906 5733 3130 5797 Videtur
3158 5733 3447 5807 legendum

1875 5818 2013 5890 apud
2050 5812 2323 5876 Justt'uuui
2354 5812 2465 5883 ἕξις
2501 5829 2599 5887 pro
2637 5812 2799 5881 λέξις-
