4132 6426
727 439 830 506 5ῑῖ

1682 437 1737 495 s.
1771 424 2034 495 Jus'rtNt
2067 426 2474 490 meosopm
2507 422 2598 489 Ετ
2632 423 2987 488 MARTYRIS

3869 430 3979 490 ειθ

725 562 881 632 cujus
906 577 938 615 α
959 560 1099 616 uitiis
1131 559 1409 614 abhOrrent
1458 555 1766 613 Christiani.
1786 585 1857 595 —
1876 553 2066 608 Adhuc
2102 559 2283 605 autem

2387 547 2536 602 οὐδὲν
2554 550 2944 621 συνήκατε,καὶ
2956 549 3115 605 ἄλλου
3130 549 3343 621 ψαλμοῦ
3361 550 3437 622 τῷ
3450 542 3615 605 Δαϐὶδ
3630 548 3737 620 (ﬂ)
3756 549 3869 605 ὑπὸ
3883 550 3980 606 τεῦ

726 662 787 706 ut
810 651 962 706 vobis
992 650 1341 721 persuadeam
1375 648 1509 702 nihil
1537 663 1629 703 vos
1659 646 2063 718 Scripturarum
2094 644 2293 701 intelli-

729 750 885 812 gere;
911 741 1072 797 alium
1096 756 1314 810 quoque
1334 740 1595 809 psalmum
1623 737 1806 793 Davidi
1822 754 1850 791 a
1875 738 2079 808 Spiritu
2103 748 2293 791 sancto

726 833 985 895 dictatum
1018 832 1486 897 "commemorabo,
1520 846 1681 900 quem
1722 831 1939 899 quidem
1966 830 2019 883 in
2052 829 2295 887 Salomo-

727 926 1036 995 nem,131
1058 926 1148 994 qui
1166 935 1218 981 et
1235 926 1347 995 ipse
1368 940 1462 979 rex
1482 935 1659 978 vester
1676 925 1793 987 fuit,
1809 924 2011 976 dictum
2034 937 2151 977 esse
2164 937 2293 975 con-

727 1020 990 1085 tenditis;
1022 1019 1117 1074 sed
1152 1021 1195 1075 is
1224 1034 1438 1088 quoque
1468 1019 1520 1072 in
1540 1018 1815 1073 Christum
1846 1028 2092 1071 nostrum
2116 1017 2294 1071 editus

726 1120 830 1167 est.
866 1110 979 1167 Vos
1011 1120 1196 1165 autem
1230 1126 1297 1165 ex
1332 1112 1625 1181 arquivocis
1651 1111 1961 1165 nominibus
1990 1109 2170 1163 fucum
2200 1124 2294 1173 vo—

724 1202 809 1257 bis
836 1203 936 1275 ipsi
972 1202 1173 1259 facitis.
1200 1202 1302 1259 Ubi
1334 1204 1479 1257 enim
1502 1220 1519 1254 ι
1546 1202 1630 1255 lex
1658 1202 1867 1256 Domini
1898 1202 2242 1256 immaculata
2266 1222 2285 1254 ι

728 1296 931 1351 dicitur
948 1294 991 1361 ',
1023 1296 1197 1366 legem
1227 1295 1530 1364 intelligitis
1560 1309 1664 1349 non
1696 1294 1841 1349 illam
1861 1310 1979 1364 qua:
2001 1307 2123 1365 post
2145 1293 2294 1365 Moy-

726 1398 825 1440 sen
874 1385 1052 1439 futura
1097 1396 1237 1451 erat,
1272 1385 1367 1440 sed
1398 1400 1517 1439 eam
1547 1400 1666 1455 quae
1699 1401 1795 1455 per
1824 1386 2001 1456 ipsum
2038 1384 2160 1441 data
2187 1394 2288 1450 est,

726 1478 973 1547 quamvis
1001 1478 1141 1532 Deus
1169 1478 1365 1533 clamet
1406 1492 1465 1533 se
1511 1492 1703 1531 novam
1754 1477 1929 1548 legem
1975 1494 2040 1534 ac
2082 1478 2288 1533 Novum

726 1565 1133 1622 Testamentum
1164 1568 1551 1622 instituturum.
1584 1568 1650 1621 Et
1683 1567 1775 1622 ubi
1805 1568 2041 1622 dicitur:
2080 1587 2097 1620 ι
2126 1568 2288 1635 Deus,

719 1655 987 1727 judicium
1040 1667 1189 1711 tuum
1238 1658 1369 1729 Regi
1411 1659 1547 1724 da';
1600 1660 1725 1729 quia
1759 1674 1855 1713 rex
1884 1658 1984 1713 fuit
2013 1659 2289 1725 Salomon,

725 1749 993 1817 psalmum
1017 1750 1069 1804 in
1092 1765 1215 1803 eum
1244 1750 1447 1805 dictum
1470 1748 1804 1815 esse'vultis,
1831 1751 2081 1817 quamvis
2102 1751 2288 1821 psalmi

724 1841 893 1895 verba
922 1842 1123 1896 diserte
1147 1842 1426 1895 declarent
1454 1855 1578 1893 eum
1607 1839 1811 1893 editum
1848 1839 2016 1895 fuisse
2049 1840 2101 1893 iu
2130 1849 2288 1895 aster-

2395 642 2549 712 ἁγίου
2566 642 2879 713 Πνεύματος
2896 642 3185 714 εἰρημένου
3212 644 3615 713 ἀναμνήσομαι,
3628 641 3689 696 ὃν
3704 644 3784 705 εἰς
3812 641 3982 696 Σολο-

2397 734 2666 807 μῶνα,τὸν
2681 736 2969 805 γενόμενον
2993 734 3087 789 καὶ
3104 734 3265 789 αὑτὸν
3285 733 3507 804 βασιλέα
3526 734 3701 805 ὑμῶν,
3720 733 3983 805 εἰρῆσθαι

2393 824 2596 894 λέγετε·
2634 828 2714 890 εἰς
2744 826 2800 880 δὲ
2830 827 2921 879 τὸν
2956 825 3189 899 Χριστὸν
3222 825 3506 898 ἡμῶνκαὶ
3539 825 3701 890 αὐτὸς
3731 825 3981 898 εἴρηται.

2406 917 2591 987 Ὑμεῖς
2623 917 2677 970 δὲ
2711 917 2817 970 ἀπὸ
2850 917 2955 970 τῶν
2988 916 3290 988 ὁμωνύμων
3322 916 3519 983 λέξεων
3569 919 3791 982 ἑαυτοὺς
3846 919 3983 984 ἑξα-

2394 1013 2599 1065 πατᾶτε
2624 1028 2636 1041 ·
2672 1012 2806 1065 ὅπου
2841 1010 2949 1082 γὰρ
2987 1030 3005 1063 ‹
3028 1014 3057 1065 ό
3088 1012 3249 1082 νόμος
3299 1011 3391 1064 τοῦ
3441 1009 3647 1082 Κυρίου
3688 1013 3929 1083 ἄμωμος
3959 1029 3979 1063 s

2393 1104 2626 1175 εἴρηται,
2661 1103 2781 1174 οὐχὶ
2826 1103 2915 1155 τὸν
2966 1104 3080 1173 μετ’
3115 1105 3319 1157 ἐκεῖνον
3370 1102 3649 1173 μέλλοντα,
3698 1104 3838 1157 ἀλλὰ
3888 1106 3986 1157 τὸν

2393 1192 2481 1247 διὰ
2510 1194 2785 1258 Μωῦσέως
2834 1192 3135 1264 ὲξηγεῖσθε,
3170 1192 3262 1246 τοῦ
3312 1193 3448 1247 Θεοῦ
3503 1194 3750 1271 βοῶγτος.
3784 1195 3986 1248 καινὸν

2393 1287 2555 1358 νόμον
2602 1287 2696 1340 καὶ
2743 1287 2931 1357 καινὴν
2976 1285 3240 1357 διαθήκην
3284 1285 3657 1357 διαθήσεσθαι.
3692 1286 3801 1341 Καὶ
3838 1288 3987 1342 ὅπου

2392 1376 2659 1440 λέλεκται,
2697 1395 2715 1426 ι
2746 1376 2804 1428 Ὀ
2836 1376 2987 1439 Θεὸς,
3024 1374 3081 1427 τὸ
3115 1375 3288 1445 κρῖμά
3320 1391 3414 1427 σου
3448 1374 3525 1445 τῷ
3560 1374 3769 1444 βασιλεῖ
3805 1374 3928 1437 δός,
3959 1393 3980 1426 ι

2393 1469 2579 1540 ἐπειδὴ
2606 1469 2859 1540 βασιλεὺς
2882 1466 3136 1537 Σολομὼν
3168 1467 3409 1535 γέγονεν,
3434 1470 3514 1531 εἰς
3548 1467 3707 1520 αὐτὸν
3727 1469 3815 1519 τὸν
3838 1467 3988 1535 ψαλ-

2396 1563 2495 1634 μὸν
2533 1560 2784 1632 εἰρῆσθαί
2828 1577 2985 1629 φατε,
3019 1558 3126 1611 τῶν
3169 1558 3338 1627 λόγων
3371 1558 3465 1610 τοῦ
3497 1558 3711 1629 ψαλμοῦ
3745 1558 3984 1629 διαρρή-

2392 1654 2488 1725 δην
2520 1651 2900 1724 κηρυσσόντων
2934 1654 3013 1713 εἰς
3045 1650 3135 1703 τὸν
3168 1650 3381 1705 αἰώνιον
3417 1649 3658 1719 βασιλέα,
3693 1651 3986 1703 τουτέστιν

2394 1749 2473 1810 εἰς
2506 1746 2595 1799 τὸν
2629 1744 2879 1817 Χριστὸν,
2915 1742 3261 1814 εἰρῆσθαι.⁶0
3286 1745 3395 1815 γὰρ
3426 1746 3657 1816 Χριστος
3694 1743 3983 1813 βασιλεὺς,

2394 1839 2489 1892 καὶ
2523 1839 2719 1909 ἱερεὺς,
2756 1837 2851 1890 καὶ
2882 1837 3163 1901 Θεὸς,,καὶ
3196 1836 3417 1908 Κύριος,
3455 1838 3547 1891 καὶ
3589 1837 3841 1906 ἅγγελος,
3879 1838 3985 1891 καὶ

726 1947 855 1987 num
890 1947 1094 2003 regem,
1127 1934 1178 1987 id
1207 1944 1289 1988 est
1320 1934 1373 1987 in
1398 1932 1696 1988 Christum.
1720 1931 1967 1989 Christus
1997 1934 2138 1988 enim
2175 1933 2285 1987 Rex

2389 1929 2689 2001 ἄνθρωπος,
2726 1928 2820 1982 καὶ
2865 1929 3321 2000 ἀρχιστράτηγος,
3357 1929 3453 1982 καὶ
3498 1927 3662 1993 λίθος,
3698 1929 3793 1983 καὶ
3840 1947 3984 1983 παι-

724 2036 778 2081 et
808 2024 1073 2082 Sacerdos
1103 2035 1158 2081 et
1187 2028 1326 2083 Deus
1345 2038 1402 2084 et
1426 2025 1687 2083 Dominus
1712 2036 1769 2082 et
1794 2027 2031 2098 Angelus
2050 2040 2106 2083 et
2128 2028 2289 2081 homo

727 2128 785 2174 et
810 2120 914 2175 dux
944 2122 1238 2185 exercitus.
1270 2132 1325 2178 et
1352 2120 1490 2193 lapis
1533 2134 1587 2177 et
1630 2138 1763 2194 puer
1803 2134 1987 2188 natus,
2018 2138 2081 2177 ac
2114 2124 2289 2192 primo

724 2212 1059 2281 perpessioni
1098 2212 1385 2277 obnoxius,
1416 2214 1609 2269 deinde
1638 2216 1693 2269 in
1720 2214 1917 2269 caelum
1967 2214 2200 2278 rediens,
2236 2222 2289 2268 et

725 2318 917 2360 rursus
936 2320 1061 2360 cum
1084 2305 1254 2376 gloria
1285 2307 1530 2371 veniens,
1561 2321 1625 2361 ac
1644 2322 1870 2378 regnum
1902 2306 2110 2362 habens
2132 2315 2289 2361 teter-

726 2409 856 2449 num
902 2397 1225 2466 praedicatus
1270 2404 1392 2463 est;
1428 2398 1883 2466 quemadmodum
1929 2414 1995 2455 ex
2040 2396 2287 2455 omnibus

727 2484 1027 2557 Scripturis
1055 2488 1390 2544 demonstro.
1419 2489 1489 2544 Ut
1521 2496 1697 2545 autem
1728 2491 1782 2545 id
1808 2491 1951 2561 quod
1981 2492 2101 2546 dico
2131 2490 2288 2543 intel-

724 2575 930 2649 ligatis,
962 2580 1151 2649 psalmi
1184 2583 1345 2636 verba
1378 2584 1640 2647 recitabo,
1679 2597 1801 2653 quae
1829 2582 1908 2637 sic
1950 2597 2007 2637 se
2032 2582 2235 2636 habent
2268 2597 2283 2633 :

732 2668 929 2733 «Deus,
953 2671 1217 2741 judicium
1243 2683 1389 2727 tuum
1412 2672 1544 2745 Regi
1575 2676 1665 2739 da,
1684 2674 2018 2744 etjustitiam
2051 2682 2196 2727 tuam
2222 2672 2286 2727 ﬁ-

725 2760 801 2817 lio
844 2760 1040 2832 Regis;
1086 2763 1338 2832 judicare
1388 2765 1642 2835 pepulum
1696 2777 1845 2821 tuum
1892 2767 1944 2821 in
1971 2766 2201 2836 justitia.
2233 2773 2289 2820 et

724 2860 992 2923 pauperes
1019 2863 1143 2910 tuos
1175 2856 1227 2910 in
1249 2856 1475 2926 judicio.
1508 2858 1823 2926 Suscipiant
1860 2869 2069 2914 montes
2098 2872 2285 2929 pacem

724 2945 942 3015 populo,
973 2953 1028 3000 et
1058 2947 1223 3002 colles
1253 2948 1549 3015 justitiam.
1580 2948 1853 3004 Judicabit
1898 2965 2165 3019 pauperes
2188 2963 2285 3019 po-

723 3035 861 3106 puli,
891 3048 945 3091 et
975 3037 1153 3093 salvos
1182 3040 1344 3094 faciet
1372 3040 1514 3095 ﬁlios
1551 3056 1869 3110 pauperum,
1903 3051 1956 3095 et
1985 3042 2287 3096 humiliabit

722 3126 1202 3194 calumniatorem;
1238 3138 1290 3183 et
1319 3130 1659 3198 permanebit
1683 3145 1804 3184 cum
1836 3128 1948 3183 sole
1977 3138 2031 3183 et
2060 3138 2185 3183 ante
2205 3129 2288 3182 lu-

723 3234 851 3274 nam
884 3219 935 3272 in
960 3220 1337 3289 generationes
1358 3218 1791 3290 generationum.
1821 3221 2119 3275 Descendet
2144 3220 2286 3275 sicut

722 3310 901 3382 pluvia
925 3311 978 3365 in
1013 3311 1213 3371 vellus.
1242 3320 1296 3365 et
1324 3278 1467 3366 sicut
1504 3312 1647 3365 stilla
1676 3311 1961 3367 destillans
1990 3327 2151 3380 super
2177 3320 2282 3366 ter-
2311 3278 2353 3334 δ

722 3416 861 3457 ram.
890 3402 1114 3458 Orietur-
1138 3402 1193 3457 in
1234 3404 1425 3459 diebus
1461 3403 1577 3473 ejus
1600 3404 1834 3473 iustitia,
1866 3414 1920 3457 et
1950 3404 2283 3465 abundantia

720 3494 897 3565 pacis,
927 3494 1100 3551 donec
1128 3494 1406 3549 auferatur
1437 3495 1585 3549 luna.
1610 3496 1675 3549 Et
1694 3496 2059 3550 dominabitur
2087 3511 2116 3548 a
2148 3495 2283 3549 mari

722 3598 900 3653 usque
922 3584 989 3638 ad
1022 3569 1201 3648 mare,
1234 3593 1287 3638 et
1314 3601 1343 3636 a
1372 3583 1687 3641 ﬂuminibus
1716 3600 1886 3655 usque
1928 3587 1993 3640 ad
2025 3586 2285 3641 terminos

722 3678 873 3733 orbis
905 3686 1196 3733 terrarum.
1226 3679 1420 3734 Coram
1453 3680 1544 3733 illo
1577 3679 1860 3749 procident
1889 3677 2191 3749 Ethiepes,
2231 3686 2288 3735 et

722 3765 927 3820 inimici
961 3767 1077 3836 ejus
1110 3774 1310 3821 terram
1343 3768 1572 3839 lingent.
1606 3770 1779 3839 lieges
1822 3769 2067 3833 Tharsis,
2111 3778 2166 3825 et
2198 3770 2284 3824 in-

723 3858 857 3913 sulae
878 3873 1098 3915 munera
1124 3860 1351 3915 oﬂ'erent
1384 3874 1409 3916 ι
1437 3861 1612 3932 Reges
1645 3863 1882 3917 Arabum
1905 3873 1957 3916 et
1983 3862 2124 3918 Saba
2146 3863 2283 3918 dona

722 3948 1007 4005 adducent.
1050 3952 1116 4005 Et
1141 3953 1447 4009 adorabunt
1476 3969 1598 4008 eum
1626 3969 1819 4009 omnes
1850 3968 2000 4023 reges
2030 3963 2207 4018 terrae,
2231 3963 2284 4009 et

722 4055 910 4097 omnes
938 4030 1125 4113 gentes
1154 4046 1393 4100 servient
1429 4047 1509 4107 ei;
1545 4047 1669 4115 quia
1708 4045 1962 4101 liberavit
1988 4062 2213 4115 egenum
2251 4062 2281 4101 a

720 4146 943 4204 potente
989 4147 1043 4192 et
1086 4153 1376 4209 pauperem
1411 4139 1496 4193 cui
1528 4154 1634 4194 non
1669 4149 1785 4195 erat
1824 4137 2053 4206 adiutor.
2092 4138 2285 4194 Parcet

722 4225 870 4297 inOpi
900 4236 954 4283 et
972 4232 1213 4300 pauperi,
1240 4240 1295 4287 et
1323 4232 1533 4285 animas
1560 4246 1859 4301 pauperum
1890 4230 2066 4285 salvas
2093 4231 2277 4287 faciet.

720 4319 801 4376 Ex
834 4336 993 4376 usura
1036 4332 1091 4377 et
1142 4323 1427 4392 iniquitate
1458 4323 1690 4378 redimet
1736 4323 1947 4378 animas
1980 4306 2195 4389 eorum;
2226 4334 2283 4379 et

718 4411 1036 4467 honorabile
1059 4428 1253 4469 nomen
1287 4416 1403 4484 ejus
1428 4428 1615 4469 coram
1648 4414 1774 4469 illis.
1814 4414 1879 4468 Et
1908 4416 2072 4480 vivet,
2100 4423 2157 4468 et
2187 4415 2281 4469 da-

720 4501 867 4557 bitur
886 4503 934 4557 ei
958 4503 1024 4558 de
1045 4519 1181 4558 auro
1204 4506 1436 4571 Arabiae,
1460 4515 1515 4561 et
1536 4507 1773 4561 orabunt
1794 4508 1860 4561 de
1890 4506 2005 4577 ipso
2028 4521 2274 4576 semper:

720 4602 832 4648 tota
866 4594 956 4647 die
985 4594 1306 4652 benedicent
1334 4597 1406 4652 ei.
1429 4596 1494 4651 Et
1525 4598 1631 4652 erit
1663 4598 2060 4654 ﬁrmamentum
2089 4598 2140 4652 in
2168 4609 2278 4652 ter-
2309 4629 2352 4684 υ

719 4694 782 4749 ra
815 4701 831 4741 :
865 4697 1027 4752 super
1064 4699 1307 4740 summos
1344 4696 1557 4741 montes
1584 4687 1901 4754 extolletur;
1931 4702 2089 4758 super
2116 4687 2276 4741 Liba-

720 4787 849 4831 num
881 4774 1095 4849 fructus
1116 4781 1257 4847 ejus,
1280 4790 1334 4834 et
1358 4780 1627 4835 ﬂorebunt
1652 4781 1718 4834 de
1748 4781 1989 4845 civitate,
2022 4782 2161 4835 sicut
2200 4779 2278 4836 fe-

718 4880 847 4919 num
878 4873 1055 4921 terrae.
1084 4865 1201 4921 Erit
1227 4883 1419 4923 nomen
1449 4868 1562 4938 ejus
1591 4870 1933 4925 benedictum
1957 4871 2009 4925 in
2035 4872 2232 4927 saecula
2257 4891 2271 4927 :

717 4967 845 5011 ante
874 4957 1039 5013 solem
1092 4959 1603 5028 permanet'nomeu
1636 4960 1769 5031 ejus.
1800 4958 1869 5016 Et
1891 4964 2276 5019 benedicentur

718 5054 773 5106 in
800 5050 920 5119 ipso
947 5065 1135 5107 omnes
1171 5052 1342 5107 tribus
1384 5063 1542 5109 terra:
1572 5072 1587 5108 :
1621 5069 1811 5110 omnes
1851 5065 2038 5126 gentes
2064 5056 2274 5126 magni-

718 5142 956 5196 ﬁcabunt
984 5157 1130 5197 eum.
1163 5141 1494 5198 Benedictus
1515 5144 1774 5199 Dominus
1798 5143 1941 5199 Deus
1968 5144 2155 5209 Israel,
2180 5144 2273 5215 qui

720 5232 851 5299 facit
891 5232 1156 5288 mirabilia
1196 5234 1363 5289 solus.
1400 5234 1464 5289 Et
1494 5234 1832 5290 benedictum
1864 5249 2059 5289 nomen
2089 5234 2274 5305 glorise

716 5322 834 5391 ejus
861 5325 915 5379 in
942 5334 1202 5379 aeternum
1228 5333 1283 5380 et
1313 5310 1368 5380 in
1398 5324 1655 5380 saeculum
1686 5324 1870 5383 amuli
1900 5338 1917 5379 :
1953 5336 2010 5380 et
2040 5326 2273 5396 replebi-

720 5424 807 5468 tur
834 5414 1000 5484 gloria
1044 5412 1159 5483 ejus
1193 5416 1370 5471 omnis
1400 5425 1542 5470 terra
1572 5434 1587 5470 :
1622 5414 1738 5480 (lat,
1769 5416 1885 5470 ﬁat.
1920 5434 1940 5467 ι
1975 5414 2040 5471 Et
2075 5416 2127 5470 iu
2168 5416 2272 5469 line

786 5597 807 5627 '
845 5594 988 5649 Psat.
1024 5611 1176 5659 xvut,
1224 5595 1279 5649 8.
1377 5594 1398 5627 '
1432 5595 1575 5652 Psal.
1613 5612 1739 5652 LXXI
1765 5636 1779 5660 ,
1808 5594 1861 5650 2.

781 5726 915 5807 μέ),
944 5724 1257 5807 Ἰξῷέᾳῆίδ..
1295 5725 1599 5807 legendum
1634 5725 1961 5807 conjicitﬁl.
1996 5725 2272 5807 T_hirl_bius

718 5794 810 5852 τοῦ
842 5794 930 5850 διὰ
961 5796 1124 5851 Δαὸἱδ
1156 5797 1259 5850 ὑπὸ
1291 5794 1402 5850 τοῦ.
1453 5797 1559 5853 Sed
1602 5794 1746 5853 mihi
1780 5798 1996 5851 videtur
2028 5796 2272 5852 Justinus

722 5867 992 5937 respicere
1042 5869 1108 5922 ad
1160 5867 1354 5936 psalmi
1404 5868 1654 5935 titulum,
1698 5866 1912 5938 ψαλμὸς
1952 5867 2028 5938 τῷ
2069 5866 2267 5931 Δαυίδ,

2389 2020 2497 2071 δίον
2514 2017 2868 2088 γεννώμενον,
2890 2018 2985 2070 καὶ
3002 2018 3241 2090 παθητὸς
3274 2017 3565 2088 γενόμενος
3593 2018 3827 2090 πρῶτον,
3856 2015 3986 2075 εἶτα

2389 2111 2467 2172 εις
2502 2109 2729 2179 οὐρανὸν
2771 2109 3151 2177 ἀνερχόμενος,
3187 2106 3280 2161 καὶ
3329 2106 3491 2160 πάλιν
3535 2110 3985 2179 παραγινόμενος

2392 2200 2529 2271 μετὰ
2559 2201 2736 2272 δόξης,
2773 2200 2867 2254 καὶ
2899 2198 3115 2253 αἰώνιον
3160 2199 3258 2269 τὴν
3302 2198 3577 2269 βασιλείαν
3622 2200 3759 2270 ἔχων
3798 2202 3984 2273 κεκήδ

2392 2309 2604 2364 ρυκται,
2637 2291 2713 2354 t'o;
2761 2290 2869 2345 ἀπὸ
2915 2290 3105 2344 πασῶν
3153 2289 3258 2343 τῶν
3310 2290 3539 2363 Γραφῶν
3583 2291 3979 2363 ἀποδείκνυμι.

2391 2387 2508 2439 Ἵνα
2536 2385 2594 2438 δὲ
2626 2385 2721 2439 καὶ
2753 2385 2781 2437 δ
2814 2380 2963 2438 εἷπον
2984 2384 3373 2454 νοήσητε,τοὺς
3405 2384 3497 2437 τοῦ
3529 2383 3741 2456 ψαλμοῦ
3774 2384 3981 2454 λόγους

2388 2477 2562 2545 λέγω·
2599 2476 2707 2529 εἰσὶ
2738 2476 2783 2529 δ⁴
2806 2471 2949 2530 οῦτοι
2973 2492 2986 2505 ·
3016 2494 3035 2527 t
3061 2475 3117 2528 '0
3140 2475 3290 2540 Θεὸς,
3326 2476 3387 2529 τὸ
3420 2477 3594 2548 κρῖμά
3625 2494 3719 2531 σου
3748 2477 3824 2549 τῷ
3863 2477 3982 2532 Βα-

2390 2568 2527 2622 σιλεῖ
2549 2568 2656 2633 δὸς,
2678 2568 2773 2623 καὶ
2804 2569 2901 2640 τήν
2933 2567 3280 2641 δικαιοσύνην
3312 2567 3407 2622 σοῦ
3440 2568 3517 2641 τῷ
3552 2569 3651 2641 υἱῷ
3683 2569 3776 2623 τοῦ
3797 2570 3979 2624 Βασι-

2387 2660 2541 2724 λέως,
2576 2660 2781 2733 κρίνειν
2825 2661 2916 2713 τὸν
2961 2662 3089 2716 λαόν
3138 2679 3232 2716 σου
3277 2663 3336 2716 ὲν
3370 2662 3677 2735 δικαιοσύνῃ
3712 2663 3804 2717 καὶ
3838 2664 3980 2727 τοὺς

2389 2753 2635 2823 πτωχούς
2682 2770 2773 2806 σου
2821 2755 2879 2805 ὲν
2921 2754 3121 2825 κρίσει.
3142 2754 3480 2809 ’Δναλαὸέτω
3510 2755 3578 2808 τὰ
3608 2756 3707 2827 ὄρη
3742 2758 3978 2829 εἰρήνην

2386 2845 2463 2915 τῷ
2494 2834 2629 2915 λαῷ,
2652 2846 2745 2899 καὶ
2762 2848 2809 2898 οἱ
2831 2845 3010 2916 βουνοὶ
3041 2846 3383 2919 δικαιοσύνην
3402 2864 3415 2877 ·
3454 2849 3629 2918 κρινεῖ
3660 2849 3782 2911 τοὺς
3814 2865 3965 2900 mm-

2386 2939 2515 3009 χοῦς
2546 2938 2638 2991 τοῦ
2672 2937 2821 3002 λαοῦ,
2858 2938 2952 2992 καὶ
2985 2937 3149 2992 σώσει
3191 2940 3317 3003 τοὺς
3363 2940 3509 3003 υἱοὺς
3555 2938 3661 2993 τῶν
3695 2941 3975 3011 πενήτων,

2387 3031 2483 3083 καὶ
2527 3029 2850 3084 ταπεινώσει
2886 3031 3247 3101 συκοφάντην,
3284 3031 3379 3085 καὶ
3427 3034 3847 3103 συμπαραμενεῖ
3895 3032 3977 3104 τῷ

2387 3118 2520 3189 ἡλίῳ
2554 3119 2649 3173 καὶ
2683 3120 2787 3190 πρὸ
2819 3120 2917 3189 τῆς
2952 3119 3178 3191 σελήνης
3210 3124 3289 3185 εἰς
3321 3120 3511 3189 γενεὰς
3543 3120 3763 3189 γενεῶν.
3782 3123 3983 3176 Κατα-

2390 3212 2613 3284 6ήσεται
2645 3212 2718 3275 ὼς
2756 3212 2904 3277 ὒετὸς
2937 3212 3032 3265 ὲ.πὶ
3065 3212 3251 3278 πόκον,
3282 3214 3377 3267 καὶ
3404 3213 3537 3266 ὡσεὶ
3567 3214 3823 3285 σταγὼνὴ
3848 3215 3981 3268 στὰδ

2388 3305 2555 3370 ζουσα
2588 3308 2681 3360 ἐπὶ
2713 3308 2811 3376 τὴν
2844 3307 2966 3377 γῆν.
2987 3306 3261 3360 Ἀνατελεῖ
3288 3306 3347 3359 ὲν
3380 3310 3498 3370 ταῖς
3531 3307 3767 3378 ἡμέραις
3798 3308 3975 3361 αὑτοῦ

2384 3398 2693 3470 δικαιοσύνη
2728 3399 2823 3452 καὶ
2858 3398 3060 3469 πλῆθος
3093 3400 3332 3470 εἰρήνης,
3364 3401 3468 3463 ἕως
3499 3393 3561 3453 οὗ
3605 3402 3975 3472 ἀνταναιρεθῇ

2386 3491 2419 3561 ἡ
2455 3488 2670 3560 σελήνη.
2704 3489 2813 3542 Καὶ
2841 3491 3264 3563 κατακυριεύσει
3296 3492 3405 3546 ἀπὸ
3438 3491 3713 3564 θαλάσσης
3744 3493 3847 3557 ἕως
3884 3494 3979 3549 Θα-

2384 3581 2607 3653 λάσσης,
2644 3582 2737 3635 καὶ
2770 3581 2876 3635 ἀπὸ
2911 3582 3169 3653 ποταμῶν
3215 3584 3319 3648 ἓως
3366 3584 3621 3656 περάτων
3654 3586 3752 3656 τῆς
3783 3588 3977 3640 οἰκου-

2389 3670 2855 3743 μένης.Ἐνώπιον
2900 3672 3063 3725 αὑτοῦ
3114 3672 3516 3744 προπεσοῦνται
3560 3672 3831 3739 Αἰθίοπες,
3873 3675 3976 3730 καὶ

2385 3766 2434 3817 οἱ
2468 3764 2652 3837 ἐχθροὶ
2685 3765 2846 3819 αὑτοῦ
2880 3766 3008 3836 χοῦν
3040 3766 3296 3831 λείξουσι.
3327 3765 3575 3831 Βασιλεῖς
3605 3765 3837 3838 Θαρσεῖς
3872 3768 3976 3822 καὶ

2384 3857 2536 3926 νῆσοι
2568 3857 2717 3930 δῶρα
2746 3857 3106 3929 προσάξουσι·
3143 3858 3379 3929 βασιλεῖς
3409 3857 3652 3929 Ἀράϐων
3668 3860 3764 3913 καὶ
3779 3859 3974 3914 Σαὸὁᾶ

2336 3984 2345 3991 -ν
2383 3942 2531 4021 δῶρα
2564 3949 2915 4020 προσάξουσι,
2950 3950 3045 4004 καὶ
3080 3951 3551 4023 προσκυνήσουσιν
3583 3950 3730 4020 αὐτῷ
3764 3951 3973 4014 πάντες

2382 4041 2430 4093 οἱ
2466 4040 2702 4109 βασιλεῖς
2734 4043 2832 4114 τῆς
2866 4042 2989 4112 γῆς,
3007 4042 3103 4095 καὶ
3136 4043 3313 4099 πάντα
3340 4041 3408 4095 τὰ
3435 4040 3561 4113 ἔθνη
3588 4040 3971 4096 δουλεύσουσιν

2381 4130 2529 4201 αὐτῷ
2549 4149 2561 4160 ·
2597 4132 2677 4184 ὅτι
2710 4131 2978 4203 ἐρρύσατο
3010 4132 3222 4202 πτωχὸν
3237 4132 3302 4186 ὲκ
3328 4131 3610 4195 δυνάστου,
3634 4131 3730 4185 καὶ
3752 4131 3971 4204 πένητα

2378 4220 2424 4295 ᾧ
2456 4224 2553 4292 οὐχ
2586 4224 2797 4295 ὑπῆρχε
2833 4224 3307 4296 βοηθός.Φεῖσεται
3336 4224 3551 4295 πτωχοῦ
3581 4224 3678 4279 καὶ
3709 4224 3967 4295 πένητος,

2381 4315 2477 4369 καὶ
2509 4315 2684 4386 ψυχὰς
2717 4316 2963 4386 πενήτων
2997 4315 3191 4368 σώσει’
3241 4317 3306 4371 ὲκ
3337 4316 3494 4371 τόκου
3529 4317 3624 4370 καὶ
3652 4318 3715 4384 ἐξ
3747 4316 3969 4383 ἀδικίας

2379 4396 2712 4479 λυτρώσεται
2747 4409 2843 4472 τὰς
2874 4408 3050 4479 ψυχὰς
3084 4409 3260 4463 αὐτῶν
3280 4426 3293 4439 ·
3331 4409 3426 4464 καὶ
3459 4409 3674 4480 ἔντιμον
3702 4410 3762 4461 τὸ
3789 4409 3967 4481 ὄνομα

2378 4500 2541 4553 αὑτοῦ
2589 4499 2817 4556 ἐνώπιον
2864 4499 3062 4555 αὐτῶν.
3097 4500 3209 4553 Kal.
3253 4498 3499 4571 ζήσεται,
3533 4501 3631 4555 καὶ
3671 4499 3965 4571 δοθήσεται

2380 4591 2527 4663 αὐτῷ
2560 4595 2623 4646 ὲκ
2655 4592 2747 4645 τοῦ
2781 4592 3004 4664 χρυσίου
3038 4592 3137 4663 τῆς
3182 4593 3459 4665 Ἀραϐίας,
3494 4593 3589 4647 καὶ
3634 4593 3966 4664 προσεύξον-

2381 4702 2473 4739 ται
2502 4685 2793 4749 διαπαντὸς
2828 4686 2958 4757 περ’(¹
3004 4685 3169 4740 αὐτοῦ
3189 4704 3202 4716 ’
3268 4682 3397 4759 ὅλην
3427 4686 3526 4757 τὴν
3557 4686 3776 4758 ἡμέραν
3808 4686 3963 4740 εὐλο-

2377 4776 2636 4847 γήσουσιν
2670 4776 2854 4831 αὐτόν.
2890 4775 3002 4830 Καὶ
3035 4775 3189 4832 ἔσται
3238 4758 3519 4849 στήριγμα
3550 4779 3608 4830 ὲν
3640 4779 3832 4849 τῇλγῇ,
3868 4777 3961 4829 ἐπ’

2375 4836 2558 4939 άκρων
2591 4867 2697 4921 τῶν
2728 4868 2900 4939 ὁρέων
2934 4836 3586 4940 ὑπεραρθήσεταιίύπὲρ

2374 4961 2403 5012 ό
2447 4958 2659 5031 καρπὸς
2704 4959 2891 5023 αὐτοῦ,
2925 4960 3021 5012 καὶ
3066 4958 3451 5030 ὲξανθήσουσιν
3483 4959 3549 5011 ὲκ
3583 4956 3790 5021 πόλεως
3820 4957 3959 5012 ὡσεὶ

2375 5054 2563 5124 χόρτος
2595 5052 2693 5121 τῆς
2725 5053 2848 5123 γῆς.
2870 5052 3063 5105 Ἔσται
3096 5050 3155 5103 τὸ
3187 5049 3358 5121 ὄνομα
3390 5049 3553 5104 αὐτοῦ
3587 5048 3957 5120 εύλογημένον

2378 5146 2457 5208 εἰς
2502 5145 2625 5207 τοὺς
2668 5142 2887 5205 αἰῶνας.
2923 5142 3039 5213 Πρὸ
3081 5140 3174 5196 τοῦ
3218 5141 3371 5213 ἡλίου
3415 5141 3659 5213 διαμένει
3692 5140 3752 5195 τὸ
3782 5141 3958 5212 ὄνομα

2376 5236 2541 5289 αὐτοῦ
2560 5253 2572 5265 ·
2610 5235 2705 5288 καὶ
2736 5233 3249 5306 ὲνευλογηθήσονται
3283 5234 3341 5288 ὲν
3373 5232 3522 5304 αὐτῷ
3555 5234 3725 5286 πᾶσαι
3758 5234 3813 5285 αἱ
3846 5249 3953 5299 φυ-

2376 5328 2467 5383 λαὶ
2498 5328 2595 5398 τῆς
2626 5327 2751 5396 γῆς,
2786 5327 2964 5381 πάντα
2994 5326 3061 5379 τὰ
3094 5324 3219 5398 ἔθνη
3257 5317 3616 5397 μακαριοῦσιν
3648 5323 3827 5377 αὐτόν.
3848 5324 3955 5377 Εὑ-

2377 5418 2602 5490 λογητὸς
2636 5416 2839 5489 Κύριος
2870 5419 2898 5470 ό
2928 5416 3059 5481 Θεὸς
3106 5415 3197 5470 τοῦ
3244 5413 3458 5487 Ἰσραὴλ
3488 5413 3517 5467 ὁ
3550 5411 3715 5467 ποιῶν
3750 5413 3957 5483 θαυμά-

2379 5743 2538 5856 (ιιίῗιῐι
2568 5730 2799 5857 lproinde
2834 5725 3019 5785 Davidi
3055 5728 3317 5786 dictatum
3347 5744 3376 5785 a
3406 5724 3613 5800 Spiritu
3648 5730 3838 5783 sancto
3867 5723 3952 5783 ln-

2380 5812 2431 5856 te
2479 5817 2564 5857 me
2608 5810 2681 5855 nt.

2380 5812 2681 5873 telttgebut.
