4132 6426
173 422 301 484 539

1092 423 1433 479 DIALOCUS
1464 424 1607 480 CUM
1644 422 2016 482 TRYPHONE
2046 425 2291 483 JUDIEO
3335 434 3441 491 550

175 558 291 594 σια
326 539 507 611 μόνος,
542 538 636 592 καὶ
671 536 1033 609 εύλογημένον
1065 540 1127 593 τὸ
1159 538 1330 609 ὄνομα
1361 540 1457 610 τῆς
1489 539 1645 610 δόξης
1680 542 1746 593 αύ

1881 543 2060 607 hujus.
2098 558 2260 612 quem
2292 543 2471 607 retuli,
2500 544 2692 613 psalmi
2728 546 2989 617 scriptum
3018 556 3102 605 est
3127 568 3141 605 :
3171 567 3192 603 ι
3221 547 3445 607 Defece-

172 632 287 685 τοῦ
334 636 415 695 εἰς
462 632 549 684 τὸν
595 631 783 693 αἰῶνα,
819 630 913 683 καὶ
960 631 1040 694 εἰς
1084 630 1175 682 τὸν
1220 630 1389 683 αἰῶνα
1432 632 1522 683 τοῦ
1558 630 1767 695 αἰῶνος

174 724 290 777 καὶ
337 722 753 794 πληρωθήσεται
786 721 881 789 τῆς
914 720 1068 791 δόξης
1100 721 1264 774 αὑτοῦ
1300 723 1448 774 πᾶσα
1475 722 1507 790 ἡ
1538 722 1609 791 γῆ
1629 738 1641 750 ⁸
1674 720 1770 789 γέέ

174 832 358 876 νοιτο,
386 816 612 882 γένοιτο.
640 833 657 860 ν
682 813 788 866 Καὶ
821 812 912 864 ἐπὶ
945 812 1084 864 τέλει
1118 812 1210 864 τοῦ
1242 812 1457 883 ψαλμοῦ
1490 812 1674 864 τούτου
1708 806 1768 866 οὗ

175 908 349 978 ἔφην,
387 908 728 977 γέγραπται·
784 926 799 955 ε
826 903 1102 967 Ἐξέλιπον
1146 906 1194 956 οἰ
1243 903 1399 974 ῦμνοι
1444 903 1607 957 Δαϐἰδ
1653 903 1765 957 υἰοῦ

192 997 425 1049 Ἰεσσαί.
455 1014 473 1045 ›
528 996 637 1047 Kal.
679 997 759 1048 ὅτι
808 995 905 1064 μὲν
956 992 1207 1063 βασιλεὺς
1253 994 1469 1061 ἐγένετο
1500 993 1767 1064 ἐπιφανὴς

176 1089 285 1141 καὶ
336 1088 513 1158 μέγας
556 1090 585 1139 ὁ
633 1086 899 1158 Σολομὼν,
935 1088 1018 1155 ἐφ’
1051 1079 1110 1138 οὗ
1155 1085 1183 1136 ὁ
1228 1078 1373 1149 οἶκος
1417 1085 1766 1155 Ἰερουσαλὴμ

176 1180 508 1251 ἐπικληθεὶς
532 1180 641 1249 (42)
673 1178 1079 1250 ἀνῳκοδομήθη,
1115 1177 1410 1249 ἐπίσταμαι
1431 1196 1443 1208 ’
1479 1180 1559 1231 ὅτι
1591 1179 1646 1231 δὲ
1678 1179 1768 1231 ού-

174 1271 273 1325 δὲν
306 1272 416 1325 τῶν
450 1274 507 1325 ἐν
540 1272 615 1341 τῷ
645 1271 844 1343 ψαλμῴ
874 1272 1181 1343 εἰρημένων
1218 1272 1413 1342 συνέϐη
1450 1272 1615 1341 αύτῷ,
1648 1271 1766 1339 (pal-

176 1375 361 1412 νεται.
398 1359 537 1412 Ούτε
582 1361 689 1431 γὰρ
733 1360 932 1424 πάντες
977 1364 1023 1413 οἰ
1072 1361 1307 1435 βασιλεῖς
1355 1362 1764 1433 προσεκύνησαν

176 1450 504 1521 αύτῷ,οῦτε
540 1452 700 1523 μέχρι
735 1452 838 1504 τῶν
872 1454 1120 1524 περάτων
1154 1453 1250 1522 τῆς
1283 1454 1604 1525 οἰκουμένης
1637 1454 1763 1507 ἐϐα-

179 1540 457 1601 σίλευσεν,
491 1540 611 1592 οὔτε
645 1544 691 1593 οἰ
726 1541 908 1612 ἐχθροὶ
941 1543 1100 1596 αὑτοῦ
1136 1542 1441 1614 ἔμπροσθεν
1474 1543 1635 1597 αὐτοῦ
1673 1560 1764 1595 πε-

178 1633 397 1696 σόντες,
432 1632 559 1702 χοῦν
591 1632 795 1699 ἔλειξαν
816 1651 829 1662 ⁸
865 1634 998 1687 ἀλλὰ
1044 1635 1137 1689 καὶ
1182 1634 1360 1704 τολμῶ
1390 1636 1569 1704 λέγειν
1603 1634 1636 1688 ἂ
1668 1636 1761 1703 γέ-

176 1714 433 1795 γραπται
459 1728 514 1777 ἐν
536 1728 651 1787 ταῖς
669 1725 974 1790 Βασιλείαις
992 1727 1103 1797 (45)
1123 1728 1212 1780 ὑπ’
1231 1728 1391 1780 αύτοῦ
1423 1726 1755 1799 πραχθέντα,

174 1813 267 1868 ὃτι
316 1816 406 1870 διὰ
448 1820 679 1885 γυναῖκα
723 1821 781 1870 ἐν
827 1818 1013 1871 Σιδῶνι
1048 1819 1417 1891 εἰδωλολάτρει
1453 1820 1583 1889 (4,4)-
1621 1823 1757 1892 ὅπερ

1881 645 2005 687 runt
2038 635 2220 703 hymni
2264 635 2502 701 Davidis,
2532 636 2626 690 lilii
2662 637 2829 693 Jessae
2851 640 2892 694 ⁸.
2923 660 2943 693 ι
2980 641 3055 697 Ac
3098 659 3275 712 regem
3322 646 3445 713 qui-

1881 722 1999 775 dem
2034 722 2295 777 illustrem
2346 734 2399 780 et
2450 741 2703 795 magnum
2743 726 2905 780 fuisse
2938 726 3305 793 Salomonem,
3343 730 3442 783 sub

1879 828 1986 883 quo
2003 814 2257 884 templum
2288 816 2435 880 illud,
2454 818 2595 885 quod
2616 831 2841 873 vocatur
2871 818 3442 891 llierosolymitanum,

1880 916 2253 960 constructum
2306 908 2426 971 fuit,
2460 909 2599 962 haud
2646 910 2872 979 ignoro;
2917 913 3013 965 sed
3052 911 3188 965 nihil
3233 910 3440 977 ex‘his,

1876 1009 1996 1063 qua:
2027 994 2079 1048 ih
2118 996 2326 1064 psalmo
2350 999 2624 1062 dicuntur,
2655 1001 2727 1053 illi
2762 1002 3058 1071 contigisse
3088 1003 3273 1073 liquet.
3304 1002 3439 1057 Nam

1876 1100 1977 1139 nec
2018 1101 2207 1143 omnes
2256 1101 2409 1157 reges
2453 1101 2573 1141 eum
2615 1092 3002 1153 adoraverunt.
3042 1107 3139 1146 nec
3172 1108 3342 1162 usque
3376 1093 3442 1146 ad

1878 1179 2139 1232 terminos
2170 1179 2319 1233 orbis
2348 1187 2614 1234 terrarum
2650 1186 2913 1252 regnavit,
2946 1200 3048 1239 nec
3088 1186 3289 1241 inimici
3322 1187 3442 1256 ejus

1874 1284 2057 1322 coram
2098 1269 2191 1323 illo
2219 1271 2471 1325 cadentes
2504 1273 2659 1344 132
2693 1284 2894 1329 terram
2923 1276 3217 1331 linxerunt.
3258 1276 3441 1343 Neque

1873 1362 2034 1414 etiam
2067 1362 2248 1417 dicere
2278 1366 2525 1431 verebor,
2556 1381 2675 1434 quae
2704 1366 2771 1419 ab
2800 1383 2863 1421 eo
2891 1366 3029 1421 facta
3061 1369 3113 1422 in
3147 1368 3300 1423 libris
3338 1371 3441 1423 lte-

1871 1467 2101 1521 gnorum
2136 1455 2473 1520 scribuntur,
2504 1472 2697 1526 nempe
2730 1465 2878 1512 illum
2907 1471 3126 1528 propter
3155 1460 3438 1513 mulierem
3475 1443 3480 1451 ’

1867 1542 2090 1596 Sidonia
2128 1546 2415 1602 simulacra
2445 1547 2697 1603 coluisse.
2726 1549 2877 1614 Quod
2909 1551 3125 1614 quidem
3176 1560 3234 1604 ut
3282 1567 3438 1605 com-

1870 1632 2108 1697 mittant,
2146 1637 2367 1691 minime
2403 1638 2765 1702 adducuntur,
2810 1640 2901 1708 qui
2948 1655 3011 1694 ex
3042 1640 3295 1710 gentibus
3342 1654 3441 1708 per

1868 1720 2050 1777 Jesum
2079 1726 2399 1782 crucifixum
2426 1742 2801 1802 cognoverunt
2826 1742 3127 1788 creatorem
3156 1733 3441 1786 universo.

1868 1831 1986 1868 rum
2015 1818 2200 1886 Deum,
2233 1823 2328 1874 sed
2364 1824 2668 1877 cruciatum
2703 1841 2915 1879 omnem
2946 1835 3000 1880 et
3026 1826 3345 1895 supplicium
3368 1826 3438 1881 ad

175 1908 284 1979 οὐχ
318 1908 649 1979 ὑπομένουσι
682 1912 884 1982 πρᾶξαι
916 1912 966 1964 οἰ
997 1912 1105 1965 ἀπὸ
1137 1912 1242 1965 τῶν
1274 1913 1442 1967 ἐθνῶν
1474 1914 1560 1967 διὰ
1590 1912 1747 1985 Ἰησοξ

1866 1918 2166 1963 extremam
2206 1927 2376 1981 usque
2409 1923 2634 1969 mortem
2674 1916 2973 1984 perferunt,
3020 1930 3086 1970 ne
3133 1926 3227 1971 aut
3255 1914 3427 1971 simu-

176 1998 278 2051 τοῦ
328 2002 730 2073 σταυρωθέντος
764 2003 1073 2072 ἐπιγνόντες
1107 2005 1197 2057 τὸν
1230 2003 1455 2076 ποιητὴν
1488 2004 1595 2057 τῶν
1626 2005 1763 2057 ὅλων

1871 1999 2017 2055 lucra
2059 2002 2262 2071 colant,
2290 2018 2385 2061 aut
2416 2006 2725 2061 simulacris
2750 2013 2915 2064 edant
2954 2009 3253 2063 immolata.

176 2091 343 2156 Θεὸν,
399 2092 534 2147 ἀλλὰ
567 2095 745 2147 πᾶσαν
776 2095 959 2148 αἰκίαν
992 2094 1086 2148 καὶ
1119 2096 1386 2166 τιμωρίαν
1435 2096 1626 2167 μέχρις
1680 2092 1907 2164 ἐσχάτου
1969 2092 2197 2148 Θανάτου
2232 2096 2562 2167 ὑπομένουσι
2597 2099 2724 2170 περὶ
2765 2099 2855 2153 τοῦ
2892 2100 3004 2171 (45)
3039 2101 3177 2172 μήτε
3220 2098 3435 2152 εἰδωλο-

174 2182 474 2258 λατρῆσαι,
513 2187 650 2257 μήτε
685 2186 1003 2243 εἰδωλόθυτα
1038 2191 1265 2258 φαγεῖν-

252 2278 347 2333 35.
390 2277 501 2331 Kal.
544 2280 572 2329 ό
619 2278 882 2350 Τρύφων
931 2281 1042 2335 Kal.
1087 2281 1193 2351 μὴν
1239 2278 1465 2343 πολλοὺς
1500 2280 1609 2353 (46)
1658 2279 1763 2334 τῶν

175 2371 271 2424 τὸν
306 2369 512 2439 Ἰησοῦν
543 2370 810 2438 λεγόντων
840 2372 1141 2442 ὁμολογεῖν,
1160 2370 1255 2425 καὶ
1286 2372 1593 2441 λεγομένων
1626 2373 1761 2444 Χρι-

174 2461 435 2526 στιανῶν,
460 2461 797 2533 πυνθάνομαι
832 2462 1031 2517 ἐσθίειν
1062 2463 1129 2517 τὰ
1161 2463 1500 2529 εἰδωλόθυτα,
1518 2465 1613 2518 καὶ
1647 2483 1756 2537 μη-

181 2554 279 2607 δὲν
313 2555 377 2607 ἐκ
408 2553 592 2607 τούτου
627 2554 953 2625 βλάπτεσθαι
986 2555 1187 2625 λέγειν.

248 2744 427 2813 Κάγὼ
456 2747 870 2819 ἀπεκρινάμηνο
906 2748 1017 2803 Καὶ
1063 2749 1127 2801 ἐκ
1172 2746 1262 2801 τοῦ
1310 2746 1579 2811 τοιούτους
1614 2741 1751 2799 εἶναι

172 2834 400 2906 ἄνδρας,
426 2836 815 2907 ὁμολογοῦντας
848 2840 1073 2902 ἑαυτοὺς
1106 2833 1245 2892 εἶναι
1277 2838 1629 2909 Χριστιανοὺς
1664 2836 1759 2889 καὶ

171 2930 271 2982 τὸν
323 2930 702 2999 σταυρωθέντα
748 2932 954 3002 Ἰησοῦν
984 2931 1265 3003 ὁμολογεῖν
1299 2931 1394 2985 καὶ
1428 2931 1628 3002 Κύριον
1661 2930 1757 2984 καὶ

170 3023 435 3094 Χριστὸν,
468 3025 561 3078 καὶ
594 3025 668 3096 μὴ
702 3025 768 3078 τὰ
800 3026 1347 3096 ἐκείνουιδιδάγματα
1387 3024 1752 3087 διδάσκοντας,

169 3117 320 3170 ἀλλά
351 3118 417 3171 τὰ
447 3120 553 3171 ἀπὸ
584 3119 690 3171 τῶν
724 3119 947 3189 τῆςμἸ)
980 3119 1185 3190 πλάνης
1218 3118 1561 3188 πνευμάτων,
1593 3118 1753 3187 ἡμεῖς

1941 2276 2031 2331 35.
2077 2275 2314 2331 [hereses
2351 2277 2639 2331 catholicos
2674 2280 2725 2331 in
2752 2278 2857 2346 ﬁde
2878 2281 3430 2349 conﬁrmant.—Tum

1866 2364 2121 2438 Trypho:
2148 2367 2222 2420 Ex
2260 2368 2346 2421 his
2368 2378 2567 2433 tamen,
2596 2369 2792 2439 inquit,
2824 2372 2915 2441 qui
2944 2372 3127 2429 Jesum
3159 2392 3279 2435 sese
3303 2397 3434 2437 COn-

1861 2460 2001 2513 [lteri
2028 2460 2236 2522 dicunt,
2268 2467 2324 2512 et
2347 2456 2639 2513 Christiani
2679 2462 3043 2531 appellantur,
3081 2467 3279 2525 multos
3310 2487 3432 2529 esse

1859 2549 2042 2609 audio,
2079 2548 2170 2616 qui
2202 2546 2517 2603 simulacris
2561 2549 2837 2605 immolata
2878 2556 3229 2625 manducent,
3267 2576 3433 2632 seque

1858 2640 1995 2694 nihil
2025 2656 2089 2695 ex
2122 2654 2183 2693 ea
2215 2656 2273 2696 re
2308 2642 2427 2696 laedi
2459 2643 2735 2698 dictitent.

1929 2731 2066 2785 Tum
2095 2747 2196 2801 ego
2228 2732 2307 2786 sic
2337 2734 2589 2801 respondi
2623 2752 2637 2788 :
2674 2734 2750 2789 Ex
2784 2751 2848 2791 eo
2896 2740 3083 2810 etiam,
3112 2744 3257 2813 quod
3287 2744 3433 2813 ejus-

1865 2824 2010 2878 modi
2048 2836 2262 2879 exstent
2295 2826 2566 2890 homines,
2597 2827 2686 2896 qui
2712 2845 2769 2884 se
2799 2846 2920 2887 csse
2946 2833 3284 2893 Christianos
3304 2854 3431 2907 pro-

1860 2918 2136 2983 ﬁteantur,
2174 2928 2228 2973 et
2255 2918 2458 2983 Jesum,
2488 2920 2578 2990 qui
2613 2922 2904 2977 cruciﬁxus
2927 2937 3030 2990 est,
3062 2928 3346 2985 Dominum
3370 2942 3429 2987 et

1859 3010 2135 3066 Christum
2168 3012 2436 3075 confiteri;
2471 3029 2571 3069 nec
2603 3023 2780 3070 tamen
2813 3016 2959 3074 illius
2990 3022 3297 3076 doctrinam
3342 3033 3429 3079 te-

1859 3116 2044 3172 neant,
2074 3108 2167 3160 sed
2206 3121 2350 3174 eam,
2380 3123 2501 3176 qua:
2540 3117 2623 3162 est
2664 3124 2691 3161 a
2730 3113 3013 3181 spiritibus
3054 3116 3291 3184 erroris;
3328 3133 3429 3173 nos

168 3213 224 3263 οἰ
271 3210 373 3281 τῆς
416 3210 670 3283 ἀληθινῆς
717 3214 886 3284 Ἰησοῦ
935 3211 1169 3282 Χριστοῦ
1205 3209 1299 3265 καὶ
1332 3208 1577 3281 καθαρᾶς
1609 3208 1747 3263 διδα-

1858 3199 1947 3265 qtti
1982 3212 2121 3250 verte
2148 3212 2209 3251 ac
2243 3211 2391 3266 puras
2427 3196 2551 3252 Jcsu
2606 3198 2811 3256 Christi
2860 3203 3122 3259 doctrinae
3168 3205 3420 3275 discipuli

171 3303 407 3367 ααλίας
454 3304 712 3376 μαθηταὶ,
758 3305 1066 3377 πιστότεροι
1112 3301 1225 3375 (48)
1265 3302 1367 3382 καὶ
1415 3301 1748 3372 βεϐαιότεροι

169 3395 439 3465 γινόμεθα
468 3397 526 3448 ἐν
558 3399 623 3467 τῇ
669 3396 838 3449 ὲλπίδι
871 3399 936 3467 τῇ
971 3394 1391 3467 κατηγγελμένῃ
1436 3391 1525 3445 ὑπ’
1560 3391 1743 3444 αὑτοῦ.

177 3490 248 3541 Ἀ
282 3490 391 3561 γὰρ
423 3488 707 3560 προλαϐὼν
741 3489 955 3560 μέλλειν
988 3487 1231 3559 γίνεσθαι
1256 3490 1311 3541 ἐν
1332 3487 1554 3557 ὀνόματι
1582 3481 1743 3537 αὐτοῦ

173 3579 306 3649 ἔφη,
355 3580 527 3633 ταῦτα
569 3580 686 3649 ὄψει
732 3582 827 3636 καὶ
872 3582 1123 3655 ἐνεργείᾳ
1166 3582 1378 3654 ὁρῶμεν
1424 3582 1742 3653 τελούμενα.

169 3667 312 3723 Εἷπε
344 3672 450 3743 γάρ
470 3690 482 3700 ·
524 3692 541 3723 ι
566 3673 757 3727 Πολλοὶ
788 3673 1092 3728 ἐλεύσονται
1125 3674 1218 3727 ἐπὶ
1250 3674 1325 3745 τῷ
1356 3675 1581 3746 ὀνόματί
1617 3691 1742 3744 μου,

166 3764 375 3829 ἔξωθεν
417 3766 753 3837 ἐνδεδυμένοι
801 3767 1045 3838 δέρματα
1091 3768 1393 3840 προϐάτων,
1442 3765 1642 3820 ἔσωθεν
1687 3764 1743 3817 δέ

168 3860 282 3909 εἰσι
315 3856 463 3910 λύκοι
498 3856 763 3927 ἅρπαγες.
793 3878 809 3909 ι
849 3859 957 3911 Καί
977 3874 988 3887 ’
1016 3879 1032 3908 ι
1061 3859 1315 3915 Ἔσονται
1350 3858 1620 3929 σχίσματα
1653 3855 1748 3909 καὶ

166 3948 440 4020 αἱρέσεις.
474 3969 489 4001 ι
530 3950 669 4004 Καί·
697 3970 715 4001 ι
744 3949 1050 4022 Προσέχετε
1085 3951 1192 4004 ἀπὸ
1236 3950 1341 4004 τῶν
1371 3950 1749 4021 ψευδοπροφη-

165 4040 300 4100 τῶν,
333 4040 386 4091 οἴ
414 4057 556 4103 τινες
588 4040 894 4094 ἐλεύσονται
944 4042 1077 4112 πρὸς
1110 4036 1274 4112 ὑμᾶς,
1310 4039 1506 4107 ἔξωθεν
1539 4038 1748 4091 ἐνδεδυ-

165 4130 327 4199 μένοι
360 4130 606 4203 δέρματα
653 4131 959 4203 προϐάτων,
996 4132 1194 4186 ἔσωθεν
1225 4132 1281 4199 δέ
1317 4135 1421 4185 εἰσι
1455 4132 1608 4185 λύκοι
1643 4131 1746 4199 ἆρ-

1857 3284 2070 3350 sumus,
2102 3287 2371 3342 firmiores
2412 3288 2465 3342 in
2510 3289 2611 3344 llde
2640 3301 2692 3345 et
2719 3295 3116 3351 constantiores
3160 3297 3322 3353 limus
3367 3299 3425 3354 in

1855 3394 1951 3446 spe
1978 3380 2043 3433 ab
2073 3394 2137 3433 eo
2168 3380 2440 3435 nuntiata.
2472 3381 2601 3448 Quae
2629 3383 2771 3437 enim
2799 3386 2849 3438 in
2885 3401 2985 3440 suo
3015 3388 3233 3443 nomine
3261 3404 3426 3445 even-

1855 3481 1973 3526 tura
2006 3472 2273 3541 pra-dixit,
2309 3487 2371 3527 ea
2404 3472 2577 3528 oculis
2621 3480 2675 3528 et
2723 3474 2916 3529 eﬂectu
2947 3478 3013 3532 ad
3041 3479 3247 3533 exitum
3296 3497 3423 3552 per-

1851 3563 2009 3618 ducta
2041 3567 2335 3619 cernimus.
2367 3566 2515 3620 Dixit
2543 3568 2685 3622 enim
2712 3588 2724 3623 :
2754 3587 2771 3619 ι
2804 3568 2951 3622 Multi
2987 3572 3206 3626 venient
3240 3573 3293 3627 in
3324 3590 3424 3629 no-

1851 3660 1997 3713 mine
2034 3676 2172 3723 meo,
2209 3662 2554 3717 extrinsecus
2583 3663 2764 3717 ovium
2793 3664 3018 3733 pellibus
3050 3665 3244 3732 induti,
3280 3668 3423 3723 intus

1851 3742 2028 3807 autem
2063 3767 2187 3807 sunt
2219 3755 2326 3824 lupi
2358 3757 2636 3823 rapaces'.
2666 3776 2684 3809 ι
2723 3756 2789 3810 Et
2819 3776 2831 3811 :
2873 3776 2891 3808 ι
2920 3757 3089 3811 Erunt
3117 3760 3416 3817 schismata

1850 3857 1904 3901 et
1938 3849 2170 3903 haereses
2192 3852 2231 3903 ⁸.
2262 3869 2279 3902 ι
2320 3850 2425 3905 Et:
2462 3868 2480 3901 ι
2512 3850 2711 3906 Cavete
2740 3853 2891 3907 vobis
2916 3868 2943 3906 a
2976 3854 3417 3924 pseudoprophe-

1854 3941 1943 4006 lis,
1976 3942 2066 4010 qui
2103 3942 2324 3997 venient
2354 3943 2420 3997 ad
2452 3958 2571 4008 vos,
2605 3944 2944 3999 extrinsecus
2974 3946 3146 3999 induti
3182 3947 3416 4015 pellibus

1850 4035 2057 4100 ovium,
2092 4035 2236 4090 intus
2264 4044 2443 4090 autem
2476 4045 2604 4091 sunt
2627 4036 2732 4107 lupi
2756 4021 3042 4107 'rapaces'.
3072 4057 3091 4091 ι
3121 4039 3186 4093 Et
3216 4058 3229 4094 :
3262 4057 3281 4091 σ
3310 4038 3420 4093 Ex-

1855 4139 2083 4199 surgent
2164 4124 2348 4184 multi'
2380 4129 2781 4201 pseudochristi
2824 4140 2879 4185 et
2957 4134 3414 4203 pseudoapostoli,

278 4355 297 4385 ⁸
334 4355 483 4411 Psal.
508 4374 633 4413 Lxxt
672 4375 765 4428 per
800 4370 994 4418 totum.
1066 4362 1087 4393 ⁸
1127 4360 1317 4416 Matth.
1352 4376 1446 4428 vn,
1470 4361 1567 4428 _15.
1643 4360 1663 4391 ⁸
1701 4360 1721 4413 l
1754 4359 1878 4416 Cor.
1910 4377 1986 4425 xl,
2018 4362 2105 4419 19.
2182 4364 2203 4396 "
2244 4360 2439 4418 Matth.
2478 4374 2576 4427 vn,
2617 4360 2705 4416 15.

239 4567 386 4651 (42)⁸
404 4568 457 4620 ’0
477 4563 639 4651 οζκρς
661 4568 1053 4651 ,Ἰερουσίιτζὴμ
1072 4568 1738 4651 ἐπικλῃθςίς.η5ιιρι)1ριι-

1855 4583 1959 4651 ram
1976 4567 2379 4651 referrevisurn
2396 4577 2510 4651 e'st;
2537 4568 2893 4651 sedneutram
2914 4567 3407 4651 probarenpossum.

162 4638 293 4692 dum
326 4640 445 4709 τῆς,
477 4649 534 4692 ιιι
571 4640 769 4705 legitur
797 4655 850 4693 ιι.
888 4642 976 4704 56,
1014 4638 1104 4694 τοῦ
1138 4639 1267 4693 ναοῦ
1302 4638 1405 4691 τῶν
1442 4640 1733 4709 Ἰεροσολύ-

166 4710 712 4781 μῳνγὸιιρνειιιιλῦ,
738 4711 828 4763 τὸν
861 4710 986 4764 ναὸν
1018 4712 1108 4764 τὸν
1140 4712 1199 4762 ἐν
1234 4710 1588 4781 Ἰερουσαλὴμ
1613 4710 1731 4763 ἐπι-

164 4776 456 4851 κληθέντα.
497 4776 761 4833 Nimirum
795 4781 1039 4851 declarat
1060 4776 1318 4851 templum
1347 4782 1414 4835 ob
1464 4776 1729 4834 summam

165 4850 574 4903 venerationem
620 4852 820 4920 dictum
864 4864 985 4904 esse
1030 4850 1607 4920 Hierosolymitanum,
1644 4859 1727 4903 ut-

164 4927 291 4986 pote
320 4921 539 4973 unicum
569 4926 626 4973 et
650 4920 747 4974 Dei
771 4919 923 4984 jussu
956 4921 1007 4974 in
1047 4922 1148 4975 hac
1181 4919 1314 4975 urbe
1350 4922 1727 4975 constitutum.

237 4988 349 5071 (45)
402 4989 684 5071 ’Ἐν-’ταῖς
724 4990 1386 5071 ρᾳςιπιίᾳς.“υιςιηιιο
1436 4992 1619 5071 codex
1661 4991 1731 5071 ad

166 5059 468 5181 lsnlirghinem
517 5061 576 5181 ἐξ
744 5060 911 5131 βίϐλῳ
958 5060 1064 5115 τῶν
1098 5059 1414 5116 Βασιλειῶν.
1452 5060 1542 5115 Sic
1571 5069 1627 5114 et
1661 5060 1725 5114 R.

269 5146 301 5181 ο
343 5144 479 5181 anus
510 5146 538 5181 a
602 5146 665 5181 ca
692 5148 832 5181 cem.
1576 5144 1581 5150 ‘

167 5126 479 5197 Stephanus
510 5132 576 5184 ad
602 5126 832 5185 calcem.
884 5126 894 5131 ⁷
1576 5144 1581 5150 ‘

240 5202 354 5271 (44)
392 5199 494 5253 Διὰ
524 5202 775 5270 γυναῖκα
805 5202 874 5256 ἐν
904 5200 1113 5256 Σιδῶνι
1144 5198 1574 5268 εἰδωλολάτρει.
1618 5198 1729 5253 Mu-

164 5269 358 5323 lierem
400 5271 490 5323 hic
534 5269 811 5327 Sidoniam
838 5274 1201 5341 interpretari,
1245 5281 1303 5324 ut
1331 5272 1460 5325 fecit
1488 5272 1728 5338 Langus,

166 5341 337 5393 nimis
363 5342 783 5395 incommodum.
808 5343 1151 5398 Salomouem
1183 5352 1364 5396 autem
1394 5343 1444 5395 in
1481 5341 1615 5394 urbe
1640 5341 1728 5393 Si-

165 5411 478 5472 doniorum,
520 5421 577 5464 ut
604 5412 723 5466 aliis
762 5414 1141 5480 interpretibus
1174 5414 1395 5479 placuit.
1428 5413 1725 5465 simulacra

163 5480 399 5551 eoluisse
421 5480 604 5535 nullibi
625 5483 890 5549 proditur,
916 5497 1089 5551 neque
1114 5484 1227 5539 haec
1248 5481 1459 5536 Justino
1485 5483 1726 5537 tribuen-

164 5550 549 5622 dasenlentia.
582 5551 761 5622 Quare
785 5553 962 5622 legere
992 5550 1172 5607 malim
1202 5555 1311 5615 τοῖς
1344 5554 1401 5604 ἐν
1435 5552 1623 5605 Σιδῶνι
1651 5554 1727 5603 εἰ·-

370 5619 652 5693 ἐλάτρευε,
680 5621 763 5674 vel
800 5619 990 5677 saltem
1007 5624 1162 5691 quasi
1184 5625 1254 5677 ita
1274 5624 1533 5693 scriptum
1558 5630 1726 5686 esset,

162 5691 241 5745 ita
275 5692 334 5746 S.
367 5692 622 5761 martyris
657 5693 842 5757 verba,
869 5694 990 5748 sine
1017 5694 1121 5747 ulla
1156 5691 1554 5756 immutatione,
1583 5692 1729 5746 acci-

202 5762 360 5817 ienda
392 5779 405 5814 :
442 5762 683 5830 nisiquis
712 5762 864 5818 malit
892 5762 967 5826 ὡς
1000 5764 1058 5815 ἐν
1091 5763 1298 5816 Σιδῶνι.
1335 5764 1418 5817 Cl.
1452 5762 1725 5816 Thirlbius

202 5777 360 5817 nenda
392 5779 405 5814 :
442 5777 683 5830 ntstquts
712 5777 864 5818 malit
892 5777 967 5826 ως
1000 5779 1058 5815 εν
1091 5777 1298 5816 κιοωνι.
1335 5777 1418 5817 ω.
1452 5777 1725 5816 't‘tttrtmus

160 5777 463 5918 Egelldﬁlﬂ‘
476 5832 727 5918 proponit
748 5835 823 5918 ’ἐν
856 5834 1443 5918 ξιωνιείδωλολάτρει,
1478 5830 1725 5918 νεΙηΘεδν

164 5899 285 5957 ἰδὼν
318 5899 709 5973 εἰδωλολάτρει.
747 5905 957 5960 Eruditi
990 5904 1095 5960 viri
1134 5899 1423 5975 utramque
1450 5903 1725 5973 conjectu-

1911 4640 2026 4709 (45)
2066 4640 2204 4707 Περὶ
2249 4637 2372 4691 τοῦ.
2418 4638 2730 4707 chendum
2789 4650 2971 4692 monet
3018 4642 3099 4695 Cl.
3136 4642 3409 4702 Thirlhius

1835 4708 1979 4778 ὑπὲρ
1996 4709 2196 4771 τοῦ,;ι‹ι
2230 4710 2429 4763 similia
2463 4710 2579 4762 loca
2611 4709 2813 4778 profert
2838 4724 2903 4762 ex
2928 4710 3081 4778 Apol.
3114 4727 3151 4774 ι,
3186 4730 3239 4767 n.
3266 4713 3333 4767 39
3356 4729 3410 4769 et

1835 4728 1942 4762 υπε
1996 4728 2196 4771 romae
2230 4728 2429 4763 summa
2463 4728 2579 4762 ioca
2611 4728 2813 4778 prmert
2838 4728 2903 4762 ex
2928 4728 3081 4778 Apoc.
3114 4728 3151 4774 ι,
3186 4730 3239 4767 n.
3266 4728 3333 4767 ou
3356 4729 3406 4769 υι

1834 4728 2047 4851 υὲᾳίθθ.
2082 4796 2147 4851 ιι.
2170 4780 2265 4851 121
2298 4781 2503 4851 et_l5l.
2528 4778 2631 4833 Sed
2662 4794 2782 4832 cum
2812 4780 2943 4833 illud
2978 4782 3107 4851 περί
3140 4781 3231 4835 τοῦ
3268 4785 3406 4840 idem

1830 4848 2011 4904 valeat
2038 4866 2101 4903 ac
2130 4850 2271 4921 ὑπὲρ
2304 4848 2416 4912 τοῦ,
2442 4851 2957 4921 utohservabimus
3008 4848 3159 4904 initio
3206 4852 3405 4918 Apulo.

1831 4921 1935 4987 gia:
1981 4919 2365 5040 At‘heuagOrm,
2398 4919 2530 4974 nihil
2560 4935 2784 4989 prorsus
2813 4922 2865 4973 in
2923 4922 3027 4975 hoc
3057 4921 3253 4976 Justiui
3289 4924 3406 4981 loco

1832 4998 2041 5040 mutant
2064 5007 2174 5040 ttm.

1832 4998 2174 5044 mutandum.

1898 5060 2011 5129 (46)
2051 5058 2347 5129 Πολλούς.
2392 5057 2503 5129 lluc
2524 5067 2609 5129 est
2641 5057 2950 5114 Gnosticos.
2983 5057 3158 5114 Οττο.

1892 5126 2018 5197 ’(47)
2060 5129 2201 5182 Ἀπὸ
2223 5128 2340 5181 τῶν
2361 5127 2487 5195 τῆς.
2506 5126 2763 5197 Uterque
2786 5132 2951 5182 codex
2980 5131 3138 5183 habet
3164 5130 3227 5183 ad
3261 5148 3407 5187 mar.

1830 5196 2032 5271 ginem,
2066 5201 2174 5253 ἀπὸ
2207 5199 2296 5251 τοῦ
2334 5199 2428 5268 τῆς
2462 5196 3004 5271 πλάνηςίπνεύματαᾲ.

1903 5271 2016 5338 (48)
2056 5272 2396 5336 Πιστότεροι
2430 5269 2527 5320 καὶ
2555 5270 2939 5336 βεϐαιότερα.
2982 5269 3227 5325 Imitatur
3258 5272 3400 5328 hunc

1834 5339 2007 5392 lucutn
2044 5340 2409 5394 Tertullianus
2445 5340 2538 5395 lib.
2574 5339 2651 5392 De
2685 5341 3007 5408 νῆσσαι-ιρι..
3044 5356 3162 5405 cap.
3188 5342 3222 5394 5
3260 5352 3317 5395 et
3343 5345 3397 5395 4.

1835 5408 2100 5481 Prmclare
2135 5412 2297 5481 etiam
2348 5408 2407 5465 S.
2438 5411 2773 5481 Augustinus
2806 5411 2896 5463 lib.
2942 5409 3023 5481 De
3062 5428 3180 5463 rem
3224 5413 3397 5481 relig..

1834 5496 1887 5532 η.
1927 5480 1993 5535 15
2026 5499 2039 5535 :
2075 5498 2093 5531 ι
2125 5479 2257 5533 Cum
2305 5490 2482 5531 autem
2527 5478 2663 5533 foris
2703 5490 2847 5543 Stllll,
2880 5480 3076 5547 inquit,
3108 5478 3395 5548 plurimum

1833 5562 2057 5618 prosunt
2100 5567 2204 5603 non
2248 5564 2429 5602 verum
2462 5548 2707 5602 docendo
2731 5550 2871 5615 quod
2904 5553 3174 5614 nesciunt,
3208 5554 3300 5605 sed
3329 5554 3397 5604 ad

1829 5635 2016 5675 verum
2056 5619 2404 5691 quaerendum
2438 5619 2685 5691 carnales
2720 5631 2773 5672 et
2810 5620 2877 5673 ad
2920 5634 3107 5691 verum
3142 5620 3395 5690 aperien-

1812 5692 1954 5770 _duu_t
1989 5688 2265 5770 spiritales
2291 5688 2592 5770 catholicos
2619 5691 2931 5770 excitando.
2952 5707 2980 5770 _t
3015 5688 3282 5770 Ethnicis,
3302 5692 3393 5770 qui

1830 5758 2155 5830 varias'illas
2180 5769 2356 5816 sectas
2386 5760 2437 5811 iu
2472 5760 2729 5827 probrum
2762 5758 3088 5830 Christiana:
3119 5758 3394 5830 religionis

1828 5829 2181 5898 objiciebant,
2212 5830 2603 5899 responderunt
2624 5830 2870 5899 Clemens
2891 5829 3049 5884 Alex.
3075 5829 3273 5887 Strom.
3294 5847 3390 5896 vn,

1828 5916 1880 5968 p.
1920 5901 2043 5966 755,
2083 5914 2136 5957 et
2166 5897 2387 5971 Origen.
2422 5914 2483 5954 ιιι
2515 5902 2571 5952 in
2607 5897 2769 5967 Cela,
2804 5917 2855 5969 p.
2890 5900 3011 5954 HS.
