4132 6426
133 374 260 432 553

1042 370 1386 431 DlALOGUS
1416 371 1557 428 CUM
1591 370 1970 428 TRYPHONE
2000 369 2263 428 JUDIEO.

3296 381 3400 437 εει

135 495 520 568 μεταγνόντες
542 497 636 550 σὺν
656 496 806 565 ἡμῖν,
837 495 911 567 μὴ
934 495 1144 566 βλασφη
1155 496 1291 566 μῆτε
1320 495 1410 547 τὸν
1437 493 1525 546 διά
1546 509 1605 546 τε
1625 490 1726 546 τῶν

1837 491 1904 544 de
1936 505 2003 544 eo
2035 489 2396 560 pmnnntiata
2437 490 2813 546 intaminatnm
2845 507 2908 547 ac
2948 493 3000 548 in
3035 496 3289 554 omnibus
3321 501 3406 555 in-

132 589 360 659 ἔργων,
399 587 494 642 καὶ
517 588 623 642 τῶν
651 590 757 648 ἀπὸ
785 587 874 641 τοῦ
904 588 1166 659 ὀνόματος
1197 587 1358 640 αὐτοῦ
1396 587 1491 640 καὶ
1529 585 1624 640 νῦν
1648 603 1731 655 γι·-

129 673 405 744 νιομένων
427 676 726 745 δυνάμεων,
759 677 852 730 καὶ
889 677 997 730 ἀπὸ
1017 675 1125 729 τῶν
1155 678 1252 748 τῆς
1280 676 1497 747 διδαχῆς
1534 677 1729 744 λόγων,

131 767 247 821 καὶ
275 768 392 821 ἀπὸ
427 767 532 820 τῶν
567 768 1042 840 προφητευθεισῶν
1067 771 1147 832 είς
1172 769 1332 822 αὑτὸν
1362 768 1728 841 προφητειῶν,

131 864 392 934 ἄμωμον
424 863 518 917 καὶ
537 865 864 935 ἀνέγκλητον
885 864 1028 919 κατά
1046 866 1224 919 πάντα
1243 865 1474 936 Χριστὸν
1502 863 1727 936 Ἰησοῦν·

131 955 286 1009 ἀλλὰ
325 955 706 1020 πιστεύσαντες
743 958 824 1020 είς
864 957 1043 1021 αὐτὸν,
1085 959 1142 1009 ὲν
1189 959 1255 1028 τῇ
1305 957 1466 1010 πάλιν
1503 973 1734 1028 γενησο-

139 1047 296 1119 μένῃ
329 1047 716 1118 ὲνδόξῳιαύτοῦ
760 1050 1030 1120 παρουσίᾳ
1057 1048 1287 1122 σωθῆτε,
1325 1049 1420 1104 καὶ
1452 1049 1526 1123 μὴ
1561 1067 1732 1105 κατα-

131 1138 444 1209 δικασθῆτε
475 1143 553 1203 είς
583 1141 641 1192 τὸ
667 1133 777 1213 πῧρ
808 1142 898 1194 ὑπ’
928 1141 1117 1195 αὐτοῦι

216 1231 317 1287 56.
340 1233 602 1296 Κάκεῖνος
636 1234 965 1305 ἀπεκρίνατο
983 1251 996 1264 ·
1040 1235 1220 1289 Ἔστω
1240 1235 1332 1288 καὶ
1354 1235 1524 1290 ταῦτα
1556 1235 1727 1300 οὕτως

134 1321 345 1392 ἔχοντα
375 1323 449 1386 ὼς
481 1324 681 1392 λέγεις,
717 1326 810 1378 καὶ
842 1328 925 1379 ὃτι
959 1326 1204 1399 παθητὸς
1223 1328 1458 1400 Χριστὸς
1484 1345 1727 1401 προεφη-

134 1415 320 1488 τεύθη
360 1417 573 1487 μέλλειν
607 1415 764 1482 εἶναι,
794 1420 887 1472 καὶ
917 1420 1062 1485 λίθος
1085 1421 1343 1492 κέκληται
1361 1421 1493 1492 (54),
1512 1421 1606 1475 καὶ
1640 1422 1728 1475 ἐν-

133 1511 300 1575 δοξος
347 1512 483 1588 μετὰ
515 1513 609 1584 τὴν
642 1513 862 1585 πρώτην
894 1515 1057 1570 αὐτοῦ
1083 1516 1415 1590 παρουσίαν,
1453 1519 1512 1571 ὲν
1543 1511 1577 1592 ᾖ
1625 1534 1730 1570 πα-

135 1603 316 1672 θητὸς
346 1603 627 1673 φαίνεσθαι
651 1607 975 1677 κεκήρυκτο,
1003 1607 1354 1679 ὲλευσόμενος
1409 1609 1504 1662 καὶ
1535 1603 1728 1682 κριτὴς

137 1693 371 1746 πάντων
417 1694 634 1757 λοιπὸν,
681 1695 776 1747 καὶ
821 1695 1039 1760 αἰώνιος
1089 1698 1340 1768 βασιλεὺς
1391 1699 1486 1752 καί⁵
1549 1700 1726 1771 ἱερεὺς

137 1799 280 1853 γενη
291 1785 536 1853 σόμενος.
563 1785 623 1838 Ei
648 1781 799 1849 οὗτος
819 1787 876 1840 δέ
905 1789 1022 1841 ἐστι
1041 1788 1169 1861 περὶ
1198 1784 1259 1844 οὗ
1289 1789 1460 1845 ταῦτα
1482 1809 1725 1863 προεφη-

138 1872 342 1943 τεύθη,
379 1875 682 1942 ἀπόδειξον.

217 1965 428 2032 Κάγώ·
467 1967 550 2030 Ὡς
574 1967 773 2037 βούλει,
807 1963 850 2021 ὦ
883 1969 1135 2041 Τρύφων,
1169 1972 1462 2042 ἐλεύσομαι
1496 1976 1632 2049 πρὸς
1662 1975 1728 2040 ἃς

143 2056 335 2126 βούλει
391 2058 591 2122 ταύτας
634 2060 933 2125 ἀποδείξεις
985 2065 1044 2116 ὲν
1088 2063 1165 2134 τῷ
1213 2066 1507 2137 ἁρμόξοντι
1541 2067 1724 2138 τόπῳ,

139 2151 321 2220 ἔφην’
357 2151 426 2204 τὰ
470 2153 563 2205 νῦν
607 2154 662 2207 δὲ
709 2159 1084 2229 συγχωρήσεις
1120 2178 1212 2230 μοι
1245 2161 1458 2232 πρῶτον
1492 2165 1727 2236 ἐπιμνη-

142 2241 348 2312 σθῆναι
383 2237 564 2317 ὦνπερ
613 2246 870 2318 βούλομαι
919 2251 1426 2328 προφητειῶν,-είς
1473 2254 1728 2321 ἐπίδειξιν

138 2336 228 2387 ὅτι
265 2337 363 2388 καὶ
396 2336 528 2402 Θεὸς
560 2339 653 2391 καὶ
699 2339 902 2412 Κύριος
942 2342 1048 2395 τῶν
1093 2345 1376 2415 δυνάμεων
1420 2349 1450 2400 ό
1492 2349 1728 2420 Χριστὸς

143 2429 244 2478 καὶ
308 2427 502 2480 Ἰακὼὸ
547 2430 789 2486 καλεῖται
837 2435 894 2485 ὲν
942 2435 1224 2508 παραϐολῇ
1272 2437 1377 2491 ὑπὸ
1427 2440 1518 2493 τοῦ
1566 2441 1726 2510 ἁγίου

148 2519 473 2589 Πνεύματος
493 2539 506 2550 ’
537 2523 627 2576 καὶ
652 2525 699 2575 οἱ
724 2528 855 2597 παρ’
882 2526 1010 2596 ὑμῖν
1042 2527 1328 2600 ἐξηγηταὶ,
1349 2530 1424 2594 ὡς
1448 2530 1579 2597 Θεὸς

145 2612 372 2684 ἀνόητοί
402 2615 527 2678 είσι,
555 2615 629 2686 μὴ
662 2617 742 2679 είς
773 2618 862 2670 τὸν
896 2617 1127 2691 Χριστὸν
1160 2621 1410 2694 εἰρῆσθαι
1449 2621 1723 2693 λέγοντες,

143 2705 266 2758 ἀλλ’
315 2707 395 2769 είς
439 2707 754 2778 Σολομῶνα,
806 2712 894 2763 ὅτε
940 2713 1190 2785 εἰσέφερε
1238 2715 1337 2786 τὴν
1384 2716 1588 2788 σκηνὴν
1632 2717 1723 2772 τοῦ

150 2797 458 2868 μαρτυρίου
490 2802 567 2862 εἰς
596 2801 686 2853 τὸν
710 2803 836 2856 ναὸν
859 2803 916 2857 ὃν
940 2803 1306 2878 ᾠκοδόμησεν.
1336 2808 1489 2862 Ἔστι
1513 2809 1569 2862 δὲ
1591 2809 1728 2879 ψαλ-

148 2887 254 2955 μὺς
301 2888 588 2942 τοῦΔαΰίδ
635 2887 818 2956 οὗτος·
876 2914 894 2945 ι
949 2896 1056 2950 Τοῦ
1104 2899 1308 2971 Κυρίου
1351 2901 1384 2972 ἡ
1425 2901 1496 2973 γῆ
1542 2902 1726 2956 καὶτὸ

145 2979 424 3050 πλήρωμα
457 2981 644 3052 αὐτῆς,
694 2986 726 3055 ὴ
767 2987 1061 3059 οἰκουμένη
1102 2991 1195 3042 καὶ
1221 2992 1419 3056 πάντες
1456 2993 1504 3047 oi
1545 3011 1726 3048 κατοι-

148 3072 372 3136 κωῦντες
408 3077 465 3126 ἐν
498 3076 654 3146 αὐτῇ.
690 3078 860 3141 Αὐτὸς
904 3081 996 3132 ἐπὶ
1043 3079 1322 3134 θαλασσῶν
1365 3083 1727 3156 ὲθεμελίωσσν

1837 582 2114 651 culpatum
2149 583 2456 649 declarant,
2487 581 2670 640 Jesum
2699 586 3002 651 Christum,
3031 585 3403 659 blasphemias

1831 692 1944 730 non
1974 679 2280 742 evomatis;
2326 680 2418 734 sed
2454 679 2507 733 in
2546 695 2671 734 eum
2711 681 3019 748 credentes,
3064 684 3294 739 salutem
3349 689 3389 740 it

1833 773 2079 825 secundo
2119 771 2236 839 ejus
2275 773 2536 838 adventu,
2586 775 2678 842 qui
2734 775 3009 845 gloriosus
3041 775 3260 832 futurus
3295 794 3382 834 est

1831 864 2268 932 consequamini,
2297 879 2364 920 ac
2394 874 2599 921 aiterno
2632 869 2754 938 igne
2793 869 2862 923 ab
2912 883 2979 923 eo
3028 883 3135 923 non
3173 871 3396 928 damne-

1835 969 1992 1009 ηιιηι.

1900 1133 1986 1190 56.
2023 1134 2222 1189 Probat
2241 1136 2509 1191 Christum
2538 1139 2819 1196 Dominum
2853 1147 3102 1202 virtutum
3129 1155 3405 1210 vocari.—

1831 1225 1972 1280 Tum
2003 1227 2223 1300 Trypho
2264 1251 2276 1286 :
2314 1229 2437 1286 Sitit
2463 1232 2628 1286 etiam
2664 1235 2764 1289 ista
2805 1249 2864 1291 ut
2891 1241 3056 1306 dicis;
3105 1242 3192 1299 fac
3237 1245 3399 1300 Chri-

1830 1328 1973 1375 stum
1999 1320 2234 1391 lapidem
2260 1333 2512 1378 vocatum
2537 1325 2735 1394 fuisse;
2777 1329 2864 1384 fac
2911 1334 3226 1402 pradictum
3281 1352 3403 1392 esse

1834 1426 1960 1467 eum
2007 1413 2323 1482 passibilem
2371 1416 2639 1482 futurum,
2675 1435 2730 1474 et
2785 1433 2908 1490 post
2944 1426 3178 1493 primum
3231 1429 3404 1499 ipsius

1829 1503 2146 1572 adventum,
2173 1507 2225 1561 in
2253 1523 2362 1577 quo
2382 1512 2691 1579 passibilcm
2717 1524 3002 1569 venturmn
3026 1521 3242 1574 oracula
3264 1538 3401 1586 pra-

1831 1599 2233 1669 nuntiaverant,
2262 1603 2497 1673 gloriose
2525 1608 2857 1676 rediturum,
2893 1626 2954 1663 ac
2978 1610 3216 1679 jndicem
3248 1618 3403 1670 dein-

1831 1705 1961 1760 ceps
1987 1694 2253 1758 omnium,
2288 1705 2342 1750 et
2365 1707 2629 1752 aeternum
2658 1716 2836 1771 regem
2865 1719 2929 1757 ac
2952 1709 3291 1762 sacerdotem
3317 1710 3400 1762 l'u-

1833 1793 2036 1842 turum.
2073 1785 2266 1842 Utrum
2301 1799 2482 1846 autem
2515 1793 2617 1848 iste
2641 1795 2732 1860 sit,
2755 1795 2821 1849 de
2845 1811 2954 1866 quo
2991 1799 3104 1855 haec
3139 1802 3395 1871 praedicta

1757 1851 1799 1907 Β
1830 1885 1981 1941 sunt,
2006 1877 2340 1935 deuionstra.

1900 1967 1970 2021 At
1996 1983 2096 2038 ego
2125 1987 2140 2024 :
2176 1970 2246 2026 Ut
2273 1972 2470 2041 placet,
2500 1973 2743 2046 Trypho,
2778 1979 2998 2033 veniam
3046 1980 3099 2033 in
3154 1988 3400 2050 tempore

1829 2067 1888 2112 et
1915 2059 2036 2114 loco
2069 2062 2137 2115 ad
2183 2076 2299 2129 eas,
2344 2079 2477 2134 quas
2528 2069 2686 2136 petis,
2732 2073 3254 2145 demonstrationes;
3305 2082 3398 2134 sed

1830 2166 1974 2207 nunc
2006 2168 2106 2224 per
2134 2164 2187 2210 te
2228 2157 2359 2211 mihi
2399 2158 2560 2215 liceat
2609 2164 2760 2232 prius
2787 2181 3219 2226 commemorare
3262 2189 3400 2242 quas

1830 2243 1953 2300 volo
1978 2249 2332 2318 prophetias;
2359 2260 2418 2306 ut
2445 2251 2721 2311 Christum
2754 2263 3124 2320 demonstrem
3148 2275 3202 2320 et
3232 2267 3398 2323 Deum

1828 2344 1884 2390 et
1909 2336 2194 2393 Dominum
2229 2342 2492 2399 virtutum
2530 2356 2586 2400 et
2633 2347 2803 2405 Jacob
2836 2367 2933 2421 per
2986 2357 3398 2416 similitudinem

1829 2430 2014 2485 vocari
2041 2447 2070 2485 a
2101 2431 2309 2502 Spiritu
2345 2448 2573 2507 sancto;
2598 2454 2925 2516 vestrosque
2956 2451 3308 2522 interpretes,
3344 2464 3402 2512 ut

1829 2520 2219 2596 Detisclamat,
2257 2530 2577 2600 insipientes
2607 2549 2731 2589 esse
2761 2537 2827 2604 “,
2855 2541 2945 2608 qui
2990 2520 3119 2597 haec
3147 2547 3200 2600 in
3241 2550 3399 2603 Chri-

1830 2605 2146 2671 stulti-dicta
2179 2634 2284 2673 non
2306 2637 2424 2675 esse
2452 2629 2804 2697 contendant,
2832 2634 2924 2684 sed
2950 2633 3001 2685 in
3029 2632 3398 2704 Salomonem,

1830 2722 1953 2760 cum
1984 2710 2397 2765 tabernaculum
2427 2715 2724 2772 testimonii
2757 2721 2808 2774 in
2840 2724 3094 2793 templum
3118 2744 3146 2781 a
3179 2744 3238 2784 se
3266 2736 3400 2786 ardia

1829 2798 2050 2854 licatnm
2079 2801 2326 2858 inferret.
2357 2805 2450 2860 Est
2485 2819 2666 2864 autem
2714 2813 2953 2881 psalmus
3001 2816 3224 2875 liavidis
3254 2823 3356 2877 istc
3383 2842 3396 2880 :

1833 2910 1852 2942 ε
1888 2892 2098 2947 Domini
2138 2905 2223 2949 est
2256 2907 2401 2951 terra
2434 2910 2489 2954 et
2523 2902 2804 2970 plenitudo
2827 2906 2966 2975 ejus,
3027 2912 3176 2966 orbis
3219 2923 3401 2970 terra-

1830 2999 1974 3050 rum,
2007 2997 2062 3040 et
2093 2989 2341 3044 universi
2362 2993 2454 3061 qui
2485 2993 2735 3050 habitant
2759 2998 2812 3052 in
2839 3015 2924 3054 eo.
2954 3003 3069 3072 Ipse
3101 3021 3264 3076 super
3287 3026 3402 3063 tua-

1828 3075 1910 3130 ria
1938 3078 2182 3151 fundavit
2203 3097 2348 3148 eum,
2373 3094 2427 3139 et
2449 3101 2613 3155 super
2635 3087 2856 3147 ﬂumina
2891 3075 3220 3166 praeparavit
3248 3117 3398 3162 enm.

145 3164 338 3234 αὐτὴν,
376 3168 470 3218 καὶ
504 3169 595 3220 ἐπὶ
631 3171 888 3240 ποταμῶν
921 3173 1214 3244 ἡτοίμασεν
1247 3175 1436 3248 αὑτήν.
1472 3178 1568 3242 Τίς
1603 3182 1726 3234 ἀναο

1830 3169 1963 3234 Qnis
1990 3174 2249 3229 ascendet
2281 3178 2332 3229 in
2365 3189 2603 3234 montem
2634 3183 2889 3240 Domini?
2933 3164 3024 3243 aut
3063 3194 3186 3261 quis
3233 3197 3403 3253 stabit

149 3259 378 3326 ϐήσεται
412 3261 490 3322 εἰς
524 3261 583 3312 τὸ
610 3261 732 3333 ὅρος
767 3263 859 3315 τοῦ
899 3265 1139 3335 Κυρίου;
1182 3267 1214 3338 ἢ
1253 3269 1336 3332 τίς
1370 3271 1624 3341 στήσεται
1670 3276 1727 3326 ὲν

147 3347 300 3415 τόπῳ
331 3349 472 3416 ἁγίῳ
517 3350 711 3416 αύτοῦς
775 3352 971 3416 Ἀθῶος
1016 3358 1192 3428 χερσὶ,
1235 3358 1329 3412 καὶ
1375 3359 1613 3434 καθαρὸς
1659 3366 1723 3434 τῇ

149 3438 349 3511 καρδίᾳ
373 3456 386 3469 ⁸
441 3441 500 3504 ὃς
525 3442 623 3494 οὐκ
644 3443 832 3497 ἔλαϐεν
855 3447 947 3499 ἐπὶ
976 3449 1190 3520 ματαίῳ
1214 3451 1311 3523 τὴν
1333 3451 1508 3525 ψυχὴν
1538 3456 1722 3519 αὐτοῦ,

149 3529 245 3580 καὶ
271 3529 371 3582 οὐκ
403 3528 612 3601 ὤμοσεν
649 3533 741 3586 ἐπὶ
769 3533 904 3606 δόλῳ
1073 3537 1297 3609 πλησίον
1342 3541 1503 3597 αὑτοῦ
1525 3557 1539 3572 ·
1575 3541 1726 3608 οὗτος

149 3619 377 3690 λήψεται
423 3623 670 3692 εὐλογίαν
717 3627 868 3697 παρὰ
919 3629 1159 3701 Κυρίου,
1217 3631 1311 3685 καὶ
1359 3633 1725 3709 ἐλεημοσύνην

155 3712 306 3781 παρὰ
332 3712 466 3766 Θεοῦ
501 3715 750 3788 Σωτῆρος
776 3719 961 3774 αὑτοῦ.
986 3719 1135 3791 Αὕτη
1167 3724 1199 3793 ἡ
1229 3725 1390 3792 γενεὰ
1420 3725 1726 3798 ζητούντων

150 3802 239 3854 τὸν
273 3803 495 3874 Κύριον,
533 3805 838 3880 ζητούντων
872 3811 931 3864 τὸ
977 3815 1267 3887 πρόσωπον
1305 3818 1396 3870 τοῦ
1438 3818 1572 3872 Θεοῦ
1625 3822 1726 3875 Ἰα-

151 3892 264 3946 κώδ
285 3895 628 3969 (55).Ἀρατε
646 3902 838 3969 πύλας,
873 3909 920 3958 οἱ
943 3906 1221 3979 ἄρχοντες,
1246 3911 1275 3962 ὑ
1284 3911 1420 3982 μῶν,
1449 3913 1543 3966 καὶ
1563 3915 1727 3988 ἐπάρ-

151 3986 279 4057 θητε
314 3989 477 4043 πύλαι
506 3991 732 4058 αίώνιοι,
770 3998 864 4049 καὶ
891 4000 1253 4054 εἰσελεύσεται
1285 4004 1314 4055 ό
1345 4003 1605 4069 Βασιλεὺς
1627 4007 1725 4078 τῆς

149 4079 322 4150 δόξης.
360 4081 454 4145 Τίς
478 4080 622 4136 ἐστιν
654 4081 807 4151 οὗτος
826 4091 855 4143 ό
879 4091 1141 4156 Βασιλεὺς
1181 4095 1276 4165 τῆς
1309 4096 1495 4168 δόξηςς
1522 4099 1724 4171 Κύριος

151 4173 406 4242 κραταιὸς
439 4175 532 4227 καὶ
577 4177 798 4242 δυνατὸς
846 4183 902 4233 ὲν
937 4182 1178 4254 πολέμῳ.
1220 4187 1422 4257 ’Ἄρατε
1459 4189 1651 4254 πύλας,
1675 4192 1722 4244 οί

150 4264 422 4335 ἄρχοντες,
444 4268 616 4338 ὑμῶν,
647 4271 743 4323 καὶ
761 4273 1036 4347 ὲπάρθητε
1069 4277 1232 4330 πύλαι
1252 4278 1477 4345 αἰώνιοι,
1495 4283 1588 4334 καὶ
1608 4286 1722 4335 εἰσ-

150 4358 420 4412 ελεύσεται
464 4364 492 4414 ὁ
534 4362 794 4428 Βασιλεὺς
825 4367 924 4436 τῆς
958 4369 1137 4440 δόξης.
1171 4372 1266 4435 Τίς
1309 4375 1457 4426 ἐστιν
1502 4372 1653 4440 οὗτος
1693 4378 1723 4428 ὁ

151 4451 403 4514 Βασιλεὺς
419 4453 515 4522 τῆς
532 4454 687 4524 δόξης
705 4473 718 4519 ;
738 4457 818 4509 Κύ
830 4477 941 4531 ριος
957 4461 1060 4514 τῶν
1076 4462 1378 4534 δυνάμεων,
1397 4467 1557 4531 αύτός
1576 4471 1720 4521 ἐστιν

1831 3262 1883 3315 in
1915 3262 2035 3319 loco
2060 3276 2250 3322 sancto
2274 3267 2432 3335 ejus?
2477 3269 2744 3329 l‘nnocens
2787 3279 3039 3335 manibus
3094 3293 3147 3337 et
3200 3291 3405 3352 mundo

1829 3356 1996 3408 corde
2027 3371 2042 3413 ;
2076 3355 2166 3423 qui
2198 3374 2306 3412 non
2331 3363 2542 3430 accepit
2587 3364 2638 3417 in
2668 3380 2810 3420 vano
2837 3369 3074 3425 animam
3119 3388 3296 3441 suam,
3354 3389 3410 3435 et

1827 3459 1932 3499 non
1961 3447 2171 3516 juravit
2205 3451 2263 3507 in
2295 3451 2420 3506 dolo
2443 3456 2695 3521 proximo
2725 3473 2866 3513 suo:
2904 3462 2993 3516 hic
3034 3467 3264 3537 accipiet
3311 3472 3408 3526 be-

1830 3539 2194 3596 nedietionem
2229 3553 2259 3596 a
2295 3545 2544 3611 Domino,
2597 3555 2653 3602 et
2710 3551 3148 3612 misericordiam
3207 3574 3238 3614 a
3299 3564 3410 3618 Deo

1830 3629 2119 3689 Salvatore
2155 3651 2276 3691 suo.
2305 3637 2432 3694 llaec
2461 3650 2542 3696 est
2570 3646 2853 3714 generatio
2884 3650 3244 3715 quaerentium
3301 3656 3410 3710 Du-

1827 3724 2057 3792 minum,
2087 3732 2446 3797 querentium
2470 3731 2662 3790 faciem
2696 3737 2788 3792 Dei
2821 3738 3012 3796 Jacob.
3049 3741 3244 3799 Tollite
3280 3762 3407 3817 por-

1829 3825 1937 3883 tas,
1978 3821 2274 3891 principes,
2311 3824 2470 3897 134
2498 3838 2731 3896 vestras,
2783 3841 2836 3885 et
2889 3833 3202 3902 elevamini,
3241 3849 3410 3905 porta.-

1825 3912 2127 3975 aaternales,
2154 3925 2209 3968 et
2232 3915 2481 3972 introibit
2508 3920 2619 3975 Rex
2646 3924 2854 3993 glorizc.
2883 3923 3015 3991 Quis
3037 3938 3120 3981 est
3150 3931 3256 3982 iste
3288 3928 3404 3983 Rex

1827 4002 2050 4072 gloriae?
2080 4005 2345 4065 Dominus
2371 4011 2528 4066 fortis
2558 4025 2611 4067 et
2641 4027 2837 4085 potens
2869 4018 2922 4070 in
2957 4018 3166 4088 praelio.
3204 4020 3407 4075 Tollite.

1825 4106 2032 4165 portas,
2056 4101 2348 4170 principes,
2379 4114 2605 4171 vestras,
2628 4120 2682 4161 et
2711 4110 3021 4178 elevamini,
3047 4124 3216 4182 porlze
3249 4123 3406 4167 :eter-

1825 4189 2017 4244 nales:
2053 4202 2109 4246 et
2142 4194 2388 4251 introibit
2439 4197 2553 4254 Rex
2601 4200 2804 4269 gloriae.
2860 4203 2994 4269 Quis
3020 4216 3106 4258 est
3143 4206 3243 4258 iste
3288 4205 3403 4259 Rex

1825 4282 2058 4351 glorim?
2089 4285 2356 4344 Dominus
2380 4292 2662 4362 virtutum,
2687 4295 2800 4365 ipse
2825 4308 2904 4359 est
2942 4297 3048 4350 Rex
3077 4299 3267 4369 gloria:
3300 4301 3396 4353 “.a

1827 4375 2112 4431 Dominum
2145 4394 2276 4450 ergo
2306 4384 2565 4439 virtutum
2598 4386 2946 4443 Salomonem
2986 4403 3090 4446 non
3146 4406 3268 4446 esse
3303 4393 3399 4446 de-

1827 4474 2123 4524 monstravi
2163 4474 2240 4537 ";
2277 4477 2370 4527 sed
2403 4493 2523 4530 cum
2559 4478 2811 4535 Christus
2844 4492 3030 4536 noster
3069 4499 3134 4537 ex
3169 4486 3398 4540 mortuis

148 4543 176 4593 ὁ
205 4542 462 4606 Βασιλεὺς
495 4546 588 4614 τῆς
621 4546 796 4617 δόξης.
830 4569 845 4599 ι
873 4549 1073 4622 Κύριος
1107 4549 1198 4606 οὖν
1221 4554 1325 4607 τῶν
1346 4556 1623 4628 δυνάμεων
1642 4560 1722 4612 ὅτι

1833 4565 2244 4632 resurrexisset,
2275 4576 2331 4621 et
2369 4569 2419 4622 in
2447 4571 2644 4626 caelum
2677 4577 3024 4642 ascenderet,
3053 4577 3314 4646 jubenlur
3345 4580 3396 4634 in

148 4637 245 4688 οὐκ
272 4637 417 4688 ἐστιν
445 4640 473 4689 ό
501 4637 773 4710 Σολομὼν,
798 4645 1203 4708 ἀποδέδεικται·
1231 4648 1364 4702 ἀλλὰ
1396 4651 1423 4701 ὁ
1458 4651 1725 4722 ἡμέτερος

150 4730 373 4800 Χριστὸς
405 4733 494 4783 ὅτε
532 4735 593 4783 ἐκ
626 4733 832 4802 νεκρῶν
858 4736 1056 4808 ἀνέστη
1092 4740 1186 4791 καὶ
1218 4741 1496 4794 ἀνέϐαινεν
1528 4747 1609 4806 εἰς
1631 4744 1722 4798 τὸν

149 4822 385 4892 οὐρανὸν,
423 4822 730 4878 κελεύονται
780 4829 826 4880 οἱ
877 4830 934 4880 ἐν
980 4833 1090 4893 τοῖς
1137 4831 1384 4901 οὐρανοῖς
1430 4833 1718 4904 ταχθέντες

149 4915 248 4966 ὑπὸ
279 4914 367 4966 τοῦ
394 4914 528 4968 Θεοῦ
560 4916 836 4988 ἄρχοντες,
861 4920 1066 4985 ἀνοῖξαι
1097 4923 1193 4984 τὰς
1223 4923 1392 4987 πύλας
1425 4926 1528 4978 τῶν
1563 4928 1722 5000 ούρα-

1828 4656 1983 4709 coelis
2010 4659 2248 4730 ordinati
2285 4677 2313 4714 a
2347 4663 2456 4717 Deo
2489 4667 2763 4734 principi-3
2812 4671 3026 4736 aperire
3065 4681 3253 4738 portas
3285 4686 3400 4726 cae-

1828 4746 2030 4812 lorum,
2065 4757 2123 4802 ut
2157 4752 2323 4807 intret
2356 4757 2458 4809 iste
2490 4756 2600 4811 Rex
2635 4760 2842 4828 gloriae,
2883 4772 2936 4814 et
2981 4765 3282 4816 ascendens
3316 4780 3397 4818 se-

1828 4841 1952 4894 deat
1984 4842 2050 4894 ad
2081 4842 2327 4898 dextram
2359 4839 2564 4912 Patris,
2592 4853 2762 4905 donec
2803 4864 2966 4920 ponat
2995 4854 3246 4909 inimicus
3277 4861 3398 4910 sca-

1827 4932 2027 4986 bellum
2055 4936 2261 5003 pedum
2294 4939 2433 5008 ejus.
2465 4943 2924 5010 quemadmodum
2955 4961 3018 5001 ex
3045 4945 3150 5000 alio
3189 4946 3399 5017 psalmo

220 5071 260 5101 "
297 5069 407 5124 Jcr.
441 5086 513 5135 tv,
542 5071 631 5125 22.
718 5075 756 5103 "
801 5074 941 5129 Psal.
980 5073 1241 5146 xxnl‘pcr
1279 5089 1466 5134 totum.
1550 5083 1591 5113 "
1635 5101 1688 5136 n.
1723 5084 1813 5140 54.

154 5229 301 5281 modo
353 5228 592 5281 animum
650 5241 754 5284 non
802 5234 1216 5299 despondemus,
1270 5238 1360 5288 scd
1397 5240 1560 5290 etiam
1597 5250 1707 5292 tor-

155 5310 320 5352 menta
348 5299 420 5351 ita
455 5309 768 5375 constanter
799 5304 1144 5375 perferimus.
1177 5317 1233 5357 ut
1264 5321 1360 5372 pro
1386 5309 1514 5375 ipsis
1541 5312 1702 5361 etiam

154 5370 578 5439 persecutoribus
611 5387 917 5437 precemur.
966 5373 1116 5428 Hanc
1155 5370 1278 5430 esse
1331 5370 1530 5432 JnStini
1584 5397 1708 5431 sen-

157 5443 386 5521 tentiam.
404 5442 730 5521 perspicitur
753 5460 820 5497 ex
844 5443 999 5521 Apol.
1036 5461 1251 5521 t,_num.
1286 5449 1377 5512 57,
1407 5459 1460 5502 et
1488 5450 1700 5521 Dialog.

156 5527 292 5564 num.
323 5511 408 5569 96,
447 5523 498 5561 et
531 5513 650 5567 aliis
681 5512 946 5580 ejusmodi
988 5517 1140 5570 locis.

217 5580 322 5653 (54)
366 5581 478 5635 Καὶ
529 5584 697 5650 ,λίθος
746 5583 1049 5652 κέκληται.
1083 5588 1196 5641 Non
1253 5590 1411 5645 video
1460 5607 1557 5644 cur
1589 5593 1703 5653 inec

154 5653 322 5715 verba,
360 5670 490 5728 qua:
521 5656 899 5728 superioribus
941 5655 1139 5728 .lnstini
1190 5660 1351 5714 dictis
1409 5677 1555 5715 nnm.
1593 5663 1662 5715 54
1687 5706 1702 5728 ,

158 5725 491 5800 respondent,
520 5726 662 5800 hunc
694 5725 955 5800 in__locum
989 5727 1068 5782 Cl.
1108 5728 1386 5785 'l‘hirlbins
1418 5725 1706 5800 irrepsisse

158 5794 816 5869 putet._Commodiusilla
849 5800 1070 5865 quidem
1102 5811 1434 5869 ponerentur
1459 5794 1585 5856 ante
1609 5805 1705 5863 καὶ

161 5862 374 5935 παθητὸς
398 5865 798 5937 προεφητεύθη,
849 5862 1012 5936 idque
1053 5862 1114 5923 in'
1149 5872 1551 5940 interpretando
1584 5862 1702 5929 sum

374 5961 645 6024 PATROL.
690 5965 808 6024 Gtt.
850 5966 954 6027 Vl.

1815 5254 2054 5326 secutus.
2095 5247 2200 5301 Sed
2233 5266 2379 5318 saepe
2424 5252 2475 5326 in
2509 5253 2611 5308 hoc
2651 5254 2872 5326 Dia/ago
2922 5261 3392 5314 aceuratissimam

1819 5316 2108 5370 verbm-nm
2147 5316 2619 5394 (tonstruuionem
2652 5316 2875 5394 negligit
2907 5329 3172 5392 Justinus,
3207 5343 3264 5382 nt
3295 5350 3392 5382 su-

1818 5402 1909 5466 pra
1946 5401 2070 5468 pag.
2103 5392 2221 5468 lli-5,
2275 5393 2326 5444 in
2372 5396 2456 5468 his
2489 5398 2669 5468 veri-is
2699 5392 2840 5468 τ’Μὴ
2892 5399 3110 5452 ἐναντία
3153 5400 3392 5468 ὁρώσαις

1815 5455 2041 5541 ὡσανεὶ
2057 5470 2110 5541 et
2129 5462 2277 5541 intra
2311 5481 2364 5516 n.
2389 5463 2458 5515 45
2483 5482 2494 5516 :
2522 5467 2677 5519 Κατὰ
2699 5468 2795 5538 τὴν
2814 5455 2906 5522 τοῦ
2937 5471 3143 5541 Πατρὸς
3176 5455 3393 5541 βουλήν,

1813 5537 1868 5578 et
1894 5544 1947 5580 n.
1973 5528 2042 5582 86
2067 5532 2242 5584 initio.

1887 5599 1997 5670 (55)
2033 5601 2100 5678 Td
2126 5603 2448 5668 πρόσωπον
2469 5608 2573 5660 τοῦ
2604 5609 2751 5662 Θεοῦ
2796 5611 3018 5667 Ἰακώϐ.
3040 5612 3192 5678 Quod
3229 5610 3394 5666 Justi-

1813 5684 1914 5753 nus
1955 5675 2114 5753 paulo
2134 5686 2268 5753 ante
2299 5678 2459 5739 dixit,
2493 5679 2585 5730 καὶ
2622 5679 2815 5753 Ἰακὼϐ
2850 5675 3092 5734 καλεῖταί
3128 5684 3185 5734 ὲν
3213 5699 3393 5753 παραέ

1813 5738 1968 5819 ϐολῇ,
2008 5743 2068 5819 ἱςΙ¹
2099 5745 2310 5819 videtur
2370 5738 2624 5819 suadere,
2672 5751 2958 5806 Justinnm
3017 5738 3309 5819 scripsisse
3337 5752 3394 5804 τὺ

1813 5812 2104 5867 πρόσωπόν
2141 5831 2234 5867 σου
2284 5816 2495 5871 Ἰακώὸ.
2533 5818 2915 5876 Tntntmus.—-
2939 5821 3072 5876 Vide
3101 5812 3395 5879 Nobilium.

3041 5985 3114 6043 18
