  <div class='ocr_page' id='page_1' title='image "/cluster/home/n/w/nwhite01/storage/ocr_20150623/6/pst.000005711826/285.png"; bbox 0 0 4108 6408; ppageno 0'>
   <div class='ocr_carea' id='block_1_1' title="bbox 746 360 853 419">
    <p class='ocr_par' dir='ltr' id='par_1_1' title="bbox 746 360 853 419">
     <span class='ocr_line' id='line_1_1' title="bbox 746 360 853 419; baseline -0.037 0"><span class='ocrx_word' id='word_1_1' title='bbox 746 360 853 419; x_wconf 77' lang='lat'><strong>555</strong></span> 
     </span>
    </p>
   </div>
   <div class='ocr_carea' id='block_1_2' title="bbox 1610 359 2932 420">
    <p class='ocr_par' dir='ltr' id='par_1_2' title="bbox 1610 359 2932 420">
     <span class='ocr_line' id='line_1_2' title="bbox 1610 359 2932 420; baseline 0.002 -3"><span class='ocrx_word' id='word_1_2' title='bbox 1610 360 1668 419; x_wconf 87' lang='lat' dir='ltr'><strong>S.</strong></span> <span class='ocrx_word' id='word_1_3' title='bbox 1704 359 1968 418; x_wconf 75' lang='lat' dir='ltr'><strong>JUSTINI</strong></span> <span class='ocrx_word' id='word_1_4' title='bbox 2001 361 2408 418; x_wconf 83' lang='lat' dir='ltr'><strong>PlllLOSOPlll</strong></span> <span class='ocrx_word' id='word_1_5' title='bbox 2447 363 2534 418; x_wconf 82' lang='grc' dir='ltr'><strong>ΕΤ</strong></span> <span class='ocrx_word' id='word_1_6' title='bbox 2571 362 2932 420; x_wconf 76' lang='lat' dir='ltr'><strong>MARTYRIS</strong></span> 
     </span>
    </p>
   </div>
   <div class='ocr_carea' id='block_1_3' title="bbox 3901 365 4003 422">
    <p class='ocr_par' dir='ltr' id='par_1_3' title="bbox 3901 365 4003 422">
     <span class='ocr_line' id='line_1_3' title="bbox 3901 365 4003 422; baseline -0.01 0"><span class='ocrx_word' id='word_1_7' title='bbox 3901 365 4003 422; x_wconf 71' lang='lat'><strong>556</strong></span> 
     </span>
    </p>
   </div>
   <div class='ocr_carea' id='block_1_4' title="bbox 743 475 2312 571">
    <p class='ocr_par' dir='ltr' id='par_1_4' title="bbox 743 496 2312 571">
     <span class='ocr_line' id='line_1_4' title="bbox 743 496 2312 571; baseline 0.001 -18"><span class='ocrx_word' id='word_1_8' title='bbox 743 499 1086 553; x_wconf 74' lang='lat' dir='ltr'><strong>ostendimus</strong></span> <span class='ocrx_word' id='word_1_9' title='bbox 1137 498 1202 554; x_wconf 81' lang='grc'><strong>⁸³.</strong></span> <span class='ocrx_word' id='word_1_10' title='bbox 1251 496 1381 552; x_wconf 79' lang='lat' dir='ltr'><strong>Nam</strong></span> <span class='ocrx_word' id='word_1_11' title='bbox 1415 513 1537 552; x_wconf 89' lang='lat' dir='ltr'><strong>cum</strong></span> <span class='ocrx_word' id='word_1_12' title='bbox 1594 498 1721 553; x_wconf 71' lang='grc' dir='ltr'>εωΙὶ</span> <span class='ocrx_word' id='word_1_13' title='bbox 1771 500 2048 571; x_wconf 84' lang='lat' dir='ltr'><strong>principes</strong></span> <span class='ocrx_word' id='word_1_14' title='bbox 2104 500 2312 556; x_wconf 82' lang='lat' dir='ltr'><strong>informi</strong></span> 
     </span>
    </p>
   </div>
   <div class='ocr_carea' id='block_1_5' title="bbox 2416 475 4001 571">
    <p class='ocr_par' dir='ltr' id='par_1_5' title="bbox 2429 475 4001 554">
     <span class='ocr_line' id='line_1_5' title="bbox 2429 475 4001 554; baseline 0.003 -21"><span class='ocrx_word' id='word_1_15' title='bbox 2429 480 2554 543; x_wconf 83' lang='grc' dir='ltr'>νῶν,</span> <span class='ocrx_word' id='word_1_16' title='bbox 2589 481 2677 535; x_wconf 87' lang='grc' dir='ltr'><strong>ἴνα</strong></span> <span class='ocrx_word' id='word_1_17' title='bbox 2708 480 2926 554; x_wconf 72' lang='grc' dir='ltr'>εἰσέλθῃ</span> <span class='ocrx_word' id='word_1_18' title='bbox 2958 475 3111 546; x_wconf 76' lang='grc' dir='ltr'>οὗτος</span> <span class='ocrx_word' id='word_1_19' title='bbox 3141 481 3200 545; x_wconf 82' lang='grc' dir='ltr'><strong>δς</strong></span> <span class='ocrx_word' id='word_1_20' title='bbox 3227 482 3342 535; x_wconf 78' lang='grc' dir='ltr'>ἐστι</span> <span class='ocrx_word' id='word_1_21' title='bbox 3385 480 3644 544; x_wconf 68' lang='grc' dir='ltr'>Βασιλεὺς</span> <span class='ocrx_word' id='word_1_22' title='bbox 3689 482 3789 551; x_wconf 81' lang='grc' dir='ltr'>τῆς</span> <span class='ocrx_word' id='word_1_23' title='bbox 3824 480 4001 553; x_wconf 77' lang='grc' dir='ltr'>δόξης,</span> 
     </span>
    </p>
   </div>
   <div class='ocr_carea' id='block_1_6' title="bbox 743 590 2321 661">
    <p class='ocr_par' dir='ltr' id='par_1_6' title="bbox 743 590 2321 661">
     <span class='ocr_line' id='line_1_6' title="bbox 743 590 2321 661; baseline 0.002 -16"><span class='ocrx_word' id='word_1_24' title='bbox 743 607 866 645; x_wconf 89' lang='lat' dir='ltr'><strong>eum</strong></span> <span class='ocrx_word' id='word_1_25' title='bbox 918 602 974 645; x_wconf 90' lang='lat' dir='ltr'><strong>et</strong></span> <span class='ocrx_word' id='word_1_26' title='bbox 1039 591 1267 661; x_wconf 81' lang='lat' dir='ltr'><strong>ingloria</strong></span> <span class='ocrx_word' id='word_1_27' title='bbox 1323 600 1379 644; x_wconf 91' lang='lat' dir='ltr'><strong>et</strong></span> <span class='ocrx_word' id='word_1_28' title='bbox 1434 590 1617 643; x_wconf 84' lang='lat' dir='ltr'><strong>humili</strong></span> <span class='ocrx_word' id='word_1_29' title='bbox 1677 592 1856 659; x_wconf 86' lang='lat' dir='ltr'><strong>specie</strong></span> <span class='ocrx_word' id='word_1_30' title='bbox 1903 593 2173 657; x_wconf 85' lang='lat' dir='ltr'><strong>viderent,</strong></span> <span class='ocrx_word' id='word_1_31' title='bbox 2222 608 2321 648; x_wconf 92' lang='lat' dir='ltr'><strong>nec</strong></span> 
     </span>
    </p>
   </div>
   <div class='ocr_carea' id='block_1_7' title="bbox 744 682 2321 752">
    <p class='ocr_par' dir='ltr' id='par_1_7' title="bbox 744 682 2321 752">
     <span class='ocr_line' id='line_1_7' title="bbox 744 682 2321 752; baseline 0.001 -16"><span class='ocrx_word' id='word_1_32' title='bbox 744 700 869 737; x_wconf 88' lang='lat' dir='ltr'><strong>cum</strong></span> <span class='ocrx_word' id='word_1_33' title='bbox 903 692 1319 752; x_wconf 85' lang='lat' dir='ltr'><strong>cognoscerent.</strong></span> <span class='ocrx_word' id='word_1_34' title='bbox 1356 682 1425 734; x_wconf 89' lang='lat' dir='ltr'><strong>ita</strong></span> <span class='ocrx_word' id='word_1_35' title='bbox 1470 684 1972 750; x_wconf 85' lang='lat' dir='ltr'><strong>percontabantur:</strong></span> <span class='ocrx_word' id='word_1_36' title='bbox 2019 703 2037 735; x_wconf 74' lang='grc' dir='ltr'><strong>ι</strong></span> <span class='ocrx_word' id='word_1_37' title='bbox 2074 684 2205 751; x_wconf 83' lang='lat' dir='ltr'><strong>Quis</strong></span> <span class='ocrx_word' id='word_1_38' title='bbox 2236 694 2321 739; x_wconf 91' lang='lat' dir='ltr'><strong>est</strong></span> 
     </span>
    </p>
   </div>
   <div class='ocr_carea' id='block_1_8' title="bbox 745 775 2321 847">
    <p class='ocr_par' dir='ltr' id='par_1_8' title="bbox 745 775 2321 847">
     <span class='ocr_line' id='line_1_8' title="bbox 745 775 2321 847; baseline -0.002 -13"><span class='ocrx_word' id='word_1_39' title='bbox 745 781 849 835; x_wconf 88' lang='lat' dir='ltr'><strong>iste</strong></span> <span class='ocrx_word' id='word_1_40' title='bbox 884 779 995 832; x_wconf 62' lang='lat' dir='ltr'><strong>iter</strong></span> <span class='ocrx_word' id='word_1_41' title='bbox 1024 776 1245 845; x_wconf 73' lang='lat' dir='ltr'><strong>gloriae?</strong></span> <span class='ocrx_word' id='word_1_42' title='bbox 1285 796 1302 828; x_wconf 72' lang='grc' dir='ltr'><strong>ι</strong></span> <span class='ocrx_word' id='word_1_43' title='bbox 1334 776 1397 830; x_wconf 84' lang='lat' dir='ltr'><strong>Et</strong></span> <span class='ocrx_word' id='word_1_44' title='bbox 1429 777 1719 844; x_wconf 84' lang='lat' dir='ltr'><strong>respondet</strong></span> <span class='ocrx_word' id='word_1_45' title='bbox 1769 778 1851 832; x_wconf 90' lang='lat' dir='ltr'><strong>eis</strong></span> <span class='ocrx_word' id='word_1_46' title='bbox 1903 775 2141 847; x_wconf 86' lang='lat' dir='ltr'><strong>Spiritus</strong></span> <span class='ocrx_word' id='word_1_47' title='bbox 2193 793 2321 831; x_wconf 83' lang='lat' dir='ltr'><strong>san-</strong></span> 
     </span>
    </p>
   </div>
   <div class='ocr_carea' id='block_1_9' title="bbox 741 866 2319 936">
    <p class='ocr_par' dir='ltr' id='par_1_9' title="bbox 741 866 2319 936">
     <span class='ocr_line' id='line_1_9' title="bbox 741 866 2319 936; baseline 0.002 -15"><span class='ocrx_word' id='word_1_48' title='bbox 741 880 863 923; x_wconf 88' lang='lat' dir='ltr'><strong>ctus</strong></span> <span class='ocrx_word' id='word_1_49' title='bbox 892 879 985 921; x_wconf 85' lang='lat' dir='ltr'><strong>aut</strong></span> <span class='ocrx_word' id='word_1_50' title='bbox 1021 866 1199 921; x_wconf 85' lang='lat' dir='ltr'><strong>Patris</strong></span> <span class='ocrx_word' id='word_1_51' title='bbox 1236 876 1325 921; x_wconf 88' lang='lat' dir='ltr'><strong>aut</strong></span> <span class='ocrx_word' id='word_1_52' title='bbox 1360 882 1457 921; x_wconf 91' lang='lat' dir='ltr'><strong>suo</strong></span> <span class='ocrx_word' id='word_1_53' title='bbox 1490 868 1658 936; x_wconf 84' lang='lat' dir='ltr'><strong>ipsius</strong></span> <span class='ocrx_word' id='word_1_54' title='bbox 1690 868 1911 922; x_wconf 85' lang='lat' dir='ltr'><strong>nomine</strong></span> <span class='ocrx_word' id='word_1_55' title='bbox 1946 887 1958 923; x_wconf 92' lang='lat'>:</span> <span class='ocrx_word' id='word_1_56' title='bbox 1994 887 2014 921; x_wconf 78' lang='grc' dir='ltr'><strong>ι</strong></span> <span class='ocrx_word' id='word_1_57' title='bbox 2055 868 2319 924; x_wconf 84' lang='lat' dir='ltr'><strong>Dominus</strong></span> 
     </span>
    </p>
   </div>
   <div class='ocr_carea' id='block_1_10' title="bbox 740 960 2319 1031">
    <p class='ocr_par' dir='ltr' id='par_1_10' title="bbox 740 960 2319 1031">
     <span class='ocr_line' id='line_1_10' title="bbox 740 960 2319 1031; baseline -0.001 -14"><span class='ocrx_word' id='word_1_58' title='bbox 740 962 1002 1017; x_wconf 90' lang='lat' dir='ltr'><strong>virtutum</strong></span> <span class='ocrx_word' id='word_1_59' title='bbox 1026 962 1128 1015; x_wconf 89' lang='lat' dir='ltr'><strong>iste</strong></span> <span class='ocrx_word' id='word_1_60' title='bbox 1149 961 1263 1028; x_wconf 90' lang='lat' dir='ltr'><strong>ipse</strong></span> <span class='ocrx_word' id='word_1_61' title='bbox 1289 971 1370 1014; x_wconf 85' lang='lat' dir='ltr'><strong>est</strong></span> <span class='ocrx_word' id='word_1_62' title='bbox 1403 960 1513 1016; x_wconf 82' lang='lat' dir='ltr'><strong>Res</strong></span> <span class='ocrx_word' id='word_1_63' title='bbox 1545 962 1750 1031; x_wconf 57' lang='lat' dir='ltr'><strong>glorias.</strong></span> <span class='ocrx_word' id='word_1_64' title='bbox 1775 980 1792 1013; x_wconf 72' lang='grc' dir='ltr'><strong>ι</strong></span> <span class='ocrx_word' id='word_1_65' title='bbox 1826 962 1959 1017; x_wconf 83' lang='lat' dir='ltr'><strong>Nam</strong></span> <span class='ocrx_word' id='word_1_66' title='bbox 1992 978 2089 1018; x_wconf 92' lang='lat' dir='ltr'><strong>nec</strong></span> <span class='ocrx_word' id='word_1_67' title='bbox 2117 966 2184 1018; x_wconf 93' lang='lat' dir='ltr'><strong>de</strong></span> <span class='ocrx_word' id='word_1_68' title='bbox 2221 960 2319 1017; x_wconf 82' lang='lat' dir='ltr'><strong>Sa-</strong></span> 
     </span>
    </p>
   </div>
   <div class='ocr_carea' id='block_1_11' title="bbox 740 1053 2318 1125">
    <p class='ocr_par' dir='ltr' id='par_1_11' title="bbox 740 1053 2318 1125">
     <span class='ocr_line' id='line_1_11' title="bbox 740 1053 2318 1125; baseline 0.003 -16"><span class='ocrx_word' id='word_1_69' title='bbox 740 1057 982 1121; x_wconf 88' lang='lat' dir='ltr'><strong>lomone,</strong></span> <span class='ocrx_word' id='word_1_70' title='bbox 1012 1053 1168 1124; x_wconf 84' lang='lat' dir='ltr'><strong>cujus</strong></span> <span class='ocrx_word' id='word_1_71' title='bbox 1206 1054 1342 1107; x_wconf 82' lang='lat' dir='ltr'><strong>adeo</strong></span> <span class='ocrx_word' id='word_1_72' title='bbox 1374 1055 1669 1123; x_wconf 88' lang='lat' dir='ltr'><strong>gloriosum</strong></span> <span class='ocrx_word' id='word_1_73' title='bbox 1703 1055 1916 1110; x_wconf 78' lang='lat' dir='ltr'><strong>exstitit</strong></span> <span class='ocrx_word' id='word_1_74' title='bbox 1947 1071 2193 1125; x_wconf 83' lang='lat' dir='ltr'><strong>regnum,</strong></span> <span class='ocrx_word' id='word_1_75' title='bbox 2220 1074 2318 1113; x_wconf 89' lang='lat' dir='ltr'><strong>nec</strong></span> 
     </span>
    </p>
   </div>
   <div class='ocr_carea' id='block_1_12' title="bbox 737 1146 2316 1219">
    <p class='ocr_par' dir='ltr' id='par_1_12' title="bbox 737 1146 2316 1219">
     <span class='ocr_line' id='line_1_12' title="bbox 737 1146 2316 1219; baseline 0.001 -16"><span class='ocrx_word' id='word_1_76' title='bbox 737 1149 807 1203; x_wconf 90' lang='lat' dir='ltr'><strong>de</strong></span> <span class='ocrx_word' id='word_1_77' title='bbox 834 1146 1189 1203; x_wconf 89' lang='lat' dir='ltr'><strong>tabernaculo</strong></span> <span class='ocrx_word' id='word_1_78' title='bbox 1228 1146 1528 1201; x_wconf 87' lang='lat' dir='ltr'><strong>testimonii</strong></span> <span class='ocrx_word' id='word_1_79' title='bbox 1587 1162 1916 1218; x_wconf 86' lang='lat' dir='ltr'><strong>quemquam</strong></span> <span class='ocrx_word' id='word_1_80' title='bbox 1972 1164 2187 1213; x_wconf 82' lang='lat' dir='ltr'><strong>eorum,</strong></span> <span class='ocrx_word' id='word_1_81' title='bbox 2224 1153 2316 1219; x_wconf 90' lang='lat' dir='ltr'><strong>qui</strong></span> 
     </span>
    </p>
   </div>
   <div class='ocr_carea' id='block_1_13' title="bbox 740 1236 2318 1309">
    <p class='ocr_par' dir='ltr' id='par_1_13' title="bbox 740 1236 2318 1309">
     <span class='ocr_line' id='line_1_13' title="bbox 740 1236 2318 1309; baseline 0 -14"><span class='ocrx_word' id='word_1_82' title='bbox 740 1241 808 1295; x_wconf 72' lang='lat' dir='ltr'><strong>ad</strong></span> <span class='ocrx_word' id='word_1_83' title='bbox 836 1249 1021 1309; x_wconf 82' lang='lat' dir='ltr'><strong>portas</strong></span> <span class='ocrx_word' id='word_1_84' title='bbox 1050 1236 1233 1306; x_wconf 86' lang='lat' dir='ltr'><strong>templi</strong></span> <span class='ocrx_word' id='word_1_85' title='bbox 1264 1236 1740 1308; x_wconf 79' lang='lat' dir='ltr'><strong>Hierosolymitani</strong></span> <span class='ocrx_word' id='word_1_86' title='bbox 1767 1239 2133 1303; x_wconf 77' lang='lat' dir='ltr'><strong>excubabant.</strong></span> <span class='ocrx_word' id='word_1_87' title='bbox 2154 1257 2318 1295; x_wconf 82' lang='lat' dir='ltr'><strong>ausu-</strong></span> 
     </span>
    </p>
   </div>
   <div class='ocr_carea' id='block_1_14' title="bbox 734 1328 2308 1403">
    <p class='ocr_par' dir='ltr' id='par_1_14' title="bbox 734 1328 2308 1403">
     <span class='ocr_line' id='line_1_14' title="bbox 734 1328 2308 1403; baseline 0.003 -19"><span class='ocrx_word' id='word_1_88' title='bbox 734 1347 858 1385; x_wconf 78' lang='lat' dir='ltr'><strong>rum</strong></span> <span class='ocrx_word' id='word_1_89' title='bbox 895 1331 1061 1384; x_wconf 89' lang='lat' dir='ltr'><strong>fuisse</strong></span> <span class='ocrx_word' id='word_1_90' title='bbox 1110 1329 1294 1383; x_wconf 86' lang='lat' dir='ltr'><strong>dicere</strong></span> <span class='ocrx_word' id='word_1_91' title='bbox 1328 1345 1343 1382; x_wconf 88' lang='lat'><strong>:</strong></span> <span class='ocrx_word' id='word_1_92' title='bbox 1379 1346 1396 1379; x_wconf 80' lang='grc' dir='ltr'><strong>ι</strong></span> <span class='ocrx_word' id='word_1_93' title='bbox 1435 1328 1569 1395; x_wconf 87' lang='lat' dir='ltr'><strong>Quis</strong></span> <span class='ocrx_word' id='word_1_94' title='bbox 1618 1337 1703 1383; x_wconf 77' lang='lat' dir='ltr'><strong>est</strong></span> <span class='ocrx_word' id='word_1_95' title='bbox 1751 1331 1850 1383; x_wconf 89' lang='lat' dir='ltr'><strong>iste</strong></span> <span class='ocrx_word' id='word_1_96' title='bbox 1891 1330 2006 1385; x_wconf 79' lang='lat' dir='ltr'><strong>Rex</strong></span> <span class='ocrx_word' id='word_1_97' title='bbox 2043 1332 2248 1403; x_wconf 65' lang='lat' dir='ltr'><strong>gloriae,</strong></span> <span class='ocrx_word' id='word_1_98' title='bbox 2289 1353 2308 1387; x_wconf 70' lang='grc' dir='ltr'><strong>ι</strong></span> 
     </span>
    </p>
   </div>
   <div class='ocr_carea' id='block_1_15' title="bbox 734 1420 1271 1491">
    <p class='ocr_par' dir='ltr' id='par_1_15' title="bbox 734 1420 1271 1491">
     <span class='ocr_line' id='line_1_15' title="bbox 734 1420 1271 1491; baseline -0.004 -15"><span class='ocrx_word' id='word_1_99' title='bbox 734 1422 963 1491; x_wconf 81' lang='lat' dir='ltr'><strong>quilibet</strong></span> <span class='ocrx_word' id='word_1_100' title='bbox 984 1420 1271 1476; x_wconf 80' lang='lat' dir='ltr'><strong>fatebitur.</strong></span> 
     </span>
    </p>
   </div>
   <div class='ocr_carea' id='block_1_16' title="bbox 2431 571 3999 645">
    <p class='ocr_par' dir='ltr' id='par_1_16' title="bbox 2431 571 3999 645">
     <span class='ocr_line' id='line_1_16' title="bbox 2431 571 3999 645; baseline 0.001 -20"><span class='ocrx_word' id='word_1_101' title='bbox 2431 573 2526 625; x_wconf 75' lang='grc' dir='ltr'>καὶ</span> <span class='ocrx_word' id='word_1_102' title='bbox 2558 572 2763 637; x_wconf 75' lang='grc' dir='ltr'>ἀναϐάς</span> <span class='ocrx_word' id='word_1_103' title='bbox 2796 572 2999 645; x_wconf 79' lang='grc' dir='ltr'>καθίσῃ</span> <span class='ocrx_word' id='word_1_104' title='bbox 3033 575 3091 627; x_wconf 91' lang='grc' dir='ltr'><strong>ἐν</strong></span> <span class='ocrx_word' id='word_1_105' title='bbox 3122 572 3270 643; x_wconf 78' lang='grc' dir='ltr'>δεξιᾷ</span> <span class='ocrx_word' id='word_1_106' title='bbox 3297 571 3389 626; x_wconf 86' lang='grc' dir='ltr'><strong>τοῦ</strong></span> <span class='ocrx_word' id='word_1_107' title='bbox 3442 573 3676 645; x_wconf 82' lang='grc' dir='ltr'>Πατρὸς,</span> <span class='ocrx_word' id='word_1_108' title='bbox 3710 574 3815 637; x_wconf 70' lang='grc' dir='ltr'>ἕως</span> <span class='ocrx_word' id='word_1_109' title='bbox 3846 574 3914 627; x_wconf 82' lang='grc' dir='ltr'>ἂν</span> <span class='ocrx_word' id='word_1_110' title='bbox 3937 574 3999 645; x_wconf 70' lang='grc' dir='ltr'>θῇ</span> 
     </span>
    </p>
   </div>
   <div class='ocr_carea' id='block_1_17' title="bbox 2428 657 3998 737">
    <p class='ocr_par' dir='ltr' id='par_1_17' title="bbox 2428 657 3998 737">
     <span class='ocr_line' id='line_1_17' title="bbox 2428 657 3998 737; baseline 0.003 -20"><span class='ocrx_word' id='word_1_111' title='bbox 2428 665 2554 728; x_wconf 73' lang='grc' dir='ltr'>τοὺς</span> <span class='ocrx_word' id='word_1_112' title='bbox 2577 664 2805 737; x_wconf 77' lang='grc' dir='ltr'>ἐχθροὺς</span> <span class='ocrx_word' id='word_1_113' title='bbox 2834 657 3125 721; x_wconf 74' lang='grc' dir='ltr'>ὑποπόδιον</span> <span class='ocrx_word' id='word_1_114' title='bbox 3157 666 3263 720; x_wconf 83' lang='grc' dir='ltr'><strong>τῶν</strong></span> <span class='ocrx_word' id='word_1_115' title='bbox 3286 666 3460 721; x_wconf 83' lang='grc' dir='ltr'>ποδῶν</span> <span class='ocrx_word' id='word_1_116' title='bbox 3483 665 3668 731; x_wconf 76' lang='grc' dir='ltr'>αὑτοῦ,</span> <span class='ocrx_word' id='word_1_117' title='bbox 3698 665 3774 729; x_wconf 86' lang='grc' dir='ltr'>ὼς</span> <span class='ocrx_word' id='word_1_118' title='bbox 3794 666 3877 719; x_wconf 83' lang='grc' dir='ltr'>διὰ</span> <span class='ocrx_word' id='word_1_119' title='bbox 3910 670 3998 721; x_wconf 76' lang='grc' dir='ltr'><strong>τοῦ</strong></span> 
     </span>
    </p>
   </div>
   <div class='ocr_carea' id='block_1_18' title="bbox 2423 756 4001 829">
    <p class='ocr_par' dir='ltr' id='par_1_18' title="bbox 2423 756 4001 829">
     <span class='ocr_line' id='line_1_18' title="bbox 2423 756 4001 829; baseline 0.001 -21"><span class='ocrx_word' id='word_1_120' title='bbox 2423 756 2584 809; x_wconf 75' lang='grc' dir='ltr'>ἄλλου</span> <span class='ocrx_word' id='word_1_121' title='bbox 2609 758 2824 828; x_wconf 79' lang='grc' dir='ltr'>ψαλμοῦ</span> <span class='ocrx_word' id='word_1_122' title='bbox 2861 758 3179 828; x_wconf 82' lang='grc' dir='ltr'>δεδήλωται.</span> <span class='ocrx_word' id='word_1_123' title='bbox 3226 758 3441 829; x_wconf 67' lang='grc' dir='ltr'>Ἐπειδὴ</span> <span class='ocrx_word' id='word_1_124' title='bbox 3473 756 3584 829; x_wconf 82' lang='grc' dir='ltr'><strong>γάρ</strong></span> <span class='ocrx_word' id='word_1_125' title='bbox 3616 759 3663 811; x_wconf 89' lang='grc' dir='ltr'>οἱ</span> <span class='ocrx_word' id='word_1_126' title='bbox 3701 760 3761 809; x_wconf 76' lang='grc' dir='ltr'><strong>ἐν</strong></span> <span class='ocrx_word' id='word_1_127' title='bbox 3791 757 4001 829; x_wconf 77' lang='grc' dir='ltr'><strong>οὐρανῷ</strong></span> 
     </span>
    </p>
   </div>
   <div class='ocr_carea' id='block_1_19' title="bbox 2422 846 4000 924">
    <p class='ocr_par' dir='ltr' id='par_1_19' title="bbox 2422 846 4000 924">
     <span class='ocr_line' id='line_1_19' title="bbox 2422 846 4000 924; baseline -0.001 -21"><span class='ocrx_word' id='word_1_128' title='bbox 2422 848 2682 922; x_wconf 78' lang='grc' dir='ltr'>ἄρχοντες</span> <span class='ocrx_word' id='word_1_129' title='bbox 2705 849 2892 924; x_wconf 83' lang='grc' dir='ltr'>ἐώρων</span> <span class='ocrx_word' id='word_1_130' title='bbox 2918 851 3073 921; x_wconf 82' lang='grc' dir='ltr'>ἀειδῆ</span> <span class='ocrx_word' id='word_1_131' title='bbox 3106 850 3201 905; x_wconf 72' lang='grc' dir='ltr'>καὶ</span> <span class='ocrx_word' id='word_1_132' title='bbox 3234 852 3430 922; x_wconf 73' lang='grc' dir='ltr'>ἄτιμον</span> <span class='ocrx_word' id='word_1_133' title='bbox 3461 851 3520 903; x_wconf 88' lang='grc' dir='ltr'><strong>τὸ</strong></span> <span class='ocrx_word' id='word_1_134' title='bbox 3542 846 3681 914; x_wconf 85' lang='grc' dir='ltr'>εἶδος</span> <span class='ocrx_word' id='word_1_135' title='bbox 3703 851 3797 903; x_wconf 77' lang='grc' dir='ltr'>καὶ</span> <span class='ocrx_word' id='word_1_136' title='bbox 3820 850 4000 914; x_wconf 78' lang='grc' dir='ltr'>ἄδοξον</span> 
     </span>
    </p>
   </div>
   <div class='ocr_carea' id='block_1_20' title="bbox 2422 941 4001 1015">
    <p class='ocr_par' dir='ltr' id='par_1_20' title="bbox 2422 941 4001 1015">
     <span class='ocr_line' id='line_1_20' title="bbox 2422 941 4001 1015; baseline 0.001 -22"><span class='ocrx_word' id='word_1_137' title='bbox 2422 941 2615 1011; x_wconf 77' lang='grc' dir='ltr'>ἔχοντα</span> <span class='ocrx_word' id='word_1_138' title='bbox 2658 943 2821 996; x_wconf 83' lang='grc' dir='ltr'>αὑτὸν</span> <span class='ocrx_word' id='word_1_139' title='bbox 2869 941 3000 1013; x_wconf 83' lang='grc'>(56),</span> <span class='ocrx_word' id='word_1_140' title='bbox 3034 944 3095 995; x_wconf 81' lang='grc' dir='ltr'>οὑ</span> <span class='ocrx_word' id='word_1_141' title='bbox 3140 943 3495 1015; x_wconf 74' lang='grc' dir='ltr'><strong>γνωρίζοντες</strong></span> <span class='ocrx_word' id='word_1_142' title='bbox 3540 944 3721 1005; x_wconf 83' lang='grc' dir='ltr'>αὐτὸν,</span> <span class='ocrx_word' id='word_1_143' title='bbox 3772 942 4001 996; x_wconf 77' lang='grc' dir='ltr'>ἐπυνθά-</span> 
     </span>
    </p>
   </div>
   <div class='ocr_carea' id='block_1_21' title="bbox 2420 1032 3996 1109">
    <p class='ocr_par' dir='ltr' id='par_1_21' title="bbox 2420 1032 3996 1109">
     <span class='ocr_line' id='line_1_21' title="bbox 2420 1032 3996 1109; baseline 0.007 -22"><span class='ocrx_word' id='word_1_144' title='bbox 2420 1052 2600 1089; x_wconf 87' lang='grc' dir='ltr'>νοντο·</span> <span class='ocrx_word' id='word_1_145' title='bbox 2657 1054 2676 1087; x_wconf 79' lang='grc' dir='ltr'><strong>ι</strong></span> <span class='ocrx_word' id='word_1_146' title='bbox 2733 1038 2831 1101; x_wconf 80' lang='grc' dir='ltr'>Τίς</span> <span class='ocrx_word' id='word_1_147' title='bbox 2878 1041 3025 1091; x_wconf 82' lang='grc' dir='ltr'>ἐστιν</span> <span class='ocrx_word' id='word_1_148' title='bbox 3073 1032 3225 1101; x_wconf 70' lang='grc' dir='ltr'>οὗτος</span> <span class='ocrx_word' id='word_1_149' title='bbox 3270 1038 3299 1087; x_wconf 98' lang='lat'><strong>6</strong></span> <span class='ocrx_word' id='word_1_150' title='bbox 3326 1036 3587 1099; x_wconf 81' lang='grc' dir='ltr'>Βασιλεὺς</span> <span class='ocrx_word' id='word_1_151' title='bbox 3617 1036 3715 1107; x_wconf 85' lang='grc' dir='ltr'>τῆς</span> <span class='ocrx_word' id='word_1_152' title='bbox 3745 1036 3934 1109; x_wconf 52' lang='grc' dir='ltr'>δόξης</span> <span class='ocrx_word' id='word_1_153' title='bbox 3978 1054 3996 1086; x_wconf 71' lang='grc' dir='ltr'><strong>ι</strong></span> 
     </span>
    </p>
   </div>
   <div class='ocr_carea' id='block_1_22' title="bbox 2420 1126 4003 1202">
    <p class='ocr_par' dir='ltr' id='par_1_22' title="bbox 2420 1126 4003 1202">
     <span class='ocr_line' id='line_1_22' title="bbox 2420 1126 4003 1202; baseline 0.003 -23"><span class='ocrx_word' id='word_1_154' title='bbox 2420 1126 2530 1180; x_wconf 70' lang='grc' dir='ltr'><strong>Καὶ</strong></span> <span class='ocrx_word' id='word_1_155' title='bbox 2561 1129 2915 1201; x_wconf 84' lang='grc' dir='ltr'>ἀποκρίνεται</span> <span class='ocrx_word' id='word_1_156' title='bbox 2963 1132 3146 1194; x_wconf 76' lang='grc' dir='ltr'>αὐτοῖς</span> <span class='ocrx_word' id='word_1_157' title='bbox 3189 1130 3249 1183; x_wconf 83' lang='grc' dir='ltr'><strong>τὸ</strong></span> <span class='ocrx_word' id='word_1_158' title='bbox 3281 1130 3509 1201; x_wconf 79' lang='grc' dir='ltr'><strong>Πνεῦμα</strong></span> <span class='ocrx_word' id='word_1_159' title='bbox 3541 1130 3600 1183; x_wconf 84' lang='grc' dir='ltr'><strong>τὸ</strong></span> <span class='ocrx_word' id='word_1_160' title='bbox 3633 1130 3788 1198; x_wconf 69' lang='grc' dir='ltr'>ἅγιον</span> <span class='ocrx_word' id='word_1_161' title='bbox 3828 1132 3860 1202; x_wconf 75' lang='grc' dir='ltr'><strong>ἢ</strong></span> <span class='ocrx_word' id='word_1_162' title='bbox 3895 1132 4003 1184; x_wconf 81' lang='grc' dir='ltr'>ἀπὸ</span> 
     </span>
    </p>
   </div>
   <div class='ocr_carea' id='block_1_23' title="bbox 2420 1219 4002 1295">
    <p class='ocr_par' dir='ltr' id='par_1_23' title="bbox 2420 1219 4002 1295">
     <span class='ocr_line' id='line_1_23' title="bbox 2420 1219 4002 1295; baseline 0.002 -25"><span class='ocrx_word' id='word_1_163' title='bbox 2420 1219 2714 1291; x_wconf 87' lang='grc' dir='ltr'><strong>προσώπου</strong></span> <span class='ocrx_word' id='word_1_164' title='bbox 2731 1222 2821 1275; x_wconf 90' lang='grc' dir='ltr'><strong>τοῦ</strong></span> <span class='ocrx_word' id='word_1_165' title='bbox 2842 1223 3074 1295; x_wconf 84' lang='grc' dir='ltr'>Πατρὸς,</span> <span class='ocrx_word' id='word_1_166' title='bbox 3095 1223 3128 1293; x_wconf 79' lang='grc' dir='ltr'>ἢ</span> <span class='ocrx_word' id='word_1_167' title='bbox 3161 1222 3270 1275; x_wconf 81' lang='grc' dir='ltr'><strong>άπὸ</strong></span> <span class='ocrx_word' id='word_1_168' title='bbox 3294 1221 3386 1275; x_wconf 85' lang='grc' dir='ltr'><strong>τοῦ</strong></span> <span class='ocrx_word' id='word_1_169' title='bbox 3422 1222 3552 1275; x_wconf 85' lang='grc' dir='ltr'>ίδίου</span> <span class='ocrx_word' id='word_1_170' title='bbox 3571 1239 3587 1253; x_wconf 69' lang='grc' dir='ltr'><strong>ο</strong></span> <span class='ocrx_word' id='word_1_171' title='bbox 3622 1242 3640 1273; x_wconf 78' lang='grc' dir='ltr'><strong>ι</strong></span> <span class='ocrx_word' id='word_1_172' title='bbox 3664 1222 3869 1295; x_wconf 81' lang='grc' dir='ltr'>Κύριος</span> <span class='ocrx_word' id='word_1_173' title='bbox 3897 1222 4002 1274; x_wconf 80' lang='grc' dir='ltr'><strong>τῶν</strong></span> 
     </span>
    </p>
   </div>
   <div class='ocr_carea' id='block_1_24' title="bbox 2424 1309 3999 1383">
    <p class='ocr_par' dir='ltr' id='par_1_24' title="bbox 2424 1309 3999 1383">
     <span class='ocr_line' id='line_1_24' title="bbox 2424 1309 3999 1383; baseline 0.001 -21"><span class='ocrx_word' id='word_1_174' title='bbox 2424 1309 2705 1383; x_wconf 76' lang='grc' dir='ltr'><strong>δυνάμεων</strong></span> <span class='ocrx_word' id='word_1_175' title='bbox 2738 1314 2899 1377; x_wconf 81' lang='grc' dir='ltr'>αὐτὸς</span> <span class='ocrx_word' id='word_1_176' title='bbox 2928 1310 3080 1378; x_wconf 74' lang='grc' dir='ltr'>οὗτός</span> <span class='ocrx_word' id='word_1_177' title='bbox 3115 1316 3262 1366; x_wconf 88' lang='grc' dir='ltr'>ἐστιν</span> <span class='ocrx_word' id='word_1_178' title='bbox 3296 1314 3325 1366; x_wconf 92' lang='lat'><strong>6</strong></span> <span class='ocrx_word' id='word_1_179' title='bbox 3357 1312 3618 1376; x_wconf 84' lang='grc' dir='ltr'>Βασιλεὺς</span> <span class='ocrx_word' id='word_1_180' title='bbox 3646 1312 3747 1381; x_wconf 82' lang='grc' dir='ltr'>τῆς</span> <span class='ocrx_word' id='word_1_181' title='bbox 3770 1312 3947 1382; x_wconf 77' lang='grc' dir='ltr'>δόξης.</span> <span class='ocrx_word' id='word_1_182' title='bbox 3981 1332 3999 1363; x_wconf 71' lang='grc' dir='ltr'><strong>ι</strong></span> 
     </span>
    </p>
   </div>
   <div class='ocr_carea' id='block_1_25' title="bbox 2400 1404 4005 1479">
    <p class='ocr_par' dir='ltr' id='par_1_25' title="bbox 2400 1404 4005 1479">
     <span class='ocr_line' id='line_1_25' title="bbox 2400 1404 4005 1479; baseline 0 -23"><span class='ocrx_word' id='word_1_183' title='bbox 2400 1404 2551 1457; x_wconf 65' lang='grc' dir='ltr'>’Ὅτι</span> <span class='ocrx_word' id='word_1_184' title='bbox 2585 1406 2693 1477; x_wconf 80' lang='grc' dir='ltr'><strong>γὰρ</strong></span> <span class='ocrx_word' id='word_1_185' title='bbox 2726 1405 2849 1459; x_wconf 67' lang='grc' dir='ltr'>οὔτε</span> <span class='ocrx_word' id='word_1_186' title='bbox 2884 1406 3013 1479; x_wconf 77' lang='grc' dir='ltr'>περὶ</span> <span class='ocrx_word' id='word_1_187' title='bbox 3050 1405 3364 1477; x_wconf 85' lang='grc' dir='ltr'>Σολομῶνος</span> <span class='ocrx_word' id='word_1_188' title='bbox 3408 1405 3617 1470; x_wconf 83' lang='grc' dir='ltr'>ἐνδόξου</span> <span class='ocrx_word' id='word_1_189' title='bbox 3664 1404 3809 1458; x_wconf 74' lang='grc' dir='ltr'>οὕτω</span> <span class='ocrx_word' id='word_1_190' title='bbox 3856 1404 4005 1474; x_wconf 85' lang='grc' dir='ltr'>βασι-</span> 
     </span>
    </p>
   </div>
   <div class='ocr_carea' id='block_1_26' title="bbox 2425 1494 3999 1572">
    <p class='ocr_par' dir='ltr' id='par_1_26' title="bbox 2425 1494 3999 1572">
     <span class='ocr_line' id='line_1_26' title="bbox 2425 1494 3999 1572; baseline 0.009 -25"><span class='ocrx_word' id='word_1_191' title='bbox 2425 1494 2562 1561; x_wconf 82' lang='grc' dir='ltr'>λέως</span> <span class='ocrx_word' id='word_1_192' title='bbox 2594 1498 2764 1563; x_wconf 77' lang='grc' dir='ltr'>ὄντος,</span> <span class='ocrx_word' id='word_1_193' title='bbox 2800 1499 2922 1572; x_wconf 68' lang='grc' dir='ltr'>οὔτε</span> <span class='ocrx_word' id='word_1_194' title='bbox 2960 1500 3089 1570; x_wconf 71' lang='grc' dir='ltr'>περὶ</span> <span class='ocrx_word' id='word_1_195' title='bbox 3132 1500 3231 1570; x_wconf 82' lang='grc' dir='ltr'>τῆς</span> <span class='ocrx_word' id='word_1_196' title='bbox 3284 1500 3488 1571; x_wconf 81' lang='grc' dir='ltr'><strong>σκηνῆς</strong></span> <span class='ocrx_word' id='word_1_197' title='bbox 3534 1498 3626 1553; x_wconf 75' lang='grc' dir='ltr'><strong>τοῦ</strong></span> <span class='ocrx_word' id='word_1_198' title='bbox 3678 1498 3999 1569; x_wconf 62' lang='grc' dir='ltr'>μαρτυρίου.</span> 
     </span>
    </p>
   </div>
   <div class='ocr_carea' id='block_1_27' title="bbox 734 1583 3998 1664">
    <p class='ocr_par' dir='ltr' id='par_1_27' title="bbox 734 1583 3998 1664">
     <span class='ocr_line' id='line_1_27' title="bbox 734 1583 3998 1664; baseline 0.002 -25"><span class='ocrx_word' id='word_1_199' title='bbox 734 1585 841 1639; x_wconf 86' lang='grc' dir='ltr'><strong>τῶν</strong></span> <span class='ocrx_word' id='word_1_200' title='bbox 876 1587 1195 1655; x_wconf 74' lang='grc' dir='ltr'>εφεστώτων</span> <span class='ocrx_word' id='word_1_201' title='bbox 1222 1587 1336 1647; x_wconf 85' lang='grc' dir='ltr'>ταῖς</span> <span class='ocrx_word' id='word_1_202' title='bbox 1371 1583 1563 1649; x_wconf 89' lang='grc' dir='ltr'>πύλαις</span> <span class='ocrx_word' id='word_1_203' title='bbox 1590 1584 1680 1637; x_wconf 88' lang='grc' dir='ltr'><strong>τοῦ</strong></span> <span class='ocrx_word' id='word_1_204' title='bbox 1709 1583 1837 1637; x_wconf 89' lang='grc' dir='ltr'>ναοῦ</span> <span class='ocrx_word' id='word_1_205' title='bbox 1873 1584 1979 1638; x_wconf 86' lang='grc' dir='ltr'><strong>τῶν</strong></span> <span class='ocrx_word' id='word_1_206' title='bbox 2005 1586 2394 1657; x_wconf 76' lang='grc' dir='ltr'>Ἰεροσολύμων</span> <span class='ocrx_word' id='word_1_207' title='bbox 2420 1593 2718 1664; x_wconf 80' lang='grc' dir='ltr'>ἐτόλμησεν</span> <span class='ocrx_word' id='word_1_208' title='bbox 2742 1595 2807 1648; x_wconf 79' lang='grc' dir='ltr'>ἄν</span> <span class='ocrx_word' id='word_1_209' title='bbox 2840 1613 2921 1659; x_wconf 82' lang='grc' dir='ltr'><strong>τις</strong></span> <span class='ocrx_word' id='word_1_210' title='bbox 2954 1598 3151 1660; x_wconf 83' lang='grc' dir='ltr'>εἰπεῖν,</span> <span class='ocrx_word' id='word_1_211' title='bbox 3177 1614 3195 1646; x_wconf 79' lang='grc' dir='ltr'><strong>ι</strong></span> <span class='ocrx_word' id='word_1_212' title='bbox 3227 1594 3322 1657; x_wconf 91' lang='grc' dir='ltr'>Τίς</span> <span class='ocrx_word' id='word_1_213' title='bbox 3344 1596 3487 1647; x_wconf 72' lang='grc' dir='ltr'>ἐστιν</span> <span class='ocrx_word' id='word_1_214' title='bbox 3511 1589 3663 1657; x_wconf 72' lang='grc' dir='ltr'>οὗτος</span> <span class='ocrx_word' id='word_1_215' title='bbox 3684 1595 3713 1646; x_wconf 97' lang='lat'><strong>6</strong></span> <span class='ocrx_word' id='word_1_216' title='bbox 3741 1591 3998 1655; x_wconf 71' lang='grc' dir='ltr'>Βασιλεὺς</span> 
     </span>
    </p>
   </div>
   <div class='ocr_carea' id='block_1_28' title="bbox 734 1680 1925 1754">
    <p class='ocr_par' dir='ltr' id='par_1_28' title="bbox 734 1680 1925 1754">
     <span class='ocr_line' id='line_1_28' title="bbox 734 1680 1925 1754; baseline -0.001 -19"><span class='ocrx_word' id='word_1_217' title='bbox 734 1683 832 1754; x_wconf 81' lang='grc' dir='ltr'>τῆς</span> <span class='ocrx_word' id='word_1_218' title='bbox 860 1681 1053 1751; x_wconf 73' lang='grc' dir='ltr'>δόξης;</span> <span class='ocrx_word' id='word_1_219' title='bbox 1098 1700 1115 1732; x_wconf 77' lang='grc' dir='ltr'><strong>ι</strong></span> <span class='ocrx_word' id='word_1_220' title='bbox 1155 1682 1265 1743; x_wconf 73' lang='grc' dir='ltr'><strong>πᾶς</strong></span> <span class='ocrx_word' id='word_1_221' title='bbox 1298 1680 1546 1733; x_wconf 77' lang='grc' dir='ltr'><strong>ὁστισοῦν</strong></span> <span class='ocrx_word' id='word_1_222' title='bbox 1579 1680 1925 1752; x_wconf 83' lang='grc' dir='ltr'>ὁμολογήσει.</span> 
     </span>
    </p>
   </div>
   <div class='ocr_carea' id='block_1_29' title="bbox 804 1772 2312 1853">
    <p class='ocr_par' dir='ltr' id='par_1_29' title="bbox 804 1772 2312 1845">
     <span class='ocr_line' id='line_1_29' title="bbox 804 1772 2312 1845; baseline -0.008 -14"><span class='ocrx_word' id='word_1_223' title='bbox 804 1778 894 1832; x_wconf 81' lang='lat'><strong>&#39;57.</strong></span> <span class='ocrx_word' id='word_1_224' title='bbox 931 1772 1081 1829; x_wconf 75' lang='lat' dir='ltr'><strong>Idem</strong></span> <span class='ocrx_word' id='word_1_225' title='bbox 1111 1775 1365 1845; x_wconf 83' lang='lat' dir='ltr'><strong>probatur</strong></span> <span class='ocrx_word' id='word_1_226' title='bbox 1391 1792 1455 1828; x_wconf 76' lang='lat' dir='ltr'><strong>ea:</strong></span> <span class='ocrx_word' id='word_1_227' title='bbox 1475 1776 1594 1827; x_wconf 84' lang='lat' dir='ltr'><strong>aliis</strong></span> <span class='ocrx_word' id='word_1_228' title='bbox 1623 1776 1861 1841; x_wconf 81' lang='lat' dir='ltr'><strong>psalmis.</strong></span> <span class='ocrx_word' id='word_1_229' title='bbox 1904 1806 1974 1816; x_wconf 89' lang='lat'>—</span> <span class='ocrx_word' id='word_1_230' title='bbox 2000 1777 2053 1829; x_wconf 92' lang='lat' dir='ltr'><strong>In</strong></span> <span class='ocrx_word' id='word_1_231' title='bbox 2081 1777 2312 1845; x_wconf 70' lang='lat' dir='ltr'><strong>tliupsal.</strong></span> 
     </span>
    </p>
   </div>
   <div class='ocr_carea' id='block_1_30' title="bbox 2416 1772 3998 1853">
    <p class='ocr_par' dir='ltr' id='par_1_30' title="bbox 2490 1776 3998 1853">
     <span class='ocr_line' id='line_1_30' title="bbox 2490 1776 3998 1853; baseline -0.003 -19"><span class='ocrx_word' id='word_1_232' title='bbox 2490 1780 2578 1835; x_wconf 81' lang='lat'><strong>&#39;57.</strong></span> <span class='ocrx_word' id='word_1_233' title='bbox 2618 1780 2726 1834; x_wconf 77' lang='grc' dir='ltr'><strong>Καὶ</strong></span> <span class='ocrx_word' id='word_1_234' title='bbox 2761 1781 2819 1833; x_wconf 85' lang='grc' dir='ltr'><strong>ἐν</strong></span> <span class='ocrx_word' id='word_1_235' title='bbox 2850 1780 3182 1852; x_wconf 75' lang='grc' dir='ltr'>διαψάλματι</span> <span class='ocrx_word' id='word_1_236' title='bbox 3216 1778 3649 1853; x_wconf 82' lang='grc' dir='ltr'>τεσσαρακοστοῦ</span> <span class='ocrx_word' id='word_1_237' title='bbox 3682 1778 3843 1831; x_wconf 73' lang='grc' dir='ltr'>ἕκτου</span> <span class='ocrx_word' id='word_1_238' title='bbox 3869 1776 3998 1845; x_wconf 65' lang='grc' dir='ltr'>ψαλ-</span> 
     </span>
    </p>
   </div>
   <div class='ocr_carea' id='block_1_31' title="bbox 736 1867 2310 1936">
    <p class='ocr_par' dir='ltr' id='par_1_31' title="bbox 736 1867 2310 1936">
     <span class='ocr_line' id='line_1_31' title="bbox 736 1867 2310 1936; baseline 0 -14"><span class='ocrx_word' id='word_1_239' title='bbox 736 1880 881 1922; x_wconf 85' lang='lat' dir='ltr'><strong>mate</strong></span> <span class='ocrx_word' id='word_1_240' title='bbox 929 1878 1112 1922; x_wconf 87' lang='lat' dir='ltr'><strong>autem</strong></span> <span class='ocrx_word' id='word_1_241' title='bbox 1169 1867 1364 1936; x_wconf 84' lang='lat' dir='ltr'><strong>psalmi</strong></span> <span class='ocrx_word' id='word_1_242' title='bbox 1415 1867 1822 1935; x_wconf 80' lang='lat' dir='ltr'><strong>quadragesimi</strong></span> <span class='ocrx_word' id='word_1_243' title='bbox 1877 1869 2020 1921; x_wconf 76' lang='lat' dir='ltr'><strong>sexti</strong></span> <span class='ocrx_word' id='word_1_244' title='bbox 2084 1871 2197 1923; x_wconf 65' lang='lat' dir='ltr'><strong>haec</strong></span> <span class='ocrx_word' id='word_1_245' title='bbox 2257 1870 2310 1922; x_wconf 94' lang='lat' dir='ltr'><strong>in</strong></span> 
     </span>
    </p>
   </div>
   <div class='ocr_carea' id='block_1_32' title="bbox 737 1959 2312 2029">
    <p class='ocr_par' dir='ltr' id='par_1_32' title="bbox 737 1959 2312 2029">
     <span class='ocr_line' id='line_1_32' title="bbox 737 1959 2312 2029; baseline -0.001 -12"><span class='ocrx_word' id='word_1_246' title='bbox 737 1961 1017 2017; x_wconf 78' lang='lat' dir='ltr'><strong>Christum</strong></span> <span class='ocrx_word' id='word_1_247' title='bbox 1054 1961 1197 2015; x_wconf 88' lang='lat' dir='ltr'><strong>dicta</strong></span> <span class='ocrx_word' id='word_1_248' title='bbox 1235 1970 1363 2014; x_wconf 86' lang='lat' dir='ltr'><strong>sunt</strong></span> <span class='ocrx_word' id='word_1_249' title='bbox 1399 1977 1413 2012; x_wconf 91' lang='lat'><strong>:</strong></span> <span class='ocrx_word' id='word_1_250' title='bbox 1452 1976 1478 2029; x_wconf 79' lang='lat' dir='ltr'><strong>_t</strong></span> <span class='ocrx_word' id='word_1_251' title='bbox 1522 1959 1785 2014; x_wconf 82' lang='lat' dir='ltr'><strong>Ascendit</strong></span> <span class='ocrx_word' id='word_1_252' title='bbox 1841 1959 1985 2014; x_wconf 87' lang='lat' dir='ltr'><strong>Deus</strong></span> <span class='ocrx_word' id='word_1_253' title='bbox 2017 1961 2067 2014; x_wconf 94' lang='lat' dir='ltr'><strong>in</strong></span> <span class='ocrx_word' id='word_1_254' title='bbox 2117 1960 2312 2028; x_wconf 88' lang='lat' dir='ltr'><strong>jubilo,</strong></span> 
     </span>
    </p>
   </div>
   <div class='ocr_carea' id='block_1_33' title="bbox 737 2051 2314 2124">
    <p class='ocr_par' dir='ltr' id='par_1_33' title="bbox 737 2051 2314 2124">
     <span class='ocr_line' id='line_1_33' title="bbox 737 2051 2314 2124; baseline -0.001 -13"><span class='ocrx_word' id='word_1_255' title='bbox 737 2056 999 2111; x_wconf 87' lang='lat' dir='ltr'><strong>Dominus</strong></span> <span class='ocrx_word' id='word_1_256' title='bbox 1034 2055 1089 2108; x_wconf 93' lang='lat' dir='ltr'><strong>in</strong></span> <span class='ocrx_word' id='word_1_257' title='bbox 1127 2067 1263 2107; x_wconf 79' lang='lat' dir='ltr'><strong>voce</strong></span> <span class='ocrx_word' id='word_1_258' title='bbox 1301 2052 1465 2107; x_wconf 68' lang='lat' dir='ltr'><strong>tuba.</strong></span> <span class='ocrx_word' id='word_1_259' title='bbox 1504 2051 1727 2107; x_wconf 78' lang='lat' dir='ltr'><strong>Psallite</strong></span> <span class='ocrx_word' id='word_1_260' title='bbox 1772 2053 1881 2109; x_wconf 89' lang='lat' dir='ltr'><strong>Deo</strong></span> <span class='ocrx_word' id='word_1_261' title='bbox 1917 2066 2128 2118; x_wconf 88' lang='lat' dir='ltr'><strong>nostro,</strong></span> <span class='ocrx_word' id='word_1_262' title='bbox 2167 2058 2314 2124; x_wconf 84' lang='lat' dir='ltr'><strong>psal-</strong></span> 
     </span>
    </p>
   </div>
   <div class='ocr_carea' id='block_1_34' title="bbox 734 2145 2313 2218">
    <p class='ocr_par' dir='ltr' id='par_1_34' title="bbox 734 2145 2313 2218">
     <span class='ocr_line' id='line_1_34' title="bbox 734 2145 2313 2218; baseline 0.001 -16"><span class='ocrx_word' id='word_1_263' title='bbox 734 2150 830 2203; x_wconf 89' lang='lat' dir='ltr'><strong>lite</strong></span> <span class='ocrx_word' id='word_1_264' title='bbox 870 2167 884 2203; x_wconf 87' lang='lat'><strong>:</strong></span> <span class='ocrx_word' id='word_1_265' title='bbox 922 2148 1133 2218; x_wconf 84' lang='lat' dir='ltr'><strong>psallite</strong></span> <span class='ocrx_word' id='word_1_266' title='bbox 1170 2145 1302 2216; x_wconf 81' lang='lat' dir='ltr'><strong>Regi</strong></span> <span class='ocrx_word' id='word_1_267' title='bbox 1360 2155 1570 2213; x_wconf 83' lang='lat' dir='ltr'><strong>nostro,</strong></span> <span class='ocrx_word' id='word_1_268' title='bbox 1618 2146 1851 2215; x_wconf 86' lang='lat' dir='ltr'><strong>psallite.</strong></span> <span class='ocrx_word' id='word_1_269' title='bbox 1892 2147 2160 2214; x_wconf 83' lang='lat' dir='ltr'><strong>Quoniam</strong></span> <span class='ocrx_word' id='word_1_270' title='bbox 2198 2147 2313 2203; x_wconf 81' lang='lat' dir='ltr'><strong>Rex</strong></span> 
     </span>
    </p>
   </div>
   <div class='ocr_carea' id='block_1_35' title="bbox 732 2236 2316 2309">
    <p class='ocr_par' dir='ltr' id='par_1_35' title="bbox 732 2236 2316 2309">
     <span class='ocr_line' id='line_1_35' title="bbox 732 2236 2316 2309; baseline -0.001 -13"><span class='ocrx_word' id='word_1_271' title='bbox 732 2241 909 2296; x_wconf 89' lang='lat' dir='ltr'><strong>omnis</strong></span> <span class='ocrx_word' id='word_1_272' title='bbox 946 2250 1108 2295; x_wconf 74' lang='lat' dir='ltr'><strong>terra:</strong></span> <span class='ocrx_word' id='word_1_273' title='bbox 1138 2236 1322 2304; x_wconf 82' lang='lat' dir='ltr'><strong>Deus;</strong></span> <span class='ocrx_word' id='word_1_274' title='bbox 1360 2238 1577 2308; x_wconf 82' lang='lat' dir='ltr'><strong>psallite</strong></span> <span class='ocrx_word' id='word_1_275' title='bbox 1614 2239 2008 2308; x_wconf 88' lang='lat' dir='ltr'><strong>intelligenter.</strong></span> <span class='ocrx_word' id='word_1_276' title='bbox 2049 2239 2316 2309; x_wconf 81' lang='lat' dir='ltr'><strong>Regnavit</strong></span> 
     </span>
    </p>
   </div>
   <div class='ocr_carea' id='block_1_36' title="bbox 733 2331 2314 2403">
    <p class='ocr_par' dir='ltr' id='par_1_36' title="bbox 733 2331 2314 2403">
     <span class='ocr_line' id='line_1_36' title="bbox 733 2331 2314 2403; baseline -0.001 -13"><span class='ocrx_word' id='word_1_277' title='bbox 733 2334 876 2391; x_wconf 89' lang='lat' dir='ltr'><strong>Deus</strong></span> <span class='ocrx_word' id='word_1_278' title='bbox 913 2348 1079 2403; x_wconf 86' lang='lat' dir='ltr'><strong>super</strong></span> <span class='ocrx_word' id='word_1_279' title='bbox 1112 2341 1332 2402; x_wconf 83' lang='lat' dir='ltr'><strong>gentes;</strong></span> <span class='ocrx_word' id='word_1_280' title='bbox 1374 2332 1515 2386; x_wconf 88' lang='lat' dir='ltr'><strong>Dens</strong></span> <span class='ocrx_word' id='word_1_281' title='bbox 1553 2331 1705 2386; x_wconf 86' lang='lat' dir='ltr'><strong>sedet</strong></span> <span class='ocrx_word' id='word_1_282' title='bbox 1748 2348 1915 2401; x_wconf 87' lang='lat' dir='ltr'><strong>super</strong></span> <span class='ocrx_word' id='word_1_283' title='bbox 1947 2334 2133 2387; x_wconf 80' lang='lat' dir='ltr'><strong>sedent</strong></span> <span class='ocrx_word' id='word_1_284' title='bbox 2184 2350 2314 2388; x_wconf 83' lang='lat' dir='ltr'><strong>san—</strong></span> 
     </span>
    </p>
   </div>
   <div class='ocr_carea' id='block_1_37' title="bbox 730 2425 2315 2497">
    <p class='ocr_par' dir='ltr' id='par_1_37' title="bbox 730 2425 2315 2497">
     <span class='ocr_line' id='line_1_37' title="bbox 730 2425 2315 2497; baseline -0.001 -13"><span class='ocrx_word' id='word_1_285' title='bbox 730 2440 877 2485; x_wconf 83' lang='lat' dir='ltr'><strong>ctam</strong></span> <span class='ocrx_word' id='word_1_286' title='bbox 921 2444 1103 2483; x_wconf 75' lang='lat' dir='ltr'><strong>suam.</strong></span> <span class='ocrx_word' id='word_1_287' title='bbox 1154 2425 1437 2495; x_wconf 86' lang='lat' dir='ltr'><strong>Principes</strong></span> <span class='ocrx_word' id='word_1_288' title='bbox 1470 2425 1793 2495; x_wconf 80' lang='lat' dir='ltr'><strong>populorum</strong></span> <span class='ocrx_word' id='word_1_289' title='bbox 1831 2428 2149 2497; x_wconf 81' lang='lat' dir='ltr'><strong>congregati</strong></span> <span class='ocrx_word' id='word_1_290' title='bbox 2189 2438 2315 2482; x_wconf 90' lang='lat' dir='ltr'><strong>sunt</strong></span> 
     </span>
    </p>
   </div>
   <div class='ocr_carea' id='block_1_38' title="bbox 730 2518 2313 2585">
    <p class='ocr_par' dir='ltr' id='par_1_38' title="bbox 730 2518 2313 2585">
     <span class='ocr_line' id='line_1_38' title="bbox 730 2518 2313 2585; baseline 0 -10"><span class='ocrx_word' id='word_1_291' title='bbox 730 2538 854 2576; x_wconf 74' lang='lat' dir='ltr'><strong>cum</strong></span> <span class='ocrx_word' id='word_1_292' title='bbox 882 2522 992 2577; x_wconf 91' lang='lat' dir='ltr'><strong>Deo</strong></span> <span class='ocrx_word' id='word_1_293' title='bbox 1022 2519 1324 2574; x_wconf 75' lang='lat' dir='ltr'><strong>Abraham.</strong></span> <span class='ocrx_word' id='word_1_294' title='bbox 1357 2520 1625 2585; x_wconf 84' lang='lat' dir='ltr'><strong>Quoniam</strong></span> <span class='ocrx_word' id='word_1_295' title='bbox 1650 2518 1743 2573; x_wconf 90' lang='lat' dir='ltr'><strong>Del</strong></span> <span class='ocrx_word' id='word_1_296' title='bbox 1767 2518 1937 2574; x_wconf 81' lang='lat' dir='ltr'><strong>fortes</strong></span> <span class='ocrx_word' id='word_1_297' title='bbox 1961 2530 2125 2574; x_wconf 74' lang='lat' dir='ltr'><strong>terra:</strong></span> <span class='ocrx_word' id='word_1_298' title='bbox 2156 2521 2313 2575; x_wconf 80' lang='lat' dir='ltr'><strong>valde</strong></span> 
     </span>
    </p>
   </div>
   <div class='ocr_carea' id='block_1_39' title="bbox 729 2611 2313 2681">
    <p class='ocr_par' dir='ltr' id='par_1_39' title="bbox 729 2611 2313 2681">
     <span class='ocr_line' id='line_1_39' title="bbox 729 2611 2313 2681; baseline -0.001 -12"><span class='ocrx_word' id='word_1_299' title='bbox 729 2614 928 2669; x_wconf 70' lang='lat' dir='ltr'><strong>eiurati</strong></span> <span class='ocrx_word' id='word_1_300' title='bbox 960 2622 1089 2667; x_wconf 88' lang='lat' dir='ltr'><strong>sunt</strong></span> <span class='ocrx_word' id='word_1_301' title='bbox 1125 2613 1193 2665; x_wconf 67' lang='grc'><strong>’⁸.</strong></span> <span class='ocrx_word' id='word_1_302' title='bbox 1235 2631 1255 2665; x_wconf 68' lang='grc' dir='ltr'><strong>ι</strong></span> <span class='ocrx_word' id='word_1_303' title='bbox 1298 2611 1363 2665; x_wconf 84' lang='grc' dir='ltr'><strong>Ει</strong></span> <span class='ocrx_word' id='word_1_304' title='bbox 1402 2612 1453 2665; x_wconf 92' lang='lat' dir='ltr'><strong>in</strong></span> <span class='ocrx_word' id='word_1_305' title='bbox 1489 2612 1700 2681; x_wconf 84' lang='lat' dir='ltr'><strong>psalmo</strong></span> <span class='ocrx_word' id='word_1_306' title='bbox 1731 2612 2083 2681; x_wconf 87' lang='lat' dir='ltr'><strong>nonagesimo</strong></span> <span class='ocrx_word' id='word_1_307' title='bbox 2116 2625 2313 2667; x_wconf 78' lang='lat' dir='ltr'><strong>octavo</strong></span> 
     </span>
    </p>
   </div>
   <div class='ocr_carea' id='block_1_40' title="bbox 728 2702 2310 2776">
    <p class='ocr_par' dir='ltr' id='par_1_40' title="bbox 728 2702 2310 2776">
     <span class='ocr_line' id='line_1_40' title="bbox 728 2702 2310 2776; baseline -0.001 -16"><span class='ocrx_word' id='word_1_308' title='bbox 728 2705 1033 2776; x_wconf 75' lang='lat' dir='ltr'><strong>exprobrat</strong></span> <span class='ocrx_word' id='word_1_309' title='bbox 1077 2706 1232 2759; x_wconf 83' lang='lat' dir='ltr'><strong>vobis</strong></span> <span class='ocrx_word' id='word_1_310' title='bbox 1262 2702 1507 2772; x_wconf 85' lang='lat' dir='ltr'><strong>Spiritus</strong></span> <span class='ocrx_word' id='word_1_311' title='bbox 1552 2713 1818 2768; x_wconf 83' lang='lat' dir='ltr'><strong>sanctus,</strong></span> <span class='ocrx_word' id='word_1_312' title='bbox 1870 2714 1925 2759; x_wconf 86' lang='lat' dir='ltr'><strong>et</strong></span> <span class='ocrx_word' id='word_1_313' title='bbox 1962 2704 2106 2761; x_wconf 86' lang='lat' dir='ltr'><strong>hunc</strong></span> <span class='ocrx_word' id='word_1_314' title='bbox 2148 2722 2310 2775; x_wconf 86' lang='lat' dir='ltr'><strong>quem</strong></span> 
     </span>
    </p>
   </div>
   <div class='ocr_carea' id='block_1_41' title="bbox 729 2797 2314 2867">
    <p class='ocr_par' dir='ltr' id='par_1_41' title="bbox 729 2797 2314 2867">
     <span class='ocr_line' id='line_1_41' title="bbox 729 2797 2314 2867; baseline 0 -15"><span class='ocrx_word' id='word_1_315' title='bbox 729 2812 836 2852; x_wconf 86' lang='lat' dir='ltr'><strong>non</strong></span> <span class='ocrx_word' id='word_1_316' title='bbox 876 2798 1039 2851; x_wconf 81' lang='lat' dir='ltr'><strong>vultis</strong></span> <span class='ocrx_word' id='word_1_317' title='bbox 1076 2812 1261 2865; x_wconf 89' lang='lat' dir='ltr'><strong>regem</strong></span> <span class='ocrx_word' id='word_1_318' title='bbox 1298 2809 1443 2859; x_wconf 86' lang='lat' dir='ltr'><strong>esse,</strong></span> <span class='ocrx_word' id='word_1_319' title='bbox 1482 2810 1660 2867; x_wconf 85' lang='lat' dir='ltr'><strong>regem</strong></span> <span class='ocrx_word' id='word_1_320' title='bbox 1710 2808 1769 2851; x_wconf 88' lang='lat' dir='ltr'><strong>et</strong></span> <span class='ocrx_word' id='word_1_321' title='bbox 1800 2797 2088 2853; x_wconf 90' lang='lat' dir='ltr'><strong>Dominum</strong></span> <span class='ocrx_word' id='word_1_322' title='bbox 2123 2809 2176 2853; x_wconf 92' lang='lat' dir='ltr'><strong>et</strong></span> <span class='ocrx_word' id='word_1_323' title='bbox 2212 2799 2314 2854; x_wconf 83' lang='lat' dir='ltr'><strong>Sa-</strong></span> 
     </span>
    </p>
   </div>
   <div class='ocr_carea' id='block_1_42' title="bbox 728 2888 2314 2960">
    <p class='ocr_par' dir='ltr' id='par_1_42' title="bbox 728 2888 2314 2960">
     <span class='ocr_line' id='line_1_42' title="bbox 728 2888 2314 2960; baseline 0.001 -17"><span class='ocrx_word' id='word_1_324' title='bbox 728 2890 926 2945; x_wconf 86' lang='lat' dir='ltr'><strong>muelis</strong></span> <span class='ocrx_word' id='word_1_325' title='bbox 981 2900 1037 2944; x_wconf 87' lang='lat' dir='ltr'><strong>et</strong></span> <span class='ocrx_word' id='word_1_326' title='bbox 1092 2890 1328 2944; x_wconf 79' lang='lat' dir='ltr'><strong>Aarouis</strong></span> <span class='ocrx_word' id='word_1_327' title='bbox 1362 2898 1417 2944; x_wconf 87' lang='lat' dir='ltr'><strong>et</strong></span> <span class='ocrx_word' id='word_1_328' title='bbox 1450 2888 1653 2960; x_wconf 74' lang='lat' dir='ltr'><strong>onsis</strong></span> <span class='ocrx_word' id='word_1_329' title='bbox 1699 2900 1755 2945; x_wconf 92' lang='lat' dir='ltr'><strong>et</strong></span> <span class='ocrx_word' id='word_1_330' title='bbox 1782 2890 2027 2944; x_wconf 80' lang='lat' dir='ltr'><strong>aliorum</strong></span> <span class='ocrx_word' id='word_1_331' title='bbox 2082 2905 2314 2960; x_wconf 88' lang='lat' dir='ltr'><strong>prorsus</strong></span> 
     </span>
    </p>
   </div>
   <div class='ocr_carea' id='block_1_43' title="bbox 729 2980 2309 3054">
    <p class='ocr_par' dir='ltr' id='par_1_43' title="bbox 729 2980 2309 3054">
     <span class='ocr_line' id='line_1_43' title="bbox 729 2980 2309 3054; baseline 0.001 -17"><span class='ocrx_word' id='word_1_332' title='bbox 729 2986 972 3037; x_wconf 87' lang='lat' dir='ltr'><strong>omnium</strong></span> <span class='ocrx_word' id='word_1_333' title='bbox 993 2995 1116 3037; x_wconf 89' lang='lat' dir='ltr'><strong>esse</strong></span> <span class='ocrx_word' id='word_1_334' title='bbox 1138 2980 1406 3037; x_wconf 82' lang='lat' dir='ltr'><strong>declarat.</strong></span> <span class='ocrx_word' id='word_1_335' title='bbox 1431 2982 1570 3038; x_wconf 90' lang='lat' dir='ltr'><strong>Sunt</strong></span> <span class='ocrx_word' id='word_1_336' title='bbox 1596 2997 1726 3037; x_wconf 90' lang='lat' dir='ltr'><strong>vero</strong></span> <span class='ocrx_word' id='word_1_337' title='bbox 1750 2983 1944 3054; x_wconf 84' lang='lat' dir='ltr'><strong>psalmi</strong></span> <span class='ocrx_word' id='word_1_338' title='bbox 1966 2984 2129 3038; x_wconf 89' lang='lat' dir='ltr'><strong>verba</strong></span> <span class='ocrx_word' id='word_1_339' title='bbox 2159 2984 2309 3039; x_wconf 63' lang='lat' dir='ltr'><strong>hac:</strong></span> 
     </span>
    </p>
   </div>
   <div class='ocr_carea' id='block_1_44' title="bbox 734 3072 2313 3145">
    <p class='ocr_par' dir='ltr' id='par_1_44' title="bbox 734 3072 2313 3145">
     <span class='ocr_line' id='line_1_44' title="bbox 734 3072 2313 3145; baseline 0.004 -20"><span class='ocrx_word' id='word_1_340' title='bbox 734 3091 754 3125; x_wconf 83' lang='grc' dir='ltr'><strong>ι</strong></span> <span class='ocrx_word' id='word_1_341' title='bbox 797 3072 1059 3129; x_wconf 85' lang='lat' dir='ltr'><strong>Dominus</strong></span> <span class='ocrx_word' id='word_1_342' title='bbox 1096 3075 1389 3145; x_wconf 86' lang='lat' dir='ltr'><strong>regnavit;</strong></span> <span class='ocrx_word' id='word_1_343' title='bbox 1430 3075 1738 3130; x_wconf 86' lang='lat' dir='ltr'><strong>irascantur</strong></span> <span class='ocrx_word' id='word_1_344' title='bbox 1764 3074 1995 3145; x_wconf 80' lang='lat' dir='ltr'><strong>populi;</strong></span> <span class='ocrx_word' id='word_1_345' title='bbox 2028 3076 2120 3145; x_wconf 84' lang='lat' dir='ltr'><strong>qui</strong></span> <span class='ocrx_word' id='word_1_346' title='bbox 2158 3078 2313 3132; x_wconf 86' lang='lat' dir='ltr'><strong>sedet</strong></span> 
     </span>
    </p>
   </div>
   <div class='ocr_carea' id='block_1_45' title="bbox 727 3163 2307 3233">
    <p class='ocr_par' dir='ltr' id='par_1_45' title="bbox 727 3163 2307 3233">
     <span class='ocr_line' id='line_1_45' title="bbox 727 3163 2307 3233; baseline 0.005 -17"><span class='ocrx_word' id='word_1_347' title='bbox 727 3177 894 3233; x_wconf 84' lang='lat' dir='ltr'><strong>super</strong></span> <span class='ocrx_word' id='word_1_348' title='bbox 922 3163 1233 3231; x_wconf 85' lang='lat' dir='ltr'><strong>cherubim,</strong></span> <span class='ocrx_word' id='word_1_349' title='bbox 1275 3174 1689 3221; x_wconf 79' lang='lat' dir='ltr'><strong>commoveatur</strong></span> <span class='ocrx_word' id='word_1_350' title='bbox 1748 3175 1914 3221; x_wconf 86' lang='lat' dir='ltr'><strong>terra.</strong></span> <span class='ocrx_word' id='word_1_351' title='bbox 1954 3168 2219 3224; x_wconf 87' lang='lat' dir='ltr'><strong>Dominus</strong></span> <span class='ocrx_word' id='word_1_352' title='bbox 2255 3169 2307 3224; x_wconf 93' lang='lat' dir='ltr'><strong>in</strong></span> 
     </span>
    </p>
   </div>
   <div class='ocr_carea' id='block_1_46' title="bbox 728 3254 2309 3329">
    <p class='ocr_par' dir='ltr' id='par_1_46' title="bbox 728 3254 2309 3329">
     <span class='ocr_line' id='line_1_46' title="bbox 728 3254 2309 3329; baseline 0.004 -22"><span class='ocrx_word' id='word_1_353' title='bbox 728 3254 862 3309; x_wconf 82' lang='lat' dir='ltr'><strong>Sion</strong></span> <span class='ocrx_word' id='word_1_354' title='bbox 889 3269 1146 3327; x_wconf 82' lang='lat' dir='ltr'><strong>magnus.</strong></span> <span class='ocrx_word' id='word_1_355' title='bbox 1175 3264 1230 3310; x_wconf 90' lang='lat' dir='ltr'><strong>et</strong></span> <span class='ocrx_word' id='word_1_356' title='bbox 1252 3256 1506 3310; x_wconf 77' lang='lat' dir='ltr'><strong>excelsus</strong></span> <span class='ocrx_word' id='word_1_357' title='bbox 1530 3264 1617 3312; x_wconf 84' lang='lat' dir='ltr'><strong>est</strong></span> <span class='ocrx_word' id='word_1_358' title='bbox 1637 3271 1804 3327; x_wconf 86' lang='lat' dir='ltr'><strong>super</strong></span> <span class='ocrx_word' id='word_1_359' title='bbox 1837 3273 2028 3313; x_wconf 85' lang='lat' dir='ltr'><strong>omnes</strong></span> <span class='ocrx_word' id='word_1_360' title='bbox 2061 3260 2309 3329; x_wconf 86' lang='lat' dir='ltr'><strong>populos.</strong></span> 
     </span>
    </p>
   </div>
   <div class='ocr_carea' id='block_1_47' title="bbox 728 3346 2311 3421">
    <p class='ocr_par' dir='ltr' id='par_1_47' title="bbox 728 3346 2311 3421">
     <span class='ocr_line' id='line_1_47' title="bbox 728 3346 2311 3421; baseline 0.003 -18"><span class='ocrx_word' id='word_1_361' title='bbox 728 3346 1118 3403; x_wconf 82' lang='lat' dir='ltr'><strong>Conl‘lteantur</strong></span> <span class='ocrx_word' id='word_1_362' title='bbox 1140 3347 1351 3403; x_wconf 86' lang='lat' dir='ltr'><strong>nomini</strong></span> <span class='ocrx_word' id='word_1_363' title='bbox 1382 3358 1475 3403; x_wconf 89' lang='lat' dir='ltr'><strong>tuo</strong></span> <span class='ocrx_word' id='word_1_364' title='bbox 1497 3364 1729 3421; x_wconf 85' lang='lat' dir='ltr'><strong>magno;</strong></span> <span class='ocrx_word' id='word_1_365' title='bbox 1756 3353 2016 3420; x_wconf 83' lang='lat' dir='ltr'><strong>quoniam</strong></span> <span class='ocrx_word' id='word_1_366' title='bbox 2046 3354 2311 3421; x_wconf 85' lang='lat' dir='ltr'><strong>terribile,</strong></span> 
     </span>
    </p>
   </div>
   <div class='ocr_carea' id='block_1_48' title="bbox 722 3443 2312 3516">
    <p class='ocr_par' dir='ltr' id='par_1_48' title="bbox 722 3443 2312 3516">
     <span class='ocr_line' id='line_1_48' title="bbox 722 3443 2312 3516; baseline 0.003 -22"><span class='ocrx_word' id='word_1_367' title='bbox 722 3449 783 3495; x_wconf 88' lang='lat' dir='ltr'><strong>et</strong></span> <span class='ocrx_word' id='word_1_368' title='bbox 814 3451 1063 3495; x_wconf 86' lang='lat' dir='ltr'><strong>sanctum</strong></span> <span class='ocrx_word' id='word_1_369' title='bbox 1096 3452 1203 3507; x_wconf 83' lang='lat' dir='ltr'><strong>est;</strong></span> <span class='ocrx_word' id='word_1_370' title='bbox 1233 3450 1289 3497; x_wconf 86' lang='lat' dir='ltr'><strong>et</strong></span> <span class='ocrx_word' id='word_1_371' title='bbox 1324 3443 1501 3497; x_wconf 87' lang='lat' dir='ltr'><strong>honor</strong></span> <span class='ocrx_word' id='word_1_372' title='bbox 1530 3443 1673 3513; x_wconf 87' lang='lat' dir='ltr'><strong>regis</strong></span> <span class='ocrx_word' id='word_1_373' title='bbox 1695 3443 1966 3514; x_wconf 84' lang='lat' dir='ltr'><strong>judicium</strong></span> <span class='ocrx_word' id='word_1_374' title='bbox 1996 3444 2197 3516; x_wconf 88' lang='lat' dir='ltr'><strong>diligit.</strong></span> <span class='ocrx_word' id='word_1_375' title='bbox 2233 3447 2312 3499; x_wconf 87' lang='lat' dir='ltr'><strong>Tu</strong></span> 
     </span>
    </p>
   </div>
   <div class='ocr_carea' id='block_1_49' title="bbox 728 3531 2314 3601">
    <p class='ocr_par' dir='ltr' id='par_1_49' title="bbox 728 3531 2314 3601">
     <span class='ocr_line' id='line_1_49' title="bbox 728 3531 2314 3601; baseline 0.004 -17"><span class='ocrx_word' id='word_1_376' title='bbox 728 3532 939 3600; x_wconf 83' lang='lat' dir='ltr'><strong>parasti</strong></span> <span class='ocrx_word' id='word_1_377' title='bbox 974 3531 1309 3587; x_wconf 88' lang='lat' dir='ltr'><strong>directiones</strong></span> <span class='ocrx_word' id='word_1_378' title='bbox 1343 3549 1359 3586; x_wconf 86' lang='lat'><strong>:</strong></span> <span class='ocrx_word' id='word_1_379' title='bbox 1388 3532 1652 3600; x_wconf 80' lang='lat' dir='ltr'><strong>judicium</strong></span> <span class='ocrx_word' id='word_1_380' title='bbox 1692 3544 1749 3589; x_wconf 91' lang='lat' dir='ltr'><strong>et</strong></span> <span class='ocrx_word' id='word_1_381' title='bbox 1776 3534 2045 3601; x_wconf 85' lang='lat' dir='ltr'><strong>justitiam</strong></span> <span class='ocrx_word' id='word_1_382' title='bbox 2073 3536 2314 3591; x_wconf 78' lang='lat' dir='ltr'><strong>inJacob</strong></span> 
     </span>
    </p>
   </div>
   <div class='ocr_carea' id='block_1_50' title="bbox 729 3624 2317 3695">
    <p class='ocr_par' dir='ltr' id='par_1_50' title="bbox 729 3624 2317 3695">
     <span class='ocr_line' id='line_1_50' title="bbox 729 3624 2317 3695; baseline 0.004 -17"><span class='ocrx_word' id='word_1_383' title='bbox 729 3634 786 3678; x_wconf 93' lang='lat' dir='ltr'><strong>tu</strong></span> <span class='ocrx_word' id='word_1_384' title='bbox 826 3624 1031 3681; x_wconf 83' lang='lat' dir='ltr'><strong>fecisti.</strong></span> <span class='ocrx_word' id='word_1_385' title='bbox 1084 3626 1338 3681; x_wconf 76' lang='lat' dir='ltr'><strong>Exaltate</strong></span> <span class='ocrx_word' id='word_1_386' title='bbox 1377 3627 1672 3682; x_wconf 85' lang='lat' dir='ltr'><strong>Dominum</strong></span> <span class='ocrx_word' id='word_1_387' title='bbox 1721 3628 1893 3683; x_wconf 88' lang='lat' dir='ltr'><strong>Deum</strong></span> <span class='ocrx_word' id='word_1_388' title='bbox 1943 3641 2224 3695; x_wconf 80' lang='lat' dir='ltr'><strong>nostrum;</strong></span> <span class='ocrx_word' id='word_1_389' title='bbox 2262 3643 2317 3685; x_wconf 89' lang='lat' dir='ltr'><strong>et</strong></span> 
     </span>
    </p>
   </div>
   <div class='ocr_carea' id='block_1_51' title="bbox 726 3718 2315 3797">
    <p class='ocr_par' dir='ltr' id='par_1_51' title="bbox 726 3718 2315 3797">
     <span class='ocr_line' id='line_1_51' title="bbox 726 3718 2315 3797; baseline 0.003 -25"><span class='ocrx_word' id='word_1_390' title='bbox 726 3718 953 3772; x_wconf 84' lang='lat' dir='ltr'><strong>adorate</strong></span> <span class='ocrx_word' id='word_1_391' title='bbox 986 3719 1525 3797; x_wconf 3' lang='lat' dir='ltr'><strong>scabellnmjpedum</strong></span> <span class='ocrx_word' id='word_1_392' title='bbox 1578 3719 1717 3789; x_wconf 86' lang='lat' dir='ltr'><strong>ejus,</strong></span> <span class='ocrx_word' id='word_1_393' title='bbox 1774 3723 2034 3791; x_wconf 88' lang='lat' dir='ltr'><strong>quoniam</strong></span> <span class='ocrx_word' id='word_1_394' title='bbox 2092 3734 2315 3777; x_wconf 67' lang='lat' dir='ltr'><strong>sanctius</strong></span> 
     </span>
    </p>
   </div>
   <div class='ocr_carea' id='block_1_52' title="bbox 725 3809 2303 3881">
    <p class='ocr_par' dir='ltr' id='par_1_52' title="bbox 725 3809 2303 3881">
     <span class='ocr_line' id='line_1_52' title="bbox 725 3809 2303 3881; baseline 0.001 -18"><span class='ocrx_word' id='word_1_395' title='bbox 725 3820 832 3865; x_wconf 86' lang='lat' dir='ltr'><strong>est.</strong></span> <span class='ocrx_word' id='word_1_396' title='bbox 870 3809 1089 3879; x_wconf 78' lang='lat' dir='ltr'><strong>Moyses</strong></span> <span class='ocrx_word' id='word_1_397' title='bbox 1132 3820 1189 3864; x_wconf 88' lang='lat' dir='ltr'><strong>et</strong></span> <span class='ocrx_word' id='word_1_398' title='bbox 1226 3810 1408 3865; x_wconf 79' lang='lat' dir='ltr'><strong>Aaron</strong></span> <span class='ocrx_word' id='word_1_399' title='bbox 1437 3810 1489 3865; x_wconf 93' lang='lat' dir='ltr'><strong>in</strong></span> <span class='ocrx_word' id='word_1_400' title='bbox 1517 3814 1893 3867; x_wconf 81' lang='lat' dir='ltr'><strong>sacerdotibus</strong></span> <span class='ocrx_word' id='word_1_401' title='bbox 1929 3814 2084 3881; x_wconf 86' lang='lat' dir='ltr'><strong>ejus;</strong></span> <span class='ocrx_word' id='word_1_402' title='bbox 2118 3823 2172 3867; x_wconf 90' lang='lat' dir='ltr'><strong>et</strong></span> <span class='ocrx_word' id='word_1_403' title='bbox 2210 3812 2303 3866; x_wconf 56' lang='lat' dir='ltr'><strong>Sa.</strong></span> 
     </span>
    </p>
   </div>
   <div class='ocr_carea' id='block_1_53' title="bbox 726 3902 2313 3976">
    <p class='ocr_par' dir='ltr' id='par_1_53' title="bbox 726 3902 2313 3976">
     <span class='ocr_line' id='line_1_53' title="bbox 726 3902 2313 3976; baseline 0.002 -23"><span class='ocrx_word' id='word_1_404' title='bbox 726 3902 869 3955; x_wconf 89' lang='lat' dir='ltr'><strong>muel</strong></span> <span class='ocrx_word' id='word_1_405' title='bbox 907 3902 1055 3957; x_wconf 88' lang='lat' dir='ltr'><strong>inter</strong></span> <span class='ocrx_word' id='word_1_406' title='bbox 1092 3917 1187 3958; x_wconf 88' lang='lat' dir='ltr'><strong>eos</strong></span> <span class='ocrx_word' id='word_1_407' title='bbox 1214 3905 1308 3973; x_wconf 89' lang='lat' dir='ltr'><strong>qui</strong></span> <span class='ocrx_word' id='word_1_408' title='bbox 1358 3906 1620 3959; x_wconf 82' lang='lat' dir='ltr'><strong>invocant</strong></span> <span class='ocrx_word' id='word_1_409' title='bbox 1656 3920 1857 3960; x_wconf 91' lang='lat' dir='ltr'><strong>nomen</strong></span> <span class='ocrx_word' id='word_1_410' title='bbox 1904 3906 2046 3976; x_wconf 83' lang='lat' dir='ltr'><strong>ejus.</strong></span> <span class='ocrx_word' id='word_1_411' title='bbox 2088 3904 2313 3959; x_wconf 75' lang='lat' dir='ltr'><strong>lnvora-</strong></span> 
     </span>
    </p>
   </div>
   <div class='ocr_carea' id='block_1_54' title="bbox 724 3994 2315 4067">
    <p class='ocr_par' dir='ltr' id='par_1_54' title="bbox 724 3994 2315 4067">
     <span class='ocr_line' id='line_1_54' title="bbox 724 3994 2315 4067; baseline 0.003 -21"><span class='ocrx_word' id='word_1_412' title='bbox 724 3994 859 4048; x_wconf 86' lang='lat' dir='ltr'><strong>baut</strong></span> <span class='ocrx_word' id='word_1_413' title='bbox 886 3995 988 4066; x_wconf 89' lang='lat' dir='ltr'><strong>(ait</strong></span> <span class='ocrx_word' id='word_1_414' title='bbox 1029 3994 1341 4067; x_wconf 80' lang='lat' dir='ltr'><strong>Scriptura)</strong></span> <span class='ocrx_word' id='word_1_415' title='bbox 1382 3996 1705 4062; x_wconf 89' lang='lat' dir='ltr'><strong>Dominum;</strong></span> <span class='ocrx_word' id='word_1_416' title='bbox 1750 4006 1807 4051; x_wconf 91' lang='lat' dir='ltr'><strong>et</strong></span> <span class='ocrx_word' id='word_1_417' title='bbox 1842 3998 1957 4067; x_wconf 91' lang='lat' dir='ltr'><strong>ipse</strong></span> <span class='ocrx_word' id='word_1_418' title='bbox 1988 3998 2315 4052; x_wconf 77' lang='lat' dir='ltr'><strong>exaudiebat</strong></span> 
     </span>
    </p>
   </div>
   <div class='ocr_carea' id='block_1_55' title="bbox 724 4087 2315 4158">
    <p class='ocr_par' dir='ltr' id='par_1_55' title="bbox 724 4087 2315 4158">
     <span class='ocr_line' id='line_1_55' title="bbox 724 4087 2315 4158; baseline 0 -17"><span class='ocrx_word' id='word_1_419' title='bbox 724 4101 858 4150; x_wconf 88' lang='lat' dir='ltr'><strong>eos;</strong></span> <span class='ocrx_word' id='word_1_420' title='bbox 897 4089 949 4142; x_wconf 90' lang='lat' dir='ltr'><strong>in</strong></span> <span class='ocrx_word' id='word_1_421' title='bbox 988 4087 1243 4149; x_wconf 86' lang='lat' dir='ltr'><strong>columna</strong></span> <span class='ocrx_word' id='word_1_422' title='bbox 1277 4089 1436 4145; x_wconf 88' lang='lat' dir='ltr'><strong>nubis</strong></span> <span class='ocrx_word' id='word_1_423' title='bbox 1467 4088 1797 4158; x_wconf 85' lang='lat' dir='ltr'><strong>loquebatur</strong></span> <span class='ocrx_word' id='word_1_424' title='bbox 1824 4090 1891 4143; x_wconf 89' lang='lat' dir='ltr'><strong>ad</strong></span> <span class='ocrx_word' id='word_1_425' title='bbox 1919 4104 2033 4144; x_wconf 90' lang='lat' dir='ltr'><strong>eos.</strong></span> <span class='ocrx_word' id='word_1_426' title='bbox 2063 4090 2199 4157; x_wconf 82' lang='lat' dir='ltr'><strong>Quia</strong></span> <span class='ocrx_word' id='word_1_427' title='bbox 2224 4106 2315 4142; x_wconf 87' lang='lat' dir='ltr'><strong>cu-</strong></span> 
     </span>
    </p>
   </div>
   <div class='ocr_carea' id='block_1_56' title="bbox 726 4180 2313 4253">
    <p class='ocr_par' dir='ltr' id='par_1_56' title="bbox 726 4180 2313 4253">
     <span class='ocr_line' id='line_1_56' title="bbox 726 4180 2313 4253; baseline 0.001 -17"><span class='ocrx_word' id='word_1_428' title='bbox 726 4181 1039 4236; x_wconf 74' lang='lat' dir='ltr'><strong>Stodiebant</strong></span> <span class='ocrx_word' id='word_1_429' title='bbox 1096 4180 1412 4235; x_wconf 84' lang='lat' dir='ltr'><strong>testimonia</strong></span> <span class='ocrx_word' id='word_1_430' title='bbox 1467 4180 1607 4249; x_wconf 84' lang='lat' dir='ltr'><strong>ejus,</strong></span> <span class='ocrx_word' id='word_1_431' title='bbox 1644 4191 1699 4235; x_wconf 90' lang='lat' dir='ltr'><strong>et</strong></span> <span class='ocrx_word' id='word_1_432' title='bbox 1758 4193 2113 4251; x_wconf 62' lang='lat' dir='ltr'><strong>praeceptum,</strong></span> <span class='ocrx_word' id='word_1_433' title='bbox 2169 4187 2313 4253; x_wconf 87' lang='lat' dir='ltr'><strong>quod</strong></span> 
     </span>
    </p>
   </div>
   <div class='ocr_carea' id='block_1_57' title="bbox 725 4274 2312 4344">
    <p class='ocr_par' dir='ltr' id='par_1_57' title="bbox 725 4274 2312 4344">
     <span class='ocr_line' id='line_1_57' title="bbox 725 4274 2312 4344; baseline 0.002 -18"><span class='ocrx_word' id='word_1_434' title='bbox 725 4274 875 4327; x_wconf 88' lang='lat' dir='ltr'><strong>dedit</strong></span> <span class='ocrx_word' id='word_1_435' title='bbox 909 4274 1033 4327; x_wconf 90' lang='lat' dir='ltr'><strong>illis.</strong></span> <span class='ocrx_word' id='word_1_436' title='bbox 1058 4274 1283 4328; x_wconf 89' lang='lat' dir='ltr'><strong>Domine</strong></span> <span class='ocrx_word' id='word_1_437' title='bbox 1302 4274 1442 4328; x_wconf 87' lang='lat' dir='ltr'><strong>Deus</strong></span> <span class='ocrx_word' id='word_1_438' title='bbox 1478 4284 1689 4339; x_wconf 83' lang='lat' dir='ltr'><strong>noster,</strong></span> <span class='ocrx_word' id='word_1_439' title='bbox 1730 4284 1789 4328; x_wconf 92' lang='lat' dir='ltr'><strong>tu</strong></span> <span class='ocrx_word' id='word_1_440' title='bbox 1816 4277 2150 4332; x_wconf 78' lang='lat' dir='ltr'><strong>exaudiebas</strong></span> <span class='ocrx_word' id='word_1_441' title='bbox 2185 4295 2312 4344; x_wconf 66' lang='lat' dir='ltr'><strong>eos;</strong></span> 
     </span>
    </p>
   </div>
   <div class='ocr_carea' id='block_1_58' title="bbox 727 4365 2316 4437">
    <p class='ocr_par' dir='ltr' id='par_1_58' title="bbox 727 4365 2316 4437">
     <span class='ocr_line' id='line_1_58' title="bbox 727 4365 2316 4437; baseline 0.003 -19"><span class='ocrx_word' id='word_1_442' title='bbox 727 4366 894 4429; x_wconf 73' lang='lat' dir='ltr'><strong>Deus,</strong></span> <span class='ocrx_word' id='word_1_443' title='bbox 929 4375 983 4419; x_wconf 92' lang='lat' dir='ltr'><strong>tu</strong></span> <span class='ocrx_word' id='word_1_444' title='bbox 1014 4368 1283 4437; x_wconf 86' lang='lat' dir='ltr'><strong>propitius</strong></span> <span class='ocrx_word' id='word_1_445' title='bbox 1319 4365 1468 4435; x_wconf 82' lang='lat' dir='ltr'><strong>fuisti</strong></span> <span class='ocrx_word' id='word_1_446' title='bbox 1505 4368 1607 4431; x_wconf 86' lang='lat' dir='ltr'><strong>eis,</strong></span> <span class='ocrx_word' id='word_1_447' title='bbox 1645 4378 1700 4421; x_wconf 84' lang='lat' dir='ltr'><strong>ct</strong></span> <span class='ocrx_word' id='word_1_448' title='bbox 1738 4368 2005 4424; x_wconf 85' lang='lat' dir='ltr'><strong>ulciscens</strong></span> <span class='ocrx_word' id='word_1_449' title='bbox 2046 4369 2101 4423; x_wconf 88' lang='lat' dir='ltr'><strong>in</strong></span> <span class='ocrx_word' id='word_1_450' title='bbox 2126 4384 2316 4424; x_wconf 77' lang='lat' dir='ltr'><strong>omnes</strong></span> 
     </span>
    </p>
   </div>
   <div class='ocr_carea' id='block_1_59' title="bbox 2420 1871 4002 1947">
    <p class='ocr_par' dir='ltr' id='par_1_59' title="bbox 2420 1871 4002 1947">
     <span class='ocr_line' id='line_1_59' title="bbox 2420 1871 4002 1947; baseline -0.001 -23"><span class='ocrx_word' id='word_1_451' title='bbox 2420 1872 2545 1941; x_wconf 84' lang='grc' dir='ltr'>μοῦ,</span> <span class='ocrx_word' id='word_1_452' title='bbox 2582 1873 2737 1945; x_wconf 71' lang='grc' dir='ltr'>ἔφην,</span> <span class='ocrx_word' id='word_1_453' title='bbox 2766 1876 2844 1937; x_wconf 74' lang='grc' dir='ltr'>εἰς</span> <span class='ocrx_word' id='word_1_454' title='bbox 2866 1875 2954 1927; x_wconf 88' lang='grc' dir='ltr'><strong>τὸν</strong></span> <span class='ocrx_word' id='word_1_455' title='bbox 2976 1875 3207 1947; x_wconf 85' lang='grc' dir='ltr'>Χριστὸν</span> <span class='ocrx_word' id='word_1_456' title='bbox 3231 1873 3403 1938; x_wconf 79' lang='grc' dir='ltr'>οὕτως</span> <span class='ocrx_word' id='word_1_457' title='bbox 3431 1874 3643 1946; x_wconf 80' lang='grc' dir='ltr'>εἴρηται</span> <span class='ocrx_word' id='word_1_458' title='bbox 3664 1889 3676 1902; x_wconf 89' lang='grc'><strong>·</strong></span> <span class='ocrx_word' id='word_1_459' title='bbox 3708 1892 3725 1923; x_wconf 81' lang='grc' dir='ltr'><strong>ι</strong></span> <span class='ocrx_word' id='word_1_460' title='bbox 3764 1871 3955 1942; x_wconf 78' lang='grc' dir='ltr'>Ἀνέϐη</span> <span class='ocrx_word' id='word_1_461' title='bbox 3975 1872 4002 1922; x_wconf 89' lang='lat'><strong>6</strong></span> 
     </span>
    </p>
   </div>
   <div class='ocr_carea' id='block_1_60' title="bbox 2416 1962 4000 2038">
    <p class='ocr_par' dir='ltr' id='par_1_60' title="bbox 2416 1962 4000 2038">
     <span class='ocr_line' id='line_1_60' title="bbox 2416 1962 4000 2038; baseline 0.001 -24"><span class='ocrx_word' id='word_1_462' title='bbox 2416 1962 2548 2026; x_wconf 87' lang='grc' dir='ltr'>Θεὸς</span> <span class='ocrx_word' id='word_1_463' title='bbox 2566 1967 2621 2016; x_wconf 83' lang='grc' dir='ltr'><strong>ἐν</strong></span> <span class='ocrx_word' id='word_1_464' title='bbox 2637 1965 2958 2037; x_wconf 80' lang='grc' dir='ltr'><strong>ἀλαλαγμῷ,</strong></span> <span class='ocrx_word' id='word_1_465' title='bbox 2975 1966 3178 2038; x_wconf 78' lang='grc' dir='ltr'>Κύριος</span> <span class='ocrx_word' id='word_1_466' title='bbox 3202 1968 3258 2019; x_wconf 90' lang='grc' dir='ltr'><strong>ἐν</strong></span> <span class='ocrx_word' id='word_1_467' title='bbox 3276 1968 3424 2037; x_wconf 81' lang='grc' dir='ltr'>φωνῇ</span> <span class='ocrx_word' id='word_1_468' title='bbox 3446 1966 3763 2033; x_wconf 78' lang='grc' dir='ltr'>σάλπιγγος.</span> <span class='ocrx_word' id='word_1_469' title='bbox 3784 1965 4000 2017; x_wconf 72' lang='grc' dir='ltr'>Ψάλατε</span> 
     </span>
    </p>
   </div>
   <div class='ocr_carea' id='block_1_61' title="bbox 2416 2054 4003 2128">
    <p class='ocr_par' dir='ltr' id='par_1_61' title="bbox 2416 2054 4003 2128">
     <span class='ocr_line' id='line_1_61' title="bbox 2416 2054 4003 2128; baseline -0.006 -12"><span class='ocrx_word' id='word_1_470' title='bbox 2416 2054 2493 2124; x_wconf 76' lang='grc' dir='ltr'>τῷ</span> <span class='ocrx_word' id='word_1_471' title='bbox 2525 2056 2642 2127; x_wconf 79' lang='grc' dir='ltr'>Θεῷ</span> <span class='ocrx_word' id='word_1_472' title='bbox 2661 2057 2837 2128; x_wconf 75' lang='grc' dir='ltr'>ἡμῶν,</span> <span class='ocrx_word' id='word_1_473' title='bbox 2872 2058 3075 2127; x_wconf 65' lang='grc' dir='ltr'>ψάλατε</span> <span class='ocrx_word' id='word_1_474' title='bbox 3097 2075 3110 2087; x_wconf 71' lang='grc'><strong>⁸</strong></span> <span class='ocrx_word' id='word_1_475' title='bbox 3135 2056 3342 2128; x_wconf 67' lang='grc' dir='ltr'>ψάλατε</span> <span class='ocrx_word' id='word_1_476' title='bbox 3470 2056 3688 2110; x_wconf 82' lang='grc' dir='ltr'>Βασιλεῖ</span> <span class='ocrx_word' id='word_1_477' title='bbox 3709 2058 3742 2126; x_wconf 82' lang='grc' dir='ltr'><strong>η</strong></span> <span class='ocrx_word' id='word_1_478' title='bbox 3750 2056 3885 2124; x_wconf 82' lang='grc' dir='ltr'>μῶν,</span> <span class='ocrx_word' id='word_1_479' title='bbox 3907 2054 4003 2122; x_wconf 60' lang='grc' dir='ltr'><strong>φάο</strong></span> 
     </span>
    </p>
   </div>
   <div class='ocr_carea' id='block_1_62' title="bbox 2416 2144 4001 2221">
    <p class='ocr_par' dir='ltr' id='par_1_62' title="bbox 2416 2144 4001 2221">
     <span class='ocr_line' id='line_1_62' title="bbox 2416 2144 4001 2221; baseline 0.001 -23"><span class='ocrx_word' id='word_1_480' title='bbox 2416 2144 2543 2200; x_wconf 86' lang='grc' dir='ltr'>λατε</span> <span class='ocrx_word' id='word_1_481' title='bbox 2563 2164 2576 2177; x_wconf 84' lang='grc'><strong>·</strong></span> <span class='ocrx_word' id='word_1_482' title='bbox 2620 2150 2702 2200; x_wconf 87' lang='grc' dir='ltr'>ὃτι</span> <span class='ocrx_word' id='word_1_483' title='bbox 2746 2149 3010 2213; x_wconf 78' lang='grc' dir='ltr'>Βασιλεὺς</span> <span class='ocrx_word' id='word_1_484' title='bbox 3044 2149 3224 2220; x_wconf 90' lang='grc' dir='ltr'>πάσης</span> <span class='ocrx_word' id='word_1_485' title='bbox 3256 2150 3353 2221; x_wconf 82' lang='grc' dir='ltr'>τῆς</span> <span class='ocrx_word' id='word_1_486' title='bbox 3396 2149 3499 2220; x_wconf 82' lang='grc' dir='ltr'>γῆς</span> <span class='ocrx_word' id='word_1_487' title='bbox 3530 2150 3559 2201; x_wconf 93' lang='lat'><strong>6</strong></span> <span class='ocrx_word' id='word_1_488' title='bbox 3591 2148 3725 2212; x_wconf 83' lang='grc' dir='ltr'>Θεός</span> <span class='ocrx_word' id='word_1_489' title='bbox 3746 2166 3759 2177; x_wconf 90' lang='grc'><strong>·</strong></span> <span class='ocrx_word' id='word_1_490' title='bbox 3796 2148 4001 2216; x_wconf 77' lang='grc' dir='ltr'>ψάλατς</span> 
     </span>
    </p>
   </div>
   <div class='ocr_carea' id='block_1_63' title="bbox 2416 2239 4002 2313">
    <p class='ocr_par' dir='ltr' id='par_1_63' title="bbox 2416 2239 4002 2313">
     <span class='ocr_line' id='line_1_63' title="bbox 2416 2239 4002 2313; baseline 0.003 -22"><span class='ocrx_word' id='word_1_491' title='bbox 2416 2239 2671 2303; x_wconf 80' lang='grc' dir='ltr'>συνετῶς.</span> <span class='ocrx_word' id='word_1_492' title='bbox 2722 2241 3098 2297; x_wconf 78' lang='grc' dir='ltr'>Ἐϐασίλευσεν</span> <span class='ocrx_word' id='word_1_493' title='bbox 3127 2245 3155 2296; x_wconf 92' lang='lat'><strong>6</strong></span> <span class='ocrx_word' id='word_1_494' title='bbox 3186 2242 3320 2305; x_wconf 87' lang='grc' dir='ltr'>Θεὸς</span> <span class='ocrx_word' id='word_1_495' title='bbox 3354 2242 3447 2293; x_wconf 67' lang='grc' dir='ltr'>ἐπὶ</span> <span class='ocrx_word' id='word_1_496' title='bbox 3485 2242 3553 2295; x_wconf 85' lang='grc' dir='ltr'><strong>τὰ</strong></span> <span class='ocrx_word' id='word_1_497' title='bbox 3585 2240 3736 2313; x_wconf 73' lang='grc' dir='ltr'>ἔθνη.</span> <span class='ocrx_word' id='word_1_498' title='bbox 3783 2242 3840 2295; x_wconf 86' lang='lat'><strong>&#39;0</strong></span> <span class='ocrx_word' id='word_1_499' title='bbox 3871 2241 4002 2303; x_wconf 87' lang='grc' dir='ltr'>Θεὸς</span> 
     </span>
    </p>
   </div>
   <div class='ocr_carea' id='block_1_64' title="bbox 2417 2332 4004 2406">
    <p class='ocr_par' dir='ltr' id='par_1_64' title="bbox 2417 2332 4004 2406">
     <span class='ocr_line' id='line_1_64' title="bbox 2417 2332 4004 2406; baseline 0.002 -23"><span class='ocrx_word' id='word_1_500' title='bbox 2417 2332 2649 2404; x_wconf 81' lang='grc' dir='ltr'>κάθηται</span> <span class='ocrx_word' id='word_1_501' title='bbox 2697 2334 2789 2387; x_wconf 78' lang='grc' dir='ltr'>ἐπὶ</span> <span class='ocrx_word' id='word_1_502' title='bbox 2835 2334 3027 2406; x_wconf 80' lang='grc' dir='ltr'>θρόνου</span> <span class='ocrx_word' id='word_1_503' title='bbox 3066 2335 3227 2403; x_wconf 85' lang='grc' dir='ltr'>άγίου</span> <span class='ocrx_word' id='word_1_504' title='bbox 3276 2334 3464 2389; x_wconf 80' lang='grc' dir='ltr'>αὑτοῦ.</span> <span class='ocrx_word' id='word_1_505' title='bbox 3511 2336 3810 2406; x_wconf 81' lang='grc' dir='ltr'>’Δρχοντες</span> <span class='ocrx_word' id='word_1_506' title='bbox 3860 2334 4004 2388; x_wconf 83' lang='grc' dir='ltr'>λαῶν</span> 
     </span>
    </p>
   </div>
   <div class='ocr_carea' id='block_1_65' title="bbox 2417 2422 4000 2496">
    <p class='ocr_par' dir='ltr' id='par_1_65' title="bbox 2417 2422 4000 2496">
     <span class='ocr_line' id='line_1_65' title="bbox 2417 2422 4000 2496; baseline 0.003 -22"><span class='ocrx_word' id='word_1_507' title='bbox 2417 2422 2762 2495; x_wconf 82' lang='grc' dir='ltr'>συνήχθησαν</span> <span class='ocrx_word' id='word_1_508' title='bbox 2786 2425 2926 2495; x_wconf 75' lang='grc' dir='ltr'>μετὰ</span> <span class='ocrx_word' id='word_1_509' title='bbox 2956 2425 3049 2478; x_wconf 90' lang='grc' dir='ltr'><strong>τοῦ</strong></span> <span class='ocrx_word' id='word_1_510' title='bbox 3083 2424 3217 2478; x_wconf 84' lang='grc' dir='ltr'>Θεοῦ</span> <span class='ocrx_word' id='word_1_511' title='bbox 3260 2424 3531 2496; x_wconf 76' lang='grc' dir='ltr'>Ἀϐραὰμ,</span> <span class='ocrx_word' id='word_1_512' title='bbox 3560 2426 3642 2477; x_wconf 84' lang='grc' dir='ltr'>ὅτι</span> <span class='ocrx_word' id='word_1_513' title='bbox 3666 2424 3761 2478; x_wconf 85' lang='grc' dir='ltr'><strong>τοῦ</strong></span> <span class='ocrx_word' id='word_1_514' title='bbox 3789 2424 3925 2478; x_wconf 87' lang='grc' dir='ltr'>Θεοῦ</span> <span class='ocrx_word' id='word_1_515' title='bbox 3953 2425 4000 2478; x_wconf 78' lang='lat' dir='ltr'><strong>oi</strong></span> 
     </span>
    </p>
   </div>
   <div class='ocr_carea' id='block_1_66' title="bbox 2416 2514 4002 2587">
    <p class='ocr_par' dir='ltr' id='par_1_66' title="bbox 2416 2514 4002 2587">
     <span class='ocr_line' id='line_1_66' title="bbox 2416 2514 4002 2587; baseline 0 -20"><span class='ocrx_word' id='word_1_516' title='bbox 2416 2514 2668 2587; x_wconf 73' lang='grc' dir='ltr'>κραταιοὶ</span> <span class='ocrx_word' id='word_1_517' title='bbox 2690 2515 2789 2585; x_wconf 78' lang='grc' dir='ltr'>τῆς</span> <span class='ocrx_word' id='word_1_518' title='bbox 2808 2516 2910 2585; x_wconf 80' lang='grc' dir='ltr'>γῆς</span> <span class='ocrx_word' id='word_1_519' title='bbox 2936 2514 3143 2587; x_wconf 77' lang='grc' dir='ltr'>σφόδρα</span> <span class='ocrx_word' id='word_1_520' title='bbox 3161 2514 3501 2587; x_wconf 82' lang='grc' dir='ltr'>ἐπήρθησαν.</span> <span class='ocrx_word' id='word_1_521' title='bbox 3533 2534 3550 2565; x_wconf 73' lang='grc' dir='ltr'><strong>ι</strong></span> <span class='ocrx_word' id='word_1_522' title='bbox 3572 2514 3683 2567; x_wconf 62' lang='grc' dir='ltr'><strong>Καὶ⁵</strong></span> <span class='ocrx_word' id='word_1_523' title='bbox 3706 2516 3765 2567; x_wconf 85' lang='grc' dir='ltr'><strong>ἐν</strong></span> <span class='ocrx_word' id='word_1_524' title='bbox 3789 2518 4002 2584; x_wconf 85' lang='grc' dir='ltr'>ὲννενη-</span> 
     </span>
    </p>
   </div>
   <div class='ocr_carea' id='block_1_67' title="bbox 2417 2603 3997 2676">
    <p class='ocr_par' dir='ltr' id='par_1_67' title="bbox 2417 2603 3997 2676">
     <span class='ocr_line' id='line_1_67' title="bbox 2417 2603 3997 2676; baseline -0.001 -19"><span class='ocrx_word' id='word_1_525' title='bbox 2417 2604 2590 2675; x_wconf 79' lang='grc' dir='ltr'>κοστῷ</span> <span class='ocrx_word' id='word_1_526' title='bbox 2608 2604 2778 2675; x_wconf 78' lang='grc' dir='ltr'>ὀγδόῳ</span> <span class='ocrx_word' id='word_1_527' title='bbox 2789 2603 2990 2675; x_wconf 71' lang='grc' dir='ltr'>ψαλμῷ</span> <span class='ocrx_word' id='word_1_528' title='bbox 3008 2604 3252 2669; x_wconf 73' lang='grc' dir='ltr'>ὀνειδίζει</span> <span class='ocrx_word' id='word_1_529' title='bbox 3270 2604 3416 2676; x_wconf 79' lang='grc' dir='ltr'>ὑμᾶς</span> <span class='ocrx_word' id='word_1_530' title='bbox 3432 2605 3491 2658; x_wconf 89' lang='grc' dir='ltr'><strong>τὸ</strong></span> <span class='ocrx_word' id='word_1_531' title='bbox 3508 2604 3733 2674; x_wconf 88' lang='grc' dir='ltr'>Πνεῦμα</span> <span class='ocrx_word' id='word_1_532' title='bbox 3749 2604 3810 2656; x_wconf 82' lang='grc' dir='ltr'><strong>τὸ</strong></span> <span class='ocrx_word' id='word_1_533' title='bbox 3826 2606 3897 2672; x_wconf 82' lang='grc' dir='ltr'>ἇγ</span> <span class='ocrx_word' id='word_1_534' title='bbox 3905 2620 3997 2658; x_wconf 91' lang='grc' dir='ltr'>ιον·</span> 
     </span>
    </p>
   </div>
   <div class='ocr_carea' id='block_1_68' title="bbox 2419 2690 4001 2769">
    <p class='ocr_par' dir='ltr' id='par_1_68' title="bbox 2419 2690 4001 2769">
     <span class='ocr_line' id='line_1_68' title="bbox 2419 2690 4001 2769; baseline -0.004 -20"><span class='ocrx_word' id='word_1_535' title='bbox 2419 2698 2514 2750; x_wconf 74' lang='grc' dir='ltr'>καὶ</span> <span class='ocrx_word' id='word_1_536' title='bbox 2546 2696 2733 2751; x_wconf 89' lang='grc' dir='ltr'>τοῦτον</span> <span class='ocrx_word' id='word_1_537' title='bbox 2766 2698 2824 2751; x_wconf 87' lang='lat' dir='ltr'><strong>6v</strong></span> <span class='ocrx_word' id='word_1_538' title='bbox 2861 2696 2937 2769; x_wconf 82' lang='grc' dir='ltr'>μὴ</span> <span class='ocrx_word' id='word_1_539' title='bbox 2972 2696 3159 2750; x_wconf 85' lang='grc' dir='ltr'>θέλετε</span> <span class='ocrx_word' id='word_1_540' title='bbox 3193 2694 3423 2767; x_wconf 80' lang='grc' dir='ltr'>βασιλέα</span> <span class='ocrx_word' id='word_1_541' title='bbox 3456 2690 3613 2760; x_wconf 72' lang='grc' dir='ltr'>εἶναι,</span> <span class='ocrx_word' id='word_1_542' title='bbox 3646 2694 3877 2765; x_wconf 82' lang='grc' dir='ltr'>βασιλέα</span> <span class='ocrx_word' id='word_1_543' title='bbox 3910 2694 4001 2747; x_wconf 79' lang='grc' dir='ltr'>καὶ</span> 
     </span>
    </p>
   </div>
   <div class='ocr_carea' id='block_1_69' title="bbox 2416 2787 4000 2861">
    <p class='ocr_par' dir='ltr' id='par_1_69' title="bbox 2416 2787 4000 2861">
     <span class='ocr_line' id='line_1_69' title="bbox 2416 2787 4000 2861; baseline -0.003 -18"><span class='ocrx_word' id='word_1_544' title='bbox 2416 2790 2623 2861; x_wconf 80' lang='grc' dir='ltr'>Κύριον</span> <span class='ocrx_word' id='word_1_545' title='bbox 2646 2790 2742 2843; x_wconf 77' lang='grc' dir='ltr'>καὶ</span> <span class='ocrx_word' id='word_1_546' title='bbox 2763 2790 2856 2843; x_wconf 86' lang='grc' dir='ltr'><strong>τοῦ</strong></span> <span class='ocrx_word' id='word_1_547' title='bbox 2873 2788 3129 2860; x_wconf 80' lang='grc' dir='ltr'>Σαμουὴλ</span> <span class='ocrx_word' id='word_1_548' title='bbox 3148 2788 3350 2842; x_wconf 73' lang='grc' dir='ltr'>καὶτοῦ</span> <span class='ocrx_word' id='word_1_549' title='bbox 3379 2789 3475 2841; x_wconf 77' lang='grc' dir='ltr'><strong>’Λα</strong></span> <span class='ocrx_word' id='word_1_550' title='bbox 3484 2787 3589 2860; x_wconf 86' lang='grc' dir='ltr'>ρὼν</span> <span class='ocrx_word' id='word_1_551' title='bbox 3610 2787 3705 2841; x_wconf 68' lang='grc' dir='ltr'><strong>καὶ</strong></span> <span class='ocrx_word' id='word_1_552' title='bbox 3722 2787 4000 2847; x_wconf 79' lang='grc' dir='ltr'>Μωῦσέως</span> 
     </span>
    </p>
   </div>
   <div class='ocr_carea' id='block_1_70' title="bbox 2415 2876 3998 2949">
    <p class='ocr_par' dir='ltr' id='par_1_70' title="bbox 2415 2876 3998 2949">
     <span class='ocr_line' id='line_1_70' title="bbox 2415 2876 3998 2949; baseline -0.005 -15"><span class='ocrx_word' id='word_1_553' title='bbox 2415 2882 2511 2934; x_wconf 79' lang='grc' dir='ltr'>καὶ</span> <span class='ocrx_word' id='word_1_554' title='bbox 2543 2881 2650 2933; x_wconf 84' lang='grc' dir='ltr'><strong>τῶν</strong></span> <span class='ocrx_word' id='word_1_555' title='bbox 2683 2879 2857 2934; x_wconf 75' lang='grc' dir='ltr'>ἄλλων</span> <span class='ocrx_word' id='word_1_556' title='bbox 2891 2879 3109 2933; x_wconf 86' lang='grc' dir='ltr'>πάντων</span> <span class='ocrx_word' id='word_1_557' title='bbox 3145 2878 3329 2943; x_wconf 82' lang='grc' dir='ltr'>ἁπλῶς</span> <span class='ocrx_word' id='word_1_558' title='bbox 3362 2878 3491 2931; x_wconf 73' lang='grc' dir='ltr'>ὅντα</span> <span class='ocrx_word' id='word_1_559' title='bbox 3528 2877 3743 2949; x_wconf 81' lang='grc' dir='ltr'>μηνύει.</span> <span class='ocrx_word' id='word_1_560' title='bbox 3795 2877 3917 2929; x_wconf 72' lang='grc' dir='ltr'>Εἰσὶ</span> <span class='ocrx_word' id='word_1_561' title='bbox 3945 2876 3998 2927; x_wconf 81' lang='grc' dir='ltr'><strong>δέ</strong></span> 
     </span>
    </p>
   </div>
   <div class='ocr_carea' id='block_1_71' title="bbox 2414 2967 3995 3045">
    <p class='ocr_par' dir='ltr' id='par_1_71' title="bbox 2414 2967 3995 3045">
     <span class='ocr_line' id='line_1_71' title="bbox 2414 2967 3995 3045; baseline -0.006 -17"><span class='ocrx_word' id='word_1_562' title='bbox 2414 2977 2463 3028; x_wconf 82' lang='lat' dir='ltr'><strong>oi</strong></span> <span class='ocrx_word' id='word_1_563' title='bbox 2494 2973 2644 3043; x_wconf 84' lang='grc' dir='ltr'>λόγοι</span> <span class='ocrx_word' id='word_1_564' title='bbox 2672 2973 2762 3027; x_wconf 87' lang='grc' dir='ltr'><strong>τοῦ</strong></span> <span class='ocrx_word' id='word_1_565' title='bbox 2792 2972 3007 3045; x_wconf 72' lang='grc' dir='ltr'>ψαλμοῦ</span> <span class='ocrx_word' id='word_1_566' title='bbox 3034 2967 3179 3026; x_wconf 80' lang='grc' dir='ltr'>οῦτοι</span> <span class='ocrx_word' id='word_1_567' title='bbox 3197 2988 3210 3002; x_wconf 95' lang='grc'><strong>·</strong></span> <span class='ocrx_word' id='word_1_568' title='bbox 3246 2991 3265 3023; x_wconf 77' lang='grc' dir='ltr'><strong>ι</strong></span> <span class='ocrx_word' id='word_1_569' title='bbox 3311 2971 3368 3024; x_wconf 84' lang='grc'><strong>’0</strong></span> <span class='ocrx_word' id='word_1_570' title='bbox 3395 2970 3597 3042; x_wconf 78' lang='grc' dir='ltr'>Κύριος</span> <span class='ocrx_word' id='word_1_571' title='bbox 3630 2969 3995 3031; x_wconf 76' lang='grc' dir='ltr'>ἐϐασίλευσεν,</span> 
     </span>
    </p>
   </div>
   <div class='ocr_carea' id='block_1_72' title="bbox 2415 3062 4001 3138">
    <p class='ocr_par' dir='ltr' id='par_1_72' title="bbox 2415 3062 4001 3138">
     <span class='ocr_line' id='line_1_72' title="bbox 2415 3062 4001 3138; baseline -0.004 -19"><span class='ocrx_word' id='word_1_572' title='bbox 2415 3062 2822 3138; x_wconf 78' lang='grc' dir='ltr'>ὀργιζέσθωσαν</span> <span class='ocrx_word' id='word_1_573' title='bbox 2872 3064 3042 3118; x_wconf 90' lang='grc' dir='ltr'>λαοί·</span> <span class='ocrx_word' id='word_1_574' title='bbox 3098 3066 3127 3117; x_wconf 91' lang='lat'><strong>6</strong></span> <span class='ocrx_word' id='word_1_575' title='bbox 3172 3063 3480 3136; x_wconf 73' lang='grc' dir='ltr'>καθήμενος</span> <span class='ocrx_word' id='word_1_576' title='bbox 3514 3062 3607 3115; x_wconf 76' lang='grc' dir='ltr'>ἐπὶ</span> <span class='ocrx_word' id='word_1_577' title='bbox 3654 3062 3764 3116; x_wconf 78' lang='grc' dir='ltr'>τῶν</span> <span class='ocrx_word' id='word_1_578' title='bbox 3815 3080 4001 3133; x_wconf 68' lang='grc' dir='ltr'>χερρο-</span> 
     </span>
    </p>
   </div>
   <div class='ocr_carea' id='block_1_73' title="bbox 2338 3131 4000 3231">
    <p class='ocr_par' dir='ltr' id='par_1_73' title="bbox 2338 3131 4000 3231">
     <span class='ocr_line' id='line_1_73' title="bbox 2338 3131 4000 3231; baseline -0.004 -19"><span class='ocrx_word' id='word_1_579' title='bbox 2338 3131 2385 3195; x_wconf 78' lang='lat' dir='ltr'><strong>c</strong></span> <span class='ocrx_word' id='word_1_580' title='bbox 2416 3131 2553 3231; x_wconf 41' lang='lat' dir='ltr'><strong>eis,</strong></span> <span class='ocrx_word' id='word_1_581' title='bbox 2592 3156 2909 3229; x_wconf 82' lang='grc' dir='ltr'>σαλευθήτω</span> <span class='ocrx_word' id='word_1_582' title='bbox 2962 3158 2997 3228; x_wconf 77' lang='grc' dir='ltr'><strong>ἡ</strong></span> <span class='ocrx_word' id='word_1_583' title='bbox 3037 3157 3130 3227; x_wconf 80' lang='grc' dir='ltr'><strong>γῆ.</strong></span> <span class='ocrx_word' id='word_1_584' title='bbox 3168 3131 3371 3227; x_wconf 77' lang='grc' dir='ltr'>Κύριος</span> <span class='ocrx_word' id='word_1_585' title='bbox 3410 3157 3468 3208; x_wconf 91' lang='grc' dir='ltr'><strong>ἐν</strong></span> <span class='ocrx_word' id='word_1_586' title='bbox 3514 3155 3652 3207; x_wconf 86' lang='grc' dir='ltr'>Σιὼν</span> <span class='ocrx_word' id='word_1_587' title='bbox 3688 3131 4000 3225; x_wconf 38' lang='grc' dir='ltr'>μέγας-καὶ</span> 
     </span>
    </p>
   </div>
   <div class='ocr_carea' id='block_1_74' title="bbox 2416 3248 3999 3324">
    <p class='ocr_par' dir='ltr' id='par_1_74' title="bbox 2416 3248 3999 3324">
     <span class='ocr_line' id='line_1_74' title="bbox 2416 3248 3999 3324; baseline -0.003 -18"><span class='ocrx_word' id='word_1_588' title='bbox 2416 3252 2619 3324; x_wconf 67' lang='grc' dir='ltr'>ὑψηλός</span> <span class='ocrx_word' id='word_1_589' title='bbox 2668 3253 2814 3305; x_wconf 87' lang='grc' dir='ltr'>ἐστιν</span> <span class='ocrx_word' id='word_1_590' title='bbox 2848 3249 2943 3303; x_wconf 77' lang='grc' dir='ltr'>ἐπὶ</span> <span class='ocrx_word' id='word_1_591' title='bbox 2978 3251 3185 3312; x_wconf 83' lang='grc' dir='ltr'>πάντας</span> <span class='ocrx_word' id='word_1_592' title='bbox 3230 3250 3357 3314; x_wconf 76' lang='grc' dir='ltr'>τοὺς</span> <span class='ocrx_word' id='word_1_593' title='bbox 3401 3249 3583 3312; x_wconf 80' lang='grc' dir='ltr'>λαούς.</span> <span class='ocrx_word' id='word_1_594' title='bbox 3647 3248 3999 3319; x_wconf 68' lang='grc' dir='ltr'>Ἐξομολογηα</span> 
     </span>
    </p>
   </div>
   <div class='ocr_carea' id='block_1_75' title="bbox 2417 3340 4002 3414">
    <p class='ocr_par' dir='ltr' id='par_1_75' title="bbox 2417 3340 4002 3414">
     <span class='ocr_line' id='line_1_75' title="bbox 2417 3340 4002 3414; baseline -0.005 -15"><span class='ocrx_word' id='word_1_595' title='bbox 2417 3344 2703 3399; x_wconf 88' lang='grc' dir='ltr'>σάσθωσαν</span> <span class='ocrx_word' id='word_1_596' title='bbox 2736 3343 2815 3414; x_wconf 84' lang='grc' dir='ltr'>τῷ</span> <span class='ocrx_word' id='word_1_597' title='bbox 2846 3341 3073 3412; x_wconf 81' lang='grc' dir='ltr'>ὀνόματί</span> <span class='ocrx_word' id='word_1_598' title='bbox 3111 3359 3205 3395; x_wconf 93' lang='grc' dir='ltr'><strong>σου</strong></span> <span class='ocrx_word' id='word_1_599' title='bbox 3240 3341 3318 3412; x_wconf 80' lang='grc' dir='ltr'>τῷ</span> <span class='ocrx_word' id='word_1_600' title='bbox 3366 3340 3609 3412; x_wconf 86' lang='grc' dir='ltr'>μεγάλῳ,</span> <span class='ocrx_word' id='word_1_601' title='bbox 3645 3342 3730 3394; x_wconf 81' lang='grc' dir='ltr'>ὅτι</span> <span class='ocrx_word' id='word_1_602' title='bbox 3776 3340 4002 3412; x_wconf 78' lang='grc' dir='ltr'>φοὸερὸν</span> 
     </span>
    </p>
   </div>
   <div class='ocr_carea' id='block_1_76' title="bbox 2418 3429 3999 3505">
    <p class='ocr_par' dir='ltr' id='par_1_76' title="bbox 2418 3429 3999 3505">
     <span class='ocr_line' id='line_1_76' title="bbox 2418 3429 3999 3505; baseline -0.007 -13"><span class='ocrx_word' id='word_1_603' title='bbox 2418 3439 2511 3492; x_wconf 79' lang='grc' dir='ltr'>καὶ</span> <span class='ocrx_word' id='word_1_604' title='bbox 2546 3437 2699 3505; x_wconf 74' lang='grc' dir='ltr'>ἅγιόν</span> <span class='ocrx_word' id='word_1_605' title='bbox 2736 3438 2874 3500; x_wconf 83' lang='grc' dir='ltr'>ἐστι,</span> <span class='ocrx_word' id='word_1_606' title='bbox 2900 3435 2993 3503; x_wconf 71' lang='grc' dir='ltr'>καὶ</span> <span class='ocrx_word' id='word_1_607' title='bbox 3025 3433 3157 3505; x_wconf 75' lang='grc' dir='ltr'>τιμὴ</span> <span class='ocrx_word' id='word_1_608' title='bbox 3184 3432 3449 3504; x_wconf 82' lang='grc' dir='ltr'>βασιλέως</span> <span class='ocrx_word' id='word_1_609' title='bbox 3482 3432 3665 3505; x_wconf 83' lang='grc' dir='ltr'>κρίσιν</span> <span class='ocrx_word' id='word_1_610' title='bbox 3689 3432 3906 3502; x_wconf 80' lang='grc' dir='ltr'>ἀγα-πᾷ.</span> <span class='ocrx_word' id='word_1_611' title='bbox 3934 3429 3999 3482; x_wconf 78' lang='grc' dir='ltr'><strong>Σὺ</strong></span> 
     </span>
    </p>
   </div>
   <div class='ocr_carea' id='block_1_77' title="bbox 2417 3525 3999 3604">
    <p class='ocr_par' dir='ltr' id='par_1_77' title="bbox 2417 3525 3999 3604">
     <span class='ocr_line' id='line_1_77' title="bbox 2417 3525 3999 3604; baseline -0.005 -21"><span class='ocrx_word' id='word_1_612' title='bbox 2417 3532 2724 3604; x_wconf 75' lang='grc' dir='ltr'>ἡτοίμασας</span> <span class='ocrx_word' id='word_1_613' title='bbox 2772 3529 3109 3600; x_wconf 82' lang='grc' dir='ltr'>εὐθύτητας,</span> <span class='ocrx_word' id='word_1_614' title='bbox 3162 3526 3344 3600; x_wconf 88' lang='grc' dir='ltr'>κρίσιν</span> <span class='ocrx_word' id='word_1_615' title='bbox 3390 3526 3483 3580; x_wconf 72' lang='grc' dir='ltr'><strong>καὶ</strong></span> <span class='ocrx_word' id='word_1_616' title='bbox 3541 3525 3891 3595; x_wconf 80' lang='grc' dir='ltr'>δικαιοσύνην</span> <span class='ocrx_word' id='word_1_617' title='bbox 3948 3526 3999 3576; x_wconf 80' lang='grc' dir='ltr'><strong>ἐν</strong></span> 
     </span>
    </p>
   </div>
   <div class='ocr_carea' id='block_1_78' title="bbox 2429 3617 3999 3692">
    <p class='ocr_par' dir='ltr' id='par_1_78' title="bbox 2429 3617 3999 3692">
     <span class='ocr_line' id='line_1_78' title="bbox 2429 3617 3999 3692; baseline -0.006 -16"><span class='ocrx_word' id='word_1_618' title='bbox 2429 3622 2622 3677; x_wconf 81' lang='grc' dir='ltr'>Ἰακὼὸ</span> <span class='ocrx_word' id='word_1_619' title='bbox 2686 3623 2751 3676; x_wconf 79' lang='grc' dir='ltr'>σὺ</span> <span class='ocrx_word' id='word_1_620' title='bbox 2824 3622 3106 3692; x_wconf 84' lang='grc' dir='ltr'>ἐποίησας.</span> <span class='ocrx_word' id='word_1_621' title='bbox 3183 3619 3410 3689; x_wconf 80' lang='grc' dir='ltr'>’Υψοῦτε</span> <span class='ocrx_word' id='word_1_622' title='bbox 3476 3618 3679 3691; x_wconf 77' lang='grc' dir='ltr'>Κύριον</span> <span class='ocrx_word' id='word_1_623' title='bbox 3740 3618 3831 3671; x_wconf 89' lang='grc' dir='ltr'><strong>τὸν</strong></span> <span class='ocrx_word' id='word_1_624' title='bbox 3874 3617 3999 3670; x_wconf 83' lang='grc' dir='ltr'>Θεὸν</span> 
     </span>
    </p>
   </div>
   <div class='ocr_carea' id='block_1_79' title="bbox 2416 3709 4001 3789">
    <p class='ocr_par' dir='ltr' id='par_1_79' title="bbox 2416 3709 4001 3789">
     <span class='ocr_line' id='line_1_79' title="bbox 2416 3709 4001 3789; baseline -0.006 -19"><span class='ocrx_word' id='word_1_625' title='bbox 2416 3715 2594 3789; x_wconf 78' lang='grc' dir='ltr'>ἡμῶν,</span> <span class='ocrx_word' id='word_1_626' title='bbox 2632 3714 2726 3768; x_wconf 74' lang='grc' dir='ltr'>καὶ</span> <span class='ocrx_word' id='word_1_627' title='bbox 2757 3715 3113 3785; x_wconf 81' lang='grc' dir='ltr'>προσκυνεῖτε</span> <span class='ocrx_word' id='word_1_628' title='bbox 3139 3710 3217 3781; x_wconf 83' lang='grc' dir='ltr'>τῷ</span> <span class='ocrx_word' id='word_1_629' title='bbox 3248 3710 3524 3780; x_wconf 82' lang='grc' dir='ltr'>ὑποποδίῳ</span> <span class='ocrx_word' id='word_1_630' title='bbox 3557 3711 3665 3763; x_wconf 85' lang='grc' dir='ltr'><strong>τῶν</strong></span> <span class='ocrx_word' id='word_1_631' title='bbox 3701 3710 3880 3763; x_wconf 84' lang='grc' dir='ltr'>ποδῶν</span> <span class='ocrx_word' id='word_1_632' title='bbox 3911 3709 4001 3763; x_wconf 81' lang='grc' dir='ltr'><strong>αὑ-</strong></span> 
     </span>
    </p>
   </div>
   <div class='ocr_carea' id='block_1_80' title="bbox 2416 3800 3998 3875">
    <p class='ocr_par' dir='ltr' id='par_1_80' title="bbox 2416 3800 3998 3875">
     <span class='ocr_line' id='line_1_80' title="bbox 2416 3800 3998 3875; baseline -0.006 -13"><span class='ocrx_word' id='word_1_633' title='bbox 2416 3808 2508 3862; x_wconf 87' lang='grc' dir='ltr'><strong>τοῦ</strong></span> <span class='ocrx_word' id='word_1_634' title='bbox 2530 3825 2543 3837; x_wconf 82' lang='grc'><strong>’</strong></span> <span class='ocrx_word' id='word_1_635' title='bbox 2580 3808 2661 3860; x_wconf 84' lang='grc' dir='ltr'>ὃτι</span> <span class='ocrx_word' id='word_1_636' title='bbox 2696 3805 2851 3875; x_wconf 77' lang='grc' dir='ltr'>ἅγιός</span> <span class='ocrx_word' id='word_1_637' title='bbox 2886 3808 3020 3859; x_wconf 84' lang='grc' dir='ltr'>ἐστι.</span> <span class='ocrx_word' id='word_1_638' title='bbox 3042 3804 3282 3874; x_wconf 81' lang='grc' dir='ltr'>Μωῦσῆς</span> <span class='ocrx_word' id='word_1_639' title='bbox 3316 3803 3410 3856; x_wconf 74' lang='grc' dir='ltr'><strong>καὶ</strong></span> <span class='ocrx_word' id='word_1_640' title='bbox 3444 3800 3654 3873; x_wconf 82' lang='grc' dir='ltr'>Ἀαρὼν</span> <span class='ocrx_word' id='word_1_641' title='bbox 3690 3805 3748 3856; x_wconf 82' lang='grc' dir='ltr'><strong>ἐν</strong></span> <span class='ocrx_word' id='word_1_642' title='bbox 3782 3806 3895 3866; x_wconf 84' lang='grc' dir='ltr'>τοῖς</span> <span class='ocrx_word' id='word_1_643' title='bbox 3929 3804 3998 3854; x_wconf 74' lang='lat' dir='ltr'><strong>i5-</strong></span> 
     </span>
    </p>
   </div>
   <div class='ocr_carea' id='block_1_81' title="bbox 2420 3894 3995 3975">
    <p class='ocr_par' dir='ltr' id='par_1_81' title="bbox 2420 3894 3995 3975">
     <span class='ocr_line' id='line_1_81' title="bbox 2420 3894 3995 3975; baseline -0.004 -21"><span class='ocrx_word' id='word_1_644' title='bbox 2420 3901 2604 3975; x_wconf 89' lang='grc' dir='ltr'>ρεῦσιν</span> <span class='ocrx_word' id='word_1_645' title='bbox 2649 3898 2836 3961; x_wconf 81' lang='grc' dir='ltr'>αὑτοῦ,</span> <span class='ocrx_word' id='word_1_646' title='bbox 2882 3898 2976 3949; x_wconf 73' lang='grc' dir='ltr'>καὶ</span> <span class='ocrx_word' id='word_1_647' title='bbox 3009 3895 3265 3966; x_wconf 79' lang='grc' dir='ltr'>Σαμουὴλ</span> <span class='ocrx_word' id='word_1_648' title='bbox 3300 3896 3357 3948; x_wconf 81' lang='grc' dir='ltr'><strong>ἐν</strong></span> <span class='ocrx_word' id='word_1_649' title='bbox 3390 3896 3501 3957; x_wconf 85' lang='grc' dir='ltr'>τοῖς</span> <span class='ocrx_word' id='word_1_650' title='bbox 3548 3894 3995 3964; x_wconf 73' lang='grc' dir='ltr'>ἐπικαλουμένοις</span> 
     </span>
    </p>
   </div>
   <div class='ocr_carea' id='block_1_82' title="bbox 2416 3985 3998 4065">
    <p class='ocr_par' dir='ltr' id='par_1_82' title="bbox 2416 3985 3998 4065">
     <span class='ocr_line' id='line_1_82' title="bbox 2416 3985 3998 4065; baseline -0.008 -16"><span class='ocrx_word' id='word_1_651' title='bbox 2416 3996 2477 4049; x_wconf 64' lang='grc' dir='ltr'><strong>τὸ</strong></span> <span class='ocrx_word' id='word_1_652' title='bbox 2508 3994 2681 4065; x_wconf 71' lang='grc' dir='ltr'>ὄνομα</span> <span class='ocrx_word' id='word_1_653' title='bbox 2715 3992 2902 4047; x_wconf 82' lang='grc' dir='ltr'>αὑτοῦ.</span> <span class='ocrx_word' id='word_1_654' title='bbox 2953 3988 3351 4043; x_wconf 87' lang='grc' dir='ltr'>Ἐπεκαλοῦντο</span> <span class='ocrx_word' id='word_1_655' title='bbox 3385 3987 3574 4059; x_wconf 74' lang='grc' dir='ltr'>(φησὶν</span> <span class='ocrx_word' id='word_1_656' title='bbox 3606 3988 3639 4057; x_wconf 77' lang='grc' dir='ltr'>ἡ</span> <span class='ocrx_word' id='word_1_657' title='bbox 3673 3986 3887 4058; x_wconf 75' lang='grc' dir='ltr'>Γραφὴ)</span> <span class='ocrx_word' id='word_1_658' title='bbox 3917 3985 3998 4039; x_wconf 78' lang='grc' dir='ltr'><strong>τὸν</strong></span> 
     </span>
    </p>
   </div>
   <div class='ocr_carea' id='block_1_83' title="bbox 2416 4076 3997 4156">
    <p class='ocr_par' dir='ltr' id='par_1_83' title="bbox 2416 4076 3997 4156">
     <span class='ocr_line' id='line_1_83' title="bbox 2416 4076 3997 4156; baseline -0.006 -15"><span class='ocrx_word' id='word_1_659' title='bbox 2416 4085 2641 4156; x_wconf 80' lang='grc' dir='ltr'>Κύριον,</span> <span class='ocrx_word' id='word_1_660' title='bbox 2678 4082 2774 4137; x_wconf 73' lang='grc' dir='ltr'>καὶ</span> <span class='ocrx_word' id='word_1_661' title='bbox 2806 4081 2968 4145; x_wconf 81' lang='grc' dir='ltr'>αὐτὸς</span> <span class='ocrx_word' id='word_1_662' title='bbox 3002 4081 3286 4152; x_wconf 80' lang='grc' dir='ltr'>είσήκουεν</span> <span class='ocrx_word' id='word_1_663' title='bbox 3319 4079 3517 4132; x_wconf 82' lang='grc' dir='ltr'>αὐτῶν.</span> <span class='ocrx_word' id='word_1_664' title='bbox 3568 4076 3656 4130; x_wconf 82' lang='grc' dir='ltr'>Ἐν</span> <span class='ocrx_word' id='word_1_665' title='bbox 3705 4076 3886 4148; x_wconf 86' lang='grc' dir='ltr'>στύλῳ</span> <span class='ocrx_word' id='word_1_666' title='bbox 3918 4092 3997 4131; x_wconf 81' lang='grc' dir='ltr'>νε-</span> 
     </span>
    </p>
   </div>
   <div class='ocr_carea' id='block_1_84' title="bbox 2419 4170 3998 4249">
    <p class='ocr_par' dir='ltr' id='par_1_84' title="bbox 2419 4170 3998 4249">
     <span class='ocr_line' id='line_1_84' title="bbox 2419 4170 3998 4249; baseline -0.005 -19"><span class='ocrx_word' id='word_1_667' title='bbox 2419 4176 2589 4249; x_wconf 81' lang='grc' dir='ltr'>φέλης</span> <span class='ocrx_word' id='word_1_668' title='bbox 2625 4175 2805 4231; x_wconf 87' lang='grc' dir='ltr'>ἐλάλει</span> <span class='ocrx_word' id='word_1_669' title='bbox 2839 4176 2975 4248; x_wconf 88' lang='grc' dir='ltr'>πρὸς</span> <span class='ocrx_word' id='word_1_670' title='bbox 3008 4171 3239 4237; x_wconf 76' lang='grc' dir='ltr'>αὐτούς·</span> <span class='ocrx_word' id='word_1_671' title='bbox 3284 4174 3366 4226; x_wconf 81' lang='grc' dir='ltr'>ὅτι</span> <span class='ocrx_word' id='word_1_672' title='bbox 3420 4170 3724 4240; x_wconf 84' lang='grc' dir='ltr'>ἐφύλασσον</span> <span class='ocrx_word' id='word_1_673' title='bbox 3773 4170 3890 4242; x_wconf 80' lang='lat'><strong>(57)</strong></span> <span class='ocrx_word' id='word_1_674' title='bbox 3939 4170 3998 4223; x_wconf 74' lang='grc' dir='ltr'><strong>τὰ</strong></span> 
     </span>
    </p>
   </div>
   <div class='ocr_carea' id='block_1_85' title="bbox 2420 4262 3999 4342">
    <p class='ocr_par' dir='ltr' id='par_1_85' title="bbox 2420 4262 3999 4342">
     <span class='ocr_line' id='line_1_85' title="bbox 2420 4262 3999 4342; baseline -0.006 -18"><span class='ocrx_word' id='word_1_675' title='bbox 2420 4269 2697 4342; x_wconf 79' lang='grc' dir='ltr'>μαρτύρια</span> <span class='ocrx_word' id='word_1_676' title='bbox 2724 4268 2911 4333; x_wconf 82' lang='grc' dir='ltr'>αὑτοῦ,</span> <span class='ocrx_word' id='word_1_677' title='bbox 2937 4266 3040 4320; x_wconf 60' lang='grc' dir='ltr'>καὶ</span> <span class='ocrx_word' id='word_1_678' title='bbox 3066 4265 3126 4319; x_wconf 85' lang='grc' dir='ltr'><strong>τὸ</strong></span> <span class='ocrx_word' id='word_1_679' title='bbox 3156 4265 3486 4337; x_wconf 84' lang='grc' dir='ltr'>πρόσταγμα</span> <span class='ocrx_word' id='word_1_680' title='bbox 3512 4263 3541 4316; x_wconf 86' lang='lat'><strong>6</strong></span> <span class='ocrx_word' id='word_1_681' title='bbox 3573 4262 3772 4317; x_wconf 71' lang='grc' dir='ltr'>ἔδωκεν</span> <span class='ocrx_word' id='word_1_682' title='bbox 3797 4266 3999 4325; x_wconf 81' lang='grc' dir='ltr'>αὐτοῖς.</span> 
     </span>
    </p>
   </div>
   <div class='ocr_carea' id='block_1_86' title="bbox 2416 4356 3997 4434">
    <p class='ocr_par' dir='ltr' id='par_1_86' title="bbox 2416 4356 3997 4434">
     <span class='ocr_line' id='line_1_86' title="bbox 2416 4356 3997 4434; baseline -0.006 -17"><span class='ocrx_word' id='word_1_683' title='bbox 2416 4363 2591 4434; x_wconf 81' lang='grc' dir='ltr'>Κύριε</span> <span class='ocrx_word' id='word_1_684' title='bbox 2622 4364 2651 4416; x_wconf 90' lang='lat'><strong>6</strong></span> <span class='ocrx_word' id='word_1_685' title='bbox 2684 4362 2816 4426; x_wconf 88' lang='grc' dir='ltr'>Θεὸς</span> <span class='ocrx_word' id='word_1_686' title='bbox 2849 4359 3028 4433; x_wconf 86' lang='grc' dir='ltr'>ἡμῶν,</span> <span class='ocrx_word' id='word_1_687' title='bbox 3064 4359 3131 4413; x_wconf 82' lang='grc' dir='ltr'>σὺ</span> <span class='ocrx_word' id='word_1_688' title='bbox 3160 4359 3429 4430; x_wconf 83' lang='grc' dir='ltr'>ἐπήκουες</span> <span class='ocrx_word' id='word_1_689' title='bbox 3461 4357 3674 4411; x_wconf 67' lang='grc' dir='ltr'>αὐτῶνθ</span> <span class='ocrx_word' id='word_1_690' title='bbox 3700 4356 3905 4421; x_wconf 85' lang='grc' dir='ltr'>δΘεὸς,</span> <span class='ocrx_word' id='word_1_691' title='bbox 3940 4357 3997 4409; x_wconf 71' lang='grc' dir='ltr'>σὺ</span> 
     </span>
    </p>
   </div>
   <div class='ocr_carea' id='block_1_87' title="bbox 725 4448 2312 4535">
    <p class='ocr_par' dir='ltr' id='par_1_87' title="bbox 725 4460 2311 4517">
     <span class='ocr_line' id='line_1_87' title="bbox 725 4460 2311 4517; baseline 0.001 -4"><span class='ocrx_word' id='word_1_692' title='bbox 725 4461 1141 4515; x_wconf 84' lang='lat' dir='ltr'><strong>adiuventiones</strong></span> <span class='ocrx_word' id='word_1_693' title='bbox 1203 4475 1419 4515; x_wconf 88' lang='lat' dir='ltr'><strong>eorum.</strong></span> <span class='ocrx_word' id='word_1_694' title='bbox 1485 4460 1733 4517; x_wconf 76' lang='lat' dir='ltr'><strong>Exaltate</strong></span> <span class='ocrx_word' id='word_1_695' title='bbox 1784 4460 2073 4516; x_wconf 90' lang='lat' dir='ltr'><strong>Dominum</strong></span> <span class='ocrx_word' id='word_1_696' title='bbox 2143 4462 2311 4516; x_wconf 88' lang='lat' dir='ltr'><strong>Deum</strong></span> 
     </span>
    </p>
   </div>
   <div class='ocr_carea' id='block_1_88' title="bbox 2416 4448 3998 4535">
    <p class='ocr_par' dir='ltr' id='par_1_88' title="bbox 2418 4448 3998 4524">
     <span class='ocr_line' id='line_1_88' title="bbox 2418 4448 3998 4524; baseline -0.007 -14"><span class='ocrx_word' id='word_1_697' title='bbox 2418 4456 2662 4520; x_wconf 80' lang='grc' dir='ltr'>εὐτλατος</span> <span class='ocrx_word' id='word_1_698' title='bbox 2697 4454 2885 4524; x_wconf 80' lang='grc' dir='ltr'>ἐγένου</span> <span class='ocrx_word' id='word_1_699' title='bbox 2919 4453 3123 4517; x_wconf 77' lang='grc' dir='ltr'>αὐτοῖς,</span> <span class='ocrx_word' id='word_1_700' title='bbox 3158 4452 3252 4505; x_wconf 76' lang='grc' dir='ltr'>καὶ</span> <span class='ocrx_word' id='word_1_701' title='bbox 3300 4448 3528 4504; x_wconf 81' lang='grc' dir='ltr'>ἐκδικῶν</span> <span class='ocrx_word' id='word_1_702' title='bbox 3573 4448 3666 4502; x_wconf 80' lang='grc' dir='ltr'>ἐπὶ</span> <span class='ocrx_word' id='word_1_703' title='bbox 3716 4449 3895 4503; x_wconf 84' lang='grc' dir='ltr'>πάντα</span> <span class='ocrx_word' id='word_1_704' title='bbox 3940 4448 3998 4501; x_wconf 74' lang='grc' dir='ltr'><strong>τὰ</strong></span> 
     </span>
    </p>
   </div>
   <div class='ocr_carea' id='block_1_89' title="bbox 724 4552 2307 4625">
    <p class='ocr_par' dir='ltr' id='par_1_89' title="bbox 724 4552 2307 4625">
     <span class='ocr_line' id='line_1_89' title="bbox 724 4552 2307 4625; baseline -0.001 -17"><span class='ocrx_word' id='word_1_705' title='bbox 724 4561 971 4608; x_wconf 84' lang='lat' dir='ltr'><strong>nostrum</strong></span> <span class='ocrx_word' id='word_1_706' title='bbox 1006 4591 1020 4615; x_wconf 86' lang='lat'><strong>.</strong></span> <span class='ocrx_word' id='word_1_707' title='bbox 1096 4562 1151 4607; x_wconf 90' lang='lat' dir='ltr'><strong>et</strong></span> <span class='ocrx_word' id='word_1_708' title='bbox 1231 4552 1457 4608; x_wconf 84' lang='lat' dir='ltr'><strong>adorate</strong></span> <span class='ocrx_word' id='word_1_709' title='bbox 1513 4554 1566 4607; x_wconf 91' lang='lat' dir='ltr'><strong>in</strong></span> <span class='ocrx_word' id='word_1_710' title='bbox 1621 4566 1805 4608; x_wconf 90' lang='lat' dir='ltr'><strong>monte</strong></span> <span class='ocrx_word' id='word_1_711' title='bbox 1883 4565 2073 4610; x_wconf 90' lang='lat' dir='ltr'><strong>sancto</strong></span> <span class='ocrx_word' id='word_1_712' title='bbox 2138 4556 2307 4625; x_wconf 83' lang='lat' dir='ltr'><strong>ejus;</strong></span> 
     </span>
    </p>
   </div>
   <div class='ocr_carea' id='block_1_90' title="bbox 723 4646 2198 4716">
    <p class='ocr_par' dir='ltr' id='par_1_90' title="bbox 723 4646 2198 4716">
     <span class='ocr_line' id='line_1_90' title="bbox 723 4646 2198 4716; baseline 0.001 -16"><span class='ocrx_word' id='word_1_713' title='bbox 723 4648 979 4716; x_wconf 64' lang='lat' dir='ltr'><strong>quoniam</strong></span> <span class='ocrx_word' id='word_1_714' title='bbox 1038 4656 1263 4700; x_wconf 85' lang='lat' dir='ltr'><strong>sanctus</strong></span> <span class='ocrx_word' id='word_1_715' title='bbox 1325 4646 1585 4701; x_wconf 90' lang='lat' dir='ltr'><strong>Dominus</strong></span> <span class='ocrx_word' id='word_1_716' title='bbox 1645 4648 1788 4702; x_wconf 90' lang='lat' dir='ltr'><strong>Deus</strong></span> <span class='ocrx_word' id='word_1_717' title='bbox 1833 4657 2021 4703; x_wconf 89' lang='lat' dir='ltr'><strong>noster</strong></span> <span class='ocrx_word' id='word_1_718' title='bbox 2064 4649 2127 4702; x_wconf 86' lang='grc'><strong>¹⁸.</strong></span> <span class='ocrx_word' id='word_1_719' title='bbox 2176 4668 2198 4701; x_wconf 71' lang='grc' dir='ltr'><strong>ι</strong></span> 
     </span>
    </p>
   </div>
   <div class='ocr_carea' id='block_1_91' title="bbox 779 4822 2311 4894">
    <p class='ocr_par' dir='ltr' id='par_1_91' title="bbox 779 4822 2311 4894">
     <span class='ocr_line' id='line_1_91' title="bbox 779 4822 2311 4894; baseline 0 -15"><span class='ocrx_word' id='word_1_720' title='bbox 779 4824 887 4879; x_wconf 65' lang='lat'><strong>&#39;38.</strong></span> <span class='ocrx_word' id='word_1_721' title='bbox 915 4822 1204 4878; x_wconf 72' lang='lat' dir='ltr'><strong>Molestum</strong></span> <span class='ocrx_word' id='word_1_722' title='bbox 1235 4822 1427 4879; x_wconf 70' lang='lat' dir='ltr'><strong>Judao</strong></span> <span class='ocrx_word' id='word_1_723' title='bbox 1450 4825 1592 4894; x_wconf 74' lang='lat' dir='ltr'><strong>quod</strong></span> <span class='ocrx_word' id='word_1_724' title='bbox 1627 4823 1871 4879; x_wconf 70' lang='lat' dir='ltr'><strong>Christus</strong></span> <span class='ocrx_word' id='word_1_725' title='bbox 1898 4826 2205 4880; x_wconf 78' lang='lat' dir='ltr'><strong>adorandus</strong></span> <span class='ocrx_word' id='word_1_726' title='bbox 2227 4827 2311 4879; x_wconf 81' lang='lat' dir='ltr'><strong>di-</strong></span> 
     </span>
    </p>
   </div>
   <div class='ocr_carea' id='block_1_92' title="bbox 723 4916 2309 4990">
    <p class='ocr_par' dir='ltr' id='par_1_92' title="bbox 723 4916 2309 4990">
     <span class='ocr_line' id='line_1_92' title="bbox 723 4916 2309 4990; baseline 0.001 -19"><span class='ocrx_word' id='word_1_727' title='bbox 723 4931 898 4971; x_wconf 83' lang='lat' dir='ltr'><strong>catur.</strong></span> <span class='ocrx_word' id='word_1_728' title='bbox 928 4916 995 4971; x_wconf 87' lang='lat' dir='ltr'><strong>Id</strong></span> <span class='ocrx_word' id='word_1_729' title='bbox 1021 4917 1305 4986; x_wconf 76' lang='lat' dir='ltr'><strong>conﬁmat</strong></span> <span class='ocrx_word' id='word_1_730' title='bbox 1338 4916 1588 4972; x_wconf 77' lang='lat' dir='ltr'><strong>Justinus</strong></span> <span class='ocrx_word' id='word_1_731' title='bbox 1613 4935 1679 4972; x_wconf 76' lang='lat' dir='ltr'><strong>ea:</strong></span> <span class='ocrx_word' id='word_1_732' title='bbox 1698 4918 1833 4988; x_wconf 86' lang='lat' dir='ltr'><strong>psal.</strong></span> <span class='ocrx_word' id='word_1_733' title='bbox 1864 4934 2011 4974; x_wconf 79' lang='lat' dir='ltr'><strong>xuv.</strong></span> <span class='ocrx_word' id='word_1_734' title='bbox 2040 4919 2137 4974; x_wconf 83' lang='lat' dir='ltr'><strong>Hic</strong></span> <span class='ocrx_word' id='word_1_735' title='bbox 2165 4917 2309 4990; x_wconf 86' lang='lat' dir='ltr'><strong>Try-</strong></span> 
     </span>
    </p>
   </div>
   <div class='ocr_carea' id='block_1_93' title="bbox 723 5008 2309 5083">
    <p class='ocr_par' dir='ltr' id='par_1_93' title="bbox 723 5008 2309 5083">
     <span class='ocr_line' id='line_1_93' title="bbox 723 5008 2309 5083; baseline 0.003 -20"><span class='ocrx_word' id='word_1_736' title='bbox 723 5012 831 5079; x_wconf 88' lang='lat' dir='ltr'><strong>pho</strong></span> <span class='ocrx_word' id='word_1_737' title='bbox 862 5027 876 5064; x_wconf 89' lang='lat'><strong>:</strong></span> <span class='ocrx_word' id='word_1_738' title='bbox 907 5008 1179 5066; x_wconf 62' lang='lat' dir='ltr'><strong>Praeclare</strong></span> <span class='ocrx_word' id='word_1_739' title='bbox 1215 5013 1544 5075; x_wconf 88' lang='lat' dir='ltr'><strong>faceremus,</strong></span> <span class='ocrx_word' id='word_1_740' title='bbox 1592 5012 1790 5081; x_wconf 80' lang='lat' dir='ltr'><strong>inquit,</strong></span> <span class='ocrx_word' id='word_1_741' title='bbox 1820 5013 1865 5065; x_wconf 89' lang='lat' dir='ltr'><strong>si</strong></span> <span class='ocrx_word' id='word_1_742' title='bbox 1901 5013 2179 5083; x_wconf 81' lang='lat' dir='ltr'><strong>magistris</strong></span> <span class='ocrx_word' id='word_1_743' title='bbox 2208 5029 2309 5067; x_wconf 83' lang='lat' dir='ltr'><strong>no-</strong></span> 
     </span>
    </p>
   </div>
   <div class='ocr_carea' id='block_1_94' title="bbox 2420 4542 3998 4621">
    <p class='ocr_par' dir='ltr' id='par_1_94' title="bbox 2420 4542 3998 4621">
     <span class='ocr_line' id='line_1_94' title="bbox 2420 4542 3998 4621; baseline -0.008 -18"><span class='ocrx_word' id='word_1_744' title='bbox 2420 4548 2829 4621; x_wconf 81' lang='grc' dir='ltr'>ἐπιτηδεύματα</span> <span class='ocrx_word' id='word_1_745' title='bbox 2882 4544 3083 4601; x_wconf 78' lang='grc' dir='ltr'>αὐτῶν.</span> <span class='ocrx_word' id='word_1_746' title='bbox 3155 4544 3385 4614; x_wconf 78' lang='grc' dir='ltr'>’Υψοῦτε</span> <span class='ocrx_word' id='word_1_747' title='bbox 3444 4542 3648 4615; x_wconf 77' lang='grc' dir='ltr'>Κύριον</span> <span class='ocrx_word' id='word_1_748' title='bbox 3712 4542 3805 4596; x_wconf 86' lang='grc' dir='ltr'><strong>τὸν</strong></span> <span class='ocrx_word' id='word_1_749' title='bbox 3875 4542 3998 4595; x_wconf 84' lang='grc' dir='ltr'>Θεὸν</span> 
     </span>
    </p>
   </div>
   <div class='ocr_carea' id='block_1_95' title="bbox 2418 4633 3998 4713">
    <p class='ocr_par' dir='ltr' id='par_1_95' title="bbox 2418 4633 3998 4713">
     <span class='ocr_line' id='line_1_95' title="bbox 2418 4633 3998 4713; baseline -0.006 -19"><span class='ocrx_word' id='word_1_750' title='bbox 2418 4639 2597 4713; x_wconf 72' lang='grc' dir='ltr'>ἡμῶν,</span> <span class='ocrx_word' id='word_1_751' title='bbox 2634 4639 2730 4693; x_wconf 75' lang='grc' dir='ltr'>καὶ</span> <span class='ocrx_word' id='word_1_752' title='bbox 2764 4641 3119 4712; x_wconf 87' lang='grc' dir='ltr'>προσκυνεῖτε</span> <span class='ocrx_word' id='word_1_753' title='bbox 3176 4639 3257 4700; x_wconf 88' lang='grc' dir='ltr'><strong>είς</strong></span> <span class='ocrx_word' id='word_1_754' title='bbox 3307 4636 3433 4708; x_wconf 67' lang='grc' dir='ltr'>δρος</span> <span class='ocrx_word' id='word_1_755' title='bbox 3484 4633 3641 4704; x_wconf 73' lang='grc' dir='ltr'>ἆγιον</span> <span class='ocrx_word' id='word_1_756' title='bbox 3687 4633 3889 4687; x_wconf 77' lang='grc' dir='ltr'>αὑτοῦ·</span> <span class='ocrx_word' id='word_1_757' title='bbox 3926 4634 3998 4686; x_wconf 84' lang='grc' dir='ltr'>ὅτι</span> 
     </span>
    </p>
   </div>
   <div class='ocr_carea' id='block_1_96' title="bbox 2421 4727 3281 4802">
    <p class='ocr_par' dir='ltr' id='par_1_96' title="bbox 2421 4727 3281 4802">
     <span class='ocr_line' id='line_1_96' title="bbox 2421 4727 3281 4802; baseline -0.009 -15"><span class='ocrx_word' id='word_1_758' title='bbox 2421 4733 2577 4800; x_wconf 80' lang='grc' dir='ltr'>ἆγιος</span> <span class='ocrx_word' id='word_1_759' title='bbox 2604 4730 2808 4802; x_wconf 81' lang='grc' dir='ltr'>Κύριος</span> <span class='ocrx_word' id='word_1_760' title='bbox 2835 4731 2863 4782; x_wconf 90' lang='lat'><strong>6</strong></span> <span class='ocrx_word' id='word_1_761' title='bbox 2889 4728 3022 4791; x_wconf 90' lang='grc' dir='ltr'>Θεὸς</span> <span class='ocrx_word' id='word_1_762' title='bbox 3046 4727 3223 4799; x_wconf 80' lang='grc' dir='ltr'>ἡμῶν.</span> <span class='ocrx_word' id='word_1_763' title='bbox 3262 4746 3281 4777; x_wconf 76' lang='lat' dir='ltr'><strong>t</strong></span> 
     </span>
    </p>
   </div>
   <div class='ocr_carea' id='block_1_97' title="bbox 2490 4813 3996 4896">
    <p class='ocr_par' dir='ltr' id='par_1_97' title="bbox 2490 4813 3996 4896">
     <span class='ocr_line' id='line_1_97' title="bbox 2490 4813 3996 4896; baseline -0.007 -16"><span class='ocrx_word' id='word_1_764' title='bbox 2490 4826 2579 4881; x_wconf 83' lang='lat'><strong>58.</strong></span> <span class='ocrx_word' id='word_1_765' title='bbox 2615 4826 2724 4878; x_wconf 77' lang='grc' dir='ltr'><strong>Καὶ</strong></span> <span class='ocrx_word' id='word_1_766' title='bbox 2756 4826 2785 4877; x_wconf 89' lang='lat'><strong>6</strong></span> <span class='ocrx_word' id='word_1_767' title='bbox 2818 4822 3053 4896; x_wconf 81' lang='grc' dir='ltr'>Τρύφων</span> <span class='ocrx_word' id='word_1_768' title='bbox 3089 4818 3272 4875; x_wconf 77' lang='grc' dir='ltr'>εἶπεν·</span> <span class='ocrx_word' id='word_1_769' title='bbox 3311 4816 3381 4874; x_wconf 67' lang='grc' dir='ltr'><strong><em>Ὠ</em></strong></span> <span class='ocrx_word' id='word_1_770' title='bbox 3418 4819 3693 4893; x_wconf 81' lang='grc' dir='ltr'>ἄνθρωπε,</span> <span class='ocrx_word' id='word_1_771' title='bbox 3740 4819 3909 4873; x_wconf 85' lang='grc' dir='ltr'>καλὸν</span> <span class='ocrx_word' id='word_1_772' title='bbox 3939 4813 3996 4887; x_wconf 72' lang='grc' dir='ltr'>ἦν</span> 
     </span>
    </p>
   </div>
   <div class='ocr_carea' id='block_1_98' title="bbox 2418 4910 3993 4988">
    <p class='ocr_par' dir='ltr' id='par_1_98' title="bbox 2418 4910 3993 4988">
     <span class='ocr_line' id='line_1_98' title="bbox 2418 4910 3993 4988; baseline -0.004 -16"><span class='ocrx_word' id='word_1_773' title='bbox 2418 4918 2743 4981; x_wconf 84' lang='grc' dir='ltr'>πεισθέντας</span> <span class='ocrx_word' id='word_1_774' title='bbox 2774 4919 2922 4988; x_wconf 77' lang='grc' dir='ltr'>ἡμᾶς</span> <span class='ocrx_word' id='word_1_775' title='bbox 2954 4918 3065 4979; x_wconf 85' lang='grc' dir='ltr'>τοῖς</span> <span class='ocrx_word' id='word_1_776' title='bbox 3102 4914 3441 4978; x_wconf 87' lang='grc' dir='ltr'>διδασκάλοις</span> <span class='ocrx_word' id='word_1_777' title='bbox 3469 4912 3867 4985; x_wconf 86' lang='grc' dir='ltr'>νομοθετήσασι</span> <span class='ocrx_word' id='word_1_778' title='bbox 3896 4910 3993 4983; x_wconf 80' lang='lat'><strong>(58)</strong></span> 
     </span>
    </p>
   </div>
   <div class='ocr_carea' id='block_1_99' title="bbox 2420 5006 3993 5085">
    <p class='ocr_par' dir='ltr' id='par_1_99' title="bbox 2420 5006 3993 5085">
     <span class='ocr_line' id='line_1_99' title="bbox 2420 5006 3993 5085; baseline -0.003 -21"><span class='ocrx_word' id='word_1_779' title='bbox 2420 5012 2611 5085; x_wconf 82' lang='grc' dir='ltr'>μηδενὶ</span> <span class='ocrx_word' id='word_1_780' title='bbox 2645 5011 2705 5076; x_wconf 83' lang='grc' dir='ltr'>ἐξ</span> <span class='ocrx_word' id='word_1_781' title='bbox 2738 5010 2894 5082; x_wconf 79' lang='grc' dir='ltr'>ὑμῶν</span> <span class='ocrx_word' id='word_1_782' title='bbox 2934 5010 3185 5081; x_wconf 66' lang='grc' dir='ltr'><strong>ὁμιλεῖν,¹</strong></span> <span class='ocrx_word' id='word_1_783' title='bbox 3203 5009 3341 5081; x_wconf 82' lang='grc' dir='ltr'>μηδέ</span> <span class='ocrx_word' id='word_1_784' title='bbox 3376 5026 3460 5063; x_wconf 91' lang='grc' dir='ltr'><strong>σοι</strong></span> <span class='ocrx_word' id='word_1_785' title='bbox 3492 5008 3698 5063; x_wconf 85' lang='grc' dir='ltr'>τούτων</span> <span class='ocrx_word' id='word_1_786' title='bbox 3740 5006 3993 5076; x_wconf 84' lang='grc' dir='ltr'>κοινωνῆ-</span> 
     </span>
    </p>
   </div>
   <div class='ocr_carea' id='block_1_100' title="bbox 797 5188 2608 5261">
    <p class='ocr_par' dir='ltr' id='par_1_100' title="bbox 797 5188 2608 5261">
     <span class='ocr_line' id='line_1_100' title="bbox 797 5188 2608 5261; baseline 0.003 -19"><span class='ocrx_word' id='word_1_787' title='bbox 797 5190 840 5220; x_wconf 82' lang='grc'><strong>¹³</strong></span> <span class='ocrx_word' id='word_1_788' title='bbox 880 5205 936 5243; x_wconf 93' lang='lat' dir='ltr'><strong>n.</strong></span> <span class='ocrx_word' id='word_1_789' title='bbox 968 5189 1057 5243; x_wconf 76' lang='lat'><strong>55.</strong></span> <span class='ocrx_word' id='word_1_790' title='bbox 1142 5188 1187 5220; x_wconf 69' lang='grc'>³⁸</span> <span class='ocrx_word' id='word_1_791' title='bbox 1226 5188 1368 5245; x_wconf 79' lang='lat' dir='ltr'><strong>Psal.</strong></span> <span class='ocrx_word' id='word_1_792' title='bbox 1405 5204 1554 5253; x_wconf 71' lang='lat' dir='ltr'><strong>XLVI,</strong></span> <span class='ocrx_word' id='word_1_793' title='bbox 1585 5188 1740 5244; x_wconf 72' lang='lat'><strong>6-10.</strong></span> <span class='ocrx_word' id='word_1_794' title='bbox 1824 5191 1867 5222; x_wconf 77' lang='lat'>”</span> <span class='ocrx_word' id='word_1_795' title='bbox 1903 5190 2050 5247; x_wconf 85' lang='lat' dir='ltr'><strong>Psal.</strong></span> <span class='ocrx_word' id='word_1_796' title='bbox 2085 5207 2248 5246; x_wconf 77' lang='lat' dir='ltr'><strong>xcvut</strong></span> <span class='ocrx_word' id='word_1_797' title='bbox 2279 5207 2377 5261; x_wconf 88' lang='lat' dir='ltr'><strong>per</strong></span> <span class='ocrx_word' id='word_1_798' title='bbox 2410 5202 2608 5248; x_wconf 89' lang='lat' dir='ltr'><strong>totum.</strong></span> 
     </span>
    </p>
   </div>
   <div class='ocr_carea' id='block_1_101' title="bbox 797 5366 2314 5441">
    <p class='ocr_par' dir='ltr' id='par_1_101' title="bbox 797 5366 2314 5441">
     <span class='ocr_line' id='line_1_101' title="bbox 797 5366 2314 5441; baseline 0.003 -20"><span class='ocrx_word' id='word_1_799' title='bbox 797 5367 909 5441; x_wconf 82' lang='lat'><strong>(56)</strong></span> <span class='ocrx_word' id='word_1_800' title='bbox 941 5366 1119 5441; x_wconf 70' lang='lat' dir='ltr'><strong>Minus</strong></span> <span class='ocrx_word' id='word_1_801' title='bbox 1147 5378 1398 5441; x_wconf 83' lang='lat' dir='ltr'><strong>accurate</strong></span> <span class='ocrx_word' id='word_1_802' title='bbox 1420 5368 1672 5424; x_wconf 88' lang='lat' dir='ltr'><strong>Christus</strong></span> <span class='ocrx_word' id='word_1_803' title='bbox 1696 5371 1879 5438; x_wconf 86' lang='lat' dir='ltr'><strong>specie</strong></span> <span class='ocrx_word' id='word_1_804' title='bbox 1916 5378 1969 5424; x_wconf 90' lang='lat' dir='ltr'><strong>et</strong></span> <span class='ocrx_word' id='word_1_805' title='bbox 1992 5370 2195 5425; x_wconf 90' lang='lat' dir='ltr'><strong>decore</strong></span> <span class='ocrx_word' id='word_1_806' title='bbox 2226 5387 2314 5425; x_wconf 79' lang='lat' dir='ltr'><strong>ca-</strong></span> 
     </span>
    </p>
   </div>
   <div class='ocr_carea' id='block_1_102' title="bbox 724 5439 2307 5510">
    <p class='ocr_par' dir='ltr' id='par_1_102' title="bbox 724 5439 2307 5510">
     <span class='ocr_line' id='line_1_102' title="bbox 724 5439 2307 5510; baseline 0.001 -18"><span class='ocrx_word' id='word_1_807' title='bbox 724 5439 903 5493; x_wconf 82' lang='lat' dir='ltr'><strong>ruisse</strong></span> <span class='ocrx_word' id='word_1_808' title='bbox 939 5439 1215 5493; x_wconf 86' lang='lat' dir='ltr'><strong>diceretur</strong></span> <span class='ocrx_word' id='word_1_809' title='bbox 1240 5440 1291 5492; x_wconf 92' lang='lat' dir='ltr'><strong>in</strong></span> <span class='ocrx_word' id='word_1_810' title='bbox 1306 5440 1436 5510; x_wconf 84' lang='lat' dir='ltr'><strong>ipso</strong></span> <span class='ocrx_word' id='word_1_811' title='bbox 1462 5441 1803 5495; x_wconf 82' lang='lat' dir='ltr'><strong>ascensionis</strong></span> <span class='ocrx_word' id='word_1_812' title='bbox 1824 5441 2122 5510; x_wconf 87' lang='lat' dir='ltr'><strong>triumpho.</strong></span> <span class='ocrx_word' id='word_1_813' title='bbox 2146 5442 2307 5495; x_wconf 85' lang='lat' dir='ltr'><strong>Eum-</strong></span> 
     </span>
    </p>
   </div>
   <div class='ocr_carea' id='block_1_103' title="bbox 724 5509 2309 5578">
    <p class='ocr_par' dir='ltr' id='par_1_103' title="bbox 724 5509 2309 5578">
     <span class='ocr_line' id='line_1_103' title="bbox 724 5509 2309 5578; baseline 0.003 -17"><span class='ocrx_word' id='word_1_814' title='bbox 724 5509 846 5563; x_wconf 83' lang='lat' dir='ltr'><strong>dem</strong></span> <span class='ocrx_word' id='word_1_815' title='bbox 883 5510 1148 5578; x_wconf 87' lang='lat' dir='ltr'><strong>psalmum</strong></span> <span class='ocrx_word' id='word_1_816' title='bbox 1178 5513 1245 5563; x_wconf 91' lang='lat' dir='ltr'><strong>de</strong></span> <span class='ocrx_word' id='word_1_817' title='bbox 1288 5509 1517 5564; x_wconf 89' lang='lat' dir='ltr'><strong>Christo</strong></span> <span class='ocrx_word' id='word_1_818' title='bbox 1581 5511 1784 5564; x_wconf 88' lang='lat' dir='ltr'><strong>dictum</strong></span> <span class='ocrx_word' id='word_1_819' title='bbox 1840 5526 1965 5565; x_wconf 88' lang='lat' dir='ltr'><strong>esse</strong></span> <span class='ocrx_word' id='word_1_820' title='bbox 1995 5509 2309 5566; x_wconf 70' lang='lat' dir='ltr'><strong>contendit</strong></span> 
     </span>
    </p>
   </div>
   <div class='ocr_carea' id='block_1_104' title="bbox 724 5579 2305 5651">
    <p class='ocr_par' dir='ltr' id='par_1_104' title="bbox 724 5579 2305 5651">
     <span class='ocr_line' id='line_1_104' title="bbox 724 5579 2305 5651; baseline 0.004 -20"><span class='ocrx_word' id='word_1_821' title='bbox 724 5594 779 5632; x_wconf 89' lang='lat' dir='ltr'><strong>n.</strong></span> <span class='ocrx_word' id='word_1_822' title='bbox 813 5580 902 5635; x_wconf 80' lang='lat'><strong>85.</strong></span> <span class='ocrx_word' id='word_1_823' title='bbox 948 5579 1055 5633; x_wconf 88' lang='lat' dir='ltr'><strong>Sed</strong></span> <span class='ocrx_word' id='word_1_824' title='bbox 1102 5580 1366 5634; x_wconf 76' lang='lat' dir='ltr'><strong>humilem</strong></span> <span class='ocrx_word' id='word_1_825' title='bbox 1398 5580 1546 5633; x_wconf 90' lang='lat' dir='ltr'><strong>illum</strong></span> <span class='ocrx_word' id='word_1_826' title='bbox 1589 5591 1795 5634; x_wconf 88' lang='lat' dir='ltr'><strong>statum</strong></span> <span class='ocrx_word' id='word_1_827' title='bbox 1836 5582 1992 5651; x_wconf 88' lang='lat' dir='ltr'><strong>primi</strong></span> <span class='ocrx_word' id='word_1_828' title='bbox 2040 5585 2305 5637; x_wconf 83' lang='lat' dir='ltr'><strong>adventus</strong></span> 
     </span>
    </p>
   </div>
   <div class='ocr_carea' id='block_1_105' title="bbox 726 5651 2301 5706">
    <p class='ocr_par' dir='ltr' id='par_1_105' title="bbox 726 5651 2301 5706">
     <span class='ocr_line' id='line_1_105' title="bbox 726 5651 2301 5706; baseline 0.003 -5"><span class='ocrx_word' id='word_1_829' title='bbox 726 5652 930 5704; x_wconf 86' lang='lat' dir='ltr'><strong>finibus</strong></span> <span class='ocrx_word' id='word_1_830' title='bbox 954 5651 1411 5705; x_wconf 83' lang='lat' dir='ltr'><strong>circumscribere</strong></span> <span class='ocrx_word' id='word_1_831' title='bbox 1445 5653 1678 5705; x_wconf 89' lang='lat' dir='ltr'><strong>videtur.</strong></span> <span class='ocrx_word' id='word_1_832' title='bbox 1710 5652 1989 5704; x_wconf 87' lang='lat' dir='ltr'><strong>Immerito</strong></span> <span class='ocrx_word' id='word_1_833' title='bbox 2021 5666 2201 5705; x_wconf 88' lang='lat' dir='ltr'><strong>autem</strong></span> <span class='ocrx_word' id='word_1_834' title='bbox 2235 5668 2301 5706; x_wconf 85' lang='lat' dir='ltr'><strong>ex</strong></span> 
     </span>
    </p>
   </div>
   <div class='ocr_carea' id='block_1_106' title="bbox 722 5721 2300 5792">
    <p class='ocr_par' dir='ltr' id='par_1_106' title="bbox 722 5721 2300 5792">
     <span class='ocr_line' id='line_1_106' title="bbox 722 5721 2300 5792; baseline 0.002 -20"><span class='ocrx_word' id='word_1_835' title='bbox 722 5721 989 5792; x_wconf 79' lang='lat' dir='ltr'><strong>ejusmodi</strong></span> <span class='ocrx_word' id='word_1_836' title='bbox 1014 5721 1171 5783; x_wconf 84' lang='lat' dir='ltr'><strong>locis,</strong></span> <span class='ocrx_word' id='word_1_837' title='bbox 1206 5722 1257 5774; x_wconf 91' lang='lat' dir='ltr'><strong>in</strong></span> <span class='ocrx_word' id='word_1_838' title='bbox 1290 5724 1491 5791; x_wconf 78' lang='lat' dir='ltr'><strong>quibus</strong></span> <span class='ocrx_word' id='word_1_839' title='bbox 1517 5723 1770 5792; x_wconf 82' lang='lat' dir='ltr'><strong>Christus</strong></span> <span class='ocrx_word' id='word_1_840' title='bbox 1816 5723 2085 5792; x_wconf 81' lang='lat' dir='ltr'><strong>inglorius</strong></span> <span class='ocrx_word' id='word_1_841' title='bbox 2122 5732 2177 5777; x_wconf 89' lang='lat' dir='ltr'><strong>et</strong></span> <span class='ocrx_word' id='word_1_842' title='bbox 2210 5724 2300 5775; x_wconf 87' lang='lat' dir='ltr'><strong>in-</strong></span> 
     </span>
    </p>
   </div>
   <div class='ocr_carea' id='block_1_107' title="bbox 722 5790 2301 5865">
    <p class='ocr_par' dir='ltr' id='par_1_107' title="bbox 722 5790 2301 5865">
     <span class='ocr_line' id='line_1_107' title="bbox 722 5790 2301 5865; baseline 0.003 -21"><span class='ocrx_word' id='word_1_843' title='bbox 722 5791 917 5848; x_wconf 83' lang='lat' dir='ltr'><strong>formis</strong></span> <span class='ocrx_word' id='word_1_844' title='bbox 944 5792 1263 5865; x_wconf 82' lang='lat' dir='ltr'><strong>apparuisse</strong></span> <span class='ocrx_word' id='word_1_845' title='bbox 1302 5793 1523 5857; x_wconf 86' lang='lat' dir='ltr'><strong>dicitur,</strong></span> <span class='ocrx_word' id='word_1_846' title='bbox 1555 5790 1859 5849; x_wconf 84' lang='lat' dir='ltr'><strong>deformem</strong></span> <span class='ocrx_word' id='word_1_847' title='bbox 1882 5790 1937 5849; x_wconf 81' lang='lat' dir='ltr'><strong>ei</strong></span> <span class='ocrx_word' id='word_1_848' title='bbox 1979 5800 2189 5849; x_wconf 80' lang='lat' dir='ltr'><strong>vultum</strong></span> <span class='ocrx_word' id='word_1_849' title='bbox 2218 5805 2301 5848; x_wconf 81' lang='lat' dir='ltr'><strong>at-</strong></span> 
     </span>
    </p>
   </div>
   <div class='ocr_carea' id='block_1_108' title="bbox 2422 5367 3992 5439">
    <p class='ocr_par' dir='ltr' id='par_1_108' title="bbox 2422 5367 3992 5439">
     <span class='ocr_line' id='line_1_108' title="bbox 2422 5367 3992 5439; baseline -0.003 -16"><span class='ocrx_word' id='word_1_850' title='bbox 2422 5369 2589 5429; x_wconf 89' lang='lat' dir='ltr'><strong>tribui</strong></span> <span class='ocrx_word' id='word_1_851' title='bbox 2621 5368 3032 5439; x_wconf 78' lang='lat' dir='ltr'><strong>colligeremus.</strong></span> <span class='ocrx_word' id='word_1_852' title='bbox 3074 5367 3295 5424; x_wconf 85' lang='lat' dir='ltr'><strong>Primus</strong></span> <span class='ocrx_word' id='word_1_853' title='bbox 3334 5368 3479 5424; x_wconf 86' lang='lat' dir='ltr'><strong>illius</strong></span> <span class='ocrx_word' id='word_1_854' title='bbox 3506 5370 3773 5424; x_wconf 87' lang='lat' dir='ltr'><strong>adventus</strong></span> <span class='ocrx_word' id='word_1_855' title='bbox 3807 5370 3992 5423; x_wconf 88' lang='lat' dir='ltr'><strong>dicitur</strong></span> 
     </span>
    </p>
   </div>
   <div class='ocr_carea' id='block_1_109' title="bbox 2421 5440 3313 5508">
    <p class='ocr_par' dir='ltr' id='par_1_109' title="bbox 2421 5440 3313 5508">
     <span class='ocr_line' id='line_1_109' title="bbox 2421 5440 3313 5508; baseline -0.001 -13"><span class='ocrx_word' id='word_1_856' title='bbox 2421 5440 2677 5496; x_wconf 88' lang='lat' dir='ltr'><strong>informis</strong></span> <span class='ocrx_word' id='word_1_857' title='bbox 2711 5450 2766 5494; x_wconf 88' lang='lat' dir='ltr'><strong>et</strong></span> <span class='ocrx_word' id='word_1_858' title='bbox 2802 5441 3070 5508; x_wconf 89' lang='lat' dir='ltr'><strong>inglorius</strong></span> <span class='ocrx_word' id='word_1_859' title='bbox 3103 5455 3158 5494; x_wconf 93' lang='lat' dir='ltr'><strong>n.</strong></span> <span class='ocrx_word' id='word_1_860' title='bbox 3190 5442 3313 5494; x_wconf 71' lang='lat'><strong>121.</strong></span> 
     </span>
    </p>
   </div>
   <div class='ocr_carea' id='block_1_110' title="bbox 2456 5510 3986 5595">
    <p class='ocr_par' dir='ltr' id='par_1_110' title="bbox 2456 5510 3986 5595">
     <span class='ocr_line' id='line_1_110' title="bbox 2456 5510 3986 5595; baseline -0.004 -30"><span class='ocrx_word' id='word_1_861' title='bbox 2456 5511 2600 5595; x_wconf 42' lang='lat'><strong>.(57)</strong></span> <span class='ocrx_word' id='word_1_862' title='bbox 2634 5512 2756 5564; x_wconf 81' lang='grc' dir='ltr'>Ὅτι</span> <span class='ocrx_word' id='word_1_863' title='bbox 2782 5510 3168 5581; x_wconf 73' lang='grc' dir='ltr'>ἐφύλασσον.</span> <span class='ocrx_word' id='word_1_864' title='bbox 3198 5514 3359 5565; x_wconf 82' lang='lat' dir='ltr'><strong>Deest</strong></span> <span class='ocrx_word' id='word_1_865' title='bbox 3381 5512 3463 5565; x_wconf 89' lang='grc' dir='ltr'>ὅτι</span> <span class='ocrx_word' id='word_1_866' title='bbox 3514 5512 3567 5565; x_wconf 90' lang='lat' dir='ltr'><strong>in</strong></span> <span class='ocrx_word' id='word_1_867' title='bbox 3620 5520 3855 5580; x_wconf 84' lang='lat' dir='ltr'><strong>utroque</strong></span> <span class='ocrx_word' id='word_1_868' title='bbox 3908 5525 3986 5560; x_wconf 66' lang='grc' dir='ltr'><strong>σου</strong></span> 
     </span>
    </p>
   </div>
   <div class='ocr_carea' id='block_1_111' title="bbox 2414 5582 3987 5724">
    <p class='ocr_par' dir='ltr' id='par_1_111' title="bbox 2414 5582 3987 5724">
     <span class='ocr_line' id='line_1_111' title="bbox 2414 5582 3987 5724; baseline 0 -20"><span class='ocrx_word' id='word_1_869' title='bbox 2414 5582 2738 5724; x_wconf 47' lang='grc' dir='ltr'><strong>ὼῖὲέῗῖοῒς</strong></span> <span class='ocrx_word' id='word_1_870' title='bbox 2757 5652 3153 5719; x_wconf 71' lang='grc' dir='ltr'>διδασκάλοις</span> <span class='ocrx_word' id='word_1_871' title='bbox 3173 5653 3639 5722; x_wconf 78' lang='grc' dir='ltr'>νομοθετήσασι.</span> <span class='ocrx_word' id='word_1_872' title='bbox 3665 5649 3819 5705; x_wconf 84' lang='lat' dir='ltr'><strong>Hanc</strong></span> <span class='ocrx_word' id='word_1_873' title='bbox 3840 5666 3987 5724; x_wconf 76' lang='lat' dir='ltr'><strong>agea-</strong></span> 
     </span>
    </p>
   </div>
   <div class='ocr_carea' id='block_1_112' title="bbox 2407 5721 3984 5850">
    <p class='ocr_par' dir='ltr' id='par_1_112' title="bbox 2407 5721 3984 5850">
     <span class='ocr_line' id='line_1_112' title="bbox 2409 5721 3984 5805; baseline -0.003 -27"><span class='ocrx_word' id='word_1_874' title='bbox 2409 5724 2463 5805; x_wconf 74' lang='lat' dir='ltr'><strong>tli</strong></span> <span class='ocrx_word' id='word_1_875' title='bbox 2494 5721 2763 5780; x_wconf 81' lang='lat' dir='ltr'><strong>rationem</strong></span> <span class='ocrx_word' id='word_1_876' title='bbox 2810 5726 2951 5780; x_wconf 81' lang='lat' dir='ltr'><strong>infra</strong></span> <span class='ocrx_word' id='word_1_877' title='bbox 2983 5740 3138 5779; x_wconf 90' lang='lat' dir='ltr'><strong>nunt.</strong></span> <span class='ocrx_word' id='word_1_878' title='bbox 3168 5721 3292 5789; x_wconf 68' lang='grc'>112,</span> <span class='ocrx_word' id='word_1_879' title='bbox 3322 5724 3527 5779; x_wconf 62' lang='grc' dir='ltr'>δυύεκιε</span> <span class='ocrx_word' id='word_1_880' title='bbox 3548 5728 3851 5795; x_wconf 73' lang='lat' dir='ltr'><strong>uprobrat</strong></span> <span class='ocrx_word' id='word_1_881' title='bbox 3871 5721 3984 5777; x_wconf 73' lang='lat' dir='ltr'><strong>Jus-</strong></span> 
     </span>
     <span class='ocr_line' id='line_1_113' title="bbox 2407 5803 2577 5850; baseline 0.024 -4"><span class='ocrx_word' id='word_1_882' title='bbox 2407 5803 2577 5850; x_wconf 82' lang='lat' dir='ltr'><strong>unus.</strong></span> 
     </span>
    </p>
   </div>
  </div>
