4108 6428
176 378 293 429 557

1073 377 1417 434 DIALOGUS
1447 379 1594 434 CUM
1627 379 2006 436 TRYPHONE
2036 380 2304 438 JUDEO.
3347 390 3454 449 558

173 507 278 544 σαι
314 495 421 546 τῶν
464 492 658 562 λόγων.
709 495 1015 568 Βλάσψημα
1063 501 1170 571 γὰρ
1218 502 1387 556 πολλά
1429 502 1629 570 λέγεις,
1679 503 1755 556 tbi

1871 502 2001 558 stris
2025 518 2231 559 morem
2259 514 2537 576 gerentes,
2566 506 2657 576 qui
2693 513 2938 560 vestrum
2965 505 3220 576 cuiquam
3261 510 3452 563 venir».

171 582 567 653 σταυρωθέντα
603 585 787 640 τοῦτον
819 588 985 653 ἀξιῶν
1021 591 1229 646 πείθειν
1257 595 1408 664 ἡμᾶς
1441 594 1770 664 γεγενῆσθαι

171 679 324 746 μετὰ
356 679 632 743 Μωῦσέως
665 680 760 735 καὶ
806 682 1035 755 Ἀαρὼν,
1071 685 1164 737 καὶ
1196 683 1553 757 λελαληκέναι
1587 687 1769 750 αὐτοῖς

167 771 236 822 ὲν
273 771 452 843 στύλῳ
490 773 749 853 νεφέληςο
789 769 905 830 εἶτα
937 775 1223 850 ἄνθρωπον
1244 781 1554 851 γενόμενον,
1605 799 1768 834 σταυ-

170 863 441 936 ρωθῆναι,
473 865 567 920 καὶ
592 867 994 943 ἀναϐεϐηκέναι
1014 875 1094 935 είς
1129 870 1220 925 τὸν
1254 873 1503 946 οὐρανὸν,
1541 875 1634 928 καὶ
1665 875 1768 928 πά-

163 955 261 1010 λιν
301 957 689 1100 πῗραγίνεσθαι
727 962 839 1034 (59)
876 964 971 1020 ἐπὶ
1014 964 1113 1032 τῆς
1162 965 1288 1037 γῆς,
1323 966 1416 1020 καὶ
1455 985 1767 1039 προσκυνη-

165 1049 269 1100 τὺν
307 1065 331 1100 ε
359 1067 464 1100 ναι.
1519 1065 1524 1071 ’

165 1049 269 1102 τὸν
307 1049 464 1104 εἶναι.
1519 1065 1524 1071 ’

199 1390 202 1391 ν
247 1329 422 1400 Κάγὼ
452 1331 869 1406 ἀπεκρινάμην·
908 1331 1039 1390 Οἶδα
1070 1337 1173 1402 ὅτι,
1208 1339 1283 1404 ὡς
1317 1341 1344 1393 ὁ
1377 1338 1468 1393 τοῦ
1502 1339 1637 1394 Θεοῦ
1673 1339 1762 1394 λό-

167 1437 275 1489 γος
309 1423 436 1495 ἔφη,
484 1424 790 1496 κέκρυπται
835 1427 929 1495 ἀφ’
977 1428 1131 1500 ὑμῶν
1176 1431 1208 1502 ή
1261 1431 1422 1500 σοφία
1468 1433 1500 1502 ἡ
1552 1432 1762 1504 μεγάλη

167 1514 318 1586 αὕτη
347 1515 439 1568 τοῦ
475 1515 696 1586 ποιητοῦ
721 1516 827 1569 τῶν
855 1517 992 1570 ὅλων
1020 1520 1114 1572 καὶ
1143 1523 1580 1594 παντοκράτορος
1606 1524 1759 1579 Θεοῦ.

167 1607 270 1660 Διδ
306 1607 604 1678 συμπαθῶν
639 1608 768 1679 ὑμῖν
815 1613 1190 1683 προσκάμνειν
1222 1613 1581 1685 ἀγωνίζομαι,
1617 1617 1763 1682 ὅπως

168 1697 244 1751 τά
283 1698 556 1771 παράδοξα
603 1698 760 1771 ἡμῶν
793 1701 966 1755 ταῦτα
1012 1704 1276 1776 νοήσητε·
1327 1707 1376 1758 εί
1423 1707 1478 1759 δὲ
1528 1708 1624 1780 μὴ,
1677 1709 1764 1762 ἴνα

1870 596 1924 650 in
1964 595 2298 666 colloquium
2349 597 2466 668 lcgc
2505 607 2815 662 vetuerunt,
2875 611 2943 652 ne
2989 597 3184 652 horum
3232 601 3454 670 quidem

1868 704 2181 746 sermonum
2213 693 2655 746 communionem
2689 701 2873 746 tecum
2903 689 3250 747 haberemus.
3281 690 3456 762 lmpie

1869 783 2014 837 enim
2047 783 2215 836 multa
2256 782 2416 848 dicis,
2451 783 2782 838 crucifixum
2806 782 2954 837 illum
2989 786 3325 853 persuadere
3353 802 3454 840 no-

1868 877 1954 931 his
1980 875 2138 947 135
2168 877 2450 945 postulans
2475 893 2597 931 cum
2625 876 2808 948 Moyse
2837 887 2891 932 et
2918 879 3138 932 Aarone
3165 888 3449 935 versatum

1870 970 2064 1032 fuisse,
2088 980 2145 1024 et
2173 983 2268 1024 eos
2297 972 2349 1024 in
2377 971 2632 1025 columna
2663 973 2827 1026 nobis
2861 971 3155 1034 allocutum
3189 987 3206 1026 :
3255 973 3452 1029 deinde

1869 1060 2146 1114 hominem
2171 1059 2380 1114 factum
2413 1076 2476 1114 ac
2502 1060 2650 1115 cruci
2683 1059 2904 1115 al'ﬁxum
2939 1059 3130 1129 fuisse,
3167 1071 3221 1118 et
3249 1063 3304 1118 in
3343 1071 3456 1121 cato

1865 1149 1977 1203 lum
2007 1137 2341 1217 ascendisse,
2397 1167 2460 1204 ac
2503 1167 2696 1207 rursus
2759 1152 2813 1206 in
2873 1161 3077 1208 terram
3134 1163 3449 1224 venturum,

1865 1242 2223 1319 eumdemque
2258 1243 2593 1298 adorandum
2618 1260 2757 1301 esse.

1939 1331 2076 1388 Tum
2105 1350 2206 1404 ego
2238 1336 2316 1389 sic
2361 1336 2651 1406 respondi:
2699 1337 2824 1392 Scio
2865 1338 3242 1396 absconditam
3297 1342 3457 1396 vobis

1865 1440 2006 1491 esse,
2041 1436 2098 1480 ut
2131 1428 2210 1482 ait
2251 1426 2468 1484 divinus
2511 1444 2716 1492 sermo,
2752 1446 3002 1502 magnam
3045 1433 3192 1486 illam
3227 1445 3449 1490 creato-

1867 1516 1944 1570 ris
1992 1517 2238 1571 omnium
2290 1527 2345 1572 et
2389 1520 2780 1589 omnipotentis
2841 1521 2936 1575 Dei
3006 1524 3334 1594 sapientiam
3384 1526 3450 1578 η.

1865 1605 2046 1673 Quare
2091 1609 2470 1664 misericordia
2510 1613 2566 1665 in
2601 1627 2698 1667 vos
2738 1625 3067 1682 commotus,
3104 1619 3454 1673 contentione

1863 1698 2011 1753 omni
2041 1697 2308 1766 allaboro,
2346 1711 2403 1754 ut
2443 1701 2562 1757 llth
2599 1714 2808 1769 nostra,
2847 1719 2968 1773 qua:
3003 1717 3204 1776 praeter
3245 1709 3432 1777 opinio

168 1790 285 1842 κᾶν
316 1790 478 1855 αὐτὸς
505 1791 677 1856 ἀθῶος
707 1785 752 1844 ὦ
782 1796 839 1846 ὲν
873 1794 1059 1866 ἡμέρᾳ
1094 1797 1348 1868 κρίσεως.
1385 1798 1502 1852 Ἔτι
1527 1800 1634 1870 γὰρ
1669 1801 1755 1855 καὶ

1867 1805 1990 1845 nem
2028 1802 2267 1846 vestram
2304 1793 2584 1860 dicuntur,
2617 1794 2972 1864 intelligatis;
3005 1798 3088 1851 vel
3122 1799 3315 1854 saltem
3352 1817 3456 1872 ego

170 1884 642 1957 παραδοξοτέρους
677 1885 788 1955 (60)
821 1863 1111 1952 δοκοῦντας
1134 1863 1335 1954 ’ἄλλους
1370 1863 1561 1958 λόγους
1594 1863 1755 1946 ἀκού-

1864 1882 2098 1937 crimine
2130 1897 2326 1937 vacenp
2351 1884 2404 1938 in
2440 1887 2762 1957 diejudicii.
2788 1863 2985 1943 Adhuc
3007 1890 3156 1944 enim
3190 1863 3452 1958 audietis,

168 1989 330 2027 σετε·
370 1974 445 2046 μὴ
479 1976 814 2048 ταράσσεσθε
847 1976 924 2040 δὲ,
958 1978 1091 2032 άλλά
1127 1979 1328 2050 μᾶλλον
1362 1973 1757 2054 προθυμότεροι

165 2068 456 2138 γενόμενοι
489 2068 754 2140 ἀκροαταὶ
788 2070 880 2122 καὶ
914 2067 1195 2134 ἐξετασταὶ
1232 2073 1446 2142 μένετε,
1483 2091 1756 2148 καταφρο-

166 2158 395 2223 νοῦντες
423 2159 521 2228 τῆς
551 2153 902 2231 παραδόσεως
936 2161 1041 2214 τῶν
1076 2164 1358 2235 ὑμετέρων
1390 2166 1721 2220 διδασκάλων
1740 2183 1755 2196 ⁸

171 2251 304 2303 ἐπεὶ
335 2251 396 2303 οὐ
431 2252 496 2305 τὰ
540 2252 625 2304 διὰ
661 2252 750 2305 τοῦ
799 2253 933 2306 Θεοῦ
973 2253 1082 2324 (61)
1133 2255 1237 2307 ὑπὸ
1272 2257 1362 2310 τοῦ
1415 2259 1754 2330 προφητικωῖ

165 2343 492 2413 Πνεύματος
526 2343 835 2416 ἐλέγχονται
868 2350 1008 2399 νοεῖν
1040 2348 1348 2418 δυνάμενοι,
1384 2349 1519 2402 ἀλλὰ
1553 2350 1619 2402 τὰ
1654 2350 1758 2404 ἴδια

166 2435 377 2504 μᾶλλον
409 2435 675 2492 διδάσκειν
709 2439 1152 2510 προαιρούμενοι.
1203 2439 1290 2493 Ἐν
1337 2442 1757 2513 τεσσαρακοστῷ

165 2523 268 2582 οὖν
303 2530 550 2603 τετάρτῳ
579 2531 781 2602 ψαλμῷ
813 2533 1014 2602 ὁμοίως
1048 2535 1262 2604 εἴρηται
1295 2537 1372 2598 είς
1406 2536 1493 2616 τὸν
1525 2536 1758 2608 Χριστὸν

162 2625 378 2678 ταῦτα·
421 2644 440 2676 t
495 2626 852 2704 Ἐξηρεύξατο
884 2630 916 2699 ὴ
952 2626 1146 2697 καρδία
1182 2645 1286 2698 μου
1319 2628 1475 2698 λόγον
1517 2630 1751 2698 ἀγαθόν’

163 2718 318 2788 λέγω
352 2720 464 2789 ἐγὼ
496 2720 562 2773 τὰ
595 2721 730 2791 ἔργα
766 2741 866 2792 μου
900 2722 977 2791 τῷ
1011 2722 1256 2775 Βασιλεῖ.
1305 2723 1366 2774 Ἥ
1402 2723 1621 2792 γλῶσσά
1656 2743 1756 2794 μου

163 2811 421 2882 κάλαμος
474 2814 849 2884 γραμματέως
903 2814 1236 2885 ὀξυγράφου.
1307 2817 1517 2887 Ὠραῖος
1572 2818 1756 2871 κάλλει

163 2903 323 2975 παρὰ
356 2905 482 2967 τοὺς
517 2906 667 2969 υίοὺς
701 2906 808 2959 τῶν
855 2906 1188 2978 ἀνθρώπων·
1229 2907 1458 2979 ἐξεχύθη
1507 2910 1664 2981 χάρις
1700 2913 1756 2964 ὲν

160 2994 371 3064 χείλεσί
405 3012 528 3048 σουο
566 2997 654 3050 διὰ
696 2997 853 3052 τοῦτο
900 2998 1174 3069 εὑλόγησέ
1222 3016 1282 3052 σε
1315 3001 1343 3053 6
1388 3001 1520 3065 Θεὸς
1555 3005 1635 3067 είς
1669 3004 1758 3057 τὸν

159 3086 358 3140 αἰῶνα.
397 3085 704 3159 Περίζωσαι
739 3089 836 3160 τὴν
874 3091 1148 3161 ῥομφαίαν
1202 3111 1296 3146 σου
1333 3094 1422 3146 ἐπὶ
1455 3094 1545 3146 τὸν
1583 3096 1756 3166 μηρόν

1860 1989 1984 2044 qum
2016 1977 2085 2031 ab
2119 1977 2378 2047 Opinione
2434 1989 2612 2034 vestra
2651 1981 2826 2050 magis
2879 1992 3087 2036 remota
3125 1983 3453 2052 videantur;

1860 2068 1956 2124 sed
2003 2085 2070 2124 ne
2101 2071 2420 2134 turbemini,
2457 2073 2589 2141 quin
2627 2076 2808 2143 potius
2835 2074 3138 2129 alacriores
3174 2077 3455 2133 auditores

1859 2168 1917 2210 et
1945 2159 2322 2231 inquisitores
2369 2174 2610 2229 manete,
2671 2166 3022 2222 traditionem
3068 2169 3452 2237 magistrorum

1861 2261 2172 2307 vestrorum
2229 2265 2683 2322 contemnentes;
2727 2271 2794 2311 eo
2848 2257 3046 2328 quippe
3099 2259 3320 2314 nomine
3365 2278 3455 2315 ar-

1861 2350 2104 2411 guuntur
2130 2358 2160 2396 a
2188 2343 2392 2414 Spiritu
2421 2357 2638 2412 sancto,
2677 2349 2821 2418 quod
2856 2349 3160 2421 intelligere
3189 2367 3294 2406 non
3333 2368 3456 2423 pos-

1860 2433 1991 2498 sint,
2033 2450 2157 2504 quae
2193 2451 2222 2490 a
2266 2436 2378 2492 Deo
2418 2441 2707 2506 docentur,
2758 2432 2852 2495 sed
2899 2455 2996 2495 sua
3044 2443 3220 2510 magis
3259 2443 3456 2498 docere

1861 2524 2118 2580 studeant
2147 2525 2210 2579 ".
2242 2525 2300 2581 lu
2342 2529 2552 2596 psalmo
2583 2529 2749 2599 igitur
2791 2532 3224 2602 quadragesimo
3254 2547 3456 2602 quarto

1861 2616 1977 2669 haec
2018 2616 2072 2669 in
2104 2615 2385 2672 Christum
2420 2618 2686 2674 similiter
2715 2620 2865 2675 dicta
2889 2621 3106 2678 sunt":
3127 2639 3144 2671 t
3171 2623 3459 2681 Eructavit

1861 2720 1958 2758 cor
2005 2721 2188 2761 meum
2239 2708 2466 2764 verbum
2535 2711 2777 2764 bonum:
2823 2712 2946 2765 dico
2980 2727 3081 2780 ego
3119 2729 3290 2782 opera
3333 2733 3454 2772 mea

1861 2797 2021 2868 Regi.
2052 2799 2260 2872 Lingua
2291 2817 2410 2856 inea
2443 2802 2684 2856 calamus
2711 2803 2904 2858 scribae
2925 2804 3186 2860 velociter
3210 2808 3458 2862 scriben-

1867 2892 1957 2947 tis.
1992 2893 2284 2962 Speciosus
2330 2893 2504 2950 forma
2550 2912 2662 2965 prae
2708 2896 2836 2951 iiliis
2886 2897 3205 2967 hominum;
3257 2901 3454 2957 dimisa

1858 2993 1942 3038 est
1976 2985 2156 3054 gratia
2193 2986 2246 3040 in
2299 2986 2463 3042 labiis
2519 2990 2658 3054 tuis;
2717 2999 3009 3059 propterea
3061 2991 3345 3047 benedixit
3400 3005 3454 3048 te

1864 3078 2005 3132 Deus
2042 3078 2096 3131 in
2128 3088 2420 3133 aeternum.
2471 3083 2776 3150 Accingere
2819 3082 2999 3152 gladio
3040 3093 3132 3137 tuo
3167 3100 3332 3153 super
3369 3086 3451 3140 fe-

163 3201 284 3247 σου,
322 3183 537 3237 δυνατέ.
575 3181 654 3256 Τῇ
705 3184 1002 3257 ὡραιότητί
1052 3203 1144 3238 σου
1179 3188 1273 3240 καὶ
1318 3186 1394 3257 τῷ
1441 3187 1626 3240 κάλλει
1661 3207 1754 3241 σου

1862 3183 1987 3222 ιιιυι·
2018 3179 2193 3235 tuum,
2228 3173 2633 3239 potentissime.
2669 3172 2866 3240 Specie
2895 3184 3011 3240 tua,
3045 3185 3102 3230 et
3142 3177 3454 3245 pulchritu-

160 3277 260 3330 καὶ
305 3275 530 3339 ἓντεινε,
578 3278 672 3329 καὶ
726 3276 1038 3341 κατευοδοῦ,
1090 3279 1185 3331 καὶ
1239 3277 1510 3348 βασίλευε,
1568 3282 1753 3334 ἕνεκεν

161 3368 429 3440 ἀληθείας
464 3369 558 3421 καὶ
601 3369 908 3442 πραότητος
944 3357 1050 3423 ’καὶ
1095 3369 1439 3441 δικαιοσύνης
1461 3389 1474 3402 ο
1512 3373 1604 3426 καὶ
1635 3373 1754 3444 ὁδη-

160 3460 326 3530 γήσει
361 3477 420 3512 σε
455 3458 780 3531 θαυμαστῶς
815 3464 847 3532 ἡ
883 3459 1032 3526 δεξιά
1067 3480 1181 3515 σου.
1219 3463 1298 3518 Τὰ
1333 3465 1463 3535 βέλη
1502 3481 1592 3517 σου
1627 3467 1756 3535 ἡκο-

159 3550 400 3621 νημένα,
444 3550 674 3615 δυνατὲ,
727 3551 845 3605 λαοὶ
893 3553 1151 3606 ὑποκάτω
1198 3571 1290 3607 σου
1338 3555 1649 3619 πεσοῦνται,
1699 3558 1755 3608 ὲν

161 3641 365 3714 καρδίᾳ
405 3641 511 3694 τῶν
559 3642 768 3712 ἐχθρῶν
814 3642 904 3696 τοῦ
941 3630 1242 3710 Βασιλέως.
1291 3644 1350 3698 Ὀ
1397 3645 1586 3717 θρόνος
1636 3663 1752 3709 σου,

159 3731 190 3782 6
223 3732 380 3796 Θεὸς,
416 3733 497 3796 είς
543 3734 632 3786 τὸν
666 3733 838 3787 αίῶνα
871 3735 964 3788 τοῦ
1016 3736 1210 3800 αἰῶνος
1231 3753 1244 3766 °
1283 3736 1477 3808 ῥάϐδος
1524 3737 1758 3808 εὐθύτη-

162 3841 252 3888 τὶς
287 3826 321 3896 ἡ
359 3825 552 3895 ῥάϐδος
585 3827 682 3898 τῆς
719 3827 994 3897 βασιλείας
1031 3846 1147 3883 σου.
1198 3830 1521 3903 Ἡγάπησας
1555 3833 1758 3885 δικαιο-

161 3918 355 3989 σύνην,
392 3921 487 3973 καὶ
521 3922 792 3992 ἐμίσησας
839 3925 1111 3993 ἀνομίανν
1153 3923 1243 3977 διὰ
1275 3925 1432 3978 τοῦτο
1478 3926 1660 3999 ἕχρισέ
1697 3943 1757 3978 σε

160 4014 190 4066 6
222 4012 357 4078 Θεός
392 4013 502 4084 (62)
539 4031 631 4067 σου
667 4015 842 4068 ἔλαιον
878 4016 1251 4085 ἀγαλλιάσεως
1287 4019 1438 4091 παρά
1471 4021 1595 4084 τοὺς
1631 4037 1759 4088 μετ-

164 4104 324 4175 όχους
376 4122 491 4160 σου.
544 4106 798 4178 Σμύρναν
834 4109 929 4162 καὶ
979 4111 1217 4181 στακτὴν
1266 4112 1362 4164 καὶ
1411 4113 1606 4166 κασίαν
1652 4113 1758 4166 ἀπὸ

163 4196 271 4250 τῶν
306 4198 537 4268 ἱματίων
571 4215 689 4264 σου,
725 4200 832 4253 ἀπὸ
882 4201 1094 4274 βάρεων
1143 4201 1528 4272 ἐλεφαντίνων,
1578 4204 1638 4268 ἐξ
1683 4197 1758 4257 ῶν

164 4289 446 4364 εὔφρανάν
481 4307 562 4345 σε.
598 4291 911 4364 Θυγατέρες
962 4292 1232 4363 βασιλέων
1279 4297 1338 4348 ὲν
1370 4299 1436 4367 τῇ
1471 4295 1602 4367 τιμῇ
1640 4313 1755 4350 σου.

165 4379 490 4453 Παρέστηὴ
541 4381 828 4452 βασίλισσα
876 4386 939 4438 ἐκ
969 4383 1158 4450 δεξιῶν
1205 4401 1321 4446 σου,
1370 4387 1428 4439 ἐν
1477 4372 1759 4457 ἱματισμῷ

163 4469 443 4544 διαχρύσῳ
488 4474 952 4546 περιϐεϐλημένη,
1009 4475 1428 4547 πεποικιλμένη.
1469 4477 1754 4539 Ἄκουσον,

1859 3265 1987 3318 dine
2017 3275 2106 3319 tua
2133 3275 2189 3320 et
2219 3266 2462 3333 intende,
2500 3276 2554 3322 et
2584 3283 2844 3339 prospere
2877 3270 3133 3338 procede,
3164 3280 3221 3324 et
3261 3288 3454 3343 regna,

1857 3370 2088 3428 propter
2113 3360 2402 3414 veritatem
2437 3371 2490 3414 et
2544 3362 3040 3427 mansuetudinem,
3067 3373 3120 3416 et
3147 3363 3449 3431 justitiam;

1857 3461 1912 3505 et
1939 3453 2176 3507 deducet
2212 3462 2262 3507 te
2296 3453 2626 3508 mirabiliter
2656 3454 2888 3508 dextera
2925 3464 3032 3508 tua.
3082 3453 3307 3526 Sagittae
3346 3467 3453 3510 ιυιιι

1863 3555 2063 3612 acutae,
2100 3547 2508 3614 potentissime,
2536 3546 2716 3616 populi
2745 3545 2845 3600 sub
2876 3556 2924 3598 te
2961 3548 3176 3611 cadent,
3209 3547 3262 3601 in
3290 3553 3458 3604 corde

1858 3637 2206 3694 inimicorum
2241 3637 2422 3709 Regis.
2456 3639 2626 3693 Sedes
2647 3649 2758 3704 tua,
2794 3638 2955 3702 Deus,
2985 3639 3038 3691 in
3063 3636 3324 3693 'sazculuin
3359 3655 3454 3694 εαι·

1858 3734 2001 3788 culi:
2054 3733 2208 3802 virga
2242 3731 2586 3796 directionis,
2640 3731 2790 3800 virga
2838 3731 2987 3797 regni
3051 3731 3148 3784 tui.
3198 3729 3450 3784 Dilexisti

1853 3827 2148 3896 justitiam,
2179 3837 2234 3882 et
2261 3827 2426 3882 odisti
2461 3827 2847 3894 iniquitatem;
2898 3835 3182 3895 propterea
3219 3825 3372 3880 unxit
3403 3836 3454 3878 te

1863 3920 2028 3985 Deus,
2070 3920 2212 3974 Deus
2264 3929 2390 3974 tuus
2423 3919 2548 3974 oleo
2586 3917 2976 3972 exsultatiouis
3026 3933 3138 3986 prae
3172 3918 3452 3987 participi-

1861 4011 1962 4066 bus
2013 4012 2146 4067 tuis.
2197 4011 2415 4082 Myrrha
2449 4021 2501 4065 et
2531 4021 2702 4079 gutta,
2737 4019 2792 4064 et
2833 4009 3005 4076 casia,
3045 4023 3074 4062 a
3110 4009 3454 4063 vestimentis

1865 4105 1990 4166 tuis,
2025 4120 2054 4157 a
2090 4104 2340 4158 domibus
2379 4103 2658 4166 eburneis,
2706 4117 2772 4155 ex
2801 4101 2998 4172 quibus
3041 4099 3452 4156 delectaverunt

1863 4206 1936 4250 te.
1993 4195 2144 4250 Filia:
2191 4210 2381 4266 regum
2435 4195 2487 4248 in
2543 4193 2756 4248 honore
2807 4201 2921 4247 tuo.
2973 4191 3162 4246 Astitit
3197 4193 3385 4262 regina
3417 4210 3447 4246 a

1860 4288 2067 4342 dextris
2117 4287 2245 4352 tuis,
2302 4288 2356 4341 in
2403 4285 2601 4339 vestitu
2661 4285 2957 4347 deaurato,
3006 4284 3446 4347 circumamicta,

1863 4383 2170 4451 variegata.
2216 4380 2378 4439 Audi,
2415 4379 2548 4441 lilia,
2601 4387 2656 4433 et
2712 4376 2856 4443 vide,
2903 4386 2958 4432 et
3013 4376 3213 4432 inclina
3262 4392 3450 4432 aurem

1863 4482 2048 4528 tuam:
2085 4483 2140 4528 et
2169 4471 2492 4526 obliviscere
2521 4470 2782 4541 populum
2827 4481 2976 4525 tuum
3006 4480 3062 4526 et
3100 4471 3320 4527 domum
3349 4486 3447 4539 pa-

166 4563 425 4636 θύγατερ,
461 4565 556 4619 καὶ
591 4566 686 4632 ἴδε,
722 4567 816 4622 καὶ
850 4568 1028 4622 κλῖνον
1061 4569 1122 4622 τὸ
1155 4566 1246 4635 οῦς
1283 4587 1397 4634 σου,
1433 4571 1528 4624 καὶ
1562 4570 1751 4624 ἐπιλά-

1863 4567 1962 4620 tris
2005 4565 2105 4619 tui.
2153 4561 2221 4619 Et
2269 4565 2627 4632 concupiscet
2672 4561 2789 4616 Rex
2816 4563 3072 4618 decorem
3114 4573 3294 4627 tuum;
3321 4564 3449 4632 quia

165 4653 258 4709 θου
304 4655 399 4709 τοῦ
447 4655 574 4710 λαοῦ
612 4673 726 4724 σου,
763 4658 858 4713 καὶ
904 4658 995 4712 τοῦ
1046 4659 1198 4713 οἴκου
1233 4659 1325 4713 τοῦ
1377 4660 1586 4731 πατρός
1622 4678 1748 4713 σου·

271 4819 319 4847 ⁸ο
356 4820 463 4869 lsa.
496 4829 650 4880 xxix,
687 4815 775 4868 H.
888 4815 931 4846 "
974 4813 1112 4870 Ibid.

233 4969 352 5041 (59)
394 4973 850 5040 Παραγενεσθαι.
879 4969 1115 5029 Necesse
1139 4985 1246 5026 non
1274 4981 1357 5026 est
1385 4972 1476 5026 hic
1507 4970 1747 5026 futurum

168 5055 288 5095 cum
337 5043 628 5112 Sylburgio
669 5058 964 5112 reponere;
999 5059 1124 5097 cum
1161 5042 1467 5096 familiares
1510 5044 1622 5096 sint
1650 5041 1749 5096 Ju-

160 5115 313 5176 stino
353 5125 656 5182 temporum
710 5115 1142 5178 immutationes,
1193 5128 1255 5166 ac
1296 5124 1559 5182 przeterea
1608 5129 1748 5180 pra:-

171 5197 298 5238 sens
345 5200 445 5254 pro
484 5186 666 5237 luturo
705 5199 851 5253 szepe
882 5195 1179 5253 usurpctur
1213 5185 1266 5237 in
1316 5182 1580 5252 ejusmodi
1618 5184 1750 5239 locis

174 5256 314 5334 apud
347 5255 807 5334 accuratissimus
829 5256 1154 5334 scriptores.
1191 5325 1205 5334 .
1486 5325 1497 5334 .
1707 5323 1719 5334 θ

237 5325 356 5394 (60)
395 5326 505 5378 Καὶ
541 5323 1073 5394 παραδοξοτέρους.
1115 5323 1209 5380 Vel
1235 5341 1296 5379 ea
1322 5325 1645 5393 promittere
1671 5323 1751 5379 vi-

171 5396 348 5458 detur.
384 5411 505 5466 qum
533 5399 600 5451 de
635 5398 797 5450 Verbi
833 5397 1186 5463 generatione
1221 5411 1284 5450 ex
1315 5397 1618 5450 substantia
1643 5394 1749 5449 Pa-

175 5470 265 5521 tris
305 5471 361 5520 in
387 5467 623 5521 secunda
661 5477 818 5536 parte
847 5467 1058 5536 Diutogi
1097 5467 1384 5536 edisseret,
1422 5467 1502 5519 vel
1539 5481 1660 5534 qua:
1685 5468 1752 5519 de

173 5540 464 5593 vocatione
511 5535 750 5606 gentium
798 5546 852 5592 et
901 5535 1285 5607 reprobatione
1330 5535 1646 5593 Iudaeorum
1693 5537 1747 5590 in

176 5611 331 5662 tertia
366 5624 428 5662 na
438 5618 538 5660 rte.

238 5626 601 5748 l‘éiiphy'm
638 5676 736 5732 διὰ
780 5677 885 5731 τοῦ
928 5677 1097 5733 Θεοῦ.
1143 5677 1338 5732 Multas
1379 5692 1439 5732 se
1482 5677 1534 5732 in
1567 5685 1749 5746 partes

177 5746 342 5804 vertit
379 5747 463 5804 Cl.
514 5746 814 5814 'l‘hirlbius,
860 5759 918 5802 ut
957 5751 1099 5802 hunc
1141 5750 1343 5814 locum,
1389 5749 1482 5817 qui
1527 5748 1750 5801 minime

177 5831 474 5891 corruptus~
494 5829 601 5891 est,
621 5830 808 5891 sanet.
841 5821 1150 5891 Legenduin
1169 5817 1751 5891 Διιι-οροιιίετάδιατάγ-

183 5886 354 5954 ματα’
387 5887 478 5943 τοῦ
512 5888 672 5955 Θεοῦ,
711 5891 793 5945 vel
829 5890 898 5943 τὰ
919 5886 1020 5944 τεοῦ
1055 5886 1192 5944 Θεοῦ
1237 5886 1326 5942 διὰ
1360 5886 1451 5943 τοῦ
1486 5905 1747 5960 προφητι-

1863 4661 1978 4730 ipse
1999 4667 2084 4715 est
2110 4658 2373 4714 Dominus
2413 4669 2579 4712 tuus:
2622 4665 2680 4712 et
2712 4655 3026 4710 adorabunt
3062 4669 3210 4710 eum.
3244 4655 3309 4709 Et
3336 4656 3447 4711 tilia

1227 4815 1272 4846 “
1314 4814 1464 4870 Psal.
1495 4832 1640 4881 xuv,
1673 4833 1768 4886 per
1800 4825 1999 4871 totum.

1859 4972 1954 5025 κοῦ
1983 4974 2322 5048 Πνεύματος.
2362 4973 2471 5048 Nec
2513 4974 2771 5048 eruditus
2791 4973 2881 5048 ille
2898 4973 3010 5048 ‘vir,
3036 4987 3135 5048 uec
3161 4971 3250 5024 alii
3278 4970 3450 5048 inter:

1861 5056 2048 5110 pretes
2098 5043 2296 5100 Justitii
2347 5047 2599 5099 viderunt
2646 5046 2773 5098 illttd
2819 5044 2924 5098 ὑπὸ
2971 5043 3061 5096 τοῦ
3113 5043 3448 5115 προφητικσῦ

1861 5115 2180 5186 Πνεύματος
2205 5116 2394 5170 referri
2445 5117 2510 5169 ad
2545 5117 2768 5168 verbum
2801 5116 3134 5184 ἐλέγχονται,
3172 5128 3282 5186 quo
3315 5127 3440 5180 qui-

1859 5189 1982 5240 detu
2014 5183 2188 5240 ’semel
2219 5189 2602 5240 animadverso
2629 5203 2734 5239 non
2769 5183 3018 5240 dilliciles
3049 5195 3208 5240 erunt
3241 5183 3320 5235 hae
3358 5196 3448 5233 vo-

1857 5271 1970 5319 ces,
2006 5258 2074 5310 τά
2107 5257 2195 5312 διὰ
2219 5255 2308 5310 τοῦ
2346 5256 2502 5310 Θεοῦ.
2543 5257 2987 5312 Subaudiendum
3018 5257 3164 5310 enim
3198 5251 3446 5306 διδασκά

1862 5343 2000 5395 μονα
2035 5338 2125 5380 aut
2161 5330 2382 5397 aliquod
2415 5329 2595 5381 simile
2637 5328 2887 5394 verbum,
2922 5325 3062 5397 quod
3097 5323 3446 5397 Jtistitiusle—

1859 5392 1999 5451 ctori
2028 5392 2390 5467 supplendum
2426 5399 2736 5464 relinquere
2764 5392 2899 5451 solth
2919 5392 3053 5450 :VSic
3092 5396 3240 5467 enini
3261 5411 3324 5467 Διι.
3353 5392 3440 5445 34:

1855 5468 1990 5521 ὅπου
2024 5462 2193 5540 γάρὸ
2241 5469 2473 5540 νόμος...
2504 5462 2626 5539 οὐχὶ
2651 5467 2741 5520 τὸν
2775 5469 2892 5537 μετ’
2921 5469 3126 5519 ἐκεῖνον
3159 5462 3441 5540 μέλλοντα,

1857 5537 1994 5591 ἀλλά
2027 5539 2117 5591 τὸν
2163 5539 2250 5593 διὰ
2297 5539 2574 5594 Μωῡσέως
2625 5537 2924 5594 ἐξηγεῖσθε.
2978 5536 3041 5590 Et
3084 5553 3137 5588 n.
3191 5535 3290 5587 b3:
3342 5533 3442 5583 Τὸι

1857 5555 1994 5591 αΑΑα
2027 5555 2117 5591 τον
2163 5555 2250 5593 ora
2297 5555 2574 5603 Μωυσεως
2625 5555 2924 5609 εςηγεισυε.
2978 5555 3041 5590 nt
3084 5555 3137 5588 n.
3191 5555 3290 5587 oo:
3351 5555 3442 5611 ιρι

1854 5609 1943 5661 διὰ
1976 5609 2084 5662 τῶν
2112 5609 2639 5689 ,προφητῶνμομονλ
2782 5625 2846 5689 _n.
2871 5607 3005 5689 ‘55.:
3039 5608 3110 5689 ,Ὀ
3143 5604 3299 5689 λόγος
3346 5619 3442 5670 τῆς

1857 5677 2190 5752 προφητείας
2227 5677 2324 5750 τῆς
2359 5679 2446 5752 διά
2477 5677 2661 5735 Δήαϐίδ.
2697 5677 3090 5752 νιιΙ.-ᾼροι.-1,
3118 5695 3171 5752 n_.
3207 5677 3298 5728 59.

1927 5746 2040 5820 (6-2)
2095 5751 2157 5804 ’0
2207 5746 2370 5816 Θεὸς.
2412 5751 2722 5821 Legettdum
2746 5751 2775 5802 6
2805 5749 2959 5814 Θεὸς,
2998 5747 3026 5800 6
3058 5746 3190 5810 Θεός
3226 5760 3344 5808 σου,
3388 5751 3446 5796 ut

1857 5822 1999 5876 infra
2045 5840 2099 5878 ιι.
2133 5823 2200 5876 56
2227 5835 2278 5875 et
2313 5823 2407 5877 65.
