4108 6414
734 303 836 359 567

1659 312 1713 366 S.
1751 313 2012 372 JUSTINI
2047 318 2451 376 PillLOSGPlll
2485 323 2571 378 ΕΤ
2608 325 2964 382 ΜΑΙΠὝΠΙΞ

3837 330 3941 389 568

734 430 822 468 mo
846 416 1251 482 circumcisio,a
1277 419 1456 492 Moyse
1479 434 1654 477 autem
1680 428 1962 481 sabbatum
1983 441 2033 484 et
2061 434 2283 488 victima:

2394 439 2486 492 καὶ
2535 443 2753 513 ἑορταὶ,
2798 443 2890 495 καὶ
2941 444 3232 516 ἀπεδείχθη
3284 446 3372 498 διὰ
3413 445 3478 501 τὸ·
3528 446 3944 518 σκληροκάρόιον

733 517 786 558 et
817 521 1038 560 munera
1083 517 1137 560 et
1170 509 1316 563 feriae
1349 514 1699 582 inceperunt,
1747 529 1932 586 atque,
1970 533 2025 574 ut
2068 525 2291 577 demon-

733 607 962 652 stratum
993 609 1098 662 est,
1127 603 1196 654 ob
1223 602 1477 658 duritiam
1506 608 1688 661 cordis
1714 612 1898 678 populi
1937 613 2094 684 139
2126 619 2288 672 vestri

734 687 978 744 instituta
1010 691 1242 753 fuerant.
1294 695 1364 747 ita
1389 710 1450 749 ea
1478 698 1722 753 desinere
1747 706 2031 768 oportebat
2065 708 2114 758 in
2141 723 2288 774 eum,

733 781 825 846 qui
858 784 1155 836 secundum
1195 786 1521 841 voluntatem
1557 789 1758 853 Patris,
1781 808 1844 846 ex
1878 793 2095 862 Virgine
2123 813 2288 863 gene-

737 873 810 924 ris
857 873 1109 941 Abrahae,
1148 879 1317 932 tribus
1362 878 1497 934 Juda
1532 892 1583 936 et
1613 885 1797 952 stirpis
1851 887 2043 948 David,
2076 892 2288 957 genitus

733 975 835 1028 est,
881 965 1072 1021 Filium
1121 969 1210 1024 Dei
1250 970 1561 1042 Christum;
1606 978 1697 1044 qui
1751 986 1805 1031 et
1860 979 1942 1033 lex
1988 990 2188 1034 materna
2233 994 2287 1037 et

733 1072 928 1112 novum
969 1072 1351 1118 testamentum
1383 1068 1639 1124 universo
1670 1072 1866 1124 mundo
1893 1074 2286 1141 prmdicabatur

733 1150 1081 1225 adventurus.
1115 1166 1169 1207 ut
1197 1153 1310 1222 jam
1341 1157 1503 1212 allata
1533 1162 2176 1222 oracula.demonstrant.
2210 1174 2285 1225 Ac

732 1256 830 1294 nos
852 1244 1087 1310 quidem,
1116 1250 1204 1316 qui
1241 1265 1335 1317 per
1355 1266 1477 1305 eum
1509 1255 1573 1306 ad
1605 1255 1768 1309 Deum
1798 1258 2145 1324 accessimus,
2177 1277 2284 1316 non

732 1336 891 1386 istam
926 1339 1111 1392 carnis
1135 1343 1608 1398 circumcisionem
1646 1351 1977 1415 accepimus,
2006 1353 2099 1405 sed
2127 1355 2287 1422 spiri-

734 1428 950 1494 tualem,
977 1446 1137 1499 quam
1171 1434 1356 1490 Enoch
1389 1438 1612 1508 ejusque
1637 1441 1845 1496 similes
1874 1445 2280 1512 custodierunt;

730 1531 890 1586 atque
916 1521 1052 1574 hanc
1082 1539 1176 1591 per
1207 1526 1561 1594 baptismum,
1595 1534 1722 1599 quia
1758 1533 1808 1586 in
1836 1537 2076 1602 peccatis
2107 1537 2285 1592 fuera-

731 1628 868 1677 mus,
922 1616 1293 1675 misericordia
1346 1622 1438 1677 Dei
1477 1629 1750 1681 consecuti
1800 1644 2018 1694 sumus;
2055 1631 2286 1701 licetque

728 1705 979 1762 omnibus
1011 1710 1260 1767 similiter
1282 1718 1566 1782 consequi.
1592 1717 1698 1773 Sed
1727 1734 1848 1773 cum
1867 1721 1980 1789 jam
2005 1734 2192 1792 urgeat
2219 1724 2286 1778 de

729 1800 874 1855 illius
903 1803 1203 1861 nativitatis
1232 1808 1496 1878 mysterio
1532 1811 1848 1882 disputatio,
1873 1788 1933 1868 id
1967 1788 2094 1870 mibi
2124 1832 2286 1886 agen-
2316 1788 2359 1844 Β

729 1894 855 1945 dum
889 1902 991 1947 est.
1026 1894 1196 1950 Isaias
1222 1897 1389 1968 igitur
1416 1901 1482 1955 de
1510 1901 1682 1968 ipsius
1711 1905 1909 1958 Christi
1939 1922 2157 1976 genere.
2182 1926 2286 1964 non

731 1985 1039 2042 enarrabile
1072 1989 1203 2044 illud
1233 1993 1538 2048 hominibus
1568 2010 1685 2050 esse
1712 1998 1789 2050 sic
1821 2001 2071 2061 asseruit,
2099 2012 2153 2053 ut
2175 2003 2285 2069 jam

726 2076 1045 2146 scripsimus
1074 2081 1121 2111 ²⁹
1159 2099 1172 2138 :
1212 2099 1231 2132 t
1268 2084 1682 2140 cherationem
1737 2086 1855 2154 ejus
1896 2091 2018 2158 quis
2063 2106 2286 2145 enarra-

729 2170 838 2223 bit?
867 2172 992 2240 quia
1023 2173 1227 2226 tollitur
1258 2190 1285 2226 a
1319 2186 1457 2229 terra
1493 2179 1599 2231 vita
1629 2178 1786 2244 ejus:
1818 2182 1884 2233 ab
1914 2181 2288 2250 iniquitatibus

726 2263 903 2332 populi
935 2265 1038 2318 rnei
1071 2265 1267 2322 duetus
1291 2280 1370 2321 est
1406 2269 1456 2321 in
1490 2278 1712 2324 mortem
1740 2272 1806 2327 '°.
1838 2291 1854 2322 ι
1888 2273 1986 2339 Qui
2013 2290 2145 2343 ergo
2178 2292 2287 2327 mn-

726 2355 930 2411 riturus
963 2366 1104 2421 erat,
1135 2368 1192 2412 ut
1221 2359 1338 2426 ejus
1377 2362 1544 2415 livore
1577 2361 1824 2417 homines
1859 2377 2170 2432 peccatores
2201 2383 2285 2419 sa-

725 2459 1001 2511 naremur,
1036 2449 1180 2504 illius
1215 2466 1383 2520 genus
1415 2467 1518 2508 non
1558 2456 1865 2509 enarrabile
1909 2472 2027 2510 esse
2055 2459 2284 2526 prophe-

725 2538 866 2600 ticus
893 2537 1132 2608 Spiritus
1156 2543 1240 2597 his
1265 2545 1445 2598 verbis
1472 2545 1733 2603 declarat.
1776 2545 2038 2601 Praeterea
2077 2557 2137 2602 ut
2165 2565 2286 2617 pos-

725 2637 846 2684 sent
879 2631 971 2700 qui
1013 2631 1065 2686 in
1097 2647 1220 2686 eum
1261 2636 1511 2700 credunt,
1537 2653 1771 2706 quonam
1805 2641 1963 2694 modo
1990 2641 2201 2710 genitus
2231 2643 2281 2695 in

724 2725 983 2777 mundum
1019 2728 1245 2790 venerit,
1282 2741 1613 2797 agnoscere;
1657 2746 1754 2801 per
1790 2733 2044 2785 eumdem
2086 2732 2280 2788 Isaiam

725 2811 965 2883 Spiritus
995 2818 1344 2886 propheticus
1383 2835 1520 2885 rem,
1571 2832 1628 2874 ut
1671 2831 1786 2877 erat
1831 2835 2110 2889 eventura,
2144 2841 2281 2894 pra:-

726 2906 866 2961 dixit
911 2909 997 2964 his
1036 2911 1214 2966 verbis
1263 2925 1278 2964 :
1330 2930 1348 2962 t
1402 2913 1467 2966 Et
1495 2915 1689 2983 adjecit
1724 2917 1981 2971 Dominus
2024 2919 2169 2990 loqui
2214 2923 2281 2976 ad

725 3000 930 3066 Achaz,
961 3003 1143 3058 dicens
1171 3022 1184 3058 :
1211 3004 1337 3061 Pete
1365 3008 1457 3060 tibi
1495 3009 1709 3078 signum
1738 3027 1765 3064 a
1801 3011 2028 3068 Domino
2054 3013 2162 3068 Deo
2190 3024 2282 3070 tuo

723 3091 779 3144 iu
815 3093 1160 3162 profundum,
1194 3099 1309 3152 sive
1342 3101 1394 3153 in
1443 3104 1738 3158 excelsum.
1773 3105 1835 3157 Et
1867 3106 2000 3159 dirit
2039 3106 2220 3160 Achaz
2263 3126 2276 3161 :

724 3183 841 3238 Non
893 3196 1089 3252 petam,
1151 3204 1325 3260 neque
1384 3192 1604 3245 tentabo
1659 3195 1963 3249 Dominum.
2023 3196 2086 3252 Et
2139 3200 2277 3254 dixit

722 3276 888 3332 Isaias
918 3295 932 3332 :
958 3280 1155 3336 Audite
1187 3292 1332 3345 tunc,
1361 3283 1552 3338 domus
1570 3285 1773 3341 David:
1809 3287 2058 3357 Nunquid
2084 3306 2272 3359 parum

725 3371 877 3426 vobis
901 3383 983 3426 est
1009 3387 1282 3431 certamen
1308 3379 1546 3446 prabere
1575 3381 1883 3436 hominibus
1900 3383 1920 3434 ?
1938 3391 1990 3436 et
2006 3385 2278 3451 quomodo

728 3463 956 3518 Domino
1003 3468 1256 3532 prmbetis
1297 3472 1612 3524 certamen?
1643 3471 1934 3541 Pr0pterea
1983 3476 2132 3528 dabit
2178 3477 2279 3529 Do-

726 3559 907 3614 minus
940 3558 1056 3625 ipse
1093 3564 1247 3616 vobis
1276 3564 1508 3632 signum.
1533 3565 1672 3621 Ecce
1700 3567 1862 3636 Virgo
1889 3569 1938 3622 in
1971 3579 2126 3622 utero
2149 3585 2280 3624 cou-

720 3652 907 3722 cipiet,
955 3663 1008 3707 et
1055 3656 1225 3722 pariet
1280 3657 1468 3722 tilium,
1513 3668 1566 3712 et
1609 3659 1892 3714 vocabitur
1929 3677 2126 3716 nomen
2163 3663 2278 3730 ejus

725 3742 1059 3799 Emmanuel.
1113 3745 1372 3816 Butyrum
1419 3759 1473 3802 et
1517 3749 1620 3803 mel
1663 3751 1944 3816 comedet,
1988 3762 2277 3822 antequam

721 3837 880 3899 sciat,
915 3848 1007 3890 aut
1043 3841 1317 3909 prweligat
1369 3842 1508 3894 mala
1559 3852 1611 3894 et
1654 3843 1816 3910 eligat
1853 3843 2092 3910 bonum;
2141 3863 2278 3914 quo-

721 3930 864 3982 niam
887 3941 1176 4000 antequam
1201 3944 1496 4002 cognoscat
1531 3950 1662 4002 puer
1686 3935 1906 3998 bonum,
1942 3937 2025 3990 vel
2052 3939 2276 4001 malum,

719 4024 971 4089 reprobat
1004 4024 1164 4087 mala,
1208 4024 1456 4094 eligendo
1494 4026 1691 4080 bonum
1717 4028 1780 4080 ⁸¹.
1811 4032 2111 4098 Antequam
2139 4033 2278 4086 sciat

721 4130 852 4182 puer
877 4129 1005 4167 voca
1017 4129 1071 4168 re
1095 4125 1325 4182 patrem,
1347 4127 1437 4170 aut
1466 4128 1715 4181 matrem,
1739 4120 1886 4173 tollet
1904 4122 2154 4177 virtutem
2177 4124 2281 4176 Da-

725 4207 891 4262 masci
919 4218 971 4261 et
998 4209 1164 4277 spolia
1197 4208 1456 4264 Samaria}
1479 4225 1663 4264 coram
1692 4226 1813 4279 rege
1829 4212 2177 4283 Assyriorum
2207 4216 2276 4280 ³¹,

722 4311 778 4355 et
828 4300 1072 4370 capietur
1128 4312 1295 4364 terra,
1341 4319 1499 4372 quam
1555 4311 1607 4355 tu
1651 4304 1856 4358 duriter
1892 4304 2033 4360 feres
2085 4307 2281 4363 al'acie

722 4395 950 4446 duorum
977 4409 1182 4463 regum.
1209 4393 1314 4447 Sed
1349 4395 1575 4448 adducet
1600 4395 1738 4448 Deus
1757 4411 1921 4463 super
1950 4406 2019 4461 te,
2039 4408 2092 4451 et
2117 4415 2280 4467 super

2391 533 2484 586 τοῦ
2519 534 2645 587 λαοῦ
2681 536 2830 605 ὑμῶν
2876 536 3044 588 ταῦτα
3089 535 3461 607 διατετάχθαι,
3517 536 3688 602 οὕτως
3743 538 3947 592 παύσα-

2393 627 2516 679 σθαι
2548 626 2654 680 ἔδει
2688 628 2825 680 κατά
2861 629 2956 699 τὴν
2989 629 3078 680 τοῦ
3116 630 3324 701 [ἰατρὸς
3370 629 3562 699 βουλὴν
3595 629 3705 699 (79)
3736 631 3811 693 εις
3853 630 3946 682 τὸν

2388 721 2475 774 διὰ
2520 722 2615 788 τῆς
2669 722 2776 773 ἀπὸ
2817 721 2908 773 τοῦ
2954 722 3277 789 γένους.τοῦ
3321 722 3602 792 ’Δσραάμς
3652 721 3747 776 καὶ
3777 721 3944 788 φυλῆς

2406 812 2604 872 Ἰούδα,
2648 812 2741 864 καὶ
2781 812 2943 878 Δαόἱδ
2991 813 3264 884 Παρθένου
3311 814 3638 883 γεννηθέντα
3684 813 3808 866 Υῑὸν
3850 812 3942 865 τοῦ

2388 904 2519 956 Θεοῦ
2555 906 2820 975 Χριστόν-
2866 907 3010 970 ὅστις
3053 906 3147 959 καὶ
3179 906 3392 971 αἰώνιος
3422 907 3618 977 νόμος,
3656 905 3748 958 καὶ
3793 903 3944 974 καινὴ

2386 997 2613 1068 διαθήκη
2649 997 2724 1067 τῷ
2759 999 2919 1050 παντὶ
2958 999 3147 1070 κόσμῳ
3180 1000 3510 1070 ἐκηρύσσετο
3562 997 3949 1070 προελευσόμε-

2387 1107 2506 1153 νος,
2548 1090 2622 1154 ὡς
2671 1091 2726 1142 αἱ
2764 1091 3187 1160 προλελεγμέναι
3231 1096 3550 1162 προφητεῖαι
3604 1090 3946 1161 σημαίνουσι.

2387 1182 2496 1235 Καὶ
2528 1183 2706 1251 ἡμεῖς,
2738 1183 2784 1233 οἱ
2823 1181 2910 1234 διά
2951 1181 3136 1234 τούτου
3173 1182 3657 1252 προσχωρήσαντες
3703 1178 3778 1248 τῷ
3809 1177 3947 1246 Θεῷ,

2383 1270 2443 1322 οὐ
2478 1269 2678 1343 ταύτην
2711 1272 2806 1344 τὴν
2835 1272 2970 1325 κατά
3007 1273 3184 1344 σάρκα
3223 1271 3599 1344 παρελάϐομεν
3631 1269 3951 1342 περιτομὴν,

2384 1365 2518 1418 ἀλλά
2552 1366 2953 1436 πνευματικὴν,
2999 1367 3067 1435 ἠν
3111 1362 3277 1435 Ἑνὼχ
3317 1365 3411 1418 mi.
3456 1366 3505 1417 oi
3549 1365 3720 1435 ὅμοιοι
3756 1363 3951 1432 ἐφύλα-

2385 1457 2500 1522 ξαν.
2551 1458 2738 1527 Ἡμεῖς
2764 1458 2840 1519 δὲ,
2877 1457 2963 1510 διά
2997 1457 3088 1510 τοῦ
3125 1457 3498 1527 βαπτίσματος
3527 1456 3728 1527 αὐτὴν,
3766 1453 3952 1526 ἐπειδὴ

2384 1549 2693 1621 ἁμαρτωλοὶ
2737 1549 3083 1618 ἐγεγόνειμεν
3127 1549 3267 1619 (80),
3310 1548 3396 1602 διά
3435 1549 3494 1602 τὸ
3525 1548 3669 1612 ἔλεος
3709 1547 3769 1600 τὸ
3803 1547 3951 1618 παρὰ

2383 1643 2474 1694 τοῦ
2508 1642 2663 1703 Θεοῦ,
2699 1641 2978 1711 ἐλάϐομεν,
3021 1642 3114 1693 καὶ
3147 1643 3310 1695 πᾶσιν
3356 1641 3542 1711 ἐφετὸν
3584 1641 3785 1710 όμοίιικ
3817 1639 3954 1708 λαμ-

2385 1736 2587 1788 εάνειν.
2624 1735 2758 1805 Περὶ
2796 1735 2851 1787 δέ
2884 1735 2973 1787 τοῦ
3021 1735 3118 1804 τῆς
3151 1735 3415 1802 γενέσεως
3449 1733 3608 1787 αὑτοῦ
3657 1733 3954 1804 μυστηρίου

2387 1829 2485 1898 ἠδη
2533 1828 2713 1895 λέγειν
2757 1829 3201 1896 κατεπείγοντος,
3239 1827 3404 1896 λέγω.
3449 1828 3672 1890 Ἡσαΐας
3697 1823 3790 1880 οὖν
3826 1825 3954 1896 περὶ

2387 1919 2478 1972 τοῦ
2528 1919 2718 1988 γένους
2769 1919 2930 1974 αὑτοῦ
2979 1919 3072 1972 τοῦ
3124 1919 3380 1990 Χριστοῦ,
3435 1919 3516 1971 ὅτι
3564 1918 3954 1989 ἀνεκδιήγητόν

2387 2011 2531 2061 ἐστιν
2551 2009 2876 2082 ἀνθρώποις,
2915 2010 3085 2073 οὕτως
3118 2009 3243 2079 ἔφη,
3279 2009 3354 2074 ὡς
3387 2009 3479 2062 καὶ
3512 2009 3954 2080 προγέγραπταυ

2391 2123 2409 2152 ο
2435 2103 2542 2173 Τὴν
2572 2104 2761 2171 γενεὰν
2784 2104 2944 2156 αὑτοῦ
2980 2103 3061 2168 τίς
3092 2104 3442 2174 διηγήσεται;
3477 2103 3555 2155 ὅτι
3599 2102 3814 2173 αἴρεται
3846 2101 3956 2156 ἀπὸ

2384 2195 2479 2264 τῆς
2514 2195 2613 2264 γῆς
2652 2197 2683 2264 ἡ
2733 2193 2843 2264 ζωὴ
2878 2195 3077 2248 αὑτοῦ·
3117 2195 3224 2248 ἀπὸ
3268 2194 3372 2246 τῶν
3419 2192 3652 2263 ἀνομιῶν
3696 2193 3789 2245 τοῦ
3824 2190 3957 2246 λαοῦ

2387 2305 2487 2354 μου
2529 2286 2666 2356 ἢχθη
2709 2286 2816 2355 (81)
2861 2288 2941 2349 είς
2976 2286 3221 2339 θάνατον.
3256 2304 3274 2336 ι
3318 2286 3402 2349 Ὠς
3435 2285 3824 2356 ἀνεκδιηγήτου
3862 2279 3956 2336 οὖν

2383 2377 2529 2440 ὅντος
2563 2376 2655 2428 τοῦ
2691 2378 2879 2444 γένους
2909 2375 3097 2429 τούτου
3130 2377 3490 2448 ἀποθνήσκειν
3524 2378 3831 2446 μέλλοντος,
3867 2379 3955 2431 ἵνα

2383 2466 2459 2536 τῷ
2489 2466 2714 2536 μώλωπι
2747 2467 2908 2521 αὑτοῦ
2949 2467 3186 2538 ῑαθῶμεν
3220 2469 3268 2522 οἱ
3308 2469 3620 2540 ἁμαρτωλοὶ
3651 2468 3954 2540 ἄνθρωποι,

2384 2560 2441 2610 τὸ
2473 2560 2803 2629 προφητικὸν
2830 2559 3053 2630 Πνεῦμα
3086 2559 3256 2613 ταῦτα
3289 2556 3458 2614 εἶπεν.
3492 2561 3611 2613 Ἔτι
3638 2559 3733 2614 καὶ
3770 2561 3858 2613 ἵνα
3893 2560 3955 2612 δν

2383 2651 2580 2720 τρόπον
2608 2651 2827 2718 γέγονεν
2855 2653 2910 2702 ἐν
2943 2649 3133 2720 κόσμῳ
3157 2651 3452 2722 γεννηθεὶς,
3486 2652 3778 2718 ἐπιγνῶναι
3821 2650 3956 2721 ἔχω-

2384 2759 2467 2794 σιν
2500 2742 2548 2794 oi
2595 2741 2936 2806 πιστεύοντες
2976 2741 3123 2811 αὐτῷ
3178 2741 3484 2813 ἄνθρωποι,
3524 2743 3614 2796 διὰ
3656 2742 3749 2795 τοῦ
3790 2740 3952 2795 αὑτοῦ

2395 2832 2610 2887 Ἡσαΐου
2645 2833 2703 2885 τὸ
2747 2833 3079 2903 προφητικὸν
3132 2831 3352 2902 Πνεῦμα
3383 2831 3457 2895 ὡς
3495 2831 3677 2900 μέλλει
3709 2830 3953 2899 γίνεσθαι

2383 2927 2787 2996 προεφήτευσεν
2831 2923 3024 2988 οὕτως’
3072 2941 3092 2973 ι
3141 2921 3251 2977 Καὶ
3299 2921 3592 2992 προσέθετο
3626 2921 3829 2993 Κύριος
3862 2921 3955 2974 λα-

2382 3016 2538 3088 λῆσαι
2591 3016 2666 3085 τῷ
2717 3014 2902 3086 Ἀχάζ,
2954 3013 3144 3081 λέγων·
3199 3013 3426 3085 Αἴτησον
3471 3012 3679 3083 σεαυτῷ
3730 3010 3955 3085 σημεῖον

2384 3110 2532 3181 παρά
2566 3109 2768 3180 Κυρίου
2803 3106 2892 3160 τοῦ
2923 3105 3053 3159 Θεοῦ
3086 3123 3179 3158 σου
3201 3146 3214 3168 ,
3257 3107 3337 3170 είς
3371 3105 3565 3176 βάθος,
3614 3107 3646 3176 ἢ
3682 3107 3763 3170 εἰς
3799 3091 3950 3175 ῡψοςί

2383 3203 2492 3256 Καὶ⁸
2536 3198 2686 3254 εἶπεν
2728 3200 2912 3270 Ἀχάζο
2950 3199 3022 3252 Οὐ
3061 3197 3134 3268 μὴ
3170 3199 3408 3268 αἰτήσω,
3442 3197 3562 3250 οὐδὲ
3596 3196 3670 3268 μὴ
3707 3198 3956 3270 πειράσω

2381 3296 2598 3366 Κύριον.
2629 3294 2739 3348 Καὶ
2767 3290 2916 3346 εἶπεν
2945 3293 3185 3356 Ἠσατας·
3219 3290 3463 3343 Ἀκούετε
3498 3289 3580 3360 δὴ,
3609 3292 3637 3342 ό
3667 3285 3816 3354 οἶκος
3851 3292 3953 3343 Δα-

2379 3387 2497 3439 6ίδο
2536 3386 2626 3456 Μὴ
2673 3385 2863 3456 μικρὸν
2914 3383 3039 3453 ὑμῖν
3072 3381 3256 3450 ἀγῶνα
3303 3381 3567 3450 παρέχειν
3600 3379 3952 3450 ἀνθρώποις;

2379 3477 2472 3530 καὶ
2507 3476 2621 3539 πῶς
2665 3474 2856 3546 Κυρίῳ
2907 3473 3172 3542 παρέχετε
3217 3471 3432 3539 ἀγῶνας
3469 3470 3565 3523 Διά
3609 3469 3768 3522 τοῦτο
3787 3468 3954 3523 δώσει

2381 3569 2579 3640 Κύριος
2609 3567 2766 3630 αὐτὸς
2799 3567 2926 3636 ὑμῖν
2960 3566 3202 3634 σημεῖον.
3227 3563 3360 3616 Ἰδοὺ
3393 3565 3426 3632 ἡ
3466 3561 3742 3631 Παρθένος
3765 3563 3825 3614 ἐν
3857 3579 3954 3630 γα-

2380 3661 2502 3731 στρὶ
2559 3660 2804 3731 λήψεται,
2853 3658 2945 3711 καὶ
2978 3657 3191 3723 τέξεται
3235 3657 3377 3720 υἱὸν,
3415 3655 3507 3708 καὶ
3559 3654 3850 3708 καλέσεται
3895 3654 3954 3705 τὸ

2379 3755 2546 3825 ὄνομα
2590 3752 2749 3806 αὐτοῦ
2797 3751 3156 3823 Ἐμμανουήλ.
3192 3749 3455 3820 Βούτυρον
3498 3747 3592 3800 καὶ
3628 3746 3750 3817 μέλι
3785 3745 3954 3814 φάγε-

2332 3869 2344 3876 π
2380 3865 2465 3900 ται
2495 3847 2622 3916 πρὶν
2662 3847 2694 3916 ἢ
2730 3845 2929 3914 γνῶναι
2979 3843 3198 3912 αὑτὸνῆ
3247 3839 3564 3912 προελέσθαι
3592 3839 3836 3910 πονηρὰ,
3861 3835 3953 3889 καὶ

2382 3937 2699 4004 ἐκλέξασθαι
2735 3938 2842 4006 (82)
2877 3937 2936 3989 τὸ
2979 3934 3213 4002 ἀγαθόν’
3251 3934 3382 3986 διότι
3416 3932 3544 4002 πρὶν
3574 3932 3605 4001 ἢ
3647 3929 3854 3999 γνῶναι
3895 3927 3954 3980 τὸ

2381 4031 2586 4084 παιδίον
2608 4028 2850 4098 ἀγαθὸνῆ
2867 4029 3053 4091 κακὸν,
3069 4025 3284 4080 ἀπειθεῖ
3305 4043 3436 4096 πονη
3447 4024 3511 4096 ρά
3525 4024 3680 4094 (82‘),
3696 4023 3787 4076 τοῦ
3807 4022 3954 4076 ἐκλέ·

2381 4122 2569 4188 ξασθαι
2599 4121 2656 4174 τὸ
2685 4119 2904 4189 ἀγαθόν.
2937 4119 3081 4171 Διότι
3115 4118 3242 4190 πρὶν
3274 4118 3306 4189 ἢ
3339 4117 3448 4186 (85)
3495 4116 3696 4184 γνῶναι
3727 4116 3790 4169 τὸ
3825 4135 3951 4170 παι-

2379 4214 2486 4266 δίον
2515 4212 2694 4266 καλεῖν
2727 4211 2987 4281 πατέραῆ
3027 4209 3237 4280 μητέρα
3257 4250 3271 4272 ,
3301 4208 3528 4279 λήψεται
3576 4207 3805 4282 δύναμιν
3852 4210 3953 4260 Δα-

2384 4305 2587 4376 μασκοῦ
2612 4305 2706 4369 καὶ
2735 4304 2904 4357 σκῦλα
2921 4302 3229 4374 Σαμαρείας
3263 4302 3438 4355 ἔναντι
3474 4301 3738 4371 βασιλέως
3760 4302 3950 4354 Ἀσσυ-

2383 4396 2530 4466 ρίων.
2583 4394 2696 4448 Καὶ
2756 4391 3230 4464 καταληφθήσεται
3288 4393 3320 4462 ὴ
3371 4394 3441 4464 γῆ
3473 4394 3539 4462 ἢν
3589 4392 3653 4445 σὺ
3701 4391 3952 4476 σκληρῶς

723 4485 974 4554 populum
1020 4495 1190 4548 tuutn,
1225 4497 1278 4539 et
1326 4502 1488 4555 super
1521 4489 1738 4542 domum
1789 4495 1957 4561 patris
2001 4492 2102 4552 tui,
2137 4492 2274 4552 dies,

2382 4489 2544 4551 οἴσεις
2569 4485 2675 4539 ἀπὸ
2709 4486 2997 4555 προσώπου
3044 4483 3150 4538 τῶν
3186 4485 3278 4537 δύο
3319 4484 3600 4554 βασιλέων.
3643 4483 3784 4536 Ἀλλ’
3820 4485 3952 4537 ἐπά-

719 4576 810 4644 qui
843 4577 1066 4631 necdum
1105 4587 1370 4630 venerunt
1413 4593 1576 4646 super
1615 4589 1684 4643 te,
1713 4596 1742 4633 a
1775 4581 1884 4646 die,
1916 4597 2022 4650 quo
2057 4581 2278 4635 abstulit

723 4669 976 4740 Ephraim
1015 4686 1044 4723 ιι
1083 4669 1240 4733 Juda,
1289 4685 1467 4738 regem
1512 4671 1856 4741 Assyriorum
1901 4673 1966 4726 ⁸⁸.
1997 4673 2275 4727 Neminem

2385 4578 2460 4645 εει
2490 4581 2517 4631 ό
2556 4578 2687 4641 Θεὸς
2722 4578 2814 4630 ἐπὶ
2846 4577 2904 4630 σὲ
2938 4575 3045 4646 (84)
3080 4576 3175 4630 καὶ
3209 4576 3300 4629 ἐπὶ
3330 4575 3418 4629 τὸν
3452 4575 3578 4629 λαόν
3602 4592 3696 4628 σου
3731 4574 3825 4631 καὶ
3861 4573 3950 4627 ἐπὶ

2384 4673 2473 4725 τὸν
2495 4668 2640 4725 οἷκον
2674 4670 2765 4724 τοῦ
2797 4669 3002 4741 πατρός
3037 4686 3132 4721 σου
3167 4668 3400 4740 ἡμέρας,
3433 4669 3489 4722 αἱ
3522 4669 3734 4722 οὐδέπω
3752 4669 3951 4740 ἦκασιν

857 4809 901 4842 ⁸⁸
927 4825 982 4865 ιι.
1019 4807 1105 4862 15.
1185 4806 1489 4870 “lsa.t.ttt.
1515 4809 1569 4864 8.
1642 4811 1684 4842 ³¹
1713 4809 1813 4864 lsa.
1850 4827 1943 4875 vn,
1975 4810 2162 4866 10-15.
2239 4811 2283 4843 ³⁸

2382 4827 2416 4864 ι.
2451 4827 2571 4875 vni,
2595 4811 2650 4864 4.
2730 4808 2776 4840 ³³
2805 4807 2910 4864 lsa.
2938 4822 3033 4870 vn,
3071 4806 3159 4872 l6,
3193 4807 3280 4861 l7.

792 4927 902 5000 (79)
927 4925 1091 5000 Κατά
1119 4943 1170 4979 τ.
1199 4942 1250 4980 τ.
1285 4927 1356 4980 Π.
1392 4926 1651 5000 βουλήν.
1693 4927 1817 5000 Παῖς
1851 4929 2038 4983 referri
2075 4928 2270 4982 debent

723 4995 1281 5061 atl'lncarnationem,
1302 5011 1461 5065 quam
1491 4995 1758 5055 Justinus.
1785 4998 1959 5051 Patris
1993 5001 2273 5051 voluntate

724 5072 918 5124 iactam
939 5069 1116 5121 dicere
1151 5067 1310 5127 solet,
1338 5067 1570 5136 ntApol.
1599 5083 1637 5130 ι,
1673 5087 1724 5120 ιι.
1747 5068 1814 5121 46
1837 5078 1890 5121 et
1913 5069 1978 5122 65
2005 5085 2018 5131 ;
2045 5070 2192 5136 Apol.
2212 5084 2273 5129 ιι,

725 5139 848 5203 n.5,
870 5136 1076 5204 Dialog.
1098 5153 1149 5190 n.
1169 5137 1259 5196 24.
1280 5136 1368 5199 48,
1387 5135 1474 5190 87.
1499 5136 1700 5192 Similis
1719 5139 2004 5191 verborum
2025 5135 2276 5193 constru-

723 5211 853 5274 ctio,
882 5208 963 5260 vel
997 5209 1364 5268 librariorum,
1394 5206 1478 5259 vel
1506 5206 1674 5275 ipsius
1706 5207 1902 5278 Justiui
1938 5211 2279 5278 properantis

725 5278 954 5340 incuria,
986 5277 1520 5349 animadvertiturjn
1546 5277 1856 5349 rhisverbis
1891 5277 1949 5330 ni
2001 5277 2070 5332 86
2099 5298 2111 5332 :
2144 5279 2281 5349 μετά

722 5351 781 5403 τὸ
815 5346 1191 5429 σταυρωθῗψαι
1215 5348 1408 5429 ,τοῦτον
1439 5344 1498 5429 δν
1512 5348 1734 5429 ἔνδοξον
1769 5348 1926 5404 πάλιν
1975 5344 2282 5419 παραγενήθ

725 5417 910 5491 σεσθαι
944 5416 1384 5491 ἀποδεικνύουσιν
1415 5416 1471 5469 αἱ
1512 5418 1745 5491 Γραφαί.

793 5489 905 5561 (80)
951 5489 1306 5561 ᾍμαρτωλοὶ
1338 5488 1726 5561 ἐγεγόνειμεν.
1769 5488 1859 5544 Sic
1906 5488 2069 5545 etiam
2117 5505 2280 5561 supra

724 5577 777 5613 tt.
887 5582 923 5630 γε
960 5559 1069 5630 Τῆς
1102 5560 1300 5630 κακίας
1333 5562 1390 5612 ἐν
1422 5559 1455 5630 ᾖ
1488 5560 1809 5630 γεγόναμεν.

813 5577 866 5612 ιι
911 5582 923 5615 ξ
971 5577 1069 5684 ιᾶς
1102 5577 1300 5622 κακιας
1333 5577 1390 5612 εν
1422 5577 1455 5637 ῃ
1488 5577 1809 5630 γεγόναμεν.
2029 5629 2039 5639 ·

813 5629 905 5700 81)
944 5631 983 5700 ᾖ
1039 5633 1172 5700 χθη.
1214 5629 1456 5700 Legitur
1517 5632 1567 5700 in
1631 5639 1861 5697 utroque
1924 5629 2108 5684 codice
2175 5646 2278 5686 ms.

721 5698 1194 5773 ἦχθην.ς;ιδιιὶ›ἰιιεἱ
1205 5699 1280 5773 De
1299 5701 1437 5773 vitiis
1456 5699 1590 5773 LXX
1615 5702 1976 5770 interpretum,
1999 5701 2278 5773 legendum

723 5770 990 5826 tuouetjtt
1027 5770 1125 5826 hoc
1158 5770 1365 5840 Dialogi
1401 5772 1520 5826 loco
1553 5771 1694 5840 ἥκει,
1735 5783 1791 5824 ιιι
1816 5786 1974 5840 supra
2013 5787 2066 5826 ιι.
2109 5770 2192 5836 l3,
2229 5781 2282 5825 et

2378 4927 2532 4994 Apol.
2572 4943 2612 4989 t,
2646 4943 2702 4980 ιι.
2733 4926 2821 4980 51.
2860 4925 2963 4980 Sed
3017 4924 3276 4994 reclamat
3316 4921 3594 4977 Thirlbius
3635 4931 3690 4978 et
3720 4923 3948 4993 opponit

2378 4993 2509 5052 illud
2559 4996 2765 5065 Dialogi
2813 5011 2958 5049 num.
2991 4995 3060 5048 89
3104 5012 3117 5046 :
3157 4993 3421 5065 Προεῖπον
3474 4996 3523 5048 oi
3558 4995 3834 5065 προφῆται
3867 4995 3947 5049 ὅτι

2378 5011 2509 5052 ιιιιιιι
2559 5011 2765 5065 Utatogt
2813 5011 2958 5049 num.
2991 5011 3060 5048 δυ
3104 5012 3117 5046 :
3159 5011 3421 5065 ιιροειπον
3474 5011 3523 5048 οι
3558 5011 3834 5118 προφηται
3867 5011 3944 5049 οτι

2376 5069 2482 5123 ἀπὸ
2515 5067 2619 5120 τῶν
2653 5065 2892 5137 ἀνομιῶν
2921 5065 3012 5137 τοῦ
3063 5064 3191 5118 λαοῦ
3213 5064 3544 5137 ἀχθήσεται,
3571 5083 3596 5118 ε
3623 5082 3650 5128 ς
3699 5064 3944 5137 θάνατον.

2450 5139 2560 5207 (82)
2616 5134 3155 5207 Καὶίὲκλέξασθαι.
3210 5134 3351 5207 lnl'ra
3412 5151 3464 5207 ιι.
3518 5134 3587 5207 es
3639 5153 3652 5188 :
3715 5135 3946 5207 πονηρὰ,

2381 5205 2656 5274 ἐκλέξεται
2690 5206 2749 5260 τὸ
2781 5205 3004 5275 ἀγαθόν,
3041 5205 3306 5275 alque_ita
3343 5205 3465 5259 cod.
3505 5205 3746 5259 Clarom.

2453 5272 2586 5348 (δὲ’)
2635 5272 2890 5332 Ἀετειθεῖ
2917 5275 3166 5348 πονηρά.
3211 5273 3445 5348 Phrasis
3501 5275 3760 5348 insolens.
3799 5272 3946 5348 wol-

2385 5343 2488 5404 lius
2523 5343 2840 5418 reposuerat
2866 5345 3364 5418 dwﬂeitrepellit).
3391 5345 3460 5418 Si
3484 5347 3612 5418 quid
3636 5354 3854 5418 mutare
3876 5343 3946 5418 _|i-

2381 5411 2833 5485 t-eret','mallem
2877 5431 2997 5470 cum
3032 5411 3182 5472 LXX,
3216 5416 3393 5486 legere
3438 5415 3653 5470 ἀπειθεῖ
3690 5411 3943 5484 πονηρίᾳ.

2408 5493 2485 5544 in.
2519 5489 2756 5544 PuttOL.
3224 5535 3229 5543 .

2386 5492 2485 5545 lio.
2519 5492 2756 5544 PuttOL.
3224 5535 3229 5543 .

2458 5559 2590 5639 (85)Δ
2606 5559 2758 5639 dada
2799 5557 2941 5639 πρὲις
2973 5557 3080 5639 ἢ...
3113 5554 3464 5639 καταληφῇ

2389 5621 2755 5692 ιτιιειιῖιιίεεε,
2793 5621 2893 5682 nec
2926 5621 3159 5681 in'lsaia
3193 5621 3419 5696 reperiri
3454 5621 3711 5696 observat
3734 5622 3802 5681 ιι.
3831 5621 3946 5679 δω-

2387 5704 2622 5770 phanus.
2658 5697 2885 5770 Legitur
2911 5696 2978 5770 _i_n
3013 5696 3204 5770 Bibliic
3233 5694 3741 5770 καταλειφθήσεται.
3853 5738 3857 5739 κ

2460 5771 2569 5840 (84)
2614 5765 2761 5824 Ἐπί
2778 5767 2870 5824 σέ.
2911 5767 3033 5824 Haec
3070 5766 3206 5822 inl’ra
3247 5786 3301 5824 ιι.
3338 5765 3428 5835 66,
3463 5765 3567 5822 nou
3599 5765 3869 5836 leguntur.

3469 5571 3654 5612 σεται.
3691 5551 3818 5608 Hae
3867 5552 3946 5606 in-
