4108 6432
633 383 732 438 571

1555 380 1610 437 S.
1651 380 1916 437 JUSTINI
1968 380 2378 437 PHILOSOPHI
2417 381 2505 436 ET
2545 379 2907 438 MARTYRIS

3785 377 3891 433 572

630 501 719 559 vel
755 501 825 555 ob
851 498 1110 553 duritiam
1152 501 1336 556 cordis
1381 499 1566 570 populi
1608 500 1779 554 vestri
1811 499 2062 554 similiter
2085 516 2205 554 esse

2321 502 2402 555 ιιαὶ
2448 502 2646 573 Δανιὴλ
2682 501 3070 572 ἐξαιτήσωνται
3117 502 3150 572 ἢ
3198 500 3344 563 υίοὺδ
3380 498 3415 569 ἢ
3459 495 3781 565 θυγατέρας,
3825 494 3887 546 ού

632 592 928 661 descripta.
976 589 1155 659 Atque
1195 592 1269 646 ita
1309 607 1430 648 sese
1477 606 1591 646 rem
1637 591 1840 646 habere
1884 591 2026 646 Deus
2062 593 2203 660 apud

633 685 969 739 Ezechielem
1014 685 1332 754 pronuntiat
1365 687 1416 738 in
1458 685 1574 739 haec
1601 684 1764 737 verba
1805 705 1816 738 :
1854 701 1871 734 ι
1912 683 1968 737 Si
2014 683 2124 736 Noe
2153 697 2207 736 et

633 773 800 831 Jacob
825 783 879 829 et
912 775 1100 829 Daniel
1134 775 1552 844 depoposcerint
1596 774 1674 828 vel
1709 774 1873 838 illius,
1908 772 1990 828 vel
2041 773 2206 840 Illias,

633 883 739 923 non
768 867 988 922 dabitur
1019 871 1099 924 eis
1131 869 1195 924 “.
1228 888 1246 921 ι
1276 868 1341 922 Ει
1371 867 1512 937 apud
1547 867 1740 923 Isaiam
1777 867 1828 918 in
1864 867 2000 920 hanc
2031 866 2206 934 ipsam

630 961 961 1013 sententiam
1003 960 1076 1013 ita
1129 958 1373 1027 loquitur
1413 977 1426 1012 :
1467 977 1485 1009 ι
1529 957 1674 1011 Dixit
1718 957 1978 1010 Dominus
2019 957 2157 1009 Deus
2191 973 2204 1008 :

631 1049 694 1103 Et
714 1050 1078 1119 egredientur,
1109 1059 1163 1103 et
1186 1048 1444 1102 videbunt
1465 1049 1704 1102 membra
1733 1046 2206 1116 prmvaricatorum

629 1140 934 1194 hominum.
988 1139 1201 1193 Vermis
1241 1154 1429 1192 eorum
1479 1153 1586 1192 non
1633 1137 1920 1198 morietur,
1971 1143 2026 1188 et
2065 1134 2208 1202 ignis

629 1247 816 1286 eorum
850 1246 953 1286 non
1003 1232 1401 1300 exstinguetur,
1440 1240 1495 1284 et
1539 1238 1701 1284 erunt
1747 1229 1797 1281 in
1837 1226 2205 1297 spectaculum

628 1322 775 1376 omni
809 1322 958 1376 carni
998 1321 1065 1375 ⁸⁸.
1107 1339 1126 1374 ι
1165 1322 1507 1390 Quapropter
1537 1321 1676 1374 hanc
1706 1335 1854 1388 spem
1904 1333 1972 1372 ex
2008 1317 2206 1371 animis

629 1415 828 1468 vesuis
859 1413 1165 1468 recidentes
1196 1413 1480 1466 elaborare
1509 1422 1746 1482 oportet.
1781 1421 1839 1465 ut
1865 1412 2208 1480 cognoscatis

629 1521 864 1574 quanam
917 1505 1003 1558 via
1046 1506 1114 1559 ad
1162 1505 1542 1560 remissionem
1592 1515 1938 1574 peccatorum
1968 1511 2024 1557 et
2056 1517 2206 1570 spem

631 1597 969 1651 hmreditatis
1042 1598 1438 1666 promissorum
1510 1597 1780 1650 bonorum
1849 1592 2206 1664 pervenistis.

630 1689 744 1742 Alia
794 1699 973 1744 autem
1025 1704 1130 1744 non
1185 1698 1288 1753 est,
1325 1690 1427 1743 nisi
1476 1690 1610 1755 haec,
1656 1698 1715 1742 ut
1745 1689 1887 1741 hunc
1925 1686 2205 1741 Christum

2315 593 2387 664 μὴ
2411 593 2691 665 δοθήσεται
2725 593 2905 656 αὐτοῖς
2969 613 2985 644 ι
3025 593 3134 645 Καὶ
3168 593 3226 644 ἐν
3260 592 3337 663 τῷ
3381 589 3574 660 Ἡσαΐᾳ
3609 590 3688 651 είς
3731 586 3889 640 τοῦτο

2311 684 2442 735 αὐτὸ
2475 683 2579 753 ἔφη
2613 683 2801 746 οὕτως·
2838 703 2855 734 ι
2901 680 3032 736 Eine
3059 683 3262 754 Κύριος
3295 685 3323 735 ὁ
3361 681 3506 745 Θεός·
3545 681 3654 732 Kal.
3679 677 3890 741 ἐξελεύ-

2314 791 2528 836 σονται,
2579 776 2672 828 κα).
2711 774 2928 844 ἆψονται
2976 777 3045 828 τὰ
3091 775 3237 829 κῶλα
3288 774 3394 827 τῶν
3427 772 3888 844 παραϐεϐηκότων

2313 866 2633 936 ἀνθρώπων.
2693 868 2750 921 ’0
2799 868 2908 938 γὰρ
2957 867 3172 937 σκώληξ
3217 867 3395 920 αὐτῶν
3447 869 3507 919 ού
3555 865 3888 936 τελευτήσει,

2314 959 2406 1010 καὶ
2440 958 2500 1010 τὸ
2528 953 2638 1030 πῦρ
2672 958 2849 1012 αὐτῶν
2883 960 2944 1011 ού
2994 959 3381 1031 σϐεσθήπται,
3427 961 3521 1011 καὶ
3558 959 3765 1013 ἔσονται
3809 961 3890 1020 είς

2313 1048 2500 1118 ὅρασιν
2534 1049 2681 1119 πάσῃ
2711 1051 2893 1121 σαρκί.
2942 1070 2959 1102 ι
3010 1051 3094 1114 Ὠς
3139 1051 3400 1121 τεμόντας
3435 1051 3542 1120 (90)
3592 1050 3734 1120 ὑμᾶς
3780 1047 3892 1100 ἀπὸ

2312 1137 2420 1190 τῶν
2452 1139 2636 1210 ψυχῶν
2670 1141 2824 1212 ὑμῶν
2856 1142 2953 1212 τὴν
2996 1143 3183 1196 ἐλπίδα
3220 1143 3442 1213 ταύτην,
3481 1142 3778 1195 σπουδάσαι
3809 1140 3894 1193 δεῖ

2313 1229 2607 1297 ἐπιγνῶναι
2657 1231 2724 1285 δι’
2763 1224 2830 1304 ἦς
2881 1232 3002 1286 ὀδοῦ
3053 1234 3243 1302 ἄφεσις
3295 1235 3424 1305 ὑμῖν
3467 1233 3575 1286 τῶν
3610 1231 3899 1304 ἁμαρτιῶν

2315 1321 2638 1391 γενήσεται,
2693 1324 2787 1374 καὶ
2821 1323 2974 1386 ἐλπὶς
3005 1324 3102 1394 τῆς
3135 1325 3498 1398 κληρονομίας
3537 1323 3644 1376 τῶν
3687 1340 3896 1394 κατηγ-

2316 1411 2592 1482 γελμένων
2634 1413 2871 1482 ἀγαθῶν.
2914 1416 3067 1468 Ἔστι
3100 1415 3143 1467 δ’
3177 1415 3278 1469 οὐκ
3328 1416 3460 1486 ἀλλη
3507 1415 3538 1488 ἢ
3587 1414 3763 1486 αὕτη,
3805 1416 3900 1467 ἵνα.

2313 1502 2501 1556 τοῦτον
2542 1505 2634 1558 τὸν
2675 1507 2908 1578 Χριστὸν
2955 1507 3300 1577 ἐπιγνόντες,
3335 1509 3429 1561 καὶ
3469 1507 3787 1578 λουσάμενοι
3829 1507 3894 1560 τὸ

2315 1597 2456 1669 ὑπὲρ
2490 1599 2734 1668 ἀφέσεως
2765 1601 3050 1672 ἁμαρτιῶν
3083 1602 3172 1654 διὰ
3209 1602 3428 1655 Ἠσαῖου
3471 1602 3737 1674 κηρυχθέν
3771 1601 3898 1653 λου-

2313 1689 2442 1760 τρὸν
2477 1687 2609 1759 (91),
2644 1690 3042 1761 ἀναμαρτήτως
3075 1691 3258 1743 λοιπὸν
3292 1688 3514 1762 ζήοητε.

630 1793 1016 1852 agnoscentes,
1063 1799 1127 1838 ac
1175 1782 1270 1838 illo
1322 1785 1387 1837 ad
1430 1792 1781 1852 peccatorum
1839 1778 2218 1836 remissionem
2255 1779 2554 1850 baptismo,
2613 1798 2772 1853 quem
2802 1783 2970 1838 Isaias
2997 1783 3336 1853 pradicavit,
3381 1783 3550 1839 abluti
3585 1785 3704 1839 sine
3765 1798 3900 1854 pec-

628 1887 752 1930 cato
775 1874 1034 1944 deinceps
1075 1875 1294 1930 vivatis.

697 1969 787 2022 45.
836 1969 940 2033 Qui
969 1970 1108 2038 justi
1147 1980 1270 2023 ante
1319 1970 1480 2039 legent
1524 1978 1571 2021 et
1610 1968 1705 2020 sub
1739 1970 1848 2038 lege
1877 1965 2209 2036 fuerunt,per

2385 1957 2480 2011 45.
2512 1960 2621 2011 Καὶ
2663 1961 2691 2013 ὁ
2733 1960 3000 2032 Τρύφων·
3037 1963 3100 2015 El
3135 1962 3229 2016 καὶ
3276 1962 3564 2030 ἐγκόπτειν
3593 1962 3734 2017 δοκῶ
3785 1966 3904 2019 τοῖς

629 2059 901 2115 Christum
941 2061 1306 2116 sulvabuntur.
1353 2091 1421 2101 --
1448 2059 1584 2114 Tum
1620 2059 1839 2130 Trypho
1887 2079 1900 2114 :
1937 2056 2073 2120 Etsi,
2127 2056 2208 2109 in-

630 2155 765 2222 quit,
801 2169 864 2208 ea
896 2153 1082 2207 videor
1117 2153 1490 2222 interpellare,
1515 2166 1635 2221 qua:
1664 2151 1729 2204 ad
1760 2147 2207 2220 pertractandum

631 2245 938 2299 necessaria
981 2245 1266 2308 edisseris;
1299 2253 1528 2313 urgente
1573 2253 1755 2297 tamen
1790 2258 1852 2295 ea
1888 2240 2207 2310 quastione,

628 2351 793 2404 quam
831 2336 952 2389 volo
989 2350 1214 2405 ponere,
1257 2337 1339 2389 fac
1373 2337 1608 2406 primum
1645 2343 1704 2387 ut
1751 2348 1834 2386 me
1866 2332 2135 2401 perferas.

702 2427 839 2482 Tum
873 2444 974 2498 ego
1007 2445 1022 2483 :
1070 2428 1346 2500 Quidquid
1393 2427 1662 2498 placuerit
1712 2427 2010 2495 interroga,
2051 2439 2111 2479 ut
2152 2429 2206 2478 in

629 2529 865 2576 mentem
903 2521 1118 2588 veniet;
1146 2536 1269 2575 nam
1311 2523 1476 2576 etiam
1502 2528 1624 2588 post
1664 2518 2000 2586 interregata
2037 2524 2091 2569 et
2123 2529 2210 2569 re-

630 2628 825 2681 sponsa
870 2614 1179 2667 orationem
1221 2627 1501 2666 resumere
1527 2608 1770 2665 conabor
1799 2618 1855 2661 et
1900 2606 2209 2660 absolvere.

699 2706 911 2760 Atille:
937 2705 1029 2760 Dic
1055 2706 1184 2759 mihi
1213 2704 1613 2774 igitur,iuquit,
1637 2702 1734 2771 qui
1758 2701 2054 2756 secundum
2081 2713 2212 2769 prae-

632 2803 839 2870 scripta
863 2801 994 2869 legis
1011 2815 1107 2870 per
1125 2798 1364 2869 Moysen:
1390 2798 1651 2851 insdtuta:
1674 2797 1947 2859 vixerunt,
1971 2807 2152 2848 utrum
2173 2793 2212 2849 ii

633 2909 808 2949 necne
835 2893 1086 2948 similiter
1111 2906 1173 2946 ac
1209 2887 1399 2953 Iacob,
1436 2889 1620 2944 Enoch
1645 2899 1701 2944 et
1729 2887 1844 2944 Noe
1878 2890 1930 2942 in
1963 2904 2214 2944 resurre-

635 2987 820 3041 ctione
847 2995 1191 3039 ruortuorum
1219 2983 1440 3036 vivent?

710 3076 864 3148 141
899 3076 963 3130 Et
985 3091 1088 3146 ego
1135 3076 1199 3128 ad
1229 3075 1388 3128 illum
1420 3094 1432 3129 :
1460 3075 1594 3130 Cum
1622 3089 1684 3128 ea
1719 3071 1938 3142 protuli,
1972 3070 2213 3141 Trypho,

635 3187 756 3240 qua:
786 3171 854 3223 ab
889 3169 1173 3224 Ezechiele
1206 3169 1349 3223 dicta
1393 3179 1521 3223 sunt
1559 3187 1572 3222 ;
1612 3187 1628 3219 ι
1658 3166 1886 3220 Etiamsi
1929 3165 2063 3230 Noe,
2107 3164 2216 3218 Da-

636 3265 740 3320 niel
799 3275 852 3318 et
906 3261 1076 3317 Jacob
1119 3261 1258 3314 tilios
1297 3271 1352 3315 et
1412 3261 1550 3315 ﬁlias
1605 3262 1982 3328 deprecentur,
2048 3256 2209 3312 mini-

637 3374 723 3412 me
755 3358 834 3411 eis
863 3369 1181 3410 concessum
1224 3354 1314 3417 iri,
1351 3372 1369 3405 ι
1420 3356 1513 3409 sed
1559 3367 1658 3422 pro
1701 3366 1759 3406 se
1796 3366 2069 3422 quemque
2111 3364 2210 3404 sua

637 3452 810 3520 ipsius
849 3449 1102 3503 videlicet
1137 3449 1348 3519 justitia
1388 3448 1604 3502 salvqu
1649 3446 1802 3512 fore;
1833 3460 1927 3500 eos
1967 3459 2207 3513 quoque,

637 3543 728 3612 qui
767 3541 1061 3596 secundum
1106 3542 1278 3610 legem
1309 3540 1511 3612 Moysis
1540 3542 1812 3604 vixerunt,
1846 3540 2025 3592 salvos
2059 3537 2209 3591 simi-

636 3635 761 3688 liter
796 3636 1004 3688 l'uturos
1036 3635 1168 3692 dixi.
1194 3633 1326 3686 Nam
1353 3648 1473 3702 quae
1509 3641 1703 3686 natura
1733 3631 1999 3701 praeclara
2034 3641 2087 3683 et
2126 3630 2205 3697 pia

638 3727 856 3793 etjusta
889 3736 1114 3790 sunt,ea
1147 3727 1202 3778 in
1227 3725 1428 3794 Moysis
1457 3724 1572 3794 lege
1598 3725 1703 3787 his,
1735 3723 1826 3792 qui
1852 3724 1955 3793 legi
1991 3732 2211 3792 parent,

641 3820 888 3874 facienda
916 3819 1350 3886 prmscribuntur
1372 3833 1392 3881 ;~
1410 3827 1464 3871 et
1494 3832 1614 3887 qua:
1653 3817 1719 3870 ad
1752 3816 2007 3870 duritiam
2032 3816 2215 3871 cordis

641 3913 820 3982 populi
851 3928 996 3980 jussa
1028 3921 1152 3967 sunt
1179 3911 1486 3977 observari,
1517 3925 1580 3965 ea
1615 3910 1868 3965 similiter
1889 3911 2212 3978 praescripta

641 4013 792 4067 sunt,
822 4014 876 4058 et
914 4005 977 4056 ab
1005 4005 1113 4068 his,
1138 4003 1228 4072 qui
1269 4003 1367 4057 sub
1401 4002 1520 4072 lege
1551 4012 1730 4065 erant,
1771 4001 2087 4056 observata.
2125 4000 2205 4055 Si-

642 4100 858 4162 quidem
896 4098 988 4166 qui
1026 4113 1088 4150 ea
1131 4097 1430 4159 iaciebant,
1462 4109 1582 4162 quae
1617 4095 1874 4149 universe
1921 4103 1974 4148 et
2019 4103 2210 4148 natura

643 4203 700 4246 et
730 4203 989 4261 perpetuo
1013 4190 1269 4262 praeclara
1303 4199 1452 4251 sunt,
1482 4190 1515 4242 ii
1549 4191 1655 4244 Deo
1685 4191 1826 4261 grati
1857 4197 2007 4256 sunt,
2034 4200 2089 4246 et
2122 4205 2214 4260 per

644 4287 791 4342 hunc
823 4285 1098 4340 Christum
1127 4285 1181 4338 in
1217 4284 1622 4339 resurrectione
1654 4285 1906 4340 similiter
1930 4299 1993 4339 ac
2029 4285 2087 4352 ii,
2123 4285 2216 4355 qui

646 4391 773 4434 ante
813 4394 906 4433 eos
929 4378 1059 4444 justi
1093 4376 1264 4440 fuere,
1296 4375 1426 4439 Noe,
1457 4375 1640 4430 Enoch
1666 4384 1720 4431 et
1745 4373 1938 4440 Jacob,
1964 4387 2018 4431 et
2049 4377 2094 4431 si
2120 4376 2218 4446 qui

646 4474 762 4534 alii,
823 4471 1024 4526 alutem
1057 4480 1460 4538 Consequentur
1499 4483 1604 4522 una
1643 4483 1764 4523 cum
1806 4469 1896 4530 iis,
1925 4469 2017 4537 qui
2063 4470 2214 4524 hunc

645 4565 922 4619 Christum
952 4563 1043 4618 Dei
1070 4563 1267 4618 Filium
1295 4570 1596 4631 agnoscunt
1627 4601 1640 4625 ,
1667 4562 1756 4630 qui
1787 4571 1841 4615 et
1867 4572 1993 4617 ante
2022 4561 2216 4616 lucife—

2311 2050 2489 2118 λόγοις
2535 2051 2743 2115 τούτοις
2789 2049 2871 2117 οἷς
2912 2054 3088 2123 λέγεις
3135 2055 3452 2123 ἀναγκαίοις
3512 2050 3663 2109 οὖσιν
3713 2056 3911 2121 ἐξετα-

2313 2145 2526 2215 σθῆναι,
2564 2144 2676 2199 ἀλλ’
2699 2141 2795 2202 οὖν
2820 2148 3236 2216 κατεπείγοντος
3268 2147 3362 2200 τοῦ
3397 2150 3840 2220 ὲπερωτὴματος,
3871 2150 3906 2204 δ

2310 2236 2560 2302 ἐξετάσαι
2597 2237 2873 2310 βούλομαι,
2909 2240 3142 2311 ἀνάσχου
3181 2257 3282 2312 μου
3317 2239 3548 2310 πρῶτον.

2381 2435 2570 2504 Κάγώ·
2618 2437 2756 2490 Ὀσα
2801 2437 2976 2508 βούλει
3025 2436 3278 2506 ἐξέταζε,
3327 2436 3402 2501 ὥς
3453 2455 3534 2490 σοι
3578 2438 3901 2510 ἐπέρχεταιι

2311 2525 2424 2596 ἐγὼ
2468 2527 2578 2599 γὰρ
2619 2531 2714 2582 καὶ
2758 2530 2895 2600 μετά
2941 2529 3038 2594 τάς
3090 2529 3364 2594 ἐξετάσεις
3423 2531 3518 2582 καὶ
3576 2531 3904 2602 ἀποκρίσεις

2311 2621 2438 2682 τοὺς
2470 2617 2660 2687 λόγους
2695 2621 3095 2692 ἀναλαμωνειν
3133 2621 3460 2692 πειράσομαι
3494 2624 3587 2675 καὶ
3632 2623 3900 2696 πληροῦν.

2386 2713 2683 2777 Κάκεῖνοςο
2721 2713 2856 2766 Είπέ
2890 2711 2983 2768 οὖν
3019 2733 3144 2787 μοι,
3179 2714 3308 2786 ἔφη·
3353 2717 3405 2767 οί
3448 2715 3710 2788 ζήσαντες
3757 2717 3909 2774 κατὰ
3954 2719 3974 2735 ’

2313 2805 2404 2858 τὸν
2448 2805 2608 2877 νόμον
2640 2806 2730 2858 τὸν
2780 2806 3132 2877 διαταχθέντα
3167 2807 3253 2860 διὰ
3285 2808 3594 2873 Μωῡσέως,
3641 2808 3900 2880 ζήσονται

2314 2899 2514 2968 ὁμοίως
2545 2897 2624 2968 τῷ
2657 2897 2853 2951 ’ἰακὼὸ
2887 2900 2981 2952 καὶ
3013 2898 3090 2969 τῷ
3123 2897 3295 2970 Ἑνὼχ
3327 2898 3422 2953 καὶ
3454 2899 3531 2970 τῷ
3564 2899 3710 2966 Νῶε,
3746 2903 3804 2956 ἐν
3828 2904 3901 2974 τῇ

2319 2989 2422 3042 τῶν
2457 2989 2666 3062 νεκρῶν
2699 2991 3014 3054 ἀναστάσει,
3050 2991 3082 3061 ἢ
3119 2989 3215 3056 ού;

2390 3081 2561 3151 Κάγὼ
2594 3082 2730 3154 πρὸς
2764 3082 2924 3136 αὐτόν
2946 3099 2958 3112 ·
2997 3083 3256 3146 Εἰπόντος
3290 3101 3414 3154 μου,
3448 3077 3492 3136 ὦ
3525 3082 3799 3155 ἄνθρωπε,
3833 3081 3905 3138 τὰ

2318 3175 2629 3247 λελεγμένα
2673 3174 2780 3228 ὑπὸ
2828 3173 2918 3227 τοῦ
2967 3173 3260 3244 ’ῐεζεκιὴλ,
3309 3176 3391 3228 ὅτι
3445 3176 3590 3229 «κᾶν
3636 3176 3760 3230 Νῶε
3807 3177 3904 3231 καὶ

2319 3268 2519 3340 Δανιὴλ
2551 3268 2643 3322 καὶ
2689 3267 2884 3320 Ἰακὼό
2920 3267 3310 3338 ἐξαιτήσωνται
3360 3267 3507 3330 υἱοὺς
3542 3268 3632 3322 καὶ
3667 3250 3906 3336 θυγατέ-

2321 3379 2441 3435 ρας,
2477 3361 2538 3413 ού
2573 3359 2856 3429 δοθήσεται
2907 3359 3110 3423 αὐτοῖς,
3137 3375 3156 3409 ι
3195 3358 3308 3411 ἀλλ’
3342 3358 3571 3423 ἐκαστος
3617 3362 3683 3431 τῇ
3734 3360 3902 3414 αὑτοῦ

2315 3453 2625 3524 δικαιοσύνῃ
2657 3453 2896 3522 δηλονότι
2918 3449 3219 3523 σωθήσεται
3237 3452 3343 3522 (92)
3363 3469 3376 3480 ⁸
3395 3452 3477 3506 ὅτι
3494 3451 3585 3505 καὶ
3605 3453 3732 3517 τοὺς
3763 3455 3910 3509 κατά

2316 3545 2408 3597 τὸν
2439 3545 2599 3613 νόμον
2617 3542 2710 3595 τοῦ
2745 3543 3023 3605 Μωῦσέως
3058 3541 3551 3612 πολιτευσαμένους
3577 3545 3780 3613 ὁμοίως
3797 3563 3908 3599 σω-

2319 3635 2579 3706 θήσεσθαι
2596 3632 2766 3689 εἷπον.
2793 3636 2900 3688 Kal.
2921 3635 3028 3706 γὰρ
3050 3638 3107 3688 ἐν
3124 3634 3202 3706 τῷ
3223 3635 3502 3698 Μωῡσέως
3520 3637 3675 3708 νόμῳ.
3703 3639 3771 3692 τὰ
3803 3637 3908 3708 φύ-

2322 3745 2405 3782 σει
2440 3726 2583 3780 καλὰ
2604 3726 2698 3780 καὶ
2723 3726 2920 3796 εὐσεϐῆ
2942 3726 3037 3779 καὶ
3069 3725 3259 3779 δίκαια
3289 3726 3709 3799 νενομοθέτηται
3734 3729 3911 3800 πράτ-

2319 3839 2432 3875 τειν
2465 3821 2590 3884 τοὺς
2624 3820 2984 3889 πειθομένους
3031 3819 3214 3882 αὐτοῖς
3251 3817 3360 3890 (95)
3384 3836 3398 3848 ·
3436 3819 3529 3872 καὶ
3565 3820 3700 3891 πρὸς
3737 3822 3909 3893 σκλη-

2324 3913 2614 3986 ροκαρδίαν
2646 3912 2703 3964 δὲ
2735 3910 2825 3965 τού
2861 3909 2989 3965 λαοῦ
3024 3909 3383 3980 διαταχθέντα
3429 3910 3672 3979 γίνεσθαι
3705 3913 3910 3984 ὁμοίως

2323 4004 2779 4076 ἀναγέγραπται,
2815 4002 2850 4056 ἃ
2884 4003 2977 4056 καὶ
3011 4002 3280 4074 ἔπραττον
3327 4003 3376 4054 οί
3424 4003 3530 4056 ὑπὸ
3576 4003 3667 4055 τὸν
3717 4004 3906 4076 νόμον.

2334 4099 2486 4150 Ἐπεὶ
2530 4096 2577 4150 οἳ
2624 4096 2692 4150 τὰ
2738 4095 2967 4150 καθόλου
3016 4094 3111 4147 καὶ
3157 4093 3316 4163 φύσει
3375 4095 3468 4148 καὶ
3543 4096 3734 4150 αἰώνια
3769 4099 3916 4154 καλά

2324 4189 2569 4253 ἐποίουν,
2607 4189 2890 4259 εύάρεστοί
2945 4190 3051 4239 είσι
3097 4185 3174 4257 τῷ
3219 4185 3358 4257 Θεῷ,
3396 4187 3489 4240 καὶ
3523 4185 3609 4239 διὰ
3641 4185 3733 4238 τοῦ
3769 4186 3908 4255 Χρι-

2325 4283 2449 4337 στοῦ
2478 4284 2664 4336 τούτου
2701 4285 2757 4334 ἐν
2791 4285 2854 4354 τῇ
2890 4273 3188 4335 ἀναστάσει
3215 4281 3416 4351 ὁμοίως
3434 4282 3544 4344 τοῖς
3566 4280 3909 4351 προγενομέ-

2323 4393 2432 4439 νοις
2478 4375 2656 4441 αύτῶν
2700 4367 2948 4440 δικαίοις,
2999 4373 3121 4425 Νῶε
3168 4373 3262 4427 καὶ
3321 4371 3489 4442 Ἑνὼχ
3537 4372 3631 4425 καὶ
3677 4369 3913 4438 ,Ἰακὼ6,

2321 4469 2416 4523 καὶ
2462 4469 2517 4521 εί
2557 4486 2698 4532 τινες
2745 4468 2894 4521 ἄλλοι
2939 4466 3218 4536 γεγόνασι,
3257 4464 3593 4537 σωθήσονται
3641 4466 3737 4518 σὺν
3795 4468 3911 4528 τοῖς

2321 4564 2602 4632 ἐπιγνοῦσι
2650 4565 2738 4616 τὸν
2787 4564 3022 4633 Χριστὸν
3077 4559 3264 4614 τοῦτον
3316 4560 3423 4630 (94)
3460 4558 3551 4613 τοῦ
3587 4558 3718 4615 Θεοῦ
3755 4559 3908 4624 Υίὸν,

646 4671 765 4712 rum
795 4668 850 4711 et
886 4657 1065 4709 lunam
1096 4664 1232 4720 erat,
1263 4664 1318 4709 et
1343 4669 1406 4707 ex
1443 4653 1529 4707 illa
1563 4655 1805 4710 Davidici
1844 4657 2062 4725 generis
2091 4656 2210 4711 Vir-

2321 4656 2374 4720 ὃς
2421 4658 2514 4710 καὶ
2563 4657 2668 4726 πρὸ
2716 4657 2994 4728 ἐωσφόρου
3047 4655 3142 4710 καὶ
3177 4655 3407 4727 σελήνης
3438 4649 3529 4728 ἦν,
3564 4654 3656 4712 καὶ
3688 4653 3777 4708 διὰ
3809 4654 3914 4724 τῆς

723 4838 764 4870 ³⁸
793 4837 988 4891 Ezech.
1011 4835 1224 4909 x1v,20.
1302 4836 1344 4867 ³⁸
1374 4834 1476 4891 lsa.
1509 4852 1658 4900 uvt,
1701 4836 1792 4893 24.

649 5016 860 5070 recedit
887 5015 1156 5081 Justinus,
1188 5023 1375 5069 ethoc
1423 5015 1540 5068 loco
1582 5013 1768 5069 Jacobi
1818 5030 2035 5078 nomen,
2083 5014 2228 5083 quod

2406 5013 2514 5094 (9-3)
2556 5011 2718 5094 Tque.
2747 5007 3132 5094 πειθομένους
3181 5001 3428 5094 αιξνξοξς.⁹
3461 4998 3555 5086 Vel
3592 4999 3905 5094 .legelndum

650 5087 878 5140 fortasse
922 5087 1063 5139 illius
1117 5070 1434 5139 memoriam
1502 5103 1560 5140 ro
1611 5085 1750 5140 Jobo
1781 5087 1967 5147 subiit,
2005 5070 2239 5154 aptissi~
2335 5070 2508 5153 αύτῷ,
2544 5082 2650 5142 νεῖ,
2677 5070 2719 5133 si
2755 5070 3174 5136 nihilinutetdr,
3213 5075 3344 5127 illud
3370 5072 3552 5134 αὐτοῖς
3591 5070 3902 5138 intelligen—

651 5174 796 5209 mmu
824 5167 942 5209 erat
975 5159 1040 5209 ad
1071 5157 1424 5209 refellendam
1465 5103 1652 5209 ἵδροὺὶ
1695 5167 2040 5209 posterorum
2074 5172 2227 5209 arro—
2333 5160 2458 5208 dum
2505 5155 2570 5206 de
2617 5154 2712 5209 iis.
2745 5168 2866 5209 (tum
2908 5147 3294 5209 ντεεοίβίηηιυτ
3344 5145 3396 5196 ίη
3443 5143 3578 5209 [elle-
3635 5139 3757 5195 Μθλ
3807 5155 3902 5209 Pro

651 5174 796 5209 mum
824 5167 942 5210 erat
975 5159 1040 5209 ad
1071 5157 1424 5212 refellendam

652 5229 918 5295 gantiam.

696 5298 830 5420 ό(90)
873 5297 972 5363 Ὠς
1014 5298 1321 5367 τεμόντας.
1359 5297 1667 5367 Legendum
1702 5297 1917 5354 videtur
1967 5295 2104 5349 ὥστε
2140 5313 2227 5349 τε-

726 5385 853 5420 vra:

657 5385 853 5440 μοντας

724 5438 832 5509 (9t)
863 5439 961 5492 Alii
990 5455 1206 5508 quoque
1234 5438 1566 5494 ablutionem
1601 5439 1756 5493 istam
1787 5440 1853 5493 de
1882 5437 2227 5492 Christiano-

659 5526 776 5563 rum
814 5511 1143 5577 baptismate
1165 5522 1292 5564 suut
1327 5511 1693 5578 interpretati,
1728 5521 1784 5562 ut
1812 5509 2072 5579 Cyprian.
2102 5516 2222 5562 adv.

655 5580 810 5639 Jud..
843 5595 879 5640 ι,
914 5580 1004 5632 24.
1042 5581 1217 5635 Οττο.

729 5651 836 5722 (92)
872 5651 1228 5713 Σωθήσεται.
1273 5651 1426 5718 Legit
1463 5652 1542 5705 Cl.
1585 5650 1862 5705 Thirlhius
1912 5653 2226 5722 δικαιοσύνῃ

661 5721 991 5794 σωθήσεται,
1016 5722 1172 5794 δῆλον
1208 5725 1307 5782 ὅτι,
1347 5724 1449 5788 vel,
1486 5722 1796 5793 δικαιοσύνῃ
1843 5724 2081 5794 δηλονότι
2119 5721 2224 5775 cui-

661 5791 882 5863 θήσεται
905 5809 913 5821 ·
950 5792 1102 5858 δῆλον
1136 5795 1234 5847 ὅτι.
1555 5796 1576 5811 ⁸

1500 5156 1652 5212 acobi
1695 5167 2040 5226 posterorum
2074 5172 2227 5210 arro-

2333 5139 2466 5208 ιΙιιιιι⁸
2494 5139 2570 5206 Ide
2617 5139 2712 5216 iis,
2745 5168 2866 5222 qua:
2908 5147 3294 5222 pfgegpiuutur
3344 5145 3396 5196 iu
3443 5143 3578 5211 lege.
3635 5139 3757 5195 Mor.
3807 5155 3904 5209 pro

2331 5225 2574 5295 γίνεσθαι
2609 5223 2738 5295 ιεεῖι
2764 5217 2888 5295 ilva.
2920 5217 3001 5271 CL
3031 5217 3330 5295 TlfirlbiU-S'
3377 5286 3419 5295 --
3571 5283 3581 5295 '
3739 5281 3765 5290 ”

2404 5297 2512 5367 (94)
2550 5283 2688 5347 Σὺγῗ
2709 5294 2831 5367 ςοῖς
2861 5286 3187 5367 extremitas
3218 5284 3336 5367 τὸν.
3370 5283 3629 5365 Χριστὸν
3661 5283 3900 5367 totitoti.

2334 5352 2825 5431 lllt\td,lém7voﬁot,
2843 5364 2909 5416 de
2931 5352 2995 5411 iis
3025 5358 3432 5431 intelligendum
3448 5357 3542 5431 qui
3557 5364 3679 5421 post
3693 5352 3902 5431 Christi

2337 5421 2637 5492 adventum.
2667 5435 2837 5488 fuere.
2870 5431 3054 5498 Neque
3079 5421 3223 5482 enim
3263 5427 3400 5479 duos
3425 5421 3904 5502 ordines-salvan-

2335 5491 2528 5562 dorum
2582 5506 2821 5558 instituit
2870 5491 3139 5560 Justinus,
3187 5511 3418 5565 quorum
3471 5495 3560 5547 alii
3620 5491 3903 5565 Christum

2336 5576 2714 5646 cognoverint,
2757 5576 2873 5629 sive
2931 5573 2982 5646 in
3025 5580 3149 5646 eum
3205 5563 3563 5646 crediderint,
3614 5563 3713 5642 alii.
3762 5576 3902 5646 non;

2335 5632 2437 5703 nec
2485 5632 2781 5716 quidquam
2839 5642 3013 5711 magis
3063 5638 3298 5716 alienum
3332 5655 3360 5689 a
3397 5634 3456 5689 S.
3483 5633 3749 5716 .mar-tyris
3793 5632 3906 5716 duo

2335 5705 2533 5783 rtr-ina',
2553 5705 2716 5783 quam
2741 5705 3018 5771 Christum
3047 5711 3325 5765 veteribus
3356 5705 3685 5778 patri-archus
3713 5705 3912 5771 cogu't‘

2336 5801 2445 5844 tum
2489 5801 2684 5854 negare
