4108 6428
226 409 322 464 573

1170 407 1517 489 DIALOGUS
1553 409 1697 466 CUM
1730 407 2110 466 TRYPBONE
2146 408 2415 467 JUDJEO.

3372 413 3473 469 δτι

220 522 497 592 Παρθένου
542 522 745 592 ταύτης
804 520 902 591 τῆς
960 521 1068 575 ἀπὸ
1120 521 1212 575 τοῦ
1258 523 1450 590 γένους
1496 522 1588 576 τοῦ
1633 522 1778 577 Δαὸὶλ

1901 524 2025 594 gine
2053 537 2185 582 caro
2212 523 2389 579 lactus
2410 523 2562 578 nasci
2586 523 2867 588 sustinuit,
2892 532 2951 578 ut
2973 538 3070 593 per
3098 526 3234 580 hanc
3258 525 3475 597 dispeu-

218 613 540 685 γεννηθῆναι
587 611 1011 685 σαρκοποιηθεὶς
1059 612 1375 683 ὑπέμεινεν,
1431 614 1521 668 ἴνα
1563 614 1652 667 διά
1696 613 1796 683 τῆς

214 706 526 776 οἰκονομίας
561 706 759 775 ταύτης
786 708 813 759 ὁ
841 706 1312 776 πονηρευσάμενος
1337 706 1433 777 τὴν
1464 704 1636 778 ἀρχὴν
1651 705 1792 774 ὄφις,

220 800 312 851 καὶ
344 800 392 851 oi
427 797 838 868 ἐξομοιωθέντες
872 796 1020 867 αύτῷ
1052 796 1269 865 ἄγγελοι
1305 797 1666 858 καταλυθῶσι,
1703 797 1795 853 καὶ

218 894 248 942 ό
282 888 512 952 θάνατος
561 889 965 961 καταφρονηθῇ,
1003 889 1095 941 καὶ
1144 890 1200 940 ὲν
1251 892 1317 958 τῇ
1369 888 1600 960 δευτέρᾳ
1631 886 1793 939 αὑτοῦ

215 980 308 1033 τοῦ
361 980 597 1052 Χριστοῦ
648 981 920 1052 παρουσίᾳ
954 981 1064 1033 ἀπὸ
1105 979 1210 1032 τῶν
1244 980 1609 1033 πιστευόντων
1645 978 1794 1049 αύτῷ

214 1072 310 1123 καὶ
354 1070 666 1141 εὐαρέστως
711 1069 925 1134 ζώντων
986 1068 1258 1140 παύσηται
1318 1068 1520 1133 τέλεον,
1570 1068 1795 1137 ὕστερον

215 1161 411 1233 μηκέτ’
445 1160 541 1224 ὢν,
590 1163 716 1214 ὅταν
763 1162 811 1215 oi
860 1161 961 1232 μὲν
1005 1162 1085 1223 είς
1132 1160 1313 1229 κρίσιν
1360 1160 1454 1213 καὶ
1500 1160 1794 1232 καταδίκην

213 1251 308 1304 τοῦ
544 1252 838 1315 ἀπαύστως
887 1250 1206 1315 κολάξεσθαι
1262 1251 1603 1321 πεμφθῶσιν,
1640 1254 1687 1305 οί
1737 1252 1795 1306 δὲ

214 1344 274 1394 ἐν
306 1344 545 1414 ἀπαθείᾳ
588 1344 699 1415 (95)
734 1344 828 1396 καὶ
861 1342 1139 1414 ἀφθαρσίᾳ
1173 1342 1266 1395 καὶ
1300 1341 1504 1414 ἀλυπίᾳ
1538 1343 1629 1395 καὶ
1662 1341 1795 1396 ἀθα-

214 1432 379 1503 νασίᾳ
414 1432 669 1485 συνῶσιν.

282 1524 368 1576 46.
420 1524 543 1575 Ἐάν
576 1522 632 1575 δέ
668 1539 808 1585 τινες
842 1520 936 1575 καὶ
986 1520 1081 1574 νῦν
1128 1520 1228 1593 ζῇν
1268 1519 1564 1591 βούλωνται
1599 1520 1796 1589 φυλάσ-

212 1630 397 1675 σοντες
428 1613 496 1665 τά
527 1611 616 1664 διὰ
647 1608 929 1672 Μωῦσέως
961 1607 1339 1678 διαταχθέντα,
1376 1607 1468 1660 καὶ
1504 1605 1796 1660 πιστεύσω·

208 1724 297 1760 σιν
332 1706 425 1758 ἐπὶ
459 1702 640 1756 τοῦτον
672 1700 761 1754 τὸν
796 1699 1183 1771 σταυρωθέντα
1230 1698 1457 1770 Ἰησοῦν,
1481 1700 1794 1768 ἐπιγνόντες

216 1800 302 1850 ὅτι
350 1796 515 1858 αὑτός
568 1797 714 1846 ἐστιν
748 1794 774 1845 ό
807 1792 1039 1861 Χριστὸς
1073 1790 1165 1845 τοῦ
1200 1789 1356 1853 Θεοῦ,
1392 1791 1484 1843 καὶ
1518 1790 1667 1861 αύτῷ
1702 1790 1791 1843 δέ-

1899 614 2166 669 sationem
2200 626 2431 681 serpens
2472 611 2583 678 ille,
2617 613 2709 682 qui
2756 614 2826 668 ah
2863 613 3025 668 initio
3057 614 3301 682 improbe
3336 617 3471 685 egit,

1897 713 1952 759 et
1980 702 2261 760 assimilati
2284 702 2335 759 ei
2362 698 2539 774 angeli
2566 702 2942 776 proﬂigentur,
2964 720 3025 758 ac
3055 720 3202 759 mors
3226 716 3473 759 contem-

1902 808 2086 863 natur,
2118 808 2174 854 et
2203 801 2257 853 in
2281 801 2519 854 secundo
2548 800 2719 871 ipsius
2743 799 2946 855 Christi
2984 802 3221 856 adventu
3256 804 3322 855 ab
3358 803 3468 867 his,

1897 890 1990 960 qui
2036 890 2091 945 in
2137 905 2261 945 eum
2304 891 2553 953 credunt,
2584 900 2640 947 et
2672 892 2742 945 ita
2790 894 2983 949 vivunt
3011 905 3069 947 ut
3105 895 3154 947 ei
3198 894 3467 962 placeant,

1898 974 2113 1051 penitus
2142 977 2399 1044 facessat,
2431 996 2527 1035 nec
2552 979 2665 1049 jam
2698 983 2803 1036 ulla
2838 984 2934 1048 sit,
2961 998 3085 1039 cum
3114 984 3205 1037 alii
3243 986 3463 1057 quidem

1898 1069 1951 1122 in
2008 1066 2276 1136 judicium
2328 1078 2383 1123 et
2439 1071 2951 1127 condemnationem
3008 1073 3150 1144 ignis
3205 1086 3469 1144 perpetuo

1894 1161 2183 1215 cruciandi
2222 1163 2531 1228 mittentur,
2566 1162 2655 1217 alii
2696 1178 2826 1219 vero
2873 1166 3241 1234 perpessionis
3262 1178 3316 1222 et
3343 1184 3469 1223 cor-

1898 1252 2166 1320 ruptionis
2187 1261 2241 1307 et
2269 1252 2474 1308 doloris
2506 1264 2786 1314 expertem
2817 1263 3017 1310 statum
3056 1267 3218 1326 atque
3244 1257 3471 1314 immor-

1896 1342 2163 1397 talitatem
2196 1354 2620 1414 consequentur.

1962 1520 2059 1603 46.
2097 1522 2299 1589 Queri:
2337 1521 2568 1594 Trypho,
2591 1542 2661 1579 an
2702 1524 2877 1580 salsus
2914 1528 2983 1580 ait
3020 1527 3235 1593 futurus
3274 1528 3467 1599 siquis

1894 1614 2057 1683 legem
2088 1615 2373 1668 etiamnum
2402 1617 2656 1670 observet.
2685 1614 2886 1670 Probat
2914 1617 3161 1673 Justinus
3190 1636 3302 1673 eam
3328 1619 3469 1674 nihil

1891 1707 1961 1757 ad
1976 1706 2246 1775 justitiam
2277 1706 2533 1775 conferre.
2563 1735 2634 1749 —
2657 1706 2715 1764 Si
2748 1709 2840 1778 qui
2880 1720 3064 1764 autem
3108 1726 3253 1765 nunc
3298 1712 3464 1781 etiam

1894 1794 2081 1849 vivere
2102 1794 2295 1859 velint,
2336 1794 2535 1865 Moysis
2563 1796 2807 1851 instituta
2844 1800 3133 1862 servando.
3159 1811 3211 1855 et
3235 1801 3465 1855 credant

202 1888 358 1941 δοται
404 1885 469 1947 τὸν
512 1887 693 1955 κρῖναι
741 1883 947 1945 πάντας
999 1879 1203 1945 ἁπλῶς,
1240 1881 1333 1935 καὶ
1366 1882 1531 1935 αὑτοῦ
1568 1885 1713 1935 ἐστιν
1747 1884 1778 1953 ἡ

1885 1888 1938 1940 in
1958 1888 2099 1940 hunc
2110 1883 2295 1940 Iesum
2313 1886 2656 1955 cruciﬁxum,
2671 1899 3026 1959 agnoscentes
3039 1905 3161 1945 eum
3179 1905 3299 1962 esse
3313 1892 3469 1946 Chri-

208 1980 425 2042 αἱώνιος
488 1975 752 2047 βασιλεία,
817 1964 1070 2029 δύνανται
1132 1976 1229 2029 καὶ
1291 1974 1445 2029 αὐτοὶ
1510 1973 1783 2045 σωθῆναι;

206 2068 540 2125 ἐπυνθάνετό
575 2085 699 2139 μου.

275 2247 446 2318 Κάγὼ
494 2248 689 2301 πάλιν·
725 2247 1134 2321 Συσκεψιῖιμεθα
1178 2249 1420 2310 κάκεῖνο,
1456 2248 1504 2299 εί
1553 2246 1782 2312 ἔνεστιν,

203 2338 423 2406 ελεγον,
478 2338 769 2406 φυλάσσειν
834 2338 901 2394 τά
951 2338 1038 2393 διά
1092 2338 1372 2401 Μωῦσέως
1422 2336 1785 2406 διαταχθέντα

204 2434 423 2487 ἅπαντα
439 2430 556 2484 νῦν.

274 2524 539 2585 Κάκεῖνος
556 2522 887 2593 ἀπεκρίνατο
909 2539 924 2553 ο
949 2522 1042 2579 Οὔ.
1061 2523 1405 2594 Γνωρίζομεν
1420 2523 1527 2595 γάρ
1544 2524 1626 2577 ὅτι
1651 2522 1781 2593 (96),

198 2613 276 2676 ὼς
323 2614 481 2685 ἔφης,
516 2612 640 2667 οὗτε
690 2612 960 2683 πρόϐατον
1017 2615 1109 2669 τοῦ
1146 2616 1341 2685 Πάσχα
1374 2614 1481 2685 (97)
1515 2615 1782 2685 ἀλλαχόσε

199 2704 346 2757 θύειν
378 2705 628 2767 δυνατὸν,
662 2703 785 2758 οὔτε
830 2706 955 2769 τοὺς
1001 2708 1066 2778 τῇ
1118 2706 1343 2777 νηστείᾳ
1391 2705 1783 2769 κελευσθέντας

200 2796 611 2868 προσφέρεσθαι
632 2796 1061 2869 χιμάρους,ούτε
1094 2798 1191 2862 τὰς
1224 2796 1390 2861 ἄλλας
1423 2798 1609 2861 ἀπλῶς
1642 2797 1783 2852 ἀπά-

201 2903 301 2952 σας
336 2890 673 2961 προσφοράς.

217 3041 224 3047 ,
270 2981 627 3049 Κάγώ-Τίνα
671 2976 763 3035 οὖν
809 2979 845 3035 ἃ.
904 2979 1127 3035 δυνατόν
1160 2979 1271 3051 (98)
1306 2980 1781 3049 ἐστι-φυλάσσειν,

199 3074 524 3145 παρακαλῶ,
559 3073 684 3143 λέγε
720 3073 912 3137 αὐτός’
950 3072 1220 3145 πεισθήσῃ
1263 3073 1373 3145 γὰρ
1404 3074 1523 3145 ﬁsi,
1564 3074 1639 3145 μὴ
1684 3091 1783 3143 φυ-

196 3168 415 3220 λάσσων
463 3166 532 3220 τὰ
574 3164 769 3220 αίώνια
816 3163 1159 3236 δικαιώματά
1205 3165 1314 3237 (99)
1348 3182 1429 3231 τις
1477 3165 1779 3238 ἢπράξας,

200 3257 440 3329 σωθῆναι
474 3259 539 3310 ὲκ
569 3258 767 3320 παντὸς
800 3256 934 3328 ἔχει.

269 3434 533 3495 Κάκεῖνος
556 3449 570 3463 ·
603 3432 674 3484 Τὸ
696 3431 1040 3496 σαϐϐατίζειν
1054 3431 1218 3500 λέγω,
1253 3430 1346 3484 καὶ
1375 3430 1434 3484 τὸ
1456 3430 1642 3501 περιτέ
1651 3446 1779 3500 μνε-

200 3522 345 3585 σθαι,
382 3524 477 3576 καὶ
517 3524 577 3576 τὸ
609 3524 675 3577 τὰ
707 3523 933 3595 ἔμμηνα
980 3523 1292 3593 φυλάσσειν,
1329 3522 1421 3575 καὶ
1478 3522 1547 3575 τὺ
1587 3522 1779 3601 βαπτί-

199 3611 387 3683 ζεσθαι
423 3614 701 3685 ἁψάμενόν
734 3630 875 3677 τινος
920 3608 995 3673 ὧν
1040 3614 1413 3685 ἀπηγόρευται
1465 3614 1570 3666 ὑπὸ
1616 3615 1778 3667 Maiia-

200 3706 360 3770 σέως,
398 3709 430 3778 ἢ
472 3710 531 3759 ὲν
572 3707 829 3777 συνουσίᾳ
865 3706 939 3777 (1)
976 3707 1288 3777 γενόμενον.

270 3795 443 3863 Κάγὼ
475 3796 638 3865 ἔφην·
704 3796 973 3867 Ἀϐραάμ,
1025 3798 1121 3850 καὶ
1167 3796 1373 3859 Ἰσαὰκ,
1422 3795 1516 3849 καὶ
1564 3792 1774 3858 Ἰακὼϐ,

201 3889 293 3940 καὶ
311 3887 453 3951 Νῶε,
473 3887 564 3939 καὶ
598 3886 737 3950 Ἰὼϐ,
758 3888 850 3940 καὶ
868 3888 1073 3950 εἴτινες
1089 3887 1237 3941 ἀλλοι
1253 3888 1509 3956 γεγόνασι
1528 3886 1631 3957 πρὸ
1651 3885 1775 3938 τού-

198 3980 350 4049 ·ιωνῆ
377 3980 516 4049 μετά
535 3978 753 4041 τούτους
769 3980 968 4049 ὁμοίως
985 3978 1362 4047 δίκαιοι,ξλέγω
1380 3979 1434 4032 δὲ
1448 3979 1541 4033 καὶ
1559 3980 1775 4051 Σάρραν

202 4072 299 4141 τὴν
347 4076 580 4139 γυναῖκα
628 4071 719 4125 τοῦ
769 4071 1036 4143 Ἀϐραὰμ,
1072 4072 1164 4126 κα)⁹
1210 4070 1505 4126 Ῥεϐέκκαν
1550 4072 1646 4143 τὴν
1680 4070 1772 4124 τοῦ

215 4163 418 4225 Ίσαάκ,
456 4163 546 4217 καὶ
592 4161 790 4233 Ῥαχὴλ
823 4164 921 4233 τὴν
954 4163 1296 4229 τοῦ,’1ακὼ6,
1334 4164 1427 4217 καὶ
1461 4164 1643 4227 Λείαν,
1679 4162 1773 4216 καὶ

199 4256 296 4319 τὰς
330 4256 519 4319 λοιπὰς
552 4256 716 4319 άλλας
748 4257 845 4319 τὰς
878 4256 1150 4321 τοιαύτας,
1173 4258 1334 4327 μέχρι
1367 4258 1465 4328 τῆς
1496 4256 1771 4319 Μωῦσέως

198 4346 287 4399 τοῦ
325 4346 514 4399 πιστοῦ
549 4346 873 4418 θεράποντος
909 4350 1134 4421 μητρὸς,
1174 4348 1339 4419 μηδὲν
1371 4349 1572 4402 τούτων
1605 4348 1773 4417 φυλά-

199 4439 397 4505 ξαντας
432 4439 527 4510 (2),
562 4440 609 4491 εί
642 4438 886 4493 δοκοῦσιν
920 4440 1046 4509 ὑμῖν
1083 4436 1457 4511 σωθήσεσθαις
1524 4510 1527 4513 _

268 4528 379 4583 Καὶ
438 4530 465 4583 ὁ
525 4529 759 4601 Τρύφων
816 4531 1181 4602 ἀπεκρίνατο’
1231 4532 1305 4585 Ού
1370 4533 1770 4605 περιετέτμητο

211 4618 460 4689 Ἀϐραὰμ
490 4620 582 4676 καὶ
613 4622 661 4673 oi
698 4624 816 4691 μετ’
849 4622 1030 4689 αὐτόνς

268 4733 377 4802 (95)
426 4735 520 4787 Ἐν
557 4736 827 4803 ἀπαθείᾳ.
898 4736 1342 4809 Pmpositionem
1396 4740 1665 4811 expungit
1698 4739 1766 4797 ii.

197 4803 522 4858 Stephanus.

241 4813 522 4859 tenhanus.

196 4824 785 4997 Σῖὸἴυῗξῖῇζξίεν
804 4877 913 4947 γὰρ
943 4874 1049 4932 ὅτι.
1072 4878 1328 4935 Μοιιᾱοεε
1356 4878 1559 4933 editum
1590 4878 1767 4934 fuerat

224 4962 297 4997 τι.
342 4961 439 4998 δι).
478 4961 715 5000 ιἈτιιοι..

270 5014 384 5089 (97)
412 5017 721 5089 ΔΠρόδάτον
770 5018 876 5072 τοῦ
905 5018 1141 5089 Πάσχα.
1188 5016 1335 5073 Pulsi
1370 5017 1766 5089 Hierosolymis

197 5084 370 5140 Judaei
406 5087 675 5153 iacturam
704 5090 960 5144 sacriﬁcii
997 5084 1164 5144 variis
1205 5091 1381 5143 modis
1409 5084 1767 5144 sarcire'ten-

194 5156 411 5240 Labant.
453 5174 471 5207 ι
500 5155 603 5238 Per
625 5157 863 5226 diversa,
889 5159 1400 5240 inquitliilariusin
1436 5159 1578 5240 i’sal.
1612 5175 1763 5240 _l.Vlll,

200 5242 262 5279 n.
300 5226 388 5299 l2,
432 5226 667 5299 speciem
710 5226 999 5284 sacerdotii
1044 5231 1189 5285 illius
1238 5230 1462 5299 legitimi
1508 5242 1562 5284 et
1612 5230 1766 5284 holo-

198 5298 378 5351 causti
434 5307 487 5351 et
542 5298 972 5354 circumcisionis
1032 5298 1381 5360 imitantur.»
1430 5300 1489 5354 S.
1544 5300 1762 5355 Phileas

200 5381 429 5441 martyr,
453 5368 690 5441 instante
721 5367 981 5424 Culciano
1010 5370 1393 5441 praefecto,_ut
1424 5371 1619 5424 saltem
1648 5369 1759 5425 Deo

198 5439 576 5498 sacriﬁcaret,
620 5438 693 5490 ita
728 5438 1035 5507 respondit}
1068 5458 1086 5492 ι
1117 5441 1259 5495 Solis
1297 5438 1498 5497 Iudaeis
1558 5456 1761 5509 praeceo

239 5519 347 5582 tum
402 5510 579 5563 fuerat
625 5510 933 5582 sacriﬁcare
972 5512 1081 5565 Deo
1112 5511 1227 5582 soli
1262 5512 1334 5582 in!
1358 5509 1757 5582 Hierosolyma.

197 5522 347 5629 Ritu"
402 5522 579 5563 luerat
625 5522 933 5565 sacnncare
972 5522 1081 5565 Deo
1112 5522 1207 5565 sou
1262 5526 1315 5564 tn
1358 5522 1756 5582 Hierosolyma.

250 5593 353 5629 unc
377 5590 556 5631 autem
590 5589 819 5647 peccant
854 5577 1021 5636 Judei
1053 5583 1105 5635 in
1142 5581 1264 5635 aliis
1324 5580 1456 5635 locis
1488 5582 1756 5635 solemnia

199 5662 298 5699 sua
332 5648 692 5702 celebrantes.
728 5666 745 5698 ι
778 5650 850 5703 De
877 5652 1066 5705 iisdem
1127 5650 1184 5706 S.
1216 5653 1574 5706 Augustinus.
1601 5652 1691 5706 lib.
1719 5668 1756 5705 ιι

332 5664 692 5702 celebrantes.
728 5666 745 5698 ³
778 5664 850 5703 ue
877 5664 1066 5710 11800111
1127 5664 1184 5706 δ.
1216 5664 1574 5713 Atlgustmus.
1601 5664 1691 5708 Ιιυ.
1719 5668 1757 5705 Il

199 5668 298 5699 5111
332 5668 692 5702 οειευηιηισδ.
728 5668 745 5698 1
778 5668 850 5703 ue
877 5668 1066 5710 11800111
1127 5668 1184 5706 δ.
1216 5668 1574 5720 Αιιςιιςιιηυδ,
1601 5668 1691 5708 110.
1719 5668 1757 5705 ΙΙ

199 5715 456 5782 Retract.,
489 5733 537 5772 c.
577 5718 665 5781 i0,
716 5719 794 5773 sic
834 5723 1071 5789 loquitur
1100 5738 1115 5775 :
1152 5740 1170 5773 ι
1198 5720 1303 5775 Eos
1335 5730 1391 5774 et
1433 5738 1576 5777 nunc
1608 5724 1758 5775 vide-

201 5802 323 5862 mus
346 5789 483 5862 sine
522 5789 801 5862 sacriﬁciis
827 5791 1173 5854 remansisse,
1203 5792 1305 5847 nisi
1332 5790 1471 5846 forte
1499 5792 1642 5862 quod
1664 5806 1759 5860 per

200 5856 404 5913 Pascha
446 5861 730 5915 immolant
779 5874 955 5929 ovem,
986 5863 1086 5917 hoc
1132 5863 1185 5918 in
1229 5856 1757 5933 sacrilicio'depiitc-

1889 1986 2031 2030 stum
2056 1977 2171 2038 Dei.
2198 1976 2359 2045 eique
2377 1978 2561 2031 datum
2586 1992 2707 2033 esse
2728 1993 2916 2033 omnes
2946 1979 3169 2035 omnino
3191 1976 3465 2051 judicare,

1890 2066 2142 2138 liliusque
2172 2083 2295 2123 esse
2321 2082 2546 2138 regnum
2573 2070 2700 2123 ιιιυά
2725 2072 2867 2142 quod
2889 2081 3153 2127 atemum
3177 2083 3293 2138 est;
3322 2088 3391 2127 an
3422 2073 3462 2131 ii

1886 2173 2105 2228 quoque
2128 2159 2261 2213 salvi
2285 2174 2405 2214 esse
2424 2162 2691 2229 possunt?
2723 2162 2799 2215 Ita
2831 2164 2919 2218 me
2956 2163 3460 2233 illeinterrogabat.

1962 2253 2032 2303 At
2063 2266 2166 2321 ego
2196 2266 2415 2305 rursum
2450 2251 2546 2306 :ld
2579 2266 2817 2323 quoque,
2860 2254 3108 2324 inquam,
3140 2270 3245 2308 una
3272 2258 3460 2310 consi-

1884 2340 2255 2409 deremus,'an
2302 2358 2447 2397 nunc
2493 2344 2655 2399 liceat
2702 2348 2885 2401 onmia
2929 2362 3171 2411 servare,
3206 2363 3326 2418 qua:
3364 2363 3462 2418 per

1885 2429 2123 2501 Hoysem
2151 2432 2471 2502 pmscripta
2500 2439 2651 2489 sunt.

1954 2522 2255 2591 Respondit
2280 2522 2411 2579 ille:
2445 2522 2795 2593 Nequaquam
2870 2523 3236 2593 Agnoscimus
3281 2524 3449 2590 enim,

1884 2615 2340 2682 quemadmodum
2390 2615 2609 2680 dixisti,
2647 2630 2750 2669 nec
2808 2617 3006 2684 agnum
3052 2617 3274 2670 Pasclue
3322 2615 3453 2673 alibi

1885 2707 2150 2761 immolari
2174 2722 2354 2776 posse,
2382 2724 2484 2763 nec
2509 2708 2694 2763 hircos
2724 2708 2778 2762 in
2807 2708 3015 2779 jejunio
3035 2710 3221 2778 jussus
3245 2708 3453 2775 oﬂ‘erri,

1884 2813 1983 2854 nec
2008 2808 2236 2854 caeteras
2263 2815 2455 2855 omnes
2481 2801 2708 2855 omnino
2738 2801 3062 2857 oblationes.

1954 2972 2090 3027 Tum
2115 2973 2541 3043 ego:Quamam
2596 2991 2727 3046 ergo
2770 2975 2858 3030 illa
2904 2977 3184 3046 sint,quae
3239 2976 3453 3046 possint

1881 3064 2191 3126 observari,
2242 3063 2379 3132 ipse,
2427 3077 2638 3132 quaeso,
2691 3063 2955 3117 edissere.
2987 3061 3108 3116 Tibi
3146 3063 3289 3116 enim
3324 3076 3453 3131 per-

1883 3153 2230 3209 suasumerit
2262 3168 2422 3222 posse
2454 3154 2711 3223 aliquem,
2741 3168 2849 3209 non
2872 3155 3179 3219 observatis
3198 3169 3294 3209 nec
3327 3169 3454 3224 per-

1797 3256 1839 3314 c
1874 3246 2033 3301 tectis
2077 3246 2299 3300 attentis
2332 3244 2562 3313 iustitia
2615 3246 2927 3315 praceptis,
2956 3246 3186 3300 salutem
3230 3247 3456 3300 omnino

1880 3353 2166 3392 COﬂSCGUI.

1949 3353 2044 3391 nse
2089 3353 2166 3391 ui.

1948 3428 2019 3482 At
2041 3353 2135 3482 διο
2164 3427 2441 3482 :Sabbata
2480 3442 2763 3498 peragere,
2792 3438 2848 3483 et
2877 3428 3192 3483 circumcidi
3224 3440 3277 3484 et
3303 3443 3455 3484 men-

1878 3536 1965 3577 ses
1986 3521 2303 3585 observare,
2336 3531 2390 3575 et
2421 3522 2589 3585 ablui,
2618 3523 2662 3577 si
2689 3523 2817 3591 quid
2844 3537 2870 3575 τι
2905 3520 3086 3591 Moyse
3116 3522 3450 3591 prohibitum

1878 3613 2149 3681 attigeris,
2176 3612 2270 3665 vel
2301 3621 2425 3681 post
2448 3613 2819 3667 concubitum.

1957 3788 2114 3863 152
2146 3790 2282 3845 Tum
2320 3806 2421 3861 ego
2459 3810 2473 3847 :
2503 3792 2805 3858 Abraham,
2847 3794 3091 3862 inquam,
3121 3801 3177 3848 et
3215 3792 3364 3847 Isaac
3395 3804 3448 3846 et

1876 3883 2043 3940 Jacob
2076 3897 2132 3941 et
2156 3884 2267 3939 Noe
2292 3896 2346 3941 et
2370 3884 2492 3953 Job,
2517 3896 2575 3941 et
2602 3890 2647 3941 si
2682 3890 2772 3956 qui
2799 3889 2893 3942 alii
2934 3896 3059 3943 ante
3089 3886 3173 3942 vel
3201 3898 3324 3956 post
3355 3902 3450 3941 eos

1870 3977 2001 4046 justi
2041 3977 2294 4032 similiter
2345 3978 2519 4041 fuere,
2552 3978 2741 4031 Saram
2786 3982 2908 4033 dico
2960 3994 3187 4032 uxorem
3217 3978 3450 4031 Abrahae

1875 4079 1927 4121 et
1960 4068 2260 4124 Rebeccam
2312 4068 2507 4135 lsaaci,
2533 4079 2588 4123 et
2642 4068 2936 4123 Rachelem
2978 4081 3139 4139 atque
3174 4067 3326 4123 Liam
3358 4065 3449 4121 Ju-

1874 4160 2021 4223 cobi.
2049 4160 2367 4228 etreliquas
2396 4160 2536 4215 alias
2575 4159 2874 4228 ejusmodi,
2922 4175 3099 4229 usque
3132 4160 3196 4213 ad
3223 4158 3445 4229 Moysis,

1876 4250 2049 4305 ﬁdelis
2090 4252 2235 4309 illius
2290 4252 2511 4317 famuli,
2570 4262 2836 4313 matrem,
2880 4266 3004 4305 cum
3056 4252 3188 4304 nihil
3243 4251 3438 4304 horum

1872 4344 2252 4409 custodierint,
2275 4362 2403 4401 num
2422 4345 2579 4399 vobis
2606 4345 2840 4399 salutem
2874 4345 3125 4397 videntur
3153 4342 3446 4411 adepturi?

1939 4527 2238 4597 Respondit
2260 4525 2507 4595 Trypho:
2533 4525 2648 4579 Non
2665 4524 3024 4579 circumcisus
3042 4532 3124 4578 est
3147 4523 3443 4588 Abraham,

1799 4595 1843 4651 θ
1872 4629 1926 4675 et
1964 4595 2066 4691 qui
2085 4626 2207 4689 post
2228 4632 2353 4673 eum
2377 4617 2561 4673 fuere?

1875 4745 1983 4789 tur.
2011 4752 2030 4786 ι
2066 4731 2200 4787 Vide
2238 4729 2514 4786 lulianum
2560 4731 2705 4803 apud
2761 4730 2951 4803 Cyrill.
2991 4730 3169 4795 Alex.,
3230 4733 3323 4787 lib.
3362 4747 3440 4798 tx,

1870 4804 2153 4947 Ἃ
2176 4871 2456 4947 δυνατόν.
2491 4871 2567 4926 ita
2600 4873 2771 4947 codex
2802 4871 3040 4927 Clarom.
3078 4872 3215 4947 Editi
3240 4872 3442 4947 ἀδύνα-

1870 4942 2131 5027 ταμίη
2163 4957 2265 4995 vox
2306 4944 2629 5013 interpretes
2678 4944 2731 4996 in
2781 4957 3031 5010 magnum
3071 4942 3439 5001 dillicultatem

1875 5023 2208 5084 conjecerat.

1936 5078 2045 5158 (99)
2086 5084 2161 5137 Τὰ
2189 5081 2397 5137 aldina
2424 5080 2806 5158 δικαιώματα.
2817 5078 2889 5158 Δ1ι1
2918 5091 3023 5147 eet,
3054 5082 3260 5158 ridebis
3284 5084 3437 5138 salu-

1833 5198 1838 5205 .
1868 5152 1977 5212 tem
2010 5152 2268 5211 aeternam
2304 5170 2409 5208 non
2431 5155 2744 5208 observatis
2774 5152 2881 5205 illis
2912 5153 3205 5217 mandans,
3234 5170 3355 5222 quae
3381 5166 3437 5209 tu

1863 5237 2067 5283 aeterna
2093 5240 2214 5302 esse
2244 5240 2307 5279 ac
2341 5239 2619 5302 nunquam
2641 5223 3100 5302 praetermittenda
3125 5227 3436 5302 existimas,

1865 5297 2172 5366 comparari
2206 5310 2397 5363 posse;
2428 5294 2631 5366 quippe
2653 5308 2775 5347 cum
2807 5307 2907 5366 nec
2936 5294 3438 5366 circumcisionem,

1866 5380 1925 5421 ut
1954 5362 2117 5438 paulo
2138 5362 2258 5433 post
2281 5362 2476 5434 probat
2506 5362 2773 5427 Justinus,
2804 5365 2841 5417 ii
2880 5365 2971 5430 qui
3008 5375 3135 5417 aute
3158 5366 3435 5419 Abraham

1862 5436 2106 5491 fuerunt.
2136 5451 2236 5491 nec
2270 5446 2465 5491 caetera
2502 5436 2751 5489 instituta
2793 5435 2908 5491 inse
2943 5436 3246 5491 Abraham.
3289 5438 3437 5491 eius-

1862 5450 2106 5500 tuerunt,
2136 5451 2236 5491 nec
2270 5450 2465 5491 cetera
2502 5450 2751 5489 instituta
2793 5450 2908 5503 ipse
2943 5450 3246 5501 noranam,
3289 5450 3339 5504 ε)

1862 5525 1969 5579 que
1995 5521 2164 5579 usque
2192 5508 2257 5560 ad
2297 5506 2530 5579 Moysem
2554 5504 2758 5579 posteri
2786 5506 3199 5579 obseryayerint
3233 5576 3242 5579 _

1935 5580 2010 5650 (1)
2060 5578 2153 5650 Ἐν
2178 5576 2499 5650 συκρυᾳίᾳ.
2522 5578 2751 5650 Codices
2787 5589 2917 5650 mss.
2944 5574 3144 5650 habent
3166 5576 3245 5650 ad
3287 5592 3435 5632 mar-

1866 5642 2049 5721 ginem
2082 5649 2140 5699 ὲν
2173 5642 2347 5721 quoii}.
2386 5644 2462 5698 Ita
2483 5655 2537 5721 et
2571 5647 2639 5721 ll.
2669 5647 2977 5721 Stephanus
3008 5646 3073 5697 ad
3098 5644 3322 5721 calcem.

1934 5721 2009 5792 (2)
2044 5714 2456 5792 Φυλάξακτας.
2513 5715 2670 5792 Legit
2721 5716 3023 5792 "l'hirlbius
3076 5714 3430 5792 φυλάξαντες.

1860 5784 2033 5847 Paulo
2059 5800 2179 5863 post
2214 5790 2501 5859 legendum
2528 5784 2740 5843 videtur
2767 5784 3094 5853 ἐξετάσομεν
3128 5788 3218 5841 τὸν
3250 5787 3429 5856 λόγον.
