4108 6428
693 347 799 403 579

1633 347 1690 405 S.
1729 347 1991 404 JL'STINI
2020 349 2430 407 PHILOSOPHI
2465 349 2554 406 ET
2581 350 2944 407 MARTYRIS

3857 360 3972 416 580

689 466 829 533 ejus,
880 453 1336 533 quemadmodum
1395 479 1491 534 per
1540 463 1880 521 Ezechielem
1921 468 2159 522 declarat
2193 467 2266 531 ⁸⁸,

2376 469 2612 538 ἄμετρον
2634 469 2726 522 τοῦ
2762 468 2990 524 πλούτου
3013 468 3179 522 αύτοῦ
3216 470 3306 523 τὸν
3331 470 3697 542 μετανοοῦντα
3725 474 3830 526 ἀπὸ
3853 475 3972 527 τῶν

689 558 919 630 perinde
955 575 1016 611 ac
1041 559 1248 624 justum
1281 568 1335 612 et
1382 552 1606 627 peccato
1641 570 1918 615 carentem
1953 560 2148 626 habet;
2178 563 2269 630 qui

693 659 876 704 autem
909 666 934 701 a
982 652 1180 718 pietate
1215 660 1267 704 et
1295 650 1517 719 justitize
1541 653 1922 707 observatione
1955 654 2019 706 ad
2057 653 2271 721 injusti-

689 743 820 795 tiam
862 753 914 794 et
965 743 1296 808 impii-tatem
1331 742 1640 806 delabitur,
1672 759 1794 797 eum
1841 755 1898 797 ut
1929 754 2267 814 peecatorem

689 845 744 887 et
779 835 1035 900 iniustum
1074 845 1128 887 et
1161 836 1380 902 impium
1412 845 1686 888 numerat.
1715 838 2056 904 Quapropter
2090 835 2272 890 Domi-

694 942 797 979 nns
849 937 1032 981 noster
1063 925 1224 980 Jesus
1258 925 1512 980 Christus
1561 927 1734 982 dixit:
1771 947 1788 978 ι
1841 927 1897 982 Ιιι
1945 927 2139 998 quibus
2173 943 2270 982 vos

691 1021 1120 1088 deprehendero,
1153 1021 1205 1072 in
1241 1020 1326 1074 his
1351 1018 1706 1088 etjudicabo.
1748 1039 1766 1072 ι

761 1135 849 1188 68.
886 1136 1177 1202 Antequam
1215 1135 1394 1203 probet
1421 1134 1748 1189 divinitatem
1781 1133 2003 1200 Christi,
2038 1136 2268 1204 postulat

688 1237 744 1280 ut
768 1227 932 1295 ﬁxum
958 1237 1166 1279 maneat
1196 1243 1314 1278 cum
1339 1242 1448 1280 esse
1481 1225 1766 1278 Christum.
1795 1257 1864 1266 —
1895 1226 1992 1281 llic
2011 1227 2266 1299 Trypho:

689 1321 754 1375 Et
782 1322 866 1375 his
894 1321 958 1373 de
993 1323 1154 1374 rebus
1184 1321 1315 1388 quid
1345 1321 1598 1381 sentires,
1635 1322 1964 1376 audivimus.
1999 1321 2271 1392 Repetens

687 1415 854 1482 igitur
892 1429 1233 1477 sermonem,
1288 1414 1341 1465 in
1378 1428 1485 1481 quo
1536 1414 1800 1479 desieras,
1849 1415 2085 1470 absolve.
2129 1415 2268 1472 Nam

686 1505 954 1559 mirabilis
996 1505 1215 1570 quidam
1267 1503 1398 1555 mihi
1433 1504 1669 1564 videtur,
1703 1515 1754 1557 et
1786 1503 1876 1570 qui
1919 1518 2142 1572 prorsus
2172 1509 2266 1562 de-

687 1595 979 1650 monstrari
1016 1610 1122 1647 non
1163 1594 1355 1662 possit.
1391 1592 1543 1658 Quod
1583 1593 1728 1646 enim
1763 1594 1844 1646 ais
1873 1597 2268 1662 prmexstitisse

688 1690 853 1744 Deum
877 1685 1037 1758 lu
1060 1699 1185 1740 ante
1223 1688 1417 1739 seacula
1456 1687 1599 1738 hunc
1635 1685 1935 1752 Christum,
1974 1703 2037 1742 ac
2074 1689 2269 1743 deinde

684 1785 852 1835 etiam
891 1781 1043 1834 nasci
1083 1781 1356 1834 hominem
1397 1778 1598 1832 factum
1636 1781 1999 1844 sustinuisse,
2037 1797 2137 1836 nec
2173 1783 2268 1836 ho-

2374 559 2814 630 ἁμαρτημάτων,
2861 559 2935 624 ὡς
2975 560 3040 612 δι’
3081 558 3342 632 ἰεζεκιὴλ
3393 562 3608 632 μηνύει,
3647 564 3722 626 ὡς
3756 564 3969 618 δίκαιον

2373 651 2466 704 καὶ
2501 653 2884 723 ἀναμάρτητον
2919 653 3030 722 ἔχει
3053 670 3065 683 ·
3104 655 3198 707 καὶ
3243 654 3335 706 τὸν
3364 656 3472 710 ἀπὸ
3506 657 3790 720 εὐσεϐείας
3822 660 3850 729 ἦ
3887 660 3969 712 δι-

2373 744 2734 815 καιοπραξῐας
2772 746 3025 815 μετατιθέ
3037 764 3194 816 μενον
3211 747 3302 801 ἐπὶ
3327 750 3541 803 ἀδικίαν
3566 750 3660 804 καὶ
3695 752 3962 823 ἀθεότητα

2371 834 2446 898 ὡς
2477 836 2802 907 ἁμαρτωλὸν
2843 837 2936 889 καὶ
2972 837 3156 891 ἄδικον
3190 839 3285 892 καὶ
3320 840 3493 911 ἀσεϐῆ
3530 842 3834 897 ἐπίσταται.
3871 845 3966 895 Διὸ

2371 928 2466 981 καὶ
2498 930 2526 980 6
2556 927 2827 999 ἡμέτερος
2858 929 3062 1000 Κύριος
3099 930 3306 1000 Ἰησοῦς
3338 932 3570 1001 Χριστὸς
3600 930 3781 986 εἶπενο
3822 955 3838 985 ι
3871 936 3966 988 Ἐν

2369 1015 2450 1084 οἷς
2480 1020 2546 1074 ἂν
2569 1022 2714 1090 ὑμᾶς
2751 1022 2821 1090 (8)
2849 1021 3154 1085 καταλάϐω,
3191 1025 3250 1074 ὲν
3283 1023 3487 1087 ¹ιιούτοις
3513 1024 3608 1078 καὶ
3631 1027 3819 1098 κρινῶ.
3864 1047 3882 1079 ι

2445 1135 2533 1190 48.
2568 1136 2679 1190 Καὶ
2725 1139 2753 1190 6
2797 1135 3054 1208 Τρύφωνι
3083 1135 3192 1189 Καὶ
3223 1137 3349 1208 περὶ
3381 1137 3581 1192 τούτων
3617 1138 3718 1192 ὅσα
3750 1143 3968 1211 φρονεῖς

2379 1229 2723 1302 ἀκηκόαμεν,
2779 1224 2948 1282 εἶπεν.
2994 1228 3306 1283 Ἃναλαὸὼν
3358 1227 3452 1284 οὖν
3505 1231 3594 1285 τὸν
3634 1232 3791 1300 λόγον
3841 1234 3972 1287 ὅθεν

2372 1325 2616 1385 ἐπαύσω,
2653 1320 2908 1392 πέραινε”
2947 1320 3250 1392 παράδοξός
3297 1339 3381 1386 τις
3426 1322 3532 1395 γάρ
3579 1341 3706 1377 ποτε
3743 1325 3818 1396 (9)
3869 1328 3967 1379 καὶ

2374 1417 2448 1488 μὴ
2479 1415 2776 1484 δυνάμενος
2804 1413 2941 1476 ὅλως
2971 1411 3358 1483 ἀποδειχθῆναι
3391 1413 3536 1468 δοκεῖ
3573 1433 3662 1486 μοι
3697 1412 3858 1471 εἶναι.
3891 1417 3967 1472 Τὸ

2370 1514 2477 1584 γὰρ
2507 1511 2687 1577 λέγειν
2731 1525 2791 1560 σε
2841 1508 3216 1581 προῦπάρχειν
3261 1507 3394 1562 Θεὸν
3428 1510 3555 1563 ὄντα
3602 1511 3708 1582 πρὸ
3750 1511 3968 1566 αἰώνων

2369 1604 2556 1656 τοῦτον
2606 1600 2696 1654 τὸν
2729 1600 2986 1672 Χριστὸν,
3018 1595 3137 1654 εἶτα
3172 1600 3267 1654 καὶ
3307 1602 3628 1673 γεννηθῆναι
3672 1602 3962 1677 ἄνθρωπον

2369 1695 2666 1766 γενόμενον
2695 1695 3004 1765 ὑπομεῖναι,
3024 1691 3120 1744 καὶ
3145 1691 3226 1745 ὅτι
3253 1693 3352 1746 οὐκ
3372 1694 3653 1766 ἄνθρωπος
3678 1693 3737 1759 ἐξ
3757 1694 3966 1766 ἀνθρὼ-

2370 1808 2493 1854 που,
2529 1790 2590 1844 ού
2611 1791 2774 1861 μόνον
2823 1787 3128 1859 παράδοξον
3159 1786 3308 1842 δοκεῖ
3348 1806 3439 1859 μοι
3491 1782 3651 1847 εἶναι.
3695 1789 3832 1843 ἀλλὰ
3867 1789 3966 1842 καὶ

686 1876 888 1931 minem
923 1891 989 1929 ex
1031 1876 1353 1929 hominibus
1401 1889 1543 1940 esse,
1595 1875 1646 1929 id
1701 1893 1804 1930 non
1843 1878 2018 1932 solum
2053 1881 2121 1932 ab
2155 1879 2271 1947 opi-
2302 1873 2344 1923 υ
2375 1884 2582 1953 μωρόν.

686 1969 847 2022 nione
882 1970 1190 2024 abhorrens
1227 1969 1357 2022 mihi
1395 1967 1646 2029 videtur,
1682 1967 1776 2021 sed
1813 1969 1980 2022 etiam
2015 1971 2264 2025 stultum.

755 2083 835 2136 Ad
871 2083 985 2136 hzec
1017 2097 1147 2151 ego:
1187 2081 1347 2147 Scio,
1386 2081 1640 2149 inquam,
1681 2082 1822 2136 hanc
1859 2083 2162 2137 doctrinam
2198 2083 2265 2138 ab

687 2177 944 2246 opinione
981 2175 1366 2227 abhorrentem
1405 2173 1597 2235 videri,
1633 2175 1935 2243 praesertim
1973 2174 2139 2229 vestri
2175 2191 2266 2245 ge-

686 2271 836 2324 neris
871 2267 1207 2331 hominibus,
1246 2268 1338 2335 qui
1375 2281 1497 2334 quae
1535 2266 1627 2319 Dei
1664 2277 1793 2320 sunt
1827 2281 1929 2322 nec
1963 2267 2264 2336 intelligere

685 2379 783 2416 nec
819 2361 999 2414 facere
1033 2374 1270 2429 unquam
1309 2358 1696 2421 voluistis,sed
1729 2374 1848 2426 quae
1885 2359 2262 2427 magistrorum

685 2463 1009 2516 vestrorum,
1057 2451 1514 2522 quemadmodum
1568 2453 1680 2519 ipse
1744 2451 1887 2504 Deus
1936 2452 2137 2504 clamat
2193 2450 2257 2504 ³¹⁹.

687 2547 792 2600 Sed
844 2556 1046 2608 tamen,
1095 2543 1336 2614 Trypho,
1388 2557 1730 2612 nequaquam
1781 2542 2000 2596 irritum
2035 2553 2085 2595 et
2123 2540 2267 2596 infen

683 2649 831 2691 ctum
868 2638 975 2691 erit
1009 2637 1151 2707 quod
1189 2635 1606 2698 demonstravi,
1643 2640 1788 2688 hunc
1823 2647 1944 2687 esse
1987 2633 2260 2686 Christum

685 2728 801 2793 Dei,
840 2729 883 2781 si
921 2730 1296 2782 demonstrare
1333 2743 1440 2780 non
1497 2725 1701 2795 possim
1740 2725 1890 2778 illum
1925 2725 2090 2778 etiam
2125 2738 2263 2791 prm-

684 2821 966 2876 exstitisse
989 2819 1186 2873 Filium
1216 2819 1494 2873 Creatoris
1529 2818 1926 2878 universorum,
1964 2815 2130 2870 Deum
2165 2830 2261 2869 ex-

683 2916 988 2976 sistentem,
1035 2921 1090 2965 et
1135 2912 1413 2965 hominem
1463 2925 1528 2964 ex
1570 2909 1790 2978 Virgine
1843 2909 2082 2979 genitum
2119 2921 2258 2961 esse.

684 3005 791 3060 Sed
814 3019 938 3058 cum
973 3003 1195 3057 omnino
1227 3001 1662 3055 demonstratum
1693 3002 1762 3055 sit
1791 3002 1934 3054 hunc
1967 3015 2087 3054 esse
2103 2999 2261 3054 Chri-

685 3109 830 3151 stum
871 3097 985 3160 Dei,
1023 3094 1418 3162 qualiscunque
1453 3093 1540 3147 ille
1577 3094 1684 3158 sit;
1737 3094 1780 3146 si
1820 3093 2002 3146 minus
2036 3092 2260 3146 demon-

2437 2077 2609 2146 Κάγὼ
2641 2080 2776 2150 πρὸς
2809 2078 2982 2134 ταῦτα
3018 2078 3185 2150 ἔφην’
3229 2074 3339 2134 οῐδ⁹
3376 2081 3458 2134 ὅτι
3493 2078 3792 2152 παράδοξος
3819 2078 3850 2131 6
3885 2077 3974 2132 λό-

2365 2188 2461 2238 γος
2499 2171 2648 2224 δοκεῖ
2679 2167 2838 2237 εἶναι,
2886 2173 2981 2227 καὶ
3031 2173 3266 2244 μάλιστα
3323 2176 3435 2238 τοῖς
3478 2174 3586 2229 ἀπὸ
3639 2171 3731 2227 τοῦ
3769 2172 3967 2241 γένους

2366 2265 2540 2338 ὑμῶν,
2578 2266 2772 2329 οἵτινες
2805 2266 2873 2320 τὰ
2904 2266 2995 2320 τοῦ
3032 2265 3167 2318 Θεοῦ
3211 2264 3333 2318 οὗτε
3367 2264 3554 2335 νοῆσαι
3586 2263 3708 2317 οὔτε
3736 2263 3970 2333 ποιῆσαί

2365 2373 2496 2410 ποτε
2535 2357 2883 2430 βεϐούλησθε,
2920 2358 3054 2428 ἀλλὰ
3087 2359 3154 2412 τὰ
3189 2358 3294 2412 τῶν
3315 2358 3645 2412 διδασκάλων
3675 2355 3852 2427 ὑμῶν,
3889 2356 3971 2418 ὡς

2363 2450 2524 2512 αύτὸς
2545 2452 2572 2502 6
2592 2449 2723 2513 Θεὸς
2758 2450 2872 2522 βοᾷ.
2909 2451 3044 2520 Ἤδη
3079 2451 3284 2521 μέντοι,
3308 2444 3353 2506 ὦ
3384 2450 3636 2522 Τρύφων,
3661 2444 3834 2511 εἷπον,
3862 2450 3970 2502 οὐκ

2362 2544 2666 2598 ἀπόλλυται
2705 2543 2765 2596 τὸ
2804 2543 3043 2597 τοιοῦτον
3080 2543 3189 2614 (10)
3225 2538 3365 2597 εἶναι
3405 2543 3638 2614 Χριστὸν
3674 2541 3763 2594 τοῦ
3799 2541 3969 2605 Θεοῦ,

2363 2637 2456 2690 ἐὰν
2490 2635 2768 2701 ἀποδεῖξαι
2802 2636 2875 2707 μὴ
2909 2636 3157 2708 δύνωμαι
3193 2637 3274 2692 ὅτι
3310 2635 3404 2691 καὶ
3439 2636 3793 2707 προῦπῆρχεν
3828 2633 3968 2697 Υἱὸς

2364 2729 2457 2782 τοῦ
2488 2727 2718 2797 Ποιητοῦ
2757 2727 2863 2782 τῶν
2896 2728 3057 2791 ὅλων,
3103 2729 3234 2792 Θεὸς
3279 2725 3377 2792 ὢν,
3407 2727 3500 2781 καὶ
3523 2727 3848 2797 γεγέννηται
3880 2725 3975 2779 ἄν·

2363 2819 2579 2890 θρωπος
2612 2818 2699 2872 διὰ
2735 2821 2831 2890 τῆς
2865 2819 3166 2890 Παρθένου.
3205 2819 3365 2873 Ἀλλὰ
3409 2822 3473 2872 ὲκ
3513 2820 3716 2883 παντὸς
3750 2819 3972 2872 ἀποδει-

2361 2931 2461 2964 xw
2471 2913 2654 2983 μένου,
2679 2912 2760 2964 ὅτι
2791 2906 2944 2974 οὗτός
2967 2915 3116 2965 ἐστιν
3139 2916 3166 2967 6
3186 2914 3416 2986 Χριστὸς
3450 2916 3478 2966 6
3501 2913 3592 2966 τοῦ
3617 2912 3775 2978 Θεοῦ,
3812 2913 3970 2976 ὅστις

2360 3001 2514 3070 οὗτος
2549 3008 2722 3071 ἔσται,
2761 3009 2856 3062 ἐὰν
2897 3010 2953 3061 δὲ
2990 3010 3064 3080 μὴ
3101 3009 3441 3063 ἀποδεικνύω
3482 3007 3596 3079 (Η)
3634 3009 3717 3061 ὅτι
3757 3013 3972 3080 προῦπ-

2361 3101 2498 3172 ἦρχε
2527 3141 2541 3164 ,
2589 3101 2685 3153 καὶ
2735 3101 3060 3171 γεννηθῆναι
3109 3101 3392 3174 ἄνθρωπος
3416 3100 3751 3172 ὁμοιοπαθὴς
3802 3103 3965 3171 ἡμῖν,

687 3195 934 3242 stravero
982 3185 1376 3255 pricexstitisse
1411 3195 1465 3238 et
1501 3185 1773 3240 hominem
1825 3185 2259 3255 perpessionibns

2368 3194 2542 3264 σάρκα
2576 3193 2734 3262 ἔχων,
2790 3193 2929 3246 κατὰ
2973 3193 3069 3264 τὴν
3106 3193 3196 3246 τοῦ
3235 3194 3448 3264 Πατρὸς
3502 3193 3699 3263 βουλὴν
3734 3193 3974 3264 ὑπέμειο

687 3281 893 3336 nostris
923 3281 1248 3342 obnoxium,
1283 3287 1336 3332 et
1372 3293 1592 3331 carnem
1643 3279 1928 3332 habentem
1966 3278 2134 3340 nasci,
2171 3293 2258 3330 se-

2368 3256 2477 3347 νεν,
2515 3287 2570 3337 ὲν
2606 3256 2780 3355 τούτῳ
2816 3256 3193 3355 ππλανῆσθαί
3225 3301 3290 3356 με
3325 3256 3700 3356 μόνον’λέγειν
3733 3256 3968 3346 δίκαιον,

683 3372 918 3426 cundum
957 3370 1132 3424 Patris
1166 3370 1502 3424 voluntatem
1538 3370 1895 3435 sustinuisse;
1920 3371 1970 3423 in
2009 3373 2111 3424 hoc
2146 3381 2263 3422 tan-

684 3475 800 3521 tum
835 3481 1049 3534 aequum
1089 3463 1255 3518 fuerit
1291 3481 1377 3518 me
1411 3478 1626 3517 errasse
1679 3465 1885 3526 dicere,
1923 3477 2260 3532 nequaquam

684 3567 869 3612 autem
912 3572 1111 3625 negare
1144 3571 1268 3610 eum
1317 3555 1596 3610 Christum
1648 3557 2057 3620 esse,'etiamsi
2100 3556 2262 3610 homo

683 3668 754 3709 ex
785 3651 1101 3707 hominibus
1135 3651 1350 3719 genitus
1381 3650 1656 3716 videatur,
1695 3663 1792 3703 nec
1825 3650 2119 3720 quidquam
2150 3666 2265 3705 atu-

760 3853 807 3887 ³⁶
836 3854 1032 3910 Ezecb.
1067 3852 1482 3921 “simil-20.
1573 3852 1619 3885 ”
1645 3852 1750 3907 lsa.
1781 3867 1934 3916 uix,
1970 3851 2048 3909 15.

759 4033 836 4102 (8)
888 4032 993 4086 Ἐν
1026 4027 1118 4097 οἷς
1157 4028 1233 4084 ἂν
1262 4029 1463 4102 ,ὑμᾶς-,ί
1505 4029 1655 4084 Hanc
1692 4028 2053 4102 sententiam,
2104 4042 2266 4102 qnam

687 4098 932 4160 nonnulli
969 4098 1328 4156 ecclesiastici
1361 4101 1659 4171 scriptores
1692 4098 1800 4152 Deo
1849 4113 1946 4171 per
1977 4101 2269 4171 propheta-

687 4190 808 4228 tum
843 4175 1082 4241 aliquem
1119 4169 1726 4241 loquentiatt'ribuunt,
1760 4184 1826 4222 ex
1867 4169 2159 4236 Evangelia
2181 4184 2268 4222 se-

687 4240 1222 4298 cundum’llebrteos
1255 4257 1284 4293 a
1319 4240 1532 4294 Justino
1569 4249 1944 4310 ueproniptam
1981 4241 2263 4294 existimat

683 4313 945 4376 Granius,
974 4311 1226 4380 Spiciteg.
1249 4321 1402 4365 .tom.
1432 4311 1473 4374 Ι,
1510 4325 1566 4378 p.
1602 4312 1692 4364 ιι.

760 4384 836 4455 (9)
867 4379 1211 4451 Παράὸοεόζ-
1242 4398 1331 4455 τις
1346 4380 1456 4451 γάρ
1477 4395 1641 4455 ποτε,
1674 4381 1960 4455 Redundat
1988 4391 2266 4455 postrema
2299 4408 2312 4419 -

687 4452 793 4511 vos
820 4452 885 4509 et
920 4463 1105 4524 vacat,
1141 4454 1500 4524 nechvidetur
1537 4452 1848 4507 collocanda
1895 4463 2014 4520 post
2045 4453 2273 4524 δυνάμε-

688 4543 802 4588 νος,
839 4535 900 4578 ιιι
933 4523 1139 4594 placuit
1170 4522 1482 4594 Sylburgio.

763 4597 877 4664 (10)
918 4591 1545 4664 Τοιοῦτονζιλθεθιιιιιιῐη
1573 4591 1779 4658 τοῦτον,
1806 4595 1957 4664 quod
1989 4594 2117 4647 olim
2153 4609 2267 4648 mo-

688 4663 812 4725 nuit
853 4663 934 4718 vir
967 4679 1193 4733 magnus
1241 4663 1392 4730 Hngo
1426 4663 1648 4718 Grotius
1693 4668 1760 4717 ad
1792 4663 2126 4727 Luc.’utu,
2174 4665 2267 4728 55,

687 4749 743 4794 et
775 4751 946 4804 nuper
968 4734 1314 4788 doctissimus
1337 4733 1520 4786 Bullus
1546 4735 1600 4789 in
1627 4733 1842 4788 Iudicio
1870 4735 2072 4789 Ecclcs.
2097 4733 2266 4799 ωτι,

731 4849 747 4864 .
780 4808 870 4862 69.
905 4805 1123 4871 Langus
1158 4806 1319 4857 etiam
1352 4805 1545 4870 vertit,
1586 4823 1605 4856 ι
1658 4807 1934 4861 Christum
1971 4807 2112 4859 hunc
2145 4819 2267 4860 esse

677 4877 808 4934 "Dei.
846 4896 864 4929 ι
891 4877 1204 4930 Tutacatus.

760 4950 875 5018 (Η)
907 4948 1049 5000 Ἐὰν
1069 4944 1138 5018 δὲ
1154 4944 1242 5018 μὴ
1269 4944 1660 5018 ἀποδεικνύει.
1692 4945 1978 5018 Redundat
2009 4948 2112 5018 hoc
2145 4947 2267 5000 loco

693 5016 825 5078 illud
859 5018 939 5082 δέ,
977 5027 1035 5070 ιιι
1072 5017 1228 5070 initio
1277 5016 1434 5086 Apol.
1463 5031 1500 5083 t,
1538 5028 1594 5071 et
1627 5033 1766 5086 saepe
1811 5016 1968 5072 alias.
2021 5016 2132 5071 Hac
2167 5033 2266 5068 au-

695 5103 803 5146 tem
839 5088 1176 5159 praefatione,
1212 5100 1377 5156 quam
1411 5085 1654 5142 Justinus
1677 5085 1878 5142 futuras
1912 5086 2266 5157 disputationi

693 5158 1001 5232 praemittit,
1039 5158 1234 5232 mirum
1275 5161 1327 5232 in
1370 5159 1588 5232 modum
1621 5160 1776 5212 abusi
1806 5167 1934 5232 sunt
1972 5169 2028 5212 et
2052 5173 2268 5232 remon-

694 5227 936 5286 strautes
971 5231 1023 5282 in
1043 5243 1160 5299 _sua
1197 5228 1452 5296 Apologia
1480 5231 1738 5299 adversus
1762 5227 2101 5296 professores
2131 5228 2269 5299 Ley-

695 5299 916 5360 denses,
959 5314 1011 5352 et
1041 5297 1360 5368 Episcopius
1395 5301 1445 5352 in
1483 5298 1727 5367 pluribus
1770 5303 1837 5354 ad
1875 5298 2034 5368 hujus
2067 5297 2268 5368 Apolo-

729 5376 797 5425 ιω
840 5369 1209 5423 defensionem
1271 5369 1799 5434 elucubratinnibus,
1849 5380 1904 5422 et
1951 5372 2101 5423 multi
2150 5369 2267 5423 alii.

710 5443 1041 5496 Contendant
1075 5439 1350 5493 Justinum
1393 5441 1497 5494 hoc
1534 5450 1743 5494 tantum
1777 5456 1806 5493 a
1837 5439 2061 5502 ludatis,
2098 5450 2155 5494 ut
2178 5439 2268 5495 Je-

697 5529 818 5566 sum
854 5511 1079 5565 credant
1116 5525 1237 5564 esse
1269 5510 1570 5573 Christum,
1623 5511 1757 5564 nihil
1791 5510 2022 5582 amplius
2056 5523 2262 5581 petere,

697 5594 752 5637 et
792 5583 993 5636 idcirco
1035 5585 1101 5635 ad
1137 5582 1458 5634 imitandum
1495 5583 1576 5636 eis
1619 5595 1921 5650 proponere
1959 5582 2265 5650 exemplum

700 5653 1081 5709 nonnullorum
1127 5651 1595 5714 Christianorum,
1654 5655 1744 5719 qui
1787 5658 2038 5720 quamvis
2081 5654 2267 5707 Jesum

701 5733 963 5795 negarent
1017 5723 1206 5787 Deum,
1245 5723 1532 5795 Christum
1580 5732 1759 5795 tamen
1811 5737 1926 5795 non,
1970 5725 2264 5795 negabant.

699 5794 845 5850 Nihil
878 5796 1170 5850 absurdius
1202 5793 1288 5850 his
1327 5793 1859 5851 ratiocinationibus.
1897 5794 2030 5852 Cum
2048 5793 2267 5851 'metne-

2367 3379 2503 3432 ἀλλὰ
2553 3378 2627 3449 μὴ
2677 3377 2961 3450 ἀρνεῖσθαι
3007 3379 3089 3430 ὅτι
3125 3370 3280 3441 οὗτός
3309 3380 3455 3430 ἐστιν
3498 3380 3526 3432 6
3566 3378 3820 3449 Χριστὸς,
3865 3377 3970 3429 ἐὰν

2369 3471 2630 3540 φαίνηται
2662 3469 2738 3534 ὡς
2772 3470 3058 3541 ἄνθρωπος
3093 3471 3150 3537 ἐξ
3195 3469 3497 3542 ἀνθρώπων
3527 3470 3830 3542 γεννηθεὶς,
3868 3469 3971 3525 καὶ

2372 3563 2572 3633 ἐκλογὴ
2598 3563 2891 3633 γενόμενος
2928 3565 3006 3627 εἰς
3037 3563 3128 3615 τὸν
3161 3563 3393 3634 Χριστὸν
3428 3558 3566 3616 εἶναι
3603 3563 3712 3632 (ιῖ)
3747 3565 3972 3618 ἀποδει-

2374 3654 2625 3724 κνύηται.
2659 3655 2770 3708 Καὶ
2807 3654 2914 3724 γάρ
2971 3653 3078 3706 εἰσί
3130 3670 3303 3722 τινες,
3340 3647 3385 3708 ὦ
3421 3655 3583 3725 φίλοι,
3620 3655 3823 3724 ἔλεγον,
3855 3655 3973 3709 ἀπὸ

2379 4035 2462 4080 ret
2496 4025 2742 4081 Justinus
2767 4039 2834 4081 ne
2863 4023 2968 4080 sibi
3003 4022 3316 4080 elaberetur
3346 4023 3671 4082 inconstans
3693 4033 3747 4079 et
3777 4023 3967 4093 fngiti-

2376 4113 2475 4152 vus
2493 4095 2800 4166 Tryphonis
2817 4096 3058 4166 animus,
3077 4093 3181 4149 hac
3204 4110 3327 4166 eum
3346 4095 3718 4151 admonitione
3741 4105 3795 4153 et
3823 4098 3963 4166 lege,

2375 4167 2543 4222 veluti
2574 4165 2822 4236 quodam
2859 4165 3023 4230 nodo,
3056 4165 3434 4236 constringere
3477 4176 3732 4236 conatur,
3771 4175 3830 4219 ut
3864 4165 3958 4221 as-

2377 4233 2619 4292 sensum'
2645 4252 2800 4291 suum
2843 4236 2938 4300 iis,
2967 4250 3090 4305 qua:
3129 4233 3242 4303 jam
3291 4233 3567 4306 disputata
3617 4235 3860 4299 fuerant.
3896 4254 3967 4296 ne

2376 4310 2650 4372 retrahat,
2695 4306 2913 4361 etiamsi
2962 4306 3143 4360 minus
3183 4308 3518 4361 assentiatur
3549 4308 3613 4361 iis
3654 4322 3773 4374 qua:
3807 4307 3968 4362 dein-

2376 4394 2505 4446 ceps
2557 4380 2920 4434 disserentur.
2956 4375 3104 4432 Idem
3154 4390 3288 4446 ergo
3323 4375 3453 4429 facit
3496 4375 3777 4441 Justinus,
3813 4379 3962 4440 quod

2376 4447 2550 4504 solers
2580 4457 2637 4501 et
2667 4448 2906 4516 prudens
2931 4447 3160 4515 quisque
3193 4447 3528 4516 disputator;
3572 4463 3671 4503 nec
3705 4463 3768 4501 ea
3803 4450 3963 4517 parvi

2301 4509 2346 4566 D
2375 4519 2561 4589 pendit
2591 4509 2712 4588 quia
2735 4519 2916 4571 dicere
2935 4509 3197 4589 parabat,
3227 4509 3320 4572 sed
3346 4509 3592 4573 curat-ut
3619 4520 3670 4573 in
3703 4509 3820 4572 tuto
3847 4530 3962 4589 sint

2370 4587 2494 4658 qua:
2517 4587 2629 4658 jam
2655 4589 2892 4659 dixerat.
2931 4587 3136 4659 horum,
3163 4599 3344 4659 autem
3380 4590 3716 4659 exemplum,
3741 4591 3837 4656 qui
3863 4588 3961 4644 Je-

2371 4656 2491 4714 sum
2523 4656 2802 4728 negabant
2826 4656 3019 4720 Deum,
3047 4657 3444 4713 sed-Christum
3471 4656 3594 4714 esée
3617 4660 3958 4726 fatebantur,

2371 4745 2479 4784 non
2512 4743 2576 4783 eo
2604 4738 2848 4799 spectat,
2869 4737 2927 4780 ut
2963 4728 3318 4799 detestabiles
3357 4729 3598 4785 haeretici
3638 4728 3958 4798 probentur,

2369 4803 2464 4855 sed
2489 4810 2548 4854 ut
2569 4796 2786 4856 constet
2821 4796 3007 4853 Jesum
3039 4813 3160 4870 esse
3183 4797 3485 4864 Christum,
3520 4796 3650 4854 cum
3678 4801 3732 4855 id
3762 4814 3962 4870 negare

2373 4885 2481 4925 non
2518 4871 2781 4931 audeant,
2816 4870 2908 4939 qui
2946 4868 3256 4940 certissima
3294 4885 3526 4939 quaeque
3560 4880 3780 4940 negant.
3820 4868 3959 4926 lVotu

2370 4941 2627 4996 omnibus
2656 4937 3018 5010 scripturibus
3053 4941 3165 4994 hair.
3198 4937 3511 5010 disputandi
3549 4937 3709 4996 ratio.
3742 4941 3836 4994 διο
3857 4941 3964 4996 No-

2372 5012 2630 5065 vatianus
2664 5014 2747 5080 (ut
2791 5011 2926 5065 alios
2963 5011 3233 5078 omittam)
3265 5011 3534 5065 Ebionitis
3561 5022 3615 5065 et
3647 5013 3960 5065 Artemoni-

2371 5084 2442 5137 tis
2466 5083 2656 5151 objicit
2687 5080 2995 5151 exemplum
3033 5081 3266 5134 aliorum
3305 5082 3715 5142 haereticorum,
3750 5084 3844 5150 qui
3875 5099 3958 5133 ve-

2372 5153 2553 5208 ritatis
2590 5153 2709 5207 luce
2744 5151 3360 5223 perculsirdivinitatem
3399 5151 3605 5206 Christi
3649 5168 3758 5205 non
3786 5167 3955 5223 nega-

2371 5224 2522 5286 bant,
2561 5224 2810 5292 quamvis
2846 5223 2898 5274 in
2941 5221 3079 5275 alios
3120 5237 3340 5277 errores
3376 5224 3746 5290 nequissimos
3782 5221 3955 5292 impe-

2369 5295 2599 5364 gissent,
2640 5293 2719 5347 De
2747 5292 2896 5364 Trin.
2927 5308 2976 5348 c.
3017 5293 3084 5348 18

2443 5367 2556 5435 (12)
2590 5363 2849 5432 Ἐκλογὴ
2888 5365 3207 5435 γενόμενος
3243 5369 3331 5431 εὶς
3363 5361 3470 5418 τὸν
3501 5363 3761 5432 Χριστὸν
3785 5363 3956 5420 εἶναι.

2371 5437 2608 5502 Quidam
2653 5447 2774 5508 post
2811 5437 2875 5492 ιι.
2919 5437 3258 5506 Stephanum
3279 5440 3459 5508 legunt
3495 5435 3695 5506 ἐκλογῇ
3733 5437 3961 5508 γενόμε-

2371 5525 2478 5570 νος.
2515 5512 2691 5577 Atque
2715 5510 2859 5561 hanc
2890 5507 3140 5576 equidem
3167 5507 3541 5576 conjecturam
3577 5521 3677 5580 nec
3708 5514 3956 5580 repudio,

2372 5597 2473 5634 nec
2511 5589 2689 5633 tamen
2723 5581 2952 5634 omnino
3001 5581 3370 5636 necessariam
3420 5593 3573 5646 puto.
3611 5578 3956 5649 Praecipuum

2373 5651 2536 5719 hujus
2563 5651 2668 5704 loci
2699 5651 2892 5719 vitium
2913 5650 3127 5704 videtur
3157 5652 3399 5706 residere
3426 5664 3476 5700 ltt
3505 5651 3591 5706 his
3609 5649 3853 5712 vocibus,
3881 5651 3958 5714 εις

2371 5715 2462 5810 τὶν
2495 5721 2730 5795 Χριστὸν
2759 5715 2924 5789 εἶναι,
2971 5735 3069 5791 pro
3103 5725 3302 5792 quibus
3347 5721 3466 5789 lego
3510 5723 3591 5785 εις
3628 5719 3687 5773 τὸ
3729 5721 3962 5792 Χριστὸν

2372 5810 2530 5848 ειναι.
