4108 6418
731 365 837 425 883

1662 360 1719 418 S.
1755 359 2020 418 JUSTINI
2057 358 2465 418 PHJLOSOPHI
2500 359 2587 416 ΕΤ
2622 356 2980 416 ΜΑΙΠὛΒΙΒ

3902 357 4023 415 ευ

729 485 1011 555 Scriptura
1041 497 1135 552 per
1165 476 1486 536 Zachariam
1514 478 1644 533 dicit
1674 478 1846 533 Eliam
1878 489 2004 533 ante
2037 495 2292 550 magnum

2401 482 2424 534 Β
2455 481 2610 548 λόγος
2642 479 2728 534 διὰ
2772 481 3042 551 Ζαχαρίου
3078 476 3189 548 (17)
3219 474 3530 566 ἐλεύσεσθαι
3564 476 3670 548 πρὸ
3700 475 3818 548 τῆς
3855 477 4017 547 furti.

729 578 879 632 illum
912 585 966 631 et
996 575 1294 630 terribilem
1327 569 1536 626 Domini
1569 571 1715 625 diem
1743 583 1865 625 ease
1896 571 2226 624 venturum?

800 665 1094 735 Respondit
1121 664 1208 717 ille
1243 681 1257 718 :
1291 662 1534 717 Maxime.

803 758 860 812 Si
887 759 1048 826 igitur
1069 756 1345 825 Scriptura
1369 751 1618 808 conﬁteri
1639 751 1784 820 cogit
1805 750 2072 821 duplicem
2091 749 2296 806 Christi

731 851 1018 903 adventum
1050 861 1172 902 esse
1201 846 1514 914 praedictum
1549 863 1562 898 :
1597 845 1824 897 alterum
1855 842 1909 896 in
1939 857 2047 912 quo
2077 858 2297 912 perpeso

727 927 973 994 “coibas
1001 939 1272 992 obnoxius
1301 945 1357 989 et
1403 934 1667 1003 inglorius
1697 943 1750 986 et
1783 933 2036 988 informis
2065 947 2298 1002 appare-

729 1028 845 1088 bit;
872 1028 1104 1082 alterum
1136 1028 1187 1080 in
1214 1041 1324 1096 quo
1355 1025 1737 1079 circumﬂuens
1765 1023 1935 1100 gloria
1971 1031 2027 1078 et
2053 1025 2295 1076 omnium

722 1119 890 1187 iudex
923 1119 1196 1181 adveniet,
1235 1115 1690 1184 quemadmodum
1738 1126 1794 1168 et
1842 1128 2005 1182 supra
2050 1113 2300 1182 plurimis

729 1211 1167 1264 demonstratum
1223 1217 1307 1262 est
1347 1208 1422 1272 Ι’⁶;
1467 1222 1534 1260 an
1597 1218 1703 1258 non
1751 1206 1802 1278 id
1853 1221 1882 1258 a
1924 1204 2107 1259 divino
2133 1208 2298 1259 verbo

731 1304 1082 1372 praedicatum
1113 1301 1502 1370 intelligemus,
1533 1300 1708 1353 Eliam
1741 1298 1997 1353 terribilia
2031 1305 2096 1351 et-
2118 1298 2296 1365 magni

727 1393 859 1456 diei,
908 1393 960 1448 id
1013 1402 1097 1447 eat
1146 1391 1374 1448 secundi
1426 1391 1545 1462 ejus
1592 1390 1858 1444 adventus
1899 1403 2296 1460 praeursorem

727 1481 977 1542 futurum
994 1487 1019 1538 τ

799 1621 1052 1686 Iaxime,
1085 1622 1362 1690 respondit
1391 1619 1502 1675 ille.

800 1737 980 1804 Atque
1013 1735 1113 1786 hoc
1145 1733 1343 1800 ipsum,
1376 1731 1609 1794 aiebam,
1645 1730 1906 1784 Dominus
1938 1737 2128 1783 noster
2157 1729 2300 1784 inter

2401 585 2499 642 ρας
2533 570 2630 637 τῆς
2662 567 2909 638 μεγάλης
2940 567 3038 622 καὶ
3071 567 3309 638 φοϐερᾶς
3341 565 3434 621 τοῦ
3468 567 3711 638 κυρίους

2471 664 2734 725 Κάκεῖνος
2766 661 3100 731 ἀπεκρίνατο
3116 677 3131 691 ο
3167 661 3438 715 Μάλιστα.

2486 753 2608 806 Ἐὰν
2625 749 2716 806 οῦν
2734 755 2762 805 6
2778 751 2934 820 λόγος
2953 751 3236 826 ἀναγκάζῃ
3258 751 3559 822 ὁμολογεῖν,
3593 750 3676 803 ὅτι
3707 751 3815 804 δύο
3854 767 4015 822 παρ-

2399 845 2575 898 ουσίαι
2630 844 2722 897 τοῦ
2770 843 3006 914 Χριστοῦ
3078 843 3513 917 προεφητεύοντο
3570 845 4010 918 γενησόμεναι,

2405 935 2504 1006 μία
2538 935 2638 1005 μὲν
2686 929 2809 1008 ἐνῇ
2857 935 3099 1007 παθητὸς
3146 937 3244 989 καὶ
3277 935 3472 1005 ἄτιμος
3517 936 3611 988 καὶ
3645 936 3850 1007 ἀειδής
3891 953 4010 1003 φα-

2402 1027 2624 1096 νήσεται
2696 1028 2729 1098 ὴ
2762 1027 2818 1079 δέ
2866 1025 3063 1099 ἐτέρα,
3104 1027 3164 1078 ἐν
3277 1026 3374 1080 καὶ
3406 1025 3615 1090 ἔνδοξος
3649 1026 3746 1080 καὶ
3787 1026 4012 1095 κριτὴς

2401 1120 2656 1172 ἁπάντων
2691 1119 2990 1182 ἐλεύσεται.
3017 1118 3095 1184 ὡς
3143 1117 3239 1171 καὶ
3273 1121 3330 1172 ἐν
3378 1118 3589 1182 πολλοῖς
3636 1121 3750 1182 τοῖς
3790 1117 4013 1190 προλε-

2401 1209 2685 1279 λεγμένοις
2706 1209 3098 1272 ἀποδέδεικται,
3123 1208 3244 1278 οὐχὶ
3264 1208 3359 1278 τῆς
3382 1207 3642 1280 δευτέρας
3671 1209 4010 1280 παρουσίας

2403 1300 2566 1354 αὑτοῦ
2613 1300 2837 1372 πρόοδον
2880 1297 3207 1370 γενήσεσθαι
3239 1299 3329 1351 τὸν
3363 1298 3548 1352 Ἠλίαν
3582 1302 3868 1370 νοήσομεν
3907 1301 4010 1354 τὸν

2400 1389 2556 1462 λόγον
2587 1390 2680 1446 τοῦ
2713 1392 2847 1446 Θεοῦ
2883 1391 3282 1464 κεκηρυκέναι;

2470 1594 2742 1656 Μάλιστα,
2777 1595 3126 1665 ἀπεκρίνατο.

2471 1708 2584 1762 Καὶ
2613 1710 2642 1761 6
2674 1707 2941 1778 ἡμέτερος
2973 1703 3066 1761 οὖν
3099 1708 3322 1780 Κύριος,
3358 1709 3524 1780 ἐφην,
3554 1709 3713 1763 τοῦτο
3744 1709 3893 1765 αὐτὸ
3943 1713 4005 1762 ἐν

730 1843 791 1882 ea
823 1798 944 1896 qua:
975 1798 1175 1887 docuit,
1223 1823 1460 1878 futurum
1507 1838 1628 1876 esse
1677 1822 1921 1886 tradidit,
1953 1839 2079 1876 cum
2128 1822 2295 1876 Eliam

2401 1801 2510 1861 τοῖς
2555 1798 2879 1868 διδάγμασιν
2931 1799 3093 1852 αὑτοῦ
3130 1800 3413 1870 παρέδωκε
3461 1800 3874 1872 γενησόμενον,
3915 1803 4001 1854 εἰ-

729 1931 947 1986 quoque
977 1918 1114 1970 dixit
1143 1931 1264 1969 esse
1305 1926 1618 1969 venturum.
1659 1915 1809 1980 Quod
1839 1917 2058 1983 quidem
2091 1931 2190 1970 nos
2217 1915 2301 1968 [υ-

731 2021 909 2063 turum
940 2023 1060 2061 esse
1097 2009 1301 2061 scimus
1343 2023 1466 2060 cum
1510 2023 1540 2061 e
1571 2008 1724 2061 cmlis
1767 2007 2001 2077 gloriose
2038 2007 2300 2062 Dominus

731 2111 916 2152 noster
953 2098 1110 2152 Jesus
1142 2098 1390 2152 Christus
1429 2109 1690 2151 venturus
1721 2110 1836 2158 est;
1888 2099 2041 2166 cujus
2077 2101 2297 2166 quidem

729 2192 890 2260 primi
936 2185 1100 2244 etiam
1155 2191 1419 2244 adventus
1463 2189 1702 2257 Spiritus
1760 2190 1886 2251 Dei.
1939 2191 2028 2258 qui
2081 2190 2134 2243 in
2182 2192 2297 2244 Elia

730 2283 930 2345 fuerat,
962 2298 1138 2350 praeco
1184 2283 1464 2351 pnecessit
1512 2283 1564 2335 iri
1612 2281 1821 2335 Joanne
1869 2283 2036 2336 vestri
2085 2285 2300 2353 generis

729 2378 1013 2444 propheta,
1041 2384 1162 2442 post
1191 2389 1350 2442 quem
1377 2373 1555 2426 nullus
1583 2374 1719 2426 alius
1747 2374 2006 2442 deinceps
2041 2377 2300 2443 propheta

729 2469 872 2534 apud
906 2482 1000 2519 vos
1027 2465 1259 2520 exstitit.
1285 2465 1332 2518 ls
1359 2465 1423 2517 ad
1458 2480 1670 2517 amnem
1703 2462 1989 2517 Jordanem
2014 2465 2302 2520 consideus

728 2559 1046 2613 clamabat:
1084 2577 1101 2608 ι
1140 2558 1248 2626 Ego
1275 2558 1495 2624 quidem
1531 2557 1747 2624 baptizo
1777 2557 1826 2610 in
1869 2571 2005 2624 aqua
2040 2557 2091 2609 in
2129 2557 2302 2625 poeni-

728 2652 956 2706 teutiam
987 2667 999 2702 :
1035 2650 1217 2702 veniet
1248 2659 1433 2702 autem
1468 2647 1665 2701 fortior
1713 2663 1819 2713 me,
1849 2647 2004 2715 cujus
2032 2664 2135 2701 non
2181 2665 2300 2702 sum

727 2742 927 2811 dignus
963 2740 1340 2794 Calceamenta
1370 2749 1612 2805 portare.
1641 2737 1759 2805 lpse
1791 2752 1886 2790 vos
1915 2738 2216 2806 baptizubit
2251 2739 2301 2790 in

729 2833 940 2900 Spiritu
977 2839 1167 2884 sancto
1197 2842 1251 2884 et
1281 2830 1388 2898 igni
1419 2846 1432 2883 ε
1468 2828 1631 2896 cujus
1661 2827 2025 2885 ventilabrum
2055 2836 2106 2882 in
2139 2845 2300 2882 tnauu

725 2924 866 2993 ejus,
897 2933 952 2978 et
992 2921 1370 2992 permundabit
1414 2936 1594 2974 aream
1656 2935 1832 2983 suam,
1871 2929 1925 2974 et
1953 2922 2298 2990 congregabit

732 3019 972 3070 triticum
1013 3017 1066 3068 in
1114 3016 1394 3075 horreum,
1421 3011 1629 3080 paleam
1663 3022 1844 3064 autem
1875 3013 2158 3065 comburet
2189 3013 2296 3080 igni

732 3110 1160 3179 inexstinguibili
1196 3107 1262 3160 δι.
1313 3127 1331 3160 ι
1371 3107 1542 3175 Atque
1577 3108 1722 3160 hunc
1754 3108 1929 3174 ipsum
1976 3109 2293 3176 praphetam

2404 1891 2521 1944 πὼν
2567 1893 2660 1945 καὶ
2706 1893 2893 1945 Ἠλίαν
2929 1891 3242 1946 ἐλεύσεσθαι
3269 1907 3280 1920 ·
3319 1894 3413 1946 καὶ⁸
3458 1895 3622 1964 ἡμεῖς
3667 1893 3833 1946 τοῦτο
3871 1895 4004 1946 ἐπι-

2403 1982 2650 2054 στάμεθα
2682 1984 3067 2054 γενησόμενον,
3102 1984 3228 2037 ὃταν
3265 1983 3434 2055 μέλλῃ
3471 1986 3529 2038 ἐν
3560 1983 3689 2055 δόξῃ
3726 1983 3787 2049 ἐξ
3819 1984 4003 2056 οὐρα-

2407 2075 2513 2128 νῶν
2550 2075 2944 2146 παραγίνεσθαι
2975 2075 3006 2126 6
3039 2074 3305 2147 ἡμέτερος
3353 2075 3557 2146 Κύριος
3589 2075 3803 2146 Ἰησοῦς
3853 2075 4000 2145 Χρι-

2405 2166 2561 2228 στὸς,
2609 2159 2668 2217 οὗ
2734 2165 2830 2218 καὶ
2891 2166 2990 2234 τῆς
3067 2165 3290 2238 πρώτης
3373 2165 3739 2236 φανερώσεως
3806 2167 3998 2238 κῆρυξ

2403 2256 2641 2326 προῆλθε
2688 2257 2748 2309 τὸ
2797 2259 2855 2308 ἐν
2886 2256 3044 2328 Ἠλία
3091 2257 3384 2328 γενόμενον
3417 2259 3644 2328 Πνεῦμα
3689 2259 3782 2312 τοῦ
3819 2260 3995 2323 Θεοῦ,

2405 2349 2462 2401 ἐν
2484 2348 2704 2418 Ἰωάννη
2733 2348 2808 2418 τῷ
2841 2349 3120 2420 γενομένῳ
3144 2352 3200 2403 ἐν
3233 2350 3309 2419 τῷ
3335 2351 3481 2419 γένει
3515 2351 3668 2421 ὑμῶν
3698 2353 3994 2424 προφήτῃ,

2406 2441 2524 2511 μεθ’
2558 2441 2616 2492 ὃν
2650 2441 2824 2503 οὐδεὶς
2871 2442 3056 2513 ἕτερος
3090 2442 3274 2506 λοιπὸς
3327 2443 3437 2513 (18)
3473 2444 3602 2514 παρ’
3639 2444 3769 2514 ύμῖν
3806 2445 3992 2514 ἐφάνη

2404 2534 2723 2605 προφήτης,
2761 2535 2909 2597 ὅστις
2935 2535 3026 2586 ἐπὶ
3061 2535 3150 2587 τὸν
3177 2536 3448 2606 Ἰορδάνην
3483 2539 3726 2607 ποταμὸν
3761 2538 3997 2602 καθεζό-

2406 2642 2565 2694 μενος
2601 2624 2764 2679 ἐϐόαο
2805 2643 2821 2674 ι
2861 2625 3002 2693 Ἐγὼ
3029 2627 3124 2696 μὲν
3161 2628 3305 2697 ὑμᾶς
3343 2626 3585 2697 βαπτίζω
3621 2632 3678 2681 ἐν
3712 2627 3868 2682 ὕδατι
3905 2633 3993 2695 εἰς

2408 2717 2726 2785 μετάνοιαν
2764 2716 2882 2786 ἥξει
2918 2717 2973 2769 δὲ
3002 2718 3029 2768 6
3081 2718 3426 2789 ἰσχυρότερός
3463 2738 3564 2788 μου
3586 2760 3600 2784 ,
3635 2713 3694 2772 οὗ
3728 2721 3831 2773 ούκ
3866 2721 3992 2792 εἰμὶ

2403 2809 2585 2871 ἱκανὸς
2609 2810 2679 2874 τὰ,
2701 2808 3022 2880 ὑποδήματα
3049 2809 3313 2878 βαστάσαι
3334 2827 3346 2840 °
3377 2812 3536 2875 αὐτὸς
3561 2812 3704 2882 ὑμᾶς
3730 2812 3991 2882 βαπτίσει

2404 2900 2460 2950 ἐν
2495 2899 2774 2968 Πνεύματι
2804 2902 2946 2970 ἀγίῳ
2979 2903 3074 2954 καὶ
3121 2904 3284 2972 πυρί·
3327 2896 3387 2955 οὗ
3421 2903 3480 2956 τὸ
3521 2905 3686 2958 πτύον
3719 2907 3885 2960 αὐτοῦ
3925 2911 3989 2961 ἐν

2401 2994 2465 3061 τῇ
2502 2994 2646 3063 Xa?“
2682 2991 2868 3055 “5705.
2905 2993 2998 3046 καὶ
3050 2993 3398 3066 διακαθαριεῖ
3441 2995 3536 3048 sitv
3575 2996 3757 3051 ἅλωνα,
3789 2999 3980 3065 αὑτοῦ.

2399 3083 2495 3134 καὶ
2530 3084 2619 3136 τὸν
2655 3087 2798 3136 σῖτον
2833 3084 3048 3150 συνάξει
3083 3088 3164 3150 εἰς
3197 3087 3296 3158 τὴν
3323 3088 3628 3160 ἀποθήκην,
3665 3089 3724 3142 τὸ
3758 3090 3814 3143 δὲ
3849 3093 3983 3162 ἀχυ-

730 3217 828 3254 rex
867 3212 1050 3253 vester
1095 3198 1336 3252 Herodes
1385 3197 1688 3263 coujererat
1724 3200 1774 3250 in
1809 3212 2118 3262 carcerem;
2149 3214 2297 3252 cum-

2406 3191 2497 3245 ρον
2531 3176 2869 3230 κατακαύσει
2905 3178 3037 3250 πυρὶ
3069 3179 3340 3251 ἀσϐέστῳ.
3385 3201 3403 3232 ›
3444 3183 3554 3235 Καὶ
3588 3183 3771 3236 τοῦτον
3817 3187 3984 3240 αύτὸν

729 3306 835 3360 que
883 3292 1126 3345 natalitia
1177 3291 1617 3351 celebrarentur,
1661 3291 1897 3343 saltante
1950 3289 2137 3343 fratris
2189 3290 2298 3342 filia

727 3385 1026 3438 delectatus
1066 3383 1230 3449 jussit
1256 3398 1378 3436 eam
1415 3394 1599 3450 petere
1635 3382 1898 3450 quidquid
1948 3380 2127 3435 vellet.
2165 3380 2298 3434 Tum

728 3477 964 3545 puellam
1015 3487 1193 3528 mater
1235 3473 1571 3536 submonuit,
1617 3483 1677 3526 ut
1722 3470 1950 3526 Joannis
1991 3473 2043 3526 in
2085 3473 2299 3526 vincula

728 3568 956 3635 coniecti
1011 3583 1172 3636 caput
1231 3576 1477 3635 peteret;
1532 3567 1674 3634 quod
1729 3579 1852 3620 cum
1902 3564 1989 3620 illa
2045 3567 2298 3634 petisset,

727 3662 875 3714 misit
904 3676 1022 3722 rex,
1064 3669 1118 3713 et
1158 3669 1325 3727 caput
1354 3657 1584 3712 Joannis
1614 3659 1668 3712 in
1699 3657 1858 3711 lance
1893 3657 2059 3727 jussit
2091 3658 2298 3714 afferri.

728 3752 1072 3820 Quapropter
1094 3761 1146 3803 et
1177 3750 1428 3803 Christus
1463 3759 1670 3813 noster,
1696 3764 1818 3802 cum
1847 3751 2028 3802 adhuc
2057 3750 2108 3803 in
2135 3753 2300 3805 terris

729 3857 1070 3907 versaretur,
1091 3844 1174 3896 his
1191 3842 1280 3910 qui
1299 3851 1551 3910 oportere
1583 3842 1900 3895 asserebant
1924 3851 1980 3893 ut
1999 3839 2146 3894 Elias
2171 3853 2299 3895 ante

726 3935 1002 3990 Christum
1035 3937 1266 3998 veniret,
1307 3934 1419 3986 hanc
1452 3933 1588 3986 dixit
1619 3947 1632 3985 :
1668 3951 1684 3983 ‹
1729 3933 1872 3987 Elias
1903 3934 2122 4002 quidem
2167 3940 2301 3985 mr-

730 4039 882 4081 tnrus
906 4036 988 4080 est
1017 4035 1071 4080 et
1096 4027 1348 4080 restituet
1371 4027 1573 4078 omnia.
1602 4025 1732 4078 Dico
1760 4035 1936 4078 autem
1970 4025 2144 4092 vobis,
2171 4027 2296 4094 quia

729 4121 1000 4186 Eliasjam
1030 4121 1197 4180 venit,
1221 4129 1274 4170 et
1299 4135 1405 4172 non
1441 4127 1807 4185 cognoverunt
1837 4133 1982 4183 eum,
2022 4119 2117 4172 sed
2147 4121 2300 4174 fece-

732 4222 856 4264 runt
887 4211 935 4264 ei
966 4225 1302 4278 quacunque
1332 4210 1610 4263 voluerunt
1648 4209 1712 4264 “.
1759 4228 1776 4260 ο
1811 4208 1877 4263 Et
1903 4210 2165 4280 scriptum
2213 4222 2298 4266 est

731 4314 858 4356 tunc
891 4302 1186 4370 discipulos
1217 4300 1554 4354 intellexisse
1581 4316 1704 4355 eum
1733 4301 1799 4354 de
1825 4297 2038 4358 Joanne
2056 4303 2296 4374 Baptista

730 4395 782 4449 ιιι
815 4395 922 4449 illis
958 4394 1180 4448 dixisse.

799 4637 933 4690 Tum
985 4636 1246 4708 Trypho:
1282 4635 1505 4690 Videtur
1548 4637 1598 4690 id
1649 4653 1863 4707 quoque
1899 4639 2030 4694 mihi
2073 4640 2141 4694 ab
2178 4641 2296 4710 opi-

729 4728 890 4783 nione
934 4729 1256 4791 abhorrere,
1293 4730 1436 4796 quod
1464 4729 1722 4798 Spiritum
1758 4731 2132 4800 propheticum
2172 4731 2294 4798 Dei,

726 4823 815 4890 qui
849 4822 900 4874 in
935 4821 1048 4874 Elia
1085 4819 1281 4885 fuerat,
1317 4823 1481 4876 etiam
1515 4824 1563 4876 in
1595 4821 1803 4878 Joanne
1833 4825 1968 4878 dicis
1998 4824 2185 4880 fuisse.

796 4912 878 4965 Ad
931 4913 1045 4967 hanc
1099 4928 1202 4982 ego
1244 4929 1258 4967 :
1314 4912 1430 4969 Non
1485 4917 1579 4970 tibi
1610 4916 1841 4980 .videtur
1890 4917 2028 4971 idem
2087 4917 2289 4973 factum

730 5003 890 5075 156
925 5004 1088 5060 fuisse
1113 5007 1163 5059 iu
1194 5005 1322 5060 Jesu
1357 5009 1468 5065 lilio
1498 5009 1664 5071 Nave,
1692 5011 1783 5078 qui
1833 5009 2013 5079 pepuli
2046 5011 2289 5077 ducendi

724 5100 1055 5164 provinciam
1095 5112 1216 5167 post
1259 5101 1498 5172 Moysem
1524 5106 1793 5171 suscepit;
1849 5102 1960 5158 Deo
1991 5103 2140 5172 ipso,
2164 5119 2286 5158 cum

719 5191 906 5260 jussus
939 5204 1021 5247 est
1055 5193 1268 5264 Moyses
1319 5205 1377 5249 ut
1424 5212 1614 5252 manus
1660 5196 1786 5251 Jesu
1842 5198 2163 5265 imponeret,
2205 5197 2288 5251 di-

829 5379 874 5410 “
907 5396 961 5432 n.
998 5380 1065 5434 H
1092 5392 1147 5436 et
1169 5383 1264 5438 52.
1338 5383 1379 5414 "
1412 5381 1607 5436 Matth.
1633 5399 1715 5447 tu,
1751 5383 1812 5442 11
1846 5394 1901 5437 et
1929 5383 2015 5440 13.

793 5658 904 5726 (17)
937 5657 1055 5730 Διά,
1080 5659 1396 5729 Ζαχαρίου.
1453 5658 1660 5730 Monuit
1696 5658 2028 5730 Sylburgius
2073 5656 2282 5712 Zacha-

725 5728 872 5801 riam
897 5729 984 5801 hic
1011 5727 1320 5801 obrepsisse
1348 5743 1446 5797 pro
1479 5727 1764 5789 Malachia,
1791 5727 1935 5801 apud
1965 5745 2123 5799 quem
2166 5731 2281 5786 lucc

723 5798 1002 5866 prophetia
1041 5799 1233 5867 legitur
1261 5815 1380 5868 cap.
1417 5815 1489 5865 tv,
1525 5814 1574 5851 v.
1606 5801 1692 5852 15.

2402 3266 2493 3317 τὸν
2527 3268 2812 3339 προφήτην
2847 3270 3246 3322 συνεκεκλείκει
3279 3273 3306 3324 6
3342 3272 3592 3342 βασιλεὺς
3627 3274 3779 3345 ὑμῶν
3809 3277 3986 3349 Ἠρώ-

2401 3355 2497 3426 δης
2531 3361 2610 3420 εις
2646 3358 2910 3431 φυλακὴν,
2948 3363 3043 3414 καὶ
3077 3364 3337 3430 γενεσίοιν
3375 3365 3590 3437 ἡμέρας
3624 3367 3979 3439 τελουμένης,

2400 3444 2735 3519 ὀρχουμένης
2771 3450 2867 3520 τῆς
2904 3449 3201 3520 ἐξαδελφῆς
3237 3451 3399 3504 αὑτοῦ
3436 3452 3527 3504 τοῦ
3577 3453 3811 3524 Ἡρώδου
3848 3456 3978 3506 εὑ-.-

2406 3544 2609 3615 ρέστως
2657 3543 2840 3608 αύτῷ,
2878 3541 3030 3597 εἶπεν
3076 3546 3213 3617 αὐτῇ
3263 3546 3594 3616 αἱτήσασθαι
3629 3548 3656 3599 6
3703 3548 3796 3600 ἐὰν
3851 3548 3976 3617 βού-

2403 3633 2579 3704 ληται.
2619 3635 2785 3705 Καὶή
2826 3638 3006 3707 μήτηρ
3033 3637 3128 3708 τῆς
3163 3638 3351 3701 παιδὸς
3389 3638 3656 3692 ὑπέϐαλεν
3720 3641 3854 3711 αὐτῇ
3890 3645 3976 3695 αἱ-

2401 3723 2669 3796 τήσασθαι
2705 3727 2803 3794 τὴν
2839 3726 3077 3798 κεφαλὴν
3116 3729 3366 3783 Ἰωάννου
3408 3728 3500 3782 τοῦ
3541 3733 3598 3782 ὲν
3633 3733 3696 3801 τῇ
3739 3733 3968 3802 φυλακῇ·

2403 3817 2494 3868 καὶ
2511 3819 2832 3887 αἰτησάσης,
2858 3817 3090 3888 έπεμψε,
3114 3820 3209 3871 καὶ
3234 3821 3325 3872 ἐπὶ
3349 3820 3534 3875 πίνακι
3560 3822 3846 3893 ἐναχθῆναι
3864 3824 3970 3894 (19)

2401 3908 2499 3978 τὴν
2534 3910 2774 3980 κεφαλὴν
2811 3910 3056 3964 Ἰωάννου
3087 3907 3364 3966 ἐκέλευσε.
3399 3915 3488 3967 Διὸ
3523 3915 3616 3967 καὶ
3650 3917 3677 3967 6
3711 3916 3970 3988 ἡμέτερος

2401 4001 2635 4071 Χριστὸς
2682 4005 2894 4074 εἰρήκει
2938 4005 3031 4058 ἐπὶ⁵
3063 4005 3165 4075 γῆς
3198 4007 3316 4058 τότε
3351 4010 3460 4069 τοῖς
3495 4007 3712 4075 λέγουσι
3747 4009 3845 4080 πρὸ
3878 4009 3967 4062 τοῦ

2400 4093 2634 4164 Χριστοῦ
2683 4096 2869 4149 Ἠλίαν
2914 4097 3024 4150 δεῖν
3069 4097 3261 4150 ἐλθεῖν·
3305 4099 3534 4162 «Ἠλίας
3572 4101 3669 4169 μὲν
3701 4100 3966 4153 ἐλεύσεται

2401 4185 2496 4237 καὶ
2531 4187 2972 4258 ἀποκαταστήσει
3007 4188 3205 4242 πάντα·
3243 4189 3384 4258 λέγω
3417 4190 3472 4242 δὲ
3516 4191 3646 4260 ὑμῖν
3677 4192 3758 4244 ὅτι
3789 4193 3965 4257 Ἠλίας

2399 4275 2499 4345 ήδη
2535 4271 2685 4346 ἦλθε,
2723 4279 2817 4329 καὶ
2849 4279 2949 4330 οὐκ
2995 4277 3309 4348 ἐπέγνωσαν
3351 4281 3547 4346 αὑτὸν,
3583 4281 3964 4352 ἁλλ’ἐποίησαν

2397 4365 2547 4436 αύτῷ
2579 4369 2678 4421 ὅσα
2712 4368 3000 4439 ἠθέλησαν.
3029 4390 3046 4421 ι
3081 4372 3191 4424 Καὶ
3214 4372 3522 4443 γέγραπται
3551 4375 3633 4426 ὅτι
3666 4374 3785 4426 τότε
3811 4375 3962 4444 συνῆ-

2399 4475 2502 4512 καν
2531 4461 2577 4510 οἱ
2612 4459 2848 4532 μαθηταὶ
2881 4464 2960 4515 ὃτι
2995 4463 3124 4534 περὶ
3157 4463 3402 4517 Ἰωάννου
3435 4463 3525 4517 τοῦ
3562 4464 3854 4518 Βαπτιστοῦ
3889 4463 3959 4518 εἴ·

2330 4562 2376 4619 D
2403 4567 2503 4601 πεν
2537 4551 2736 4614 αὐτοῖς.

2472 4637 2582 4690 Καὶ
2615 4641 2642 4691 6
2677 4639 2926 4711 Τρύφων·
2965 4643 3074 4696 Καὶ
3120 4644 3274 4698 τοῦτο
3324 4645 3621 4718 παράδοξον
3669 4648 3839 4717 λέγειν
3869 4669 3954 4719 μοι

2395 4729 2606 4794 δοκεῖς,
2637 4734 2718 4785 ὅτι
2756 4733 2814 4785 τὸ
2850 4737 2907 4787 ἐν
2951 4736 3109 4809 Ἠλίᾳ
3141 4738 3232 4791 τοῦ
3267 4738 3399 4792 Θεοῦ
3434 4740 3723 4811 γενόμενον
3763 4759 3955 4815 προφη-

2396 4825 2544 4877 τικὸν
2579 4825 2820 4896 Πνεῦμα,
2858 4829 2951 4881 καὶ
2980 4831 3035 4882 ὲν
3059 4831 3278 4904 Ἰωάννῃ
3301 4831 3511 4900 γέγονε.

2466 4916 2636 4984 Κάγὼ
2671 4919 2806 4990 πρὸς
2849 4920 3146 4976 ταῦτα’.ού
3193 4923 3340 4977 δοκεί
3383 4941 3464 4976 σοι
3510 4924 3603 4977 ἐπὶ
3643 4923 3839 4995 Ἰησοῦν
3866 4928 3949 4981 τὸν

2393 5003 2484 5058 τοῦ
2532 5008 2725 5080 Ναυῆ,
2766 5012 2857 5064 τὸν
2902 5011 3278 5084 διαδεξάμενον
3321 5015 3418 5087 τὴν
3453 5015 3781 5088 λαοηγησίαν
3826 5017 3946 5086 μετά

2392 5101 2663 5167 Μωῡσέα,
2698 5103 2758 5156 τὸ
2790 5104 2921 5158 αὐτὸ
2948 5106 3256 5174 γεγονέναι;
3292 5109 3380 5160 ὅτε
3415 5109 3612 5180 ἐρρέθη
3647 5107 3722 5177 τῷ
3748 5109 3947 5161 Μωῦσεῐ

2391 5195 2659 5251 ἐπιθεῖναι
2706 5197 2782 5268 τῷ
2816 5199 2987 5268 Ἰησοῦ
3023 5202 3121 5264 τὰς
3153 5202 3374 5271 χεῖρας,
3406 5202 3646 5264 εἰπόντος
3680 5200 3832 5255 αὑτοῦ
3862 5197 3941 5251 τοῦ

2110 5383 2153 5415 ⁸³
2188 5383 2378 5436 Matth.
2413 5399 2546 5447 xvtl,
2590 5383 2672 5436 12.

2459 5655 2571 5724 (18)
2621 5656 2859 5720 Λοιπός.
2918 5655 3081 5707 Ferte
3123 5653 3328 5717 λοιπόν,
3390 5655 3482 5709 sed
3537 5654 3700 5708 lectio
3745 5651 3929 5719 vulgata

2385 5725 2512 5781 ferri
2546 5738 2740 5794 potest.
2775 5727 2965 5779 Tutus.

2456 5793 2570 5866 (l9?)
2621 5798 2994 5866 Ἐι-αχθῆιοαί.
3033 5796 3224 5866 Aptius
3261 5795 3563 5866 ἐνεχθῆναι.
3598 5793 3924 5849 Srtottacws.
