4108 6414
704 346 809 404 587

1648 343 1704 399 S.
1740 340 2004 399 JUSTlNl
2040 341 2453 401 Ριιιιοεοριιι
2490 346 2577 401 ΕΤ
2614 345 2977 405 ΜΑΒἸὝΙΠΞ

3884 356 3989 413 588

706 465 925 535 pulum;
959 463 1298 527 sacerdotes,
1328 458 1612 530 loquimini
1637 460 1704 513 ad
1732 476 1827 514 cor
1852 459 2214 528 Hierusalem,
2240 477 2270 516 e

2401 464 2529 516 Καί·
2577 484 2594 514 t
2628 466 3003 537 Παρακαλεῖτε
3055 466 3144 519 τὸν
3193 468 3339 533 λαὸν,
3380 471 3543 542 ἱερεῖς
3591 471 3861 544 λαλήσατε
3909 478 3988 539 είς

704 554 1066 611 consulamini
1096 569 1255 619 eam;
1284 554 1415 623 quia
1466 552 1671 620 repleta
1701 561 1787 606 est
1823 552 2108 607 humilitas
2144 554 2284 623 ejus.

706 648 954 704 Solutum
986 657 1071 701 est
1105 657 1390 716 peccatum
1423 645 1591 712 illius,
1634 646 1760 715 quia
1792 646 1998 714 recepit
2025 646 2092 700 de
2123 662 2288 700 manu

706 740 919 796 Domini
958 740 1195 809 duplicia
1230 748 1454 809 peccata
1494 752 1616 791 sua.
1646 736 1762 790 Vox
1790 736 2080 790 clamantis
2110 738 2163 790 in
2195 738 2287 789 de-

705 843 895 889 serto:
928 831 1128 888 Parnte
1172 833 1290 887 vias
1338 830 1588 886 Domini:
1632 842 1811 883 rectas
1857 828 2024 883 facite
2060 828 2287 882 semitas

705 926 796 981 Dei
829 925 1023 979 nostri.
1049 924 1241 978 Omnis
1274 922 1429 977 vallis
1459 922 1796 992 ituplebitur,
1830 933 1885 976 et
1920 921 2101 977 onmis
2130 935 2287 974 mons

703 1028 759 1072 et
802 1018 960 1072 collis
1004 1015 1388 1071 humiliabitur
1430 1035 1441 1068 :
1476 1023 1532 1068 et
1572 1022 1739 1067 erunt
1774 1014 1957 1068 omnia
2011 1028 2178 1082 prava
2229 1014 2284 1067 in

706 1110 998 1173 directum,
1024 1116 1079 1161 et
1123 1120 1312 1175 aspera
1377 1106 1430 1159 in
1479 1105 1595 1158 vias
1629 1103 1855 1172 planas;
1887 1112 1941 1156 et
2000 1103 2289 1173 apparebit

702 1200 872 1272 gleria
903 1198 1114 1252 Domini
1150 1217 1164 1252 ι
1197 1209 1251 1251 et
1277 1196 1482 1251 videbit
1506 1196 1686 1250 omnis
1717 1210 1849 1249 caro
1884 1194 2125 1249 salutare
2154 1194 2282 1260 Del;

702 1294 827 1362 quia
876 1294 1134 1347 Dominus
1184 1292 1397 1344 locutus
1439 1299 1541 1343 est.
1582 1287 1697 1342 Vox
1744 1286 1978 1341 dicentis
2018 1305 2032 1340 :
2074 1286 2283 1351 Clama,

700 1393 754 1437 et
789 1384 901 1437 divi
936 1400 949 1435 :
989 1380 1147 1453 ιιη
1182 1381 1320 1447 Quid
1364 1378 1656 1433 clamabo?
1705 1378 1895 1433 Omnis
1924 1392 2054 1432 caro
2100 1378 2284 1433 fenum

701 1488 756 1531 et
811 1475 989 1530 tiruuis
1040 1474 1209 1543 gloria
1256 1471 1527 1535 hominis,
1588 1471 1745 1539 quasi
1796 1468 1897 1525 ﬂos
1948 1470 2078 1525 fetui.
2121 1470 2285 1525 Aruit

702 1570 909 1633 l'enum,
944 1577 997 1621 et
1035 1566 1131 1621 ﬂos
1162 1564 1279 1632 ejus
1314 1563 1550 1627 cecidit;
1591 1564 1816 1617 verbum
1848 1572 2030 1617 autem
2066 1560 2281 1615 Domini

700 1674 882 1716 manet
913 1664 965 1715 in
1021 1660 1439 1730 sempiternum.
1490 1656 1668 1726 Super
1719 1666 1959 1734 montem
2002 1654 2279 1709 etcelsum

698 1753 952 1816 ascende,
981 1753 1070 1821 qui
1096 1750 1443 1820 evangelizas
1471 1745 1632 1811 Sion;
1663 1746 1847 1801 exalia
1879 1747 1930 1800 in
1960 1746 2283 1801 fortitudine

2393 557 2491 628 τὴν
2527 559 2752 631 καρδίαν
2799 561 3174 632 Ἰερουσαλὴμ,
3214 563 3305 615 καὶ
3341 564 3761 637 παρακαλέσατε
3794 567 3983 636 αὐτὴν,

2392 648 2472 700 ὃτι
2512 648 2754 721 ἐπλήσθη
2802 653 2835 721 ἡ
2869 653 3197 716 ταπείνωσις
3244 654 3432 724 αὐτῆς.
3485 656 3715 711 Λέλυται
3748 658 3919 729 αὐτῆς
3952 663 3982 729 ἠ

2391 736 2659 805 ἁμαρτία·
2710 738 2793 790 ὅτι
2847 738 3065 803 ἐδέξατο
3113 741 3177 793 ἐκ
3226 742 3408 812 χειρὸς
3455 745 3660 817 Κυρίου
3707 747 3873 801 διπλᾶ
3920 750 3984 801 τὰ

2390 828 2763 899 ἁμαρτήματα
2812 831 3001 900 αὐτῆς.
3060 832 3218 902 Φωνὴ
3268 832 3499 902 βοῶντος
3546 838 3605 889 ὲν
3650 840 3715 909 τῇ
3766 840 3975 910 ἐρήμῳ·

2402 917 2759 988 Ἑτοιμάσατε
2794 920 2891 982 τὰς
2939 921 3090 983 ὁδοὺς
3125 921 3352 993 Κυρίου·
3391 922 3604 987 εὐθείας
3645 929 3850 979 ποιεῖτε
3885 926 3983 988 τὰς

2390 1010 2607 1079 τρίϐους
2647 1011 2739 1065 τοῦ
2775 1011 2907 1065 Θεοῦ
2945 1013 3119 1083 ἡμῶν.
3170 1014 3328 1069 Πᾶσα
3375 1016 3593 1089 φάραγξ
3629 1017 3985 1089 πληρωθήσε-

2390 1120 2508 1165 ται,
2547 1104 2641 1157 καὶ
2674 1106 2786 1158 πᾶν
2819 1104 2945 1175 ὅρος
2990 1107 3085 1160 καὶ
3135 1105 3325 1175 βουνὸς
3357 1108 3849 1181 ταπεινωθήσεται·
3888 1111 3988 1165 καὶ

2391 1194 2544 1249 ἔσται
2582 1196 2762 1266 ,πάντα
2806 1197 2873 1250 τὰ
2929 1198 3118 1251 σκολιὰ
3166 1201 3246 1262 είς
3294 1198 3529 1266 εὐθεῖαν,
3566 1202 3661 1255 καὶ
3694 1206 3727 1274 ἡ
3754 1207 3985 1275 τραχεῖα

2390 1289 2469 1349 είς
2500 1286 2652 1350 ὀδοὺς
2686 1287 2831 1352 λείας
2855 1307 2867 1318 ·
2906 1290 2999 1342 καὶ
3044 1288 3342 1360 ὀφθήσεται
3382 1293 3415 1361 ἡ
3450 1290 3578 1357 δόξα
3617 1294 3849 1365 Κυρίου,
3888 1296 3986 1348 καὶ

2388 1375 2575 1445 ὄψεται
2612 1377 2760 1431 πᾶσα
2796 1377 2932 1448 σὰρξ
2965 1378 3023 1430 τὸ
3060 1379 3323 1448 σωτήριον
3349 1378 3439 1431 τοῦ
3475 1379 3630 1431 Θεοῦ·
3667 1383 3748 1434 ὅτι
3776 1380 3986 1453 Κύριος

2388 1467 2633 1535 ὲλάλησε.
2673 1468 2827 1539 Φωνὴ
2864 1469 3129 1537 λέγοντος·
3158 1470 3380 1541 Βῦησον·
3422 1472 3513 1523 καὶ
3550 1468 3724 1525 εἶπον·
3757 1474 3825 1525 Τί
3864 1472 3986 1542 βοη-

2389 1576 2497 1623 σω;
2536 1559 2691 1614 Πᾶσα
2736 1560 2871 1631 σὰρξ
2920 1561 3141 1631 χόρτος,
3180 1563 3273 1615 καὶ
3320 1564 3469 1616 πᾶσα
3514 1563 3642 1630 δόξα
3686 1564 3983 1636 ἀνθρώπου

2386 1651 2461 1714 ῶς
2496 1651 2653 1714 ἄνθος
2697 1652 2914 1722 χόρτου.
2968 1653 3269 1725 Ἐξηράνθη
3307 1658 3333 1707 6
3366 1656 3558 1725 χόρτος
3592 1657 3686 1710 καὶ
3723 1659 3783 1711 τὸ
3818 1659 3984 1725 ἄνθος

2387 1743 2549 1796 αὐτοῦ
2604 1744 2848 1811 ἐξέπεσε·
2902 1744 2961 1797 τὸ
3007 1743 3061 1797 δὲ
3106 1747 3256 1815 ῥῆμα
3307 1748 3513 1819 Κυρίου
3565 1748 3713 1817 μένει
3762 1752 3844 1812 εἰς
3891 1752 3987 1803 τὸν

696 1862 884 1901 vocem
918 1855 1088 1906 tuam.
1124 1843 1215 1913 qui
1238 1842 1585 1909 evangelizas
1614 1839 1973 1895 Hierusalem.
2012 1839 2273 1903 Exaltate,

2384 1839 2574 1892 αἰῶνα.
2612 1838 2731 1891 Ἐπ’
2750 1838 2908 1909 ὅρους
2936 1838 3139 1908 ὑψηλοῦ
3173 1838 3408 1909 ἀνάϐηθι
3434 1843 3460 1893 6
3488 1842 3984 1914 εὐαγγελιζόμενος

697 1942 865 1993 nolite
912 1940 1149 1992 timere:
1183 1936 1270 1989 die
1322 1934 1635 1989 civitatibus
1679 1933 1815 1988 Juda
1862 1952 1876 1987 :
1930 1934 2070 1989 Ecce
2130 1934 2279 1987 Deus

700 2043 920 2098 vester;
976 2030 1243 2085 Dominus
1283 2041 1410 2082 ecce
1460 2041 1583 2081 cum
1623 2026 1827 2079 virtute
1854 2027 2023 2091 venit,
2075 2035 2132 2079 et
2157 2025 2281 2078 bra-

695 2128 880 2182 ebium
926 2138 1048 2179 cum
1084 2120 1460 2176 dominatione
1504 2119 1676 2172 venit.
1727 2118 1867 2172 Ecce
1916 2132 2125 2171 merces
2155 2131 2277 2173 eum

692 2235 783 2284 eo,
824 2230 1043 2288 etopus
1082 2216 1136 2269 in
1180 2221 1471 2281 conspectu
1504 2213 1645 2279 ejus.
1676 2210 1832 2264 Sicut
1865 2220 2055 2279 pastor
2084 2220 2277 2278 pascet

695 2326 917 2383 gregem
966 2324 1149 2371 suum,
1199 2316 1254 2359 et
1293 2302 1518 2358 brachio
1568 2304 1918 2373 congregabit
1968 2317 2173 2371 agnos,
2224 2310 2281 2355 et

694 2411 1067 2474 praegnantem
1116 2398 1515 2455 consolabitur.
1553 2388 1689 2463 Quis
1735 2404 1958 2449 mensus
1998 2404 2082 2450 est
2113 2410 2275 2449 manu

691 2510 914 2565 aquam,
949 2504 1006 2549 et
1034 2492 1233 2546 caelum
1271 2486 1453 2559 palmo
1485 2496 1541 2542 et
1562 2500 1778 2541 omnem
1810 2498 2014 2541 terram
2041 2483 2279 2557 pugillo?

690 2590 814 2657 quis
838 2586 1028 2641 statuit
1054 2590 1268 2639 montes
1292 2580 1553 2651 pondere,
1586 2588 1642 2632 et
1666 2577 1833 2633 saltus
1868 2580 2111 2634 statera?
2143 2579 2277 2647 Quis

690 2679 945 2749 euguovit
1003 2685 1241 2730 mentem
1302 2670 1556 2729 Domini:
1615 2677 1708 2722 aut
1763 2669 1887 2736 quis
1928 2662 2276 2726 consiliarius

689 2772 808 2840 ejus
840 2769 963 2833 fuit,
992 2768 1084 2838 qui
1117 2769 1315 2822 doceat
1362 2767 1531 2821 eum?
1555 2776 1649 2821 aut
1675 2780 1798 2819 cum
1841 2779 1951 2833 quo
1983 2764 2271 2819 consilium

689 2862 832 2927 iniit,
870 2871 925 2915 et
955 2859 1217 2914 instruxit
1257 2856 1447 2910 illum?
1478 2852 1573 2911 Vel
1617 2856 1741 2926 quis
1778 2853 2020 2909 ostendit
2049 2857 2097 2909 ei
2130 2854 2274 2922 judi-

688 2955 873 3010 cium?
901 2954 984 3008 vel
1011 2953 1154 3006 viam
1187 2950 1555 3019 intelligentia.
1583 2951 1707 3019 quis
1734 2949 1975 3004 ostendit
1999 2947 2114 3003 illi?
2141 2947 2272 3004 Om-

688 3062 785 3103 nes
829 3059 1046 3119 gentes,
1100 3045 1243 3098 sicut
1298 3043 1446 3097 stilla
1502 3043 1568 3096 de
1620 3041 1807 3105 situla,
1854 3050 1905 3096 et
1942 3041 2098 3111 quasi
2152 3058 2271 3097 mo-

688 3149 936 3195 mentum
988 3146 1213 3191 staterm
1266 3142 1527 3202 reputata-
1575 3144 1720 3193 sunt,
1766 3144 1820 3188 et
1850 3134 2008 3200 quasi
2051 3142 2269 3202 sputum

684 3231 1113 3301 reputabuntur.
1151 3219 1394 3281 Libahus
1425 3235 1605 3279 autem
1636 3242 1742 3281 non
1782 3225 1982 3281 sufﬁcit
2017 3227 2083 3279 ad
2119 3242 2269 3282 eom-

683 3323 987 3387 burcudum
1017 3330 1109 3376 :et
1134 3318 1512 3390 quadrupedia
1554 3334 1661 3372 non
1697 3316 1976 3373 sufﬁciunt
2005 3319 2074 3374 ad
2113 3319 2268 3375 bolo-

685 3426 963 3481 caustutn,
997 3424 1053 3471 et
1080 3423 1294 3469 cunctae
1324 3422 1514 3483 gentes
1552 3410 1782 3465 nihilqu
1831 3422 1888 3466 et
1934 3412 1987 3466 in
2040 3412 2270 3468 nihilum

685 3516 946 3577 reputatae
972 3514 1102 3561 sunt
1126 3503 1191 3555 ".
1234 3520 1254 3551 ι

754 3684 844 3740 51.
879 3678 1148 3738 Probatur
1178 3683 1315 3736 hanc
1358 3681 1694 3749 proiih'etiam
1733 3696 1848 3734 esse
1896 3680 2266 3751 adimpletum.

681 3806 751 3821 -—-
784 3778 1077 3833 Desinente
1108 3791 1194 3831 me
1222 3775 1363 3830 dixit
1393 3771 1617 3844 Trypho
1674 3793 1688 3827 :
1748 3774 2024 3846 Ambigua
2084 3780 2265 3835 omnia

682 3872 1024 3942 pr‘upltetima
1058 3879 1111 3923 te
1139 3870 1315 3923 allata:
1358 3868 1524 3923 verba
1547 3911 1560 3931 ,
1592 3882 1693 3921 nec
1739 3868 2039 3938 quidquam
2068 3871 2271 3927 habent

679 3979 788 4033 quo
824 3962 1108 4018 decidatur
1130 3963 1182 4017 id
1212 3963 1357 4033 quod
1384 3962 1768 4016 demonstrare
1796 3962 1897 4017 vis.

752 4050 908 4104 Tunc
958 4066 1058 4120 ego
1099 4050 1350 4119 respondi
1391 4066 1404 4104 :
1446 4049 1505 4103 Si
1556 4049 1777 4118 quidem
1815 4064 1919 4103 non
1970 4052 2266 4119 evenisset,

679 4139 921 4209 'Irypho.
954 4148 1015 4193 ut
1045 4138 1382 4204 desinerent,
1409 4155 1471 4194 ae
1491 4140 1603 4209 jam
1632 4140 1859 4193 omnino
1909 4140 2037 4193 nulli
2087 4154 2270 4197 essent

678 4240 801 4301 post
828 4230 970 4286 hunc
999 4229 1262 4286 Joannem
1294 4232 1351 4285 in
1380 4240 1565 4287 vestro
1588 4246 1785 4301 genere
1814 4233 2122 4301 prapbetae;
2150 4252 2270 4306 qua:

677 4320 935 4376 videlicet
967 4338 995 4375 a
1026 4337 1111 4376 me
1142 4324 1194 4377 iu
1226 4321 1410 4378 Jesum
1435 4324 1714 4380 Christum
1743 4322 2118 4393 proferuntur,
2152 4345 2267 4383 am-

676 4412 840 4479 bigue
866 4412 1099 4468 fortasse
1128 4415 1269 4468 dicta
1294 4416 1634 4473 viderentur.
1664 4418 1771 4476 Sed
1803 4424 1847 4477 si
1879 4421 2119 4480 Joannes
2147 4426 2267 4495 qui-

2384 1929 2539 1982 Σιῶν·
2580 1930 2794 1999 ὖψωσον
2822 1933 2885 1999 τῇ
2916 1929 3058 1999 ἰσχύῖ
3094 1930 3191 2000 τὴν
3226 1932 3409 2001 φωνήν
3442 1949 3536 1984 σου
3573 1935 3601 1985 6
3635 1932 3985 2003 εὐαγγελιζό-

2386 2038 2543 2091 μενος
2603 2022 2977 2091 Ἰερουσαλήμ.
3029 2022 3340 2091 ’1⁸ηφώσατε,
3382 2023 3456 2094 μὴ
3506 2023 3783 2092 φοϐεῖσθε,
3823 2021 3983 2080 εἷπον

2381 2118 2499 2181 ταῖς
2536 2117 2754 2170 πόλεσιν
2788 2118 2978 2171 Ἰούδα·
3030 2118 3157 2171 Ἰδού
3185 2122 3212 2172 6
3245 2118 3377 2182 Θεὸς
3412 2118 3586 2190 ὑμῶν,
3624 2120 3830 2193 Κύριος
3871 2122 3982 2174 ίδο)

2384 2206 2699 2277 μετ’ίσχύος
2727 2206 2965 2278 ἔρχεται,
3004 2207 3098 2261 καὶ
3136 2212 3165 2261 6
3201 2208 3441 2279 βραχίων
3479 2211 3615 2282 μετὰ
3652 2212 3849 2283 κυρίας
3892 2212 3984 2284 ἔρ-

2380 2314 2553 2366 χεται.
2594 2298 2726 2350 Ἰδοὺ
2763 2301 2791 2351 6
2830 2298 3017 2368 μισθὸς
3062 2300 3385 2369 μετάὐτοῦ,
3415 2303 3511 2355 καὶ
3544 2303 3604 2355 τὸ
3638 2302 3799 2375 ἔργον
3833 2308 3983 2359 ἐναν-

2379 2390 2489 2441 τίον
2523 2389 2707 2442 αὐτοῦ.
2755 2390 2842 2453 Ὠς
2877 2390 3079 2461 ποιμὴν
3115 2394 3374 2461 ποιμανεῖ
3404 2394 3463 2445 τὸ
3498 2395 3753 2465 ποίμνιον
3787 2397 3980 2460 αὐτοῦ,

2380 2480 2473 2532 καὶ
2516 2479 2593 2550 τῷ
2629 2479 2868 2550 βραχίονι
2915 2481 3132 2547 συνάξει
3176 2482 3375 2554 ἄρνας,
3413 2484 3508 2537 καὶ
3542 2485 3639 2557 τὴν
3684 2488 3742 2539 ὲν
3776 2491 3981 2560 γαστρὶ

2378 2568 2605 2639 ἔχουσαν
2631 2571 3025 2643 παρακαλέσει.
3054 2572 3149 2636 Τίς
3174 2576 3446 2647 ὲμέτρησε
3472 2579 3536 2648 τῇ
3564 2578 3709 2649 χειρὶ
3726 2580 3785 2631 τὸ
3807 2579 3973 2651 ὕδωρ.

2378 2660 2472 2713 καὶ
2506 2661 2596 2714 τὸν
2624 2663 2851 2734 οὐρανὸν
2887 2664 3158 2735 σπιθαμῇ,
3191 2667 3283 2719 καὶ
3318 2667 3499 2721 πᾶσαν
3522 2668 3618 2740 τὴν
3641 2672 3745 2742 γῆν
3778 2671 3978 2743 δρακί;

2377 2759 2472 2822 Τίς
2520 2760 2716 2831 ἔστησε
2755 2764 2823 2817 τὰ
2859 2764 2957 2835 ὅρη
3000 2765 3247 2836 σταθμῷ,
3286 2766 3381 2820 καὶ
3416 2767 3513 2831 τὰς
3562 2771 3741 2833 νάπας
3787 2769 3978 2840 ζυγῷς

2377 2850 2471 2914 Τίς
2520 2852 2661 2920 ἔγνω
2714 2842 3131 2927 νούφΚυρίους
3170 2860 3264 2912 καὶ
3312 2862 3394 2924 τίς
3444 2860 3609 2913 αὐτοῦ
3666 2863 3977 2934 σύμϐουλος

2375 2943 2615 3011 ἐγένετο,
2636 2946 2693 3008 ὃς
2724 2947 3050 3016 συμϐιϐάσει
3078 2951 3271 3015 αὐτόν;
3298 2953 3366 3004 Ἣ
3397 2953 3531 3024 πρὸς
3564 2953 3685 3007 τίνα
3720 2954 3981 3009 συνεϐου-

2374 3035 2605 3090 λεύσατο
2640 3040 2734 3092 καὶ
2772 3041 3125 3095 συνεϐίϐασεν
3158 3044 3353 3109 αὐτόν;
3385 3047 3456 3097 Ἢ
3481 3047 3564 3109 τίς
3590 3046 3790 3112 ἔδειξεν
3824 3049 3979 3119 αὐτῷ

2374 3129 2586 3201 κρίσιν;
2622 3131 2654 3201 ἢ
2684 3130 2800 3183 ὁδὸν
2837 3134 3104 3199 συνέσεως
3136 3136 3220 3200 τίς
3253 3136 3548 3208 ἐγνώρισεν
3576 3139 3757 3211 αὐτῷς
3785 3141 3978 3195 Πάντα

2374 3222 2439 3275 τὰ
2474 3221 2599 3292 ἔθνη
2634 3223 2709 3286 ὡς
2744 3224 2956 3293 σταγὼν
2988 3226 3098 3280 ἀπὸ
3133 3228 3297 3281 κάδου
3321 3272 3334 3295 ,
3378 3230 3471 3284 καὶ
3506 3231 3581 3294 t'og
3616 3234 3758 3305 ῥοπὴ
3798 3234 3972 3304 ζυγοῦ

2374 3314 2759 3386 ἐλογίσθησαν,
2800 3318 2891 3369 καὶ
2938 3317 3013 3381 ὡς
3063 3320 3292 3385 πτυελὸς
3337 3320 3771 3393 λογισθήσονται.
3823 3326 3881 3380 Ὀ
3913 3328 3975 3381 δὲ

2373 3416 2604 3479 Λίϐανος
2656 3419 2753 3487 οὐχ
2799 3419 2996 3483 ἱκανῶς
3034 3419 3143 3491 (‘26)
3179 3424 3258 3485 εἰς
3294 3421 3518 3487 καῦσιν,
3555 3424 3650 3476 καὶ
3683 3426 3749 3479 τὰ
3783 3428 3976 3499 τετρά-

2373 3511 2509 3563 ποδα
2539 3512 2636 3580 οὐχ
2674 3512 2831 3565 ἱκανὰ
2868 3513 2947 3576 εἰς
2981 3512 3378 3583 ὁλοκάρπωσιν,
3407 3516 3498 3568 καὶ
3525 3516 3705 3571 πάντα
3737 3518 3805 3572 τὰ
3838 3519 3975 3592 ἔθνη

2369 3603 2543 3667 οὐδὲν,
2574 3605 2667 3657 καὶ
2697 3607 2778 3667 είς
2811 3605 2964 3657 οὐδὲν
2999 3604 3378 3675 ἐλογίσθησαν.
3409 3627 3425 3657 ι

2442 3696 2530 3749 51.
2568 3697 2677 3749 Καὶ
2713 3695 3065 3767 παυσαμένου
3094 3714 3195 3767 μου
3223 3694 3378 3751 εἶπεν
3404 3700 3431 3751 6
3461 3698 3694 3771 Τρύφων
3714 3719 3727 3731 ·
3771 3703 3969 3773 Ἀμφίο

2372 3789 2517 3843 ϐολοι
2555 3790 2652 3859 μὲν
2701 3791 2903 3853 πάντες
2951 3792 2998 3843 οἱ
3051 3789 3197 3857 λόγοι
3230 3792 3329 3861 τῆς
3379 3792 3715 3863 προφητείας
3753 3797 3819 3867 ἢν
3857 3798 3968 3868 φῂς

2375 3883 2437 3934 σὺ
2463 3920 2477 3943 ,
2513 3875 2557 3934 ὦ
2600 3882 2888 3952 ἄνθρωπε,
2944 3882 3039 3935 καὶ
3077 3882 3229 3935 οὐδὲν
3274 3884 3541 3956 τμητικὸν
3566 3886 3655 3947 είς
3693 3885 3967 3954 ἀπόδειξιν

2371 3964 2543 4044 οὗπερ
2572 3972 2750 4043 βούλει
2782 3972 3061 4039 ἀποδεῖξαι
3089 3972 3321 4043 ἔχοντες.

2445 4066 2613 4136 Κάγὼ
2650 4068 3070 4139 ἀπεκρινάμην·
3118 4070 3180 4121 Ei
3233 4069 3332 4139 μὲν
3382 4070 3456 4139 μὴ
3505 4070 3819 4125 ἐπαύσαντο
3865 4072 3964 4125 καὶ

2371 4160 2551 4213 οὐκέτι
2596 4160 2844 4227 ἐγένοντο
2876 4163 2922 4213 οἱ
2965 4161 3242 4231 προφῆται
3293 4163 3350 4213 ἐν
3384 4161 3461 4231 τῷ
3493 4160 3640 4231 γένει
3675 4162 3829 4234 ὐμῶν
3851 4203 3868 4227 ,
3917 4158 3962 4217 ὦ

2372 4250 2625 4321 Τρύφων,
2656 4252 2792 4323 μετὰ
2824 4253 3010 4306 τοῦτον
3034 4253 3123 4305 τὸν
3159 4254 3430 4324 Ἰωάννην,
3458 4254 3725 4325 δῆλονὸτι
3754 4256 3789 4309 ἃ
3819 4256 3961 4327 λέγω

2371 4345 2451 4407 εἰς
2490 4343 2696 4414 Ἰησοῦν
2730 4345 2822 4398 τὸν
2857 4346 3110 4417 Χριστὸν,
3150 4345 3280 4409 ἴσως
3328 4346 3603 4418 ἀμφίϐολα
3628 4350 3823 4400 ἐνοεῖτε
3846 4349 3959 4419 (27)

2374 4436 2510 4493 εἶναι
2555 4440 2621 4493 τὰ
2656 4440 2941 4511 λεγόμενα.
2987 4442 3049 4493 Ei
3093 4441 3148 4495 δὲ
3194 4441 3446 4510 Ἰωάννης
3494 4440 3594 4510 μὲν
3628 4441 3959 4512 προελήλυθε

668 4503 802 4557 ἰιοιιι
830 4510 1107 4575 praecessit
1143 4508 1388 4568 clamans
1441 4513 1760 4571 hominibus
1788 4526 1846 4570 ut
1880 4519 2258 4589 pmuitentiam

2378 4532 2507 4599 Βοῶν
2527 4535 2637 4596 τοῖς
2664 4533 2969 4604 ἀνθρώποις
2995 4535 3292 4604 μετανοεῖν,
3322 4534 3415 4586 καὶ
3450 4533 3707 4603 Χριστὸς,
3746 4532 3825 4587 ἔτι
3856 4535 3958 4587 αὐ-

675 4607 936 4666 agerent;
969 4600 1127 4667 eique
1156 4603 1335 4659 adhuc
1368 4606 1435 4659 ad
1462 4606 1685 4662 ﬂuvium
1710 4608 2010 4667 Jordauem
2052 4619 2261 4671 sedenti

676 4693 1072 4759 superveniens
1101 4693 1351 4750 Christus
1383 4698 1543 4753 linem
1581 4703 1766 4758 attulit
1816 4706 2150 4761 vaticinandi
2210 4721 2263 4765 et

673 4781 989 4850 baptizandi
1013 4800 1029 4849 ;
1062 4786 1175 4855 ipse
1204 4801 1386 4844 autem
1435 4790 1790 4863 Evangelium
1816 4812 2036 4867 quoque
2063 4802 2264 4870 przedi-

674 4890 736 4926 ea
747 4890 803 4930 re
825 4877 1012 4947 cmpit,
1033 4893 1262 4949 regnum
1289 4883 1549 4939 caularum
1581 4888 1771 4945 dicens
1795 4894 2259 4963 apprOpinquare,

673 4980 841 5036 seque
866 4970 1033 5023 multa
1058 4988 1086 5024 a
1120 4973 1335 5029 Scribis
1364 4987 1419 5030 et
1445 4979 1736 5037 Pharisazis
1761 4987 1870 5053 pati
1901 5000 2177 5056 Oportere,
2204 4999 2258 5044 et

671 5059 911 5133 cruciﬁgi
941 5074 996 5117 et
1024 5066 1191 5118 tertio
1221 5064 1311 5122 die
1342 5083 1645 5139 resurgere,
1676 5089 1739 5129 ac
1772 5074 2043 5145 futurum,
2066 5090 2123 5133 ut
2156 5082 2257 5135 ite-

740 5261 784 5294 “
827 5264 928 5318 lsa.
963 5280 1051 5327 XL,
1084 5261 1228 5320 l-l7.

740 5441 855 5517 {26)
889 5443 1009 5517 Οὐχ
1044 5443 1281 5517 ἱκανῶς.
1310 5445 1557 5499 Erratum
1607 5462 1730 5503 esse
1784 5464 1883 5517 pro
1936 5450 2140 5515 ἱκανός,
2190 5465 2249 5509 ιιι

667 5514 938 5593 habemus
973 5516 1045 5593 in"
1083 5515 1291 5593 Bibliis,
1324 5518 1611 5574 admonuit
1670 5514 1980 5577 Perionius.
2022 5514 2246 5593 Legitur

668 5582 851 5644 ἱκανός
883 5586 933 5634 ιιι
966 5585 1097 5636 edit.
1124 5584 1300 5640 Paris.

739 5652 854 5731 re?)
898 5654 1162 5731 ’Exoeite.
1202 5656 1429 5731 luserat
1453 5657 1677 5731 Trypho
1698 5663 1953 5729 ambigua
2007 5664 2110 5717 sibi
2166 5666 2248 5719 vi-

666 5721 1121 5800 derihprophetia;
1175 5728 1359 5782 verba.
1391 5728 1505 5782 Cur
1532 5721 1686 5795 ’ἐι-κο
1720 5735 1797 5787 ait
1835 5721 2086 5789 Justinus
2118 5736 2249 5800 ἴσως

664 5792 940 5864 ἀμφίϐολα
972 5794 1171 5851 ὲνοείτε
1194 5834 1211 5862 ,
1246 5816 1265 5852 ι
1298 5799 1439 5856 forte
1469 5792 1723 5873 ambigue
1742 5806 1885 5861 dicta
1916 5807 2067 5862 vobis
2098 5792 2249 5864 vide;

2367 4625 2461 4677 τοῦ
2500 4624 2868 4695 καθεζομένου
2904 4626 2996 4677 ἐπὶ
3030 4625 3123 4678 τοῦ
3166 4624 3429 4695 Ἰορδάνου
3478 4626 3757 4695 ποταμοῦ,
3796 4626 3959 4679 ἐπελ-

2370 4716 2477 4770 Οὼν
2522 4717 2726 4770 ἔπαυσε
2762 4735 2821 4770 τε
2857 4717 3018 4770 αὐτὸν
3051 4716 3146 4769 τοῦ
3184 4716 3549 4788 προφητεύειν
3578 4716 3689 4788 (28)
3726 4719 3817 4771 καὶ
3863 4717 3957 4787 βα-

2367 4807 2613 4872 πτίζειν,
2675 4812 2764 4861 καί
2817 4808 3201 4879 εὐηγγελίζετο
3255 4809 3349 4862 καὶ
3407 4807 3567 4871 αὐτὸς
3614 4808 3828 4875 λέγων,
3878 4810 3955 4861 ὃτι

2365 4902 2532 4970 ἐγγύς
2568 4906 2713 4955 ἐστιν
2748 4904 2780 4973 ἡ
2819 4901 3065 4971 βασιλεία
3110 4902 3218 4953 τῶν
3266 4900 3513 4973 οὐρανῶν
3540 4941 3552 4963 ,
3608 4900 3701 4953 καὶ
3747 4901 3831 4953 ὅτι
3879 4900 3956 4953 δεῖ

2364 4993 2527 5046 αὐτὸν
2557 4993 2724 5047 πολλὰ
2759 4994 2949 5047 παθεῖν
2984 4993 3091 5045 ἀπὸ
3118 4993 3225 5045 τῶν
3259 4993 3633 5065 γραμματέων
3668 4992 3762 5044 καὶ
3794 4992 3956 5063 Φαρι-

2368 5088 2557 5149 σαίων,
2595 5088 2688 5139 καὶ
2724 5085 3146 5156 σταυρωθῆναι,
3182 5083 3277 5138 καὶ
3308 5088 3374 5157 τῇ
3411 5086 3570 5159 τρίτῃ
3608 5085 3794 5155 ἡμέρα
3827 5085 3957 5139 ἀνα-ι

2364 5462 2575 5509 rcntur.
2611 5474 2629 5507 ι
2668 5456 2724 5510 Si
2761 5457 3004 5523 legamus
3028 5460 3248 5523 ὲνοεῖτο,
3287 5457 3465 5514 soluta
3498 5459 3599 5514 erit
3633 5457 3946 5517 diﬂieultas.

2435 5526 2547 5599 (9.8)
2584 5528 2850 5582 Ἔπαυσέ
2912 5545 2973 5582 τε
3031 5531 3217 5583 αὐτὸν
3262 5530 3370 5583 τοῦ
3430 5530 3849 5599 προφητεύειν.
3888 5530 3944 5584 Ιιι

2360 5598 2608 5652 eamdem
2671 5600 2999 5653 sententiam
3058 5599 3313 5655 Justinus
3362 5599 3505 5654 infra
3546 5598 3603 5655 ιι.
3636 5602 3725 5664 87,
3777 5599 3945 5654 inter-

2363 5677 2609 5733 pretatur
2666 5669 2795 5721 illud
2856 5669 3006 5723 Isaiae
3040 5688 3055 5725 :
3094 5688 3113 5721 ι
3158 5669 3226 5724 Et
3261 5673 3564 5739 requiescet
3623 5686 3785 5739 super
3822 5685 3941 5724 eum

2364 5738 2601 5797 Spiritus
2638 5740 2872 5794 Domini.
2909 5759 2927 5790 ι
2968 5739 3242 5794 Justiumu
3292 5738 3543 5797 imitatur
3578 5738 3943 5797 Tertulliauus

2361 5809 2454 5865 lib.
2484 5823 2536 5863 tv
2569 5809 2623 5863 in
2658 5809 3010 5883 Marciorum,
3035 5827 3087 5867 c.
3122 5814 3206 5868 18.
