4108 6418
235 384 344 440 589

1196 382 1544 442 DIALOGUS
1579 383 1726 441 CUM
1765 381 2144 439 TRYPHONE
2179 382 2443 438 JUDA‘JO.

3407 384 3511 438 :illii

236 501 430 571 στῆναι
451 541 465 565 ,
501 502 594 556 καὶ
623 502 785 556 πάλιν
819 504 1388 582 παραγενήσεσθαιέν
1437 501 1807 575 Ἰερουσαλὴμ,

1927 516 2042 553 rum
2079 499 2514 570 Hierosolymam
2548 500 2780 562 veniret,
2809 509 3029 570 tumque
3063 515 3168 554 una
3197 515 3321 556 cum
3346 499 3508 554 disci-

232 593 329 645 xai.
363 593 480 646 τότε
526 596 638 656 τοῖς
683 593 949 665 μαθηταῖς
991 594 1158 648 αὐτοῦ
1205 597 1460 665 συμπιεῖν
1510 593 1672 649 πάλιν
1721 595 1812 646 καὶ

235 689 545 756 συμφαγεῖν
565 726 579 749 ,
617 687 710 739 καὶ
745 689 803 740 ὲν
827 687 906 757 τῷ
945 687 1146 757 μεταξὺ
1172 687 1271 758 τῆς
1301 687 1604 758 παρουσίας
1647 686 1812 740 αὐτοῦ

235 779 411 848 χρόνῳ
435 820 448 842 ,
483 780 559 842 ὡς
604 781 877 851 προέφην,
928 779 1255 851 γενήσεσθαι
1292 781 1456 849 ἱερεῖς
1485 780 1579 831 καὶ
1621 777 1811 847 ψευδο-

234 874 518 939 προφήτας
563 870 673 942 (29)
707 872 799 923 ἐπὶ
847 869 925 940 τῷ
968 871 1192 941 ὀνόματι
1228 869 1394 924 αὑτοῦ
1431 871 1810 942 προεμήνυσε,

231 963 328 1013 καὶ
359 961 502 1016 οὕτω
533 964 779 1031 φαίνεται
803 961 961 1017 δντασ
999 963 1118 1028 πῶς
1151 963 1230 1016 ἔτι
1258 962 1618 1033 ἁμφιϐάλλειν
1645 963 1810 1024 ἔστιν,

229 1052 379 1122 ἔργῳ
433 1053 721 1122 πεισθῆναι
770 1053 923 1124 ὑμῶν
973 1052 1238 1124 ὲχόντων;
1297 1054 1555 1124 Εἰρήκειν
1594 1053 1706 1123 (50)
1757 1054 1812 1106 δὲ

231 1147 364 1218 περὶ
388 1147 480 1201 τοῦ
520 1149 714 1219 μηκέτι
748 1147 1076 1219 γενήσεσθαι
1106 1150 1164 1201 ὲν
1195 1146 1274 1219 τῷ
1307 1147 1453 1216 γένει
1487 1147 1641 1218 ὑμῶν
1677 1165 1812 1216 προ-

229 1242 429 1312 φήτην,
473 1241 564 1294 καὶ
597 1242 724 1312 περὶ
755 1241 850 1293 τοῦ
897 1234 1193 1308 ἐπιγνῶναι
1227 1241 1308 1293 ὅτι
1343 1243 1374 1312 ὴ
1410 1239 1578 1294 πάλαι
1610 1258 1814 1311 κηρυσ-

231 1333 436 1402 σομένη
487 1332 592 1385 ὑπὸ
638 1331 728 1385 τοῦ
762 1333 896 1386 Θεοῦ
956 1332 1114 1404 καινὴ
1166 1333 1411 1404 Διαθήκη
1460 1332 1812 1404 διαταχθήσε-

232 1424 353 1477 σθαι
391 1425 500 1494 (3|)
527 1467 541 1489 ,
587 1425 687 1496 ἤδη
733 1426 853 1478 τότε
894 1426 1072 1497 παρῆν
1097 1467 1111 1491 ,
1150 1427 1426 1479 τουτέστιν
1468 1425 1630 1489 αὐτὸς
1671 1427 1745 1478 ὢν
1786 1429 1814 1478 ὁ

227 1517 497 1588 Χριστὸς,
533 1517 734 1582 οὕτως’
769 1541 784 1569 ι
837 1519 894 1571 Ὀ
928 1520 1092 1589 νόμος
1122 1520 1215 1571 καὶ
1243 1520 1292 1571 οξ
1335 1518 1612 1590 προφῆται
1651 1520 1813 1592 μέχρι

240 1610 489 1662 Ἰωάννου
520 1609 612 1663 τοῦ
637 1610 940 1664 Βαπτιστοῦ
961 1627 975 1642 ⁶
1009 1610 1192 1677 ὲξότου
1227 1614 1261 1683 ἡ
1309 1610 1556 1682 βασιλεία
1587 1615 1695 1669 τῶν
1726 1617 1814 1667 ού-

229 1702 412 1773 ρανῶν
440 1702 714 1772 βιάζεται,
745 1705 839 1757 καὶ
863 1703 1079 1773 βιασταὶ
1110 1703 1448 1776 ἁρπάζουσιν
1483 1707 1670 1777 αὑτήν.
1706 1708 1814 1760 Καὶ

225 1799 275 1848 εἰ
332 1795 510 1848 Θέλετε
561 1795 846 1862 δέξασθαι,
893 1796 1054 1859 αὑτός
1105 1798 1252 1849 ἐστιν
1299 1796 1482 1862 Ἠλίας
1528 1801 1557 1852 ὁ
1605 1800 1812 1871 μέλλων

225 1887 508 1958 ἔρχεσθαι.
547 1889 604 1942 ’0
641 1887 778 1959 ἔχων
813 1881 926 1940 ὦτα
961 1886 1215 1950 ἀκούειν,
1249 1887 1512 1942 ἀκουέτω.
1560 1909 1578 1941 ›

297 1979 387 2031 59..
433 1979 540 2031 Καὶ
586 1977 672 2032 διὰ
719 1979 911 2033 Ἰακὼό
947 1981 1004 2034 δὲ
1047 1979 1140 2033 τοῦ
1188 1982 1525 2054 πατριάρχου
1574 2000 1816 2054 προειρη-

222 2070 393 2142 τεύθη
428 2073 509 2126 ὅτι
557 2072 649 2125 δύο
689 2073 782 2126 τοῦ
822 2074 1059 2147 Χριστοῦ
1098 2075 1393 2148 παρουσίαι
1429 2075 1674 2136 ἔσονται,
1724 2079 1815 2131 καὶ

224 2164 308 2214 ὅτι
340 2163 399 2214 ὲν
431 2166 496 2233 τῇ
527 2162 716 2236 πρώτῃ
749 2163 989 2235 παθητὸς
1016 2164 1168 2218 ἔσται
1188 2206 1202 2228 ,
1241 2166 1333 2220 καὶ
1356 2167 1437 2219 ὅτι
1475 2167 1611 2237 μετὰ
1634 2167 1695 2220 τὸ
1721 2170 1816 2223 αὖ·

223 2255 316 2308 τὸν
351 2257 526 2310 ἐλθεῖν
558 2256 680 2310 οὗτε
711 2260 998 2331 προφήτης
1027 2258 1151 2312 οὔτε
1187 2259 1438 2330 βασιλεὺς
1469 2262 1525 2314 ἐν
1560 2261 1638 2332 τῷ
1667 2262 1814 2330 γένει

226 2347 383 2417 ὑμῶν
407 2389 422 2410 ,
461 2347 805 2420 (ὲπήνεγκα,)
842 2349 934 2401 καὶ
971 2349 1050 2402 ὅτι
1085 2349 1152 2401 τὰ
1200 2350 1324 2421 ἔθνη
1364 2351 1686 2405 πιστεύοντα
1721 2352 1815 2404 ἐπὶ

224 2454 318 2490 τον
351 2439 590 2511 παθητὸν
615 2442 867 2512 Χριστὸν,
903 2441 1065 2494 πάλιν
1101 2444 1615 2514 παραγενησόμενον
1647 2462 1815 2516 προσ-

222 2529 462 2601 δοκήσει.
510 2533 597 2584 Ἐν
629 2532 907 2604 παραϐολῇ
945 2533 999 2586 δὲ
1029 2535 1121 2586 καὶ
1149 2535 1731 2606 παρακεκαλυμμένως
1755 2537 1816 2590 τὸ

224 2622 454 2695 Πνεῦμα
499 2625 564 2676 τὸ
613 2625 763 2692 ἅγιον
795 2625 882 2678 διὰ
919 2626 1077 2678 τοῦτο
1113 2627 1221 2697 (5'2)
1275 2628 1411 2680 αὐτὰ
1461 2629 1810 2701 ἐλελαλήκει,

225 2715 364 2786 ἔφην
385 2733 396 2744 ·
435 2715 607 2780 οὕτως
639 2717 694 2769 δὲ
723 2717 1000 2788 εἰρηκέναι
1031 2718 1342 2788 ὲπήνεγκα·
1378 2739 1394 2769 ι
1451 2719 1649 2782 Ἰούδα,
1686 2720 1811 2789 ᾔνε-

226 2807 328 2862 σὰν
360 2825 418 2860 σε
453 2810 498 2860 οἱ
531 2808 743 2878 ἀδελφοί
781 2827 874 2862 σου
897 2828 908 2840 ·
947 2811 1002 2862 αἱ
1029 2811 1210 2882 χεῖρές
1251 2829 1344 2864 σου
1373 2814 1467 2865 ἐπὶ
1494 2811 1663 2865 νώτου
1705 2813 1814 2865 τῶν

223 2899 436 2971 ἐχθρῶν
473 2918 598 2953 σου·
637 2904 1074 2974 προσκυνήσουσί
1127 2923 1185 2956 σε
1217 2909 1265 2958 οἱ
1314 2906 1418 2957 υἱοὶ
1461 2905 1555 2958 τοῦ
1607 2907 1814 2977 πατρὸς

224 3003 345 3046 σου.
381 2992 623 3063 Σκύμνος
669 2993 878 3057 λέοντος
921 2993 1120 3048 Ἰούδα·
1161 2997 1226 3048 ὲκ
1267 2995 1526 3066 βλαστοῦ,
1567 2996 1647 3048 υἱέ
1689 3014 1810 3066 μου,

223 3084 448 3154 ἀνέϐης.
498 3085 807 3138 Ἀναπεσὼν
842 3087 1110 3158 ἐκοιμήθη
1151 3086 1225 3150 ὡς
1269 3087 1402 3140 λέων
1449 3089 1541 3140 καὶ
1577 3087 1653 3150 ὡς
1681 3087 1811 3140 σκύ-

225 3193 397 3247 μνος·
444 3177 528 3241 τίς
588 3179 773 3250 ἐγερεί
826 3179 1020 3244 αὖτόνς
1076 3181 1176 3233 οὐκ
1236 3180 1472 3250 ἐκλείψει
1524 3181 1704 3250 ἅρχων
1751 3179 1810 3243 ἐξ

1919 591 2067 660 pulis
2106 591 2297 644 ederet
2329 607 2390 642 ac
2427 590 2658 652 biberet,
2688 605 2750 642 ac
2783 593 2991 644 interea
3024 592 3150 642 dum
3186 589 3418 653 veniret,
3453 589 3506 641 in

1918 688 2090 757 ipsius
2118 692 2357 752 nomine,
2391 701 2448 742 ut
2468 690 2577 758 jam
2610 688 2719 740 dixi
2747 688 2813 752 ⁸⁸,
2852 695 3165 741 sacerdotes
3189 697 3244 740 et
3272 688 3508 754 prophe-

1919 790 1985 835 ta;
2014 779 2135 833 falsi
2165 780 2472 848 prodirent,
2513 794 2632 845 qua:
2661 778 2877 845 quidem
2918 778 2988 832 ita
3013 778 3264 832 evenisse
3295 776 3465 848 liquet
3494 794 3508 839 ;

1915 871 2192 938 quomodo
2224 871 2401 926 adhuc
2430 870 2683 924 dubitare
2724 869 2805 924 fas
2839 871 2927 930 sit.
2955 884 3076 923 cum
3107 884 3194 924 res
3223 873 3353 939 ipsa
3407 883 3503 921 vo-

1917 960 1996 1013 bis
2029 960 2360 1029 persuadere
2385 959 2636 1030 possint?
2666 958 2887 1014 Nullum
2906 969 3086 1014 autem
3119 961 3375 1029 deinceps
3429 960 3515 1014 fu-

1918 1062 2099 1107 turum
2149 1053 2200 1105 in
2232 1062 2412 1106 vestro
2434 1067 2633 1124 genere
2663 1054 2986 1121 prophetam
3029 1054 3264 1118 dixerat,
3325 1063 3492 1122 atque

1917 1157 1976 1202 ιιι
2005 1147 2260 1201 homines
2289 1153 2654 1215 agnoscerent
2687 1161 2886 1199 novum
2927 1146 3056 1199 illud
3090 1156 3499 1209 testamentum,

1913 1241 2059 1310 quod
2106 1241 2237 1306 olim
2296 1241 2439 1295 Deus
2499 1241 2810 1295 institutum
2842 1240 2907 1292 iri
2937 1241 3362 1306 praedicarent,
3392 1239 3505 1308 jam

1918 1345 2028 1388 tum
2060 1336 2276 1400 adesse,
2319 1335 2421 1388 hoc
2453 1345 2558 1398 est,
2602 1333 2865 1401 scipsum,
2899 1332 3102 1402 quippe
3135 1332 3225 1400 qui
3259 1332 3512 1387 Christus

1916 1436 2082 1493 esset,
2140 1428 2221 1480 sic
2275 1443 2372 1481 eos
2427 1426 2808 1494 alloquebatur
2849 1444 2864 1478 :
2909 1443 2926 1476 ι
2974 1425 3084 1478 Lex
3133 1435 3189 1478 et
3229 1426 3505 1494 propheta!

1917 1535 2088 1588 usque
2120 1520 2188 1572 ad
2217 1517 2484 1574 Joannem
2521 1519 2860 1588 Baptistam:
2895 1532 2960 1570 ex
3000 1531 3108 1584 quo
3146 1527 3385 1585 tempore
3421 1533 3505 1569 re-

1917 1628 2080 1682 gnum
2107 1611 2371 1665 caelorum
2405 1611 2511 1662 vim
2556 1610 2784 1677 patitur,
2819 1617 2876 1660 et
2907 1607 3132 1662 violenti
3197 1610 3417 1676 rapiunt
3445 1609 3505 1659 il-

1922 1703 2036 1756 lud.
2074 1701 2140 1756 Et
2171 1701 2216 1756 si
2253 1701 2418 1755 vultis
2451 1701 2720 1769 recipere,
2776 1700 2890 1768 ipse
2924 1708 3008 1753 est
3047 1699 3216 1760 Elias.
3249 1699 3339 1767 qui
3381 1714 3508 1753 reu-

1925 1801 2083 1848 tu‘rus
2123 1802 2261 1847 erat.
2287 1791 2386 1859 Qui
2413 1793 2578 1846 habet
2611 1808 2775 1844 aures
2807 1791 3088 1853 audiendi,
3118 1793 3299 1845 audiat
3335 1791 3435 1843 ⁸⁷.»

1989 1970 2080 2028 52.
2119 1968 2284 2023 Jacob
2311 1970 2444 2023 duo:
2474 1970 2673 2022 Clu-isti
2696 1970 2949 2023 adventus
2976 1968 3243 2034 prwdixit.
3279 2000 3345 2008 ———
3379 1969 3507 2022 Illud

1925 2068 2088 2120 etiam
2145 2081 2172 2118 a
2209 2064 2412 2119 Jacobo
2465 2065 2777 2126 patriarcha
2845 2065 3164 2133 prmdictum
3225 2075 3331 2127 est,
3374 2068 3508 2119 dum

1917 2159 2125 2213 Christi
2160 2158 2426 2211 athentus
2462 2158 2697 2222 futuros,
2731 2171 2963 2224 eumque
2995 2157 3048 2209 in
3079 2158 3256 2224 primo
3288 2173 3506 2224 perpes-

1921 2248 2167 2302 sionibus
2218 2247 2516 2302 obnoxium
2569 2246 2709 2310 fore,
2746 2262 2811 2301 ac
2852 2259 3137 2316 postquam
3197 2250 3505 2310 advenerit,

1923 2359 2022 2400 nec
2053 2345 2375 2414 prOphetam
2411 2361 2508 2400 nec
2545 2343 2706 2415 148
2736 2361 2916 2415 regem
2962 2346 3012 2398 in
3050 2359 3235 2401 vestro
3292 2363 3498 2418 genere

1919 2435 2158 2490 futurum
2185 2439 2281 2506 (ita
2307 2438 2449 2490 enim
2472 2437 2811 2506 pergebam),
2845 2447 3034 2506 gentes
3057 2450 3235 2494 autctn
3268 2440 3319 2491 in
3344 2439 3502 2494 Chri-

1917 2541 2060 2584 stum
2096 2531 2446 2600 paSsionibus
2482 2531 2783 2582 obnoxium
2820 2534 3130 2596 credentes,
3165 2549 3352 2586 rursus
3377 2551 3500 2585 ven-

1920 2635 2099 2679 turum
2131 2633 2567 2690 exspectaturas.
2601 2625 2784 2692 Atque
2820 2625 2926 2680 hac
2952 2628 3020 2679 de
3043 2641 3232 2690 causa,
3267 2629 3501 2695 aiebam,

1920 2720 1972 2773 in
2005 2717 2280 2788 parabolis
2306 2728 2358 2770 et
2388 2731 2588 2771 arcane
2607 2718 2845 2787 Spiritus
2875 2730 3096 2774 sanctus
3126 2722 3239 2774 haec
3262 2722 3503 2778 tradidit.

1919 2809 2011 2865 Sic
2049 2821 2234 2865 autem
2263 2811 2412 2864 illum
2441 2811 2682 2866 locutum
2721 2827 2842 2867 esse
2890 2813 3074 2868 addidi
3105 2832 3118 2866 :
3154 2835 3172 2866 ι
3206 2815 3362 2878 Juda,
3395 2817 3505 2870 lau-

1917 2907 2185 2960 daverunt
2220 2916 2274 2962 te
2303 2908 2505 2964 fratres
2530 2910 2629 2970 tui,
2667 2926 2863 2964 manus
2923 2920 3026 2965 ture
3083 2927 3247 2981 super
3287 2915 3505 2968 dorsum

1919 2997 2267 3052 inimicorum
2325 3009 2578 3065 tuorum;
2637 3001 2955 3055 adorabunt
2976 3013 3026 3057 te
3057 3003 3150 3056 lilii
3197 3007 3366 3074 patris
3403 3007 3502 3061 tui.

1916 3091 2140 3145 Catulus
2173 3091 2346 3146 leonis
2371 3089 2508 3144 Juda
2546 3111 2557 3144 :
2599 3106 2667 3145 ex
2699 3094 2968 3160 genuine,
3002 3093 3073 3146 (ili
3111 3097 3206 3157 tui,
3255 3097 3504 3148 ascendi-

1917 3183 1984 3235 sti
2020 3200 2032 3237 :
2063 3186 2388 3240 recumbens
2438 3185 2715 3248 dormivit,
2749 3196 2806 3238 nt
2849 3185 2952 3248 leo,
2987 3197 3041 3240 et
3072 3189 3226 3255 quasi
3261 3188 3500 3241 catulus.

237 3269 446 3332 Ἰούδα,
484 3271 578 3323 καὶ
616 3272 916 3341 ἡγούμενος
966 3274 1030 3326 ἐκ
1069 3273 1178 3326 τῶν
1228 3273 1420 3344 μηρῶν
1462 3273 1625 3326 αὑτοῦ
1649 3315 1661 3335 ,
1703 3273 1807 3336 ἕως

1913 3274 2355 3340 Quissuscitabit
2387 3278 2554 3330 eum?
2586 3275 2699 3328 Non
2727 3277 2940 3331 deliciet
2971 3279 3226 3346 princeps
3247 3295 3312 3332 ex
3343 3279 3501 3342 Juda,

221 3363 293 3416 ἂν
333 3363 457 3436 ἔλθῃ
501 3363 566 3416 τὰ
601 3363 934 3435 ἀποκείμενα
969 3365 1116 3436 αὐτῷ
1145 3365 1252 3436 (3'5)
1275 3383 1287 3394 ·
1329 3367 1423 3418 καὶ
1460 3368 1620 3433 αὐτὸς
1656 3367 1805 3418 ἔσται

224 3455 524 3526 προσδοκία
552 3456 740 3519 ἐθνῶν,
771 3458 1050 3527 δεσμεύων
1081 3458 1216 3528 πρὸς
1241 3457 1483 3529 ἄμπελον
1505 3459 1594 3513 τὸν
1630 3460 1806 3513 πῶλον

222 3549 394 3605 αὑτοῦ
419 3591 433 3613 ,
468 3549 561 3603 καὶ
585 3553 650 3620 τῇ
685 3551 826 3603 ἕλικι
859 3551 948 3604 τὸν
983 3550 1162 3604 πῶλον
1188 3552 1290 3622 τῆς
1314 3552 1436 3605 ὄνου
1469 3553 1634 3606 αὑτοῦ
1669 3555 1802 3626 (54).

223 3643 426 3696 Πλυνεί
467 3647 525 3696 έν
575 3643 701 3714 οἴνῳ
752 3645 848 3716 τὴν
896 3643 1084 3716 στολὴν
1135 3645 1300 3698 αὐτού
1327 3686 1340 3709 ,
1376 3646 1468 3698 καὶ
1505 3649 1563 3700 ὲν
1612 3648 1804 3717 αἵματι

224 3737 503 3807 σταφυλῆς
544 3737 642 3809 τὴν
691 3737 984 3810 περιϐολὴν
1025 3739 1212 3794 αὑτοῦ.
1250 3742 1498 3812 Χαροποὶ
1531 3744 1578 3794 οἱ
1613 3742 1812 3812 ὀφθαλ-

227 3832 322 3902 μοὶ
349 3831 513 3885 αὑτοῦ
547 3831 654 3885 ἀπὸ
678 3831 823 3886 οἴνου
860 3832 975 3904 (5'5)
997 3874 1010 3896 ,
1042 3836 1133 3887 καὶ
1165 3834 1349 3887 λευκοὶ
1379 3837 1426 3888 oi
1462 3835 1676 3899 ὀδόντες
1712 3838 1812 3888 αύ-

221 3924 319 3979 τοῦ
350 3924 425 3989 ὡς
463 3925 620 3994 γάλα.
657 3945 675 3976 ι
718 3925 838 3980 Ὅτι
871 3921 963 3980 οὖν
990 3927 1240 3981 οὐδέποτε
1276 3930 1333 3981 ἐν
1367 3928 1444 3998 τῷ
1476 3930 1620 3998 γένει
1656 3930 1808 4000 ὑμῶν

223 4017 505 4072 ἐπαύσατο
537 4015 659 4069 οὕτε
681 4022 984 4088 προφήτης,
1011 4018 1132 4071 οὔτε
1162 4020 1366 4088 ἄρχων,
1399 4017 1458 4082 ἐξ
1479 4018 1598 4071 ὅτου
1635 4018 1806 4090 ἀρχὴν

220 4111 403 4172 ἔλαϐε,
426 4112 615 4182 μέχρις
629 4102 690 4163 οὗ
707 4103 900 4182 οὗτοςδ
916 4109 1121 4182 Ἰησοῦς
1142 4111 1373 4182 Χριστὸς
1389 4111 1479 4163 καί
1501 4111 1690 4179 γέγονε
1715 4112 1805 4164 καὶ

220 4202 455 4266 ἔπαθεν,
488 4202 593 4255 οὐδ’
622 4201 990 4274 ἀναισχύντως
1029 4202 1325 4273 τολμήσετε
1357 4205 1529 4254 εἰπεῖν
1552 4243 1565 4265 ,
1599 4204 1630 4274 ἦ
1664 4204 1801 4256 ἁπο-

218 4296 392 4363 δεῖξαι
443 4296 613 4366 ἔχετε.
672 4297 782 4350 Καὶ
833 4295 942 4368 γὰρ
991 4295 1235 4367 Ἡρώδην
1278 4294 1420 4365 (56),
1450 4297 1542 4365 ἀφ’
1571 4293 1629 4350 οἶ)
1665 4297 1799 4349 ἔπα-

325 4455 372 4486 “
401 4469 455 4508 ιι.
479 4454 575 4509 9.5.
645 4454 690 4485 ’"
725 4452 920 4509 Matth.
955 4469 1032 4518 κι,
1067 4453 1251 4509 12-15.

1911 3378 1966 3421 et
1995 3370 2103 3422 dux
2140 3369 2205 3423 de
2238 3370 2540 3422 feruoribus
2573 3369 2691 3435 ejus
2715 3370 2883 3424 donec
2919 3371 3161 3437 veniant,
3196 3387 3313 3439 quae
3347 3387 3499 3442 repo-

1911 3465 2013 3517 sita
2047 3475 2174 3518 sunt
2201 3464 2284 3528 ei;
2313 3474 2367 3517 ct
2407 3465 2520 3532 ipse
2553 3463 2658 3517 erit
2688 3466 3026 3532 exspectatio
3053 3467 3501 3537 gentiumJigam

1913 3557 1976 3611 ad
2003 3558 2167 3611 vilem
2204 3558 2409 3628 pullmu
2443 3575 2620 3622 suum,
2657 3568 2711 3611 et
2743 3562 2807 3611 ad
2841 3559 3065 3612 helicent
3093 3559 3292 3627 pullum
3338 3563 3503 3615 asiztw

1909 3665 2039 3703 suae.
2074 3639 2305 3702 Lavahit
2339 3651 2389 3702 in
2423 3648 2549 3702 vino
2592 3648 2786 3702 stolam
2839 3665 3015 3710 suam,
3049 3659 3104 3702 et
3153 3652 3205 3702 in
3238 3650 3500 3717 sanguinu-

1915 3757 2030 3795 uva:
2058 3743 2312 3795 amictum
2347 3758 2527 3796 suum.
2575 3739 2726 3794 Fulvi
2769 3742 2912 3794 oculi
2952 3741 3071 3810 ejus
3101 3757 3212 3810 pra:
3267 3744 3417 3805 vino,
3447 3756 3493 3793 et

1914 3833 2135 3889 candidi
2186 3835 2380 3889 dentes
2409 3834 2530 3903 ejus
2566 3845 2625 3887 ut
2667 3835 2750 3888 lac
2790 3835 2857 3888 ⁸⁸.
2897 3853 2916 3886 ι
2957 3836 3127 3889 Porro
3187 3835 3238 3887 in
3301 3850 3499 3901 genere

1919 3937 2124 3990 vestro,
2157 3942 2221 3980 ex
2251 3942 2358 3996 quo
2391 3929 2603 3980 initium
2635 3932 2864 4001 accepit,
2893 3944 3065 3999 usque
3095 3929 3161 3982 ad
3193 3929 3322 3984 illud
3367 3940 3494 3983 tem-

1916 4036 2172 4091 pus,quo
2222 4023 2308 4076 hic
2364 4021 2524 4076 Jesus
2555 4021 2807 4077 Christus
2853 4032 3012 4078 natus
3071 4040 3133 4075 ac
3181 4038 3370 4090 passus
3391 4033 3498 4085 est,

1916 4115 2239 4183 prophetam
2293 4124 2388 4167 aut
2425 4115 2729 4182 principem
2787 4130 2911 4168 esse
2960 4131 3196 4183 unquam
3243 4115 3493 4170 desiisse.

1914 4220 2012 4258 nec
2039 4205 2382 4275 imprudenter
2400 4207 2582 4260 dicere
2610 4206 2902 4268 audebitis,
2930 4221 3028 4258 nec
3051 4205 3262 4258 habetis
3279 4208 3498 4258 deumn-

1913 4308 2113 4351 strare.
2147 4297 2280 4350 Nam
2307 4312 2428 4350 cum
2457 4295 2749 4361 Herodem,
2803 4306 2925 4367 post
2969 4312 3130 4366 quem
3167 4313 3356 4367 passus
3387 4312 3494 4356 est,

1328 4453 1372 4485 “
1401 4452 1537 4509 Gen.
1574 4470 1724 4517 thx,
1758 4452 1908 4506 842.

290 4610 406 4681 (39)
443 4609 632 4679 Ἰερεῖς
659 4611 753 4665 καὶ
776 4608 1299 4682 ψευδοπροφήτας.
1317 4610 1556 4682 Conjicit
1588 4608 1807 4682 Sylbur-

1921 4606 2044 4682 Non
2074 4605 2327 4676 culpandi
2370 4611 2604 4672 librarii,
2637 4610 2782 4678 quod
2811 4611 2896 4663 hic
2929 4607 3179 4664 Justinus
3213 4611 3371 4682 aliter
3429 4627 3491 4664 at:

235 4700 340 4746 {tus
369 4693 462 4735 aut
491 4683 772 4751 legendum
810 4681 1130 4751 ψευδιερεῖς,
1165 4691 1262 4734 aut
1314 4681 1385 4733 ita
1421 4681 1801 4748 explicandam

235 4701 340 4738 'IIIS
369 4701 462 4735 am
491 4701 772 4751 tegenuum
810 4701 1130 4751 ψευοιερεις,
1165 4701 1262 4734 ant
1314 4701 1385 4733 Ila
1421 4701 1800 4748 explicandam

212 4701 421 4808 Justini
456 4753 806 4807 sententiam.
841 4755 946 4805 Sed
991 4755 1034 4806 si
1083 4752 1210 4820 quid
1261 4753 1598 4804 immutaudu
1627 4771 1653 4801 ιι
1708 4753 1800 4812 sit,

219 4827 402 4895 legere
420 4825 602 4876 malim
626 4822 995 4895 aipécatg.Sic
1012 4825 1155 4877 enim
1185 4820 1433 4895 Justinus
1457 4838 1619 4895 supra
1640 4838 1691 4873 ιι.
1711 4821 1798 4882 ⁸55,

221 4893 480 4961 tanquam
524 4910 585 4945 ex
642 4897 822 4946 verbis
877 4894 1080 4948 Christi
1136 4893 1265 4946 illud
1317 4895 1500 4947 citat;
1545 4893 1801 4944 Ἔσονται

220 4966 497 5035 σχίσματα
514 4965 607 5017 καὶ
636 4964 894 5034 αἱρέσεις⁹
933 4984 949 5015 ι
982 4965 1155 5020 Erunt
1187 4963 1481 5018 schismata
1542 4973 1596 5015 et
1631 4966 1802 5035 Incre-

217 5034 331 5088 ses.
369 5055 387 5086 ι
425 5040 624 5090 Censet
660 5037 823 5088 etiam
860 5035 941 5089 Cl.
984 5035 1259 5088 Thirlbius
1307 5035 1593 5104 legendum
1639 5034 1795 5104 aipé-

216 5123 350 5167 σεις.
753 5166 756 5168 _

289 5178 400 5248 (30)
425 5175 1054 5245 Etprixew.-Leyendum
1077 5177 1306 5248 εἰρήκει,
1338 5186 1395 5228 ιιι
1423 5186 1570 5245 patet
1601 5193 1666 5231 ex
1699 5179 1798 5231 hac

211 5264 348 5303 voce
378 5249 548 5312 οὕτως
575 5248 968 5318 quzerel'ertur
1001 5249 1068 5318 ad
1110 5249 1236 5306 illud
1265 5249 1510 5301 verbum.

289 5323 400 5389 (51)
432 5317 962 5388 Διατάχθήσεσθιιι.
998 5317 1177 5386 Inepta
1209 5320 1521 5389 emendatio
1576 5322 1627 5372 in
1677 5320 1794 5370 edi-

216 5388 454 5444 tionilius
481 5389 908 5444 Gratco-Latinis
927 5391 1018 5444 ubi
1042 5389 1237 5459 legitur
1254 5388 1793 5461 διαταχθήσεται,καὶ

211 5462 313 5533 ἤδη
341 5461 464 5514 τότε
495 5462 692 5532 παρῆν.

287 5529 408 5601 (3‘2)
440 5533 544 5586 Διὰ
575 5529 770 5585 τοῦτο.
798 5530 875 5586 Ne
905 5531 1157 5584 videlicet
1187 5529 1353 5586 Jndmi
1395 5539 1580 5598 aperta
1611 5531 1675 5585 de
1702 5546 1792 5581 eo-

213 5621 334 5657 rum
367 5603 832 5670 reprohatioueet
863 5603 1104 5670 gentium
1136 5605 1421 5655 vocatione
1479 5604 1788 5656 testimonia

208 5685 604 5743 expungerent,
641 5683 697 5724 ιιι
721 5675 922 5726 clarius
960 5673 1198 5743 declarat
1223 5670 1469 5726 Justinus
1504 5690 1558 5724 ιι.
1597 5673 1717 5726 ιιιο.

283 5740 419 5812 (33)-
435 5746 509 5798 Τὰ
528 5745 888 5813 ἀποκείμενα
903 5740 1080 5807 αὐτῷ.
1114 5743 1354 5810 Uterque
1388 5760 1487 5795 ms.
1522 5747 1688 5799 codex
1723 5746 1788 5795 ad

209 5819 511 5883 marginem
545 5829 598 5870 et
631 5815 694 5868 ιι.
727 5817 1036 5882 Stephanus
1061 5815 1126 5867 ad
1153 5816 1358 5868 calcetur
1381 5813 1574 5867 habent
1604 5815 1632 5866 ὃ
1657 5815 1788 5867 ἀπό-

207 5903 405 5943 κειται.
450 5887 563 5943 για.
603 5887 742 5941 infra
771 5903 919 5944 nqu.
954 5886 1076 5953 120,
1117 5895 1170 5941 ct
1213 5886 1363 5955 Apol.
1404 5885 1451 5953 l,
1488 5903 1635 5942 num.
1691 5889 1780 5943 52.

1921 4683 1972 4733 in
2001 4681 2120 4734 aliis
2156 4682 2292 4734 locis
2322 4684 2470 4734 citet.
2522 4683 2797 4734 Interdum
2831 4683 2976 4732 enim
3007 4685 3071 4733 .iu
3110 4687 3209 4734 hoc
3245 4681 3492 4751 Dialogo,

1911 4763 1967 4804 ιιι
2001 4753 2116 4819 ipse
2150 4762 2400 4812 testatur,
2429 4769 2481 4806 ιι.
2526 4753 2628 4804 120
2652 4759 2703 4802 et
2732 4751 2856 4807 I25,
2909 4768 3013 4803 non
3063 4755 3310 4820 sequitur
3351 4752 3491 4806 LXX

1911 4823 2258 4889 interpretes,
2291 4824 2383 4876 sed
2415 4823 2791 4876 accommodat
2839 4837 2898 4873 se
2928 4825 2992 4873 ad
3033 4822 3344 4876 Judmorum
3405 4826 3489 4876 ιιι-

1909 4896 2346 4964 let'pt'etalintteS.

1977 4967 2090 5030 (δι)
2131 4964 2239 5015 Τὸν
2266 4963 2472 5016 πῶλον
2502 4963 2611 5029 τῆς
2659 4966 2801 5017 ὄνου
2851 4964 3058 5016 αὑτοῦ.
3113 4965 3488 5016 Przeterniittit

1909 5035 2020 5086 Ιιξυιι
2057 5043 2216 5087 Verba
2243 5035 2490 5088 Justinus
2510 5038 2658 5101 Apol.
2696 5039 2746 5100 1,
2783 5053 2930 5086 ιιιιιιι.
2973 5035 3062 5098 ξιι,
3089 5047 3253 5103 atque
3295 5037 3365 5088 ita
3404 5053 3487 5088 ra-

1905 5106 2372 5173 tiocinaturquasi
2409 5123 2683 5170 nunquam
2718 5125 2778 5158 ca
2813 5107 3032 5172 legisset
3089 5125 3138 5157 ιιι
3191 5109 3290 5158 hcc
3347 5111 3488 5159 scri-

1905 5187 2080 5242 ptura:
2113 5176 2448 5228 testimonio.
2480 5179 2586 5228 Sed
2609 5193 2731 5228 cum
2766 5194 2825 5228 ea
2857 5192 2960 5228 non
2999 5177 3171 5228 solum
3205 5178 3290 5228 hic
3339 5192 3482 5229 eom-

1904 5255 2188 5305 memoret,
2223 5249 2314 5299 sed
2373 5249 2538 5299 etiam
2575 5249 2738 5314 paulo
2776 5255 2894 5314 post
2926 5249 2976 5298 in
3017 5250 3097 5298 eis
3142 5249 3487 5312 explicandis

1899 5331 2117 5383 operam
2156 5320 2413 5376 insumat,
2453 5333 2558 5389 non
2600 5319 2824 5369 dubium
2869 5319 2996 5385 quin
3047 5330 3314 5389 erratum,
3342 5329 3484 5384 quod

1899 5389 1948 5438 ei
1987 5389 2038 5439 in
2073 5389 2330 5455 Apologia
2359 5400 2450 5440 aut
2486 5388 2766 5441 memoria:
2795 5398 2886 5439 aut
2918 5390 3126 5441 rediens
3170 5388 3301 5441 vitio
3335 5406 3486 5442 ext-t-

1899 5456 2077 5514 derat.
2107 5458 2390 5525 Dtuluyum
2420 5462 2671 5512 scribens
2699 5463 3091 5513 emendaverit.

1968 5528 2079 5596 (55)
2121 5528 2252 5581 Ἀπὸ
2287 5529 2475 5582 οἴνου.
2507 5530 2634 5583 Illud
2668 5531 2774 5581 ἀπό
2802 5532 2941 5582 idem
2975 5533 3073 5581 hoc
3103 5530 3221 5582 loco
3280 5531 3488 5600 signiti-

1896 5611 1978 5656 cat
2015 5617 2074 5653 ac
2115 5616 2242 5665 prae.

1969 5672 2082 5738 (50')
2115 5671 2224 5722 Καὶ
2261 5671 2372 5738 γὰρ
2431 5671 2778 5740 Ἡρώδην-η..
2833 5671 3138 5739 λέγοντες.
3193 5671 3318 5726 Ηιιιο
3367 5688 3488 5725 esse

1898 5743 2113 5793 videtur
2159 5742 2318 5807 hujus
2369 5741 2470 5795 loci
2525 5743 2818 5799 sententia.
2881 5744 3150 5796 Nimirum
3201 5743 3396 5805 Jud:ei,
3432 5757 3489 5793 ut

1895 5811 2177 5867 eluderent
2213 5816 2577 5880 prophetiam,
2606 5815 2709 5867 hac
2748 5816 2888 5866 inter
2945 5816 3080 5866 alias
3132 5814 3492 5870 ριιι-ιιιςιιιυιιςι

1896 5888 2216 5952 utebantur,
2239 5895 2296 5939 ut
2329 5897 2602 5955 SCCplt‘U-Jl
2634 5904 2662 5940 e
2696 5888 2836 5939 tribu
2867 5882 3032 5946 ιιι-ιη,
3062 5895 3369 5954 antequam
3394 5882 3482 5937 διν-
