4108 6440
674 354 770 409 69!

1596 346 1651 403 S.
1688 345 1953 403 IUSTINI
1984 344 2394 402 PHILOSOPHI
2432 345 2517 401 ET
2552 345 2916 403 MARTYRIS

3831 352 3941 408 δοε

672 469 1046 528 Ascalonitam
1077 467 1260 523 dicitis
1290 466 1477 536 fuisse,
1518 480 1697 526 tamen
1746 473 1800 526 in
1829 470 2030 541 genere
2063 484 2238 530 vestro

2355 473 2447 527 θεν
2471 473 2604 544 (57),
2648 474 3045 546 ’Δσκαλωνίτην
3077 474 3353 544 γεγονέναι
3387 475 3664 545 λέγοντες,
3687 476 3844 548 ὅμως
3874 480 3937 531 ὲν

671 562 975 631 principem
1032 559 1377 615 sacerdotum
1428 559 1675 615 fatemini
1717 563 2039 619 exstitisse:
2074 582 2246 635 quare

670 670 792 708 eum
829 653 993 707 etiam
1037 663 1147 705 tum
1206 652 1528 716 habueritis,
1560 653 1655 723 qui
1715 654 2014 709 secundum
2070 657 2244 728 legem

669 745 872 815 Moysis
908 754 962 799 et
993 744 1133 797 dona
1194 743 1440 811 offerret,
1482 753 1537 799 et
1566 758 1762 800 caetera
1818 746 1954 817 legis
1997 750 2243 806 instituta

670 846 938 895 servaret.
959 850 1196 905 cumque
1222 838 1499 907 propheta:
1526 838 1823 893 secundum
1842 842 2244 897 successionem

667 944 839 999 usque
870 928 937 983 ad
990 928 1253 985 Joannem
1309 930 1660 986 exstiterint:
1704 932 2160 999 quemadmodum
2190 944 2246 989 et

670 1029 798 1073 tunc
834 1020 1119 1085 exstitere,
1150 1035 1273 1075 cum
1306 1022 1537 1091 populus
1582 1032 1784 1085 vester,
1826 1034 2037 1079 vastata
2097 1034 2245 1081 terra

665 1124 723 1167 et
747 1114 927 1168 sacris
951 1113 1099 1168 vasis
1127 1114 1379 1177 sublatis,
1436 1112 1762 1185 Babylonem
1817 1115 2085 1172 abductus
2121 1126 2240 1185 est;

666 1221 775 1259 non
804 1203 974 1259 defuit
1013 1202 1153 1272 apud
1183 1219 1278 1257 vos
1310 1206 1599 1275 propheta,
1632 1206 1722 1274 qui
1757 1205 2008 1260 dominus
2046 1216 2102 1259 ct
2136 1208 2243 1262 dux

667 1308 722 1351 et
752 1297 1005 1364 princeps
1029 1295 1214 1365 populi
1257 1297 1421 1349 vestri
1454 1304 1617 1351 esset.
1662 1298 1900 1367 Spiritus
1946 1299 2114 1365 enim,
2148 1300 2240 1368 qui

668 1388 783 1441 erat
808 1387 860 1439 in
892 1386 1190 1455 prophetis,
1228 1402 1381 1457 rcges
1407 1389 1560 1443 vobis
1598 1390 1835 1459 ungebat
1859 1400 1913 1443 et
1944 1390 2242 1457 coiistitne-

667 1482 781 1534 hat.
815 1481 882 1532 At
906 1490 1191 1547 postquam
1222 1476 1384 1534 Jesus
1412 1479 1665 1536 Christus
1714 1494 1897 1536 uoster
1954 1484 2005 1536 in
2061 1493 2243 1539 vestro

664 1586 865 1643 genere
898 1573 1152 1642 apparuit
1176 1582 1230 1626 et
1263 1574 1422 1628 morti
1454 1575 1688 1627 traditus
1709 1585 1828 1639 est,
1854 1591 2117 1645 nusquam
2148 1592 2243 1631 ex-

664 1667 803 1721 stitit
833 1676 925 1720 aut
958 1676 1142 1722 exstat
1171 1668 1467 1737 propheta;
1520 1670 1695 1721 sedet
1723 1670 1940 1736 proprio
1973 1671 2085 1740 regi
2144 1686 2241 1740 pa-

666 1774 788 1812 rere
814 1760 1075 1825 desiistis,
1102 1777 1164 1815 ac
1196 1772 1458 1830 prmterea
1498 1769 1640 1812 terra
1680 1770 1860 1835 vestra
1902 1763 2121 1830 penitus
2150 1776 2242 1815 va-

2345 564 2424 635 τῷ
2453 566 2598 635 γένει
2631 566 2784 637 ὑμῶν
2816 566 2946 618 ὄντα
2972 566 3155 634 λέγετε
3187 567 3445 639 ἀρχιερέα
3467 585 3481 598 ι
3518 566 3661 635 ὥστε
3694 567 3933 623 καὶτότι

2345 660 2496 722 ὄντος
2529 660 2655 731 ὑμῖν
2690 658 2830 713 κατὰ
2862 659 2952 712 τὸν
2981 659 3143 729 νόμον
3174 659 3267 712 τοῦ
3297 660 3539 725 Μωσέως
3564 660 3657 715 καὶ
3691 678 3935 732 προσφο-

2350 749 2448 821 ρὰς
2482 750 2912 822 προσφέροντος,
2962 751 3054 803 καὶ
3097 750 3165 803 τὰ
3209 752 3345 807 ἄλλα
3381 752 3589 823 νόμιμα
3622 753 3927 823 φυλάσσονι

2346 861 2439 906 τος
2463 881 2478 907 ,
2512 843 2605 896 καὶ
2640 842 2955 915 προφητῶν,
2991 843 3131 897 κατὰ
3161 844 3409 917 διαδοχὴν
3440 845 3632 918 μέχρις
3677 846 3931 903 Ἰωάννου

2345 935 2722 1006 γεγενημένων
2776 936 2883 1005 (ὡς
2933 936 3030 989 καὶ
3070 937 3158 989 ὅτε
3206 938 3286 999 εἰς
3327 936 3616 991 Βαϐυλῶνα
3646 939 3871 1012 ἀπήχθη
3895 934 3933 995 6

2344 1027 2471 1090 λαδς
2504 1026 2691 1098 ὑμῶν,
2728 1028 3131 1099 πολεμηθείσης
3165 1027 3269 1098 τῆς
3312 1028 3416 1099 γῆς
3465 1030 3717 1097 καὶτῶν
3765 1024 3933 1104 ἱερῶν

2346 1118 2555 1171 σκευῶν
2580 1118 2877 1190 ἀρθέντων)
2901 1159 2917 1183 ,
2953 1118 3026 1191 μὴ
3052 1111 3366 1173 παύσασθαι
3387 1104 3499 1193 (58)
3522 1122 3580 1189 ὲξ
3609 1123 3766 1195 ὑμῶν
3793 1142 3931 1197 προ-δ

2345 1211 2557 1282 φήτην,
2612 1210 2670 1274 ὃς
2732 1210 2923 1282 κύριος
2972 1210 3066 1264 καὶ
3113 1210 3552 1282 ήγούμενοςκαὶ
3598 1214 3784 1287 ἄρχων
3832 1216 3931 1269 τοῦ

2343 1302 2472 1355 λαοῦ
2508 1302 2661 1373 ὑμῶν
2699 1297 2790 1372 ἦν.
2836 1300 2909 1354 Τὸ
2938 1300 3048 1372 γὰρ
3094 1304 3152 1355 ἐν
3197 1305 3308 1367 τοῖς
3357 1305 3663 1375 προφήταις
3697 1306 3929 1379 Πνεῦμα

2343 1396 2439 1448 καὶ
2470 1397 2604 1457 τοὺς
2638 1394 2876 1465 βασιλεῖς
2905 1395 3034 1465 ὑμῖν
3060 1394 3207 1465 ἐχριε
3232 1394 3341 1465 (59)
3369 1395 3464 1448 καὶ
3494 1395 3747 1450 καθίστα.
3770 1396 3928 1451 Μετὰ

2342 1486 2396 1539 δὲ
2442 1485 2540 1557 τὴν
2610 1484 2785 1557 Ἰησοῦ
2837 1485 2931 1539 τοῦ
2968 1487 3236 1558 ἡμετέρου
3280 1488 3517 1558 Χριστοῦ
3567 1490 3627 1541 ὲν
3660 1487 3740 1560 τῷ
3780 1489 3929 1559 γένει

2343 1575 2498 1647 ὑμῶν
2531 1578 2839 1649 φανέρωσιν
2871 1579 2965 1630 καὶ
2998 1577 3223 1632 θάνατον
3252 1579 3490 1651 οὐδαμοῦ
3524 1582 3810 1655 προφήτης
3837 1583 3931 1652 γέ·-

2342 1684 2517 1736 γονεν,
2543 1668 2663 1720 οὐδέ
2691 1671 2837 1721 ἐστιν
2861 1684 2874 1697 ·
2912 1667 3047 1721 ἀλλὰ
3085 1670 3179 1722 καὶ
3212 1671 3272 1723 τὸ
3304 1666 3442 1724 εἶναι
3476 1671 3620 1743 ὑμᾶς
3653 1672 3762 1728 ὑπὸ
3796 1674 3928 1729 [διον

2345 1760 2567 1832 βασιλέα
2592 1761 2865 1815 επαύσατο
2884 1801 2898 1827 ,
2927 1762 3019 1815 καὶ
3052 1762 3273 1835 προσέτι
3297 1765 3329 1835 ἡ
3359 1765 3429 1835 γῆ
3451 1764 3605 1836 ὑμῶν
3628 1764 3927 1843 ἠρημώθη.

664 1860 918 1910 stata.ac
944 1852 1110 1905 veluti
1150 1866 1434 1922 pomorum
1482 1852 1727 1906 costodia
1760 1854 2040 1908 derelicta.
2087 1853 2238 1921 Quod

2345 1854 2438 1905 xui.
2468 1852 2543 1915 ob;
2575 1851 3018 1924 ὀπωροφυλάκιον
3065 1853 3503 1908 καταλέλειπται.
3550 1856 3623 1909 Τὸ
3655 1856 3712 1910 δὲ
3745 1858 3927 1912 εἰπεῖν

662 1954 851 1995 autem
900 1942 1185 2011 Scriptura
1242 1959 1337 2013 per
1379 1942 1547 1999 Jacoll
1595 1946 1768 2002 dicit:
1803 1964 1820 1996 ι
1849 1944 1915 1999 Ει
1971 1948 2085 2014 ipse
2136 1948 2242 2000 erit

660 2036 1001 2103 exspectatio
1054 2037 1317 2106 gentium,
1351 2055 1370 2088 ι
1428 2051 1632 2091 arcane
1681 2037 1817 2091 duos
1879 2037 1995 2091 fore
2035 2037 2239 2097 Christi

661 2134 953 2199 adventus,
984 2146 1049 2186 ac
1084 2143 1275 2202 gentes
1300 2132 1352 2185 in
1380 2147 1502 2185 cum
1530 2134 1840 2185 crcdituras
1866 2132 2239 2202 signiﬁcabat;

659 2225 807 2291 quod
837 2225 993 2277 vobis
1046 2225 1263 2278 tandem
1296 2224 1589 2293 aliquando
1638 2240 1867 2277 cernere
1921 2225 2063 2279 licet.
2107 2225 2242 2280 Nam

660 2316 754 2385 qui
782 2332 845 2369 ex
879 2316 1143 2371 omnibus
1174 2316 1429 2385 gentibus
1462 2331 1557 2385 per
1581 2316 1786 2369 Christi
1815 2315 1975 2371 fidem
2006 2316 2098 2371 Dei
2128 2317 2245 2371 cul-

662 2421 809 2464 tores
847 2418 902 2464 et
944 2408 1075 2477 justi
1117 2409 1247 2465 facti
1293 2424 1504 2473 sumus,
1548 2423 1740 2462 rursus
1794 2425 1916 2463 eum
1954 2420 2242 2464 venturum

660 2518 751 2555 crs
764 2512 915 2571 pectit
925 2518 1066 2557 mus.

729 2598 819 2652 55.
856 2596 1120 2651 Prmdixit
1154 2595 1321 2651 Jacob
1345 2594 1616 2651 Christum
1660 2599 1815 2651 asina
1856 2596 2117 2649 intectum
2148 2596 2238 2662 iri,

657 2692 817 2760 idque
839 2705 903 2743 ea:
923 2688 1192 2744 Zacharia
1218 2689 1585 2759 conﬁrmatur.
1615 2716 1687 2730 —
1708 2689 1773 2743 Et
1800 2688 1927 2743 illud
1952 2705 1967 2745 :
1996 2707 2014 2739 ι
2043 2688 2242 2758 Ligans

657 2785 725 2836 ad
748 2786 911 2838 vitem
945 2782 1146 2852 pullum
1166 2789 1339 2837 'suum
1368 2791 1421 2837 et
1446 2784 1513 2837 ad
1536 2782 1765 2838 helicem
1788 2781 1995 2853 pullum
2016 2783 2235 2849 asina:,o

661 2886 770 2929 tum
801 2890 983 2930 rerum
1008 2874 1060 2929 in
1084 2874 1268 2946 priore
1302 2875 1536 2931 adventu
1578 2876 1648 2930 ab
1703 2890 1768 2930 eo
1790 2884 2090 2945 gestarum,
2126 2884 2241 2931 tum

655 2969 899 3037 gentium
929 2982 1049 3038 qua:
1069 2969 1125 3022 in
1155 2983 1281 3023 eum
1310 2968 1599 3025 creditura:
1632 2978 1787 3024 erant
1804 2968 2242 3039 praesignificatio

657 3067 797 3115 erat.
816 3062 949 3115 Nam
972 3072 1165 3133 gentes
1188 3061 1354 3116 veluti
1382 3060 1562 3132 pullus
1588 3070 1746 3115 crant
1764 3076 1862 3116 nec
1884 3061 2112 3117 clitellas
2140 3075 2241 3115 nec

658 3154 1074 3224 cervicejugum
1103 3154 1326 3219 ferens,
1372 3154 1545 3209 donec
1600 3154 1851 3209 Christus
1917 3152 2099 3208 missis
2154 3153 2239 3209 di-

2344 1945 2435 1997 τὸν
2466 1944 2623 2001 λόγον
2656 1943 2742 1997 διὰ
2772 1944 2866 1997 τοῦ
2916 1943 3109 1997 Ἰακώϐ
3129 1961 3143 1975 υ
3174 1964 3191 1996 ι
3233 1946 3341 2000 Καὶ
3377 1945 3538 2010 αὐτὸς
3568 1946 3722 2004 ἔσται
3753 1964 3927 2021 προσ-

2342 2037 2497 2091 δοκία
2559 2036 2761 2103 ὲθνῶν,
2812 2056 2831 2090 ι
2872 2038 3216 2109 συμϐολικῶς
3261 2039 3355 2092 δύο
3409 2040 3711 2113 παρουσίας
3758 2042 3928 2096 αὐτοῦ

2343 2138 2617 2207 ὲσήμανε,
2651 2138 2747 2191 καὶ
2766 2137 2837 2191 τὰ
2869 2137 2995 2208 ἔθνη
3032 2138 3246 2208 μέλλειν
3276 2137 3425 2208 αὐτῷ
3457 2124 3754 2201 πιστεύειν,
3787 2139 3931 2207 ὅπερ

2342 2228 2439 2296 ὀψέ
2475 2245 2602 2281 ποτε
2634 2227 2745 2300 (40)
2780 2229 3043 2300 πάρεστιν
3081 2229 3206 2282 [δεῖν
3242 2230 3389 2300 ὑμῖν.
3426 2230 3488 2282 Οἱ
3516 2228 3626 2301 γὰρ
3666 2227 3782 2282 ἀπὸ
3811 2228 3925 2282 τῶν

2342 2320 2512 2373 ἐθνῶν
2532 2320 2789 2374 ἁπάντων
2816 2321 2905 2375 διὰ
2931 2321 3031 2391 τῆς
3057 2321 3292 2385 πίστεως
3321 2322 3420 2393 τῆς
3440 2322 3531 2375 τοῦ
3554 2320 3797 2395 Χριστοῦ
3818 2321 3932 2375 θεο-

2345 2412 2523 2476 σεϐεῖς
2552 2413 2646 2466 καὶ
2678 2414 2874 2468 δίκαιοι
2908 2415 3190 2486 γενόμενοι
3214 2414 3377 2469 πάλιν
3403 2414 3933 2488 παραγενησὸμενον

2342 2505 2506 2558 αὐτὸν
2538 2507 2947 2579 προσδοκῶμεν.

2411 2596 2502 2652 55.
2540 2598 2650 2650 Καὶ
2675 2598 2736 2650 τό
2759 2616 2772 2628 ·
2812 2618 2833 2649 ι
2871 2600 3161 2670 Δεσμεὺων
3196 2599 3331 2671 πρὸς
3358 2598 3601 2671 ἄμπελον
3622 2599 3715 2653 τὸν
3743 2594 3932 2655 ¹[πῶλον

2341 2686 2530 2753 αὐτοῦ,
2568 2688 2662 2740 καὶ
2694 2692 2759 2760 τῇ
2795 2690 2935 2743 ’ἐλικι
2965 2691 3057 2743 τὸν
3101 2691 3280 2743 πῶλον
3312 2691 3410 2762 τῆς
3446 2690 3567 2745 ὄνου
3587 2732 3601 2757 ,
3630 2710 3651 2743 ι
3685 2691 3782 2745 καὶ
3814 2690 3930 2745 τῶν

2341 2780 2518 2853 ἔργων
2563 2781 2672 2834 τῶν
2713 2782 2807 2835 ἐπὶ
2847 2782 2947 2852 τῆς
2996 2766 3222 2855 πρώτης
3271 2782 3437 2836 αὐτοῦ
3485 2785 3791 2855 παρουσίας
3827 2800 3928 2854 γε-

2341 2872 2579 2943 νομένων
2614 2872 2704 2925 ὐπ’
2739 2872 2909 2926 αὑτοῦ
2931 2912 2947 2935 ,
2982 2874 3076 2926 καί
3103 2873 3213 2926 τῶν
3232 2872 3403 2929 ἐθνῶν
3419 2874 3621 2945 ὁμοίως
3652 2875 3763 2928 τῶν
3798 2875 3932 2947 μελ-

2340 2968 2539 3021 λόντων
2567 2966 2842 3023 πιστεύειν
2865 2968 3036 3039 αὐτῷ.
3064 2966 3403 3039 προδήλωσις
3420 2961 3507 3039 ἦν.
3531 2962 3690 3023 Οὗτοι
3718 2966 3833 3039 γὰρ
3850 2965 3931 3030 ὡς

2342 3060 2520 3125 πῶλος
2537 3062 2766 3133 ὰσαγὴς,
2790 3062 2883 3116 καὶ
2896 3061 3056 3131 ζυγὸν
3074 3060 3167 3115 ἐπὶ
3185 3061 3386 3132 αὐχένα
3408 3060 3482 3132 μὴ
3510 3059 3648 3131 ἔχων
3674 3059 3767 3113 τὸν
3794 3060 3932 3113 laud

2340 3153 2435 3207 τοῦ
2454 3194 2468 3217 ,
2490 3154 2680 3225 μέχρις
2711 3156 2743 3206 ὸ
2764 3149 3160 3226 Χριστδςοῦτος
3188 3152 3377 3231 ἐλθὼν,
3412 3153 3501 3207 διὰ
3532 3151 3641 3206 τῶν
3668 3150 3934 3223 μαθητῶν

656 3248 885 3318 caipulis
911 3246 1200 3332 lﬁaeas
1228 3248 1508 3313 edoceret,
1530 3262 1593 3300 ac
1625 3246 1812 3317 iugum
1838 3247 1955 3317 ejus
1975 3247 2234 3301 doctrinae

2339 3243 2497 3298 αὐτοῦ
2522 3243 2741 3314 πέμψας
2768 3242 3139 3315 ὲμαθήτευσεν
3155 3239 3379 3306 αὐτούς’
3409 3240 3503 3294 καὶ
3515 3233 3605 3293 τὸν
3640 3237 3805 3307 ζυγὸν
3830 3235 3934 3292 τοῦ

660 3340 917 3403 ferentes,
948 3343 1167 3396 dorsum
1193 3340 1584 3395 submitterent
1611 3340 1678 3392 ad
1706 3340 1889 3393 omnia
1910 3338 2230 3409 perferenda

658 3436 729 3486 oh
763 3442 1081 3502 exspectata
1119 3442 1175 3487 et
1219 3433 1288 3487 ab
1323 3447 1388 3487 eo
1415 3431 1680 3501 promissa
1708 3432 1864 3487 bona.
1923 3434 1999 3487 Ac
2043 3444 2230 3487 revera

659 3525 924 3580 Dominus
957 3536 1147 3580 noster
1174 3524 1333 3580 Jesus
1368 3525 1623 3580 Christus
1665 3522 1965 3579 Jerusalem
2019 3525 2231 3595 ingres-

658 3634 840 3683 surus,
864 3617 1124 3687 prmcepit
1154 3616 1455 3685 discipulis,
1482 3626 1540 3669 ut
1560 3616 1767 3670 asinam
1791 3614 2235 3684 quamdam,qua:

659 3727 763 3763 una
799 3726 922 3763 cum
954 3708 1103 3778 pullo
1134 3724 1233 3763 suo
1266 3708 1321 3761 in
1359 3707 1587 3762 introitu
1617 3707 1722 3761 vici
1755 3704 2072 3775 Belhpbage
2105 3706 2233 3759 dicti

658 3803 883 3872 alligata
914 3811 1057 3867 erat,
1096 3801 1163 3853 ad
1188 3804 1259 3853 'se
1301 3798 1673 3863 adducerent,
1699 3798 1857 3865 eique
1887 3797 2129 3851 insidens
2149 3795 2240 3850 Je—

660 3896 897 3950 rusalem
931 3896 1213 3962 ingressus
1244 3900 1350 3948 est.
1380 3891 1532 3957 Quod
1560 3932 1574 3954 ,
1604 3891 2061 3959 quemadmodum
2106 3905 2237 3943 con-

658 3988 835 4056 ceptis
861 3986 1042 4040 verbis
1070 3985 1389 4054 prmdictum
1413 3982 1588 4037 fuerat
1616 3999 1645 4037 a
1675 3982 1892 4037 Christo
1920 3981 2118 4036 factum
2148 3982 2234 4045 iri,

661 4082 733 4136 ita
757 4081 827 4135 ab
860 4094 927 4135 eo
957 4080 1009 4133 in
1049 4078 1292 4133 omnium
1320 4077 1496 4132 oculis
1545 4075 1769 4142 factum,
1801 4075 2080 4130 Christum
2112 4092 2234 4129 eum

658 4251 755 4289 sus
799 4241 1126 4289 nasceretur
1178 4232 1473 4287 recessisse
1531 4232 1809 4297 dicerent;
1860 4232 2063 4301 quippe
2107 4246 2231 4286 cum

662 4307 929 4368 Herodes,
957 4304 1045 4372 qui
1082 4313 1206 4357 ante
1230 4304 1433 4358 Christi
1484 4303 1793 4372 passionem
1834 4311 2084 4357 mortuus
2126 4312 2234 4366 est,

657 4370 986 4431 Ascalonita
1008 4376 1192 4428 fuerit.
1226 4370 1567 4427 Demonstrat
1597 4387 1728 4441 ergo
1750 4370 1994 4426 Justinus
2043 4388 2232 4427 sacer-

659 4448 814 4501 dotes
845 4455 901 4501 et
929 4445 1197 4499 sacrificia
1227 4456 1350 4497 tunc
1378 4443 1484 4496 illis
1508 4444 1730 4495 minime
1751 4442 2007 4497 defuisse.

2338 3336 2495 3405 λόγου
2508 3336 2671 3390 αὑτοῦ
2690 3336 3056 3407 βαστάσαντες
3069 3376 3085 3401 ,
3112 3332 3204 3389 τὸν
3221 3333 3388 3388 νῶτον
3408 3326 3689 3405 ὑπέθηκαν
3709 3331 3849 3405 πρὸς
3864 3332 3933 3385 τὸ

2344 3428 2522 3481 πάντα
2554 3427 2845 3498 ὑπομένειν
2866 3428 2954 3481 διὰ
2974 3427 3042 3481 τὰ
3060 3424 3481 3497 προσδοκώμενα
3508 3426 3604 3479 καὶ
3635 3425 3728 3479 ὑπ’
3757 3420 3929 3479 αὐτοῦ

2338 3512 2757 3590 κατηγγελμένα
2793 3518 2996 3587 ἀγαθά..
3033 3518 3145 3571 Καὶ
3175 3518 3295 3571 ὄνον
3323 3516 3379 3569 δέ
3413 3533 3535 3570 τινα
3574 3514 3792 3587 ἀληθῶς
3826 3516 3930 3570 σὺν

2338 3610 2501 3682 πώλῳ
2532 3612 2703 3681 αὐτῆς
2724 3610 2977 3684 προσδεδε
2987 3608 3153 3680 μένην
3174 3608 3231 3662 ἐν
3250 3626 3354 3667 τινι
3372 3606 3561 3679 εἰσόδῳ
3575 3605 3769 3679 κώμης
3786 3605 3923 3678 Βηθ-

2339 3706 2520 3775 φαγῆς
2533 3698 2850 3775 λεγομένης,
2867 3698 2955 3757 ὅτε
2971 3702 3194 3774 ἔμελλεν
3210 3701 3553 3773 είσέρχεσθαι
3565 3704 3647 3765 εἰς
3663 3701 3731 3754 τὰ
3760 3700 3931 3773 Ἱερον

2340 3798 2549 3868 σὸλυμα
2580 3799 2609 3851 ὁ
2624 3797 2823 3867 Κύριος
2839 3795 2997 3867 ἡμῶν
3012 3794 3218 3866 Ἰησοῦς
3240 3796 3283 3846 Χ
3293 3795 3490 3866 ριστδς,
3524 3786 3777 3848 ἐκέλευσε
3796 3795 3932 3859 τοὺς

2339 3889 2587 3962 μαθητὰς
2602 3888 2763 3943 αὑτοῦ
2780 3891 3008 3958 ἀγαγεῖν
3026 3887 3173 3959 αὐτῷ
3189 3905 3203 3919 ·
3239 3888 3333 3941 καὶ
3368 3886 3716 3952 ἐπικαθίσας,
3738 3888 3930 3940 ἐπεισ-

2332 3983 2592 4055 ελήλυθεν
2635 3986 2714 4047 εἰς
2772 3983 2839 4037 τὰ
2895 3976 3279 4054 Ἰεροσόλυμα·
3342 3980 3370 4035 δ
3432 3980 3549 4045 πῶς
3602 3981 3929 4054 ὲπεπροφή-

2340 4093 2496 4129 τευτο
2529 4074 2640 4147 (41)
2675 4075 2975 4147 διαρρήδην
3006 4073 3338 4147 γενήσεσθαι
3370 4070 3476 4127 ὑπὸ
3520 4073 3613 4127 τοῦ
3656 4066 3933 4146 Χριστοῦ,

2342 4230 2465 4286 loco
2498 4233 2816 4286 mutandum

2412 4303 2522 4374 (41)
2565 4305 2624 4355 Ὃ
2647 4301 2772 4367 πῶς
2802 4298 3321 4374 ἐεὶειτίροφήτευζοᾴ
3344 4298 3404 4355 Si
3440 4299 3685 4374 legamus
3711 4298 3742 4354 δ
3773 4299 3930 4374 ὅπως

2340 4372 2474 4427 nihil
2504 4370 2782 4442 supererit
2834 4370 3186 4429 diﬂiCul‘tatis.
3224 4370 3245 4444 [
3278 4371 3433 4427 Hunc
3468 4370 3645 4444 locum
3684 4386 3794 4444 non
3854 4370 3928 4425 li-

2849 4240 3023 4302 putat.

2262 4474 2312 4534 υ
2338 4444 2534 4534 benter
2560 4439 2959 4534 emendandum
2995 4439 3292 4513 praposu'i;
3321 4456 3388 4496 eo
3405 4443 3555 4534 enim
3584 4439 3825 4534 ferebar,
3850 4450 3927 4495 ut

731 4519 846 4587 (37)
888 4517 1003 4585 Ἀφ’
1034 4511 1110 4587 οὗ,
1143 4516 1384 4568 ἔπαθεν.
1420 4518 1619 4566 Umnes
1649 4513 1872 4587 ΙιιειίιιίΔ
1902 4514 2233 4587 interpretes
2262 4507 2312 4534 "
2336 4514 2468 4587 illud
2515 4513 2633 4577 πῶς
2682 4515 2822 4587 idem
2862 4507 3043 4568 valere
3202 4507 3465 4587 quomodo
3518 4511 3923 4587 existimarem.

659 4584 981 4649 verterunt,
1029 4586 1133 4653 aub_
1171 4602 1275 4653 quo
1331 4601 1515 4650 passus
1559 4595 1662 4649 est,
1722 4584 1874 4652 quasi
1920 4585 2235 4653 scripsisset

657 4657 925 4720 Justinus,
965 4658 1049 4724 ἐφ’
1083 4650 1143 4706 οὗ
1178 4650 1397 4708 ἔπαθεν.
1437 4654 1541 4706 Sed
1578 4671 1679 4706 non
1718 4650 1765 4708 is
1817 4664 1939 4706 crat
1986 4650 2235 4709 Justinus

657 4732 749 4795 qui
774 4729 1051 4782 Christum
1077 4727 1179 4779 sub
1209 4726 1420 4778 Herode
1453 4725 1763 4777 AsCqunita
1816 4740 2030 4795 passum
2083 4725 2237 4781 dice-

663 4794 763 4861 ret,
797 4814 896 4853 nec
927 4797 1035 4850 ulla
1073 4810 1296 4865 prorsus
1324 4810 1487 4849 causa
1514 4802 1596 4847 est
1638 4806 1744 4847 tam
1808 4797 1963 4847 lmda:
2020 4794 2234 4864 ignora-

661 4870 822 4923 tiuuis
845 4878 1035 4921 sancto
1100 4868 1320 4935 tnartyrj
1374 4865 1999 4935 tribuetulzeaThirlbius
2053 4866 2231 4935 legen-

659 4953 786 4991 dum
816 4940 1098 5007 proponit,
1133 4927 1327 5004 ἀφ”οὗ
1379 4934 1775 5007 ἔφυγενηιιιῙι-ιι
1802 5006 1808 5007 γ
1844 4936 2072 5007 legimus
2104 4927 2235 4989 "aus

657 5008 757 5061 τοῦ
810 5005 981 5079 ’Ἀδάμ
1024 5023 1185 5062 sensu
1234 5022 1337 5058 non
1371 5006 1527 5059 valde
1578 5006 1815 5060 absimili
1864 5022 1918 5059 ιι.
1959 5005 2062 5071 88;
2114 5008 2236 5061 vide

661 5096 717 5132 ιι.
752 5080 874 5133 HS.

731 5148 972 5217 (58111ιὴ
1015 5149 1384 5202 παύσασθαι.
1443 5146 1796 5203 Casaubonus
1844 5146 1969 5199 adv.
2032 5145 2233 5199 Baron.

660 5236 716 5289 ιι.
754 5221 839 5285 l5,
873 5220 1147 5273 existimat
1198 5221 1386 5272 deesse
1426 5218 1513 5271 hic
1555 5219 1776 5272 verbum
1853 5217 2038 5284 λέγετε
2090 5226 2237 5289 aute

660 5287 1037 5356 superioribus
1088 5291 1442 5356 repetendum
1494 5302 1641 5355 esse,-
1672 5291 1766 5343 sed
1819 5290 1991 5342 miror
2052 5287 2233 5356 virum

660 5355 826 5429 longe
852 5355 1225 5414 doctissimum
1260 5374 1365 5430 non
1398 5359 1611 5430 vidisse
1634 5358 1761 5430 illud
1822 5358 1895 5430 μὴ
1929 5355 2236 5409 παύσασθαι

661 5426 850 5483 τοίιῗιτὶ
884 5433 949 5480 ad
982 5430 1233 5496 superius
1258 5426 1397 5481 ὥστε
1428 5430 1522 5481 καὶ
1553 5428 1674 5481 τότε
1707 5426 2022 5493 ὄντος,ειο.

735 5500 849 5563 (59)
885 5500 1109 5569 Ἔχριε.
1146 5499 1236 5553 Sic
1267 5499 1398 5569 Reg.
1436 5512 1491 5553 et
1534 5500 1991 5554 Claronmntanus
2036 5497 2233 5552 codex.

662 5567 801 5622 Editi
832 5571 1039 5622 ἔνοισε.

708 5571 801 5621 diti
832 5571 1039 5624 ἔγοισε.

733 5588 1071 5710 {libV-95%)
1094 5640 1207 5710 ὀψέ
1238 5656 1402 5694 ποτε.
1435 5640 1650 5694 Profert
1670 5638 1751 5694 Cl.
1782 5637 2060 5695 Thirlbius
2085 5638 2237 5710 simi-

660 5702 875 5781 lia‘l'oca
913 5728 978 5765 ex
1010 5702 1163 5779 Ᾰμοῖ.
1200 5713 1251 5775 l,
1286 5726 1433 5781 num.
1462 5710 1553 5775 52,
1585 5719 1639 5765 et
1667 5710 2042 5781 Dialog._num
2074 5708 2141 5763 87
2180 5718 2236 5764 et

662 5776 753 5846 96,
783 5780 834 5835 in
861 5776 1065 5853 quibus
1086 5782 1277 5853 legitur
1295 5778 1413 5850 ὕψει
1438 5821 1453 5847 ,
1481 5798 1579 5837 nec
1608 5791 1787 5837 tamen
1811 5776 2105 5852 quidquam
2131 5781 2235 5837 hoc

2335 4583 2447 4638 Sed
2468 4588 2597 4655 quia
2622 4585 2876 4639 carebam
2904 4584 3167 4655 exemplis
3184 4581 3381 4655 quibus
3405 4583 3631 4655 niteret,
3658 4581 3926 4655 timiditas

2334 4650 2581 4723 quedam
2619 4655 2844 4708 adduxit
2878 4670 2967 4724 me
2996 4650 3262 4709 utilludb
3293 4652 3431 4717 πῶς,
3470 4668 3571 4724 pro
3603 4650 3633 4705 δ
3664 4652 3818 4715 ὅπως
3845 4651 3924 4706 ir-

2337 4722 2577 4794 repsisse
2610 4724 2914 4779 crederem.
2952 4722 3059 4779 Sed
3098 4724 3320 4779 missam
3358 4722 3500 4794 facio
3546 4726 3927 4794 hanc_emen-

2337 4791 2615 4850 dalionem
2651 4808 2717 4848 ex
2744 4811 2850 4864 qua
2885 4796 3133 4849 eruditus
3168 4794 3429 4849 defensor
3463 4792 3627 4862 futuri
3668 4791 3926 4864 Ellw‘l’!‘

2334 4864 2478 4917 ditus
2508 4864 2734 4933 protulit
2762 4861 2891 4933 pag.
2926 4864 3036 4919 270
3053 4866 3195 4933 illud
3220 4861 3643 4933 Deutermtomii
3681 4878 3779 4923 xtl.
3813 4861 3920 4933 13:

2336 4881 2478 4917 artus
2508 4881 2734 4933 protuttt
2769 4881 2831 4933 pa
2879 4906 2891 4919 .
2926 4881 3036 4919 ‘ZIU
3065 4881 3195 4918 llllltl
3233 4881 3643 4920 uettterouomu
3681 4881 3779 4923 xtl,
3813 4881 3920 4915 ao:

2336 4934 2474 5006 Πῶς
2493 4933 2705 4991 ποιοῦσι
2739 4935 2807 4989 τὰ
2832 4881 2962 5006 ἔθνη
2982 4926 3155 4989 ταῦτα
3172 4938 3283 4998 τοῖς
3309 4933 3453 4997 θεοῖς
3478 4932 3680 5006 αὐτῶν,
3707 4932 3927 5003 ποιήσω

2335 5005 2511 5074 κάγώ.
2535 5006 2667 5060 Cum
2694 5021 2792 5059 sua
2811 5004 3004 5075 sponte
3042 5007 3390 5060 manifestum
3412 5015 3497 5060 est
3534 5007 3635 5059 hoc
3664 5004 3783 5058 loco
3822 5018 3921 5056 vo-

2337 5077 2516 5129 cuiam
2552 5074 2670 5139 πῶς
2707 5092 2812 5130 non
2846 5074 3284 5146 interrogationi
3314 5115 3328 5139 ,
3383 5078 3481 5131 sed
3514 5075 3919 5146 comparationi

2339 5146 2627 5212 inservire,
2668 5156 2781 5199 tum
2820 5148 2871 5202 id
2902 5150 2985 5201 vir
3014 5144 3367 5201 doctissimus
3401 5160 3472 5200 ex
3506 5144 3782 5208 consensu
3804 5144 3927 5211 plu-

2344 5218 2607 5270 rimarum
2637 5220 2945 5273 versionum
2983 5220 3291 5271 ttOlllll'lllal.
3328 5216 3534 5285 Eodem
3572 5215 3734 5270 modo
3782 5216 3929 5270 acci-

2337 5287 2590 5354 piendum
2628 5287 2761 5358 illud
2796 5288 2911 5351 πῶς
2942 5286 3111 5343 Marc.
3138 5299 3218 5349 ιι,
3244 5288 3335 5346 Η.
3372 5288 3506 5341 si-et
3533 5299 3659 5342 eum
3695 5298 3921 5342 sensum

2337 5358 2496 5425 sequi
2526 5358 2800 5422 volumus,
2839 5362 2929 5428 qui
2968 5363 3202 5410 iiiaxime
3234 5358 3428 5428 obvius
3457 5366 3513 5412 et
3538 5366 3923 5428 Διιαιιιιτιιλιιοιι-

2338 5423 2631 5481 sentaneus
2662 5439 2768 5491 est,
2804 5423 3121 5483 et'Marcum
3157 5442 3279 5481 cunt
3310 5424 3571 5481 Matthe‘o
3600 5423 3921 5481 conciliare.

2339 5497 2474 5549 Nam
2509 5497 2762 5552 Christus
2809 5500 2948 5568 apud
2998 5498 3313 5552 Matthteuin
3372 5512 3511 5563 xvii,
3546 5496 3639 5559 15.
3672 5494 3784 5549 duo
3821 5512 3922 5568 nos

2338 5568 2535 5621 docet:
2574 5568 2809 5637 primum
2844 5566 3067 5637 quidem
3097 5568 3268 5622 Eliam
3302 5582 3596 5623 venturum
3634 5576 3693 5619 ut
3730 5566 3921 5621 ornuia

2336 5638 2624 5701 restituat;
2661 5639 2855 5693 deinde
2907 5653 3036 5692 vero
3089 5654 3285 5693 munus
3324 5640 3455 5694 illud
3508 5637 3651 5701 quod
3684 5651 3813 5690 eum
3852 5638 3920 5691 ad

2336 5708 2748 5777 praeparandam
2778 5709 2990 5763 Messia:
3016 5708 3157 5762 viam
3180 5709 3390 5767 Scribe
3411 5720 3469 5767 et
3506 5706 3768 5777 Pharisci
3797 5706 3923 5761 obi-

2341 5789 2521 5834 turum
2551 5779 2823 5848 dicebant,
2850 5795 2879 5833 a
2898 5779 3109 5835 Joanne
3135 5781 3385 5852 Baptista
3414 5780 3696 5853 impletum
3722 5776 3922 5835 fuisse.
