4108 6418
661 382 771 439 595

1583 383 1639 441 8.
1680 386 1946 442 JUSTINI
1984 384 2390 443 PHILOSOPHI
2427 383 2515 440 ET
2548 382 2909 441 MARTYRlS

3813 384 3916 442 sor-

663 504 881 565 guinem
934 517 1039 558 non
1090 501 1372 572 generavit
1417 501 1622 569 homo,
1677 502 1772 557 sed
1827 502 2011 567 Deus;
2063 503 2138 556 ita
2177 510 2229 557 et

2334 504 2485 567 Θεὸς,
2521 502 2694 565 οὕτως
2728 501 2823 554 καὶ
2856 500 2917 553 τὸ
2949 499 3039 553 τοῦ
3058 498 3291 571 Χριστοῦ
3320 493 3459 572 αἷμα
3492 499 3591 553 οὑκ
3620 497 3681 565 ἐξ
3706 500 3915 573 ἀνθρω-

660 594 861 645 tlbristi
884 593 1205 661 sanguinem
1227 608 1332 646 non
1356 607 1421 647 ex
1447 591 1689 647 humano
1711 594 1939 659 semine,
1964 593 2057 647 sed
2082 590 2229 661 150

2341 598 2491 649 πείου
2522 594 2712 663 γένους
2744 592 2981 656 ἔσεσθαι,
3010 592 3122 646 ἀλλ’
3156 595 3219 646 ὲκ
3249 591 3383 645 Θεοῦ
3416 592 3718 662 δυνάμεως,
3755 608 3916 663 «per

661 701 728 739 ex
779 687 869 739 Dei
916 687 1117 739 virtute
1160 684 1399 738 futurum
1432 684 1700 751 praedixit.
1735 682 1860 738 Haec
1909 693 2091 739 autem
2120 685 2233 754 ipsa

661 776 972 845 prophetia,
1001 792 1161 843 quam
1192 777 1367 839 attuli,
1392 794 1423 830 ο
1446 776 1573 839 viri,
1599 773 1874 828 Christum
1899 774 2237 829 demonstrat

662 884 767 921 non
802 883 922 922 esse
960 868 1234 921 hominem
1273 884 1339 923 ex
1391 866 1706 922 hominibus
1748 868 2022 921 communi
2055 867 2234 923 homi-

656 973 786 1013 num
816 974 966 1013 more
1002 959 1265 1028 genitum.

728 1048 818 1103 55.
858 1048 1032 1119 Rogat
1074 1049 1277 1119 Trypho
1306 1061 1360 1103 ut
1395 1048 1636 1106 Christus
1664 1051 1802 1107 Deus
1840 1053 2114 1120 probetur,
2143 1052 2233 1105 sed

660 1141 808 1194 citra.
854 1143 1239 1209 metaphoram.
1314 1140 1587 1197 Promittt’t
1646 1144 1911 1198 lustinus.
1973 1175 2045 1187 —
2093 1144 2229 1198 Tum

666 1231 884 1303 Trypho
917 1234 1233 1300 respondit:
1295 1233 1623 1289 Habebimus
1650 1236 1816 1289 etiam
1872 1238 1925 1289 iu
1966 1238 2230 1292 memoria

662 1336 808 1375 luant
845 1324 993 1376 illam
1023 1326 1553 1392 interpretationem,
1579 1330 1623 1381 si
1662 1338 1717 1381 et
1747 1328 1869 1382 aliis
1900 1330 2232 1399 argumentis

663 1418 804 1469 hunc
833 1430 1051 1484 quoque
1096 1421 1448 1485 quaestionem
1486 1420 1811 1473 ﬁrmaveris.
1843 1420 1998 1475 Nunc
2027 1433 2229 1487 autem,

657 1514 912 1561 revocata
964 1508 1106 1561 unde
1159 1508 1399 1577 digressa
1450 1520 1531 1563 est
1575 1513 1859 1575 oratione,
1914 1512 2229 1565 demonstra

655 1596 809 1650 nubis
854 1596 1020 1651 alium
1076 1598 1243 1653 Deum
1306 1616 1334 1653 a
1395 1599 1603 1669 Spiritu
1662 1601 1981 1673 prophetico
2032 1613 2232 1672 praeter

656 1697 960 1742 creatorem
988 1689 1370 1745 universorum
1398 1693 1620 1762 agnosci
1644 1710 1659 1758 ;
1704 1707 1906 1748 cavens
1933 1703 2113 1749 tamen
2162 1711 2230 1750 ne

652 1781 821 1833 sedem
862 1791 916 1835 et
949 1784 1129 1835 lunam
1162 1784 1313 1837 dicas
1336 1826 1350 1843 .
1400 1800 1520 1853 quin
1554 1786 1814 1855 scriptum
1864 1797 1947 1842 est
1976 1788 2229 1857 gentibus

2344 692 2600 760 μήνυσεν.
2650 686 2713 738 Ἦ
2745 685 2802 739 δὲ
2837 684 3139 757 προφητεία
3173 684 3333 756 αῦτη,
3368 678 3413 737 ὦ
3447 684 3666 755 ἄνδρες,
3701 682 3771 753 ῆν
3802 683 3906 736 ἔλε-

2338 799 2457 849 γον,
2492 777 2833 833 ἀποδεικνύει
2870 776 2977 846 (ιδ)
3026 775 3109 829 ὅτι
3158 775 3257 829 ούκ
3298 775 3445 828 ἔστιν
3491 776 3520 827 6
3552 775 3787 846 Χριστὸς
3819 776 3914 828 ἀν·-

2337 874 2553 946 θρωπος
2583 870 2642 937 ἐξ
2672 868 2995 941 ἀνθρώπων,
3019 867 3235 921 κατὰτὸ
3265 866 3441 921 κοινὸν
3472 865 3579 919 τῶν
3611 866 3915 939 ἀνθρώπων

2336 965 2633 1037 γεννηθείς.

2406 1058 2496 1113 55.
2532 1056 2640 1110 Καὶ
2672 1056 2701 1108 6
2732 1053 2963 1127 Τρύφων
2989 1050 3321 1124 ἀπεκρίνατο
3340 1068 3353 1081 ·
3382 1050 3787 1123 Μεμνησόμεθα
3821 1051 3914 1103 καὶ

2335 1151 2540 1221 ταύτης
2574 1148 2673 1218 τῆς
2706 1146 3019 1217 ἐξηγήσεως
3054 1164 3168 1211 σου,
3203 1146 3297 1198 ἐὰν
3334 1146 3425 1198 καὶ
3470 1145 3535 1198 δι’
3567 1143 3739 1199 ἄλλων
3774 1159 3913 1213 κρα-

2335 1243 2498 1314 τύνῃς
2533 1240 2623 1294 καὶ
2656 1239 2810 1293 τοῦτο
2840 1239 2900 1291 τὸ
2932 1239 3195 1310 ἀπόρημα
3215 1256 3228 1268 ·
3265 1238 3331 1291 τὰ
3364 1237 3457 1289 νῦν
3492 1237 3547 1289 δὲ
3580 1236 3681 1307 ήδη
3715 1234 3911 1287 ἀναλα-

2336 1334 2445 1387 ϐὼν
2480 1334 2569 1386 τὸν
2601 1332 2787 1401 λόγον,
2822 1329 3105 1396 ἀπόδειξον
3135 1331 3264 1401 ἡμῖν
3292 1329 3577 1400 ὃτιέτερος
3598 1328 3731 1390 Θεὸς
3765 1326 3915 1398 παρὰ

2332 1426 2423 1477 τὸν
2458 1424 2686 1494 ποιητὴν
2718 1423 2824 1475 τῶν
2859 1422 2995 1475 ὅλων
3028 1420 3132 1473 ὑπὸ
3165 1420 3257 1474 τοῦ
3293 1418 3628 1492 προφητικώ
3660 1419 3917 1489 Πνεῦμα-

2334 1534 2422 1580 τος
2453 1516 2802 1586 ὡμολόγηται
2834 1511 2995 1578 εἶναι,
3030 1516 3403 1585 φυλαξάμενος
3435 1513 3612 1581 λέγειν
3638 1511 3730 1565 τὸν
3762 1512 3915 1581 ἣλιον

2334 1610 2425 1662 καὶ
2459 1610 2560 1679 τὴν
2594 1607 2841 1678 σελήνην,
2875 1608 2911 1661 ἃ.
2942 1608 3250 1678 γέγραπται
3282 1610 3395 1671 τοῖς
3428 1605 3601 1658 ἔθνεσι
3630 1622 3913 1675 συγκεχωε

2335 1700 2561 1769 ρηκέναι
2622 1696 2729 1767 (47)
2778 1696 2867 1750 τὸν
2912 1696 3046 1750 Θεὸν
3088 1698 3165 1760 ὼς
3202 1696 3359 1759 θεοὺς
3413 1698 3771 1767 προσκυνεῖν·
3822 1696 3917 1749 καὶ

2331 1791 2505 1861 τούτῳ
2534 1788 2614 1859 τῷ
2639 1788 2784 1859 λόγῳ
2815 1788 3002 1861 ὥσπερ
3035 1788 3307 1861 χρώμενοι
3345 1788 3454 1858 (48)
3492 1787 3763 1858 προφῆται
3796 1786 3921 1840 πολ-

653 1885 916 1925 concessa
949 1888 978 1926 a
1025 1872 1132 1928 Deo
1171 1872 1341 1931 fuisse
1365 1914 1379 1938 ,
1420 1887 1477 1929 ut
1507 1891 1570 1930 ea
1618 1888 1875 1948 tanquam
1909 1880 2042 1935 deos
2080 1881 2225 1936 cole-

2334 1884 2488 1947 λάκις
2533 1884 2779 1953 λέγουσιν
2804 1923 2818 1946 ,
2865 1884 2947 1935 ὃτι
3001 1901 3019 1932 ι
3056 1881 3115 1933 Ὀ
3162 1880 3293 1943 Θεός
3331 1896 3425 1932 σου
3459 1880 3590 1942 Θεὸς
3620 1878 3730 1931 τῶν
3776 1879 3917 1932 θεῶν

653 1973 795 2019 rent.
859 1966 1038 2034 Atque
1103 1968 1206 2021 hoc
1263 1970 1515 2036 loquendi
1576 1986 1775 2039 genere
1835 1973 2231 2040 quodammodo

655 2063 871 2108 utentes
897 2054 1175 2122 propliette
1221 2071 1365 2125 sa-pe
1417 2060 1643 2111 dicunt:
1685 2077 1703 2108 ι
1739 2059 1879 2113 Deus
1934 2068 2059 2114 tuus
2090 2063 2229 2116 Deus

652 2146 885 2201 deorum
916 2157 1035 2212 est,
1090 2159 1145 2201 et
1169 2147 1434 2205 Dominus
1468 2151 1835 2216 dominorum,
1878 2172 1896 2202 ι
1938 2167 2080 2221 saepe
2134 2153 2230 2207 ad-

650 2236 843 2289 dentes
873 2253 892 2285 ι
928 2250 1153 2305 magnus
1184 2245 1241 2290 et
1282 2235 1441 2291 fortis
1485 2248 1540 2292 et
1571 2238 1835 2292 terribilis
1876 2240 1943 2291 ⁸¹.
1984 2256 2001 2290 ι
2046 2238 2231 2309 Neque

650 2328 795 2378 enim
831 2328 946 2383 lure
978 2342 1041 2380 eo
1069 2328 1351 2391 dicuntur,
1382 2331 1526 2398 quod
1554 2331 1642 2384 isti
1675 2332 1783 2386 sint
1811 2331 1926 2397 dii;
1962 2333 2057 2387 sed
2086 2334 2230 2403 quod

652 2417 938 2483 Scriptura
990 2433 1093 2473 nos
1130 2420 1329 2473 doceat
1362 2434 1427 2472 ex
1461 2421 1568 2479 bis.
1614 2424 1707 2491 qui
1739 2424 2126 2478 existimantur
2156 2424 2231 2480 dii

649 2521 703 2564 et
750 2511 981 2575 domini,
1009 2527 1196 2567 verum
1227 2511 1377 2565 illutn
1409 2511 1576 2567 Deum
1604 2554 1619 2577 ,
1645 2515 1737 2583 qui
1770 2515 1953 2569 omnia
1999 2518 2228 2581 creavit,

647 2608 823 2662 solum
866 2622 989 2662 esse
1014 2608 1330 2663 Dominum.
1360 2610 1517 2675 Quod
1569 2611 1797 2680 quidem
1844 2620 1904 2665 ut
1956 2613 2233 2668 evinceret

650 2699 887 2768 Spiritus
932 2711 1157 2755 sanctus
1186 2740 1200 2764 .
1250 2715 1349 2769 per
1380 2701 1639 2756 Davidem
1673 2702 1843 2757 dixit:
1904 2722 1923 2755 ι
1965 2704 2044 2758 Dii
2093 2719 2228 2773 geu-

651 2797 785 2849 tium
815 2798 929 2866 (qui
973 2797 1367 2851 existimantur
1393 2798 1493 2865 dii)
1522 2794 1811 2850 simulacra
1840 2796 2230 2851 daemoniorum

644 2897 812 2950 sunt,
868 2902 972 2942 non
1014 2888 1088 2941 dii
1142 2890 1212 2941 ".
1250 2906 1268 2939 ι
1321 2888 1631 2953 Quinetiam
1689 2887 1809 2941 dira
1865 2888 2230 2942 detestatione

644 2995 743 3037 eos
769 2982 1139 3050 prosequitur,
1165 2981 1254 3052 qui
1318 2983 1433 3034 haec
1465 2981 1672 3035 faciunt
1702 2989 1755 3034 et
1782 2979 1995 3034 colunt.

717 3071 857 3127 Tum
876 3087 1007 3142 ego:
1038 3071 1156 3127 Non
1183 3088 1356 3133 eram,
1391 3072 1641 3140 inquam,
1669 3070 1959 3133 allaturus,
1985 3070 2225 3141 Trypho,

649 3166 748 3220 bas
784 3165 1301 3230 demonstrationes,
1336 3164 1532 3233 quibus
1558 3180 1654 3218 eos
1702 3164 2053 3217 condemnari
2087 3164 2223 3230 scio,

2334 1980 2469 2040 ἐστι,
2504 1976 2599 2030 καὶ
2632 1976 2834 2047 Κύριος
2867 1975 2975 2028 τῶν
3009 1972 3236 2043 κυρίων,
3272 1991 3289 2023 ι
3329 1970 3743 2043 προστιθέντες,
3784 1992 3803 2022 ι
3858 1974 3918 2024 Ὀ

2336 2070 2510 2140 μέγας
2538 2070 2630 2135 καὶ
2666 2070 2883 2141 ἰσχυρὸς
2912 2069 3006 2121 καὶ
3035 2066 3282 2137 φοϐερὸς,
3310 2083 3328 2115 t
3384 2064 3662 2127 πολλάκις.
3699 2063 3774 2116 Ού
3807 2063 3918 2134 γὰρ

2330 2163 2405 2222 ὡς
2451 2162 2620 2215 ὄντων
2666 2160 2803 2213 θεῶν
2850 2158 3022 2213 ταῦτα
3072 2157 3321 2226 λέγεται,
3356 2156 3469 2211 ἀλλ’
3505 2156 3579 2218 ὡς
3627 2155 3719 2207 τοῦ
3756 2155 3917 2223 λόγου

2331 2255 2672 2317 διδάσκοντος
2721 2254 2902 2324 ἡμᾶς,
2950 2253 3032 2305 ὅτι
3066 2251 3173 2304 τῶν
3220 2248 3588 2319 νομιζομένων
3636 2247 3776 2301 θεῶν
3823 2247 3920 2302 καὶ

2334 2346 2535 2419 κυρίων
2568 2347 2596 2399 6
2628 2342 2705 2415 τῷ
2736 2344 2850 2397 ὄντι
2880 2343 3011 2406 Θεὸς
3042 2345 3070 2397 6
3102 2343 3169 2396 τὰ
3202 2342 3385 2395 πάντα
3420 2342 3683 2411 ποιήσας,
3713 2340 3919 2411 Κύριος

2336 2438 2494 2509 μόνος
2533 2438 2700 2491 ἐστίν.
2756 2437 2875 2490 Ἰνα
2920 2436 3029 2507 γὰρ
3077 2436 3171 2490 καὶ
3216 2435 3372 2489 τοῦτο
3418 2434 3611 2506 ἐλέγξῃ
3662 2434 3722 2487 τὸ
3763 2434 3919 2502 ἆγιον

2333 2527 2555 2600 Πνεῦμα
2578 2571 2592 2594 ,
2634 2528 2722 2581 διὰ
2759 2527 2848 2581 τοῦ
2878 2530 3036 2597 ἁγίου
3080 2528 3242 2581 Δαυὶδ
3265 2524 3417 2580 εἶπεν
3437 2544 3448 2555 ·
3507 2544 3525 2575 ι
3552 2528 3614 2577 Οἱ
3662 2524 3777 2577 θεοὶ
3807 2522 3919 2576 τῶν

2331 2620 2520 2683 ἐθνῶν,
2558 2621 2903 2691 νομιζόμενοι
2926 2620 3061 2683 θεοὶ,
3090 2620 3284 2674 εἴδωλα
3301 2618 3590 2689 δαιμονῐων
3615 2617 3774 2680 εἰσὶν,
3800 2614 3916 2668 ἀλλ’

2330 2713 2390 2765 ού
2426 2711 2571 2764 θεοί·
2611 2729 2629 2761 ι
2670 2710 2764 2764 καὶ
2815 2710 3012 2780 ἐπάγει
3058 2708 3299 2781 κατάραν
3330 2710 3441 2771 τοῖς
3488 2704 3733 2759 ποιοῦσιν
3776 2703 3920 2757 αύτά

2333 2803 2426 2855 καὶ
2462 2800 2842 2873 προσκυνοῦσι.

2403 3088 2574 3157 Κάγώ
2594 3106 2605 3116 ·
2643 3089 2718 3141 Ob
2750 3087 2949 3151 ταύτας
2987 3088 3085 3157 μὲν
3105 3085 3202 3149 τὰς
3225 3083 3528 3150 ἀποδείξεις
3559 3083 3783 3154 ἔμελλον
3816 3083 3916 3152 φέ-

2336 3199 2467 3254 ρειν,
2503 3177 2675 3246 εἶπον,
2711 3176 2755 3235 ὦ
2789 3180 3045 3253 Τρύφων,
3080 3179 3147 3231 δι’
3182 3173 3258 3233 ὧν
3301 3176 3756 3242 καταδικάζεσθαι
3788 3178 3917 3239 τοὺς

644 3258 736 3325 ιιιιὶ
787 3256 902 3311 hate
925 3264 984 3312 et
1030 3255 1230 3309 similia
1279 3255 1503 3321 colunt;
1557 3258 1651 3310 sed
1698 3271 1795 3309 eas
1837 3270 1974 3324 quas
2027 3265 2223 3309 contra

2333 3270 2499 3326 ταῦτα
2551 3273 2643 3325 καὶ
2691 3271 2759 3323 τά
2804 3267 3027 3323 τοιαῦτα
3092 3266 3531 3341 προσκυνοῦντας
3582 3266 3917 3335 ἐπίσταμαι,

648 3364 809 3404 nemo
842 3350 1029 3403 dicere
1069 3348 1289 3417 poterit.
1338 3346 1501 3403 Nova:
1530 3359 1711 3402 autem
1749 3348 1842 3401 tibi
1876 3347 2226 3412 videbuntur,

645 3442 896 3509 quamvis
927 3439 1170 3509 quotidie
1208 3455 1238 3492 a
1272 3438 1425 3493 vobis
1453 3441 1740 3509 legantur,
1787 3450 1846 3493 ut
1881 3438 1968 3495 vel
2020 3454 2088 3495 ex
2126 3440 2229 3493 hoc

645 3543 989 3602 perspectum
1021 3532 1325 3586 habeamus
1351 3531 1528 3595 vobis,
1554 3532 1624 3586 ob
1648 3540 1883 3585 vestram
1910 3532 2226 3600 nequitiam,

644 3646 671 3679 ιι
708 3627 819 3682 Den
850 3637 1172 3696 potestatem
1199 3626 1502 3696 sapientite,
1538 3644 1658 3696 qua:
1682 3628 1825 3684 illius
1850 3629 2030 3683 verbis
2062 3629 2221 3693 inest,

646 3723 1012 3792 intelligenda:
1048 3722 1424 3778 absconditam
1452 3721 1643 3787 fuisse,
1662 3723 1935 3778 nonnullis
1958 3725 2223 3790 exceptis,

643 3814 843 3884 quibus
862 3815 1163 3869 secundum
1184 3827 1409 3867 summa:
1429 3827 1541 3866 sua:
1562 3814 1947 3867 misericordia:
1967 3813 2225 3881 gratiam,

647 3909 803 3960 utait
835 3905 1099 3972 Isaias”,
1126 3920 1313 3960 semen
1348 3906 1413 3958 ad
1463 3906 1694 3959 salutem
1751 3906 2006 3975 reliquit,
2059 3921 2125 3959 ne
2168 3916 2226 3959 ut

652 4000 1058 4053 Sodomitarum
1093 4009 1149 4055 et
1177 3999 1659 4056 Gomorrhzeorum
1689 4038 1706 4061 ,
1740 3998 1815 4053 ita
1850 4008 1906 4052 et
1934 4013 2104 4067 genus
2137 4014 2227 4053 ve.-

644 4104 820 4146 strum
856 4092 1082 4161 periret.
1116 4092 1372 4147 Animum
1408 4095 1575 4163 igitur
1606 4093 1671 4146 ad
1695 4107 1757 4145 ea
1787 4093 2079 4156 advertite,
2104 4107 2226 4161 qua:

643 4200 709 4237 ex
762 4181 1063 4251 Scripturis
1094 4183 1299 4237 sanctis
1326 4192 1865 4237 commemoraturus
1898 4199 2039 4248 sum,
2083 4200 2223 4252 quas

643 4277 862 4346 quidem
904 4274 1164 4344 explicari
1217 4276 1443 4331 minime
1491 4292 1629 4346 opus
1658 4277 1806 4339 erit,
1866 4277 1960 4330 sed
2012 4286 2221 4339 tantum

645 4370 847 4424 audiri.

717 4463 807 4518 56.
832 4462 966 4516 Deus
992 4462 1213 4515 Abrahtv
1235 4462 1375 4516 visus
1394 4463 1424 4512 ἀ
1451 4460 1557 4514 Deo
1586 4458 1747 4515 Patre
1774 4461 2227 4531 distinguitur.—

645 4556 857 4626 Moyses
890 4556 1076 4625 igitur,
1129 4556 1323 4609 beatus
1370 4554 1460 4607 ille
1505 4563 1560 4607 et
1592 4554 1769 4608 fidelis
1817 4555 1909 4609 Dei
1964 4554 2222 4619 famulus,

650 4623 819 4702 Deum
851 4623 975 4704 esse
1009 4648 1251 4702 declarat
1274 4663 1419 4712 eum,
1454 4647 1545 4715 qui
1592 4648 1826 4701 Abrahae
1856 4649 1925 4703 ad
1956 4664 2220 4717 quercum
2261 4623 2303 4677 θ

646 4742 891 4795 Mambre
918 4742 1070 4795 visus
1101 4751 1186 4795 est
1215 4756 1337 4795 cum
1371 4741 1586 4793 duobus
1607 4742 1841 4811 angelis.
1886 4758 2026 4809 quos
2059 4742 2221 4795 simul

644 4850 766 4888 cttm
794 4849 860 4887 eo
889 4834 957 4888 ad
979 4832 1248 4901 judicium
1282 4832 1647 4888 Sodomorum
1702 4834 1847 4885 misit
1874 4834 2013 4889 alius
2044 4834 2095 4887 iu
2126 4851 2219 4888 su-

715 4988 755 5021 "
790 4988 945 5044 Deut.
976 5003 1031 5051 ι,
1063 4986 1148 5044 Π.
1226 4988 1272 5018 ⁸²
1298 4984 1450 5041 Psal.
1478 5001 1604 5053 xcv,
1630 4986 1686 5041 5.
1763 4988 1810 5019 ⁸³
1855 5002 1979 5057 cap.
2013 5004 2054 5053 ι,
2085 4989 2140 5043 9.

717 5143 833 5216 (46)
868 5140 1284 5216 Ἀποδεικζύερ
1324 5142 1551 5213 Legitur
1581 5143 1954 5198 ἀποδεικνύειν
1984 5143 2225 5216 in_utro—

644 5212 750 5286 que
775 5212 877 5269 uis.
902 5223 962 5268 et
990 5214 1131 5286 apud
1158 5212 1223 5267 Β.
1247 5212 1613 5286 Stephanum,
1640 5229 1742 5286 nec
1763 5227 2025 5283 punctum
2042 5214 2226 5283 ﬁgitur

646 5282 766 5353 post
806 5284 1207 5356 προεμήνυσεν.
1245 5282 1351 5337 Sed
1374 5294 1589 5356 _tamen
1636 5282 2137 5353 interpunctiouem
2170 5294 2228 5356 et

648 5354 983 5423 scripturam
1014 5354 1320 5425 editionum
1372 5354 1542 5407 Paris.
1580 5369 1805 5408 servare
1839 5355 2041 5425 malui,
2094 5355 2223 5425 quia

646 5422 874 5497 legendo
896 5422 1282 5497 ἀποδεικνύειν
1308 5425 1628 5497 vertendum
1664 5434 1841 5479 esset:
1886 5444 1905 5476 ι
1937 5422 2126 5491 ρυιιιιί
2146 5427 2229 5480 ui-

646 5494 837 5551 re—bam
874 5496 1256 5550 demonstrare
1306 5494 1587 5554 ChriStum
1628 5510 1737 5549 non
1790 5509 1911 5549 esse
1948 5498 2224 5551 hominem

645 5582 709 5620 ex
750 5566 1086 5621 hominibus.
1122 5582 1141 5615 ι
1181 5564 1252 5617 At
1287 5564 1340 5619 id
1375 5566 1527 5634 sequi
1562 5582 1629 5621 ex
1665 5566 1769 5621 boc
1816 5567 2040 5621 oraculo
2086 5582 2226 5620 non-

648 5638 773 5691 duin
811 5636 945 5689 dixit
971 5633 1243 5688 Justinus.

714 5706 830 5775 (47)
866 5706 1413 5776 Συγκεχωρηῇιένιιι.
1454 5705 1692 5775 Respicit
1727 5708 1793 5760 ad
1829 5722 1949 5776 cap.
1981 5724 2032 5760 tv
2087 5706 2223 5761 Deu-

649 5773 941 5837 tcrntmut.,
965 5773 1032 5829 ι’.
1064 5773 1159 5829 l9.
1197 5773 1330 5830 Vide
1370 5776 1506 5830 infra
1535 5773 1589 5830 ιι.
1632 5778 1751 5832 127.

720 5847 833 5924 με)
872 5849 1095 5922 Ὥσπερ
1120 5847 1426 5919 χρῖιμειη.
1463 5850 1611 5917 Sylb.
1644 5850 1927 5920 legendum
1962 5852 2220 5926 conjec“:

2330 3366 2465 3419 ἀλλά
2497 3369 2753 3427 τοιαύτας
2779 3364 2916 3435 πρὸς
2945 3362 3011 3426 ἀς
3040 3362 3315 3415 ἀντειπεῖν
3350 3361 3447 3431 μὲν
3474 3358 3650 3421 οὐδεὶς
3686 3358 3921 3429 δυνήσε-

2329 3476 2437 3511 ται.
2473 3456 2631 3510 Ξέναι
2662 3456 2716 3511 δέ
2753 3472 2834 3509 σοι
2865 3454 3110 3521 δόξουσιν
3142 3449 3301 3517 εἶναι,
3322 3452 3519 3525 καίπερ
3555 3450 3676 3505 καθ’
3700 3450 3923 3523 ἡμέραν
4008 3456 4009 3459 “

2329 3547 2833 3623 ἀναγινωσκόμεναι
2866 3547 2959 3615 ὑφ’
2992 3544 3147 3615 ὑμῶν
3167 3562 3181 3574 ⁸
3218 3544 3294 3607 ὡς
3344 3542 3434 3596 καὶ
3466 3544 3531 3594 ὲκ
3561 3541 3751 3594 τούτου
3792 3557 3925 3594 συν-

2329 3645 2468 3695 εῖναι
2501 3642 2646 3712 ὑμᾶς
2680 3639 2811 3710 (49),
2844 3640 2927 3692 ὅτι
2958 3638 3048 3692 διὰ
3079 3638 3178 3708 τὴν
3221 3636 3493 3706 ὑμετέραν
3536 3632 3734 3686 κακίαν
3778 3631 3922 3684 ἀπέ-

2331 3734 2537 3807 κρυψεν
2560 3735 2588 3786 6
2618 3732 2751 3795 Θεὸς
2771 3732 2863 3801 ἀφ’
2892 3729 3047 3801 ὑμῶν
3068 3730 3127 3782 τὸ
3152 3727 3410 3782 δύνασθαι
3431 3728 3570 3778 νοεῖν
3599 3724 3700 3794 τὴν
3726 3724 3922 3792 σοφίαν

2328 3827 2429 3897 τὴν
2460 3827 2517 3878 ὲν
2550 3827 2663 3888 τοῖς
2692 3823 2871 3892 λόγοις
2905 3819 3095 3882 αὐτοῦ,
3130 3820 3270 3891 πλήν
3305 3836 3461 3872 τινων
3479 3812 3559 3879 οἷς
3592 3814 3732 3868 κατὰ
3753 3814 3921 3884 χάριν

2328 3916 2426 3985 τῆς
2461 3914 2938 3986 πολυσπλαγχνίας
2972 3912 3159 3975 αὑτοῦ,
3194 3911 3270 3975 ὡς
3305 3911 3408 3981 ἔφη
3460 3908 3717 3970 Ἡσαΐας,
3750 3908 3924 3973 ἐγκαμ-

2328 4008 2513 4061 τέλιπε
2550 4006 2771 4077 σπέρμα
2806 4008 2887 4068 εἰς
2926 4003 3200 4075 σωτηρίαν
3225 4040 3242 4066 ,
3276 4002 3362 4053 ἵνα
3396 3999 3470 4071 μὴ
3502 3998 3578 4061 ὡς
3611 3994 3923 4066 Σοδομιτῶν

2331 4103 2420 4153 καὶ
2454 4099 2806 4171 Γομορραίων
2838 4097 3022 4150 τέλεον
3062 4096 3155 4149 καὶ
3184 4094 3245 4147 τὸ
3278 4092 3542 4165 ὑμέτερον
3585 4089 3742 4158 γένος
3774 4088 3921 4141 ἀπόσ-

2328 4192 2504 4262 ληται.
2542 4190 2843 4260 Προσέχετε
2868 4186 3155 4261 τοιγαροῦν
3187 4180 3380 4257 οἷσπερ
3404 4181 3579 4253 μέλλω
3610 4180 3923 4255 ἀναμιμνήο

2332 4300 2481 4336 σκειν
2514 4283 2622 4336 ἀπὸ
2655 4282 2761 4335 τῶν
2794 4281 2963 4349 ἁγίων
2996 4276 3229 4352 Γραφῶν
3260 4276 3379 4330 οὐδὲ
3422 4274 3750 4346 ὲξηγηθῖιναι
3794 4271 3921 4324 630-

2333 4371 2509 4440 μένων
2538 4372 2668 4441 (50),
2702 4370 2839 4424 ἀλλά
2875 4369 3033 4440 μόνον
3068 4368 3418 4439 ἀκουσθῆναι.

2401 4464 2486 4516 56.
2529 4464 2733 4533 Μωσῆς
2765 4460 2859 4516 οῦν
2908 4466 2937 4517 6
2971 4462 3239 4534 μακάριος
3285 4461 3379 4514 καὶ
3426 4459 3616 4522 πιστὸς
3660 4456 3922 4530 Θεράπων

2329 4556 2487 4617 Θεοῦ,
2526 4556 2743 4626 μηνύων
2777 4557 2859 4609 ὅτι
2890 4556 2919 4607 ό
2946 4554 3132 4624 ὀφθεὶς
3156 4555 3234 4625 τῲ
3262 4552 3513 4623 Ἀϐραὰμ
3538 4551 3675 4622 πρὸς
3706 4552 3770 4621 τῇ
3792 4548 3921 4620 δρυῒ

2333 4653 2400 4720 τῇ
2438 4650 2678 4722 Μαμϐρῆ
2712 4650 2863 4715 Θεὸς,
2880 4651 2977 4703 σὺν
2993 4652 3103 4713 τοῖς
3135 4649 3249 4719 ἅμα
3264 4646 3412 4717 αὐτῷ
3427 4646 3520 4698 ἐπὶ
3549 4644 3649 4715 τὴν
3670 4643 3919 4715 Σοδόμων

2330 4744 2510 4813 κρίσιν
2545 4742 2841 4813 πεμφθεῖσι
2872 4742 2965 4796 δύο
2997 4741 3246 4810 ἀγγέλοις
3270 4740 3374 4792 ὑπὸ
3405 4736 3564 4792 ἄλλου
3591 4735 3682 4789 τοῦ
3713 4738 3771 4789 ὲν
3801 4737 3918 4799 τοῖς

2328 4835 2743 4907 ύπερουρανίοις
2791 4835 2879 4888 ἀεὶ
2927 4834 3209 4905 μένοντος,
3246 4832 3338 4885 καὶ
3365 4830 3539 4899 ούδενὶ
3569 4827 3845 4897 ὀφθέντος,
3878 4824 3916 4898 ἦ

2330 5144 2404 5209 ὡς
2440 5162 2514 5217 πα
2524 5144 2889 5217 ραχρῲμενοι.

2402 5215 2533 5288 (till
2565 5215 2756 5288 't‘juiqf.
2806 5217 3119 5288 Legendum
3155 5216 3323 5288 ἡμᾶς,
3372 5220 3446 5288 ut_
3465 5226 3563 5283 per
3595 5223 3656 5267 se
3688 5219 3865 5288 patet.

2404 5284 2518 5357 (50)
2559 5284 2879 5353 Δέομένων.
2894 5284 3105 5342 Melius
3137 5284 3269 5341 sane
3292 5284 3705 5357 6eopév0tg,_sed
3733 5291 3916 5357 tamen

2334 5352 2464 5411 ferri
2500 5352 2832 5428 potestillud
2860 5357 3168 5428 δεομένων;
3203 5352 3639 5428 nequeenim-de
3661 5352 3921 5428 omnibus

2333 5422 2638 5549 {generatim
2675 5422 2975 5496 Scripturis
3001 5428 3227 5511 intelligi
3248 5422 3564 5508 (lebetasetl
3588 5423 3675 5505 .de
3704 5423 3773 5504 iis
3800 5422 3920 5491 qui-

2355 5515 2437 5549 tus
2474 5507 2549 5549 uti
2583 5497 3126 5549 StattterutJustmus
3159 5500 3225 5549 ad
3247 5492 3453 5549 Christi
3491 5497 3794 5549 dtvmttatts
3824 5493 3918 5545 de-

2355 5492 2437 5553 ms
2474 5501 2549 5551 uti
2583 5492 3126 5554 statueratJustinus
3159 5492 3225 5551 a'd
3247 5492 3453 5552 Christi
3491 5494 3794 5549 divinitatis
3824 5493 3918 5545 de-

2337 5567 2663 5621 feusiottetu.
2696 5566 2859 5623 Paulo
2885 5578 3012 5623 ante
3048 5587 3102 5623 ιι.
3137 5568 3226 5632 55,
3261 5570 3495 5622 similem
3531 5565 3798 5619 habemus
3833 5561 3918 5616 vel

2336 5638 2808 5713 librarioriuulvel
2830 5640 3222 5713 putiuslusliui
3243 5635 3589 5713 preperantis
3607 5634 3873 5713 incuriam
3895 5649 3911 5685 :

2336 5710 2680 5783 Προαγγελία
2695 5708 2762 5779 ἣν
2779 5702 2999 5783 καὶτῶν
3024 5712 3140 5783 ἀπὸ
3159 5702 3258 5779 τῆς
3282 5702 3603 5783 συναγωγῆς
3624 5702 3779 5783 μῶν
3797 5702 3911 5772 ἄμα

2334 5775 2439 5841 τοῖς
2476 5775 2580 5833 ἀπὸ
2615 5775 2728 5832 :5»;
2754 5780 2922 5833 ἐθνῶν
2960 5775 3233 5834 πιστεύειν
3268 5781 3352 5833 ἐπ’
3388 5775 3877 5846 αὐτὸνμέλλονσιν.
