4108 6424
130 394 260 452 SS7

1122 390 1464 449 DIALOGUS
1497 389 1643 448 CUM
1684 389 2058 448 TRYPIIONE
2091 392 2354 451 JUDASO.

3321 394 3425 447 598

126 511 517 582 ὁμιλήσαντος
559 511 623 564 δι’
659 509 850 564 ἑαυτοῦ
905 527 1033 563 ποτε
1057 548 1072 570 ,
1105 511 1165 562 ὃν
1199 510 1425 582 ποιητὴν
1467 507 1576 562 τῶν
1606 508 1742 560 ὅλων

1850 509 2263 577 percmlestibus
2306 523 2520 578 semper
2557 521 2804 569 manens,
2855 521 2918 559 ac
2949 505 3148 566 nemini
3186 523 3424 577 unquam

135 603 242 655 καὶ
286 605 495 675 πατέρα
524 603 779 674 νοοῦμεν·
815 602 957 656 οὕτω
995 602 1107 674 γάρ
1126 603 1235 672 (51)
1273 619 1438 673 φησιν
1461 619 1474 632 '
1513 620 1530 653 ‹
1563 600 1739 670 Ὠφοη

127 696 198 747 δὲ
243 697 404 766 αὐτῷ
429 701 455 750 ό
487 698 618 760 Θεὸς
640 699 774 768 πρὸς
796 701 860 768 τῇ
887 697 1007 768 δρυῒ
1040 701 1103 767 τῇ
1132 698 1396 769 Μαμὸρῇ,
1432 695 1739 766 καθημένου

137 790 322 843 αὖτοῦ
356 791 448 842 ἐπὶ
481 794 546 861 τῇ
578 791 717 861 θύρᾳ
745 794 842 862 τῆς
874 793 1078 862 σκηνῆς
1099 793 1463 862 μεσημϐρίας·
1490 789 1744 844 Ἀναϐλέ·

131 883 257 950 φας
293 882 352 934 δὲ
382 887 495 946 τοῖς
526 885 820 954 ὀφθαλμοῖς
863 880 1002 938 εἶδε·
1056 887 1150 938 καὶ
1198 886 1304 940 ἰδοὺ
1357 890 1505 954 τρεῖς
1550 885 1741 957 ἄνδρες

139 977 506 1046 εἱστήκεισαν
541 977 726 1029 ἐπάνω
765 977 957 1030 αὑτοῦ·
997 977 1090 1030 καὶ
1131 976 1252 1030 ἰδὼν
1301 977 1631 1048 συνέδραμεν
1663 980 1740 1040 εἰς

142 1066 485 1136 συνάντησιν
517 1070 698 1130 αὐτοῖς
729 1069 838 1121 ἀπὸ
865 1070 962 1138 τῆς
991 1069 1160 1140 θύρας
1191 1070 1290 1140 τῆς
1314 1071 1519 1140 σκηνῆς
1551 1068 1735 1121 αὑτοῦ·

142 1158 244 1208 καὶ
283 1158 691 1230 προσεκύνησεν
743 1162 836 1213 ἐπὶ
881 1161 975 1230 τὴν
1010 1163 1114 1231 γῆν
1137 1203 1151 1225 ,
1187 1163 1280 1215 καὶ
1304 1158 1423 1214 εἷπε
1450 1179 1461 1191 ·
1491 1180 1509 1213 1
1550 1161 1642 1214 καὶ
1674 1161 1741 1214 τὰ

140 1251 319 1303 λοιπὰ
371 1251 482 1318 (5‘2)
537 1252 696 1323 μέχρι
741 1254 834 1306 τοῦ
861 1271 874 1284 ·
916 1274 932 1304 1
973 1255 1229 1326 ’Ώρθρισε
1274 1255 1330 1310 δὲ
1381 1254 1632 1326 Ἀϐραὰμ
1664 1255 1741 1324 τῷ

141 1343 304 1412 ττρωῖ
339 1346 419 1406 εἰς
447 1345 536 1397 τὸν
572 1347 733 1398 τόπον
766 1342 825 1400 οὗ
860 1348 1101 1418 εἱστήκει
1147 1348 1328 1401 ἔναντι
1372 1347 1611 1419 Κυρίου,
1649 1348 1742 1400 καὶ

142 1428 456 1504 ἐπέϐλεψεν
490 1438 583 1491 ἐπὶ
610 1439 902 1507 πρόσωπον
925 1440 1173 1510 Σοδόμων
1208 1440 1301 1492 καὶ
1320 1440 1623 1511 Γομόρρας,
1649 1439 1742 1492 καὶ

146 1526 244 1578 ἐπὶ
272 1527 568 1597 πρόσωπον
601 1530 701 1599 τῆς
733 1531 836 1600 γῆς
868 1532 967 1602 ’τῆς
1001 1532 1330 1604 περιχώρου,
1356 1534 1450 1586 καὶ
1483 1529 1588 1584 εἶδε
1610 1549 1623 1562 ⁶
1648 1534 1742 1586 καὶ

149 1617 268 1670 ἰδοὺ
293 1620 544 1672 ἀνέϐαινε
581 1622 711 1691 φλὸξ
745 1624 808 1677 ἐκ
843 1624 939 1694 τῆς
958 1625 1062 1695 γῆς
1093 1624 1227 1678 ὡσεὶ
1260 1626 1426 1696 ἀτμὶς
1452 1625 1736 1695 καμίνου.»

146 1741 221 1751 —
242 1712 355 1764 Καὶ
372 1713 721 1784 παυσάμενος
741 1713 922 1769 λοιπὸν
942 1716 1033 1770 τοῦ
1057 1717 1253 1785 λέγειν,
1267 1717 1548 1789 ἐπυθόμην
1565 1719 1744 1772 αὐτῶν

145 1803 198 1855 εἰ
227 1803 612 1874 ὲνενοήκεισαν
637 1807 706 1861 τὰ
738 1809 1020 1881 εἰρημένα.

225 2004 295 2055 Οἱ
322 2003 380 2056 δὲ
417 2004 623 2074 ἔφασαν
654 2011 964 2078 νενοηκέναι
1010 2011 1106 2081 μὲν
1129 2052 1141 2074 ,
1177 2013 1340 2083 μηδὲν
1381 2013 1437 2066 δὲ
1475 2013 1619 2082 ἔχειν
1665 2013 1742 2076 εἰς

149 2094 430 2159 ἀπόδειξιν
454 2099 581 2161 τοὺς
614 2098 968 2170 λελεγμένους
1009 2103 1200 2171 λόγους
1228 2144 1240 2166 ,
1275 2106 1356 2157 ὃτι
1403 2105 1535 2168 Θεὸς
1566 2105 1598 2174 ἦ
1633 2105 1744 2156 Κύ-

156 2202 274 2254 ριος
307 2187 464 2250 ἄλλος
493 2189 576 2251 τίς
604 2191 769 2256 ἐστιν,
796 2190 826 2260 ἢ
862 2192 1110 2246 λέλεκται
1133 2195 1240 2246 ἀπὸ
1267 2194 1358 2247 τοῦ
1394 2193 1548 2262 ἁγίου
1579 2196 1746 2248 Πνεύ-

158 2296 332 2347 ματος
363 2279 472 2349 (55)
511 2281 662 2352 παρὰ
685 2283 776 2336 τὸν
813 2285 1039 2356 ποιητὴν
1067 2286 1175 2338 τῶν
1208 2286 1361 2339 ὅλων.

229 2371 406 2440 Κάγὼ
443 2373 602 2426 πάλιν
626 2392 640 2404 '
682 2376 747 2427 Ἀ
778 2375 920 2444 λέγω
945 2417 960 2440 ,
998 2379 1330 2449 πειράσομαι
1369 2381 1514 2450 ὑμᾶς
1562 2384 1744 2435 πεῖσαι

155 2465 461 2534 νοήσαντας
505 2467 603 2530 τὰς
630 2461 901 2539 Τραφὰς,
945 2471 1027 2523 ὅτι
1080 2472 1199 2524 ἐστὶ
1234 2473 1326 2525 καὶ
1358 2472 1573 2542 λέγεται
1615 2475 1746 2538 Θεὸς

157 2558 253 2609 καὶ
302 2557 505 2629 Κύριος
550 2560 735 2632 ἕτερος
772 2563 877 2616 ὑπὸ
921 2564 1012 2616 τὸν
1047 2567 1276 2636 ποιητὴν
1305 2567 1416 2639 (vi)
1451 2567 1558 2619 τῶν
1587 2568 1743 2631 ὅλων,

155 2647 218 2710 ὃς
249 2648 346 2701 καὶ
376 2649 602 2717 ἅγγελος
644 2651 920 2716 καλεῖται,
967 2653 1058 2706 διὰ
1087 2655 1148 2706 τὸ
1176 2655 1460 2724 ἀγγέλλειν
1491 2658 1605 2718 τοῖς
1651 2657 1746 2709 ἁν-

160 2739 404 2811 θρώποις
429 2743 638 2815 ὅσαπερ
673 2745 918 2814 βούλεται
947 2748 1128 2809 αὐτοῖς
1158 2747 1405 2815 ἀγγεῖλαι
1429 2751 1456 2801 6
1478 2748 1585 2801 τῶν
1611 2750 1747 2801 ὅλων

158 2837 416 2906 ποιητὴς,
450 2837 589 2908 ὑπὲρ
610 2838 667 2890 ὃν
687 2838 844 2902 ἄλλος
863 2840 996 2904 Θεὸς
1019 2843 1119 2894 οὐκ
1153 2842 1286 2894 ἔστι.
1311 2874 1380 2881 -—
1403 2843 1512 2895 Καὶ
1535 2844 1746 2895 ἀνιστο-

166 2928 278 3000 ρῶν
301 2929 462 2982 πάλιν
487 2930 555 2982 τὰ
585 2931 970 3002 προλεχθέντα,
995 2935 1274 3004 ἐπυθόμην
1303 2936 1397 2988 τοῦ
1423 2935 1742 3006 Τρύφωνος·

167 3023 324 3074 Δοκεῖ
353 3039 431 3074 σοι
466 3023 694 3092 ὀφθῆναι
729 3025 834 3077 ὑπὸ
859 3027 956 3095 τὴν
992 3026 1122 3096 δρῦν
1153 3028 1252 3098 τὴν
1283 3027 1530 3098 Μαμϐρῆ
1559 3031 1586 3080 ὁ
1619 3028 1748 3091 Θεὸς

160 3113 243 3183 τῷ
291 3114 539 3185 Ἀϐραὰμ
564 3155 578 3178 ,
608 3116 682 3179 ὼς
714 3119 742 3168 ό
771 3117 926 3186 λόγος
955 3118 1132 3186 λέγει;

235 3291 502 3354 Κάκεῖνος
520 3309 535 3325 ο
568 3292 836 3347 Μάλιστα.

232 3384 346 3435 Καὶ
375 3381 454 3449 εἷς
478 3426 491 3448 ,
529 3388 684 3458 ἔφην,
731 3388 954 3440 ἐκείνων
984 3384 1050 3458 ἦν
1085 3389 1194 3441 τῶν
1227 3393 1394 3462 τριῶν
1423 3393 1515 3457 οὒς
1547 3393 1748 3466 ἄνδρας

164 3477 435 3547 ἑωρᾶσθαι
466 3480 544 3551 τῷ
590 3481 838 3553 Ἀϐραὰμ
869 3484 930 3536 τὸ
976 3482 1128 3549 ἆγιον
1160 3487 1492 3555 προφητικὸν
1525 3488 1747 3558 Πνεῦμα

165 3571 311 3638 λέγει
337 3587 350 3634 ;

237 3662 502 3728 Κάκεῖνος
527 3685 538 3696 ·
576 3667 651 3720 Οὔ
679 3686 690 3697 ·
728 3669 864 3721 ἀλλὰ
899 3667 1046 3726 ὧπτο
1084 3673 1180 3742 μὲν
1215 3672 1361 3741 αὐτῷ
1395 3674 1423 3724 6
1465 3674 1596 3737 Θεὸς
1644 3677 1748 3745 πρὸ

162 3756 262 3824 τῆς
291 3757 396 3808 τῶν
427 3761 590 3829 τριῶν
622 3761 887 3825 ὀπτασίας
907 3781 918 3792 ·
975 3761 1089 3816 εἶτα
1125 3766 1173 3816 οἱ
1209 3769 1357 3834 τρεῖς
1405 3767 1629 3828 ἐκεῖνοι,
1657 3767 1746 3830 οὒς

160 3850 363 3920 ἄνδρας
414 3854 442 3903 6
483 3853 638 3921 λόγος
670 3857 963 3925 ὀνομάζει,
1036 3858 1249 3925 ἄγγελοι
1299 3855 1471 3928 ἦσαν’
1510 3860 1600 3912 δύο
1652 3862 1746 3929 μὲν

167 3943 344 3995 αὐτῶν
360 3946 696 4015 πεμφθέντες
724 3949 816 4000 ἐπὶ
839 3950 937 4019 τὴν
973 3950 1220 4021 Σοδόμων
1254 3952 1546 4015 ἀπώλειαν,
1582 3947 1660 4015 εἷς
1691 3953 1747 4005 δὲ

169 4036 655 4108 εὐαγγελιζόμενος
703 4043 767 4111 τῇ
813 4041 998 4113 Σάρρᾳ
1045 4044 1127 4096 ὅτι
1167 4043 1356 4097 τέκνον
1392 4043 1533 4108 ἕξει,
1580 4047 1664 4113 ἐφ’
1703 4038 1747 4113 ᾧ

169 4128 521 4199 ἐπέπεμπτο,
552 4132 645 4185 καὶ
674 4134 997 4206 ἀπαρτήσας
1178 4137 1512 4207 ἀπήλλακτο.

237 4222 359 4285 Πῶς
384 4220 498 4284 οὖν,
543 4221 715 4287 εἷπον,
749 4228 778 4280 6
811 4223 890 4291 εἷς
921 4229 1031 4281 τῶν
1063 4229 1228 4301 τριῶν
1260 4230 1549 4300 γενόμενος
1589 4234 1646 4284 ἐν
1679 4233 1744 4301 τῇ

169 4317 336 4384 σκηνῇ
358 4354 370 4375 ,
396 4318 423 4367 6
458 4318 550 4370 καὶ
582 4319 769 4384 εἰπὼν,
806 4339 823 4370 1
863 4321 958 4384 Εἰς
979 4321 1129 4392 ὥρας
1157 4323 1464 4393 ἀνακάμψω
1496 4324 1632 4396 πρὸς
1666 4325 1745 4387 σε,

166 4411 258 4461 καὶ
287 4413 351 4480 τῇ
389 4411 573 4482 Σάρρᾳ
601 4413 712 4475 υἱὸς
741 4415 1027 4482 γενήσεται
1052 4454 1066 4477 ,
1106 4434 1124 4466 1
1158 4415 1406 4484 φαίνεται
1439 4416 1747 4471 ἐπανελθὼν

166 4504 454 4572 γενομένου
500 4508 566 4576 τῇ
611 4506 796 4576 Σάρρα
840 4507 958 4560 υἱοῦ
1003 4507 1097 4561 καὶ
1149 4508 1281 4561 Θεὸν
1336 4509 1498 4561 αὑτὸν
1553 4510 1682 4562 ὄντα
1717 4512 1745 4563 ὁ

170 4597 498 4664 προφητικὸς
545 4598 699 4666 λόγος
732 4599 891 4652 κάκεῖ
923 4600 1205 4671 σημαίνει;
1251 4602 1366 4654 Ἵνα
1411 4601 1467 4653 δὲ
1517 4603 1748 4675 φανερὸν

172 4689 297 4757 ὑμῖν
323 4689 547 4760 γένηται
579 4692 608 4744 ὃ
653 4692 830 4760 λέγω,
882 4694 1151 4747 ἀκούσατε
1199 4694 1309 4747 τῶν
1350 4695 1456 4748 ὑπὸ
1499 4697 1746 4760 Μωσέως

237 4873 281 4899 ³⁸
313 4866 450 4924 Gen.
487 4883 639 4936 xwtt,
674 4871 720 4933 l,
756 4871 808 4927 Ξ.
919 4873 964 4902 ⁵⁵
991 4872 1128 4927 Gen.
1162 4889 1274 4936 xix,
1299 4872 1506 4939 27,28.

387 5025 549 5100 Οὕτω
742 5028 884 5100 Dc_-|e_
905 5028 1034 5100 γάρ,
1059 5027 1143 5100 vel
1181 5027 1295 5100 lege
1327 5027 1540 5100 μηνύει.

239 5094 351 5164 (521
393 5097 501 5151 Kal
526 5094 597 5150 τὰ
623 5098 824 5152 λοιπά.
871 5094 993 5153 nam
1023 5114 1051 5151 11
1081 5094 1547 5154 1111111111εο11118511
1583 5108 1738 5167 putat

173 5167 426 5238 Grabius,
464 5169 628 5235 idque
669 5172 858 5238 probat
915 5187 978 5222 ex
1017 5170 1084 5222 iis
1116 5185 1236 5236 qum
1295 5169 1434 5225 infra
1488 5171 1742 5238 leguntur

174 5253 320 5310 1111111.
353 5236 442 5300 56,
481 5241 572 5291 11111
609 5236 854 5310 Justinus
891 5241 1002 5310 Ira-e
1038 5254 1064 5290 a
1103 5254 1161 5294 se
1196 5240 1346 5310 prius
1381 5236 1585 5310 scripta
1620 5255 1742 5293 esse

172 5307 428 5364 declarat.
468 5340 540 5348 —
601 5309 726 5364 llmc
765 5328 870 5363 non
913 5309 1135 5373 Justini,
1174 5313 1268 5362 sed
1326 5307 1537 5364 librarii
1576 5312 1740 5364 verba

173 5393 318 5442 esse,
356 5381 738 5447 compendium
780 5380 868 5435 hic
901 5380 1178 5442 facientis,
1219 5381 1388 5448 liquet
1412 5398 1476 5436 ex
1507 5397 1574 5435 eo
1600 5381 1742 5448 quod

174 5465 320 5523 num.
478 5451 711 5505 dicitur:
750 5452 824 5503 Οὐ
864 5453 990 5523 γὰρ
1018 5451 1252 5523 γράφειν
1287 5451 1450 5505 πάλιν
1483 5452 1553 5504 τὰ
1583 5451 1745 5513 αὐτὰ,

171 5521 278 5591 τῶν
307 5519 550 5591 πάντων
583 5519 1138 5591 προγτγςρίιμιὶένων,
1171 5521 1316 5573 δοκεῖ
1352 5540 1463 5591 μοι.
1503 5524 1677 5577 O'r'ro.
1697 5558 1750 5587 χ,

243 5590 386 5714 (1516
402 5590 545 5644 Ἀπὸ
581 5593 686 5647 τοῦ
712 5590 888 5663 ἁγίου
923 5590 1287 5662 Πνεύματος.
1321 5590 1516 5649 Melius
1542 5593 1751 5663 legere-

243 5679 256 5711 Γ
285 5680 358 5714 υπ
392 5702 405 5714 .

173 5675 256 5715 1111·
285 5675 405 5715 υπο.

239 5732 350 5800 (54)
385 5731 520 5786 Ὑπὸ
554 5731 662 5786 τεν
695 5734 968 5802 ποιητήν.
1006 5736 1160 5790 llnnc
1187 5735 1362 5790 locum
1400 5735 1471 5787 ita
1506 5734 1748 5795 restitui,

170 5813 228 5858 ut
261 5804 484 5874 habetur
531 5804 584 5856 in
635 5821 763 5860 mss.
827 5808 1126 5866 codicibus.
1181 5821 1412 5874 quorum
1472 5807 1748 5873 scriptura

173 5890 292 5932 cum
316 5873 590 5933 rideretur
623 5878 880 5932 mendosa
940 5873 1209 5933 llobcrltr
1241 5877 1544 5948 Stephano,
1586 5875 1747 5930 aliam

1845 602 2011 660 visus,
2044 611 2136 654 aut
2165 617 2260 670 per
2289 617 2348 657 se
2375 615 2707 671 quemquam
2752 598 3044 662 allocutus,
3074 616 3237 668 quem
3271 617 3427 654 crea-

1847 701 2023 745 torem
2061 693 2444 748 universorum
2489 691 2542 747 et
2586 702 2871 761 parentem
2913 691 3285 761 intelligimus.
3334 695 3426 748 Sic

1843 786 1987 840 enim
2019 786 2297 856 loquitur:
2333 805 2350 838 t
2390 788 2655 856 Apparttit
2688 769 2870 841 autem
2905 788 2951 840 ei
2991 786 3130 840 Deus
3167 789 3231 840 ad
3259 805 3423 854 quer-

1844 895 1967 934 cum
2009 881 2272 946 Mambre,
2313 883 2437 935 cuni
2460 882 2549 935 ille
2581 881 2800 935 sederet
2837 881 2889 934 in
2918 881 3060 934 ostio
3089 881 3426 934 tabernaculi

1847 972 1898 1026 in
1932 974 2180 1028 meridie.
2210 972 2317 1028 Sed
2343 975 2646 1043 respiciens
2670 974 2866 1036 oculis,
2896 973 3061 1027 vidit:
3089 984 3144 1028 et
3169 989 3296 1028 ecce
3319 983 3429 1027 tres

1843 1065 1946 1119 viri
1981 1067 2202 1119 stabant
2236 1081 2396 1136 supra
2430 1082 2587 1131 CIIII];
2638 1075 2693 1120 et
2721 1066 2915 1121 videns
2943 1066 3186 1119 occurrit
3210 1066 3427 1118 obviam

1845 1159 1954 1215 illis
1997 1161 2066 1215 ab
2107 1163 2254 1215 ostio
2291 1161 2654 1228 tabernaculi,
2687 1161 2807 1222 sui,
2853 1169 2910 1213 e'.
2962 1159 3213 1212 adoravit
3269 1172 3429 1228 super

1847 1263 2074 1318 terram,
2122 1264 2177 1308 et
2208 1254 2346 1307 dixit
2370 1255 2448 1317 δί,
2486 1273 2504 1305 1
2539 1264 2591 1308 et
2622 1261 2821 1307 cariem
2856 1266 3027 1321 usque
3074 1251 3178 1304 ad:
3223 1268 3240 1300 1
3275 1250 3429 1304 Mane

1847 1355 2028 1400 autem
2063 1359 2292 1416 surgens
2320 1346 2595 1398 Abraham
2621 1385 2633 1404 ,
2692 1341 2932 1398 diluculo
2977 1342 3074 1396 ivit
3109 1348 3172 1395 ad
3212 1341 3388 1394 locum
3411 1381 3426 1400 ,

1846 1439 1899 1494 in
1954 1455 2060 1508 quo
2096 1448 2328 1493 steterat
2365 1453 2555 1492 coram
2595 1437 2860 1500 Domino;
2899 1445 2953 1489 et
2991 1436 3226 1504 inspexit
3263 1435 3312 1487 in
3351 1432 3430 1487 fa-

1845 1532 1983 1586 ciem
2022 1531 2384 1586 Sodomorum
2422 1539 2475 1584 et
2497 1529 2841 1593 Gomorrltze,
2878 1539 2932 1582 et
2963 1531 3014 1582 in
3044 1528 3233 1582 faciem
3274 1538 3432 1580 terra-

1846 1622 2371 1689 eireumjacentis,et
2399 1621 2567 1674 vidit:
2594 1631 2819 1683 etecce,
2844 1620 3176 1674 ascendebat
3215 1619 3430 1672 flamma

1847 1719 1913 1774 de
1962 1719 2116 1789 151
2167 1727 2332 1783 terra,
2372 1717 2524 1784 quasi
2565 1731 2735 1785 vapor
2772 1715 3006 1770 fornacis
3055 1716 3120 1766 ⁵⁵.
3169 1733 3264 1765 1-
3294 1713 3430 1768 Cmn

1849 1811 2147 1866 referendae
2201 1809 2503 1878 Scriptura:
2549 1808 2708 1860 finem
2767 1807 3060 1873 fecissem,
3122 1807 3431 1875 qumrcbam

1846 1915 1913 1954 ex
1960 1900 2039 1953 eis
2074 1917 2139 1950 an
2177 1899 2320 1953 dicta
2353 1898 2767 1953 intellexissent.

1918 1993 1994 2047 1111
2027 2003 2206 2047 autem
2235 1991 2571 2047 intellexisse
2603 2008 2660 2046 se
2687 1992 3106 2060 responderunt,
3138 1993 3231 2044 sed
3259 1989 3426 2044 allata

1849 2087 2012 2137 verba
2052 2083 2186 2138 nihil
2212 2084 2435 2146 habere,
2457 2081 2602 2152 quod
2631 2082 2795 2135 alium
2832 2081 3121 2151 quemdam
3146 2082 3312 2134 Deum
3341 2087 3436 2132 aut

1849 2178 2138 2231 Dominum
2185 2192 2329 2240 esse,
2355 2185 2449 2229 aut
2490 2191 2519 2228 a
2579 2175 2784 2244 Spiritu
2846 2183 3042 2229 sancto
3071 2175 3275 2228 dictum
3310 2187 3436 2228 esse

1849 2271 2191 2324 demonstret
2223 2281 2421 2337 111111181-
2452 2277 2760 2323 creatorem
2789 2267 3194 2322 universorum.

1922 2363 2058 2416 Tum
2093 2379 2193 2432 ego
2233 2378 2450 2416 rursum
2489 2361 2724 2416 :Enitar
2757 2360 2933 2422 vobis,
2983 2359 3229 2429 inquam,
3264 2375 3434 2427 quatt-

1849 2456 2138 2523 doquidem
2173 2455 2488 2523 Scripturas
2536 2452 2866 2520 intelligitis,
2895 2466 2959 2504 ea
2992 2466 3114 2520 quae
3163 2450 3286 2504 dico
3313 2465 3431 2518 per-

1853 2548 2110 2613 suadere,
2151 2547 2410 2600 nimirum
2447 2546 2614 2599 alium
2641 2559 2764 2598 esse
2796 2552 2850 2596 et
2883 2541 2986 2596 dici
3048 2540 3148 2596 sub
3188 2550 3436 2593 creature

1853 2647 2260 2706 universorum,
2323 2643 2489 2696 Deum
2533 2653 2588 2697 et
2639 2642 2950 2707 Dominum,
3003 2641 3179 2710 quiet
3213 2639 3436 2709 angelus

1852 2747 2097 2799 voeatur,
2134 2737 2259 2804 quia
2311 2738 2522 2789 muniat
2575 2736 2890 2790 hominibus
2949 2748 3283 2802 qmecunque
3329 2731 3437 2783 illis

1853 2831 2106 2885 nuntiare
2158 2830 2273 2882 vult
2335 2831 2719 2884 universorum
2774 2829 3026 2891 Creator,
3084 2843 3243 2893 supra
3275 2840 3435 2894 quem

1853 2925 1989 2979 alius
2019 2941 2122 2978 non
2157 2935 2248 2987 est
2275 2924 2437 2977 Deus.
2466 2923 2712 2991 Cumque
2747 2923 2910 2977 verba
2957 2921 3070 2989 jam
3115 2920 3275 2972 allata
3339 2920 3438 2969 ite-

1853 3034 1970 3070 rtttn
2023 3016 2308 3081 referrem,
2366 3015 2714 3083 Tryphonem
2780 3013 3184 3082 interrogabam
3237 3029 3247 3062 :
3299 3010 3436 3061 Nutu

1856 3109 2020 3160 Deum
2064 3108 2354 3161 existimas
2410 3107 2510 3159 sub
2546 3121 2750 3175 quercu
2800 3104 3042 3159 Mambre
3091 3103 3345 3167 Abraltar,
3383 3113 3440 3155 ut.

1776 3201 1818 3256 C
1854 3203 1987 3256 dicit
2021 3201 2327 3270 Scriptura,
2366 3203 2540 3254 visum
2570 3199 2730 3255 esse?

1925 3294 2201 3362 Profecto,
2238 3295 2412 3362 inquit
2439 3294 2548 3348 ille.

1926 3389 2061 3442 Num
2091 3405 2249 3450 unus,
2283 3389 2522 3455 impiam,
2559 3401 2621 3441 ex
2661 3385 2837 3438 tribas
2863 3384 2969 3437 illis
2995 3392 3132 3446 erat,
3155 3398 3291 3452 quos
3317 3398 3440 3449 pro-

1853 3484 2099 3550 pltetieus
2124 3482 2344 3551 spiritus
2369 3481 2515 3533 viros
2536 3478 2792 3549 appellat,
2814 3487 2867 3530 et
2892 3477 3126 3530 Abralue
3153 3477 3296 3528 visos
3323 3489 3441 3529 esse

1853 3575 2077 3627 narrat?

1923 3667 2305 3737 Nequaquam,
2343 3670 2519 3738 inquit
2550 3667 2670 3732 ille;
2719 3667 2810 3724 sed
2845 3666 2991 3720 visus
3037 3675 3120 3718 cst
3179 3663 3224 3714 ci
3275 3662 3440 3721 Deus,

1854 3775 2147 3834 antequam
2187 3775 2296 3816 tres
2343 3771 2692 3830 apparerent.
2727 3761 2863 3815 Tres
2922 3771 3100 3813 autem
3140 3758 3244 3818 illi,
3304 3770 3441 3823 quos

1854 3858 2136 3926 Scriptura
2167 3858 2314 3908 viros
2344 3855 2602 3923 appellat,
2648 3855 2822 3922 angeli
2851 3863 3028 3915 erant,
3063 3855 3170 3903 duo
3222 3852 3440 3918 quidem

1853 3951 2000 4002 missi
2040 3951 2104 3999 ad
2136 3949 2410 4002 excidium
2444 3945 2842 4007 Sodomorum;
2883 3958 3022 3996 unus
3070 3949 3250 3994 autem
3287 3941 3437 3993 Sara:

1853 4044 2110 4096 nuntians
2145 4043 2385 4094 futurum
2423 4043 2472 4095 ei
2504 4041 2672 4092 filium
2700 4057 2713 4104 ;
2741 4038 2900 4108 cujus
2931 4036 3006 4091 rei
3046 4050 3212 4090 causa
3245 4035 3444 4088 missas

1852 4135 2054 4197 fuerat,
2081 4152 2141 4186 at:
2173 4134 2365 4187 abiens
2400 4132 2667 4186 discessit.

1923 4229 2206 4294 Quomodo
2237 4228 2420 4298 igitur,
2458 4228 2700 4294 inquam,
2758 4237 2921 4274 unum
2953 4221 3102 4273 illum
3138 4237 3201 4272 ex
3247 4221 3436 4279 tribus,

1852 4322 1942 4392 qui
1977 4324 2028 4376 in
2054 4320 2405 4375 tabernaculo
2434 4319 2650 4372 dixerat
2685 4331 2698 4367 :
2745 4334 2763 4366 (
2801 4315 2856 4368 In
2885 4316 3047 4368 horas
3077 4322 3324 4367 revertar
3377 4314 3445 4364 ad

1855 4427 1930 4481 te,
1959 4428 2013 4471 et
2040 4417 2190 4470 Sara:
2220 4415 2360 4467 [ilius
2387 4421 2642 4466 nascetur
2671 4410 2740 4472 ",
2788 4420 3070 4461 reversum
3113 4421 3237 4459 esse
3283 4418 3446 4471 appa-

1855 4523 1936 4564 ret
1960 4521 2079 4580 post
2107 4519 2292 4562 uatum
2324 4507 2475 4560 Sane
2511 4504 2676 4557 filium
2701 4519 2715 4566 ;
2748 4516 2982 4569 eumque
3010 4499 3174 4552 Deum
3196 4511 3316 4549 esse
3346 4497 3446 4547 hoc

1857 4605 2021 4659 etiam
2048 4602 2100 4655 in
2149 4602 2272 4654 loco
2317 4596 2674 4667 propheticus
2716 4607 2898 4646 sermo
2932 4587 3220 4642 declarat?
3253 4586 3358 4639 Sed
3391 4593 3448 4636 111

1857 4697 1909 4750 id
1940 4695 2081 4763 quod
2108 4693 2234 4746 dico
2268 4691 2620 4760 perspicuum
2668 4685 2819 4736 vobis
2850 4690 2905 4734 et
2935 4679 3283 4734 manifestum
3335 4676 3446 4736 sit,

1619 4873 1665 4905 ⁵⁵
1693 4873 1829 4930 Gen.
1873 4888 2034 4937 xvm,
2070 4871 2158 4926 l0.

1843 5031 1898 5084 in
1928 5038 2157 5089 textum,
2186 5027 2342 5080 valde
2367 5025 2642 5085 vitiosam,
2678 5020 2917 5078 induxit,
2941 5033 3152 5089 nempe
3184 5017 3323 5087 ὑπὲρ
3357 5019 3450 5074 τὸν

1845 5102 2092 5171 ποιητήν.
2133 5088 2285 5171 Quod
2313 5097 2534 5171 quidem
2562 5110 2627 5146 eo
2662 5094 2835 5171 magis
2858 5088 2987 5171 mihi
3021 5089 3273 5171 displicet
3306 5094 3448 5171 quod

1845 5158 2090 5225 Justinus
2124 5158 2227 5223 hoc.
2257 5158 2373 5235 ipso
2408 5167 2459 5218 in
2507 5166 2626 5217 loco
2663 5164 2828 5220 dicat,
2867 5161 3006 5230 ὑπὲρ
3039 5158 3283 5235 suam;
3316 5160 3449 5235 Θεὸς

1846 5243 1947 5294 οὐκ
1977 5242 2113 5293 ἐστι.
2153 5231 2437 5293 Molostum
2480 5247 2663 5290 autem
2719 5249 2839 5285 esse
2908 5251 3014 5286 non
3079 5231 3260 5290 debet,
3304 5234 3447 5296 quod

1850 5311 2045 5366 Filium
2101 5310 2359 5366 Justinus
2409 5306 2556 5360 Patri
2601 5304 2911 5358 submittat.
2954 5301 3088 5354 Nam
3132 5309 3190 5351 ut
3244 5299 3444 5354 Filiqu

1853 5383 1988 5435 fonti
2028 5398 2091 5435 ac
2121 5380 2320 5448 origini
2359 5379 2526 5434 totius
2577 5374 2911 5448 divinitatis,
2969 5379 3175 5448 no_n_nt
3227 5387 3447 5448 servum

1848 5453 2102 5507 Creatori
2153 5442 2464 5504 submittit:
2502 5448 2666 5515 idque
2698 5445 2834 5498 satis
2875 5442 3206 5515 perspicitur
3248 5458 3312 5494 ett
3356 5445 3446 5501 iis,

1851 5540 1968 5592 quae
1999 5524 2065 5577 de
2118 5521 2326 5577 Christi
2384 5513 2672 5592 divinitate
2719 5530 2748 5567 a
2776 5515 2994 5592 Justino
3032 5513 3310 5592 disputata
3354 5524 3444 5564 aut

1843 5585 1955 5665 jam
1975 5592 2411 5665 observavimus,
2453 5598 2548 5665 aut
2577 5588 2836 5665 deinceps
2871 5585 3310 5665 observabimus.

1923 5664 2037 5734 (55;
2069 5661 2468 5731 Ἀπαρτήσας·
2499 5659 2642 5734 Legi
2698 5654 2885 5726 ροςδυι
2937 5654 3294 5734 anmals».
3330 5673 3346 5702 ε
3391 5667 3448 5704 τε

1849 5725 2117 5803 perfecta.
2156 5756 2172 5787 1
2210 5725 2321 5788 Sed
2379 5725 2615 5803 minime
2673 5725 3057 5803 necessarium
3108 5725 3158 5776 id
3212 5728 3444 5778 tidetur.

1850 5796 1970 5863 Mox
2000 5806 2083 5862 Cl.
2110 5805 2387 5862 Tltit‘lbius
2412 5797 2492 5865 εἷς
2526 5799 2633 5853 τῶν
2669 5799 2836 5870 τριῶν
2862 5796 3190 5868 γενομένων.
