4108 6430
696 353 801 413 5‘19

1618 365 1676 426 Β.
1711 370 1980 429 JUSTlNl
2017 374 2426 434 PHILOSOPHI
2461 381 2548 436 ET
2586 383 2946 440 HABTYRIS

3847 390 3973 450 609

696 474 880 528 audite
914 489 1036 544 qua:
1083 479 1361 550 conceptis
1389 480 1570 538 verbis
1610 500 1640 538 α
1685 485 1875 559 Moyse
1916 491 2059 546 dicta
2099 503 2267 558 sunt;

2373 497 2666 571 διαρρήδην
2699 503 3034 572 εἰρημένων·
3079 503 3193 556 ἐστι
3237 504 3497 560 δὲταῦτα
3525 527 3536 536 ·
3580 527 3598 558 ι
3654 509 3856 563 ’ἰδοῦσα
3896 513 3960 566 δὲ

693 568 775 620 sic
806 580 983 623 antem
1013 571 1262 627 habent:
1300 592 1319 625 ι
1358 575 1493 630 Cum
1527 580 1757 636 vidisset
1794 593 1973 638 autem
2016 586 2150 640 Sara
2201 590 2267 641 ii-

695 660 827 714 lium
861 664 1020 733 Agas,
1079 667 1291 724 ancilla:
1350 669 1644 742 Egyptiaa,
1704 677 1797 744 qui
1852 681 2066 747 genitus
2093 681 2270 736 fuerat

699 750 954 818 Abrahae,
989 756 1259 814 ludentem
1292 777 1414 815 cum
1442 761 1596 818 Isaac
1636 765 1745 820 lilio
1780 783 1902 835 suo,
1930 770 2064 826 dixit
2089 773 2266 827 Abra-

693 842 809 900 haa:
840 846 989 913 Ejice
1019 851 1272 906 ancillam
1317 855 1460 908 hanc
1499 866 1554 910 et
1596 858 1766 916 lilium
1801 862 1953 931 ejus;
1985 879 2091 919 non
2124 867 2268 921 enim

695 936 873 992 haeres
898 938 1043 994 {ilius
1071 943 1285 1000 ancilla:
1313 949 1477 1015 hujus
1514 964 1636 1004 cum
1671 952 1783 1007 lilio
1813 969 1937 1011 meo
1960 955 2130 1012 Isaac.
2164 959 2271 1014 Du-

696 1044 816 1082 rum
850 1040 1030 1085 autem
1072 1035 1245 1090 visum
1275 1049 1359 1092 est
1387 1041 1611 1095 verbum
1645 1045 1803 1102 valde
1853 1062 2037 1102 coram
2092 1050 2268 1106 Abra-

690 1120 816 1176 ham
857 1122 922 1176 de
947 1124 1057 1178 lilio
1103 1143 1223 1184 suo.
1261 1130 1409 1186 Dixit
1438 1145 1619 1190 autem
1650 1137 1794 1192 Deus
1825 1139 1891 1193 ad
1936 1142 2212 1197 Abraham
2251 1161 2266 1198 :

691 1213 770 1270 Ne
795 1217 866 1270 sit
891 1217 1082 1274 durum
1115 1238 1299 1278 coram
1335 1235 1387 1281 te
1408 1228 1475 1281 de
1504 1246 1671 1299 puero
1693 1244 1748 1287 et
1769 1234 1840 1290 de
1889 1237 2085 1291 ancilla
2111 1253 2126 1303 ;
2153 1254 2271 1302 om-

690 1308 778 1363 nia
805 1325 1142 1382 qnaecunque
1172 1315 1375 1372 dixerit
1414 1321 1511 1376 tibi
1550 1323 1686 1378 Sara
1715 1367 1730 1391 ,
1759 1328 1884 1381 andi
1911 1343 2098 1383 vocem
2122 1329 2266 1398 ejus;

688 1402 943 1467 quoniam
990 1404 1042 1459 in
1103 1406 1253 1462 Isaac
1297 1413 1584 1470 vocabitur
1642 1417 1736 1471 tibi
1763 1434 1949 1474 semen
1975 1422 2046 1476 ".
2078 1441 2098 1475 ι
2130 1422 2268 1478 Num

691 1491 853 1560 igitur
885 1495 1232 1557 intellexistis
1268 1519 1416 1567 eum,
1445 1509 1535 1576 qui
1564 1518 1676 1563 tum
1708 1511 1810 1566 sub
1834 1528 2039 1582 quercu
2058 1515 2271 1570 dixerat

688 1601 748 1641 se
777 1603 1146 1658 reversurum,
1166 1609 1329 1665 prout
1380 1605 1754 1658 necessarium
1786 1620 1910 1662 esse
1958 1623 2269 1678 praenosce-

688 1680 780 1735 bat
806 1699 870 1738 ea
909 1686 1140 1743 Abralia:
1166 1691 1423 1758 suadere,
1446 1707 1567 1763 quae
1597 1697 1663 1751 ab
1687 1697 1814 1766 ipso
1855 1697 1991 1755 Sara
2041 1711 2269 1756 conten-

688 1773 885 1842 debat,
937 1794 1218 1834 reversum
1271 1798 1414 1849 esse,
1447 1797 1505 1840 ut
1544 1789 1806 1857 scriptum
1854 1802 1958 1858 est,
1998 1804 2054 1846 et
2101 1793 2266 1849 Deum

688 1881 837 1934 esse,
873 1880 929 1924 ut
956 1871 1071 1927 haec
1117 1875 1282 1930 verha
1312 1878 1591 1933 declarant
1624 1897 1638 1933 :
1679 1900 1698 1934 ι
1737 1883 1886 1938 Dixit
1913 1896 2094 1940 autem
2124 1886 2268 1944 Deus
2305 1857 2340 1912 Β

687 2070 850 2126 super
872 2059 1108 2112 ancilla?
1137 2080 1155 2112 ι
1186 2060 1262 2118 Ita
1295 2078 1391 2119 eos
1414 2063 1839 2137 interrogabam.

757 2234 1302 2314 ResponditTrypho
1337 2260 1349 2296 :
1384 2243 1650 2315 Maxime;
1680 2263 1869 2305 verum
1920 2266 1985 2307 ex
2035 2253 2118 2309 his
2169 2257 2268 2309 mi-

696 2331 844 2385 nime
873 2333 1261 2392 demonstrasti
1285 2338 1451 2394 alium
1480 2357 1602 2396 esse
1629 2344 1819 2410 Deum,
1853 2360 2051 2416 praeter
2103 2350 2268 2414 hunc,

685 2429 779 2491 qui
834 2430 1072 2511 Abrahae
1124 2436 1451 2504 ceterisque
1503 2441 1840 2509 patriarchis
1892 2453 1945 2498 et
1991 2448 2273 2516 prophetis

684 2521 835 2575 visus
861 2530 965 2586 est,
997 2509 1092 2579 sed
1117 2541 1216 2581 nos
1244 2529 1487 2598 probasti
1522 2533 1704 2587 minus
1734 2545 1885 2589 recte
1923 2538 2270 2595 existimasse

687 2622 796 2668 tres
823 2614 965 2678 illos.
992 2620 1084 2686 qui
1105 2620 1158 2673 in
1175 2621 1533 2679 tabernaculo
1557 2627 1702 2695 apud
1728 2625 2005 2684 Abraham
2030 2628 2268 2698 fuerunt,

684 2707 912 2774 angelos
944 2724 1137 2766 omnes
1159 2712 1184 2765 Γ
1183 2716 1351 2770 uisse.

759 2799 988 2859 Rursum
1015 2820 1118 2873 ego
1143 2823 1158 2862 :
1185 2807 1468 2881 Siquidem
1493 2825 1559 2866 ex
1573 2811 1876 2883 Scripturis
1905 2815 2036 2885 ipsis
2054 2815 2275 2871 demon-

685 2899 864 2948 strare
892 2909 998 2950 non
1027 2910 1263 2966 possem,
1300 2915 1468 2956 unum
1501 2917 1566 2958 ex
1616 2904 1790 2959 tribus
1841 2905 1952 2961 illis
2010 2906 2169 2981 152
2219 2919 2274 2966 et

685 2983 855 3040 Deum
882 3002 1024 3053 esse,
1047 2999 1112 3044 et
1141 2991 1286 3056 ideo,
1313 3002 1370 3046 ut
1393 2993 1506 3062 jam
1560 2996 1696 3059 dixi,
1750 3001 2005 3068 angelum
2058 3002 2272 3062 vocari,

685 3071 828 3138 quod
852 3074 1101 3132 nuntium
1125 3075 1193 3132 iis
1222 3077 1485 3148 perferat,
1519 3083 1720 3150 quibus
1743 3084 2000 3139 mandata
2025 3100 2120 3140 sua
2152 3102 2276 3158 per~

2370 590 2556 660 Σάρρα
2579 592 2670 643 τὸν
2699 595 2814 645 υίὸν
2842 595 3019 665 Ἀγιιρ
3041 597 3138 666 τῆς
3171 598 3460 669 παιδίσκης
3490 599 3590 669 τῆς
3619 600 3922 669 Αἰγυπτίας
3940 646 3954 664 ,

2369 681 2430 744 ὃς
2461 684 2676 750 ἐγένετο
2705 686 2784 758 τῷ
2824 688 3072 759 Ἀϐραὰμ
3095 729 3108 751 ,
3144 690 3404 754 παίζοντα
3447 693 3583 762 μετά
3632 693 3816 747 Ἰσαὰκ
3855 695 3960 747 τοῦ

2371 774 2488 828 υἱοῦ
2525 777 2731 847 αὐτῆς,
2777 776 2896 856 εἶπε
2940 780 3019 851 τῷ
3061 782 3345 854 Ἀϐραάμ⁸
3388 782 3582 838 ἔκϐαλε
3626 787 3728 857 τὴν
3774 788 3960 840 παιδί-

2375 889 2514 944 σκην
2544 875 2749 944 ταύτην
2795 877 2891 928 καὶ
2933 876 3023 930 τὸν
3068 877 3183 929 υἱὸν
3215 877 3384 947 αὐτῆς
3411 894 3425 910 ο
3460 878 3520 929 οὐ
3551 877 3661 949 γὰρ
3695 879 3968 951 ιιληρονο⁶

2376 969 2540 1039 μήσει
2568 967 2680 1040 (56)
2719 970 2750 1028 6
2797 969 2911 1032 υἱὸς
2955 968 3057 1039 τῆς
3099 969 3392 1042 παιδίσκης
3433 971 3638 1043 ταύτης
3681 972 3815 1042 μετὰ
3854 971 3962 1024 τοῦ

2371 1059 2488 1113 υίοῦ
2526 1078 2626 1131 μου
2671 1061 2874 1115 Ἰσαάκ.
2911 1061 3150 1132 Σκληρὸν
3185 1062 3242 1117 δὲ
3272 1063 3447 1134 ἐφάνη
3475 1063 3536 1116 τὸ
3567 1065 3717 1135 ῥῆμα
3751 1063 3965 1136 σφόδρα

2370 1153 2612 1209 ἐναντίον
2658 1153 2905 1224 Ἀϐραὰμ
2949 1155 3076 1223 περὶ
3121 1154 3215 1207 τοῦ
3265 1155 3384 1208 υἱοῦ
3429 1155 3616 1213 αὐτοῦ.
3668 1151 3801 1209 Eius
3835 1157 3895 1209 δὲ
3933 1157 3967 1207 6

2370 1244 2501 1309 Θεὸς
2542 1246 2621 1317 τῷ
2682 1247 2928 1318 Ἀϐραάμ
2951 1265 2964 1277 ·
2998 1247 3089 1318 Μὴ
3125 1247 3358 1320 σκληρὸν
3405 1248 3544 1304 ἔστω
3577 1248 3818 1302 ἐναντίον
3858 1265 3966 1301 σου

2373 1339 2499 1408 περὶ
2528 1339 2622 1392 τοῦ
2656 1340 2864 1392 παιδίου
2899 1341 2991 1392 καὶ
3015 1341 3260 1411 περὶτῆς
3293 1341 3603 1412 παιδίσκης.
3638 1341 3824 1396 Πάντα
3855 1342 3968 1393 ὅσα

2372 1432 2440 1484 ἂν
2474 1433 2604 1506 εἴπῃ
2633 1450 2714 1486 σοι
2749 1434 2933 1507 Σαρρα
2955 1474 2968 1496 ,
3005 1434 3166 1487 ἄκουε
3193 1434 3291 1503 τῆς
3328 1435 3512 1504 φωνῆς
3535 1434 3707 1505 αὐτῆς
3729 1451 3743 1464 ·
3779 1435 3862 1487 ὃτι
3898 1436 3967 1486 ὲν

2385 1525 2567 1579 Ἰσαὰκ
2606 1525 2936 1597 κληθήσεταί
2979 1543 3060 1579 σοι
3091 1526 3332 1597 σπέρμα.
3359 1545 3376 1577 ι
3415 1527 3726 1598 Νενοήκατε
3751 1522 3846 1579 οῦν
3873 1527 3967 1578 ὅτι

2370 1619 2397 1668 6
2435 1616 2604 1674 εἰπὼν
2636 1618 2757 1670 τότε
2792 1618 2896 1670 ὑπὸ
2939 1618 3037 1688 τὴν
3069 1617 3201 1689 δρῦν
3241 1618 3644 1690 ὲπαναστρέψαι
3669 1659 3684 1682 ,
3715 1617 3793 1680 ὼς
3827 1634 3970 1688 προ-

2370 1710 2636 1782 ηπίστατο
2667 1711 2964 1786 ἀναγκαῖον
2993 1706 3132 1767 εἶναι
3155 1709 3234 1781 τῷ
3269 1710 3520 1782 Ἀϐραὰμ
3554 1709 3967 1781 συμϐουλεῦσαι

2375 1805 2516 1874 ἀπερ
2548 1801 2796 1856 ἐϐούλετο
2832 1803 2995 1857 αὑτὸν
3039 1803 3226 1874 Σάρρα
3249 1843 3264 1868 ,
3301 1803 3699 1872 ἐπανελήλυθεν
3739 1802 3817 1865 ὡς
3865 1801 3967 1870 γέ·-

2371 1912 2650 1967 γραπται,
2681 1895 2776 1948 καὶ
2816 1896 2948 1959 Θεός
2980 1896 3148 1959 ἐστιν,
3183 1896 3258 1958 ὡς
3290 1897 3338 1948 oi
3373 1895 3518 1962 λόγοι
3568 1893 3928 1966 σημαίνουσιν
3951 1935 3967 1956 ,

2373 2081 2462 2152 Μὴ
2497 2080 2730 2152 σκληρὸν
2763 2080 2905 2133 ἔστω
2943 2080 3180 2134 ἐναντίον
3214 2095 3308 2131 σου
3338 2079 3464 2150 περὶ
3493 2075 3587 2134 τοῦ
3623 2074 3841 2129 παιδίου
3866 2075 3970 2128 καὶ

2373 2175 2501 2245 περὶ
2530 2174 2629 2244 τῆς
2662 2172 2986 2244 παιδίσκης;
3025 2192 3043 2223 ι
3135 2171 3528 2242 ἐπυνθανόμην.

2443 2267 2551 2318 Καὶ
2580 2269 2609 2318 6
2637 2265 2869 2336 Τρύφων
2912 2264 3016 2336 ἔφη
3041 2282 3054 2295 ο
3092 2265 3344 2325 Μάλιστα
3369 2282 3380 2296 ·
3428 2265 3527 2316 οὑκ
3560 2264 3626 2317 ἐκ
3674 2259 3872 2315 τούτου
3905 2257 3969 2309 δὲ

2375 2354 2663 2422 ἀπέδειξας
2708 2357 2790 2409 ὅτι
2837 2355 2994 2420 ἄλλος
3038 2356 3186 2418 ἐστὶν
3215 2358 3244 2408 6
3275 2355 3408 2418 Θεὸς
3454 2353 3602 2426 παρά
3637 2350 3832 2404 τοῦτον
3871 2347 3973 2400 τὸν

2373 2449 2605 2519 ὀφθέντα
2635 2448 2714 2520 τῷ
2760 2448 3043 2520 Ἀϐραὰμ,
3078 2448 3139 2511 δς
3172 2448 3268 2501 καὶ
3308 2450 3421 2510 τοῖς
3460 2445 3641 2508 ἀλλοις
3691 2441 3972 2515 πατριάρ-

2373 2563 2494 2615 χαις
2525 2546 2618 2598 καὶ
2643 2543 2949 2613 προφήταις
2977 2536 3129 2595 ὧπτο
3153 2581 3166 2606 ,
3199 2540 3312 2594 ἀλλ’
3355 2540 3501 2611 ἡμᾶς
3539 2535 3832 2602 ἀπέδειξας
3862 2534 3972 2592 οὐκ

2373 2621 2548 2706 ὀρθῶς
2579 2633 2903 2704 νενοηκότας
2932 2672 2948 2695 ,
2989 2633 3072 2686 ὅτι
3123 2634 3172 2684 οἱ
3224 2634 3412 2702 τρεῖς,
3458 2631 3508 2683 οἱ
3554 2632 3612 2683 ὲν
3661 2630 3729 2698 τῇ
3784 2626 3970 2695 σκηνῇ

2377 2722 2524 2794 παρὰ
2551 2721 2631 2792 τῷ
2673 2721 2924 2797 Ἀϐραὰμ
2955 2721 3267 2792 γενόμενοι,
3299 2721 3412 2774 ὅλοι
3449 2718 3669 2789 ἄγγελοι
3699 2714 3863 2789 ἦσαν.

2446 2819 2558 2870 Καὶ
2589 2815 2750 2876 πάλιν
2783 2815 2895 2886 ἐγώ
2917 2833 2930 2846 ·
2968 2818 3034 2870 Εἰ
3074 2813 3170 2871 οῦν
3201 2817 3294 2870 καὶ
3331 2815 3440 2868 ἀπὸ
3474 2815 3584 2868 τῶν
3620 2811 3854 2884 Γραφῶν
3889 2810 3973 2882 μὴ

2377 2907 2520 2983 εἶχον
2553 2909 2831 2975 ἀποδεῖξαι
2859 2911 3010 2982 ὑμῖν,
3044 2911 3127 2966 ὅτι
3154 2905 3235 2974 εἷς
3267 2909 3377 2966 τῶν
3410 2907 3578 2980 τριῶν
3601 2907 3831 2960 ἐκείνων
3869 2905 3973 2957 καὶ

2376 3006 2405 3057 6
2436 3006 2566 3067 Θεός
2600 3003 2709 3074 (57)
2747 3004 2862 3055 ἐστι
2883 3043 2896 3066 ,
2934 3003 3028 3055 καὶ
3059 3002 3287 3070 ἄγγελος
3326 3001 3603 3064 καλεῖται,
3640 2999 3707 3049 ὲκ
3736 2995 3833 3049 τοῦ
3866 2997 3975 3064 dy-

2378 3096 2586 3164 γέλλειν
2607 3135 2622 3160 .
2656 3097 2731 3159 ὼς
2775 3096 3050 3168 προέφην,
3084 3091 3280 3172 οἷσπερ
3316 3093 3563 3164 βούλεται
3591 3090 3661 3143 τὰ
3695 3092 3828 3161 παρ’
3867 3089 3974 3142 az).-

687 3163 817 3223 lerri
850 3168 966 3221 vult
1005 3169 1386 3225 universorum
1437 3183 1655 3228 creator
1687 3175 1850 3240 Deus,
1892 3179 2088 3235 merito
2134 3193 2268 3233 sane

2373 3163 2466 3242 τοῦ
2498 3190 2526 3242 6
2559 3188 2669 3241 τῶν
2708 3163 2845 3241 ὅλων
2879 3163 3110 3258 ποιητὴς
3151 3163 3281 3250 Θεὸς
3303 3163 3326 3250 ,7
3356 3183 3545 3240 τοῦτον
3585 3182 3678 3236 τὸν
3725 3182 3821 3234 ἐπὶ
3864 3179 3974 3248 τῆς

688 3264 757 3316 de
784 3253 903 3331 ipso
941 3265 1037 3319 illo
1063 3269 1153 3334 qui
1181 3268 1236 3323 in
1272 3270 1434 3325 terris
1478 3273 1532 3325 in
1563 3273 1663 3328 viri
1698 3273 1903 3343 specie,
1957 3289 2066 3328 non
2111 3287 2271 3329 secus

686 3374 753 3411 ac
774 3358 882 3414 duo
906 3361 1135 3416 comites
1178 3364 1378 3434 angeli,
1429 3367 1578 3422 visus
1629 3377 1714 3422 est
1737 3367 2017 3433 ,Ahrahm,
2069 3368 2272 3436 quique

687 3458 811 3504 ante
841 3455 1100 3506 mundum
1138 3456 1419 3510 conditum
1445 3457 1586 3514 Deus
1618 3469 1759 3526 erat,
1797 3458 1938 3518 idem
1966 3458 2266 3522 sentiretis,

685 3542 828 3611 quod
853 3553 962 3597 tota
987 3561 1118 3614 gens
1146 3555 1332 3600 vestra
1369 3550 1554 3603 sentit.

754 3634 1012 3702 Omnino,
1059 3639 1238 3709 inquit
1299 3640 1418 3706 ille;
1470 3643 1544 3697 ita
1597 3645 1744 3699 enim
1806 3645 2273 3708 bactenustenui-

686 3742 824 3779 inus.

748 3819 886 3874 Tum
907 3837 1008 3891 ego
1027 3838 1239 3877 rursum
1275 3839 1288 3876 :
1323 3824 1400 3876 Ad
1429 3824 2036 3898 Scripturas,inquam,
2071 3845 2155 3883 me
2187 3844 2272 3883 re-

685 3912 874 3968 ferens
913 3912 1249 3981 persuadere
1279 3915 1433 3969 vobis
1462 3918 1702 3972 conabor
1734 3919 1882 3974 hunc
1929 3921 2128 3988 ipsum,
2177 3921 2269 3989 qui

692 4004 929 4060 Abrahae
958 4015 1018 4059 et
1045 4001 1214 4060 Jacob
1254 4016 1308 4059 et
1345 4005 1517 4076 Moysi
1570 4010 1722 4065 visus
1776 4026 1898 4065 esse
1942 4012 2168 4078 dicitur,
2211 4029 2273 4068 ac

687 4097 829 4151 Deus
859 4112 888 4148 a
914 4095 1202 4166 Scriptura
1260 4109 1516 4164 vocatur,
1572 4101 1742 4156 alium
1781 4114 1910 4156 esse
1949 4103 2017 4157 ab
2055 4118 2123 4160 eo
2176 4104 2268 4174 qui

683 4187 866 4240 omnia
923 4187 1131 4240 creavit
1184 4186 1317 4252 Deo,
1351 4191 1539 4257 alium,
1587 4192 1828 4260 inquam,
1877 4209 2128 4261 numero,
2161 4213 2270 4256 non

683 4280 978 4334 sententia.
1011 4279 1152 4334 Nihil
1181 4282 1327 4336 enim
1357 4298 1482 4337 eum
1521 4299 1767 4354 unquam
1799 4286 2002 4346 fecisse
2036 4291 2267 4360 allirmo,

685 4370 790 4424 nisi
816 4373 961 4438 quod
985 4386 1109 4429 eum
1143 4375 1328 4427 mundi
1356 4385 1592 4443 creator,
1626 4392 1788 4448 supra
1806 4394 1968 4450 quem
2000 4383 2267 4440 aliusnon

681 4469 766 4513 est
802 4461 966 4525 Deus,
996 4463 1174 4517 facere
1203 4464 1373 4517 voluit
1399 4475 1454 4519 el.
1480 4470 1685 4523 dicere.

2374 3282 2477 3351 γῆς
2507 3285 2564 3334 ὲν
2600 3281 2712 3352 ίδέᾳ
2743 3281 2935 3352 ἀνδρὸς
2966 3281 3168 3351 ὁμοίως
3199 3282 3311 3341 τοῖς
3349 3280 3446 3332 σὺν
3471 3277 3619 3346 αὐτῷ
3655 3292 3973 3346 παραγενοο

2377 3376 2556 3447 μένοις
2599 3377 2751 3436 δυσὶν
2785 3375 3037 3443 ἀγγέλοις
3084 3374 3406 3444 φαινόμενον
3434 3370 3513 3442 τῷ
3548 3368 3799 3440 Ἀϐραὰμ
3823 3409 3839 3434 ,
3872 3369 3970 3421 τὸν

2372 3467 2467 3520 καὶ
2502 3467 2607 3539 πρὸ
2645 3468 2912 3540 ποιήσεως
2960 3465 3166 3536 κόσμου
3223 3464 3352 3516 δντα
3396 3462 3528 3515 Θεὸν
3549 3501 3563 3525 ,
3615 3459 3778 3512 τοῦτο
3822 3459 3972 3512 νοεῖν

2374 3561 2518 3630 ὑμᾶς
2550 3559 2768 3628 εὔλογον
2799 3555 2867 3632 ἦν
2891 3577 2903 3590 ο
2940 3559 3078 3630 ὅπερ
3104 3557 3164 3611 τὸ
3199 3558 3308 3610 πᾶν
3335 3556 3487 3620 ἔθνος
3522 3552 3677 3626 ὑμῶν
3705 3553 3843 3630 νοεῖ3

2445 3653 2555 3708 Καὶ
2587 3652 2730 3706 πάνυ
2751 3691 2767 3716 ,
2801 3635 2944 3722 ἓφη·
2979 3649 3155 3714 οὕτως
3177 3649 3288 3721 γὰρ
3326 3650 3421 3702 καὶ
3462 3647 3622 3719 μέχρι
3647 3645 3744 3699 τοῦ
3777 3643 3971 3697 δευτέ-

2378 3761 2471 3824 ρου
2649 3743 2766 3816 εἷχο
2773 3761 2894 3816 μεν.

2443 3832 2613 3901 Κάγὼ
2645 3834 2807 3886 πάλιν
2836 3829 2989 3886 εἷπον
3013 3850 3026 3863 ·
3078 3833 3202 3886 Ἐπὶ
3229 3831 3328 3896 τὰς
3356 3829 3577 3904 Γραφὰς
3609 3826 3927 3882 ἰπανελθὼν
3947 3867 3966 3895 ,

2375 3925 2708 3996 πειράσομαι
2731 3927 2916 3984 πεῖσαι
2957 3925 3120 3994 ὑμᾶς,
3145 3925 3228 3977 ὅτι
3248 3919 3401 3986 οὗτος
3425 3924 3453 3976 ὅ
3474 3939 3536 3974 τε
3567 3920 3647 3992 τῷ
3685 3918 3964 3991 Ἀϐραὰμ,

2375 4019 2467 4083 καὶ
2497 4017 2576 4092 τῷ
2611 4016 2804 4076 Ἰακὼϐ
2827 4057 2843 4083 ,
2878 4018 2975 4074 καὶ
3005 4017 3085 4090 τῷ
3115 4018 3306 4072 Μωσεῖ
3337 4011 3518 4087 ὦφθαι
3543 4014 3837 4085 λεγόμενος
3869 4013 3968 4069 καὶ

2374 4109 2757 4184 γεγραμμένος
2788 4107 2921 4173 Θεὸς
2942 4147 2956 4171 ,
2991 4107 3178 4179 ἕτερός
3205 4109 3322 4160 ἐστι
3361 4105 3455 4163 τοῦ
3489 4106 3668 4166 πάντα
3698 4103 3967 4174 ποιῆσαν-τ

2370 4219 2461 4266 τος
2496 4192 2654 4265 Θεοῦ,
2687 4200 2910 4274 ἀριθμῷ
2942 4202 3105 4270 λέγω,
3138 4200 3275 4256 ἀλλά
3308 4200 3368 4264 οὐ
3399 4197 3615 4274 γνώμῃ.
3651 4196 3820 4252 Οὐδὲν
3853 4195 3966 4265 γάρ

2374 4311 2515 4366 φημι
2537 4293 2702 4348 αὐτὸν
2734 4294 3078 4367 πεπραχέναι
3105 4295 3238 4349 ποτὲ
3265 4294 3398 4366 (59),
3422 4293 3456 4364 ἢ
3483 4293 3631 4363 ἅπερ
3656 4289 3823 4343 αὐτὸν
3847 4289 3964 4361 (69)

2373 4391 2402 4448 6
2427 4385 2526 4442 ’τὸν
2558 4389 2763 4460 κόσμον
2797 4390 3051 4461 ποιήσας,
3088 4388 3228 4458 ὑπὲρ
3253 4387 3312 4439 ὃν
3346 4386 3503 4448 ἄλλος
3526 4385 3628 4438 οὐκ
3662 4383 3778 4437 ἐστι
3803 4381 3963 4448 Θεὸς,

2375 4481 2693 4553 βεϐούληται
2726 4483 2822 4544 καὶ
2853 4482 3060 4553 πρᾶξαι
3087 4483 3180 4536 καὶ
3207 4481 3485 4553 ὁμιλῆσαι.

755 4551 891 4607 Τιιιιι
919 4554 1173 4625 Trypho:
1201 4555 1312 4611 Fac
1349 4558 1516 4627 igitur
1545 4560 1693 4615 hunc
1729 4577 1850 4617 esse
1899 4564 2262 4635 demonstres,

2377 4551 2384 4553 ἡ
2444 4551 2603 4629 Καὶδ
2630 4575 2862 4647 Τρύφων
2883 4551 2909 4606 ’1
2938 4577 3059 4629 Ὅτι
3091 4573 3186 4629 οὖν
3217 4551 3311 4629 καὶ
3335 4551 3483 4628 ἔστιν
3515 4570 3803 4639 ἀπόδειξον
3835 4570 3961 4642 ήδη,

685 4654 742 4696 ut
775 4643 828 4698 id
857 4659 1075 4713 quoque
1122 4648 1218 4701 tibi
1251 4651 1642 4703 assentiamur.
1677 4650 1866 4724 Neque
1899 4656 2045 4710 enim
2105 4659 2158 4713 id
2214 4672 2265 4716 te

683 4735 866 4788 dicere
897 4738 1267 4804 suspicamur,
1308 4740 1516 4810 aliquid
1546 4758 1668 4797 eum
1699 4755 1902 4813 prater
1930 4756 2261 4812 sententiam

684 4828 949 4882 creatoris
979 4831 1356 4885 universorum
1383 4847 1476 4889 aut
1515 4834 1711 4890 fecisse
1735 4847 1829 4891 aut
1857 4837 2094 4897 locutum
2117 4861 2258 4903 esse.

757 4944 800 4975 ⁸⁷
825 4943 962 5000 Gen.
994 4962 1102 5010 χχι,
1133 4947 1283 5001 9-12.

751 5099 1342 5189 (’égllgl‘ngmtoyrlo’ei,
1363 5107 1751 5189 Regiusfodex
1775 5114 2166 5189 κληρονομήσει
2189 5136 2268 5173 σε.

754 5172 961 5254 (57)“?
999 5172 1160 5254 Θεός.
1197 5172 1516 5254 δεχοθιιιῗεδ
1545 5181 1819 5247 Christus,
1849 5172 2098 5254 6’Λόγοέ,
2131 5205 2158 5242 a
2178 5172 2270 5244 Ju-

683 5247 830 5294 stiuo
856 5244 1009 5306 (θεός,
1047 5248 1252 5325 omisso
1299 5251 1555 5325 articulo,
1605 5244 1924 5320 appellatur.
1977 5244 2096 5325 duit
2126 5261 2181 5312 in
2211 5277 2268 5315 rc

683 5316 1112 5396 Alexandrinam
1166 5316 1422 5396 loquendi
1470 5316 1923 5396 consuetudinem
1991 5316 2260 5396 sequitur.

680 5384 832 5467 Quod
867 5385 912 5438 si
939 5385 1040 5439 hoc
1078 5387 1194 5440 loco
1227 5390 1492 5467 :trlicul_n__s
1514 5395 1872 5467 estprimxus
1907 5398 2012 5465 (sic
2040 5384 2265 5467 praeter;

681 5472 745 5535 ea
783 5454 876 5535 bis
916 5466 1128 5508 tantum
1169 5474 1182 5510 :
1215 5475 1368 5535 nunt.
1414 5462 1482 5516 75
1514 5475 1568 5515 et
1605 5454 1755 5535 H3),
1794 5468 1845 5519 id
1891 5454 2098 5522 librarii
2160 5454 2264 5524 non

682 5525 975 5606 admodum
1031 5530 1225 5606 attenti
1257 5545 1521 5606 ‘errorem
1555 5525 2052 5606 sapitI'Supremns
2085 5552 2264 5594 autem

685 5595 826 5673 Deus
889 5597 919 5647 6
951 5595 1119 5658 ὅντως
1147 5598 1321 5673 ῌΘεός,
1361 5617 1388 5653 a
1426 5595 1668 5673 martyre
1715 5595 1849 5661 mox.
1901 5609 1929 5659 6
1955 5607 2108 5672 Θεὸς,
2141 5627 2268 5668 mox

681 5662 809 5725 Θεὸς
850 5681 1096 5723 vocatur.
1132 5668 1310 5725 Οττο.

753 5733 867 5820 (εδ)
890 5737 1077 5820 Μέχρι
1101 5740 1205 5793 τοῦ
1220 5739 1524 5820 δευτέρου.
1551 5743 1713 5800 Multo
1741 5748 1931 5820 melius
1951 5749 2272 5820 Sylbnrgins

680 5811 735 5863 ;-ι
783 5808 1002 5886 Magos
1056 5811 1340 5885 legendum
1393 5808 1722 5874 ἰιιωιιιεωωι
1763 5819 1922 5899 μέχρι
1952 5808 2044 5882 τόῦ
2093 5808 2267 5902 δεῦρο,

2374 4668 2464 4720 ἵνα
2484 4670 2577 4721 καὶ
2608 4668 2784 4739 τούτῳ
2813 4667 3155 4738 συνθώμεθα.
3191 4667 3267 4721 Οὐ
3295 4666 3405 4739 γὰρ
3427 4665 3578 4737 παρά
3604 4663 3834 4736 γνώμην
3864 4663 3962 4716 τοῦ

2375 4757 2598 4829 ποιητοῦ
2631 4758 2740 4811 τῶν
2771 4760 2910 4813 ὅλων
2946 4761 3176 4830 φάσκειν
3206 4777 3259 4813 τι
3283 4760 3325 4830 ἢ
3368 4759 3732 4829 πεποιηκέναι
3766 4757 3962 4826 αὐτὸν,

2372 4851 2404 4921 ἦ
2441 4850 2796 4921 λελαληκέναι
2823 4892 2837 4916 ,
2873 4851 3055 4923 λέγειν
3082 4869 3144 4907 σε
3173 4851 3651 4937 ὑπολαμϐάνομεν.

3762 5129 3960 5184 εἰπεῖν.

2380 5192 2676 5269 ~—_Videtur
2707 5192 3013 5269 addendum
3041 5198 3222 5269 esse?)
3259 5197 3618 5269 ὡμιληκέναι.
3647 5192 3817 5252 Paulo
3841 5212 3962 5267 post

2374 5264 2541 5342 enim,
2567 5265 2912 5342 -καιπρᾶξαι
2945 5269 3038 5342 καὶ
3070 5264 3327 5342 ἀμιλῆσαὶ
3368 5264 3530 5338 (intra
3557 5287 3573 5342 ;
3598 5264 3964 5342 πεποιηκέναι

2372 5333 2594 5408 αὑτὸνᾼῆ
2625 5333 3022 5408 λελαληκέναι).
3071 5333 3304 5399 Errandi
3334 5333 3962 5394 aiisaln'librario'tledit

2374 5406 2662 5478 repetituri:
2705 5407 2760 5476 ἥ.
2793 5406 3096 5471 Thirlbius,
3151 5421 3428 5478 piat-eunte
3479 5411 3714 5477 Clerico,
3776 5412 3962 5466 minus

2377 5487 2532 5550 recte
2547 5476 2718 5550 Voluit
2748 5479 2780 5550 ἢ

2589 5125 2964 5198 [Impulerat
2999 5125 3164 5178 ποτέ.
3215 5125 3381 5198 Addit
3421 5125 3727 5198 Clericusﬁ

2816 5481 3009 5535 εἰπεῖν.
3048 5479 3225 5534 Οττο.

2447 5544 2561 5613 (60)
2596 5544 2809 5624 Αὑτόῷο.
2839 5550 3119 5624 Neminem
3144 5551 3393 5624 arbitror
3414 5551 3798 5624 dubitaturum
3830 5554 3962 5624 quin

2381 5627 2526 5692 recte
2581 5621 2933 5685 restituerint,
2989 5636 3089 5688 pro
3147 5623 3294 5690 vulg.
3337 5621 3520 5685 αὐτὸς,
3559 5626 3729 5692 quod,
3792 5621 3863 5678 ut
3907 5628 3961 5678 iu

2377 5687 2564 5764 aprico
2579 5699 2683 5753 est,
2715 5687 3167 5764 originem’duxit
3194 5708 3222 5744 a
3245 5687 3388 5747 'casu
3422 5695 3516 5764 qui
3565 5687 3824 5764 sequitur
3867 5713 3963 5752 uo-

2382 5757 2661 5822 mitmtivo,
2728 5762 2755 5812 6
2789 5757 2836 5815 ξ.
2869 5778 2922 5820 κ.
2960 5763 3211 5832 ποιήσας.
3263 5765 3438 5826 (lno.
