  <div class='ocr_page' id='page_1' title='image "/cluster/home/n/w/nwhite01/storage/ocr_20150623/6/pst.000005711826/308.png"; bbox 0 0 4108 6422; ppageno 0'>
   <div class='ocr_carea' id='block_1_1' title="bbox 138 402 252 455">
    <p class='ocr_par' dir='ltr' id='par_1_1' title="bbox 138 402 252 455">
     <span class='ocr_line' id='line_1_1' title="bbox 138 402 252 455; baseline 0 0"><span class='ocrx_word' id='word_1_1' title='bbox 138 402 252 455; x_wconf 72' lang='grc'><strong>601</strong></span> 
     </span>
    </p>
   </div>
   <div class='ocr_carea' id='block_1_2' title="bbox 1127 399 2369 458">
    <p class='ocr_par' dir='ltr' id='par_1_2' title="bbox 1127 399 2369 458">
     <span class='ocr_line' id='line_1_2' title="bbox 1127 399 2369 458; baseline -0.002 0"><span class='ocrx_word' id='word_1_2' title='bbox 1127 403 1475 458; x_wconf 69' lang='lat' dir='ltr'><strong>DMLOGL’S</strong></span> <span class='ocrx_word' id='word_1_3' title='bbox 1510 403 1654 457; x_wconf 68' lang='lat' dir='ltr'><strong>CUM</strong></span> <span class='ocrx_word' id='word_1_4' title='bbox 1692 399 2068 456; x_wconf 72' lang='lat' dir='ltr'><strong>TRYPHONE</strong></span> <span class='ocrx_word' id='word_1_5' title='bbox 2103 399 2369 457; x_wconf 63' lang='lat' dir='ltr'><strong>JUDEO.</strong></span> 
     </span>
    </p>
   </div>
   <div class='ocr_carea' id='block_1_3' title="bbox 3317 396 3427 456">
    <p class='ocr_par' dir='ltr' id='par_1_3' title="bbox 3317 396 3427 456">
     <span class='ocr_line' id='line_1_3' title="bbox 3317 396 3427 456; baseline 0 -5"><span class='ocrx_word' id='word_1_6' title='bbox 3317 396 3427 456; x_wconf 67' lang='lat'><strong>602</strong></span> 
     </span>
    </p>
   </div>
   <div class='ocr_carea' id='block_1_4' title="bbox 228 511 1729 592">
    <p class='ocr_par' dir='ltr' id='par_1_4' title="bbox 228 513 1724 592">
     <span class='ocr_line' id='line_1_4' title="bbox 228 513 1724 592; baseline 0.001 -21"><span class='ocrx_word' id='word_1_7' title='bbox 228 519 408 585; x_wconf 75' lang='grc' dir='ltr'>Κάγὼ</span> <span class='ocrx_word' id='word_1_8' title='bbox 441 513 589 571; x_wconf 63' lang='grc' dir='ltr'>εἷπον</span> <span class='ocrx_word' id='word_1_9' title='bbox 612 536 623 547; x_wconf 73' lang='grc' dir='ltr'><strong><em>ο</em></strong></span> <span class='ocrx_word' id='word_1_10' title='bbox 673 520 734 571; x_wconf 78' lang='grc' dir='ltr'><strong><em>Ἡ</em></strong></span> <span class='ocrx_word' id='word_1_11' title='bbox 771 520 961 590; x_wconf 68' lang='grc' dir='ltr'>Γραφὴ</span> <span class='ocrx_word' id='word_1_12' title='bbox 992 516 1081 573; x_wconf 75' lang='grc' dir='ltr'>οὖν</span> <span class='ocrx_word' id='word_1_13' title='bbox 1113 524 1145 591; x_wconf 84' lang='grc' dir='ltr'>ὴ</span> <span class='ocrx_word' id='word_1_14' title='bbox 1180 521 1582 592; x_wconf 77' lang='grc' dir='ltr'>προλελεγμένη</span> <span class='ocrx_word' id='word_1_15' title='bbox 1614 537 1724 590; x_wconf 87' lang='grc' dir='ltr'><strong>παρ</strong></span> 
     </span>
    </p>
   </div>
   <div class='ocr_carea' id='block_1_5' title="bbox 1834 511 3425 592">
    <p class='ocr_par' dir='ltr' id='par_1_5' title="bbox 1918 511 3425 587">
     <span class='ocr_line' id='line_1_5' title="bbox 1918 511 3425 587; baseline -0.004 -16"><span class='ocrx_word' id='word_1_16' title='bbox 1918 518 2032 587; x_wconf 85' lang='lat' dir='ltr'><strong>Ego</strong></span> <span class='ocrx_word' id='word_1_17' title='bbox 2064 526 2246 571; x_wconf 90' lang='lat' dir='ltr'><strong>autem</strong></span> <span class='ocrx_word' id='word_1_18' title='bbox 2287 538 2299 572; x_wconf 88' lang='lat'><strong>:</strong></span> <span class='ocrx_word' id='word_1_19' title='bbox 2332 515 2640 583; x_wconf 77' lang='lat' dir='ltr'><strong>Scriptura,</strong></span> <span class='ocrx_word' id='word_1_20' title='bbox 2674 512 2918 581; x_wconf 85' lang='lat' dir='ltr'><strong>inquam,</strong></span> <span class='ocrx_word' id='word_1_21' title='bbox 2958 528 2986 566; x_wconf 88' lang='lat' dir='ltr'><strong>a</strong></span> <span class='ocrx_word' id='word_1_22' title='bbox 3020 511 3233 581; x_wconf 75' lang='lat' dir='ltr'><strong>melam</strong></span> <span class='ocrx_word' id='word_1_23' title='bbox 3260 511 3425 565; x_wconf 84' lang='lat' dir='ltr'><strong>allata</strong></span> 
     </span>
    </p>
   </div>
   <div class='ocr_carea' id='block_1_6' title="bbox 140 608 1736 683">
    <p class='ocr_par' dir='ltr' id='par_1_6' title="bbox 140 608 1736 683">
     <span class='ocr_line' id='line_1_6' title="bbox 140 608 1736 683; baseline 0.003 -23"><span class='ocrx_word' id='word_1_24' title='bbox 140 608 298 679; x_wconf 67' lang='grc' dir='ltr'>ἐμοῦ</span> <span class='ocrx_word' id='word_1_25' title='bbox 331 608 503 662; x_wconf 80' lang='grc' dir='ltr'>τοῦτο</span> <span class='ocrx_word' id='word_1_26' title='bbox 525 613 755 683; x_wconf 80' lang='grc' dir='ltr'>φανερὸν</span> <span class='ocrx_word' id='word_1_27' title='bbox 805 613 934 681; x_wconf 84' lang='grc' dir='ltr'>ὑμῖν</span> <span class='ocrx_word' id='word_1_28' title='bbox 980 614 1214 683; x_wconf 81' lang='grc' dir='ltr'>ποιήσει.</span> <span class='ocrx_word' id='word_1_29' title='bbox 1255 614 1409 665; x_wconf 82' lang='grc' dir='ltr'>Ἐστι</span> <span class='ocrx_word' id='word_1_30' title='bbox 1441 613 1495 665; x_wconf 78' lang='grc' dir='ltr'><strong>δὲ</strong></span> <span class='ocrx_word' id='word_1_31' title='bbox 1533 612 1736 665; x_wconf 82' lang='grc' dir='ltr'>ταῦτα’</span> 
     </span>
    </p>
   </div>
   <div class='ocr_carea' id='block_1_7' title="bbox 149 701 1742 774">
    <p class='ocr_par' dir='ltr' id='par_1_7' title="bbox 149 701 1742 774">
     <span class='ocr_line' id='line_1_7' title="bbox 149 701 1742 774; baseline 0.003 -22"><span class='ocrx_word' id='word_1_32' title='bbox 149 718 173 752; x_wconf 82' lang='lat' dir='ltr'><strong>s</strong></span> <span class='ocrx_word' id='word_1_33' title='bbox 232 702 299 753; x_wconf 86' lang='lat'><strong>&#39;0</strong></span> <span class='ocrx_word' id='word_1_34' title='bbox 331 701 485 771; x_wconf 79' lang='grc' dir='ltr'>ἥλιος</span> <span class='ocrx_word' id='word_1_35' title='bbox 517 702 738 772; x_wconf 77' lang='grc' dir='ltr'>ἐξῆλθεν</span> <span class='ocrx_word' id='word_1_36' title='bbox 775 704 868 755; x_wconf 68' lang='grc' dir='ltr'><strong>ἐπὶ</strong></span> <span class='ocrx_word' id='word_1_37' title='bbox 894 702 990 774; x_wconf 79' lang='grc' dir='ltr'>τὴν</span> <span class='ocrx_word' id='word_1_38' title='bbox 1023 704 1123 772; x_wconf 79' lang='grc' dir='ltr'>γῆν</span> <span class='ocrx_word' id='word_1_39' title='bbox 1144 742 1158 766; x_wconf 92' lang='grc'><strong>,</strong></span> <span class='ocrx_word' id='word_1_40' title='bbox 1193 704 1285 756; x_wconf 78' lang='grc' dir='ltr'>καὶ</span> <span class='ocrx_word' id='word_1_41' title='bbox 1323 701 1444 754; x_wconf 86' lang='grc' dir='ltr'><strong>Λὼτ</strong></span> <span class='ocrx_word' id='word_1_42' title='bbox 1496 702 1742 771; x_wconf 80' lang='grc' dir='ltr'>εἰσῆλθεν</span> 
     </span>
    </p>
   </div>
   <div class='ocr_carea' id='block_1_8' title="bbox 144 792 1741 865">
    <p class='ocr_par' dir='ltr' id='par_1_8' title="bbox 144 792 1741 865">
     <span class='ocr_line' id='line_1_8' title="bbox 144 792 1741 865; baseline 0.004 -24"><span class='ocrx_word' id='word_1_43' title='bbox 144 792 234 854; x_wconf 77' lang='grc' dir='ltr'><strong>εις</strong></span> <span class='ocrx_word' id='word_1_44' title='bbox 274 792 493 863; x_wconf 86' lang='grc' dir='ltr'>Σηγὼρ,</span> <span class='ocrx_word' id='word_1_45' title='bbox 530 793 623 845; x_wconf 79' lang='grc' dir='ltr'><strong>καὶ</strong></span> <span class='ocrx_word' id='word_1_46' title='bbox 654 796 681 845; x_wconf 87' lang='grc' dir='ltr'><strong>ὁ</strong></span> <span class='ocrx_word' id='word_1_47' title='bbox 715 793 917 865; x_wconf 82' lang='grc' dir='ltr'>Κύριος</span> <span class='ocrx_word' id='word_1_48' title='bbox 964 793 1181 863; x_wconf 77' lang='grc' dir='ltr'>ἔσρεξεν</span> <span class='ocrx_word' id='word_1_49' title='bbox 1216 794 1307 845; x_wconf 78' lang='grc' dir='ltr'><strong>ἐπὶ</strong></span> <span class='ocrx_word' id='word_1_50' title='bbox 1360 793 1567 864; x_wconf 85' lang='grc' dir='ltr'><strong>Σόδομα</strong></span> <span class='ocrx_word' id='word_1_51' title='bbox 1600 793 1741 847; x_wconf 86' lang='grc' dir='ltr'>θεῖον</span> 
     </span>
    </p>
   </div>
   <div class='ocr_carea' id='block_1_9' title="bbox 144 882 1739 955">
    <p class='ocr_par' dir='ltr' id='par_1_9' title="bbox 144 882 1739 955">
     <span class='ocr_line' id='line_1_9' title="bbox 144 882 1739 955; baseline 0.003 -21"><span class='ocrx_word' id='word_1_52' title='bbox 144 883 249 934; x_wconf 69' lang='grc' dir='ltr'><strong>καὶ</strong></span> <span class='ocrx_word' id='word_1_53' title='bbox 306 882 420 954; x_wconf 77' lang='grc' dir='ltr'>πῦρ</span> <span class='ocrx_word' id='word_1_54' title='bbox 467 883 614 955; x_wconf 82' lang='grc' dir='ltr'>παρὰ</span> <span class='ocrx_word' id='word_1_55' title='bbox 664 885 869 955; x_wconf 82' lang='grc' dir='ltr'><strong>Κυρίου</strong></span> <span class='ocrx_word' id='word_1_56' title='bbox 914 887 979 937; x_wconf 80' lang='grc' dir='ltr'>ὲκ</span> <span class='ocrx_word' id='word_1_57' title='bbox 1021 884 1115 936; x_wconf 75' lang='grc' dir='ltr'>τοῦ</span> <span class='ocrx_word' id='word_1_58' title='bbox 1164 884 1431 954; x_wconf 81' lang='grc' dir='ltr'>οὐρανοῦ,</span> <span class='ocrx_word' id='word_1_59' title='bbox 1476 886 1572 939; x_wconf 77' lang='grc' dir='ltr'>καὶ</span> <span class='ocrx_word' id='word_1_60' title='bbox 1606 903 1739 938; x_wconf 88' lang='grc' dir='ltr'>κατ-</span> 
     </span>
    </p>
   </div>
   <div class='ocr_carea' id='block_1_10' title="bbox 145 972 1739 1045">
    <p class='ocr_par' dir='ltr' id='par_1_10' title="bbox 145 972 1739 1045">
     <span class='ocr_line' id='line_1_10' title="bbox 145 972 1739 1045; baseline 0.003 -21"><span class='ocrx_word' id='word_1_61' title='bbox 145 972 392 1043; x_wconf 78' lang='grc' dir='ltr'>έστρεψε</span> <span class='ocrx_word' id='word_1_62' title='bbox 439 972 538 1037; x_wconf 72' lang='grc' dir='ltr'><strong>τὰς</strong></span> <span class='ocrx_word' id='word_1_63' title='bbox 597 974 779 1039; x_wconf 81' lang='grc' dir='ltr'>πόλεις</span> <span class='ocrx_word' id='word_1_64' title='bbox 825 974 1029 1037; x_wconf 88' lang='grc' dir='ltr'>ταύτας</span> <span class='ocrx_word' id='word_1_65' title='bbox 1079 975 1172 1028; x_wconf 74' lang='grc' dir='ltr'>καὶ</span> <span class='ocrx_word' id='word_1_66' title='bbox 1226 976 1408 1030; x_wconf 82' lang='grc' dir='ltr'>πᾶσαν</span> <span class='ocrx_word' id='word_1_67' title='bbox 1450 974 1549 1045; x_wconf 84' lang='grc' dir='ltr'>τὴν</span> <span class='ocrx_word' id='word_1_68' title='bbox 1583 974 1739 1045; x_wconf 84' lang='grc' dir='ltr'>περί-</span> 
     </span>
    </p>
   </div>
   <div class='ocr_carea' id='block_1_11' title="bbox 142 1081 393 1117">
    <p class='ocr_par' dir='ltr' id='par_1_11' title="bbox 142 1081 393 1117">
     <span class='ocr_line' id='line_1_11' title="bbox 142 1081 393 1117; baseline 0.004 -1"><span class='ocrx_word' id='word_1_69' title='bbox 142 1081 324 1117; x_wconf 81' lang='grc' dir='ltr'>οικον.</span> <span class='ocrx_word' id='word_1_70' title='bbox 368 1084 393 1117; x_wconf 63' lang='grc' dir='ltr'><em>ἓ</em></span> 
     </span>
    </p>
   </div>
   <div class='ocr_carea' id='block_1_12' title="bbox 224 1154 1739 1229">
    <p class='ocr_par' dir='ltr' id='par_1_12' title="bbox 224 1154 1739 1229">
     <span class='ocr_line' id='line_1_12' title="bbox 224 1154 1739 1229; baseline 0.003 -21"><span class='ocrx_word' id='word_1_71' title='bbox 224 1156 341 1208; x_wconf 77' lang='grc' dir='ltr'>Καὶ</span> <span class='ocrx_word' id='word_1_72' title='bbox 373 1158 404 1209; x_wconf 83' lang='grc' dir='ltr'>ὁ</span> <span class='ocrx_word' id='word_1_73' title='bbox 435 1156 693 1227; x_wconf 75' lang='grc' dir='ltr'><strong>τέταρτος</strong></span> <span class='ocrx_word' id='word_1_74' title='bbox 722 1154 832 1209; x_wconf 82' lang='grc' dir='ltr'>τῶν</span> <span class='ocrx_word' id='word_1_75' title='bbox 867 1156 963 1211; x_wconf 77' lang='grc' dir='ltr'><strong>σὺν</strong></span> <span class='ocrx_word' id='word_1_76' title='bbox 992 1158 1248 1228; x_wconf 83' lang='grc' dir='ltr'><strong>Τρύφωνι</strong></span> <span class='ocrx_word' id='word_1_77' title='bbox 1288 1158 1739 1229; x_wconf 78' lang='grc' dir='ltr'><strong>παραμεινάντων</strong></span> 
     </span>
    </p>
   </div>
   <div class='ocr_carea' id='block_1_13' title="bbox 148 1245 1737 1318">
    <p class='ocr_par' dir='ltr' id='par_1_13' title="bbox 148 1245 1737 1318">
     <span class='ocr_line' id='line_1_13' title="bbox 148 1245 1737 1318; baseline 0.003 -20"><span class='ocrx_word' id='word_1_78' title='bbox 148 1246 259 1316; x_wconf 70' lang='grc' dir='ltr'><strong>ἔφη</strong></span> <span class='ocrx_word' id='word_1_79' title='bbox 287 1264 301 1277; x_wconf 88' lang='grc'><strong>·</strong></span> <span class='ocrx_word' id='word_1_80' title='bbox 346 1250 445 1301; x_wconf 86' lang='grc' dir='ltr'>Ὃν</span> <span class='ocrx_word' id='word_1_81' title='bbox 475 1245 568 1301; x_wconf 82' lang='grc' dir='ltr'>οὖν</span> <span class='ocrx_word' id='word_1_82' title='bbox 598 1250 627 1299; x_wconf 85' lang='grc' dir='ltr'><strong>ὁ</strong></span> <span class='ocrx_word' id='word_1_83' title='bbox 652 1248 808 1317; x_wconf 84' lang='grc' dir='ltr'>λόγος</span> <span class='ocrx_word' id='word_1_84' title='bbox 839 1248 926 1301; x_wconf 72' lang='grc' dir='ltr'>διὰ</span> <span class='ocrx_word' id='word_1_85' title='bbox 960 1249 1203 1313; x_wconf 85' lang='grc' dir='ltr'><strong>Μωσέως</strong></span> <span class='ocrx_word' id='word_1_86' title='bbox 1231 1249 1337 1302; x_wconf 83' lang='grc' dir='ltr'><strong>τῶν</strong></span> <span class='ocrx_word' id='word_1_87' title='bbox 1363 1249 1455 1303; x_wconf 79' lang='grc' dir='ltr'>δύο</span> <span class='ocrx_word' id='word_1_88' title='bbox 1492 1250 1737 1318; x_wconf 82' lang='grc' dir='ltr'>ἀγγέλων</span> 
     </span>
    </p>
   </div>
   <div class='ocr_carea' id='block_1_14' title="bbox 148 1337 1735 1411">
    <p class='ocr_par' dir='ltr' id='par_1_14' title="bbox 148 1337 1735 1411">
     <span class='ocr_line' id='line_1_14' title="bbox 148 1337 1735 1411; baseline 0.001 -22"><span class='ocrx_word' id='word_1_89' title='bbox 148 1337 525 1391; x_wconf 71' lang='grc' dir='ltr'><strong>κατελθόντων</strong></span> <span class='ocrx_word' id='word_1_90' title='bbox 559 1337 668 1408; x_wconf 83' lang='grc'><strong>(61)</strong></span> <span class='ocrx_word' id='word_1_91' title='bbox 714 1340 794 1401; x_wconf 84' lang='grc' dir='ltr'><strong>είς</strong></span> <span class='ocrx_word' id='word_1_92' title='bbox 836 1339 1044 1407; x_wconf 79' lang='grc' dir='ltr'><strong>Σόδομα</strong></span> <span class='ocrx_word' id='word_1_93' title='bbox 1069 1378 1083 1402; x_wconf 96' lang='grc'><strong>,</strong></span> <span class='ocrx_word' id='word_1_94' title='bbox 1118 1339 1211 1391; x_wconf 76' lang='grc' dir='ltr'>καὶ</span> <span class='ocrx_word' id='word_1_95' title='bbox 1243 1338 1447 1411; x_wconf 78' lang='grc' dir='ltr'><strong>Κύριον</strong></span> <span class='ocrx_word' id='word_1_96' title='bbox 1494 1340 1591 1391; x_wconf 69' lang='grc' dir='ltr'>ἕνα</span> <span class='ocrx_word' id='word_1_97' title='bbox 1625 1337 1735 1409; x_wconf 70' lang='grc'><strong>(62)</strong></span> 
     </span>
    </p>
   </div>
   <div class='ocr_carea' id='block_1_15' title="bbox 142 1429 1737 1503">
    <p class='ocr_par' dir='ltr' id='par_1_15' title="bbox 142 1429 1737 1503">
     <span class='ocr_line' id='line_1_15' title="bbox 142 1429 1737 1503; baseline 0.005 -25"><span class='ocrx_word' id='word_1_98' title='bbox 142 1429 433 1499; x_wconf 78' lang='grc' dir='ltr'>ὠνόμασε,</span> <span class='ocrx_word' id='word_1_99' title='bbox 461 1431 612 1501; x_wconf 83' lang='grc' dir='ltr'><strong>παρά</strong></span> <span class='ocrx_word' id='word_1_100' title='bbox 634 1430 845 1495; x_wconf 82' lang='grc' dir='ltr'>τοῦτον,</span> <span class='ocrx_word' id='word_1_101' title='bbox 876 1431 970 1484; x_wconf 76' lang='grc' dir='ltr'>καὶ</span> <span class='ocrx_word' id='word_1_102' title='bbox 999 1432 1089 1485; x_wconf 74' lang='grc' dir='ltr'>τὸν</span> <span class='ocrx_word' id='word_1_103' title='bbox 1102 1430 1233 1483; x_wconf 77' lang='grc' dir='ltr'>Θεὸν</span> <span class='ocrx_word' id='word_1_104' title='bbox 1254 1431 1414 1485; x_wconf 83' lang='grc' dir='ltr'>αὑτὸν</span> <span class='ocrx_word' id='word_1_105' title='bbox 1438 1432 1551 1503; x_wconf 76' lang='grc' dir='ltr'>[τὸν</span> <span class='ocrx_word' id='word_1_106' title='bbox 1578 1430 1737 1503; x_wconf 75' lang='grc'><strong>(62⁸)]</strong></span> 
     </span>
    </p>
   </div>
   <div class='ocr_carea' id='block_1_16' title="bbox 141 1521 1273 1596">
    <p class='ocr_par' dir='ltr' id='par_1_16' title="bbox 141 1521 1273 1596">
     <span class='ocr_line' id='line_1_16' title="bbox 141 1521 1273 1596; baseline 0.005 -25"><span class='ocrx_word' id='word_1_107' title='bbox 141 1521 392 1589; x_wconf 76' lang='grc' dir='ltr'><strong>ὀφθέντα</strong></span> <span class='ocrx_word' id='word_1_108' title='bbox 423 1522 501 1593; x_wconf 83' lang='grc' dir='ltr'>τῷ</span> <span class='ocrx_word' id='word_1_109' title='bbox 547 1524 798 1595; x_wconf 74' lang='grc' dir='ltr'>Ἀϐραὰμ</span> <span class='ocrx_word' id='word_1_110' title='bbox 829 1524 1009 1593; x_wconf 73' lang='grc' dir='ltr'>λέγειν</span> <span class='ocrx_word' id='word_1_111' title='bbox 1036 1524 1273 1596; x_wconf 84' lang='grc' dir='ltr'><strong>ἀνάγκη.</strong></span> 
     </span>
    </p>
   </div>
   <div class='ocr_carea' id='block_1_17' title="bbox 221 1612 1738 1689">
    <p class='ocr_par' dir='ltr' id='par_1_17' title="bbox 221 1612 1738 1689">
     <span class='ocr_line' id='line_1_17' title="bbox 221 1612 1738 1689; baseline 0.002 -23"><span class='ocrx_word' id='word_1_112' title='bbox 221 1614 298 1666; x_wconf 77' lang='grc' dir='ltr'><strong>Οὐ</strong></span> <span class='ocrx_word' id='word_1_113' title='bbox 335 1615 425 1668; x_wconf 83' lang='grc' dir='ltr'>διὰ</span> <span class='ocrx_word' id='word_1_114' title='bbox 456 1616 613 1669; x_wconf 77' lang='grc' dir='ltr'>τοῦτο</span> <span class='ocrx_word' id='word_1_115' title='bbox 636 1658 651 1679; x_wconf 92' lang='grc'><strong>,</strong></span> <span class='ocrx_word' id='word_1_116' title='bbox 686 1616 820 1688; x_wconf 75' lang='grc' dir='ltr'>ἔφην</span> <span class='ocrx_word' id='word_1_117' title='bbox 842 1656 857 1680; x_wconf 90' lang='grc'><strong>,</strong></span> <span class='ocrx_word' id='word_1_118' title='bbox 895 1618 1052 1689; x_wconf 86' lang='grc' dir='ltr'>μόνον</span> <span class='ocrx_word' id='word_1_119' title='bbox 1072 1659 1086 1679; x_wconf 84' lang='grc'><strong>,</strong></span> <span class='ocrx_word' id='word_1_120' title='bbox 1126 1618 1263 1687; x_wconf 84' lang='grc' dir='ltr'>ὅπερ</span> <span class='ocrx_word' id='word_1_121' title='bbox 1295 1612 1361 1687; x_wconf 78' lang='grc' dir='ltr'>ἦν</span> <span class='ocrx_word' id='word_1_122' title='bbox 1381 1656 1395 1681; x_wconf 95' lang='grc'><strong>,</strong></span> <span class='ocrx_word' id='word_1_123' title='bbox 1432 1618 1496 1669; x_wconf 83' lang='grc' dir='ltr'>ὲκ</span> <span class='ocrx_word' id='word_1_124' title='bbox 1538 1617 1738 1680; x_wconf 84' lang='grc' dir='ltr'>παντὸς</span> 
     </span>
    </p>
   </div>
   <div class='ocr_carea' id='block_1_18' title="bbox 143 1696 1736 1779">
    <p class='ocr_par' dir='ltr' id='par_1_18' title="bbox 143 1696 1736 1779">
     <span class='ocr_line' id='line_1_18' title="bbox 143 1696 1736 1779; baseline 0.001 -20"><span class='ocrx_word' id='word_1_125' title='bbox 143 1708 354 1778; x_wconf 79' lang='grc' dir='ltr'>τρόπου</span> <span class='ocrx_word' id='word_1_126' title='bbox 387 1707 667 1778; x_wconf 81' lang='grc' dir='ltr'>ὁμολογεῖν</span> <span class='ocrx_word' id='word_1_127' title='bbox 709 1708 846 1773; x_wconf 77' lang='grc' dir='ltr'>ἔδει,</span> <span class='ocrx_word' id='word_1_128' title='bbox 886 1710 967 1761; x_wconf 77' lang='grc' dir='ltr'>ὅτι</span> <span class='ocrx_word' id='word_1_129' title='bbox 999 1709 1097 1763; x_wconf 67' lang='grc' dir='ltr'>καὶ</span> <span class='ocrx_word' id='word_1_130' title='bbox 1142 1707 1293 1779; x_wconf 75' lang='grc' dir='ltr'>παρὰ</span> <span class='ocrx_word' id='word_1_131' title='bbox 1323 1707 1415 1760; x_wconf 84' lang='grc' dir='ltr'>τὸν</span> <span class='ocrx_word' id='word_1_132' title='bbox 1448 1696 1736 1779; x_wconf 81' lang='grc' dir='ltr'>νοούμένον</span> 
     </span>
    </p>
   </div>
   <div class='ocr_carea' id='block_1_19' title="bbox 148 1800 1734 1873">
    <p class='ocr_par' dir='ltr' id='par_1_19' title="bbox 148 1800 1734 1873">
     <span class='ocr_line' id='line_1_19' title="bbox 148 1800 1734 1873; baseline 0.002 -22"><span class='ocrx_word' id='word_1_133' title='bbox 148 1800 383 1869; x_wconf 81' lang='grc' dir='ltr'>ποιητὴν</span> <span class='ocrx_word' id='word_1_134' title='bbox 431 1800 540 1852; x_wconf 82' lang='grc' dir='ltr'>τῶν</span> <span class='ocrx_word' id='word_1_135' title='bbox 573 1800 711 1853; x_wconf 84' lang='grc' dir='ltr'>ὅλων</span> <span class='ocrx_word' id='word_1_136' title='bbox 762 1800 921 1865; x_wconf 79' lang='grc' dir='ltr'>ἀλλος</span> <span class='ocrx_word' id='word_1_137' title='bbox 950 1818 1035 1862; x_wconf 88' lang='grc' dir='ltr'><strong>τις</strong></span> <span class='ocrx_word' id='word_1_138' title='bbox 1069 1800 1465 1873; x_wconf 81' lang='grc' dir='ltr'>κυριολογείται</span> <span class='ocrx_word' id='word_1_139' title='bbox 1499 1802 1603 1853; x_wconf 72' lang='grc' dir='ltr'><strong>ὑπὸ</strong></span> <span class='ocrx_word' id='word_1_140' title='bbox 1638 1801 1734 1854; x_wconf 83' lang='grc' dir='ltr'><strong>τοῦ</strong></span> 
     </span>
    </p>
   </div>
   <div class='ocr_carea' id='block_1_20' title="bbox 1848 600 3421 674">
    <p class='ocr_par' dir='ltr' id='par_1_20' title="bbox 1848 600 3421 674">
     <span class='ocr_line' id='line_1_20' title="bbox 1848 600 3421 674; baseline -0.006 -13"><span class='ocrx_word' id='word_1_141' title='bbox 1848 608 1898 661; x_wconf 89' lang='lat' dir='ltr'><strong>id</strong></span> <span class='ocrx_word' id='word_1_142' title='bbox 1931 608 2086 663; x_wconf 88' lang='lat' dir='ltr'><strong>vobis</strong></span> <span class='ocrx_word' id='word_1_143' title='bbox 2116 616 2245 661; x_wconf 88' lang='lat' dir='ltr'><strong>ante</strong></span> <span class='ocrx_word' id='word_1_144' title='bbox 2290 605 2480 660; x_wconf 89' lang='lat' dir='ltr'><strong>oculos</strong></span> <span class='ocrx_word' id='word_1_145' title='bbox 2530 614 2713 674; x_wconf 85' lang='lat' dir='ltr'><strong>ponet.</strong></span> <span class='ocrx_word' id='word_1_146' title='bbox 2760 603 2853 657; x_wconf 90' lang='lat' dir='ltr'><strong>Sic</strong></span> <span class='ocrx_word' id='word_1_147' title='bbox 2902 612 3081 657; x_wconf 90' lang='lat' dir='ltr'><strong>autem</strong></span> <span class='ocrx_word' id='word_1_148' title='bbox 3117 617 3176 656; x_wconf 83' lang='lat' dir='ltr'><strong>se</strong></span> <span class='ocrx_word' id='word_1_149' title='bbox 3216 600 3421 655; x_wconf 84' lang='lat' dir='ltr'><strong>habet:</strong></span> 
     </span>
    </p>
   </div>
   <div class='ocr_carea' id='block_1_21' title="bbox 1850 691 3429 768">
    <p class='ocr_par' dir='ltr' id='par_1_21' title="bbox 1850 691 3429 768">
     <span class='ocr_line' id='line_1_21' title="bbox 1850 691 3429 768; baseline -0.001 -21"><span class='ocrx_word' id='word_1_150' title='bbox 1850 714 1867 747; x_wconf 75' lang='grc' dir='ltr'><strong>ι</strong></span> <span class='ocrx_word' id='word_1_151' title='bbox 1905 697 1997 752; x_wconf 91' lang='lat' dir='ltr'><strong>Sol</strong></span> <span class='ocrx_word' id='word_1_152' title='bbox 2026 712 2279 768; x_wconf 84' lang='lat' dir='ltr'><strong>egressus</strong></span> <span class='ocrx_word' id='word_1_153' title='bbox 2310 706 2394 749; x_wconf 86' lang='lat' dir='ltr'><strong>est</strong></span> <span class='ocrx_word' id='word_1_154' title='bbox 2422 709 2584 765; x_wconf 90' lang='lat' dir='ltr'><strong>super</strong></span> <span class='ocrx_word' id='word_1_155' title='bbox 2617 704 2843 759; x_wconf 89' lang='lat' dir='ltr'><strong>terram,</strong></span> <span class='ocrx_word' id='word_1_156' title='bbox 2875 702 2933 747; x_wconf 86' lang='lat' dir='ltr'><strong>et-</strong></span> <span class='ocrx_word' id='word_1_157' title='bbox 2983 691 3084 748; x_wconf 86' lang='lat' dir='ltr'><strong>Lot</strong></span> <span class='ocrx_word' id='word_1_158' title='bbox 3150 692 3429 761; x_wconf 84' lang='lat' dir='ltr'><strong>ingressus</strong></span> 
     </span>
    </p>
   </div>
   <div class='ocr_carea' id='block_1_22' title="bbox 1842 780 3429 859">
    <p class='ocr_par' dir='ltr' id='par_1_22' title="bbox 1842 780 3429 859">
     <span class='ocr_line' id='line_1_22' title="bbox 1842 780 3429 859; baseline -0.006 -15"><span class='ocrx_word' id='word_1_159' title='bbox 1842 802 1927 844; x_wconf 88' lang='lat' dir='ltr'><strong>est</strong></span> <span class='ocrx_word' id='word_1_160' title='bbox 1964 791 2167 859; x_wconf 86' lang='lat' dir='ltr'><strong>Segor;</strong></span> <span class='ocrx_word' id='word_1_161' title='bbox 2209 800 2257 843; x_wconf 87' lang='lat' dir='ltr'><strong>et</strong></span> <span class='ocrx_word' id='word_1_162' title='bbox 2297 788 2560 842; x_wconf 83' lang='lat' dir='ltr'><strong>Dominus</strong></span> <span class='ocrx_word' id='word_1_163' title='bbox 2587 786 2722 855; x_wconf 97' lang='lat' dir='ltr'><strong>pluit</strong></span> <span class='ocrx_word' id='word_1_164' title='bbox 2750 800 2916 855; x_wconf 92' lang='lat' dir='ltr'><strong>super</strong></span> <span class='ocrx_word' id='word_1_165' title='bbox 2968 783 3263 841; x_wconf 84' lang='lat' dir='ltr'><strong>Sodomam</strong></span> <span class='ocrx_word' id='word_1_166' title='bbox 3314 780 3429 839; x_wconf 88' lang='lat' dir='ltr'><strong>sul-</strong></span> 
     </span>
    </p>
   </div>
   <div class='ocr_carea' id='block_1_23' title="bbox 1842 876 3429 953">
    <p class='ocr_par' dir='ltr' id='par_1_23' title="bbox 1842 876 3429 953">
     <span class='ocr_line' id='line_1_23' title="bbox 1842 876 3429 953; baseline -0.003 -16"><span class='ocrx_word' id='word_1_167' title='bbox 1842 882 1984 953; x_wconf 83' lang='lat' dir='ltr'><strong>phur</strong></span> <span class='ocrx_word' id='word_1_168' title='bbox 2013 892 2067 937; x_wconf 92' lang='lat' dir='ltr'><strong>et</strong></span> <span class='ocrx_word' id='word_1_169' title='bbox 2107 884 2287 953; x_wconf 91' lang='lat' dir='ltr'><strong>ignem</strong></span> <span class='ocrx_word' id='word_1_170' title='bbox 2308 897 2335 935; x_wconf 87' lang='lat' dir='ltr'><strong>a</strong></span> <span class='ocrx_word' id='word_1_171' title='bbox 2367 881 2602 936; x_wconf 88' lang='lat' dir='ltr'><strong>Domino</strong></span> <span class='ocrx_word' id='word_1_172' title='bbox 2628 882 2696 935; x_wconf 88' lang='lat' dir='ltr'><strong>de</strong></span> <span class='ocrx_word' id='word_1_173' title='bbox 2726 878 2890 947; x_wconf 69' lang='lat' dir='ltr'><strong>caelo,</strong></span> <span class='ocrx_word' id='word_1_174' title='bbox 2916 888 2972 933; x_wconf 84' lang='lat' dir='ltr'><strong>et</strong></span> <span class='ocrx_word' id='word_1_175' title='bbox 3000 877 3271 934; x_wconf 87' lang='lat' dir='ltr'><strong>subvertit</strong></span> <span class='ocrx_word' id='word_1_176' title='bbox 3294 876 3429 933; x_wconf 87' lang='lat' dir='ltr'><strong>civi-</strong></span> 
     </span>
    </p>
   </div>
   <div class='ocr_carea' id='block_1_24' title="bbox 1844 970 3072 1043">
    <p class='ocr_par' dir='ltr' id='par_1_24' title="bbox 1844 970 3072 1043">
     <span class='ocr_line' id='line_1_24' title="bbox 1844 970 3072 1043; baseline -0.006 -13"><span class='ocrx_word' id='word_1_177' title='bbox 1844 986 1986 1033; x_wconf 85' lang='lat' dir='ltr'><strong>tates</strong></span> <span class='ocrx_word' id='word_1_178' title='bbox 2015 976 2134 1040; x_wconf 88' lang='lat' dir='ltr'><strong>bas,</strong></span> <span class='ocrx_word' id='word_1_179' title='bbox 2154 982 2211 1030; x_wconf 90' lang='lat' dir='ltr'><strong>et</strong></span> <span class='ocrx_word' id='word_1_180' title='bbox 2233 988 2451 1030; x_wconf 87' lang='lat' dir='ltr'><strong>omnem</strong></span> <span class='ocrx_word' id='word_1_181' title='bbox 2478 972 2625 1028; x_wconf 89' lang='lat' dir='ltr'><strong>circa</strong></span> <span class='ocrx_word' id='word_1_182' title='bbox 2645 972 2924 1043; x_wconf 88' lang='lat' dir='ltr'><strong>regionem</strong></span> <span class='ocrx_word' id='word_1_183' title='bbox 2948 970 3019 1025; x_wconf 81' lang='lat'><strong>&quot;&#39;.</strong></span> <span class='ocrx_word' id='word_1_184' title='bbox 3051 988 3072 1023; x_wconf 74' lang='grc' dir='ltr'><strong>ι</strong></span> 
     </span>
    </p>
   </div>
   <div class='ocr_carea' id='block_1_25' title="bbox 1910 1143 3426 1221">
    <p class='ocr_par' dir='ltr' id='par_1_25' title="bbox 1910 1143 3426 1221">
     <span class='ocr_line' id='line_1_25' title="bbox 1910 1143 3426 1221; baseline -0.006 -14"><span class='ocrx_word' id='word_1_185' title='bbox 1910 1151 2012 1207; x_wconf 80' lang='lat' dir='ltr'><strong>llic</strong></span> <span class='ocrx_word' id='word_1_186' title='bbox 2044 1151 2139 1221; x_wconf 87' lang='lat' dir='ltr'><strong>qui</strong></span> <span class='ocrx_word' id='word_1_187' title='bbox 2164 1166 2288 1206; x_wconf 92' lang='lat' dir='ltr'><strong>cum</strong></span> <span class='ocrx_word' id='word_1_188' title='bbox 2314 1147 2609 1220; x_wconf 83' lang='lat' dir='ltr'><strong>Tryphone</strong></span> <span class='ocrx_word' id='word_1_189' title='bbox 2634 1156 2865 1218; x_wconf 80' lang='lat' dir='ltr'><strong>quartus</strong></span> <span class='ocrx_word' id='word_1_190' title='bbox 2903 1154 3249 1203; x_wconf 88' lang='lat' dir='ltr'><strong>remanserat</strong></span> <span class='ocrx_word' id='word_1_191' title='bbox 3280 1163 3295 1199; x_wconf 90' lang='lat'><strong>:</strong></span> <span class='ocrx_word' id='word_1_192' title='bbox 3324 1143 3426 1213; x_wconf 83' lang='lat' dir='ltr'><strong>Qui</strong></span> 
     </span>
    </p>
   </div>
   <div class='ocr_carea' id='block_1_26' title="bbox 1842 1238 3430 1320">
    <p class='ocr_par' dir='ltr' id='par_1_26' title="bbox 1842 1238 3430 1320">
     <span class='ocr_line' id='line_1_26' title="bbox 1842 1238 3430 1320; baseline -0.006 -17"><span class='ocrx_word' id='word_1_193' title='bbox 1842 1249 2030 1320; x_wconf 91' lang='lat' dir='ltr'><strong>igitur,</strong></span> <span class='ocrx_word' id='word_1_194' title='bbox 2073 1247 2270 1318; x_wconf 78' lang='lat' dir='ltr'><strong>inquit,</strong></span> <span class='ocrx_word' id='word_1_195' title='bbox 2315 1259 2381 1299; x_wconf 79' lang='lat' dir='ltr'><strong>ex</strong></span> <span class='ocrx_word' id='word_1_196' title='bbox 2412 1244 2626 1298; x_wconf 88' lang='lat' dir='ltr'><strong>duobus</strong></span> <span class='ocrx_word' id='word_1_197' title='bbox 2665 1241 2873 1312; x_wconf 75' lang='lat' dir='ltr'><strong>angelis</strong></span> <span class='ocrx_word' id='word_1_198' title='bbox 2912 1240 3147 1296; x_wconf 82' lang='lat' dir='ltr'><strong>Sodoma</strong></span> <span class='ocrx_word' id='word_1_199' title='bbox 3196 1238 3430 1311; x_wconf 80' lang='lat' dir='ltr'><strong>petenti-</strong></span> 
     </span>
    </p>
   </div>
   <div class='ocr_carea' id='block_1_27' title="bbox 1841 1332 3431 1410">
    <p class='ocr_par' dir='ltr' id='par_1_27' title="bbox 1841 1332 3431 1410">
     <span class='ocr_line' id='line_1_27' title="bbox 1841 1332 3431 1410; baseline -0.007 -12"><span class='ocrx_word' id='word_1_200' title='bbox 1841 1345 1941 1398; x_wconf 89' lang='lat' dir='ltr'><strong>bus</strong></span> <span class='ocrx_word' id='word_1_201' title='bbox 1972 1346 2120 1397; x_wconf 86' lang='lat' dir='ltr'><strong>solus</strong></span> <span class='ocrx_word' id='word_1_202' title='bbox 2163 1356 2192 1394; x_wconf 84' lang='grc' dir='ltr'><strong>ιι</strong></span> <span class='ocrx_word' id='word_1_203' title='bbox 2224 1339 2519 1410; x_wconf 77' lang='lat' dir='ltr'><strong>Scriptura</strong></span> <span class='ocrx_word' id='word_1_204' title='bbox 2551 1351 2650 1407; x_wconf 82' lang='lat' dir='ltr'><strong>per</strong></span> <span class='ocrx_word' id='word_1_205' title='bbox 2689 1336 2934 1407; x_wconf 74' lang='lat' dir='ltr'><strong>Moysen</strong></span> <span class='ocrx_word' id='word_1_206' title='bbox 2971 1335 3135 1390; x_wconf 82' lang='lat' dir='ltr'><strong>etiam</strong></span> <span class='ocrx_word' id='word_1_207' title='bbox 3168 1332 3431 1389; x_wconf 80' lang='lat' dir='ltr'><strong>Dominus</strong></span> 
     </span>
    </p>
   </div>
   <div class='ocr_carea' id='block_1_28' title="bbox 1839 1424 3428 1504">
    <p class='ocr_par' dir='ltr' id='par_1_28' title="bbox 1839 1424 3428 1504">
     <span class='ocr_line' id='line_1_28' title="bbox 1839 1424 3428 1504; baseline -0.003 -18"><span class='ocrx_word' id='word_1_208' title='bbox 1839 1432 2168 1504; x_wconf 86' lang='lat' dir='ltr'><strong>appellatur,</strong></span> <span class='ocrx_word' id='word_1_209' title='bbox 2191 1440 2388 1497; x_wconf 67' lang='lat' dir='ltr'><strong>praeter</strong></span> <span class='ocrx_word' id='word_1_210' title='bbox 2408 1445 2535 1485; x_wconf 89' lang='lat' dir='ltr'><strong>eum</strong></span> <span class='ocrx_word' id='word_1_211' title='bbox 2566 1430 2684 1499; x_wconf 86' lang='lat' dir='ltr'><strong>ipse</strong></span> <span class='ocrx_word' id='word_1_212' title='bbox 2726 1430 2893 1484; x_wconf 86' lang='lat' dir='ltr'><strong>etiam</strong></span> <span class='ocrx_word' id='word_1_213' title='bbox 2928 1426 3092 1493; x_wconf 83' lang='lat' dir='ltr'><strong>Deus,</strong></span> <span class='ocrx_word' id='word_1_214' title='bbox 3116 1425 3212 1496; x_wconf 86' lang='lat' dir='ltr'><strong>qui</strong></span> <span class='ocrx_word' id='word_1_215' title='bbox 3250 1424 3428 1482; x_wconf 77' lang='lat' dir='ltr'><strong>Abra-</strong></span> 
     </span>
    </p>
   </div>
   <div class='ocr_carea' id='block_1_29' title="bbox 1839 1521 2991 1597">
    <p class='ocr_par' dir='ltr' id='par_1_29' title="bbox 1839 1521 2991 1597">
     <span class='ocr_line' id='line_1_29' title="bbox 1839 1521 2991 1597; baseline -0.007 -16"><span class='ocrx_word' id='word_1_216' title='bbox 1839 1527 1921 1581; x_wconf 70' lang='lat' dir='ltr'><strong>hre</strong></span> <span class='ocrx_word' id='word_1_217' title='bbox 1944 1525 2217 1597; x_wconf 83' lang='lat' dir='ltr'><strong>apparuit,</strong></span> <span class='ocrx_word' id='word_1_218' title='bbox 2250 1522 2571 1578; x_wconf 86' lang='lat' dir='ltr'><strong>necessario</strong></span> <span class='ocrx_word' id='word_1_219' title='bbox 2599 1521 2865 1576; x_wconf 85' lang='lat' dir='ltr'><strong>dicendus</strong></span> <span class='ocrx_word' id='word_1_220' title='bbox 2886 1528 2991 1575; x_wconf 90' lang='lat' dir='ltr'><strong>est.</strong></span> 
     </span>
    </p>
   </div>
   <div class='ocr_carea' id='block_1_30' title="bbox 1908 1609 3428 1682">
    <p class='ocr_par' dir='ltr' id='par_1_30' title="bbox 1908 1609 3428 1682">
     <span class='ocr_line' id='line_1_30' title="bbox 1908 1609 3428 1682; baseline -0.005 -9"><span class='ocrx_word' id='word_1_221' title='bbox 1908 1618 2032 1673; x_wconf 86' lang='lat' dir='ltr'><strong>Non</strong></span> <span class='ocrx_word' id='word_1_222' title='bbox 2082 1618 2224 1671; x_wconf 86' lang='lat' dir='ltr'><strong>hanc</strong></span> <span class='ocrx_word' id='word_1_223' title='bbox 2253 1626 2466 1669; x_wconf 89' lang='lat' dir='ltr'><strong>tantum</strong></span> <span class='ocrx_word' id='word_1_224' title='bbox 2498 1614 2569 1670; x_wconf 92' lang='lat' dir='ltr'><strong>ob</strong></span> <span class='ocrx_word' id='word_1_225' title='bbox 2617 1627 2872 1675; x_wconf 84' lang='lat' dir='ltr'><strong>causam,</strong></span> <span class='ocrx_word' id='word_1_226' title='bbox 2914 1613 3159 1682; x_wconf 89' lang='lat' dir='ltr'><strong>inquam,</strong></span> <span class='ocrx_word' id='word_1_227' title='bbox 3195 1610 3249 1667; x_wconf 89' lang='lat' dir='ltr'><strong>id</strong></span> <span class='ocrx_word' id='word_1_228' title='bbox 3282 1609 3428 1682; x_wconf 78' lang='lat' dir='ltr'><strong>quod</strong></span> 
     </span>
    </p>
   </div>
   <div class='ocr_carea' id='block_1_31' title="bbox 1839 1702 3426 1774">
    <p class='ocr_par' dir='ltr' id='par_1_31' title="bbox 1839 1702 3426 1774">
     <span class='ocr_line' id='line_1_31' title="bbox 1839 1702 3426 1774; baseline -0.003 -12"><span class='ocrx_word' id='word_1_229' title='bbox 1839 1722 1925 1762; x_wconf 88' lang='lat' dir='ltr'><strong>res</strong></span> <span class='ocrx_word' id='word_1_230' title='bbox 1947 1715 2051 1772; x_wconf 87' lang='lat' dir='ltr'><strong>est,</strong></span> <span class='ocrx_word' id='word_1_231' title='bbox 2083 1704 2305 1761; x_wconf 90' lang='lat' dir='ltr'><strong>omnino</strong></span> <span class='ocrx_word' id='word_1_232' title='bbox 2325 1704 2579 1759; x_wconf 79' lang='lat' dir='ltr'><strong>conﬁteri</strong></span> <span class='ocrx_word' id='word_1_233' title='bbox 2608 1705 2898 1773; x_wconf 84' lang='lat' dir='ltr'><strong>oportebat</strong></span> <span class='ocrx_word' id='word_1_234' title='bbox 2926 1702 3095 1757; x_wconf 85' lang='lat' dir='ltr'><strong>alium</strong></span> <span class='ocrx_word' id='word_1_235' title='bbox 3113 1702 3426 1774; x_wconf 77' lang='lat' dir='ltr'><strong>quemdam.</strong></span> 
     </span>
    </p>
   </div>
   <div class='ocr_carea' id='block_1_32' title="bbox 1839 1793 3429 1868">
    <p class='ocr_par' dir='ltr' id='par_1_32' title="bbox 1839 1793 3429 1868">
     <span class='ocr_line' id='line_1_32' title="bbox 1839 1793 3429 1868; baseline -0.002 -15"><span class='ocrx_word' id='word_1_236' title='bbox 1839 1808 2040 1868; x_wconf 66' lang='lat' dir='ltr'><strong>prater</strong></span> <span class='ocrx_word' id='word_1_237' title='bbox 2059 1813 2208 1860; x_wconf 84' lang='lat' dir='ltr'><strong>eum,</strong></span> <span class='ocrx_word' id='word_1_238' title='bbox 2240 1813 2405 1866; x_wconf 86' lang='lat' dir='ltr'><strong>quem</strong></span> <span class='ocrx_word' id='word_1_239' title='bbox 2436 1804 2741 1851; x_wconf 86' lang='lat' dir='ltr'><strong>creatorem</strong></span> <span class='ocrx_word' id='word_1_240' title='bbox 2773 1796 3153 1849; x_wconf 83' lang='lat' dir='ltr'><strong>universorum</strong></span> <span class='ocrx_word' id='word_1_241' title='bbox 3179 1793 3429 1863; x_wconf 77' lang='lat' dir='ltr'><strong>agnosci—</strong></span> 
     </span>
    </p>
   </div>
   <div class='ocr_carea' id='block_1_33' title="bbox 146 1884 1729 1964">
    <p class='ocr_par' dir='ltr' id='par_1_33' title="bbox 146 1892 1729 1964">
     <span class='ocr_line' id='line_1_33' title="bbox 146 1892 1729 1964; baseline 0.002 -21"><span class='ocrx_word' id='word_1_242' title='bbox 146 1892 309 1960; x_wconf 81' lang='grc' dir='ltr'>ἀγέου</span> <span class='ocrx_word' id='word_1_243' title='bbox 345 1892 663 1962; x_wconf 83' lang='grc' dir='ltr'>Πνεύματος</span> <span class='ocrx_word' id='word_1_244' title='bbox 688 1910 702 1923; x_wconf 89' lang='grc'><strong>·</strong></span> <span class='ocrx_word' id='word_1_245' title='bbox 740 1893 800 1945; x_wconf 80' lang='grc' dir='ltr'><strong>ού</strong></span> <span class='ocrx_word' id='word_1_246' title='bbox 838 1894 997 1964; x_wconf 90' lang='grc' dir='ltr'>μόνον</span> <span class='ocrx_word' id='word_1_247' title='bbox 1043 1893 1098 1945; x_wconf 83' lang='grc' dir='ltr'><strong>δὲ</strong></span> <span class='ocrx_word' id='word_1_248' title='bbox 1146 1893 1235 1946; x_wconf 81' lang='grc' dir='ltr'><strong>διὰ</strong></span> <span class='ocrx_word' id='word_1_249' title='bbox 1287 1894 1561 1957; x_wconf 80' lang='grc' dir='ltr'><strong>Μωσέως,</strong></span> <span class='ocrx_word' id='word_1_250' title='bbox 1609 1893 1729 1946; x_wconf 82' lang='grc' dir='ltr'><strong>ἀλλά</strong></span> 
     </span>
    </p>
   </div>
   <div class='ocr_carea' id='block_1_34' title="bbox 1834 1884 3430 1964">
    <p class='ocr_par' dir='ltr' id='par_1_34' title="bbox 1848 1884 3430 1958">
     <span class='ocr_line' id='line_1_34' title="bbox 1848 1884 3430 1958; baseline -0.003 -16"><span class='ocrx_word' id='word_1_251' title='bbox 1848 1904 1991 1952; x_wconf 90' lang='lat' dir='ltr'><strong>mus,</strong></span> <span class='ocrx_word' id='word_1_252' title='bbox 2014 1904 2043 1941; x_wconf 90' lang='lat' dir='ltr'><strong>a</strong></span> <span class='ocrx_word' id='word_1_253' title='bbox 2077 1888 2283 1958; x_wconf 90' lang='lat' dir='ltr'><strong>Spiritu</strong></span> <span class='ocrx_word' id='word_1_254' title='bbox 2343 1897 2536 1941; x_wconf 85' lang='lat' dir='ltr'><strong>sancto</strong></span> <span class='ocrx_word' id='word_1_255' title='bbox 2578 1885 2873 1940; x_wconf 90' lang='lat' dir='ltr'><strong>Dominum</strong></span> <span class='ocrx_word' id='word_1_256' title='bbox 2925 1884 3213 1955; x_wconf 80' lang='lat' dir='ltr'><strong>appellari.</strong></span> <span class='ocrx_word' id='word_1_257' title='bbox 3242 1884 3430 1953; x_wconf 76' lang='lat' dir='ltr'><strong>Neque</strong></span> 
     </span>
    </p>
   </div>
   <div class='ocr_carea' id='block_1_35' title="bbox 143 1982 1732 2055">
    <p class='ocr_par' dir='ltr' id='par_1_35' title="bbox 143 1982 1732 2055">
     <span class='ocr_line' id='line_1_35' title="bbox 143 1982 1732 2055; baseline 0 -20"><span class='ocrx_word' id='word_1_258' title='bbox 143 1985 245 2035; x_wconf 77' lang='grc' dir='ltr'><strong>καὶ</strong></span> <span class='ocrx_word' id='word_1_259' title='bbox 292 1983 380 2035; x_wconf 84' lang='grc' dir='ltr'>διὰ</span> <span class='ocrx_word' id='word_1_260' title='bbox 436 1982 616 2037; x_wconf 87' lang='grc' dir='ltr'><strong>Δαυίδ.</strong></span> <span class='ocrx_word' id='word_1_261' title='bbox 676 1984 787 2037; x_wconf 73' lang='grc' dir='ltr'><strong>Καὶ</strong></span> <span class='ocrx_word' id='word_1_262' title='bbox 835 1983 945 2053; x_wconf 89' lang='grc' dir='ltr'><strong>γάρ</strong></span> <span class='ocrx_word' id='word_1_263' title='bbox 996 1984 1090 2037; x_wconf 77' lang='grc' dir='ltr'><strong>καὶ</strong></span> <span class='ocrx_word' id='word_1_264' title='bbox 1121 1984 1188 2038; x_wconf 85' lang='grc' dir='ltr'>δι’</span> <span class='ocrx_word' id='word_1_265' title='bbox 1230 1983 1439 2036; x_wconf 79' lang='grc' dir='ltr'>ἐκείνου</span> <span class='ocrx_word' id='word_1_266' title='bbox 1481 1986 1732 2055; x_wconf 75' lang='grc' dir='ltr'>εἴρηται·</span> 
     </span>
    </p>
   </div>
   <div class='ocr_carea' id='block_1_36' title="bbox 146 2072 1738 2146">
    <p class='ocr_par' dir='ltr' id='par_1_36' title="bbox 146 2072 1738 2146">
     <span class='ocr_line' id='line_1_36' title="bbox 146 2072 1738 2146; baseline 0.003 -22"><span class='ocrx_word' id='word_1_267' title='bbox 146 2094 166 2123; x_wconf 76' lang='grc' dir='ltr'><strong>ι</strong></span> <span class='ocrx_word' id='word_1_268' title='bbox 210 2074 376 2142; x_wconf 81' lang='grc' dir='ltr'><strong>Λέγει</strong></span> <span class='ocrx_word' id='word_1_269' title='bbox 405 2076 434 2125; x_wconf 81' lang='grc' dir='ltr'>ὁ</span> <span class='ocrx_word' id='word_1_270' title='bbox 466 2074 670 2146; x_wconf 86' lang='grc' dir='ltr'>Κύριος</span> <span class='ocrx_word' id='word_1_271' title='bbox 702 2072 779 2145; x_wconf 83' lang='grc' dir='ltr'>τῷ</span> <span class='ocrx_word' id='word_1_272' title='bbox 814 2074 1001 2146; x_wconf 86' lang='grc' dir='ltr'>Κυρίῳ</span> <span class='ocrx_word' id='word_1_273' title='bbox 1051 2093 1151 2146; x_wconf 87' lang='grc' dir='ltr'><strong>μου</strong></span> <span class='ocrx_word' id='word_1_274' title='bbox 1172 2093 1184 2105; x_wconf 83' lang='lat'><strong><em>°</em></strong></span> <span class='ocrx_word' id='word_1_275' title='bbox 1238 2076 1421 2130; x_wconf 84' lang='grc' dir='ltr'>Κάθου</span> <span class='ocrx_word' id='word_1_276' title='bbox 1452 2080 1516 2129; x_wconf 82' lang='grc' dir='ltr'>ὲκ</span> <span class='ocrx_word' id='word_1_277' title='bbox 1546 2075 1738 2141; x_wconf 81' lang='grc' dir='ltr'>δεξιῶν</span> 
     </span>
    </p>
   </div>
   <div class='ocr_carea' id='block_1_37' title="bbox 144 2163 1739 2238">
    <p class='ocr_par' dir='ltr' id='par_1_37' title="bbox 144 2163 1739 2238">
     <span class='ocr_line' id='line_1_37' title="bbox 144 2163 1739 2238; baseline 0.004 -23"><span class='ocrx_word' id='word_1_278' title='bbox 144 2181 248 2233; x_wconf 68' lang='grc' dir='ltr'><strong>μου</strong></span> <span class='ocrx_word' id='word_1_279' title='bbox 274 2206 287 2227; x_wconf 90' lang='grc'><strong>,</strong></span> <span class='ocrx_word' id='word_1_280' title='bbox 335 2163 440 2227; x_wconf 89' lang='grc' dir='ltr'>’ἑως</span> <span class='ocrx_word' id='word_1_281' title='bbox 486 2163 553 2220; x_wconf 75' lang='grc' dir='ltr'>ἂν</span> <span class='ocrx_word' id='word_1_282' title='bbox 586 2164 663 2216; x_wconf 88' lang='grc' dir='ltr'><strong>θῶ</strong></span> <span class='ocrx_word' id='word_1_283' title='bbox 681 2164 807 2228; x_wconf 71' lang='grc' dir='ltr'>τοὺς</span> <span class='ocrx_word' id='word_1_284' title='bbox 829 2165 1055 2238; x_wconf 76' lang='grc' dir='ltr'>ἐχθρούς</span> <span class='ocrx_word' id='word_1_285' title='bbox 1079 2183 1171 2220; x_wconf 90' lang='grc' dir='ltr'><strong>σου</strong></span> <span class='ocrx_word' id='word_1_286' title='bbox 1193 2167 1479 2221; x_wconf 78' lang='grc' dir='ltr'>ὑποπόδιον</span> <span class='ocrx_word' id='word_1_287' title='bbox 1502 2168 1611 2221; x_wconf 84' lang='grc' dir='ltr'><strong>τῶν</strong></span> <span class='ocrx_word' id='word_1_288' title='bbox 1642 2187 1739 2222; x_wconf 82' lang='grc' dir='ltr'>πο·-</span> 
     </span>
    </p>
   </div>
   <div class='ocr_carea' id='block_1_38' title="bbox 147 2257 1727 2331">
    <p class='ocr_par' dir='ltr' id='par_1_38' title="bbox 147 2257 1727 2331">
     <span class='ocr_line' id='line_1_38' title="bbox 147 2257 1727 2331; baseline 0.003 -20"><span class='ocrx_word' id='word_1_289' title='bbox 147 2257 385 2321; x_wconf 81' lang='grc' dir='ltr'>δὼνσου,</span> <span class='ocrx_word' id='word_1_290' title='bbox 411 2278 428 2308; x_wconf 77' lang='grc' dir='ltr'><strong>ι</strong></span> <span class='ocrx_word' id='word_1_291' title='bbox 449 2259 525 2321; x_wconf 79' lang='grc' dir='ltr'>ὡς</span> <span class='ocrx_word' id='word_1_292' title='bbox 563 2258 892 2331; x_wconf 76' lang='grc' dir='ltr'><strong>προείρηκα.</strong></span> <span class='ocrx_word' id='word_1_293' title='bbox 919 2260 1029 2314; x_wconf 72' lang='grc' dir='ltr'>Καὶ</span> <span class='ocrx_word' id='word_1_294' title='bbox 1056 2260 1217 2315; x_wconf 77' lang='grc' dir='ltr'>πάλιν</span> <span class='ocrx_word' id='word_1_295' title='bbox 1240 2263 1298 2313; x_wconf 81' lang='grc' dir='ltr'>ὲν</span> <span class='ocrx_word' id='word_1_296' title='bbox 1323 2260 1502 2326; x_wconf 78' lang='grc' dir='ltr'>ἄλλοις</span> <span class='ocrx_word' id='word_1_297' title='bbox 1530 2262 1727 2331; x_wconf 86' lang='grc' dir='ltr'><strong>λόγοις·</strong></span> 
     </span>
    </p>
   </div>
   <div class='ocr_carea' id='block_1_39' title="bbox 153 2347 1735 2420">
    <p class='ocr_par' dir='ltr' id='par_1_39' title="bbox 153 2347 1735 2420">
     <span class='ocr_line' id='line_1_39' title="bbox 153 2347 1735 2420; baseline 0.006 -21"><span class='ocrx_word' id='word_1_298' title='bbox 153 2368 169 2398; x_wconf 80' lang='grc' dir='ltr'><strong>ι</strong></span> <span class='ocrx_word' id='word_1_299' title='bbox 195 2347 256 2401; x_wconf 78' lang='grc'><strong>’0</strong></span> <span class='ocrx_word' id='word_1_300' title='bbox 273 2349 461 2420; x_wconf 84' lang='grc' dir='ltr'>θρόνος</span> <span class='ocrx_word' id='word_1_301' title='bbox 478 2350 804 2415; x_wconf 85' lang='grc' dir='ltr'>σου,όΘεὸς,</span> <span class='ocrx_word' id='word_1_302' title='bbox 837 2352 916 2415; x_wconf 86' lang='grc' dir='ltr'><strong>είς</strong></span> <span class='ocrx_word' id='word_1_303' title='bbox 938 2352 1030 2405; x_wconf 78' lang='grc' dir='ltr'>τδν</span> <span class='ocrx_word' id='word_1_304' title='bbox 1051 2352 1223 2407; x_wconf 85' lang='grc' dir='ltr'>αίῶνα</span> <span class='ocrx_word' id='word_1_305' title='bbox 1258 2352 1353 2406; x_wconf 79' lang='grc' dir='ltr'>τοῦ</span> <span class='ocrx_word' id='word_1_306' title='bbox 1377 2353 1588 2418; x_wconf 79' lang='grc' dir='ltr'>αἰῶνος.</span> <span class='ocrx_word' id='word_1_307' title='bbox 1610 2352 1735 2408; x_wconf 68' lang='grc' dir='ltr'><strong>Ῥάρ-</strong></span> 
     </span>
    </p>
   </div>
   <div class='ocr_carea' id='block_1_40' title="bbox 147 2443 1733 2521">
    <p class='ocr_par' dir='ltr' id='par_1_40' title="bbox 147 2443 1733 2521">
     <span class='ocr_line' id='line_1_40' title="bbox 147 2443 1733 2521; baseline 0.004 -26"><span class='ocrx_word' id='word_1_308' title='bbox 147 2443 271 2507; x_wconf 79' lang='grc' dir='ltr'>6δος</span> <span class='ocrx_word' id='word_1_309' title='bbox 302 2443 649 2521; x_wconf 71' lang='grc' dir='ltr'>εὐθύτητοςή</span> <span class='ocrx_word' id='word_1_310' title='bbox 679 2444 871 2515; x_wconf 73' lang='grc' dir='ltr'><strong>ῥάϐδος</strong></span> <span class='ocrx_word' id='word_1_311' title='bbox 904 2444 1004 2515; x_wconf 83' lang='grc' dir='ltr'>τῆς</span> <span class='ocrx_word' id='word_1_312' title='bbox 1040 2445 1317 2516; x_wconf 83' lang='grc' dir='ltr'>βασιλείας</span> <span class='ocrx_word' id='word_1_313' title='bbox 1353 2463 1445 2500; x_wconf 88' lang='grc' dir='ltr'><strong>σου</strong></span> <span class='ocrx_word' id='word_1_314' title='bbox 1470 2465 1483 2477; x_wconf 81' lang='grc'><em>’</em></span> <span class='ocrx_word' id='word_1_315' title='bbox 1513 2448 1733 2519; x_wconf 77' lang='grc' dir='ltr'><strong>ἠγάπη-</strong></span> 
     </span>
    </p>
   </div>
   <div class='ocr_carea' id='block_1_41' title="bbox 150 2534 1733 2610">
    <p class='ocr_par' dir='ltr' id='par_1_41' title="bbox 150 2534 1733 2610">
     <span class='ocr_line' id='line_1_41' title="bbox 150 2534 1733 2610; baseline 0.004 -22"><span class='ocrx_word' id='word_1_316' title='bbox 150 2553 249 2599; x_wconf 87' lang='grc' dir='ltr'><strong>σας</strong></span> <span class='ocrx_word' id='word_1_317' title='bbox 283 2534 633 2607; x_wconf 76' lang='grc' dir='ltr'>δικαιοσύνην</span> <span class='ocrx_word' id='word_1_318' title='bbox 656 2577 670 2600; x_wconf 94' lang='grc'><strong>,</strong></span> <span class='ocrx_word' id='word_1_319' title='bbox 708 2537 803 2589; x_wconf 75' lang='grc' dir='ltr'><strong>καὶ</strong></span> <span class='ocrx_word' id='word_1_320' title='bbox 837 2538 1107 2609; x_wconf 76' lang='grc' dir='ltr'>ἐμίσησας</span> <span class='ocrx_word' id='word_1_321' title='bbox 1144 2538 1408 2610; x_wconf 83' lang='grc' dir='ltr'>ἀνομίαν·</span> <span class='ocrx_word' id='word_1_322' title='bbox 1441 2540 1530 2593; x_wconf 72' lang='grc' dir='ltr'>διὰ</span> <span class='ocrx_word' id='word_1_323' title='bbox 1572 2540 1733 2594; x_wconf 81' lang='grc' dir='ltr'>τοῦτο</span> 
     </span>
    </p>
   </div>
   <div class='ocr_carea' id='block_1_42' title="bbox 147 2626 1731 2699">
    <p class='ocr_par' dir='ltr' id='par_1_42' title="bbox 147 2626 1731 2699">
     <span class='ocr_line' id='line_1_42' title="bbox 147 2626 1731 2699; baseline 0.001 -20"><span class='ocrx_word' id='word_1_324' title='bbox 147 2626 329 2696; x_wconf 70' lang='grc' dir='ltr'>ἔχρισε</span> <span class='ocrx_word' id='word_1_325' title='bbox 377 2642 434 2683; x_wconf 86' lang='grc' dir='ltr'><strong>σε</strong></span> <span class='ocrx_word' id='word_1_326' title='bbox 468 2627 497 2678; x_wconf 82' lang='grc' dir='ltr'>ὁ</span> <span class='ocrx_word' id='word_1_327' title='bbox 522 2626 682 2691; x_wconf 74' lang='grc' dir='ltr'>Θεὸς,</span> <span class='ocrx_word' id='word_1_328' title='bbox 719 2630 747 2681; x_wconf 85' lang='grc' dir='ltr'>ὁ</span> <span class='ocrx_word' id='word_1_329' title='bbox 780 2626 913 2691; x_wconf 90' lang='grc' dir='ltr'>Θεός</span> <span class='ocrx_word' id='word_1_330' title='bbox 960 2645 1055 2680; x_wconf 91' lang='grc' dir='ltr'><strong>σου</strong></span> <span class='ocrx_word' id='word_1_331' title='bbox 1083 2669 1098 2691; x_wconf 94' lang='grc'><strong>,</strong></span> <span class='ocrx_word' id='word_1_332' title='bbox 1138 2628 1317 2681; x_wconf 74' lang='grc' dir='ltr'>ἔλαιον</span> <span class='ocrx_word' id='word_1_333' title='bbox 1358 2629 1731 2699; x_wconf 79' lang='grc' dir='ltr'>ἀγαλλιάσεως</span> 
     </span>
    </p>
   </div>
   <div class='ocr_carea' id='block_1_43' title="bbox 146 2718 1731 2791">
    <p class='ocr_par' dir='ltr' id='par_1_43' title="bbox 146 2718 1731 2791">
     <span class='ocr_line' id='line_1_43' title="bbox 146 2718 1731 2791; baseline 0.006 -21"><span class='ocrx_word' id='word_1_334' title='bbox 146 2720 296 2790; x_wconf 86' lang='grc' dir='ltr'><strong>παρά</strong></span> <span class='ocrx_word' id='word_1_335' title='bbox 338 2721 465 2783; x_wconf 72' lang='grc' dir='ltr'>τοὺς</span> <span class='ocrx_word' id='word_1_336' title='bbox 514 2721 776 2791; x_wconf 82' lang='grc' dir='ltr'>μετόχους</span> <span class='ocrx_word' id='word_1_337' title='bbox 814 2738 926 2773; x_wconf 80' lang='grc' dir='ltr'>σου.</span> <span class='ocrx_word' id='word_1_338' title='bbox 970 2740 988 2772; x_wconf 82' lang='grc' dir='ltr'><strong>ι</strong></span> <span class='ocrx_word' id='word_1_339' title='bbox 1029 2722 1092 2773; x_wconf 83' lang='lat' dir='ltr'><strong>El</strong></span> <span class='ocrx_word' id='word_1_340' title='bbox 1137 2718 1229 2775; x_wconf 81' lang='grc' dir='ltr'>οὖν</span> <span class='ocrx_word' id='word_1_341' title='bbox 1276 2722 1371 2777; x_wconf 75' lang='grc' dir='ltr'>καὶ</span> <span class='ocrx_word' id='word_1_342' title='bbox 1422 2722 1577 2777; x_wconf 85' lang='grc' dir='ltr'>ἀλλον</span> <span class='ocrx_word' id='word_1_343' title='bbox 1609 2724 1731 2779; x_wconf 81' lang='grc' dir='ltr'>τινὰ</span> 
     </span>
    </p>
   </div>
   <div class='ocr_carea' id='block_1_44' title="bbox 146 2802 1730 2884">
    <p class='ocr_par' dir='ltr' id='par_1_44' title="bbox 146 2802 1730 2884">
     <span class='ocr_line' id='line_1_44' title="bbox 146 2802 1730 2884; baseline 0.003 -22"><span class='ocrx_word' id='word_1_344' title='bbox 146 2802 415 2878; x_wconf 83' lang='grc' dir='ltr'>θεολογείν</span> <span class='ocrx_word' id='word_1_345' title='bbox 445 2813 538 2865; x_wconf 81' lang='grc' dir='ltr'>καὶ</span> <span class='ocrx_word' id='word_1_346' title='bbox 574 2811 909 2883; x_wconf 87' lang='grc' dir='ltr'>κυριολογεῖν</span> <span class='ocrx_word' id='word_1_347' title='bbox 939 2812 1000 2865; x_wconf 82' lang='grc' dir='ltr'>τὸ</span> <span class='ocrx_word' id='word_1_348' title='bbox 1032 2813 1257 2884; x_wconf 81' lang='grc' dir='ltr'>Πνεῦμα</span> <span class='ocrx_word' id='word_1_349' title='bbox 1299 2814 1359 2867; x_wconf 83' lang='grc' dir='ltr'>τὸ</span> <span class='ocrx_word' id='word_1_350' title='bbox 1403 2814 1561 2883; x_wconf 74' lang='grc' dir='ltr'>ἅγιόν</span> <span class='ocrx_word' id='word_1_351' title='bbox 1594 2831 1730 2884; x_wconf 84' lang='grc' dir='ltr'>φατε</span> 
     </span>
    </p>
   </div>
   <div class='ocr_carea' id='block_1_45' title="bbox 147 2902 1731 2975">
    <p class='ocr_par' dir='ltr' id='par_1_45' title="bbox 147 2902 1731 2975">
     <span class='ocr_line' id='line_1_45' title="bbox 147 2902 1731 2975; baseline 0.001 -21"><span class='ocrx_word' id='word_1_352' title='bbox 147 2903 303 2972; x_wconf 82' lang='grc' dir='ltr'>ὑμεῖς</span> <span class='ocrx_word' id='word_1_353' title='bbox 336 2903 485 2973; x_wconf 75' lang='grc' dir='ltr'>παρα</span> <span class='ocrx_word' id='word_1_354' title='bbox 524 2902 615 2955; x_wconf 77' lang='grc' dir='ltr'>τὸν</span> <span class='ocrx_word' id='word_1_355' title='bbox 642 2904 864 2974; x_wconf 83' lang='grc' dir='ltr'><strong>Πατέρα</strong></span> <span class='ocrx_word' id='word_1_356' title='bbox 900 2903 992 2955; x_wconf 82' lang='grc' dir='ltr'>τὸν</span> <span class='ocrx_word' id='word_1_357' title='bbox 1023 2903 1159 2956; x_wconf 84' lang='grc' dir='ltr'>ὅλων</span> <span class='ocrx_word' id='word_1_358' title='bbox 1188 2902 1311 2973; x_wconf 76' lang='grc'><strong>(65)·</strong></span> <span class='ocrx_word' id='word_1_359' title='bbox 1332 2906 1427 2956; x_wconf 77' lang='grc' dir='ltr'>καὶ</span> <span class='ocrx_word' id='word_1_360' title='bbox 1463 2904 1554 2957; x_wconf 82' lang='grc' dir='ltr'>τὸν</span> <span class='ocrx_word' id='word_1_361' title='bbox 1596 2906 1731 2975; x_wconf 86' lang='grc' dir='ltr'>Χρι-</span> 
     </span>
    </p>
   </div>
   <div class='ocr_carea' id='block_1_46' title="bbox 149 2993 1728 3066">
    <p class='ocr_par' dir='ltr' id='par_1_46' title="bbox 149 2993 1728 3066">
     <span class='ocr_line' id='line_1_46' title="bbox 149 2993 1728 3066; baseline 0.003 -22"><span class='ocrx_word' id='word_1_362' title='bbox 149 2993 273 3045; x_wconf 72' lang='grc' dir='ltr'>στὸν</span> <span class='ocrx_word' id='word_1_363' title='bbox 306 2994 471 3048; x_wconf 79' lang='grc' dir='ltr'>αὑτοῦ</span> <span class='ocrx_word' id='word_1_364' title='bbox 493 3034 508 3058; x_wconf 87' lang='grc'><strong>,</strong></span> <span class='ocrx_word' id='word_1_365' title='bbox 544 2994 913 3066; x_wconf 85' lang='grc' dir='ltr'>ἀποκρίνασθὲ</span> <span class='ocrx_word' id='word_1_366' title='bbox 949 3013 1069 3066; x_wconf 89' lang='grc' dir='ltr'>μοι,</span> <span class='ocrx_word' id='word_1_367' title='bbox 1112 2995 1244 3065; x_wconf 77' lang='grc' dir='ltr'>ἐμοῦ</span> <span class='ocrx_word' id='word_1_368' title='bbox 1281 2995 1556 3062; x_wconf 77' lang='grc' dir='ltr'>ἀποδείξαι</span> <span class='ocrx_word' id='word_1_369' title='bbox 1600 2997 1728 3066; x_wconf 81' lang='grc' dir='ltr'>ὑμῖν</span> 
     </span>
    </p>
   </div>
   <div class='ocr_carea' id='block_1_47' title="bbox 145 3082 1727 3159">
    <p class='ocr_par' dir='ltr' id='par_1_47' title="bbox 145 3082 1727 3159">
     <span class='ocr_line' id='line_1_47' title="bbox 145 3082 1727 3159; baseline 0.002 -21"><span class='ocrx_word' id='word_1_370' title='bbox 145 3086 573 3157; x_wconf 76' lang='grc' dir='ltr'>ὑπισχνουμένου</span> <span class='ocrx_word' id='word_1_371' title='bbox 607 3088 702 3141; x_wconf 83' lang='grc' dir='ltr'><strong>ἀπ’</strong></span> <span class='ocrx_word' id='word_1_372' title='bbox 734 3086 915 3141; x_wconf 78' lang='grc' dir='ltr'>αὐτῶν</span> <span class='ocrx_word' id='word_1_373' title='bbox 957 3087 1067 3141; x_wconf 79' lang='grc' dir='ltr'>τῶν</span> <span class='ocrx_word' id='word_1_374' title='bbox 1114 3088 1481 3158; x_wconf 65' lang='grc' dir='ltr'>Γραφῶν,ἰ›τι</span> <span class='ocrx_word' id='word_1_375' title='bbox 1513 3089 1611 3159; x_wconf 83' lang='grc' dir='ltr'>οὐχ</span> <span class='ocrx_word' id='word_1_376' title='bbox 1647 3082 1727 3153; x_wconf 78' lang='grc' dir='ltr'><strong>εἷς</strong></span> 
     </span>
    </p>
   </div>
   <div class='ocr_carea' id='block_1_48' title="bbox 144 3176 1726 3252">
    <p class='ocr_par' dir='ltr' id='par_1_48' title="bbox 144 3176 1726 3252">
     <span class='ocr_line' id='line_1_48' title="bbox 144 3176 1726 3252; baseline 0.003 -23"><span class='ocrx_word' id='word_1_377' title='bbox 144 3176 251 3229; x_wconf 78' lang='grc' dir='ltr'>τῶν</span> <span class='ocrx_word' id='word_1_378' title='bbox 284 3176 376 3229; x_wconf 83' lang='grc' dir='ltr'>δύο</span> <span class='ocrx_word' id='word_1_379' title='bbox 406 3178 652 3246; x_wconf 82' lang='grc' dir='ltr'>ἀγγέλων</span> <span class='ocrx_word' id='word_1_380' title='bbox 693 3179 801 3231; x_wconf 84' lang='grc' dir='ltr'>τῶν</span> <span class='ocrx_word' id='word_1_381' title='bbox 827 3178 1198 3233; x_wconf 77' lang='grc' dir='ltr'>κατελθόντων</span> <span class='ocrx_word' id='word_1_382' title='bbox 1233 3182 1313 3242; x_wconf 87' lang='grc' dir='ltr'><strong>εἰς</strong></span> <span class='ocrx_word' id='word_1_383' title='bbox 1347 3180 1554 3252; x_wconf 71' lang='grc' dir='ltr'>Σόδομά</span> <span class='ocrx_word' id='word_1_384' title='bbox 1581 3184 1726 3234; x_wconf 79' lang='grc' dir='ltr'>ἐστιν</span> 
     </span>
    </p>
   </div>
   <div class='ocr_carea' id='block_1_49' title="bbox 1841 1974 3427 2050">
    <p class='ocr_par' dir='ltr' id='par_1_49' title="bbox 1841 1974 3427 2050">
     <span class='ocr_line' id='line_1_49' title="bbox 1841 1974 3427 2050; baseline -0.003 -15"><span class='ocrx_word' id='word_1_385' title='bbox 1841 1981 1897 2035; x_wconf 88' lang='lat' dir='ltr'><strong>id</strong></span> <span class='ocrx_word' id='word_1_386' title='bbox 1924 1981 2098 2035; x_wconf 90' lang='lat' dir='ltr'><strong>solum</strong></span> <span class='ocrx_word' id='word_1_387' title='bbox 2130 1995 2227 2050; x_wconf 91' lang='lat' dir='ltr'><strong>per</strong></span> <span class='ocrx_word' id='word_1_388' title='bbox 2256 1976 2517 2049; x_wconf 73' lang='lat' dir='ltr'><strong>Moysem,</strong></span> <span class='ocrx_word' id='word_1_389' title='bbox 2537 1977 2631 2033; x_wconf 90' lang='lat' dir='ltr'><strong>sed</strong></span> <span class='ocrx_word' id='word_1_390' title='bbox 2664 1978 2829 2033; x_wconf 89' lang='lat' dir='ltr'><strong>etiam</strong></span> <span class='ocrx_word' id='word_1_391' title='bbox 2860 1991 2958 2045; x_wconf 89' lang='lat' dir='ltr'><strong>per</strong></span> <span class='ocrx_word' id='word_1_392' title='bbox 2982 1978 3261 2032; x_wconf 86' lang='lat' dir='ltr'><strong>Davidem.</strong></span> <span class='ocrx_word' id='word_1_393' title='bbox 3292 1974 3427 2031; x_wconf 72' lang='lat' dir='ltr'><strong>Nam</strong></span> 
     </span>
    </p>
   </div>
   <div class='ocr_carea' id='block_1_50' title="bbox 1838 2068 3429 2143">
    <p class='ocr_par' dir='ltr' id='par_1_50' title="bbox 1838 2068 3429 2143">
     <span class='ocr_line' id='line_1_50' title="bbox 1838 2068 3429 2143; baseline -0.004 -14"><span class='ocrx_word' id='word_1_394' title='bbox 1838 2083 1892 2129; x_wconf 89' lang='lat' dir='ltr'><strong>et</strong></span> <span class='ocrx_word' id='word_1_395' title='bbox 1916 2088 2011 2143; x_wconf 92' lang='lat' dir='ltr'><strong>per</strong></span> <span class='ocrx_word' id='word_1_396' title='bbox 2042 2088 2165 2127; x_wconf 90' lang='lat' dir='ltr'><strong>eum</strong></span> <span class='ocrx_word' id='word_1_397' title='bbox 2206 2072 2410 2127; x_wconf 90' lang='lat' dir='ltr'><strong>dictum</strong></span> <span class='ocrx_word' id='word_1_398' title='bbox 2464 2080 2549 2125; x_wconf 89' lang='lat' dir='ltr'><strong>est</strong></span> <span class='ocrx_word' id='word_1_399' title='bbox 2583 2088 2596 2125; x_wconf 92' lang='lat'><strong>:</strong></span> <span class='ocrx_word' id='word_1_400' title='bbox 2631 2088 2650 2122; x_wconf 76' lang='grc' dir='ltr'><strong>ι</strong></span> <span class='ocrx_word' id='word_1_401' title='bbox 2692 2068 2837 2123; x_wconf 75' lang='lat' dir='ltr'><strong>Dixit</strong></span> <span class='ocrx_word' id='word_1_402' title='bbox 2886 2069 3149 2123; x_wconf 91' lang='lat' dir='ltr'><strong>Dominus</strong></span> <span class='ocrx_word' id='word_1_403' title='bbox 3196 2068 3429 2124; x_wconf 87' lang='lat' dir='ltr'><strong>Domino</strong></span> 
     </span>
    </p>
   </div>
   <div class='ocr_carea' id='block_1_51' title="bbox 1839 2159 3429 2230">
    <p class='ocr_par' dir='ltr' id='par_1_51' title="bbox 1839 2159 3429 2230">
     <span class='ocr_line' id='line_1_51' title="bbox 1839 2159 3429 2230; baseline -0.003 -10"><span class='ocrx_word' id='word_1_404' title='bbox 1839 2180 1961 2221; x_wconf 92' lang='lat' dir='ltr'><strong>meo</strong></span> <span class='ocrx_word' id='word_1_405' title='bbox 1988 2180 2003 2218; x_wconf 86' lang='lat'><strong>:</strong></span> <span class='ocrx_word' id='word_1_406' title='bbox 2032 2163 2172 2219; x_wconf 87' lang='lat' dir='ltr'><strong>Sede</strong></span> <span class='ocrx_word' id='word_1_407' title='bbox 2197 2178 2228 2217; x_wconf 86' lang='lat' dir='ltr'><strong>a</strong></span> <span class='ocrx_word' id='word_1_408' title='bbox 2268 2160 2483 2217; x_wconf 79' lang='lat' dir='ltr'><strong>dextris</strong></span> <span class='ocrx_word' id='word_1_409' title='bbox 2514 2161 2673 2227; x_wconf 83' lang='lat' dir='ltr'><strong>meis,</strong></span> <span class='ocrx_word' id='word_1_410' title='bbox 2697 2159 2875 2215; x_wconf 88' lang='lat' dir='ltr'><strong>donec</strong></span> <span class='ocrx_word' id='word_1_411' title='bbox 2919 2176 3119 2230; x_wconf 84' lang='lat' dir='ltr'><strong>ponam</strong></span> <span class='ocrx_word' id='word_1_412' title='bbox 3173 2160 3429 2216; x_wconf 82' lang='lat' dir='ltr'><strong>inimicos</strong></span> 
     </span>
    </p>
   </div>
   <div class='ocr_carea' id='block_1_52' title="bbox 1839 2252 3430 2327">
    <p class='ocr_par' dir='ltr' id='par_1_52' title="bbox 1839 2252 3430 2327">
     <span class='ocr_line' id='line_1_52' title="bbox 1839 2252 3430 2327; baseline -0.003 -16"><span class='ocrx_word' id='word_1_413' title='bbox 1839 2268 1961 2313; x_wconf 90' lang='lat' dir='ltr'><strong>tuos</strong></span> <span class='ocrx_word' id='word_1_414' title='bbox 2009 2256 2311 2313; x_wconf 85' lang='lat' dir='ltr'><strong>scabellum</strong></span> <span class='ocrx_word' id='word_1_415' title='bbox 2357 2256 2555 2327; x_wconf 92' lang='lat' dir='ltr'><strong>pedum</strong></span> <span class='ocrx_word' id='word_1_416' title='bbox 2600 2264 2825 2309; x_wconf 90' lang='lat' dir='ltr'><strong>tuorum</strong></span> <span class='ocrx_word' id='word_1_417' title='bbox 2856 2254 2928 2319; x_wconf 82' lang='lat'><strong>”,</strong></span> <span class='ocrx_word' id='word_1_418' title='bbox 2962 2273 2982 2306; x_wconf 79' lang='grc' dir='ltr'><strong>ι</strong></span> <span class='ocrx_word' id='word_1_419' title='bbox 3018 2264 3081 2309; x_wconf 85' lang='grc' dir='ltr'><strong>ιιι</strong></span> <span class='ocrx_word' id='word_1_420' title='bbox 3124 2252 3239 2323; x_wconf 75' lang='lat' dir='ltr'><strong>jam</strong></span> <span class='ocrx_word' id='word_1_421' title='bbox 3288 2253 3430 2308; x_wconf 82' lang='lat' dir='ltr'><strong>reci-</strong></span> 
     </span>
    </p>
   </div>
   <div class='ocr_carea' id='block_1_53' title="bbox 1838 2343 3427 2411">
    <p class='ocr_par' dir='ltr' id='par_1_53' title="bbox 1838 2343 3427 2411">
     <span class='ocr_line' id='line_1_53' title="bbox 1838 2343 3427 2411; baseline -0.001 -8"><span class='ocrx_word' id='word_1_422' title='bbox 1838 2348 1945 2403; x_wconf 87' lang='lat' dir='ltr'><strong>tavi</strong></span> <span class='ocrx_word' id='word_1_423' title='bbox 1978 2348 2047 2403; x_wconf 79' lang='lat'><strong>‘°.</strong></span> <span class='ocrx_word' id='word_1_424' title='bbox 2080 2348 2150 2402; x_wconf 88' lang='lat' dir='ltr'><strong>Et</strong></span> <span class='ocrx_word' id='word_1_425' title='bbox 2199 2362 2390 2402; x_wconf 85' lang='lat' dir='ltr'><strong>rursus</strong></span> <span class='ocrx_word' id='word_1_426' title='bbox 2442 2345 2555 2401; x_wconf 86' lang='lat' dir='ltr'><strong>alio</strong></span> <span class='ocrx_word' id='word_1_427' title='bbox 2585 2346 2639 2400; x_wconf 93' lang='lat' dir='ltr'><strong>in</strong></span> <span class='ocrx_word' id='word_1_428' title='bbox 2688 2345 2855 2402; x_wconf 87' lang='lat' dir='ltr'><strong>loco:</strong></span> <span class='ocrx_word' id='word_1_429' title='bbox 2905 2364 2925 2397; x_wconf 75' lang='grc' dir='ltr'><strong>ι</strong></span> <span class='ocrx_word' id='word_1_430' title='bbox 2967 2343 3224 2401; x_wconf 79' lang='lat' dir='ltr'><strong>Tbronus</strong></span> <span class='ocrx_word' id='word_1_431' title='bbox 3281 2355 3427 2411; x_wconf 79' lang='lat' dir='ltr'><strong>tuus,</strong></span> 
     </span>
    </p>
   </div>
   <div class='ocr_carea' id='block_1_54' title="bbox 1838 2435 3428 2515">
    <p class='ocr_par' dir='ltr' id='par_1_54' title="bbox 1838 2435 3428 2515">
     <span class='ocr_line' id='line_1_54' title="bbox 1838 2435 3428 2515; baseline -0.004 -19"><span class='ocrx_word' id='word_1_432' title='bbox 1838 2442 2000 2507; x_wconf 90' lang='lat' dir='ltr'><strong>Deus,</strong></span> <span class='ocrx_word' id='word_1_433' title='bbox 2034 2442 2087 2496; x_wconf 91' lang='lat' dir='ltr'><strong>in</strong></span> <span class='ocrx_word' id='word_1_434' title='bbox 2118 2440 2381 2515; x_wconf 67' lang='lat' dir='ltr'><strong>saeculum</strong></span> <span class='ocrx_word' id='word_1_435' title='bbox 2436 2436 2648 2493; x_wconf 69' lang='lat' dir='ltr'><strong>saeculi.</strong></span> <span class='ocrx_word' id='word_1_436' title='bbox 2704 2438 2868 2507; x_wconf 82' lang='lat' dir='ltr'><strong>Virga</strong></span> <span class='ocrx_word' id='word_1_437' title='bbox 2908 2435 3229 2493; x_wconf 89' lang='lat' dir='ltr'><strong>directionis</strong></span> <span class='ocrx_word' id='word_1_438' title='bbox 3275 2437 3428 2506; x_wconf 76' lang='lat' dir='ltr'><strong>virga</strong></span> 
     </span>
    </p>
   </div>
   <div class='ocr_carea' id='block_1_55' title="bbox 1837 2528 3426 2605">
    <p class='ocr_par' dir='ltr' id='par_1_55' title="bbox 1837 2528 3426 2605">
     <span class='ocr_line' id='line_1_55' title="bbox 1837 2528 3426 2605; baseline -0.004 -15"><span class='ocrx_word' id='word_1_439' title='bbox 1837 2536 1986 2605; x_wconf 81' lang='lat' dir='ltr'><strong>regni</strong></span> <span class='ocrx_word' id='word_1_440' title='bbox 2024 2535 2125 2588; x_wconf 88' lang='lat' dir='ltr'><strong>ttti.</strong></span> <span class='ocrx_word' id='word_1_441' title='bbox 2159 2533 2411 2588; x_wconf 79' lang='lat' dir='ltr'><strong>Dilexisti</strong></span> <span class='ocrx_word' id='word_1_442' title='bbox 2438 2534 2712 2605; x_wconf 83' lang='lat' dir='ltr'><strong>justitiam</strong></span> <span class='ocrx_word' id='word_1_443' title='bbox 2747 2542 2803 2588; x_wconf 90' lang='lat' dir='ltr'><strong>et</strong></span> <span class='ocrx_word' id='word_1_444' title='bbox 2842 2530 3011 2586; x_wconf 89' lang='lat' dir='ltr'><strong>odisti</strong></span> <span class='ocrx_word' id='word_1_445' title='bbox 3044 2528 3426 2597; x_wconf 83' lang='lat' dir='ltr'><strong>iniquitatem;</strong></span> 
     </span>
    </p>
   </div>
   <div class='ocr_carea' id='block_1_56' title="bbox 1834 2624 3430 2702">
    <p class='ocr_par' dir='ltr' id='par_1_56' title="bbox 1834 2624 3430 2702">
     <span class='ocr_line' id='line_1_56' title="bbox 1834 2624 3430 2702; baseline -0.004 -17"><span class='ocrx_word' id='word_1_446' title='bbox 1834 2641 2122 2702; x_wconf 85' lang='lat' dir='ltr'><strong>propterea</strong></span> <span class='ocrx_word' id='word_1_447' title='bbox 2157 2630 2315 2685; x_wconf 76' lang='lat' dir='ltr'><strong>unxit</strong></span> <span class='ocrx_word' id='word_1_448' title='bbox 2346 2639 2400 2685; x_wconf 93' lang='lat' dir='ltr'><strong>te</strong></span> <span class='ocrx_word' id='word_1_449' title='bbox 2452 2629 2610 2689; x_wconf 84' lang='lat' dir='ltr'><strong>Deus.</strong></span> <span class='ocrx_word' id='word_1_450' title='bbox 2644 2628 2784 2683; x_wconf 88' lang='lat' dir='ltr'><strong>Deus</strong></span> <span class='ocrx_word' id='word_1_451' title='bbox 2809 2637 2934 2683; x_wconf 91' lang='lat' dir='ltr'><strong>tuus</strong></span> <span class='ocrx_word' id='word_1_452' title='bbox 2961 2625 3080 2682; x_wconf 87' lang='lat' dir='ltr'><strong>oleo</strong></span> <span class='ocrx_word' id='word_1_453' title='bbox 3104 2624 3430 2681; x_wconf 74' lang='lat' dir='ltr'><strong>exsultatio-</strong></span> 
     </span>
    </p>
   </div>
   <div class='ocr_carea' id='block_1_57' title="bbox 1832 2718 3427 2796">
    <p class='ocr_par' dir='ltr' id='par_1_57' title="bbox 1832 2718 3427 2796">
     <span class='ocr_line' id='line_1_57' title="bbox 1832 2718 3427 2796; baseline -0.004 -16"><span class='ocrx_word' id='word_1_454' title='bbox 1832 2726 1918 2780; x_wconf 88' lang='lat' dir='ltr'><strong>nis</strong></span> <span class='ocrx_word' id='word_1_455' title='bbox 1960 2740 2071 2796; x_wconf 66' lang='lat' dir='ltr'><strong>prae</strong></span> <span class='ocrx_word' id='word_1_456' title='bbox 2098 2726 2446 2780; x_wconf 88' lang='lat' dir='ltr'><strong>consortibus</strong></span> <span class='ocrx_word' id='word_1_457' title='bbox 2487 2724 2593 2777; x_wconf 89' lang='lat' dir='ltr'><strong>tuis</strong></span> <span class='ocrx_word' id='word_1_458' title='bbox 2639 2723 2707 2779; x_wconf 83' lang='lat'><strong>&quot;.</strong></span> <span class='ocrx_word' id='word_1_459' title='bbox 2743 2741 2763 2775; x_wconf 76' lang='grc' dir='ltr'><strong>ι</strong></span> <span class='ocrx_word' id='word_1_460' title='bbox 2806 2720 3001 2776; x_wconf 89' lang='lat' dir='ltr'><strong>Utrum</strong></span> <span class='ocrx_word' id='word_1_461' title='bbox 3051 2721 3218 2792; x_wconf 91' lang='lat' dir='ltr'><strong>igitur</strong></span> <span class='ocrx_word' id='word_1_462' title='bbox 3260 2718 3427 2773; x_wconf 73' lang='lat' dir='ltr'><strong>sliun:</strong></span> 
     </span>
    </p>
   </div>
   <div class='ocr_carea' id='block_1_58' title="bbox 1832 2814 3430 2887">
    <p class='ocr_par' dir='ltr' id='par_1_58' title="bbox 1832 2814 3430 2887">
     <span class='ocr_line' id='line_1_58' title="bbox 1832 2814 3430 2887; baseline -0.002 -17"><span class='ocrx_word' id='word_1_463' title='bbox 1832 2819 2123 2887; x_wconf 88' lang='lat' dir='ltr'><strong>quemdam</strong></span> <span class='ocrx_word' id='word_1_464' title='bbox 2157 2831 2186 2869; x_wconf 89' lang='lat' dir='ltr'><strong>a</strong></span> <span class='ocrx_word' id='word_1_465' title='bbox 2212 2816 2422 2886; x_wconf 81' lang='lat' dir='ltr'><strong>Spiritu</strong></span> <span class='ocrx_word' id='word_1_466' title='bbox 2456 2824 2668 2877; x_wconf 83' lang='lat' dir='ltr'><strong>sancto.</strong></span> <span class='ocrx_word' id='word_1_467' title='bbox 2699 2826 2901 2884; x_wconf 69' lang='lat' dir='ltr'><strong>praeter</strong></span> <span class='ocrx_word' id='word_1_468' title='bbox 2953 2815 3272 2868; x_wconf 82' lang='lat' dir='ltr'><strong>Creatorem</strong></span> <span class='ocrx_word' id='word_1_469' title='bbox 3304 2814 3430 2867; x_wconf 85' lang='lat' dir='ltr'><strong>uui-</strong></span> 
     </span>
    </p>
   </div>
   <div class='ocr_carea' id='block_1_59' title="bbox 1832 2905 3428 2978">
    <p class='ocr_par' dir='ltr' id='par_1_59' title="bbox 1832 2905 3428 2978">
     <span class='ocr_line' id='line_1_59' title="bbox 1832 2905 3428 2978; baseline -0.002 -16"><span class='ocrx_word' id='word_1_470' title='bbox 1832 2925 2118 2964; x_wconf 88' lang='lat' dir='ltr'><strong>versorum</strong></span> <span class='ocrx_word' id='word_1_471' title='bbox 2146 2918 2203 2962; x_wconf 89' lang='lat' dir='ltr'><strong>et</strong></span> <span class='ocrx_word' id='word_1_472' title='bbox 2230 2909 2512 2963; x_wconf 81' lang='lat' dir='ltr'><strong>Christum</strong></span> <span class='ocrx_word' id='word_1_473' title='bbox 2547 2910 2689 2978; x_wconf 85' lang='lat' dir='ltr'><strong>ejus,</strong></span> <span class='ocrx_word' id='word_1_474' title='bbox 2728 2908 2895 2960; x_wconf 92' lang='lat' dir='ltr'><strong>Deum</strong></span> <span class='ocrx_word' id='word_1_475' title='bbox 2929 2916 2985 2960; x_wconf 89' lang='lat' dir='ltr'><strong>et</strong></span> <span class='ocrx_word' id='word_1_476' title='bbox 3011 2905 3299 2960; x_wconf 80' lang='lat' dir='ltr'><strong>Dominum</strong></span> <span class='ocrx_word' id='word_1_477' title='bbox 3328 2920 3428 2959; x_wconf 80' lang='lat' dir='ltr'><strong>vo-</strong></span> 
     </span>
    </p>
   </div>
   <div class='ocr_carea' id='block_1_60' title="bbox 1831 2994 3429 3069">
    <p class='ocr_par' dir='ltr' id='par_1_60' title="bbox 1831 2994 3429 3069">
     <span class='ocr_line' id='line_1_60' title="bbox 1831 2994 3429 3069; baseline -0.003 -15"><span class='ocrx_word' id='word_1_478' title='bbox 1831 3001 1942 3054; x_wconf 91' lang='lat' dir='ltr'><strong>cari</strong></span> <span class='ocrx_word' id='word_1_479' title='bbox 1972 2999 2189 3063; x_wconf 88' lang='lat' dir='ltr'><strong>dicatis,</strong></span> <span class='ocrx_word' id='word_1_480' title='bbox 2213 2999 2537 3069; x_wconf 86' lang='lat' dir='ltr'><strong>respondete</strong></span> <span class='ocrx_word' id='word_1_481' title='bbox 2557 2999 2687 3052; x_wconf 89' lang='lat' dir='ltr'><strong>mibi</strong></span> <span class='ocrx_word' id='word_1_482' title='bbox 2710 3015 2725 3060; x_wconf 83' lang='lat'><strong>;</strong></span> <span class='ocrx_word' id='word_1_483' title='bbox 2751 3012 2877 3051; x_wconf 90' lang='lat' dir='ltr'><strong>nam</strong></span> <span class='ocrx_word' id='word_1_484' title='bbox 2908 2996 3065 3051; x_wconf 88' lang='lat' dir='ltr'><strong>vobis</strong></span> <span class='ocrx_word' id='word_1_485' title='bbox 3098 2994 3305 3064; x_wconf 85' lang='lat' dir='ltr'><strong>recipio</strong></span> <span class='ocrx_word' id='word_1_486' title='bbox 3330 2996 3429 3050; x_wconf 85' lang='lat' dir='ltr'><strong>de-</strong></span> 
     </span>
    </p>
   </div>
   <div class='ocr_carea' id='block_1_61' title="bbox 1831 3086 3428 3160">
    <p class='ocr_par' dir='ltr' id='par_1_61' title="bbox 1831 3086 3428 3160">
     <span class='ocr_line' id='line_1_61' title="bbox 1831 3086 3428 3160; baseline -0.001 -16"><span class='ocrx_word' id='word_1_487' title='bbox 1831 3100 2267 3146; x_wconf 90' lang='lat' dir='ltr'><strong>monstraturum</strong></span> <span class='ocrx_word' id='word_1_488' title='bbox 2318 3104 2404 3143; x_wconf 90' lang='lat' dir='ltr'><strong>me</strong></span> <span class='ocrx_word' id='word_1_489' title='bbox 2426 3106 2495 3144; x_wconf 79' lang='lat' dir='ltr'><strong>ex</strong></span> <span class='ocrx_word' id='word_1_490' title='bbox 2526 3090 2659 3160; x_wconf 88' lang='lat' dir='ltr'><strong>ipsis</strong></span> <span class='ocrx_word' id='word_1_491' title='bbox 2695 3086 3003 3158; x_wconf 87' lang='lat' dir='ltr'><strong>Scripturis</strong></span> <span class='ocrx_word' id='word_1_492' title='bbox 3036 3100 3143 3141; x_wconf 81' lang='lat' dir='ltr'><strong>non</strong></span> <span class='ocrx_word' id='word_1_493' title='bbox 3190 3086 3428 3143; x_wconf 80' lang='lat' dir='ltr'><strong>alterum</strong></span> 
     </span>
    </p>
   </div>
   <div class='ocr_carea' id='block_1_62' title="bbox 1832 3177 3428 3253">
    <p class='ocr_par' dir='ltr' id='par_1_62' title="bbox 1832 3177 3428 3253">
     <span class='ocr_line' id='line_1_62' title="bbox 1832 3177 3428 3253; baseline -0.004 -15"><span class='ocrx_word' id='word_1_494' title='bbox 1832 3182 2064 3238; x_wconf 90' lang='lat' dir='ltr'><strong>duorum</strong></span> <span class='ocrx_word' id='word_1_495' title='bbox 2092 3181 2435 3250; x_wconf 86' lang='lat' dir='ltr'><strong>angelorum,</strong></span> <span class='ocrx_word' id='word_1_496' title='bbox 2475 3182 2569 3253; x_wconf 88' lang='lat' dir='ltr'><strong>qui</strong></span> <span class='ocrx_word' id='word_1_497' title='bbox 2613 3180 2849 3235; x_wconf 84' lang='lat' dir='ltr'><strong>Sodoma</strong></span> <span class='ocrx_word' id='word_1_498' title='bbox 2896 3178 3177 3249; x_wconf 87' lang='lat' dir='ltr'><strong>petebant.</strong></span> <span class='ocrx_word' id='word_1_499' title='bbox 3208 3192 3239 3232; x_wconf 90' lang='lat' dir='ltr'><strong>a</strong></span> <span class='ocrx_word' id='word_1_500' title='bbox 3269 3177 3428 3233; x_wconf 62' lang='lat' dir='ltr'><strong>Scri.</strong></span> 
     </span>
    </p>
   </div>
   <div class='ocr_carea' id='block_1_63' title="bbox 142 3244 1729 3345">
    <p class='ocr_par' dir='ltr' id='par_1_63' title="bbox 142 3244 1727 3343">
     <span class='ocr_line' id='line_1_63' title="bbox 142 3244 1727 3343; baseline 0.004 -23"><span class='ocrx_word' id='word_1_501' title='bbox 142 3270 201 3321; x_wconf 83' lang='grc' dir='ltr'>ὃν</span> <span class='ocrx_word' id='word_1_502' title='bbox 230 3270 332 3340; x_wconf 70' lang='grc' dir='ltr'><strong>ἔφη</strong></span> <span class='ocrx_word' id='word_1_503' title='bbox 362 3270 395 3339; x_wconf 85' lang='grc' dir='ltr'><strong>ἡ</strong></span> <span class='ocrx_word' id='word_1_504' title='bbox 429 3244 618 3343; x_wconf 79' lang='grc' dir='ltr'>Γραφὴ</span> <span class='ocrx_word' id='word_1_505' title='bbox 647 3270 874 3343; x_wconf 81' lang='grc' dir='ltr'>Κύριον,</span> <span class='ocrx_word' id='word_1_506' title='bbox 912 3272 1030 3325; x_wconf 80' lang='grc' dir='ltr'>ἀλλ’</span> <span class='ocrx_word' id='word_1_507' title='bbox 1054 3275 1262 3326; x_wconf 77' lang='grc' dir='ltr'>ἐκεῖνον</span> <span class='ocrx_word' id='word_1_508' title='bbox 1291 3273 1383 3326; x_wconf 87' lang='grc' dir='ltr'>τὸν</span> <span class='ocrx_word' id='word_1_509' title='bbox 1421 3244 1516 3326; x_wconf 58' lang='grc' dir='ltr'><strong>συν</strong></span> <span class='ocrx_word' id='word_1_510' title='bbox 1545 3274 1727 3339; x_wconf 79' lang='grc' dir='ltr'>αὐτοῖς</span> 
     </span>
    </p>
   </div>
   <div class='ocr_carea' id='block_1_64' title="bbox 1834 3244 3425 3345">
    <p class='ocr_par' dir='ltr' id='par_1_64' title="bbox 1834 3244 3425 3345">
     <span class='ocr_line' id='line_1_64' title="bbox 1834 3244 3425 3345; baseline -0.002 -16"><span class='ocrx_word' id='word_1_511' title='bbox 1834 3286 1991 3345; x_wconf 88' lang='lat' dir='ltr'><strong>ptura</strong></span> <span class='ocrx_word' id='word_1_512' title='bbox 2036 3244 2322 3331; x_wconf 65' lang='lat' dir='ltr'><strong>Dominum</strong></span> <span class='ocrx_word' id='word_1_513' title='bbox 2355 3244 2636 3344; x_wconf 77' lang='lat' dir='ltr'><strong>appellari,</strong></span> <span class='ocrx_word' id='word_1_514' title='bbox 2680 3273 2777 3329; x_wconf 83' lang='lat' dir='ltr'><strong>sed</strong></span> <span class='ocrx_word' id='word_1_515' title='bbox 2823 3244 2947 3326; x_wconf 73' lang='lat' dir='ltr'><strong>eum</strong></span> <span class='ocrx_word' id='word_1_516' title='bbox 2992 3270 3085 3339; x_wconf 86' lang='lat' dir='ltr'><strong>qui</strong></span> <span class='ocrx_word' id='word_1_517' title='bbox 3137 3286 3263 3325; x_wconf 82' lang='lat' dir='ltr'><strong>cum</strong></span> <span class='ocrx_word' id='word_1_518' title='bbox 3309 3270 3425 3327; x_wconf 82' lang='lat' dir='ltr'><strong>illis</strong></span> 
     </span>
    </p>
   </div>
   <div class='ocr_carea' id='block_1_65' title="bbox 146 3363 1415 3436">
    <p class='ocr_par' dir='ltr' id='par_1_65' title="bbox 146 3363 1415 3436">
     <span class='ocr_line' id='line_1_65' title="bbox 146 3363 1415 3436; baseline 0.002 -20"><span class='ocrx_word' id='word_1_519' title='bbox 146 3365 237 3416; x_wconf 71' lang='grc' dir='ltr'>καὶ</span> <span class='ocrx_word' id='word_1_520' title='bbox 270 3363 400 3417; x_wconf 75' lang='grc' dir='ltr'>Θεὸν</span> <span class='ocrx_word' id='word_1_521' title='bbox 437 3364 728 3434; x_wconf 83' lang='grc' dir='ltr'>λεγόμενον</span> <span class='ocrx_word' id='word_1_522' title='bbox 758 3364 993 3432; x_wconf 80' lang='grc' dir='ltr'>ὀφθέντα</span> <span class='ocrx_word' id='word_1_523' title='bbox 1024 3365 1102 3436; x_wconf 85' lang='grc' dir='ltr'>τῷ</span> <span class='ocrx_word' id='word_1_524' title='bbox 1144 3363 1415 3435; x_wconf 80' lang='grc' dir='ltr'>Ἀϐραάμ.</span> 
     </span>
    </p>
   </div>
   <div class='ocr_carea' id='block_1_66' title="bbox 213 3455 1725 3531">
    <p class='ocr_par' dir='ltr' id='par_1_66' title="bbox 213 3455 1725 3531">
     <span class='ocr_line' id='line_1_66' title="bbox 213 3455 1725 3531; baseline 0.002 -23"><span class='ocrx_word' id='word_1_525' title='bbox 213 3457 322 3509; x_wconf 76' lang='grc' dir='ltr'><strong>Καὶ</strong></span> <span class='ocrx_word' id='word_1_526' title='bbox 354 3455 663 3526; x_wconf 73' lang='grc' dir='ltr'>ὁΤρύφωνο</span> <span class='ocrx_word' id='word_1_527' title='bbox 713 3457 1093 3510; x_wconf 80' lang='grc' dir='ltr'>’Δποδείκνυε·</span> <span class='ocrx_word' id='word_1_528' title='bbox 1132 3458 1225 3511; x_wconf 77' lang='grc' dir='ltr'>καὶ</span> <span class='ocrx_word' id='word_1_529' title='bbox 1273 3459 1403 3531; x_wconf 76' lang='grc' dir='ltr'>γὰρ,</span> <span class='ocrx_word' id='word_1_530' title='bbox 1450 3458 1526 3522; x_wconf 81' lang='grc' dir='ltr'>ὡς</span> <span class='ocrx_word' id='word_1_531' title='bbox 1570 3459 1725 3529; x_wconf 77' lang='grc' dir='ltr'>ὁρᾷς,</span> 
     </span>
    </p>
   </div>
   <div class='ocr_carea' id='block_1_67' title="bbox 142 3547 1729 3622">
    <p class='ocr_par' dir='ltr' id='par_1_67' title="bbox 142 3547 1729 3622">
     <span class='ocr_line' id='line_1_67' title="bbox 142 3547 1729 3622; baseline 0.003 -22"><span class='ocrx_word' id='word_1_532' title='bbox 142 3549 177 3618; x_wconf 68' lang='grc' dir='ltr'><strong>ἢ</strong></span> <span class='ocrx_word' id='word_1_533' title='bbox 209 3558 266 3600; x_wconf 80' lang='grc' dir='ltr'><strong>τε</strong></span> <span class='ocrx_word' id='word_1_534' title='bbox 299 3547 483 3620; x_wconf 72' lang='grc' dir='ltr'>ἡμέρα</span> <span class='ocrx_word' id='word_1_535' title='bbox 527 3552 849 3621; x_wconf 76' lang='grc' dir='ltr'>προκόπτει,</span> <span class='ocrx_word' id='word_1_536' title='bbox 886 3551 982 3605; x_wconf 74' lang='grc' dir='ltr'><strong>καὶ</strong></span> <span class='ocrx_word' id='word_1_537' title='bbox 1031 3552 1194 3621; x_wconf 80' lang='grc' dir='ltr'>ἡμεῖς</span> <span class='ocrx_word' id='word_1_538' title='bbox 1242 3552 1377 3622; x_wconf 83' lang='grc' dir='ltr'>πρὸς</span> <span class='ocrx_word' id='word_1_539' title='bbox 1411 3551 1507 3614; x_wconf 80' lang='grc' dir='ltr'><strong>τὰς</strong></span> <span class='ocrx_word' id='word_1_540' title='bbox 1554 3550 1729 3614; x_wconf 77' lang='grc' dir='ltr'>οὕτως</span> 
     </span>
    </p>
   </div>
   <div class='ocr_carea' id='block_1_68' title="bbox 142 3638 1728 3716">
    <p class='ocr_par' dir='ltr' id='par_1_68' title="bbox 142 3638 1728 3716">
     <span class='ocr_line' id='line_1_68' title="bbox 142 3638 1728 3716; baseline 0.004 -25"><span class='ocrx_word' id='word_1_541' title='bbox 142 3638 510 3705; x_wconf 76' lang='grc' dir='ltr'>ἐπικινδύνως</span> <span class='ocrx_word' id='word_1_542' title='bbox 555 3643 878 3713; x_wconf 78' lang='grc' dir='ltr'>ἀποκρίσεις</span> <span class='ocrx_word' id='word_1_543' title='bbox 920 3642 1023 3695; x_wconf 75' lang='grc' dir='ltr'>οὐκ</span> <span class='ocrx_word' id='word_1_544' title='bbox 1058 3646 1227 3712; x_wconf 78' lang='grc' dir='ltr'>ἐσμεν</span> <span class='ocrx_word' id='word_1_545' title='bbox 1258 3644 1498 3713; x_wconf 67' lang='grc' dir='ltr'>ἕτοιμοι·</span> <span class='ocrx_word' id='word_1_546' title='bbox 1539 3644 1728 3716; x_wconf 77' lang='grc' dir='ltr'>ἐπειδὴ</span> 
     </span>
    </p>
   </div>
   <div class='ocr_carea' id='block_1_69' title="bbox 142 3732 1728 3807">
    <p class='ocr_par' dir='ltr' id='par_1_69' title="bbox 142 3732 1728 3807">
     <span class='ocr_line' id='line_1_69' title="bbox 142 3732 1728 3807; baseline 0.002 -22"><span class='ocrx_word' id='word_1_547' title='bbox 142 3732 350 3795; x_wconf 72' lang='grc' dir='ltr'>οὐδενὸς</span> <span class='ocrx_word' id='word_1_548' title='bbox 394 3732 649 3787; x_wconf 72' lang='grc' dir='ltr'>οὐδέποτε</span> <span class='ocrx_word' id='word_1_549' title='bbox 710 3734 882 3789; x_wconf 78' lang='grc' dir='ltr'>ταῦτα</span> <span class='ocrx_word' id='word_1_550' title='bbox 928 3734 1276 3807; x_wconf 82' lang='grc' dir='ltr'>ὲρευνῶντος,</span> <span class='ocrx_word' id='word_1_551' title='bbox 1324 3736 1357 3805; x_wconf 80' lang='grc' dir='ltr'>ἢ</span> <span class='ocrx_word' id='word_1_552' title='bbox 1407 3734 1728 3806; x_wconf 72' lang='grc' dir='ltr'>ζητοῦντος,</span> 
     </span>
    </p>
   </div>
   <div class='ocr_carea' id='block_1_70' title="bbox 1828 3362 3056 3436">
    <p class='ocr_par' dir='ltr' id='par_1_70' title="bbox 1828 3362 3056 3436">
     <span class='ocr_line' id='line_1_70' title="bbox 1828 3362 3056 3436; baseline -0.005 -15"><span class='ocrx_word' id='word_1_553' title='bbox 1828 3376 1972 3430; x_wconf 90' lang='lat' dir='ltr'><strong>erat,</strong></span> <span class='ocrx_word' id='word_1_554' title='bbox 1996 3368 2197 3436; x_wconf 83' lang='lat' dir='ltr'><strong>quique</strong></span> <span class='ocrx_word' id='word_1_555' title='bbox 2223 3365 2365 3419; x_wconf 84' lang='lat' dir='ltr'><strong>Deus</strong></span> <span class='ocrx_word' id='word_1_556' title='bbox 2390 3366 2625 3421; x_wconf 68' lang='lat' dir='ltr'><strong>Abrahae</strong></span> <span class='ocrx_word' id='word_1_557' title='bbox 2649 3364 2801 3419; x_wconf 89' lang='lat' dir='ltr'><strong>visus</strong></span> <span class='ocrx_word' id='word_1_558' title='bbox 2829 3362 3056 3418; x_wconf 92' lang='lat' dir='ltr'><strong>dicitur.</strong></span> 
     </span>
    </p>
   </div>
   <div class='ocr_carea' id='block_1_71' title="bbox 1906 3454 3413 3530">
    <p class='ocr_par' dir='ltr' id='par_1_71' title="bbox 1906 3454 3413 3530">
     <span class='ocr_line' id='line_1_71' title="bbox 1906 3454 3413 3530; baseline -0.007 -12"><span class='ocrx_word' id='word_1_559' title='bbox 1906 3458 2063 3530; x_wconf 76' lang='lat'><strong>153</strong></span> <span class='ocrx_word' id='word_1_560' title='bbox 2100 3459 2237 3514; x_wconf 91' lang='lat' dir='ltr'><strong>Tum</strong></span> <span class='ocrx_word' id='word_1_561' title='bbox 2262 3458 2483 3529; x_wconf 79' lang='lat' dir='ltr'><strong>Trypho</strong></span> <span class='ocrx_word' id='word_1_562' title='bbox 2514 3476 2529 3512; x_wconf 90' lang='lat'><strong>:</strong></span> <span class='ocrx_word' id='word_1_563' title='bbox 2565 3459 2907 3521; x_wconf 84' lang='lat' dir='ltr'><strong>Demonstra,</strong></span> <span class='ocrx_word' id='word_1_564' title='bbox 2951 3454 3160 3525; x_wconf 88' lang='lat' dir='ltr'><strong>inquit;</strong></span> <span class='ocrx_word' id='word_1_565' title='bbox 3191 3468 3321 3509; x_wconf 80' lang='lat' dir='ltr'><strong>nam</strong></span> <span class='ocrx_word' id='word_1_566' title='bbox 3352 3463 3413 3508; x_wconf 93' lang='lat' dir='ltr'><strong>ut</strong></span> 
     </span>
    </p>
   </div>
   <div class='ocr_carea' id='block_1_72' title="bbox 1829 3546 3430 3622">
    <p class='ocr_par' dir='ltr' id='par_1_72' title="bbox 1829 3546 3430 3622">
     <span class='ocr_line' id='line_1_72' title="bbox 1829 3546 3430 3622; baseline -0.004 -17"><span class='ocrx_word' id='word_1_567' title='bbox 1829 3552 2010 3617; x_wconf 79' lang='lat' dir='ltr'><strong>vides,</strong></span> <span class='ocrx_word' id='word_1_568' title='bbox 2046 3553 2163 3607; x_wconf 90' lang='lat' dir='ltr'><strong>dies</strong></span> <span class='ocrx_word' id='word_1_569' title='bbox 2196 3552 2465 3622; x_wconf 87' lang='lat' dir='ltr'><strong>procedit,</strong></span> <span class='ocrx_word' id='word_1_570' title='bbox 2516 3565 2616 3605; x_wconf 88' lang='lat' dir='ltr'><strong>nec</strong></span> <span class='ocrx_word' id='word_1_571' title='bbox 2655 3549 2723 3603; x_wconf 84' lang='lat' dir='ltr'><strong>ad</strong></span> <span class='ocrx_word' id='word_1_572' title='bbox 2756 3546 3145 3618; x_wconf 84' lang='lat' dir='ltr'><strong>responsiones</strong></span> <span class='ocrx_word' id='word_1_573' title='bbox 3177 3548 3251 3600; x_wconf 82' lang='lat' dir='ltr'><strong>ita</strong></span> <span class='ocrx_word' id='word_1_574' title='bbox 3280 3548 3430 3616; x_wconf 86' lang='lat' dir='ltr'><strong>peri-</strong></span> 
     </span>
    </p>
   </div>
   <div class='ocr_carea' id='block_1_73' title="bbox 1830 3644 3430 3716">
    <p class='ocr_par' dir='ltr' id='par_1_73' title="bbox 1830 3644 3430 3716">
     <span class='ocr_line' id='line_1_73' title="bbox 1830 3644 3430 3716; baseline -0.003 -17"><span class='ocrx_word' id='word_1_575' title='bbox 1830 3644 2044 3700; x_wconf 84' lang='lat' dir='ltr'><strong>culosas</strong></span> <span class='ocrx_word' id='word_1_576' title='bbox 2076 3646 2252 3716; x_wconf 77' lang='lat' dir='ltr'><strong>parati</strong></span> <span class='ocrx_word' id='word_1_577' title='bbox 2284 3660 2513 3699; x_wconf 86' lang='lat' dir='ltr'><strong>sumus:</strong></span> <span class='ocrx_word' id='word_1_578' title='bbox 2552 3652 2839 3715; x_wconf 76' lang='lat' dir='ltr'><strong>propterea</strong></span> <span class='ocrx_word' id='word_1_579' title='bbox 2857 3644 3001 3713; x_wconf 88' lang='lat' dir='ltr'><strong>quod</strong></span> <span class='ocrx_word' id='word_1_580' title='bbox 3021 3645 3297 3698; x_wconf 84' lang='lat' dir='ltr'><strong>nemiuem</strong></span> <span class='ocrx_word' id='word_1_581' title='bbox 3325 3658 3430 3697; x_wconf 75' lang='lat' dir='ltr'><strong>un—</strong></span> 
     </span>
    </p>
   </div>
   <div class='ocr_carea' id='block_1_74' title="bbox 1830 3731 3427 3807">
    <p class='ocr_par' dir='ltr' id='par_1_74' title="bbox 1830 3731 3427 3807">
     <span class='ocr_line' id='line_1_74' title="bbox 1830 3731 3427 3807; baseline -0.003 -16"><span class='ocrx_word' id='word_1_582' title='bbox 1830 3753 1991 3807; x_wconf 86' lang='lat' dir='ltr'><strong>quam</strong></span> <span class='ocrx_word' id='word_1_583' title='bbox 2026 3737 2130 3792; x_wconf 88' lang='lat' dir='ltr'><strong>ista</strong></span> <span class='ocrx_word' id='word_1_584' title='bbox 2165 3737 2614 3807; x_wconf 82' lang='lat' dir='ltr'><strong>investigantem,</strong></span> <span class='ocrx_word' id='word_1_585' title='bbox 2662 3744 2757 3789; x_wconf 85' lang='lat' dir='ltr'><strong>aut</strong></span> <span class='ocrx_word' id='word_1_586' title='bbox 2802 3743 3163 3804; x_wconf 63' lang='lat' dir='ltr'><strong>querentem,</strong></span> <span class='ocrx_word' id='word_1_587' title='bbox 3200 3741 3294 3787; x_wconf 82' lang='lat' dir='ltr'><strong>aut</strong></span> <span class='ocrx_word' id='word_1_588' title='bbox 3326 3731 3427 3787; x_wconf 84' lang='lat' dir='ltr'><strong>de-</strong></span> 
     </span>
    </p>
   </div>
   <div class='ocr_carea' id='block_1_75' title="bbox 142 3823 1729 3898">
    <p class='ocr_par' dir='ltr' id='par_1_75' title="bbox 142 3823 1726 3898">
     <span class='ocr_line' id='line_1_75' title="bbox 142 3823 1726 3898; baseline 0.003 -21"><span class='ocrx_word' id='word_1_589' title='bbox 142 3823 173 3892; x_wconf 77' lang='grc' dir='ltr'>ἢ</span> <span class='ocrx_word' id='word_1_590' title='bbox 206 3823 620 3889; x_wconf 81' lang='grc' dir='ltr'>ἀποδεικνύντος</span> <span class='ocrx_word' id='word_1_591' title='bbox 651 3827 971 3897; x_wconf 82' lang='grc' dir='ltr'>ἀκηκόαμεν</span> <span class='ocrx_word' id='word_1_592' title='bbox 1021 3826 1130 3898; x_wconf 73' lang='grc'><strong>(64)</strong></span> <span class='ocrx_word' id='word_1_593' title='bbox 1152 3844 1165 3856; x_wconf 86' lang='grc'><strong>·</strong></span> <span class='ocrx_word' id='word_1_594' title='bbox 1205 3827 1298 3879; x_wconf 75' lang='grc' dir='ltr'>καὶ</span> <span class='ocrx_word' id='word_1_595' title='bbox 1332 3825 1426 3879; x_wconf 80' lang='grc' dir='ltr'>σοῦ</span> <span class='ocrx_word' id='word_1_596' title='bbox 1474 3827 1726 3896; x_wconf 82' lang='grc' dir='ltr'>λέγοντος</span> 
     </span>
    </p>
   </div>
   <div class='ocr_carea' id='block_1_76' title="bbox 1834 3823 3430 3898">
    <p class='ocr_par' dir='ltr' id='par_1_76' title="bbox 1834 3827 3430 3897">
     <span class='ocr_line' id='line_1_76' title="bbox 1834 3827 3430 3897; baseline -0.004 -14"><span class='ocrx_word' id='word_1_597' title='bbox 1834 3839 2219 3885; x_wconf 84' lang='lat' dir='ltr'><strong>monstrantem</strong></span> <span class='ocrx_word' id='word_1_598' title='bbox 2267 3829 2609 3894; x_wconf 81' lang='lat' dir='ltr'><strong>audivimus;</strong></span> <span class='ocrx_word' id='word_1_599' title='bbox 2648 3840 2827 3897; x_wconf 84' lang='lat' dir='ltr'><strong>neque</strong></span> <span class='ocrx_word' id='word_1_600' title='bbox 2873 3835 2925 3882; x_wconf 90' lang='lat' dir='ltr'><strong>te</strong></span> <span class='ocrx_word' id='word_1_601' title='bbox 2950 3827 3315 3883; x_wconf 77' lang='lat' dir='ltr'><strong>disserentem</strong></span> <span class='ocrx_word' id='word_1_602' title='bbox 3344 3833 3430 3877; x_wconf 80' lang='lat' dir='ltr'><strong>tu-</strong></span> 
     </span>
    </p>
   </div>
   <div class='ocr_carea' id='block_1_77' title="bbox 208 3986 1223 4056">
    <p class='ocr_par' dir='ltr' id='par_1_77' title="bbox 208 3986 1223 4056">
     <span class='ocr_line' id='line_1_77' title="bbox 208 3986 1223 4056; baseline 0.004 -13"><span class='ocrx_word' id='word_1_603' title='bbox 208 3986 257 4019; x_wconf 86' lang='grc'><strong><em>⁸⁸</em></strong></span> <span class='ocrx_word' id='word_1_604' title='bbox 293 3986 433 4043; x_wconf 83' lang='lat' dir='ltr'><strong>Gen.</strong></span> <span class='ocrx_word' id='word_1_605' title='bbox 468 4002 582 4053; x_wconf 76' lang='lat' dir='ltr'><strong>nx,</strong></span> <span class='ocrx_word' id='word_1_606' title='bbox 605 3988 701 4043; x_wconf 76' lang='lat'><strong>23.</strong></span> <span class='ocrx_word' id='word_1_607' title='bbox 777 3989 824 4023; x_wconf 82' lang='lat'><strong>&quot;</strong></span> <span class='ocrx_word' id='word_1_608' title='bbox 861 3989 1001 4045; x_wconf 79' lang='lat' dir='ltr'><strong>Psal.</strong></span> <span class='ocrx_word' id='word_1_609' title='bbox 1033 4006 1143 4056; x_wconf 80' lang='lat' dir='ltr'><strong>cut,</strong></span> <span class='ocrx_word' id='word_1_610' title='bbox 1170 3990 1223 4048; x_wconf 78' lang='lat' dir='ltr'><strong>l.</strong></span> 
     </span>
    </p>
   </div>
   <div class='ocr_carea' id='block_1_78' title="bbox 210 4121 1723 4193">
    <p class='ocr_par' dir='ltr' id='par_1_78' title="bbox 210 4121 1723 4193">
     <span class='ocr_line' id='line_1_78' title="bbox 210 4121 1723 4193; baseline 0.003 -18"><span class='ocrx_word' id='word_1_611' title='bbox 210 4122 320 4193; x_wconf 82' lang='lat'><strong>(6!)</strong></span> <span class='ocrx_word' id='word_1_612' title='bbox 350 4121 637 4192; x_wconf 71' lang='grc' dir='ltr'>Ἂγτέλων</span> <span class='ocrx_word' id='word_1_613' title='bbox 652 4124 1083 4189; x_wconf 72' lang='grc' dir='ltr'>κατελθόντων,</span> <span class='ocrx_word' id='word_1_614' title='bbox 1106 4134 1214 4179; x_wconf 85' lang='lat' dir='ltr'><strong>ctc.</strong></span> <span class='ocrx_word' id='word_1_615' title='bbox 1234 4124 1375 4178; x_wconf 76' lang='lat' dir='ltr'><strong>Nihil</strong></span> <span class='ocrx_word' id='word_1_616' title='bbox 1405 4126 1723 4180; x_wconf 86' lang='lat' dir='ltr'><strong>mutandum</strong></span> 
     </span>
    </p>
   </div>
   <div class='ocr_carea' id='block_1_79' title="bbox 143 4193 1724 4265">
    <p class='ocr_par' dir='ltr' id='par_1_79' title="bbox 143 4193 1724 4265">
     <span class='ocr_line' id='line_1_79' title="bbox 143 4193 1724 4265; baseline 0.001 -18"><span class='ocrx_word' id='word_1_617' title='bbox 143 4196 193 4248; x_wconf 90' lang='lat' dir='ltr'><strong>in</strong></span> <span class='ocrx_word' id='word_1_618' title='bbox 233 4194 316 4247; x_wconf 85' lang='lat' dir='ltr'><strong>bis</strong></span> <span class='ocrx_word' id='word_1_619' title='bbox 339 4194 517 4248; x_wconf 75' lang='lat' dir='ltr'><strong>verbis</strong></span> <span class='ocrx_word' id='word_1_620' title='bbox 545 4195 705 4247; x_wconf 90' lang='lat' dir='ltr'><strong>unius</strong></span> <span class='ocrx_word' id='word_1_621' title='bbox 729 4208 792 4247; x_wconf 82' lang='lat' dir='ltr'><strong>ex</strong></span> <span class='ocrx_word' id='word_1_622' title='bbox 834 4194 1144 4265; x_wconf 82' lang='lat' dir='ltr'><strong>Trypltonis</strong></span> <span class='ocrx_word' id='word_1_623' title='bbox 1187 4193 1724 4264; x_wconf 73' lang='lat' dir='ltr'><strong>comitilms,‘qnam-</strong></span> 
     </span>
    </p>
   </div>
   <div class='ocr_carea' id='block_1_80' title="bbox 146 4264 1720 4319">
    <p class='ocr_par' dir='ltr' id='par_1_80' title="bbox 146 4264 1720 4319">
     <span class='ocr_line' id='line_1_80' title="bbox 146 4264 1720 4319; baseline 0.003 -6"><span class='ocrx_word' id='word_1_624' title='bbox 146 4269 223 4319; x_wconf 62' lang='lat' dir='ltr'><strong>sis</strong></span> <span class='ocrx_word' id='word_1_625' title='bbox 247 4264 407 4318; x_wconf 63' lang='lat' dir='ltr'><strong>varis</strong></span> <span class='ocrx_word' id='word_1_626' title='bbox 437 4266 822 4317; x_wconf 72' lang='lat' dir='ltr'><strong>exstiteriutin</strong></span> <span class='ocrx_word' id='word_1_627' title='bbox 862 4264 964 4319; x_wconf 87' lang='lat' dir='ltr'><strong>hoc</strong></span> <span class='ocrx_word' id='word_1_628' title='bbox 1017 4266 1135 4318; x_wconf 89' lang='lat' dir='ltr'><strong>loco</strong></span> <span class='ocrx_word' id='word_1_629' title='bbox 1192 4267 1530 4319; x_wconf 81' lang='lat' dir='ltr'><strong>immutantlo</strong></span> <span class='ocrx_word' id='word_1_630' title='bbox 1586 4282 1720 4319; x_wconf 88' lang='lat' dir='ltr'><strong>cou-</strong></span> 
     </span>
    </p>
   </div>
   <div class='ocr_carea' id='block_1_81' title="bbox 138 4334 1721 4404">
    <p class='ocr_par' dir='ltr' id='par_1_81' title="bbox 138 4334 1721 4404">
     <span class='ocr_line' id='line_1_81' title="bbox 138 4334 1721 4404; baseline -0.001 -14"><span class='ocrx_word' id='word_1_631' title='bbox 138 4338 381 4402; x_wconf 65' lang='lat' dir='ltr'><strong>jecturst.</strong></span> <span class='ocrx_word' id='word_1_632' title='bbox 416 4334 484 4389; x_wconf 88' lang='lat' dir='ltr'><strong>Ut</strong></span> <span class='ocrx_word' id='word_1_633' title='bbox 526 4336 812 4388; x_wconf 67' lang='lat' dir='ltr'><strong>sententia:</strong></span> <span class='ocrx_word' id='word_1_634' title='bbox 837 4336 1008 4389; x_wconf 88' lang='lat' dir='ltr'><strong>series</strong></span> <span class='ocrx_word' id='word_1_635' title='bbox 1034 4339 1413 4404; x_wconf 87' lang='lat' dir='ltr'><strong>perspiciatur,</strong></span> <span class='ocrx_word' id='word_1_636' title='bbox 1444 4338 1549 4389; x_wconf 90' lang='lat' dir='ltr'><strong>duo</strong></span> <span class='ocrx_word' id='word_1_637' title='bbox 1600 4337 1721 4388; x_wconf 87' lang='lat' dir='ltr'><strong>ani-</strong></span> 
     </span>
    </p>
   </div>
   <div class='ocr_carea' id='block_1_82' title="bbox 1825 4337 1967 4391">
    <p class='ocr_par' dir='ltr' id='par_1_82' title="bbox 1825 4337 1967 4391">
     <span class='ocr_line' id='line_1_82' title="bbox 1825 4337 1967 4391; baseline 0 0"><span class='ocrx_word' id='word_1_638' title='bbox 1825 4337 1967 4391; x_wconf 88' lang='lat' dir='ltr'><strong>lren.</strong></span> 
     </span>
    </p>
   </div>
   <div class='ocr_carea' id='block_1_83' title="bbox 1315 3988 2219 4058">
    <p class='ocr_par' dir='ltr' id='par_1_83' title="bbox 1315 3988 2219 4058">
     <span class='ocr_line' id='line_1_83' title="bbox 1315 3988 2219 4058; baseline 0.004 -15"><span class='ocrx_word' id='word_1_639' title='bbox 1315 3990 1360 4021; x_wconf 81' lang='lat'>“</span> <span class='ocrx_word' id='word_1_640' title='bbox 1390 4004 1446 4043; x_wconf 80' lang='grc' dir='ltr'>ιι.</span> <span class='ocrx_word' id='word_1_641' title='bbox 1479 3989 1571 4044; x_wconf 80' lang='lat'><strong>&#39;53.</strong></span> <span class='ocrx_word' id='word_1_642' title='bbox 1650 3990 1692 4021; x_wconf 83' lang='lat'>“</span> <span class='ocrx_word' id='word_1_643' title='bbox 1725 3988 1868 4045; x_wconf 84' lang='lat' dir='ltr'><strong>Psal.</strong></span> <span class='ocrx_word' id='word_1_644' title='bbox 1908 4007 2050 4058; x_wconf 79' lang='lat' dir='ltr'><strong>thv,</strong></span> <span class='ocrx_word' id='word_1_645' title='bbox 2077 3992 2131 4058; x_wconf 89' lang='lat'><strong>7,</strong></span> <span class='ocrx_word' id='word_1_646' title='bbox 2164 3992 2219 4048; x_wconf 90' lang='lat'><strong>8.</strong></span> 
     </span>
    </p>
   </div>
   <div class='ocr_carea' id='block_1_84' title="bbox 1829 4124 2996 4195">
    <p class='ocr_par' dir='ltr' id='par_1_84' title="bbox 1829 4124 2996 4195">
     <span class='ocr_line' id='line_1_84' title="bbox 1829 4124 2996 4195; baseline 0.001 -16"><span class='ocrx_word' id='word_1_647' title='bbox 1829 4140 1859 4179; x_wconf 93' lang='lat' dir='ltr'><strong>a</strong></span> <span class='ocrx_word' id='word_1_648' title='bbox 1898 4124 2166 4181; x_wconf 86' lang='lat' dir='ltr'><strong>sententia</strong></span> <span class='ocrx_word' id='word_1_649' title='bbox 2202 4125 2362 4195; x_wconf 78' lang='lat' dir='ltr'><strong>hujus</strong></span> <span class='ocrx_word' id='word_1_650' title='bbox 2398 4125 2499 4180; x_wconf 92' lang='lat' dir='ltr'><strong>loci</strong></span> <span class='ocrx_word' id='word_1_651' title='bbox 2524 4124 2685 4195; x_wconf 89' lang='lat' dir='ltr'><strong>longe</strong></span> <span class='ocrx_word' id='word_1_652' title='bbox 2714 4124 2996 4180; x_wconf 84' lang='lat' dir='ltr'><strong>aberrant.</strong></span> 
     </span>
    </p>
   </div>
   <div class='ocr_carea' id='block_1_85' title="bbox 1927 4195 2979 4267">
    <p class='ocr_par' dir='ltr' id='par_1_85' title="bbox 1927 4195 2979 4267">
     <span class='ocr_line' id='line_1_85' title="bbox 1927 4195 2979 4267; baseline -0.002 -18"><span class='ocrx_word' id='word_1_653' title='bbox 1927 4195 2040 4267; x_wconf 53' lang='grc' dir='ltr'><strong>δι’)</strong></span> <span class='ocrx_word' id='word_1_654' title='bbox 2067 4196 2265 4251; x_wconf 88' lang='lat' dir='ltr'><strong>Omisit</strong></span> <span class='ocrx_word' id='word_1_655' title='bbox 2284 4211 2475 4267; x_wconf 85' lang='lat' dir='ltr'><strong>errore</strong></span> <span class='ocrx_word' id='word_1_656' title='bbox 2498 4196 2768 4267; x_wconf 69' lang='lat' dir='ltr'><strong>Martinus.</strong></span> <span class='ocrx_word' id='word_1_657' title='bbox 2797 4195 2979 4267; x_wconf 68' lang='lat' dir='ltr'><strong>orto.</strong></span> 
     </span>
    </p>
   </div>
   <div class='ocr_carea' id='block_1_86' title="bbox 1901 4198 3421 4339">
    <p class='ocr_par' dir='ltr' id='par_1_86' title="bbox 1901 4198 3421 4339">
     <span class='ocr_line' id='line_1_86' title="bbox 1927 4198 2979 4267; baseline -0.002 -18"><span class='ocrx_word' id='word_1_658' title='bbox 1927 4198 2040 4267; x_wconf 72' lang='lat'><strong>62&#39;)</strong></span> <span class='ocrx_word' id='word_1_659' title='bbox 2067 4198 2265 4251; x_wconf 89' lang='lat' dir='ltr'><strong>Omisit</strong></span> <span class='ocrx_word' id='word_1_660' title='bbox 2284 4211 2475 4250; x_wconf 90' lang='lat' dir='ltr'><strong>errore</strong></span> <span class='ocrx_word' id='word_1_661' title='bbox 2498 4198 2768 4249; x_wconf 71' lang='lat' dir='ltr'><strong>Martinus.</strong></span> <span class='ocrx_word' id='word_1_662' title='bbox 2797 4198 2979 4250; x_wconf 84' lang='grc' dir='ltr'>Οττο.</span> 
     </span>
     <span class='ocr_line' id='line_1_87' title="bbox 1901 4198 3421 4339; baseline -0.003 -18"><span class='ocrx_word' id='word_1_663' title='bbox 1901 4198 2015 4339; x_wconf 54' lang='grc' dir='ltr'><strong>ἱϐδ)</strong></span> <span class='ocrx_word' id='word_1_664' title='bbox 2054 4264 2431 4339; x_wconf 28' lang='grc' dir='ltr'><strong>ΤὸνᾼΙΙατέρα</strong></span> <span class='ocrx_word' id='word_1_665' title='bbox 2464 4265 2588 4339; x_wconf 53' lang='grc' dir='ltr'><strong>τὸν</strong></span> <span class='ocrx_word' id='word_1_666' title='bbox 2632 4265 2812 4339; x_wconf 45' lang='grc' dir='ltr'><strong>ὅέωθξ.</strong></span> <span class='ocrx_word' id='word_1_667' title='bbox 2863 4264 3023 4339; x_wconf 56' lang='lat' dir='ltr'><strong>Legit</strong></span> <span class='ocrx_word' id='word_1_668' title='bbox 3071 4261 3421 4339; x_wconf 28' lang='lat' dir='ltr'><strong>Grgbius‘au</strong></span> 
     </span>
    </p>
   </div>
   <div class='ocr_carea' id='block_1_87' title="bbox 2014 4332 3415 4406">
    <p class='ocr_par' dir='ltr' id='par_1_87' title="bbox 2014 4332 3415 4406">
     <span class='ocr_line' id='line_1_88' title="bbox 2014 4332 3415 4406; baseline -0.003 -16"><span class='ocrx_word' id='word_1_669' title='bbox 2014 4354 2137 4406; x_wconf 86' lang='lat' dir='ltr'><strong>pag.</strong></span> <span class='ocrx_word' id='word_1_670' title='bbox 2177 4336 2303 4401; x_wconf 74' lang='lat'><strong>208,</strong></span> <span class='ocrx_word' id='word_1_671' title='bbox 2330 4332 2439 4389; x_wconf 86' lang='grc' dir='ltr'>τῶν</span> <span class='ocrx_word' id='word_1_672' title='bbox 2460 4336 2619 4389; x_wconf 85' lang='grc' dir='ltr'>ὅλων.</span> <span class='ocrx_word' id='word_1_673' title='bbox 2680 4336 2789 4389; x_wconf 85' lang='lat' dir='ltr'><strong>Sed</strong></span> <span class='ocrx_word' id='word_1_674' title='bbox 2825 4335 3096 4406; x_wconf 70' lang='lat' dir='ltr'><strong>observat</strong></span> <span class='ocrx_word' id='word_1_675' title='bbox 3117 4332 3415 4406; x_wconf 26' lang='lat' dir='ltr'><strong>iTlLirlbius</strong></span> 
     </span>
    </p>
   </div>
   <div class='ocr_carea' id='block_1_88' title="bbox 144 4403 1729 4477">
    <p class='ocr_par' dir='ltr' id='par_1_88' title="bbox 144 4403 1715 4477">
     <span class='ocr_line' id='line_1_89' title="bbox 144 4403 1715 4477; baseline 0.001 -19"><span class='ocrx_word' id='word_1_676' title='bbox 144 4406 536 4477; x_wconf 76' lang='lat' dir='ltr'><strong>madvertenda&#39;</strong></span> <span class='ocrx_word' id='word_1_677' title='bbox 574 4415 720 4459; x_wconf 89' lang='lat' dir='ltr'><strong>sunt.</strong></span> <span class='ocrx_word' id='word_1_678' title='bbox 752 4407 807 4458; x_wconf 80' lang='grc'><strong>1·</strong></span> <span class='ocrx_word' id='word_1_679' title='bbox 834 4403 1057 4459; x_wconf 81' lang='lat' dir='ltr'><strong>Fatetur</strong></span> <span class='ocrx_word' id='word_1_680' title='bbox 1079 4403 1396 4476; x_wconf 73' lang='lat' dir='ltr'><strong>Trypltonis</strong></span> <span class='ocrx_word' id='word_1_681' title='bbox 1426 4422 1637 4469; x_wconf 80' lang='lat' dir='ltr'><strong>comes.</strong></span> <span class='ocrx_word' id='word_1_682' title='bbox 1664 4408 1715 4459; x_wconf 91' lang='lat' dir='ltr'><strong>id</strong></span> 
     </span>
    </p>
   </div>
   <div class='ocr_carea' id='block_1_89' title="bbox 1834 4403 3423 4477">
    <p class='ocr_par' dir='ltr' id='par_1_89' title="bbox 1834 4403 3423 4477">
     <span class='ocr_line' id='line_1_90' title="bbox 1834 4403 3423 4477; baseline -0.003 -18"><span class='ocrx_word' id='word_1_683' title='bbox 1834 4409 1927 4477; x_wconf 83' lang='lat' dir='ltr'><strong>legi</strong></span> <span class='ocrx_word' id='word_1_684' title='bbox 1952 4403 2044 4461; x_wconf 77' lang='grc' dir='ltr'>τὸν</span> <span class='ocrx_word' id='word_1_685' title='bbox 2075 4403 2213 4460; x_wconf 75' lang='grc' dir='ltr'>ὅλων</span> <span class='ocrx_word' id='word_1_686' title='bbox 2250 4406 2389 4460; x_wconf 81' lang='lat' dir='ltr'><strong>infra</strong></span> <span class='ocrx_word' id='word_1_687' title='bbox 2417 4425 2470 4461; x_wconf 91' lang='grc' dir='ltr'>ιι.</span> <span class='ocrx_word' id='word_1_688' title='bbox 2502 4407 2593 4470; x_wconf 82' lang='grc'>61,</span> <span class='ocrx_word' id='word_1_689' title='bbox 2622 4416 2676 4459; x_wconf 88' lang='lat' dir='ltr'><strong>et</strong></span> <span class='ocrx_word' id='word_1_690' title='bbox 2706 4404 2947 4477; x_wconf 60' lang='lat' dir='ltr'><strong>ApolJ.</strong></span> <span class='ocrx_word' id='word_1_691' title='bbox 2984 4405 3167 4477; x_wconf 10' lang='lat'><strong>&quot;.7715.</strong></span> <span class='ocrx_word' id='word_1_692' title='bbox 3199 4403 3423 4457; x_wconf 80' lang='lat' dir='ltr'><strong>Fatetur</strong></span> 
     </span>
    </p>
   </div>
   <div class='ocr_carea' id='block_1_90' title="bbox 141 4474 3412 4545">
    <p class='ocr_par' dir='ltr' id='par_1_90' title="bbox 141 4474 3412 4545">
     <span class='ocr_line' id='line_1_91' title="bbox 141 4474 3412 4545; baseline -0 -19"><span class='ocrx_word' id='word_1_693' title='bbox 141 4477 281 4544; x_wconf 80' lang='lat' dir='ltr'><strong>quod</strong></span> <span class='ocrx_word' id='word_1_694' title='bbox 313 4474 560 4529; x_wconf 77' lang='lat' dir='ltr'><strong>Justinus</strong></span> <span class='ocrx_word' id='word_1_695' title='bbox 630 4486 912 4545; x_wconf 84' lang='lat' dir='ltr'><strong>tantopere</strong></span> <span class='ocrx_word' id='word_1_696' title='bbox 975 4474 1363 4537; x_wconf 75' lang='lat' dir='ltr'><strong>contendebat,</strong></span> <span class='ocrx_word' id='word_1_697' title='bbox 1425 4478 1563 4530; x_wconf 87' lang='lat' dir='ltr'><strong>duas</strong></span> <span class='ocrx_word' id='word_1_698' title='bbox 1596 4492 1717 4530; x_wconf 87' lang='lat' dir='ltr'><strong>esse</strong></span> <span class='ocrx_word' id='word_1_699' title='bbox 1823 4474 2009 4532; x_wconf 72' lang='lat' dir='ltr'><strong>tamen</strong></span> <span class='ocrx_word' id='word_1_700' title='bbox 2042 4479 2184 4532; x_wconf 82' lang='lat' dir='ltr'><strong>hanc</strong></span> <span class='ocrx_word' id='word_1_701' title='bbox 2206 4478 2672 4531; x_wconf 83' lang='lat' dir='ltr'><strong>constructionem</strong></span> <span class='ocrx_word' id='word_1_702' title='bbox 2706 4477 2759 4528; x_wconf 79' lang='grc' dir='ltr'><strong>ιιι</strong></span> <span class='ocrx_word' id='word_1_703' title='bbox 2796 4474 2919 4545; x_wconf 78' lang='lat' dir='ltr'><strong>aliis</strong></span> <span class='ocrx_word' id='word_1_704' title='bbox 2942 4476 3165 4527; x_wconf 81' lang='lat' dir='ltr'><strong>casibus</strong></span> <span class='ocrx_word' id='word_1_705' title='bbox 3194 4491 3303 4527; x_wconf 88' lang='lat' dir='ltr'><strong>ttou</strong></span> <span class='ocrx_word' id='word_1_706' title='bbox 3332 4491 3412 4527; x_wconf 53' lang='lat' dir='ltr'><strong>re-</strong></span> 
     </span>
    </p>
   </div>
   <div class='ocr_carea' id='block_1_91' title="bbox 141 4544 1719 4614">
    <p class='ocr_par' dir='ltr' id='par_1_91' title="bbox 141 4544 1719 4614">
     <span class='ocr_line' id='line_1_92' title="bbox 141 4544 1719 4614; baseline -0.001 -14"><span class='ocrx_word' id='word_1_707' title='bbox 141 4560 419 4614; x_wconf 78' lang='lat' dir='ltr'><strong>personas,</strong></span> <span class='ocrx_word' id='word_1_708' title='bbox 451 4548 649 4614; x_wconf 84' lang='lat' dir='ltr'><strong>quibus</strong></span> <span class='ocrx_word' id='word_1_709' title='bbox 676 4544 870 4600; x_wconf 84' lang='lat' dir='ltr'><strong>nomen</strong></span> <span class='ocrx_word' id='word_1_710' title='bbox 902 4547 1110 4600; x_wconf 87' lang='lat' dir='ltr'><strong>Domini</strong></span> <span class='ocrx_word' id='word_1_711' title='bbox 1140 4549 1375 4600; x_wconf 84' lang='lat' dir='ltr'><strong>dandum</strong></span> <span class='ocrx_word' id='word_1_712' title='bbox 1410 4544 1501 4600; x_wconf 80' lang='lat' dir='ltr'><strong>sit.</strong></span> <span class='ocrx_word' id='word_1_713' title='bbox 1528 4548 1586 4601; x_wconf 76' lang='grc'><strong>2·</strong></span> <span class='ocrx_word' id='word_1_714' title='bbox 1615 4548 1719 4599; x_wconf 97' lang='lat' dir='ltr'><strong>Sed</strong></span> 
     </span>
    </p>
   </div>
   <div class='ocr_carea' id='block_1_92' title="bbox 1828 4544 3417 4617">
    <p class='ocr_par' dir='ltr' id='par_1_92' title="bbox 1828 4544 3417 4617">
     <span class='ocr_line' id='line_1_93' title="bbox 1828 4544 3417 4617; baseline -0.003 -16"><span class='ocrx_word' id='word_1_715' title='bbox 1828 4550 1991 4615; x_wconf 88' lang='lat' dir='ltr'><strong>periri</strong></span> <span class='ocrx_word' id='word_1_716' title='bbox 2019 4552 2159 4617; x_wconf 91' lang='lat' dir='ltr'><strong>apud</strong></span> <span class='ocrx_word' id='word_1_717' title='bbox 2207 4547 2506 4611; x_wconf 80' lang='lat' dir='ltr'><strong>Justinum,</strong></span> <span class='ocrx_word' id='word_1_718' title='bbox 2549 4562 2614 4600; x_wconf 88' lang='lat' dir='ltr'><strong>ac</strong></span> <span class='ocrx_word' id='word_1_719' title='bbox 2654 4549 2779 4599; x_wconf 86' lang='lat' dir='ltr'><strong>inde</strong></span> <span class='ocrx_word' id='word_1_720' title='bbox 2807 4544 2995 4599; x_wconf 83' lang='lat' dir='ltr'><strong>Grabii</strong></span> <span class='ocrx_word' id='word_1_721' title='bbox 3045 4544 3417 4611; x_wconf 86' lang='lat' dir='ltr'><strong>conjecturam</strong></span> 
     </span>
    </p>
   </div>
   <div class='ocr_carea' id='block_1_93' title="bbox 143 4590 2170 4686">
    <p class='ocr_par' dir='ltr' id='par_1_93' title="bbox 143 4590 2170 4686">
     <span class='ocr_line' id='line_1_94' title="bbox 143 4590 2170 4686; baseline 0.001 -17"><span class='ocrx_word' id='word_1_722' title='bbox 143 4590 304 4670; x_wconf 70' lang='lat' dir='ltr'><strong>ictam</strong></span> <span class='ocrx_word' id='word_1_723' title='bbox 343 4590 556 4671; x_wconf 59' lang='lat' dir='ltr'><strong>reitt&#39;sic</strong></span> <span class='ocrx_word' id='word_1_724' title='bbox 586 4618 1001 4685; x_wconf 88' lang='lat' dir='ltr'><strong>interpretatur,</strong></span> <span class='ocrx_word' id='word_1_725' title='bbox 1040 4618 1194 4684; x_wconf 85' lang='lat' dir='ltr'><strong>quasi</strong></span> <span class='ocrx_word' id='word_1_726' title='bbox 1252 4619 1591 4686; x_wconf 83' lang='lat' dir='ltr'><strong>angelorum,</strong></span> <span class='ocrx_word' id='word_1_727' title='bbox 1626 4618 1717 4685; x_wconf 92' lang='lat' dir='ltr'><strong>qui</strong></span> <span class='ocrx_word' id='word_1_728' title='bbox 1754 4590 1800 4647; x_wconf 72' lang='grc' dir='ltr'><strong>θ</strong></span> <span class='ocrx_word' id='word_1_729' title='bbox 1829 4590 2170 4673; x_wconf 54' lang='grc' dir='ltr'><strong>¹(ἶοιιίὶιοιιῖξιι-ἰ.</strong></span> 
     </span>
    </p>
   </div>
   <div class='ocr_carea' id='block_1_94' title="bbox 141 4687 1724 4757">
    <p class='ocr_par' dir='ltr' id='par_1_94' title="bbox 141 4687 1724 4757">
     <span class='ocr_line' id='line_1_95' title="bbox 141 4687 1724 4757; baseline 0.001 -17"><span class='ocrx_word' id='word_1_730' title='bbox 141 4687 369 4740; x_wconf 78' lang='lat' dir='ltr'><strong>Sodoma</strong></span> <span class='ocrx_word' id='word_1_731' title='bbox 404 4687 702 4757; x_wconf 87' lang='lat' dir='ltr'><strong>petierunt,</strong></span> <span class='ocrx_word' id='word_1_732' title='bbox 724 4688 863 4740; x_wconf 86' lang='lat' dir='ltr'><strong>alter</strong></span> <span class='ocrx_word' id='word_1_733' title='bbox 893 4688 1197 4757; x_wconf 87' lang='lat' dir='ltr'><strong>appelletur</strong></span> <span class='ocrx_word' id='word_1_734' title='bbox 1238 4688 1501 4757; x_wconf 85' lang='lat' dir='ltr'><strong>Dominus</strong></span> <span class='ocrx_word' id='word_1_735' title='bbox 1527 4699 1724 4755; x_wconf 63' lang='lat' dir='ltr'><strong>praeter</strong></span> 
     </span>
    </p>
   </div>
   <div class='ocr_carea' id='block_1_95' title="bbox 143 4756 1725 4827">
    <p class='ocr_par' dir='ltr' id='par_1_95' title="bbox 143 4756 1725 4827">
     <span class='ocr_line' id='line_1_96' title="bbox 143 4756 1725 4827; baseline 0.001 -18"><span class='ocrx_word' id='word_1_736' title='bbox 143 4764 311 4827; x_wconf 88' lang='lat' dir='ltr'><strong>ipsum</strong></span> <span class='ocrx_word' id='word_1_737' title='bbox 338 4757 571 4811; x_wconf 69' lang='lat' dir='ltr'><strong>Abrahae</strong></span> <span class='ocrx_word' id='word_1_738' title='bbox 602 4756 959 4825; x_wconf 75' lang='lat' dir='ltr'><strong>conspectum</strong></span> <span class='ocrx_word' id='word_1_739' title='bbox 1004 4758 1193 4812; x_wconf 91' lang='lat' dir='ltr'><strong>Deum.</strong></span> <span class='ocrx_word' id='word_1_740' title='bbox 1248 4756 1361 4811; x_wconf 90' lang='lat' dir='ltr'><strong>Duo</strong></span> <span class='ocrx_word' id='word_1_741' title='bbox 1388 4758 1599 4826; x_wconf 87' lang='lat' dir='ltr'><strong>pariter</strong></span> <span class='ocrx_word' id='word_1_742' title='bbox 1629 4758 1725 4811; x_wconf 85' lang='lat' dir='ltr'><strong>ob-</strong></span> 
     </span>
    </p>
   </div>
   <div class='ocr_carea' id='block_1_96' title="bbox 135 4827 1725 4896">
    <p class='ocr_par' dir='ltr' id='par_1_96' title="bbox 135 4827 1725 4896">
     <span class='ocr_line' id='line_1_97' title="bbox 135 4827 1725 4896; baseline 0 -15"><span class='ocrx_word' id='word_1_743' title='bbox 135 4831 399 4881; x_wconf 81' lang='lat' dir='ltr'><strong>servanda</strong></span> <span class='ocrx_word' id='word_1_744' title='bbox 438 4827 702 4880; x_wconf 74' lang='lat' dir='ltr'><strong>inJustint</strong></span> <span class='ocrx_word' id='word_1_745' title='bbox 734 4828 1117 4896; x_wconf 82' lang='lat' dir='ltr'><strong>responsione;</strong></span> <span class='ocrx_word' id='word_1_746' title='bbox 1151 4829 1411 4881; x_wconf 85' lang='lat' dir='ltr'><strong>laudatet</strong></span> <span class='ocrx_word' id='word_1_747' title='bbox 1434 4828 1725 4881; x_wconf 83' lang='lat' dir='ltr'><strong>eoulirmat</strong></span> 
     </span>
    </p>
   </div>
   <div class='ocr_carea' id='block_1_97' title="bbox 142 4897 1721 4967">
    <p class='ocr_par' dir='ltr' id='par_1_97' title="bbox 142 4897 1721 4967">
     <span class='ocr_line' id='line_1_98' title="bbox 142 4897 1721 4967; baseline 0.002 -20"><span class='ocrx_word' id='word_1_748' title='bbox 142 4900 212 4963; x_wconf 83' lang='lat' dir='ltr'><strong>id,</strong></span> <span class='ocrx_word' id='word_1_749' title='bbox 250 4901 393 4966; x_wconf 86' lang='lat' dir='ltr'><strong>quod</strong></span> <span class='ocrx_word' id='word_1_750' title='bbox 430 4897 742 4967; x_wconf 75' lang='lat' dir='ltr'><strong>Trypltouis</strong></span> <span class='ocrx_word' id='word_1_751' title='bbox 799 4900 982 4952; x_wconf 87' lang='lat' dir='ltr'><strong>socius</strong></span> <span class='ocrx_word' id='word_1_752' title='bbox 1041 4903 1345 4952; x_wconf 73' lang='lat' dir='ltr'><strong>concedere</strong></span> <span class='ocrx_word' id='word_1_753' title='bbox 1407 4898 1721 4961; x_wconf 73' lang='lat' dir='ltr'><strong>videbatur,</strong></span> 
     </span>
    </p>
   </div>
   <div class='ocr_carea' id='block_1_98' title="bbox 140 4969 1717 5036">
    <p class='ocr_par' dir='ltr' id='par_1_98' title="bbox 140 4969 1717 5036">
     <span class='ocr_line' id='line_1_99' title="bbox 140 4969 1717 5036; baseline -0.001 -16"><span class='ocrx_word' id='word_1_754' title='bbox 140 4970 302 5021; x_wconf 70' lang='lat' dir='ltr'><strong>altum</strong></span> <span class='ocrx_word' id='word_1_755' title='bbox 346 4986 486 5029; x_wconf 71' lang='lat' dir='ltr'><strong>esse,</strong></span> <span class='ocrx_word' id='word_1_756' title='bbox 551 4980 745 5036; x_wconf 78' lang='lat' dir='ltr'><strong>pra:ter</strong></span> <span class='ocrx_word' id='word_1_757' title='bbox 790 4969 1111 5023; x_wconf 77' lang='lat' dir='ltr'><strong>Creatorem</strong></span> <span class='ocrx_word' id='word_1_758' title='bbox 1163 4971 1549 5022; x_wconf 82' lang='lat' dir='ltr'><strong>universorum</strong></span> <span class='ocrx_word' id='word_1_759' title='bbox 1580 5009 1592 5028; x_wconf 85' lang='grc'><strong>,</strong></span> <span class='ocrx_word' id='word_1_760' title='bbox 1622 4971 1717 5036; x_wconf 85' lang='lat' dir='ltr'><strong>qui</strong></span> 
     </span>
    </p>
   </div>
   <div class='ocr_carea' id='block_1_99' title="bbox 140 5037 1723 5107">
    <p class='ocr_par' dir='ltr' id='par_1_99' title="bbox 140 5037 1723 5107">
     <span class='ocr_line' id='line_1_100' title="bbox 140 5037 1723 5107; baseline 0 -16"><span class='ocrx_word' id='word_1_761' title='bbox 140 5038 396 5091; x_wconf 86' lang='lat' dir='ltr'><strong>Dominus</strong></span> <span class='ocrx_word' id='word_1_762' title='bbox 438 5056 464 5089; x_wconf 75' lang='grc' dir='ltr'><strong>ιι</strong></span> <span class='ocrx_word' id='word_1_763' title='bbox 499 5037 782 5106; x_wconf 81' lang='lat' dir='ltr'><strong>Scriptura</strong></span> <span class='ocrx_word' id='word_1_764' title='bbox 810 5041 1057 5105; x_wconf 87' lang='lat' dir='ltr'><strong>dicatur;</strong></span> <span class='ocrx_word' id='word_1_765' title='bbox 1094 5041 1291 5093; x_wconf 84' lang='lat' dir='ltr'><strong>deinde</strong></span> <span class='ocrx_word' id='word_1_766' title='bbox 1344 5037 1723 5107; x_wconf 78' lang='lat' dir='ltr'><strong>promittit‘se</strong></span> 
     </span>
    </p>
   </div>
   <div class='ocr_carea' id='block_1_100' title="bbox 137 5110 1723 5177">
    <p class='ocr_par' dir='ltr' id='par_1_100' title="bbox 137 5110 1723 5177">
     <span class='ocr_line' id='line_1_101' title="bbox 137 5110 1723 5177; baseline -0.002 -14"><span class='ocrx_word' id='word_1_767' title='bbox 137 5112 658 5171; x_wconf 87' lang='lat' dir='ltr'><strong>demonstraturum,</strong></span> <span class='ocrx_word' id='word_1_768' title='bbox 723 5126 827 5163; x_wconf 90' lang='lat' dir='ltr'><strong>non</strong></span> <span class='ocrx_word' id='word_1_769' title='bbox 868 5110 1096 5163; x_wconf 82' lang='lat' dir='ltr'><strong>alterum</strong></span> <span class='ocrx_word' id='word_1_770' title='bbox 1132 5128 1198 5163; x_wconf 81' lang='lat' dir='ltr'><strong>ex</strong></span> <span class='ocrx_word' id='word_1_771' title='bbox 1228 5112 1436 5163; x_wconf 90' lang='lat' dir='ltr'><strong>duobus</strong></span> <span class='ocrx_word' id='word_1_772' title='bbox 1493 5110 1723 5177; x_wconf 77' lang='lat' dir='ltr'><strong>angelis,</strong></span> 
     </span>
    </p>
   </div>
   <div class='ocr_carea' id='block_1_101' title="bbox 134 5180 1727 5250">
    <p class='ocr_par' dir='ltr' id='par_1_101' title="bbox 134 5180 1727 5250">
     <span class='ocr_line' id='line_1_102' title="bbox 134 5180 1727 5250; baseline 0.003 -19"><span class='ocrx_word' id='word_1_773' title='bbox 134 5182 222 5249; x_wconf 85' lang='lat' dir='ltr'><strong>qui</strong></span> <span class='ocrx_word' id='word_1_774' title='bbox 257 5180 489 5233; x_wconf 80' lang='lat' dir='ltr'><strong>Sodoma</strong></span> <span class='ocrx_word' id='word_1_775' title='bbox 548 5187 854 5247; x_wconf 77' lang='lat' dir='ltr'><strong>petierunt,</strong></span> <span class='ocrx_word' id='word_1_776' title='bbox 890 5196 919 5233; x_wconf 91' lang='lat' dir='ltr'><strong>a</strong></span> <span class='ocrx_word' id='word_1_777' title='bbox 954 5180 1241 5250; x_wconf 84' lang='lat' dir='ltr'><strong>Scriptura</strong></span> <span class='ocrx_word' id='word_1_778' title='bbox 1292 5181 1581 5233; x_wconf 88' lang='lat' dir='ltr'><strong>Dominum</strong></span> <span class='ocrx_word' id='word_1_779' title='bbox 1639 5194 1727 5235; x_wconf 67' lang='grc' dir='ltr'>νο·</span> 
     </span>
    </p>
   </div>
   <div class='ocr_carea' id='block_1_102' title="bbox 137 5250 1730 5319">
    <p class='ocr_par' dir='ltr' id='par_1_102' title="bbox 137 5250 1730 5319">
     <span class='ocr_line' id='line_1_103' title="bbox 137 5250 1730 5319; baseline 0 -17"><span class='ocrx_word' id='word_1_780' title='bbox 137 5250 273 5315; x_wconf 88' lang='lat' dir='ltr'><strong>cari,</strong></span> <span class='ocrx_word' id='word_1_781' title='bbox 296 5251 389 5302; x_wconf 83' lang='lat' dir='ltr'><strong>sed</strong></span> <span class='ocrx_word' id='word_1_782' title='bbox 424 5265 547 5303; x_wconf 88' lang='lat' dir='ltr'><strong>eum</strong></span> <span class='ocrx_word' id='word_1_783' title='bbox 578 5253 669 5319; x_wconf 85' lang='lat' dir='ltr'><strong>qui</strong></span> <span class='ocrx_word' id='word_1_784' title='bbox 704 5268 824 5305; x_wconf 85' lang='lat' dir='ltr'><strong>cum</strong></span> <span class='ocrx_word' id='word_1_785' title='bbox 855 5253 961 5305; x_wconf 91' lang='lat' dir='ltr'><strong>illis</strong></span> <span class='ocrx_word' id='word_1_786' title='bbox 980 5263 1120 5314; x_wconf 71' lang='lat' dir='ltr'><strong>erat,</strong></span> <span class='ocrx_word' id='word_1_787' title='bbox 1145 5252 1345 5319; x_wconf 88' lang='lat' dir='ltr'><strong>quique</strong></span> <span class='ocrx_word' id='word_1_788' title='bbox 1377 5250 1519 5305; x_wconf 81' lang='lat' dir='ltr'><strong>Deus</strong></span> <span class='ocrx_word' id='word_1_789' title='bbox 1560 5253 1730 5303; x_wconf 73' lang='lat' dir='ltr'><strong>Abra-</strong></span> 
     </span>
    </p>
   </div>
   <div class='ocr_carea' id='block_1_103' title="bbox 136 5320 1726 5391">
    <p class='ocr_par' dir='ltr' id='par_1_103' title="bbox 136 5320 1726 5391">
     <span class='ocr_line' id='line_1_104' title="bbox 136 5320 1726 5391; baseline 0.002 -19"><span class='ocrx_word' id='word_1_790' title='bbox 136 5323 216 5373; x_wconf 70' lang='lat' dir='ltr'><strong>ba:</strong></span> <span class='ocrx_word' id='word_1_791' title='bbox 251 5324 392 5372; x_wconf 76' lang='lat' dir='ltr'><strong>tisns</strong></span> <span class='ocrx_word' id='word_1_792' title='bbox 419 5322 641 5377; x_wconf 81' lang='lat' dir='ltr'><strong>dicitur.</strong></span> <span class='ocrx_word' id='word_1_793' title='bbox 676 5323 901 5377; x_wconf 89' lang='lat' dir='ltr'><strong>Snmuta</strong></span> <span class='ocrx_word' id='word_1_794' title='bbox 936 5338 1069 5389; x_wconf 74' lang='lat' dir='ltr'><strong>ergo</strong></span> <span class='ocrx_word' id='word_1_795' title='bbox 1110 5325 1257 5377; x_wconf 90' lang='lat' dir='ltr'><strong>inter</strong></span> <span class='ocrx_word' id='word_1_796' title='bbox 1286 5320 1486 5375; x_wconf 81' lang='lat' dir='ltr'><strong>Justini</strong></span> <span class='ocrx_word' id='word_1_797' title='bbox 1520 5330 1575 5375; x_wconf 90' lang='lat' dir='ltr'><strong>et</strong></span> <span class='ocrx_word' id='word_1_798' title='bbox 1606 5322 1726 5391; x_wconf 84' lang='lat' dir='ltr'><strong>ejus</strong></span> 
     </span>
    </p>
   </div>
   <div class='ocr_carea' id='block_1_104' title="bbox 136 5393 1079 5448">
    <p class='ocr_par' dir='ltr' id='par_1_104' title="bbox 136 5393 1079 5448">
     <span class='ocr_line' id='line_1_105' title="bbox 136 5393 1079 5448; baseline 0.004 -6"><span class='ocrx_word' id='word_1_799' title='bbox 136 5393 569 5444; x_wconf 81' lang='lat' dir='ltr'><strong>adversariorum</strong></span> <span class='ocrx_word' id='word_1_800' title='bbox 597 5394 739 5446; x_wconf 85' lang='lat' dir='ltr'><strong>dicta</strong></span> <span class='ocrx_word' id='word_1_801' title='bbox 767 5396 1079 5448; x_wconf 87' lang='lat' dir='ltr'><strong>consensio.</strong></span> 
     </span>
    </p>
   </div>
   <div class='ocr_carea' id='block_1_105' title="bbox 209 5461 1723 5533">
    <p class='ocr_par' dir='ltr' id='par_1_105' title="bbox 209 5461 1723 5533">
     <span class='ocr_line' id='line_1_106' title="bbox 209 5461 1723 5533; baseline -0.001 -20"><span class='ocrx_word' id='word_1_802' title='bbox 209 5461 321 5529; x_wconf 67' lang='lat' dir='ltr'><strong>(bi)</strong></span> <span class='ocrx_word' id='word_1_803' title='bbox 378 5461 486 5513; x_wconf 77' lang='grc' dir='ltr'>Καὶ</span> <span class='ocrx_word' id='word_1_804' title='bbox 520 5462 738 5528; x_wconf 80' lang='grc' dir='ltr'>Κύριον</span> <span class='ocrx_word' id='word_1_805' title='bbox 796 5464 924 5517; x_wconf 78' lang='grc' dir='ltr'><strong>ἕνα.</strong></span> <span class='ocrx_word' id='word_1_806' title='bbox 996 5464 1223 5519; x_wconf 79' lang='lat' dir='ltr'><strong>Frustra</strong></span> <span class='ocrx_word' id='word_1_807' title='bbox 1282 5463 1723 5533; x_wconf 87' lang='lat' dir='ltr'><strong>conjunctionem</strong></span> 
     </span>
    </p>
   </div>
   <div class='ocr_carea' id='block_1_106' title="bbox 136 5534 1727 5604">
    <p class='ocr_par' dir='ltr' id='par_1_106' title="bbox 136 5534 1727 5604">
     <span class='ocr_line' id='line_1_107' title="bbox 136 5534 1727 5604; baseline 0.001 -20"><span class='ocrx_word' id='word_1_808' title='bbox 136 5544 446 5603; x_wconf 69' lang='lat' dir='ltr'><strong>&#39;f\ptlltgltlll</strong></span> <span class='ocrx_word' id='word_1_809' title='bbox 485 5534 830 5601; x_wconf 84' lang='lat' dir='ltr'><strong>interpretes.</strong></span> <span class='ocrx_word' id='word_1_810' title='bbox 876 5536 1165 5604; x_wconf 80' lang='lat' dir='ltr'><strong>Siguilicat</strong></span> <span class='ocrx_word' id='word_1_811' title='bbox 1188 5538 1330 5589; x_wconf 88' lang='lat' dir='ltr'><strong>enim</strong></span> <span class='ocrx_word' id='word_1_812' title='bbox 1357 5552 1503 5597; x_wconf 71' lang='lat' dir='ltr'><strong>eum,</strong></span> <span class='ocrx_word' id='word_1_813' title='bbox 1529 5537 1595 5585; x_wconf 86' lang='lat' dir='ltr'><strong>de</strong></span> <span class='ocrx_word' id='word_1_814' title='bbox 1620 5548 1727 5599; x_wconf 91' lang='lat' dir='ltr'><strong>quo</strong></span> 
     </span>
    </p>
   </div>
   <div class='ocr_carea' id='block_1_107' title="bbox 138 5604 1724 5673">
    <p class='ocr_par' dir='ltr' id='par_1_107' title="bbox 138 5604 1724 5673">
     <span class='ocr_line' id='line_1_108' title="bbox 138 5604 1724 5673; baseline 0.001 -21"><span class='ocrx_word' id='word_1_815' title='bbox 138 5604 225 5655; x_wconf 80' lang='lat' dir='ltr'><strong>hic</strong></span> <span class='ocrx_word' id='word_1_816' title='bbox 253 5616 453 5673; x_wconf 65' lang='lat' dir='ltr'><strong>agitur,</strong></span> <span class='ocrx_word' id='word_1_817' title='bbox 480 5620 583 5655; x_wconf 91' lang='lat' dir='ltr'><strong>non</strong></span> <span class='ocrx_word' id='word_1_818' title='bbox 616 5605 786 5657; x_wconf 86' lang='lat' dir='ltr'><strong>solum</strong></span> <span class='ocrx_word' id='word_1_819' title='bbox 814 5610 1090 5673; x_wconf 80' lang='lat' dir='ltr'><strong>angelum,</strong></span> <span class='ocrx_word' id='word_1_820' title='bbox 1122 5610 1213 5660; x_wconf 89' lang='lat' dir='ltr'><strong>sed</strong></span> <span class='ocrx_word' id='word_1_821' title='bbox 1239 5608 1400 5659; x_wconf 78' lang='lat' dir='ltr'><strong>etiam</strong></span> <span class='ocrx_word' id='word_1_822' title='bbox 1436 5606 1724 5657; x_wconf 79' lang='lat' dir='ltr'><strong>Dominum</strong></span> 
     </span>
    </p>
   </div>
   <div class='ocr_carea' id='block_1_108' title="bbox 137 5672 1727 5749">
    <p class='ocr_par' dir='ltr' id='par_1_108' title="bbox 137 5672 1727 5749">
     <span class='ocr_line' id='line_1_109' title="bbox 137 5672 1727 5749; baseline 0.001 -25"><span class='ocrx_word' id='word_1_823' title='bbox 137 5675 333 5749; x_wconf 78' lang='lat' dir='ltr'><strong>v_oc_ari.</strong></span> <span class='ocrx_word' id='word_1_824' title='bbox 361 5672 663 5749; x_wconf 68' lang='lat' dir='ltr'><strong>Legemlum</strong></span> <span class='ocrx_word' id='word_1_825' title='bbox 686 5672 1189 5749; x_wconf 62' lang='lat' dir='ltr'><strong>putatSylburgius,</strong></span> <span class='ocrx_word' id='word_1_826' title='bbox 1205 5677 1399 5749; x_wconf 76' lang='grc' dir='ltr'>Τρίτον</span> <span class='ocrx_word' id='word_1_827' title='bbox 1418 5672 1727 5749; x_wconf 31' lang='grc' dir='ltr'>καὶ-Κύριον</span> 
     </span>
    </p>
   </div>
   <div class='ocr_carea' id='block_1_109' title="bbox 138 5742 1724 5813">
    <p class='ocr_par' dir='ltr' id='par_1_109' title="bbox 138 5742 1724 5813">
     <span class='ocr_line' id='line_1_110' title="bbox 138 5742 1724 5813; baseline 0.003 -20"><span class='ocrx_word' id='word_1_828' title='bbox 138 5742 385 5813; x_wconf 74' lang='grc' dir='ltr'>ῲνὸμασε</span> <span class='ocrx_word' id='word_1_829' title='bbox 426 5742 573 5813; x_wconf 72' lang='grc' dir='ltr'>παρὰ</span> <span class='ocrx_word' id='word_1_830' title='bbox 607 5745 695 5797; x_wconf 76' lang='grc' dir='ltr'>τὸν</span> <span class='ocrx_word' id='word_1_831' title='bbox 728 5745 822 5797; x_wconf 71' lang='grc' dir='ltr'>ἕνα</span> <span class='ocrx_word' id='word_1_832' title='bbox 844 5787 857 5809; x_wconf 91' lang='grc'><strong>,</strong></span> <span class='ocrx_word' id='word_1_833' title='bbox 891 5742 1079 5799; x_wconf 72' lang='grc' dir='ltr'>τοῦτον</span> <span class='ocrx_word' id='word_1_834' title='bbox 1113 5748 1205 5800; x_wconf 71' lang='grc' dir='ltr'><strong>καὶ</strong></span> <span class='ocrx_word' id='word_1_835' title='bbox 1236 5742 1370 5800; x_wconf 76' lang='grc' dir='ltr'>Θεὸν</span> <span class='ocrx_word' id='word_1_836' title='bbox 1401 5747 1583 5806; x_wconf 69' lang='grc' dir='ltr'>αὐτόν,</span> <span class='ocrx_word' id='word_1_837' title='bbox 1617 5742 1724 5797; x_wconf 72' lang='lat' dir='ltr'><strong>etc.</strong></span> 
     </span>
    </p>
   </div>
   <div class='ocr_carea' id='block_1_110' title="bbox 144 5812 1726 5888">
    <p class='ocr_par' dir='ltr' id='par_1_110' title="bbox 144 5812 1726 5888">
     <span class='ocr_line' id='line_1_111' title="bbox 144 5812 1726 5888; baseline 0.001 -23"><span class='ocrx_word' id='word_1_838' title='bbox 144 5812 235 5888; x_wconf 58' lang='grc' dir='ltr'>γει</span> <span class='ocrx_word' id='word_1_839' title='bbox 287 5816 387 5888; x_wconf 82' lang='lat' dir='ltr'><strong>ltoe</strong></span> <span class='ocrx_word' id='word_1_840' title='bbox 439 5812 608 5888; x_wconf 67' lang='grc' dir='ltr'><strong>Διιιοιίο</strong></span> <span class='ocrx_word' id='word_1_841' title='bbox 658 5836 668 5868; x_wconf 95' lang='lat'>:</span> <span class='ocrx_word' id='word_1_842' title='bbox 709 5817 817 5868; x_wconf 77' lang='grc' dir='ltr'>Καὶ</span> <span class='ocrx_word' id='word_1_843' title='bbox 852 5817 1054 5888; x_wconf 83' lang='grc' dir='ltr'>Κύριον</span> <span class='ocrx_word' id='word_1_844' title='bbox 1104 5817 1395 5888; x_wconf 81' lang='grc' dir='ltr'>ὠνόμασε,</span> <span class='ocrx_word' id='word_1_845' title='bbox 1455 5817 1603 5888; x_wconf 74' lang='grc' dir='ltr'>παρὰ</span> <span class='ocrx_word' id='word_1_846' title='bbox 1635 5814 1726 5867; x_wconf 77' lang='grc' dir='ltr'>τὸν</span> 
     </span>
    </p>
   </div>
   <div class='ocr_carea' id='block_1_111' title="bbox 144 5883 1722 5973">
    <p class='ocr_par' dir='ltr' id='par_1_111' title="bbox 144 5883 1722 5973">
     <span class='ocr_line' id='line_1_112' title="bbox 144 5883 1722 5973; baseline 0.003 -39"><span class='ocrx_word' id='word_1_847' title='bbox 144 5883 267 5954; x_wconf 61' lang='lat' dir='ltr'><strong>in,</strong></span> <span class='ocrx_word' id='word_1_848' title='bbox 304 5887 394 5936; x_wconf 64' lang='grc' dir='ltr'><strong>γπῖ</strong></span> <span class='ocrx_word' id='word_1_849' title='bbox 428 5885 577 5949; x_wconf 66' lang='grc' dir='ltr'>θεὸν,</span> <span class='ocrx_word' id='word_1_850' title='bbox 616 5888 702 5940; x_wconf 62' lang='grc' dir='ltr'><strong>τὸν</strong></span> <span class='ocrx_word' id='word_1_851' title='bbox 747 5887 904 5941; x_wconf 64' lang='grc' dir='ltr'>αὑτὸν</span> <span class='ocrx_word' id='word_1_852' title='bbox 937 5883 1025 5941; x_wconf 69' lang='grc' dir='ltr'><strong>τὸν</strong></span> <span class='ocrx_word' id='word_1_853' title='bbox 1060 5883 1310 5973; x_wconf 57' lang='grc' dir='ltr'>ὁςθέντα,</span> <span class='ocrx_word' id='word_1_854' title='bbox 1337 5901 1437 5945; x_wconf 82' lang='lat' dir='ltr'><strong>ctc.</strong></span> <span class='ocrx_word' id='word_1_855' title='bbox 1471 5883 1575 5941; x_wconf 52' lang='lat' dir='ltr'><strong>Se&#39;d</strong></span> <span class='ocrx_word' id='word_1_856' title='bbox 1613 5887 1722 5940; x_wconf 67' lang='lat' dir='ltr'><strong>hau.-</strong></span> 
     </span>
    </p>
   </div>
   <div class='ocr_carea' id='block_1_112' title="bbox 1901 4683 3421 4760">
    <p class='ocr_par' dir='ltr' id='par_1_112' title="bbox 1901 4683 3421 4760">
     <span class='ocr_line' id='line_1_113' title="bbox 1901 4683 3421 4760; baseline -0.004 -17"><span class='ocrx_word' id='word_1_857' title='bbox 1901 4688 2015 4760; x_wconf 62' lang='grc'><strong>(65)</strong></span> <span class='ocrx_word' id='word_1_858' title='bbox 2051 4688 2309 4754; x_wconf 79' lang='grc' dir='ltr'><strong>Οὐδενὸς</strong></span> <span class='ocrx_word' id='word_1_859' title='bbox 2324 4686 2684 4760; x_wconf 53' lang='grc' dir='ltr'><strong>οὐδέποτε..Ἴ</strong></span> <span class='ocrx_word' id='word_1_860' title='bbox 2706 4687 3068 4760; x_wconf 69' lang='grc' dir='ltr'>ἀκηκόαμεν.</span> <span class='ocrx_word' id='word_1_861' title='bbox 3089 4683 3421 4760; x_wconf 33' lang='lat' dir='ltr'><strong>Recens‘Sm</strong></span> 
     </span>
    </p>
   </div>
   <div class='ocr_carea' id='block_1_113' title="bbox 1828 4756 3419 4829">
    <p class='ocr_par' dir='ltr' id='par_1_113' title="bbox 1828 4756 3419 4829">
     <span class='ocr_line' id='line_1_114' title="bbox 1828 4756 3419 4829; baseline -0.004 -15"><span class='ocrx_word' id='word_1_862' title='bbox 1828 4756 2100 4820; x_wconf 82' lang='lat' dir='ltr'><strong>cinianus.</strong></span> <span class='ocrx_word' id='word_1_863' title='bbox 2127 4760 2218 4829; x_wconf 90' lang='lat' dir='ltr'><strong>qui</strong></span> <span class='ocrx_word' id='word_1_864' title='bbox 2264 4761 2368 4813; x_wconf 89' lang='lat' dir='ltr'><strong>sibi</strong></span> <span class='ocrx_word' id='word_1_865' title='bbox 2410 4758 2710 4811; x_wconf 80' lang='lat' dir='ltr'><strong>Artemonii</strong></span> <span class='ocrx_word' id='word_1_866' title='bbox 2753 4772 2947 4811; x_wconf 92' lang='lat' dir='ltr'><strong>nomen</strong></span> <span class='ocrx_word' id='word_1_867' title='bbox 2984 4756 3273 4829; x_wconf 63' lang='lat' dir='ltr'><strong>itttposttil!</strong></span> <span class='ocrx_word' id='word_1_868' title='bbox 3300 4756 3419 4829; x_wconf 73' lang='lat' dir='ltr'><strong>haec</strong></span> 
     </span>
    </p>
   </div>
   <div class='ocr_carea' id='block_1_114' title="bbox 1829 4825 3420 4901">
    <p class='ocr_par' dir='ltr' id='par_1_114' title="bbox 1829 4825 3420 4901">
     <span class='ocr_line' id='line_1_115' title="bbox 1829 4825 3420 4901; baseline -0.004 -17"><span class='ocrx_word' id='word_1_869' title='bbox 1829 4825 2596 4901; x_wconf 50' lang='lat' dir='ltr'><strong>&#39;l&#39;rypltonis&#39;verlraarripuit</strong></span> <span class='ocrx_word' id='word_1_870' title='bbox 2627 4832 2789 4901; x_wconf 82' lang='lat' dir='ltr'><strong>(part.</strong></span> <span class='ocrx_word' id='word_1_871' title='bbox 2823 4843 2884 4889; x_wconf 85' lang='lat' dir='ltr'><strong>tt,</strong></span> <span class='ocrx_word' id='word_1_872' title='bbox 2920 4842 2969 4881; x_wconf 92' lang='lat' dir='ltr'><strong>c.</strong></span> <span class='ocrx_word' id='word_1_873' title='bbox 3003 4825 3208 4901; x_wconf 74' lang='lat' dir='ltr'><strong>lS)._ut</strong></span> <span class='ocrx_word' id='word_1_874' title='bbox 3247 4825 3420 4901; x_wconf 80' lang='lat' dir='ltr'><strong>Justi-</strong></span> 
     </span>
    </p>
   </div>
   <div class='ocr_carea' id='block_1_115' title="bbox 1831 4897 3419 4968">
    <p class='ocr_par' dir='ltr' id='par_1_115' title="bbox 1831 4897 3419 4968">
     <span class='ocr_line' id='line_1_116' title="bbox 1831 4897 3419 4968; baseline -0.005 -14"><span class='ocrx_word' id='word_1_875' title='bbox 1831 4897 1958 4954; x_wconf 83' lang='lat' dir='ltr'><strong>nuin</strong></span> <span class='ocrx_word' id='word_1_876' title='bbox 1988 4901 2180 4968; x_wconf 87' lang='lat' dir='ltr'><strong>probet</strong></span> <span class='ocrx_word' id='word_1_877' title='bbox 2221 4916 2251 4953; x_wconf 90' lang='lat' dir='ltr'><strong>e</strong></span> <span class='ocrx_word' id='word_1_878' title='bbox 2290 4899 2533 4953; x_wconf 86' lang='lat' dir='ltr'><strong>Platonis</strong></span> <span class='ocrx_word' id='word_1_879' title='bbox 2578 4897 2763 4951; x_wconf 86' lang='lat' dir='ltr'><strong>scltola</strong></span> <span class='ocrx_word' id='word_1_880' title='bbox 2797 4913 2990 4951; x_wconf 80' lang='lat' dir='ltr'><strong>novam</strong></span> <span class='ocrx_word' id='word_1_881' title='bbox 3036 4908 3091 4949; x_wconf 90' lang='lat' dir='ltr'><strong>et</strong></span> <span class='ocrx_word' id='word_1_882' title='bbox 3119 4898 3419 4968; x_wconf 85' lang='lat' dir='ltr'><strong>inauditam</strong></span> 
     </span>
    </p>
   </div>
   <div class='ocr_carea' id='block_1_116' title="bbox 1828 4965 3414 5041">
    <p class='ocr_par' dir='ltr' id='par_1_116' title="bbox 1828 4965 3414 5041">
     <span class='ocr_line' id='line_1_117' title="bbox 1828 4965 3414 5041; baseline -0.005 -16"><span class='ocrx_word' id='word_1_883' title='bbox 1828 4965 2140 5041; x_wconf 79' lang='lat' dir='ltr'><strong>opinionem</strong></span> <span class='ocrx_word' id='word_1_884' title='bbox 2180 4972 2230 5023; x_wconf 92' lang='lat' dir='ltr'><strong>iu</strong></span> <span class='ocrx_word' id='word_1_885' title='bbox 2265 4970 2565 5041; x_wconf 73' lang='lat' dir='ltr'><strong>Ecclesiam</strong></span> <span class='ocrx_word' id='word_1_886' title='bbox 2596 4968 2901 5041; x_wconf 69' lang='lat' dir='ltr'><strong>induxisse.</strong></span> <span class='ocrx_word' id='word_1_887' title='bbox 2937 4968 3248 5041; x_wconf 63' lang='lat' dir='ltr'><strong>Quinetiam</strong></span> <span class='ocrx_word' id='word_1_888' title='bbox 3271 4965 3414 5033; x_wconf 85' lang='lat' dir='ltr'><strong>quod</strong></span> 
     </span>
    </p>
   </div>
   <div class='ocr_carea' id='block_1_117' title="bbox 1830 5037 3414 5109">
    <p class='ocr_par' dir='ltr' id='par_1_117' title="bbox 1830 5037 3414 5109">
     <span class='ocr_line' id='line_1_118' title="bbox 1830 5037 3414 5109; baseline -0.006 -14"><span class='ocrx_word' id='word_1_889' title='bbox 1830 5037 1907 5095; x_wconf 89' lang='lat' dir='ltr'><strong>ait</strong></span> <span class='ocrx_word' id='word_1_890' title='bbox 1954 5057 2116 5109; x_wconf 85' lang='lat' dir='ltr'><strong>supra</strong></span> <span class='ocrx_word' id='word_1_891' title='bbox 2171 5040 2418 5096; x_wconf 75' lang='lat' dir='ltr'><strong>Justinus</strong></span> <span class='ocrx_word' id='word_1_892' title='bbox 2467 5044 2545 5108; x_wconf 90' lang='lat' dir='ltr'><strong>(tt.</strong></span> <span class='ocrx_word' id='word_1_893' title='bbox 2592 5037 2685 5105; x_wconf 78' lang='lat'><strong>55)</strong></span> <span class='ocrx_word' id='word_1_894' title='bbox 2736 5039 3041 5109; x_wconf 76' lang='lat' dir='ltr'><strong>testimonia</strong></span> <span class='ocrx_word' id='word_1_895' title='bbox 3093 5037 3414 5109; x_wconf 76' lang='lat' dir='ltr'><strong>Scripturze,</strong></span> 
     </span>
    </p>
   </div>
   <div class='ocr_carea' id='block_1_118' title="bbox 1828 5107 3417 5185">
    <p class='ocr_par' dir='ltr' id='par_1_118' title="bbox 1828 5107 3417 5185">
     <span class='ocr_line' id='line_1_119' title="bbox 1828 5107 3417 5185; baseline -0.004 -20"><span class='ocrx_word' id='word_1_896' title='bbox 1828 5128 1949 5185; x_wconf 71' lang='lat' dir='ltr'><strong>quae</strong></span> <span class='ocrx_word' id='word_1_897' title='bbox 1976 5107 2216 5185; x_wconf 10' lang='lat' dir='ltr'><strong>objiﬁcere</strong></span> <span class='ocrx_word' id='word_1_898' title='bbox 2252 5108 2447 5165; x_wconf 69' lang='lat' dir='ltr'><strong>ludzeis</strong></span> <span class='ocrx_word' id='word_1_899' title='bbox 2480 5117 2773 5185; x_wconf 78' lang='lat' dir='ltr'><strong>statuerat,</strong></span> <span class='ocrx_word' id='word_1_900' title='bbox 2808 5107 3290 5185; x_wconf 65' lang='lat' dir='ltr'><strong>novaillisvisnm</strong></span> <span class='ocrx_word' id='word_1_901' title='bbox 3328 5108 3417 5169; x_wconf 83' lang='lat' dir='ltr'><strong>iri,</strong></span> 
     </span>
    </p>
   </div>
   <div class='ocr_carea' id='block_1_119' title="bbox 1830 5177 3416 5253">
    <p class='ocr_par' dir='ltr' id='par_1_119' title="bbox 1830 5177 3416 5253">
     <span class='ocr_line' id='line_1_120' title="bbox 1830 5177 3416 5253; baseline -0.006 -17"><span class='ocrx_word' id='word_1_902' title='bbox 1830 5177 1958 5237; x_wconf 71' lang='lat' dir='ltr'><strong>inde</strong></span> <span class='ocrx_word' id='word_1_903' title='bbox 1992 5177 2198 5253; x_wconf 84' lang='lat' dir='ltr'><strong>colligit</strong></span> <span class='ocrx_word' id='word_1_904' title='bbox 2214 5180 2563 5253; x_wconf 79' lang='lat' dir='ltr'><strong>Artemouius</strong></span> <span class='ocrx_word' id='word_1_905' title='bbox 2586 5179 2857 5233; x_wconf 76' lang='lat' dir='ltr'><strong>Justiuum</strong></span> <span class='ocrx_word' id='word_1_906' title='bbox 2874 5180 2974 5253; x_wconf 78' lang='lat' dir='ltr'><strong>sibi</strong></span> <span class='ocrx_word' id='word_1_907' title='bbox 2995 5177 3255 5253; x_wconf 61' lang='lat' dir='ltr'><strong>novitatis</strong></span> <span class='ocrx_word' id='word_1_908' title='bbox 3272 5191 3416 5253; x_wconf 56' lang='lat' dir='ltr'><strong>ron-</strong></span> 
     </span>
    </p>
   </div>
   <div class='ocr_carea' id='block_1_120' title="bbox 1830 5246 3410 5320">
    <p class='ocr_par' dir='ltr' id='par_1_120' title="bbox 1830 5246 3410 5320">
     <span class='ocr_line' id='line_1_121' title="bbox 1830 5246 3410 5320; baseline -0.006 -11"><span class='ocrx_word' id='word_1_909' title='bbox 1830 5256 1999 5309; x_wconf 81' lang='lat' dir='ltr'><strong>Sciunt</strong></span> <span class='ocrx_word' id='word_1_910' title='bbox 2041 5246 2233 5307; x_wconf 68' lang='lat' dir='ltr'><strong>fuisse.</strong></span> <span class='ocrx_word' id='word_1_911' title='bbox 2273 5252 2501 5320; x_wconf 87' lang='lat' dir='ltr'><strong>lmpiam</strong></span> <span class='ocrx_word' id='word_1_912' title='bbox 2554 5253 2693 5303; x_wconf 82' lang='lat' dir='ltr'><strong>hanc</strong></span> <span class='ocrx_word' id='word_1_913' title='bbox 2735 5250 3104 5301; x_wconf 78' lang='lat' dir='ltr'><strong>temeritatem</strong></span> <span class='ocrx_word' id='word_1_914' title='bbox 3154 5246 3410 5320; x_wconf 80' lang='lat' dir='ltr'><strong>refellunt</strong></span> 
     </span>
    </p>
   </div>
   <div class='ocr_carea' id='block_1_121' title="bbox 1832 5317 3419 5390">
    <p class='ocr_par' dir='ltr' id='par_1_121' title="bbox 1832 5317 3419 5390">
     <span class='ocr_line' id='line_1_122' title="bbox 1832 5317 3419 5390; baseline -0.006 -11"><span class='ocrx_word' id='word_1_915' title='bbox 1832 5341 1937 5379; x_wconf 89' lang='lat' dir='ltr'><strong>non</strong></span> <span class='ocrx_word' id='word_1_916' title='bbox 1968 5325 2144 5383; x_wconf 86' lang='lat' dir='ltr'><strong>solum</strong></span> <span class='ocrx_word' id='word_1_917' title='bbox 2171 5317 2466 5390; x_wconf 83' lang='lat' dir='ltr'><strong>scriptores</strong></span> <span class='ocrx_word' id='word_1_918' title='bbox 2502 5320 2717 5381; x_wconf 79' lang='lat' dir='ltr'><strong>Jnstino</strong></span> <span class='ocrx_word' id='word_1_919' title='bbox 2759 5320 3121 5386; x_wconf 68' lang='lat' dir='ltr'><strong>antiquiores,</strong></span> <span class='ocrx_word' id='word_1_920' title='bbox 3158 5320 3252 5369; x_wconf 90' lang='lat' dir='ltr'><strong>sed</strong></span> <span class='ocrx_word' id='word_1_921' title='bbox 3300 5317 3419 5383; x_wconf 79' lang='lat' dir='ltr'><strong>ipse</strong></span> 
     </span>
    </p>
   </div>
   <div class='ocr_carea' id='block_1_122' title="bbox 1828 5390 3427 5463">
    <p class='ocr_par' dir='ltr' id='par_1_122' title="bbox 1828 5390 3427 5463">
     <span class='ocr_line' id='line_1_123' title="bbox 1828 5390 3427 5463; baseline -0.008 -13"><span class='ocrx_word' id='word_1_922' title='bbox 1828 5396 1996 5450; x_wconf 84' lang='lat' dir='ltr'><strong>etiam</strong></span> <span class='ocrx_word' id='word_1_923' title='bbox 2025 5394 2295 5455; x_wconf 80' lang='lat' dir='ltr'><strong>Justinus,</strong></span> <span class='ocrx_word' id='word_1_924' title='bbox 2328 5396 2419 5461; x_wconf 84' lang='lat' dir='ltr'><strong>qui</strong></span> <span class='ocrx_word' id='word_1_925' title='bbox 2448 5393 2716 5453; x_wconf 85' lang='lat' dir='ltr'><strong>declarat,</strong></span> <span class='ocrx_word' id='word_1_926' title='bbox 2760 5406 2811 5463; x_wconf 82' lang='lat' dir='ltr'><strong>tt.</strong></span> <span class='ocrx_word' id='word_1_927' title='bbox 2840 5390 2930 5463; x_wconf 53' lang='grc'><strong>48,</strong></span> <span class='ocrx_word' id='word_1_928' title='bbox 2960 5392 3253 5441; x_wconf 72' lang='lat' dir='ltr'><strong>maximam</strong></span> <span class='ocrx_word' id='word_1_929' title='bbox 3285 5402 3427 5463; x_wconf 47' lang='lat' dir='ltr'><strong>par—l</strong></span> 
     </span>
    </p>
   </div>
   <div class='ocr_carea' id='block_1_123' title="bbox 1831 5459 3414 5525">
    <p class='ocr_par' dir='ltr' id='par_1_123' title="bbox 1831 5459 3414 5525">
     <span class='ocr_line' id='line_1_124' title="bbox 1831 5459 3414 5525; baseline -0.009 -6"><span class='ocrx_word' id='word_1_930' title='bbox 1831 5476 1939 5520; x_wconf 86' lang='lat' dir='ltr'><strong>letn</strong></span> <span class='ocrx_word' id='word_1_931' title='bbox 1980 5459 2443 5525; x_wconf 64' lang='lat' dir='ltr'><strong>Christianorum,</strong></span> <span class='ocrx_word' id='word_1_932' title='bbox 2471 5465 2520 5515; x_wconf 91' lang='lat' dir='ltr'><strong>id</strong></span> <span class='ocrx_word' id='word_1_933' title='bbox 2548 5470 2632 5517; x_wconf 84' lang='lat' dir='ltr'><strong>est</strong></span> <span class='ocrx_word' id='word_1_934' title='bbox 2672 5461 2972 5514; x_wconf 82' lang='lat' dir='ltr'><strong>catholicos</strong></span> <span class='ocrx_word' id='word_1_935' title='bbox 3001 5477 3194 5511; x_wconf 80' lang='lat' dir='ltr'><strong>omnes</strong></span> <span class='ocrx_word' id='word_1_936' title='bbox 3221 5469 3272 5509; x_wconf 88' lang='lat' dir='ltr'><strong>ct</strong></span> <span class='ocrx_word' id='word_1_937' title='bbox 3302 5459 3414 5523; x_wconf 84' lang='lat' dir='ltr'><strong>pitt-</strong></span> 
     </span>
    </p>
   </div>
   <div class='ocr_carea' id='block_1_124' title="bbox 1833 5528 3415 5591">
    <p class='ocr_par' dir='ltr' id='par_1_124' title="bbox 1833 5528 3415 5591">
     <span class='ocr_line' id='line_1_125' title="bbox 1833 5528 3415 5591; baseline -0.006 -1"><span class='ocrx_word' id='word_1_938' title='bbox 1833 5538 1999 5590; x_wconf 89' lang='lat' dir='ltr'><strong>rimas</strong></span> <span class='ocrx_word' id='word_1_939' title='bbox 2026 5547 2207 5590; x_wconf 82' lang='lat' dir='ltr'><strong>sectus</strong></span> <span class='ocrx_word' id='word_1_940' title='bbox 2252 5538 2317 5587; x_wconf 88' lang='lat' dir='ltr'><strong>de</strong></span> <span class='ocrx_word' id='word_1_941' title='bbox 2341 5535 2546 5588; x_wconf 82' lang='lat' dir='ltr'><strong>CltriSIi</strong></span> <span class='ocrx_word' id='word_1_942' title='bbox 2583 5532 2872 5591; x_wconf 83' lang='lat' dir='ltr'><strong>divinitate</strong></span> <span class='ocrx_word' id='word_1_943' title='bbox 2902 5531 3236 5583; x_wconf 79' lang='lat' dir='ltr'><strong>consentite.</strong></span> <span class='ocrx_word' id='word_1_944' title='bbox 3272 5528 3415 5591; x_wconf 75' lang='lat' dir='ltr'><strong>Quo-</strong></span> 
     </span>
    </p>
   </div>
   <div class='ocr_carea' id='block_1_125' title="bbox 1833 5599 3415 5677">
    <p class='ocr_par' dir='ltr' id='par_1_125' title="bbox 1833 5599 3415 5677">
     <span class='ocr_line' id='line_1_126' title="bbox 1833 5599 3415 5677; baseline -0.009 -17"><span class='ocrx_word' id='word_1_945' title='bbox 1833 5609 1991 5660; x_wconf 89' lang='lat' dir='ltr'><strong>modo</strong></span> <span class='ocrx_word' id='word_1_946' title='bbox 2017 5622 2145 5677; x_wconf 79' lang='lat' dir='ltr'><strong>ergo</strong></span> <span class='ocrx_word' id='word_1_947' title='bbox 2201 5616 2371 5659; x_wconf 91' lang='lat' dir='ltr'><strong>totum</strong></span> <span class='ocrx_word' id='word_1_948' title='bbox 2412 5608 2623 5677; x_wconf 86' lang='lat' dir='ltr'><strong>orbem</strong></span> <span class='ocrx_word' id='word_1_949' title='bbox 2659 5614 2929 5677; x_wconf 82' lang='lat' dir='ltr'><strong>terrarum</strong></span> <span class='ocrx_word' id='word_1_950' title='bbox 2982 5599 3231 5652; x_wconf 73' lang='lat' dir='ltr'><strong>Jttslitttts</strong></span> <span class='ocrx_word' id='word_1_951' title='bbox 3272 5599 3415 5648; x_wconf 76' lang='lat' dir='ltr'><strong>intra</strong></span> 
     </span>
    </p>
   </div>
   <div class='ocr_carea' id='block_1_126' title="bbox 1831 5672 3417 5745">
    <p class='ocr_par' dir='ltr' id='par_1_126' title="bbox 1831 5672 3417 5745">
     <span class='ocr_line' id='line_1_127' title="bbox 1831 5672 3417 5745; baseline -0.007 -18"><span class='ocrx_word' id='word_1_952' title='bbox 1831 5693 2035 5745; x_wconf 76' lang='lat' dir='ltr'><strong>paucos</strong></span> <span class='ocrx_word' id='word_1_953' title='bbox 2068 5672 2241 5729; x_wconf 64' lang='lat' dir='ltr'><strong>annos</strong></span> <span class='ocrx_word' id='word_1_954' title='bbox 2288 5693 2426 5731; x_wconf 86' lang='lat' dir='ltr'><strong>ttova</strong></span> <span class='ocrx_word' id='word_1_955' title='bbox 2454 5675 2702 5729; x_wconf 84' lang='lat' dir='ltr'><strong>doctrina</strong></span> <span class='ocrx_word' id='word_1_956' title='bbox 2740 5672 2998 5745; x_wconf 15' lang='lat' dir='ltr'><strong>itttburere-</strong></span> <span class='ocrx_word' id='word_1_957' title='bbox 3036 5680 3321 5745; x_wconf 58' lang='grc' dir='ltr'>ιιοιιιιδκυι,</span> <span class='ocrx_word' id='word_1_958' title='bbox 3354 5684 3417 5717; x_wconf 83' lang='lat' dir='ltr'><strong>:te</strong></span> 
     </span>
    </p>
   </div>
   <div class='ocr_carea' id='block_1_127' title="bbox 1834 5742 3416 5814">
    <p class='ocr_par' dir='ltr' id='par_1_127' title="bbox 1834 5742 3416 5814">
     <span class='ocr_line' id='line_1_128' title="bbox 1834 5742 3416 5814; baseline -0.009 -13"><span class='ocrx_word' id='word_1_959' title='bbox 1834 5742 2143 5803; x_wconf 82' lang='lat' dir='ltr'><strong>traditionis</strong></span> <span class='ocrx_word' id='word_1_960' title='bbox 2178 5750 2495 5814; x_wconf 73' lang='lat' dir='ltr'><strong>apostolica:</strong></span> <span class='ocrx_word' id='word_1_961' title='bbox 2534 5745 2761 5813; x_wconf 77' lang='lat' dir='ltr'><strong>vestigia</strong></span> <span class='ocrx_word' id='word_1_962' title='bbox 2793 5742 2847 5797; x_wconf 84' lang='lat' dir='ltr'><strong>in</strong></span> <span class='ocrx_word' id='word_1_963' title='bbox 2883 5742 3138 5797; x_wconf 69' lang='lat' dir='ltr'><strong>l‘Lcclesiis</strong></span> <span class='ocrx_word' id='word_1_964' title='bbox 3173 5748 3226 5793; x_wconf 89' lang='lat' dir='ltr'><strong>et</strong></span> <span class='ocrx_word' id='word_1_965' title='bbox 3254 5754 3304 5789; x_wconf 94' lang='lat' dir='ltr'><strong>tn</strong></span> <span class='ocrx_word' id='word_1_966' title='bbox 3339 5748 3416 5789; x_wconf 80' lang='lat' dir='ltr'><strong>tut</strong></span> 
     </span>
    </p>
   </div>
   <div class='ocr_carea' id='block_1_128' title="bbox 1832 5819 2247 5876">
    <p class='ocr_par' dir='ltr' id='par_1_128' title="bbox 1832 5819 2247 5876">
     <span class='ocr_line' id='line_1_129' title="bbox 1832 5819 2247 5876; baseline -0.005 0"><span class='ocrx_word' id='word_1_967' title='bbox 1832 5822 1997 5876; x_wconf 77' lang='lat' dir='ltr'><strong>sectis</strong></span> <span class='ocrx_word' id='word_1_968' title='bbox 2029 5819 2247 5874; x_wconf 74' lang='lat' dir='ltr'><strong>delere?</strong></span> 
     </span>
    </p>
   </div>
  </div>
