4108 6428
665 340 772 394 603

1595 344 1652 401 S.
1693 346 1958 406 JUSTINI
1995 351 2405 414 PHILOSOPHI
2440 358 2529 416 ΕΤ
2568 360 2925 422 MARTYRIS

3822 372 3891 427 ϐία
3902 375 3934 426 4

666 458 943 520 lis-senius,
978 459 1079 512 nisi
1104 460 1169 512 ad
1201 458 1516 529 Scripturas
1553 466 1737 519 omnia
1768 469 2041 531 referres;
2075 488 2139 526 ex
2172 472 2239 527 iis

2349 477 2440 531 οὐκ
2474 480 2827 552 ἡνειχόμεθα,
2865 485 2912 535 εί
2949 483 3024 555 μὴ
3074 484 3252 540 πάντα
3285 487 3379 541 ἐπὶ
3413 488 3507 553 τὰς
3541 490 3764 561 Γραφὰς
3795 491 3933 558 ἀνῆ-

666 549 809 600 ιιηῐιιι
834 549 1238 604 demonstrandi
1274 553 1539 606 rationem
1584 557 1858 613 deducere
1898 563 2107 631 studes,
2142 580 2244 620 nec

668 641 858 718 alium,
903 655 1065 712 supra
1131 644 1511 699 universorum
1570 647 1771 715 Deum,
1817 666 1937 708 esse
1998 671 2243 724 pronun-

670 734 797 785 tias.

739 823 875 879 Tum
906 840 1007 896 ego
1042 847 1055 882 :
1087 828 1453 900 Scitisigitur,
1500 832 1742 901 inquam,
1774 834 2113 906 Scripturam
2164 840 2246 894 di-

667 935 831 974 cere:
869 938 888 971 (
929 921 994 975 Et
1013 923 1147 975 dixit
1168 924 1425 979 Dominus
1454 928 1519 979 ad
1558 928 1833 984 Abraham
1863 950 1876 985 :
1906 932 2067 999 Quid,
2096 938 2242 1004 quod

668 1013 789 1066 risit
820 1013 985 1075 Sara,
1037 1013 1229 1070 dicens
1265 1030 1279 1070 :
1316 1016 1451 1071 Num
1481 1020 1667 1088 utique
1691 1037 1819 1078 vero
1850 1026 2099 1093 pariam?
2130 1028 2244 1097 Ego

666 1115 848 1160 autem
882 1106 1057 1161 senui.
1094 1105 1347 1177 Nunquid
1384 1110 1525 1179 apud
1575 1113 1740 1168 Deum
1805 1116 2137 1184 impossibile
2162 1133 2246 1174 est

668 1196 935 1248 verbum?
979 1197 1035 1249 lu
1076 1206 1320 1267 tempore
1346 1200 1446 1254 hoc
1490 1213 1737 1257 revertar
1767 1207 1833 1260 ad
1866 1217 1917 1261 te
1950 1209 2002 1261 iu
2031 1208 2193 1265 horas
2225 1228 2240 1264 :

667 1296 722 1341 et
758 1289 864 1342 erit
918 1288 1067 1343 Sane
1101 1290 1240 1344 (ilius
1265 1293 1329 1344 “.
1360 1310 1377 1343 ι
1402 1291 1469 1347 Et
1498 1296 1657 1361 paulo
1680 1306 1801 1365 post
1832 1316 1845 1350 :
1874 1299 2243 1371 Exsurgentes

668 1388 845 1432 autem
875 1379 1002 1433 inde
1034 1381 1135 1434 viri
1162 1395 1567 1451 conspexerunt
1589 1385 1642 1438 in
1665 1388 1860 1442 faciem
1883 1391 2242 1449 Sodomorum

666 1480 722 1523 et
748 1470 1069 1528 Gomorrhm
1104 1474 1419 1531 :Abraham
1487 1489 1666 1533 autem
1720 1483 1880 1536 simul
1928 1485 2242 1543 ambulabat

668 1579 789 1616 cum
821 1563 901 1617 eis
928 1565 1198 1619 comitatis
1239 1583 1356 1621 eos.
1393 1570 1655 1624 Dominus
1694 1585 1874 1627 autem
1901 1576 2039 1629 dixit
2079 1597 2091 1631 :
2128 1576 2240 1632 Non

668 1653 994 1708 abscondam
1028 1672 1127 1726 ego
1155 1657 1222 1710 ab
1253 1658 1546 1722 Abraham,
1593 1678 1762 1731 puero
1815 1682 1959 1730 meo,
1994 1684 2112 1736 qua:
2142 1684 2243 1737 ego

670 1742 807 1799 facio
833 1746 897 1797 ⁸³.
946 1766 964 1797 ι
1005 1745 1068 1799 Et
1111 1764 1325 1803 rursum
1390 1762 1511 1820 post
1560 1769 1730 1822 pauca
1778 1757 1856 1809 sic
1894 1760 2009 1811 ait:
2045 1777 2063 1809 ι
2100 1760 2244 1816 Dixit

667 1837 929 1893 Dominus
962 1839 1216 1893 :Clamor
1254 1841 1615 1899 Sodomorum
1664 1858 1719 1901 et
1758 1848 2076 1905 Gomorrha:
2104 1855 2242 1907 mul-
2277 1831 2316 1885 Β

668 1928 959 1998 tiplicatus,
986 1942 1041 1986 et
1074 1944 1293 2000 peccata
1326 1951 1516 1991 eorum
1553 1954 1746 2009 magna
1791 1942 1969 1998 valde.
2010 1946 2244 2000 Descen-

666 2023 805 2077 dens
837 2040 966 2093 ergo
995 2026 1213 2089 videbo,
1246 2028 1291 2081 si
1340 2031 1637 2083 secundum
1679 2033 1971 2088 clamorem
2004 2036 2241 2103 ipsorum

666 2116 975 2170 venientem
1008 2119 1072 2170 ad
1122 2137 1207 2175 me
1250 2134 1732 2187 consummantur;
1780 2127 1861 2178 sin
1895 2136 2077 2181 autem
2112 2146 2243 2195 non,

669 2217 720 2260 ut
757 2212 949 2265 sciam.
983 2211 1046 2265 Et
1078 2216 1395 2268 recedentes
1435 2216 1561 2267 inde
1586 2216 1687 2269 viri
1722 2228 1990 2272 venerunt
2038 2221 2090 2274 in
2145 2221 2245 2275 So-

666 2303 849 2356 doma.
879 2305 1154 2359 Abraham
1176 2317 1357 2361 autem
1395 2317 1515 2362 erat
1544 2319 1696 2361 stans
1722 2310 1773 2362 in
1812 2324 2110 2382 conspectu
2143 2318 2245 2370 De-

670 2395 828 2457 mini,
881 2404 937 2448 et
982 2396 1431 2466 appropinquans
1478 2400 1752 2452 Abraham
1781 2402 1956 2458 dixit:
1990 2404 2241 2475 Nunquid

669 2485 829 2537 simul
864 2490 1061 2553 perdes
1108 2489 1317 2556 justum
1370 2506 1491 2542 cum
1532 2491 1696 2559 impio
1723 2492 1810 2545 ⁸³2
1853 2514 1872 2546 ι
1906 2505 1961 2548 et
2004 2513 2124 2566 qua:
2161 2516 2246 2554 se—

668 2587 945 2641 quuntur;
995 2595 1101 2634 non
1153 2581 1299 2633 enim
1333 2581 1521 2635 eadem
1576 2598 1768 2635 rursus
1813 2584 2067 2641 videntur
2104 2593 2244 2644 scri-

670 2669 865 2731 benda,
904 2686 1023 2723 cum
1064 2674 1247 2725 omnia
1288 2675 1437 2743 prius
1491 2676 1805 2742 scripserim
1838 2697 1849 2741 ;
1904 2680 2000 2735 scd
2049 2698 2139 2747 ea,
2174 2701 2240 2739 ex

669 2762 865 2829 quibus
926 2762 1451 2818 demonstrationem
1498 2766 1776 2834 Tryphoni
1833 2779 1885 2822 et
1929 2774 2094 2828 sociis
2128 2774 2246 2842 ejus

672 2852 908 2917 confeci,
944 2870 1168 2909 necesse
1224 2865 1305 2910 est
1354 2857 1556 2911 dicere.
1594 2857 1727 2911 Tum
1758 2877 1887 2930 ergo
1922 2866 2042 2916 veni
2076 2868 2141 2918 ad
2181 2884 2242 2922 ca

672 2960 791 3011 qua:
822 2956 1163 3011 sequuntur:
1195 2964 1213 2997 ι
1253 2947 1399 3000 Abiit
1432 2958 1612 3001 autem
1651 2948 1932 3017 Dominus,
1959 2967 2241 3025 postquam

668 3038 901 3090 cessuit
932 3039 1157 3108 loquens
1196 3040 1260 3092 ad
1307 3042 1604 3093 Abraham.
1640 3042 1701 3095 Et
1729 3044 1846 3112 ipse
1879 3062 2127 3104 reversus
2161 3063 2244 3105 est

680 3129 731 3180 iu
766 3130 943 3184 locum
988 3147 1167 3185 suum.
1210 3132 1484 3186 Venerunt
1512 3143 1694 3187 autem
1723 3139 1899 3206 angeli
1927 3140 2033 3193 duo
2058 3144 2108 3196 in
2144 3142 2244 3196 So-

670 3224 829 3274 doma
859 3223 1095 3291 vesperi,
1137 3224 1234 3277 Lot
1282 3238 1459 3278 autem
1495 3225 1718 3277 sedebat
1762 3230 1827 3280 ad
1883 3244 2097 3297 portam
2140 3236 2241 3289 So-

668 3314 1051 3379 domorum-“5,
1080 3336 1097 3367 ι
1132 3327 1185 3370 et
1221 3333 1338 3385 qum
1362 3329 1687 3386 sequuntur,
1738 3336 1908 3388 usque
1935 3325 2001 3377 ad
2031 3342 2045 3379 :
2079 3343 2099 3377 ι
2135 3328 2246 3383 Ex-

675 3407 955 3461 tendentcs
1001 3420 1178 3462 autem
1216 3411 1319 3464 viri
1380 3430 1572 3465 manus
1623 3425 1978 3473 attraxctunt
2027 3419 2128 3475 Lot
2178 3425 2243 3475 ad

672 3498 880 3565 seipsos
911 3500 963 3550 in
993 3500 1248 3554 domum:
1274 3506 1765 3562 etostiumdomus
1789 3510 2106 3567 clauserunt
2130 3515 2174 3545 ⁵⁸
2194 3530 2239 3566 ει

672 3602 727 3641 et
758 3591 1037 3658 sequentia
1080 3609 1250 3660 usque
1276 3596 1343 3649 ad
1376 3614 1387 3648 :
1431 3614 1449 3647 ι
1480 3598 1545 3650 Et
1580 3608 1872 3657 tenuerunt
1915 3607 2091 3675 angeli
2128 3623 2244 3659 ma-

676 3696 801 3731 num
829 3680 969 3747 ejus,
1005 3696 1055 3737 et
1090 3700 1305 3739 manum
1337 3691 1524 3744 uxoris
1554 3692 1691 3762 ejus,
1723 3704 1989 3749 etmauus
2010 3697 2243 3751 filiarum

672 3769 812 3837 ejus,
852 3773 901 3824 in
923 3788 1006 3838 eo,
1034 3778 1175 3844 quod
1217 3790 1463 3846 parceret
1525 3781 1788 3840 Dominus
1836 3786 1906 3841 ei.
1947 3788 2010 3841 Et
2045 3788 2244 3842 factum

674 3874 757 3916 est
784 3880 929 3926 mox,
958 3868 1339 3923 utcduxcruut
1366 3889 1458 3927 eos
1478 3873 1643 3941 foras,
1676 3880 2031 3934 utdicereut:
2063 3878 2245 3945 Salva,

675 3955 827 4008 salva
865 3959 1098 4011 animam
1135 3970 1277 4014 tuam
1308 3983 1320 4029 ;
1357 3982 1421 4021 ne
1450 3971 1758 4039 respexeris
1799 3980 2119 4037 retrorsum,
2150 3988 2248 4027 nec

675 4053 894 4102 steteris
947 4051 997 4102 in
1032 4055 1177 4105 omni
1210 4055 1355 4110 circa
1382 4061 1637 4129 regione;
1676 4063 1728 4113 in
1769 4072 2003 4115 montem
2036 4064 2244 4117 salvum

677 4150 730 4191 te
753 4137 869 4201 fac,
898 4158 964 4196 ne
990 4142 1129 4199 forte
1159 4148 1314 4201 simul
1346 4155 1844 4221 comprehendaris.
1880 4155 2025 4209 DiXit
2068 4166 2247 4210 autem

676 4229 779 4284 Lot
810 4234 876 4287 ad
913 4235 1070 4290 illos:
1106 4237 1235 4305 Oro,
1284 4242 1526 4305 Domine.
1551 4247 1678 4312 quia
1734 4248 1932 4301 invenit
1967 4262 2102 4316 puer
2128 4258 2248 4303 tuus

679 4326 1106 4382 miscricordiam
1160 4342 1283 4386 ante
1342 4344 1413 4401 te,
1463 4346 1516 4389 et
1565 4338 1928 4407 magnificasti
1973 4340 2244 4409 justitiam

680 4433 845 4491 tuam,
871 4426 1012 4492 quod
1041 4425 1173 4481 facis
1202 4430 1255 4482 in
1298 4446 1402 4489 me,
1448 4442 1507 4485 ut
1553 4434 1697 4487 vivat
1734 4436 1916 4490 anima
1962 4453 2113 4505 mea,
2147 4454 2247 4509 ego

2346 586 2474 637 γες’
2514 571 2571 639 ἐξ
2605 573 2782 625 αὐτῶν
2827 576 2935 647 γὰρ
2969 576 3064 639 τὰς
3096 578 3399 645 ἀποδείξεις
3446 581 3715 636 ποιεῖσθαι
3752 599 3929 636 σπου-

2345 662 2546 729 δάζεις,
2595 666 2688 718 καὶ
2738 667 2945 738 μηδένα
2990 670 3130 743 ὑπὲρ
3187 671 3277 725 τὸν
3332 674 3559 747 ποιητὴν
3616 676 3726 729 τῶν
3785 674 3931 729 ὅλων

2345 751 2483 811 εἶναι
2516 757 2647 810 Θεὸν
2679 759 2974 833 ἀποφαίνῃ.

2412 857 2604 927 Κάγὼ,
2654 860 2975 913 Ἐπίστασθε
3006 858 3291 935 οὗν,ἔφην,
3326 865 3409 919 ὃτι
3441 868 3473 938 ἡ
3510 865 3701 938 Γραφὴ
3734 866 3925 936 λέγει·

2350 969 2367 999 ι
2393 950 2501 1003 Kal
2550 950 2670 1003 εἶπε
2705 952 2910 1022 Κύριος
2959 954 3093 1024 πρὸς
3140 956 3434 1029 Ἀϐραάμο·
3473 960 3536 1011 Τί
3567 946 3664 1013 ’ὅτι
3699 959 3927 1028 ἐγέλασε

2348 1043 2548 1113 Σάρρα,
2576 1043 2810 1112 λέγουσα
2829 1062 2841 1074 ’
2877 1040 3026 1117 Ἀρά
3054 1064 3116 1115 γε
3141 1048 3355 1118 ἀληθῶς
3388 1050 3645 1121 τέξομαι;
3693 1049 3832 1120 Ἐγὼ
3864 1050 3930 1102 δὲ

2344 1134 2647 1203 γεγήρακα.
2697 1134 2790 1205 Μὴ
2838 1136 3086 1191 ἀδυνατεῖ
3133 1142 3283 1211 παρὰ
3327 1142 3403 1211 τῷ
3448 1132 3564 1212 Θεῷ
3610 1144 3794 1215 ῥῆμα;
3828 1143 3933 1206 Ei;

2346 1226 2437 1280 τὸν
2470 1228 2660 1298 καιρὸν
2693 1227 2880 1281 τοῦτον
2912 1231 3237 1304 ἀναστρέψω
3270 1235 3404 1305 πρὸς
3439 1236 3499 1289 σὲ
3532 1238 3611 1299 είς
3643 1236 3934 1306 ὦρας,κα“ι

2345 1321 2409 1388 τῇ
2458 1320 2642 1391 Σάρρᾳ
2675 1321 2787 1386 υἱὸς
2821 1323 2992 1377 ἔσται.
3034 1342 3052 1375 ι
3110 1326 3219 1377 Kal
3268 1327 3406 1396 μετὰ
3454 1327 3672 1398 μικρόν’
3710 1346 3729 1378 ι
3771 1326 3936 1391 Ἐξα-

2345 1411 2639 1475 ναστάντες
2682 1414 2738 1466 δὲ
2802 1416 3012 1469 ἐκεῖθεν
3070 1420 3119 1470 ni
3166 1419 3378 1490 ἄνδρες,
3430 1420 3770 1489 κατέϐλεψαν
3829 1420 3934 1473 ἐπὶ

2344 1502 2635 1574 πρόσωπον
2662 1504 2915 1575 Σοδόμων
2948 1507 3041 1560 καὶ
3073 1508 3357 1579 Γομόρρας
3377 1525 3389 1537 ·
3424 1508 3673 1580 ’Δϐραὰμ
3704 1510 3763 1563 δὲ
3797 1527 3932 1561 συν-

2342 1594 2633 1666 επορεύετο
2677 1598 2795 1665 μετ’
2841 1599 3055 1663 αὐτῶν,
3108 1600 3457 1670 συμπέμπων
3502 1600 3719 1665 αὐτούς.
3767 1602 3825 1654 ’0
3871 1600 3935 1653 δὲ

2345 1687 2549 1759 Κύριος
2582 1685 2769 1743 εἶπεν·
2806 1691 2881 1743 Οὐ
2921 1691 2996 1762 μὴ
3029 1692 3222 1763 κρύψω
3260 1691 3370 1762 ἐγὼ
3402 1695 3510 1748 ἀπὸ
3556 1696 3806 1768 Ἀϐραὰμ
3832 1696 3933 1750 τοῦ

2347 1780 2534 1844 παιδός
2586 1799 2686 1853 μου
2732 1781 2769 1837 ἃ
2816 1784 2928 1853 ἐγὼ
2977 1786 3131 1841 ποιῶ.
3174 1807 3193 1837 ι
3231 1789 3339 1840 Καὶ
3402 1790 3521 1859 μετ’
3553 1788 3732 1857 ὀλίγον
3766 1788 3938 1842 πάλιν

2345 1868 2518 1933 οὓτως
2552 1871 2747 1941 φησίν·
2790 1892 2809 1924 r
2847 1871 2983 1927 Εῐπε
3016 1876 3218 1948 Κύριος
3238 1894 3249 1906 ·
3288 1878 3519 1950 Κραυγὴ
3552 1878 3804 1948 Σοδόμων
3834 1879 3938 1933 καὶ

2346 1960 2632 2033 Γομόρρας
2666 1966 3055 2036 πεπλήθυνται,
3090 1968 3187 2021 καὶ
3220 1970 3275 2022 αἱ
3320 1969 3591 2041 ἁμαρτίαι
3624 1970 3806 2023 αὐτῶν
3842 1986 3939 2040 με·

2347 2053 2509 2121 γάλαι
2574 2055 2802 2125 σφόδρα.
2871 2058 3130 2121 Καταϐὰς
3177 2054 3275 2112 οὖν
3318 2058 3519 2129 ὂψομαι
3565 2061 3613 2113 εί
3660 2060 3805 2114 κατὰ

2347 2147 2593 2218 κραυγὴν
2608 2146 2786 2201 αὐτῶν
2819 2148 2917 2219 τὴν
2944 2150 3246 2221 ἐρχομένην
3266 2152 3399 2223 πρὸς
3427 2152 3495 2222 μὲ
3516 2152 3900 2207 συντελοῦνται
3918 2171 3935 2185 ·

2347 2239 2393 2291 εἰ
2426 2239 2484 2291 δὲ
2521 2239 2631 2309 μὴ,
2668 2240 2757 2292 ἵνα
2800 2239 2933 2308 γνῶ.
2986 2242 3096 2294 Kal
3158 2244 3603 2314 ἀποστρέψαντες
3653 2246 3703 2298 οἱ
3737 2244 3938 2315 ἄνδρες

2348 2327 2574 2391 ἐκεῖθεν,
2609 2324 2772 2399 ἦλθον
2805 2329 2886 2392 είς
2919 2329 3146 2400 Σόδομα.
3200 2331 3450 2402 Ἀϐραὰμ
3493 2332 3549 2384 δὲ
3581 2327 3651 2403 ἦν
3684 2330 3941 2405 ἑστηκὼς

2346 2418 2523 2471 ἔναντι
2570 2418 2795 2488 Κυρίου,
2848 2419 2941 2471 καὶ⁹
3003 2419 3229 2488 ἐγγίσας
3288 2420 3558 2493 Ἀϐραὰμ,
3607 2419 3792 2475 εἶπεν·
3844 2423 3941 2496 Μὴ

2350 2510 2724 2582 συναπολέσῃς
2756 2511 2965 2566 δίκαιον
3014 2513 3153 2582 μετὰ
3194 2511 3425 2576 ἀσεϐοῦς
3449 2530 3463 2577 ;
3491 2532 3507 2563 ι
3538 2515 3633 2567 καὶ
3665 2515 3732 2568 τὰ
3764 2511 3899 2585 ἑξῆς
3919 2531 3937 2545 ³

2345 2600 2405 2652 ού
2441 2600 2548 2671 γὰρ
2594 2600 2833 2671 γράφειν
2881 2600 3043 2655 πάλιν
3090 2602 3157 2655 τά
3201 2602 3359 2668 αὐτὰ,
3395 2602 3504 2654 τῶν
3539 2604 3757 2657 πάντων
3793 2622 3939 2677 προ-

2347 2692 2773 2763 γεγραμμένων,
2807 2693 2954 2747 δοκεῖ
2989 2710 3103 2763 μοι,
3138 2692 3251 2746 ἀλλ’
3289 2696 3467 2748 ἐκεῖνα
3502 2694 3568 2746 δι’
3602 2688 3678 2748 ὧν
3712 2697 3808 2749 καὶ
3840 2696 3946 2768 τὴν

2347 2783 2622 2849 ἀπόδειξιν
2655 2784 2732 2855 τῷ
2764 2785 3019 2855 Τρύφωνι
3042 2786 3261 2849 καὶτοῖς
3295 2788 3391 2839 σὺν
3424 2786 3570 2857 αύτῷ
3603 2786 3940 2856 πεποίημαι,

2347 2877 2527 2943 λέγειν
2574 2878 2889 2946 ἀναγκαῖον.
2940 2878 3075 2932 Τότε
3120 2875 3213 2933 οὖν
3257 2874 3417 2949 ἦλθον
3466 2878 3558 2931 ἐπὶ
3589 2878 3658 2932 τά
3690 2878 3843 2949 ἑξῆς,
3880 2880 3941 2931 ὲν

2348 2960 2427 3031 οἷς
2460 2968 2712 3021 λέλεκται
2745 2969 2950 3023 ταῦτα’
2995 2989 3012 3021 ι
3058 2969 3293 3040 Ἀπῆλθε
3337 2970 3394 3024 δὲ
3428 2970 3631 3042 Κύριος
3660 2970 3739 3034 ὡς
3774 2970 3945 3023 ἐπαύ-

2352 3077 2481 3112 σατο
2514 3059 2689 3125 λέγων
2735 3060 2813 3131 τῷ
2858 3062 3141 3133 Ἀϐραάμ’
3178 3061 3274 3115 καὶ
3308 3061 3547 3133 ἀπῆλθεν
3583 3061 3695 3133 (65)
3731 3061 3815 3124 είς
3848 3061 3945 3115 τὸν

2348 3151 2511 3203 τόπον
2555 3150 2741 3203 αὑτοῦ.
2792 3146 2994 3204 τΗλθον
3040 3151 3096 3204 δὲ
3142 3152 3190 3205 οἱ
3235 3150 3328 3205 δύο
3360 3151 3578 3220 ἄγγελοι
3612 3152 3692 3213 εἰς
3727 3151 3947 3222 Σόδομα

2351 3244 2610 3313 ἑσπέρας.
2637 3242 2761 3296 Λὼτ
2785 3244 2841 3296 δὲ
2865 3243 3097 3314 ἐκάθητο
3128 3244 3274 3315 παρὰ
3305 3243 3401 3316 τὴν
3437 3242 3609 3315 πύλην
3628 3244 3902 3314 Σοδόμων·
3920 3264 3939 3295 ι

2352 3337 2545 3389 καὶτὰ
2592 3336 2719 3406 ἑξῆς
2765 3335 2967 3406 ὁμοίως
3018 3335 3181 3406 μέχρι
3216 3335 3341 3389 τοῦ·
3385 3355 3403 3387 ι
3454 3337 3824 3418 Ἐκτείναντες
3886 3338 3945 3391 δὲ

2350 3428 2398 3478 οί
2445 3426 2634 3497 ἄνδρες
2681 3426 2777 3489 τὰς
2823 3428 3029 3497 χεῖρας,
3079 3425 3311 3479 ἐπίασαν
3356 3425 3446 3478 τὸν
3490 3424 3615 3478 Λὼτ
3650 3426 3787 3498 πρὸς
3819 3427 3950 3481 ἐαυ-

2350 3520 2473 3581 τοὺς
2492 3519 2569 3580 είς
2602 3518 2694 3570 τὸν
2739 3513 2908 3583 οἷκον,
2957 3520 3052 3571 καὶ
3084 3520 3182 3590 τὴν
3228 3519 3400 3591 θύραν
3430 3518 3523 3573 τοῦ
3559 3520 3710 3573 οἴκου
3733 3521 3945 3594 προσέ-

2353 3609 2589 3667 κλεισαν’
2636 3629 2653 3660 ι
2690 3610 2785 3663 καὶ
2828 3610 2896 3664 τά
2928 3612 3172 3681 ἑπόμενα
3207 3611 3371 3684 μέχρι
3404 3611 3531 3663 τοῦ·
3573 3630 3591 3663 ι
3630 3612 3740 3665 Καὶ
3776 3614 3950 3686 ἐκρά-

2349 3713 2520 3767 τησαν
2559 3698 2608 3750 οἱ
2655 3697 2873 3766 ἄγγελοι
2906 3699 3002 3769 τῆς
3049 3700 3229 3769 χειρὸς
3262 3698 3449 3765 αὐτοῦ,
3485 3701 3579 3753 καὶ
3624 3702 3723 3774 τῆς
3756 3703 3949 3776 χειρὸς

2350 3789 2448 3858 τῆς
2480 3789 2735 3855 γυναικὸς
2769 3789 2953 3853 αὑτοῦ,
2989 3792 3083 3843 καὶ
3115 3791 3224 3845 τῶν
3257 3792 3455 3865 χειρῶν
3486 3794 3591 3848 τῶν
3621 3794 3949 3869 θυγατέρων

2351 3882 2514 3934 αὐτοῦ
2553 3885 2608 3934 ἐν
2642 3882 2719 3952 τῷ
2752 3882 3040 3951 φείσασθαι
3087 3884 3292 3956 Κύριον
3339 3886 3524 3941 αὐτοῦ.
3573 3889 3685 3943 Καὶ
3718 3890 3951 3958 ἐγένετο

2351 3973 2512 4043 ἡνίκα
2547 3974 2810 4045 ἐξήγαγον
2844 3976 3041 4039 αὐτοὺς
3068 3975 3193 4041 ἔξω,
3229 3977 3323 4030 καὶ
3356 3972 3509 4032 εἶπον
3532 3996 3546 4008 ³
3584 3980 3756 4046 Σῶζε,
3794 3982 3945 4049 σῶζε

2350 4066 2449 4137 τὴν
2485 4066 2715 4132 σεαυτοῦ
2767 4067 2965 4139 ψυχήν.
3018 4068 3109 4140 Μὴ
3156 4068 3460 4144 περιϐλέψῃ
3520 4073 3600 4135 εἰς
3646 4074 3714 4128 τά
3744 4074 3948 4140 ὀπίσω,

2355 4158 2485 4229 μηδὲ
2521 4161 2654 4229 στῇς
2687 4161 2744 4212 ὲν
2779 4160 2926 4230 πάσῃ
2943 4162 3008 4230 τῇ
3038 4158 3363 4233 περιχώρῳ’
3398 4164 3478 4225 είς
3494 4162 3554 4216 τὸ
3582 4163 3707 4234 ὅρος
3740 4162 3947 4232 σώζου,

2354 4252 2566 4321 μήποτε
2602 4251 3096 4323 συμπαραληφθῇς.
3121 4247 3257 4305 Εἷπε
3288 4252 3346 4306 δὲ
3379 4252 3503 4307 Λὼτ
3538 4256 3673 4327 πρὸς
3718 4257 3946 4323 αὐτούς·

2351 4341 2575 4412 Δέομαι,
2606 4341 2797 4413 Κύριε,
2836 4341 3022 4412 ἐπειδὴ
3056 4334 3215 4414 εὗρεν
3259 4343 3287 4395 ὁ
3326 4346 3454 4407 παῖς
3490 4361 3581 4397 σου
3618 4345 3765 4410 ἕλεος
3790 4348 3951 4402 ἐναν-

2351 4433 2464 4487 τίον
2512 4450 2628 4496 σου,
2678 4434 2773 4487 καὶ
2822 4434 3165 4504 ὲμεγάλυνας
3211 4434 3309 4506 τὴν
3354 4435 3700 4509 δικαιοσύνην
3752 4456 3870 4505 σου,
3923 4441 3953 4495 ὃ

678 4526 857 4570 autem
888 4534 992 4573 nou
1022 4535 1238 4588 possunt
1270 4524 1456 4579 salvus
1491 4526 1607 4578 ficri
1636 4526 1686 4579 in
1715 4538 1984 4594 montem;
2013 4546 2082 4584 tte
2109 4530 2245 4585 forte

2354 4528 2525 4594 ποιεῖς
2560 4525 2646 4577 ἐπ’
2681 4526 2779 4594 ἐμὲ
2811 4524 2903 4579 τοῦ
2938 4526 3036 4596 ζῇν
3082 4526 3179 4598 τὴν
3210 4526 3389 4597 ψυχήν
3440 4544 3573 4598 μου’
3612 4528 3726 4597 ἐγὼ
3770 4528 3828 4583 δὲ
3884 4532 3950 4586 οὗ

677 4613 1140 4679 comprehendant
1183 4630 1268 4669 me
1320 4617 1481 4680 mula,
1503 4627 1559 4671 et
1603 4622 1826 4673 moriar.
1862 4621 1999 4676 Ecce
2034 4624 2147 4679 haec
2172 4626 2249 4678 ci-

678 4704 819 4757 vitas
848 4719 1012 4773 prope
1032 4717 1137 4771 est,
1170 4724 1277 4777 quo
1297 4710 1628 4780 confugiam,
1656 4713 1817 4765 isthic
1841 4713 2055 4782 exigua.
2091 4716 2252 4771 Isthic

677 4796 861 4849 salvus
889 4812 1006 4860 ero,
1036 4815 1196 4869 quant
1228 4803 1435 4859 modica
1481 4817 1581 4866 est.
1610 4816 1666 4860 et
1701 4807 1847 4860 vivet
1881 4809 2060 4861 anima
2107 4824 2247 4863 mea.

675 4887 743 4942 Et
799 4888 939 4942 dixit
986 4891 1078 4945 ei:
1121 4892 1265 4947 Ecce
1307 4896 1612 4951 admiratus
1654 4914 1771 4952 sum
1816 4900 2009 4954 faciem
2079 4910 2246 4963 tuam,

676 4979 841 5032 etiam
868 4979 920 5033 in
942 4982 1110 5041 verbo
1140 4983 1266 5049 hoc,
1292 4995 1351 5039 ut
1393 5002 1498 5040 non
1554 4998 1795 5042 evertam
1832 4990 2134 5056 civitatem,
2180 4993 2245 5046 de

676 5090 784 5143 qua
809 5072 1020 5129 locutus
1046 5091 1124 5131 es.
1159 5075 1381 5131 Festina
1410 5080 1575 5150 igitur
1607 5081 1674 5133 ad
1704 5082 2046 5136 evadendum
2073 5083 2201 5137 illuc
2228 5100 2243 5149 ;

677 5183 786 5219 non
816 5167 960 5221 enim
994 5179 1183 5238 potero
1208 5169 1392 5226 facere
1418 5187 1555 5238 rem,
1592 5174 1770 5229 donec
1798 5187 1851 5228 tu
1884 5177 2070 5230 venias
2099 5178 2246 5232 illuc.

676 5258 968 5327 Propterea
994 5264 1210 5315 vocavit
1234 5278 1429 5319 nomen
1456 5266 1692 5321 civitatis
1722 5266 1914 5337 Segor.
1951 5266 2041 5323 Sol
2068 5285 2251 5339 egres-

681 5366 776 5403 sus
803 5360 886 5403 est
909 5368 1073 5422 super
1092 5365 1323 5419 terram;
1365 5365 1420 5410 et
1440 5354 1545 5415 Lot
1569 5358 1840 5428 ingressus
1862 5370 1945 5415 est
1969 5360 2021 5413 in
2053 5358 2245 5428 Segor.

681 5442 745 5496 lit
780 5441 1040 5498 Dominus
1058 5444 1192 5513 pluit
1215 5462 1379 5517 super
1410 5446 1570 5520 154
1597 5447 1829 5505 Sodoma
1852 5460 1908 5505 et
1944 5451 2252 5507 Gomorrha

750 5625 794 5653 "'
817 5622 954 5679 Gen.
997 5641 1151 5687 ιιι-ιιι,
1200 5625 1282 5693 1³5,
1318 5626 1404 5681 14.
1481 5626 1706 5693 “lbid.,
1734 5628 1822 5694 16,
1856 5628 1943 5683 Π.
2022 5628 2249 5693 “Ibid,
2276 5627 2460 5685 20-23.

2349 4618 2583 4689 δύναμαι
2615 4618 2942 4688 διασωθῆναι
2974 4620 3053 4682 εἰς
3087 4618 3148 4672 τὸ
3170 4618 3316 4689 ὅρος,
3351 4619 3424 4691 μὴ
3459 4620 3745 4693 καταλάϐῃ
3781 4627 3941 4691 μετά

2350 4712 2496 4765 κακὰ
2542 4710 2635 4763 καὶ
2681 4710 2957 4765 ἀποθάνω.
3020 4711 3152 4765 Ἰδοὺ
3187 4714 3221 4784 ή
3269 4712 3425 4777 πόλις
3457 4713 3594 4786 αὕτη
3634 4715 3803 4783 ἐγγὺς
3848 4716 3949 4770 τοῦ

2349 4803 2683 4870 καταφυγεῖν
2730 4803 2880 4855 ἐστιν
2926 4803 3044 4855 ἐκεῖ
3090 4802 3292 4873 μικρά-
3332 4804 3448 4856 ἐκεῖ
3494 4805 3834 4877 σωθήσομαι,
3869 4807 3953 4873 ὡς

2351 4892 2525 4963 μικρά
2550 4894 2665 4945 ἐστι
2684 4909 2697 4922 ·
2727 4893 2818 4945 καὶ¹
2836 4894 3058 4965 ζήσεται
3076 4896 3108 4964 ἡ
3124 4894 3269 4965 ψυχή
3303 4912 3426 4966 μου.
3446 4896 3554 4948 Kal
3587 4891 3740 4949 εἶπεν
3756 4898 3913 4969 αύτῷ
3932 4917 3949 4931 ·

2363 4983 2494 5036 Ἰδοὺ
2531 4982 2818 5054 ὲθαύμασά
2863 4999 2957 5037 σου
3002 4984 3063 5036 τὸ
3110 4984 3425 5056 πρόσωπον,
3474 4986 3570 5041 καὶ
3604 4987 3697 5040 ἐπὶ
3730 4987 3809 5059 τῷ
3843 4993 3950 5062 ῥή-

2354 5100 2485 5153 ματι
2519 5082 2693 5153 τούτῳ
2736 5082 2828 5137 τοῦ
2905 5080 2979 5153 μὴ
3026 5081 3401 5154 καταστρέψαι
3461 5084 3557 5154 τὴν
3626 5084 3782 5137 πόλιν
3817 5102 3885 5139 πε
3896 5089 3953 5159 ρ).

2350 5172 2419 5246 ἧς
2467 5174 2753 5246 ἐλάλησας.
2802 5173 3043 5227 Σπεῦσον
3089 5174 3181 5228 τοῦ
3232 5173 3472 5244 σωθῆναι
3531 5177 3677 5228 ἐκεῖ·
3728 5177 3788 5230 οὐ
3838 5179 3953 5250 γὰρ

2353 5268 2650 5339 δυνήσομαι
2708 5266 2931 5335 ποιῆσαι
2998 5267 3233 5337 πρᾶγμα
3276 5265 3383 5329 ἓως
3431 5265 3524 5318 τοῦ
3574 5264 3839 5319 εἰσελθεῖν
3888 5286 3951 5323 σε

2356 5364 2492 5415 ἐκεῖ.
2533 5362 2632 5415 Διὰ
2662 5361 2823 5415 τοῦτο
2866 5361 3090 5415 ἐκάλεσε
3138 5362 3197 5414 τὸ
3244 5359 3417 5431 ὄνομα
3447 5362 3546 5433 τῆς
3596 5362 3805 5426 πόλεως
3840 5364 3916 5436 Ση

2358 5451 2495 5524 γώρ.
2545 5453 2602 5505 Ὁ
2634 5451 2783 5522 ἥλιος
2802 5450 3025 5522 ἐξῆλθεν
3060 5452 3153 5505 ἐπὶ
3186 5452 3284 5523 τὴν
3316 5452 3420 5523 γῆν
3440 5468 3454 5481 ’
3478 5452 3574 5505 καὶ
3612 5452 3736 5505 Λὼτ
3768 5454 3955 5525 εἰσῆλ-

2539 5629 2583 5661 ⁰⁵
2606 5628 2765 5695 lbid.,
2794 5629 2935 5684 53a
2962 5645 3077 5693 xix,
3112 5630 3161 5683 Ι.
3240 5628 3285 5661 ⁸⁸
3313 5628 3453 5686 Gcn.
3486 5645 3600 5691 nx,
3645 5628 3727 5685 l0.

751 5778 863 5851 (63)
915 5781 1023 5834 Καὶ
1080 5779 1375 5850 ἀπῆλθεν.
1435 5781 1777 5841 Manifestum
1836 5794 1918 5841 est
1976 5785 2245 5851 subaudiri

2349 5786 2572 5857 t69aap,
2602 5796 2661 5843 ut
2682 5785 2876 5858 legitur
2901 5785 2956 5842 iu
2993 5785 3201 5844 Bibliis.
