4108 6426
100 395 221 451 605
1088 392 1440 450 DIALOGUS
1474 395 1622 449 CUM
1661 393 2037 449 TllYPllONE
2070 392 2332 449 JUD/EO.
3302 397 3409 451 606

98 508 207 560 θεν
244 508 339 572 εἰς
358 507 581 579 Σηγὼρ.
604 511 711 563 Καὶ
738 513 767 563 ὀ
797 506 999 581 Κύριος
1034 507 1256 580 ἔϐρεξεν
1290 511 1369 571 εἰς
1404 509 1611 589 Σόδομα
1629 510 1708 562 καἸ

1826 510 2051 579 sulphur
2075 516 2128 561 et
2169 508 2347 578 ignem
2373 521 2401 559 a
2444 505 2673 561 Domino
2703 507 2771 563 de
2802 508 2946 563 cmlo
2981 525 2994 561 :
3024 519 3080 561 et
3109 509 3308 563 evertit
3335 510 3411 562 iri-

98 600 393 673 Γόμορρα
428 600 570 655 θεῖον
601 603 695 655 καὶ
744 601 853 672 πῦρ
889 600 1033 671 παρὰ
1067 599 1272 670 Κυρίου
1328 602 1393 653 ἐκ
1440 600 1531 653 τοῦ
1568 601 1725 672 ούρα-

100 688 207 744 νθῦ
231 704 252 719 ⁸
294 690 397 744 καὶ
432 690 767 761 κατέστρεψε
803 690 898 752 τὰς
933 690 1117 751 πόλεις
1150 690 1369 754 ταύτας,
1417 690 1509 743 καὶ
1545 693 1724 743 πᾶσαν

101 783 215 853 τὴν
255 783 566 856 περίοικον.
595 804 612 833 ι
653 784 763 836 Καὶ
808 784 968 837 πάλιν
1014 784 1364 853 παυσάμενος
1414 785 1718 853 ἐπέφερον

103 876 230 928 Καὶ
269 877 378 929 νῦν
412 878 472 931 οὑ
520 877 827 945 νενοὴκατε,
867 876 1030 944 φίλοι,
1066 876 1147 927 ὅτι
1181 877 1207 927 ὁ
1242 872 1321 938 εἷς
1368 874 1475 927 τῶν
1507 876 1671 945 τριῶν
1694 880 1723 929 ὁ

105 967 211 1020 καὶ
247 967 398 1031 Θεὸς
429 968 523 1021 καὶ
555 967 757 1039 Κύριος
789 966 864 1036 τῷ
899 968 954 1019 ὲν
988 970 1097 1030 τοῖς
1132 968 1377 1039 οὐρανοῖς
1412 967 1718 1039 ὑπηρετῶν,

106 1059 319 1130 κύριος
382 1058 495 1112 τῶν
528 1060 621 1115 δύο
664 1060 945 1129 ἁγγέλων;
1000 1059 1407 1131 προσελθόντων
1455 1059 1563 1130 (66)
1613 1060 1721 1130 γὰρ

104 1152 304 1206 αὐτῶν
339 1154 427 1216 είς
453 1152 681 1222 Σόδομα,
715 1152 877 1216 αὑτὸς
904 1151 1245 1220 ὑπολειφθεὶς
1277 1151 1609 1223 προσωμίλει
1644 1150 1720 1221 τῷ

120 1242 401 1313 Ἀϐραὰμ
445 1242 514 1295 τὰ
556 1242 1020 1311 ἀναγεγραμμένα
1068 1242 1172 1293 ὑπὸ
1206 1241 1484 1303 Μωσέως-
1536 1236 1597 1293 οὑ
1627 1242 1721 1292 καὶ

106 1335 288 1388 αὑτοῦ
315 1334 651 1398 ἀπελθόντος
688 1335 825 1405 μετά
850 1335 943 1398 τὰς
975 1333 1260 1401 ὁμιλίας,ὁ
1309 1334 1555 1404 Ἀϐραὰμ
1586 1333 1721 1385 ὑπέ-

108 1428 361 1500 στρεψεν
392 1429 473 1492 εἰς
496 1428 585 1481 τὸν
617 1427 777 1480 τόπον
806 1425 992 1480 αὑτοῦ.
1018 1420 1093 1479 Οὑ
1117 1425 1381 1488 ἐλθόντος,
1417 1426 1599 1479 οὐκέτι
1627 1426 1719 1479 δύο

104 1520 351 1586 ἄγγελοι
393 1517 645 1589 ὁμιλοῦσι
702 1516 778 1588 τῷ
820 1516 964 1579 Λὼτ,
1015 1517 1129 1571 ἀλλ’
1172 1518 1353 1580 αὑτὸς,
1391 1518 1464 1579 ὡς
1495 1520 1523 1569 ό
1561 1517 1719 1584 λόγος

102 1610 290 1681 δηλοῖ,
327 1610 425 1663 καὶ
464 1609 668 1680 Κύριός
708 1611 842 1672 ἐστι,
879 1609 1031 1681 παρὰ
1067 1608 1276 1679 Κυρίου
1304 1610 1395 1662 τοῦ
1437 1612 1493 1662 ἐν
1520 1608 1595 1678 τῷ
1630 1609 1719 1661 οὑ-

110 1702 291 1773 ρανῴ,
312 1702 563 1756 τουτέστι
587 1702 678 1756 τοῦ
698 1703 919 1773 ποιητοῦ
946 1703 1052 1755 τῶν
1076 1704 1236 1766 ὅλων,
1254 1702 1433 1756 λαϐὼν
1462 1703 1521 1754 τὸ
1548 1702 1718 1755 ταῦτα

104 1796 457 1862 ἀπενεγκεῖν
510 1795 762 1863 Σοδόμοις
804 1795 899 1847 καὶ
934 1796 1256 1867 Γομόρροις,
1303 1796 1447 1866 ἆπερ
1488 1796 1516 1846 ὁ
1558 1795 1715 1862 λόγος

1830 599 2022 652 vitates
2050 597 2165 662 has,
2189 606 2246 651 et
2283 612 2499 651 onmem
2554 600 2793 653 vicinam
2853 600 2905 653 in
2951 600 3184 654 circuitu
3234 602 3410 669 regin-

1828 706 1950 743 nem
1974 690 2039 741 ‘7.
2072 709 2092 741 ι
2127 687 2250 742 "me
2283 690 2372 742 ubi
2418 690 2579 753 desii,
2628 707 2819 745 rursus
2846 694 3021 759 adjeri
3050 711 3061 745 :
3093 692 3246 747 Anne
3268 708 3411 746 nunc

1826 783 2067 852 quidem,
2091 782 2276 846 amici,
2330 782 2687 837 intellexistis
2725 800 2890 837 unum
2920 800 2987 837 ex
3022 786 3217 849 trihns,
3244 786 3413 853 quiet

1826 875 1969 928 Deus
1993 885 2046 927 et
2068 873 2330 929 Dominus
2348 884 2453 935 est,
2480 877 2551 940 ei,
2577 876 2669 943 qui
2697 877 2750 929 in
2775 876 2914 930 euelo
2937 884 3040 941 est,
3066 875 3407 941 Ininistrans,

1824 968 2053 1021 duorum
2081 967 2397 1037 angelorum
2417 982 2537 1021 esse
2565 968 2891 1019 dominum?
2922 967 3013 1021 llis
3044 968 3189 1021 enim
3235 968 3409 1021 Sodo-

1824 1074 1967 1112 mam
1996 1057 2279 1126 profectis,
2309 1058 2529 1112 relictus
2559 1060 2675 1127 ipse
2715 1074 2838 1112 cum
2872 1059 3189 1113 Ahrahamo
3217 1074 3279 1112 ea
3329 1058 3407 1112 lo-

1824 1151 2028 1218 quitur,
2065 1167 2185 1220 qua:
2223 1167 2252 1205 ιι
2296 1150 2481 1222 Moyse
2534 1161 2856 1205 narrantur.
2899 1151 2999 1217 Qui
3041 1167 3162 1204 cum
3200 1162 3256 1206 et
3291 1152 3409 1217 ipse

1824 1242 2165 1297 discessisset
2200 1252 2318 1311 post
2347 1242 2701 1311 colloquium,
2739 1256 2992 1297 reversus
3019 1252 3105 1298 est
3130 1244 3404 1297 Abraham

1824 1337 1889 1387 ad
1926 1335 2100 1389 locum
2125 1350 2306 1388 suum.
2340 1333 2389 1388 Is
2417 1342 2597 1387 autem
2642 1334 2731 1384 ubi
2766 1334 3006 1397 advenit,
3032 1350 3136 1387 non
3162 1335 3273 1403 jam
3301 1335 3409 1388 duo

1822 1426 2025 1491 angeli,
2060 1426 2152 1479 sed
2202 1427 2317 1493 ipse
2369 1441 2490 1479 cum
2535 1426 2654 1488 Lol,
2708 1435 2763 1477 ut
2812 1425 3057 1478 declarat
3093 1425 3401 1494 Scriptura,

1822 1518 2169 1587 colloquitur,
2202 1535 2265 1573 ac
2294 1520 2557 1572 Dominus
2597 1526 2699 1577 cst,
2726 1518 2797 1570 ab
2843 1533 2910 1571 eo
2939 1518 3031 1587 qui
3064 1519 3114 1572 in
3144 1518 3299 1573 callis
3320 1528 3406 1572 est

1824 1614 2073 1675 Domino,
2104 1614 2152 1665 id
2190 1624 2299 1678 est,
2339 1629 2367 1665 a
2396 1614 2661 1667 Creatore
2694 1613 3075 1666 miiversorum
3108 1610 3403 1679 accipiens.

1820 1716 1879 1759 ut
1916 1707 2030 1760 haec
2089 1704 2295 1772 inlligat
2344 1705 2599 1759 Sodomis
2627 1714 2681 1760 et
2712 1704 3057 1767 Gomorrliis,
3102 1719 3222 1773 qum
3254 1704 3405 1758 Scri-

1818 1808 1979 1865 ptura
2004 1808 2289 1850 enumerat
2322 1798 2406 1851 his
2440 1798 2624 1851 verbis
2659 1812 2674 1850 :
2712 1815 2729 1845 ι
2767 1798 3030 1850 Dominus
3065 1794 3202 1864 pluit
3234 1810 3403 1864 super

106 1884 496 1956 καταριθμεῖ,
542 1886 711 1950 οὑτως
776 1887 977 1941 εἰπών·
1023 1908 1040 1939 ι
1088 1889 1291 1961 Κύριος
1358 1887 1576 1959 ἔϐρεξεν
1624 1888 1708 1939 ἐπὶ

1820 1890 2112 1945 Sodoinam
2144 1900 2199 1944 et
2246 1890 2611 1944 Gomorrham
2664 1890 2899 1961 sulphur
2924 1899 2981 1945 et
3019 1889 3197 1959 ignem
3228 1903 3259 1943 ε
3294 1889 3401 1944 Do-

106 1978 331 2049 Σόᾶομα
358 1980 453 2032 καὶ
480 1980 733 2051 Γόμορρα
768 1980 910 2035 θεῖον
937 1982 1030 2034 καὶ
1074 1982 1186 2053 πῦρ
1220 1982 1370 2053 παρά
1411 1981 1618 2053 Κυρίου
1648 1984 1712 2033 ἐκ

105 2070 205 2122 τοῦ
236 2070 302 2124 οὑ
314 2071 501 2140 ρανοῦ.
529 2091 547 2123 ι

180 2161 279 2215 57.
316 2163 431 2215 Καὶ
463 2164 491 2216 ὁ
538 2162 791 2233 Τρύφων,
829 2166 1155 2237 σιγήσαντός
1199 2183 1325 2235 μου,
1368 2160 1523 2219 εἶπεν
1546 2184 1558 2195 ·
1594 2166 1714 2218 ’Ὁτι

113 2252 222 2320 μὲν
258 2255 292 2323 ἠ
334 2253 529 2324 Γραςρὴ
566 2254 722 2308 τοῦτο
751 2255 1050 2321 ἀναγκάζει
1086 2254 1372 2325 ὁμολογεῖν
1401 2257 1569 2327 ἡμᾶς,
1597 2254 1715 2322 φαί-

109 2358 269 2393 νεται
288 2360 303 2371 '
340 2344 423 2395 ὅτι
449 2343 504 2396 δὲ
528 2344 800 2415 ἀπορῆσαι
818 2345 965 2411 ἀξιον
987 2349 1103 2398 ἐστι
1131 2346 1257 2417 περὶ
1274 2346 1364 2399 τοῦ
1391 2346 1708 2417 λεγομένου,

108 2432 197 2483 ὃτι
232 2433 409 2503 ἔφαγε
440 2435 508 2488 τὰ
530 2435 633 2488 ὑπὸ
652 2435 743 2489 τοῦ
795 2437 1043 2508 Ἀϐραὰμ
1076 2437 1589 2492 κατασκευασθέντα
1619 2440 1712 2491 καὶ

111 2526 522 2596 παρατεθέντα,
557 2528 653 2581 καὶ
678 2530 741 2581 σὺ
776 2528 841 2583 ἂν
876 2530 1289 2601 ὁμολογήσειας.

185 2706 365 2777 Κάγὼ
402 2708 821 2780 ἀπεκρινάμην·
863 2711 982 2763 Ὅτι
1026 2712 1121 2782 μὲν
1154 2710 1464 2783 βεϐρωκασι
1500 2714 1691 2783 γέγρα-

111 2816 283 2853 πται⁶
318 2802 368 2853 εί
402 2801 459 2853 δὲ
491 2802 616 2865 τοὺς
639 2804 786 2871 τρεῖς
802 2802 1136 2876 ἀκούσαιμεν
1162 2803 1413 2873 λελέχθαι
1433 2804 1709 2876 βεϐρωκέ-

112 2910 228 2955 ναι,
266 2893 363 2947 καὶ
398 2894 473 2964 μὴ
498 2894 624 2955 τοὺς
647 2893 742 2948 δύο
770 2893 982 2964 μόνους,
1021 2896 1214 2959 οἵτινες
1246 2896 1467 2963 ἄγγελοι
1501 2896 1576 2967 τῷ
1596 2897 1709 2949 ὄντι

120 2979 289 3051 ἦσαν,
333 2986 429 3037 καὶ
468 2987 523 3036 ὲν
547 2986 659 3047 τοῖς
704 2985 975 3055 οὐρανοῖς,
1036 2986 1111 3051 ὠς
1153 2986 1312 3055 δῆλόν
1353 2989 1501 3040 ἐστιν
1540 2991 1705 3059 ἡμῖν,

113 3078 473 3147 τρεφόμενοι,
505 3076 607 3130 κᾶν
628 3078 703 3148 μὴ
726 3078 920 3149 ὁμοίαν
946 3077 1151 3149 τροφὴν
1179 3072 1321 3151 ᾗπερ
1352 3082 1401 3132 οί
1432 3078 1707 3150 ἅνθρωποι

114 3168 403 3239 χρώμεθα,
422 3170 713 3243 τρέφονται
733 3187 745 3200 ’
782 3188 846 3223 πε
858 3172 909 3239 pl.
934 3170 1042 3243 γὰρ
1058 3171 1157 3240 τῆς
1189 3172 1393 3244 τροφῆς
1418 3173 1509 3226 τοῦ
1532 3174 1707 3243 μάννα

116 3266 182 3330 ἣν
206 3265 520 3334 ἐτράφησαν
539 3265 586 3316 οἱ
618 3263 852 3335 πατέρες
874 3263 1028 3333 ὑμῶν
1055 3266 1188 3335 έντῇ
1211 3266 1307 3336 ὲρή
1319 3282 1424 3334 μῳ,
1454 3267 1485 3335 ἡ
1522 3266 1709 3338 Γραφὴ

116 3355 264 3410 οὕτω
300 3357 471 3425 λέγει,
519 3358 600 3409 ὅτι
643 3356 808 3428 ἄρτον
851 3355 1101 3424 ἀγγέλων
1136 3358 1369 3426 ἔφαγον·
1406 3361 1613 3429 εἴποιμ’
1642 3359 1707 3412 ἂν

115 3452 200 3502 ὅτι
234 3450 264 3500 ὁ
293 3448 452 3516 λόγος
477 3449 505 3500 ὁ
527 3448 700 3517 λέγων
732 3448 1089 3522 βεϐρωκέναι,
1122 3448 1292 3513 οὕτως
1336 3452 1402 3503 ἂν
1437 3451 1607 3519 λέγοι,
1632 3452 1707 3513 ὡς

120 3543 185 3594 ἂν
220 3540 314 3595 καὶ
349 3541 502 3594 αὑτοὶ
549 3542 797 3612 εἴποιμεν
846 3543 939 3595 ἐπὶ
980 3543 1174 3613 πυρὸς,
1208 3544 1290 3596 ὅτι
1338 3544 1513 3596 πάντα
1547 3544 1707 3596 κατέ-

119 3652 323 3703 ιξαγεν·
355 3632 490 3687 ἀλλὰ
514 3632 586 3704 μὴ
612 3633 829 3697 πάντως
868 3634 1023 3687 τοῦτο
1072 3631 1371 3697 ἐξακούειν,
1411 3637 1493 3689 ὅτι
1526 3636 1705 3690 ὀδοῦσι

122 3728 216 3780 καὶ
251 3725 469 3793 γνάθοις
510 3725 822 3797 μασώμενοι
868 3728 1223 3801 βεϐρὼκασιν.
1266 3731 1425 3783 Ὥστε
1464 3730 1584 3784 οὑδὲ
1619 3732 1705 3783 έν-

122 3818 294 3872 ταῧθα
316 3820 699 3890 ἀπορήσαιμεν
731 3819 797 3873 ἂν
829 3822 957 3893 περὶ
994 3822 1229 3905 οὐδενὸς,
1262 3824 1308 3876 εί
1342 3822 1701 3895 τροπολογίας

122 3918 370 3984 ἔμπειροι
408 3913 511 3966 κᾶν
546 3915 739 3985 μικρὸν
770 3915 1152 3988 ὑπερέχωμεν.

192 4006 346 4059 Καὶὸ
372 4004 605 4077 Τρύφων
626 4023 638 4035 ο
670 4007 900 4060 Δυνατὸν
942 4007 1230 4063 καὶταῦτα
1271 4008 1403 4063 οὗτοι
1436 4008 1704 4081 θεραπευ-

124 4098 276 4168 θῆναι
299 4097 425 4168 περὶ
447 4098 648 4170 τρόπου
681 4096 956 4170 βρώσεως,
983 4102 1114 4172 παρ’
1142 4100 1201 4154 ὃν
1226 4100 1438 4154 ἀναλώο
1506 4118 1610 4164 τας
1636 4098 1703 4152 τὰ

125 4190 639 4259 παρασκευασθέντα
665 4191 769 4244 ὑπὸ
809 4191 899 4245 τοῦ
946 4192 1213 4265 Ἀϐραὰμ,
1248 4194 1497 4265 βεὸρωκε
1541 4210 1591 4246 λι
1616 4210 1703 4262 γε-

125 4283 433 4355 γραμμένον
478 4284 657 4337 ἐστίν·
702 4285 842 4339 ὥστε
879 4286 1039 4359 ἔρχου
1084 4287 1185 4358 ήδη
1228 4286 1527 4342 ἀποδώσων
1592 4289 1701 4357 ημῖν

124 4370 212 4421 τὸν
232 4369 403 4437 λόγον,
434 4370 551 4435 πῶς
579 4369 733 4438 οὗτος
757 4374 877 4445 ὁτῷ
915 4374 1165 4447 ’Λὸραάμ
1190 4376 1382 4446 ὀφθεὶς
1414 4377 1569 4442 Θεὸς,
1605 4379 1698 4431 καὶ

126 4460 395 4533 ὑπηρέτης
427 4461 503 4515 ὢν
546 4462 636 4517 τοῦ
681 4466 903 4537 ποιητοῦ
948 4466 1056 4520 τῶν
1100 4468 1238 4523 ὅλων
1276 4469 1437 4533 Θεοῦ,
1467 4470 1556 4523 διὰ
1602 4471 1697 4542 τῆς

129 4551 391 4624 Παρθένου
426 4553 730 4626 γεννηθεὶς,
776 4556 1061 4629 ἄνθρωπος
1112 4560 1448 4632 ὁμοιοπαθὴς
1492 4564 1693 4621 πᾶσιν,

123 4646 196 4710 ὡς
224 4646 481 4717 προέφης,
514 4646 760 4715 γέγονεν.

198 4738 378 4805 Κάγὼ,
406 4738 708 4810 Συγγώρει,
728 4734 773 4793 ὦ
798 4741 1053 4811 Τρύφων,
1080 4744 1365 4816 πρότερον,
1400 4738 1574 4809 εἷπον,
1598 4745 1693 4797 καὶ

148 4834 283 4896 illa;
313 4836 459 4897 τινας
483 4836 782 4901 ἀποδείξεις
826 4836 903 4907 τῷ
939 4840 1220 4911 κεφαλαίῳ
1252 4840 1426 4911 τούτῳ
1457 4858 1692 4909 συναγα-

145 4926 240 4987 ,τῖν
268 4922 350 4976 διὰ
378 4923 605 4988 πολλῶν,
642 4925 729 4979 ἵνα
758 4925 850 4978 καὶ
878 4927 1034 4997 ὑμεῖς
1065 4930 1419 5000 πεπεισμένοι
1444 4930 1537 4982 καὶ
1562 4932 1690 5002 περὶ

135 5016 305 5069 τούτου
336 5012 455 5087 ἦτε,
478 5016 575 5071 καὶ
611 5019 748 5087 μετὰ
787 5019 944 5073 τοῦτο
980 5020 1040 5073 ὃν
1078 5022 1329 5086 ἀπαιτεῖς
1367 5022 1526 5091 λόγον
1554 5024 1690 5077 ἀπο-

127 5108 291 5163 δώσω.

195 5200 465 5263 Κάκεῖνος·
485 5200 580 5265 Ὧς
612 5218 693 5255 σοι
724 5201 887 5268 δοκεῖ,
905 5204 1029 5275 ἔφη,
1046 5210 1250 5277 πρᾶττε
1270 5224 1282 5236 ·
1310 5208 1405 5261 καὶ
1433 5209 1558 5279 ἐμοὶ
1584 5211 1688 5280 γὰρ

136 5292 261 5346 πάνυ
291 5292 524 5363 ποθητὸν
552 5294 784 5364 πρᾶγμα
817 5296 1066 5367 πράξεις.

70 5458 73 5463 η
197 5384 280 5439 58.
309 5382 479 5453 Κάγὼ
504 5379 656 5440 εἶπον
676 5404 689 5416 ·
724 5388 942 5461 Γραφέις
984 5390 1112 5461 ὑμῖν
1147 5392 1451 5463 ἀνιπορείν
1492 5392 1689 5461 μέλλω,

130 5477 183 5527 ’,ὑ
207 5474 535 5546 κατασκευὴν
580 5475 753 5545 λόγων
794 5481 853 5532 ἐν
886 5480 1022 5551 μόνῃ
1072 5481 1236 5554 τέχνῃ
1286 5481 1692 5536 ἐπιδείκνυσθαι

128 5564 324 5621 σπεύδω
348 5582 360 5593 ⁸
391 5566 512 5620 οὑδὲ
551 5568 659 5639 γὰρ
696 5569 922 5641 δύναμις
967 5573 1091 5644 ἐμοὶ
1138 5575 1361 5647 τοιαύτη
1397 5575 1480 5639 τίς
1520 5577 1688 5640 ἐστιν,

227 5746 266 5783 ⁸⁷
284 5746 414 5801 Gen.
456 5763 541 5799 λιι
570 5787 583 5811 ,
628 5750 805 5802 lli-'15.

1821 1986 1969 2038 mino
2005 1984 2072 2037 de
2089 1982 2251 2037 coelo.
2281 2000 2300 2031 ι

2012 2133 2203 2204 Objirit
2228 2138 2453 2188 Judwus
2480 2151 2575 2188 rur
2612 2136 2899 2189 comedisse
2938 2136 3156 2190 dicatur
3186 2138 3233 2191 si
3261 2135 3399 2191 Deus

1816 2241 1912 2284 est.
1940 2229 2227 2293 Responsio
2251 2228 2481 2283 Justini.
2516 2259 2585 2267 ——
2616 2229 2715 2283 llic
2753 2228 2993 2299 Trypho,
3027 2239 3239 2285 tacente
3270 2245 3352 2285 me
3380 2249 3396 2283 :

1814 2326 1988 2391 Atque
2015 2321 2067 2375 id
2085 2323 2304 2391 quidem
2330 2332 2387 2375 ut
2414 2322 2701 2381 fateamur.
2722 2322 2921 2390 inquit,
2940 2338 2968 2374 a
2997 2321 3276 2390 Scriptura
3305 2338 3405 2376 nos

1818 2416 1931 2484 cogi
1968 2414 2317 2468 manifestum
2336 2424 2449 2478 est;
2481 2415 2576 2468 sed
2604 2411 2748 2482 quod
2776 2424 2961 2482 parata
2994 2416 3063 2469 ab
3089 2414 3402 2469 Abraltanto

1815 2520 1870 2563 et
1898 2508 2147 2578 apposita
2194 2509 2503 2563 comedisse
2549 2508 2774 2571 dicitur,
2819 2506 2868 2559 id
2903 2507 3125 2575 dignum
3168 2522 3287 2562 esse
3335 2508 3401 2561 de

1814 2618 1920 2669 quo
1954 2601 2281 2669 ambigatur,
2316 2614 2382 2653 ue
2411 2601 2527 2668 ipse
2549 2600 2774 2668 quidem
2816 2601 3121 2669 negaveris.

1887 2696 2023 2748 'l'um
2054 2710 2157 2765 ego
2189 2711 2203 2748 :
2238 2695 2516 2762 Scriptum
2552 2696 2603 2748 id
2630 2695 2851 2761 quidem
2881 2704 2988 2759 est,
3031 2694 3275 2759 inquam,
3302 2706 3400 2746 eos

1812 2790 2140 2843 comedisse.
2166 2787 2323 2854 Quod
2341 2787 2558 2856 quidem
2594 2788 2639 2841 si
2672 2787 2741 2841 de
2779 2786 2954 2840 tribus
2992 2787 3199 2840 dictmn
3226 2786 3393 2839 inter—

1814 2891 2114 2948 preteiuur,
2146 2894 2210 2933 ac
2237 2895 2346 2933 non
2382 2879 2449 2933 de
2497 2878 2605 2931 illis
2650 2878 2824 2933 solum
2877 2877 3114 2939 duobus,
3147 2876 3237 2943 qui
3272 2890 3399 2928 vere

1811 2972 1985 3042 angeli
2025 2982 2203 3035 erant,
2244 2984 2300 3025 et
2333 2974 2384 3024 in
2416 2969 2578 3033 cmlo,
2607 2980 2667 3022 ut
2719 2969 2876 3023 nobis
2913 2970 3103 3033 liquet,
3140 2968 3395 3020 nutriun-

1814 3078 1921 3129 tur,
1949 3065 2200 3133 quamvis
2236 3080 2343 3118 non
2381 3064 2599 3125 eadem,
2635 3078 2698 3115 ac
2734 3076 2833 3115 nos
2865 3061 3136 3121 homines,
3172 3068 3396 3112 utantur

1814 3157 2072 3211 alimonia
2101 3158 2249 3227 (nam
2272 3159 2340 3210 de
2359 3157 2451 3208 illo
2485 3153 2872 3223 mannte'cibo,
2895 3168 3003 3222 quo
3028 3160 3211 3221 patres
3229 3151 3393 3204 vestri

1817 3252 1869 3305 in
1898 3253 2118 3305 deserto
2160 3250 2437 3311 vixerunt,
2477 3248 2769 3316 Scriptura
2805 3244 3170 3315 sicloquitur,
3209 3255 3267 3297 ut
3302 3258 3397 3299 eos

1813 3363 2003 3416 panem
2035 3345 2345 3416 angelorum
2366 3347 2726 3399 manducasse
2747 3344 2939 3412 dicat),
2968 3341 3222 3406 equidem
3248 3342 3395 3395 exis-

1814 3439 2340 3511 timaverim,_qnod
2381 3436 2669 3505 Scriptura
2707 3453 2801 3491 eos
2840 3436 3204 3489 manducasse
3238 3435 3393 3500 dicit,

1812 3531 1952 3586 idem
1980 3529 2164 3585 valere
2195 3547 2259 3585 ac
2288 3530 2333 3584 si
2367 3531 2432 3585 de
2455 3530 2578 3599 igne
2619 3529 2890 3593 dicamus,
2924 3528 3107 3581 onmia
3148 3543 3273 3581 cum
3298 3528 3393 3582 de-

1812 3638 2069 3687 vorasse;
2095 3624 2324 3677 minime
2359 3638 2488 3677 vero
2524 3622 2596 3675 ita
2631 3636 2753 3675 esse
2782 3620 3187 3689 accipiendum,
3224 3630 3395 3673 utens

1808 3716 2067 3770 dentibus
2102 3724 2157 3769 et
2204 3714 2442 3769 maxillis
2505 3714 2835 3767 mandentes
2897 3713 3080 3767 edisse
3124 3712 3388 3767 dicamus.

1808 3809 1987 3875 Quare
2023 3823 2089 3862 ne
2108 3808 2196 3861 hic
2230 3807 2450 3877 quidem
2488 3807 2591 3859 ulla
2620 3806 2687 3860 de
2725 3822 2781 3861 re
2818 3804 3167 3870 hierebimus,
3204 3804 3249 3859 si
3280 3815 3392 3859 tru-

1806 3903 2035 3972 pologia:
2064 3901 2145 3955 vel
2160 3902 2344 3956 levem‘
2371 3914 2527 3953 usum
2556 3899 2879 3953 habeamus.

1880 3994 1946 4049 Et
1981 3993 2199 4064 Trypho
2243 3990 2419 4048 :Haec
2464 3991 2684 4061 quidem
2725 3991 2807 4043 sic
2856 3988 3010 4044 leniri
3056 3995 3112 4042 et
3148 3987 3391 4057 expediri

1807 4095 2056 4155 possunt,
2100 4085 2144 4138 si
2197 4084 2564 4152 distinguatur
2612 4081 2805 4136 edendi
2845 4083 3077 4143 tnodus,
3118 4090 3393 4150 quatenus

1804 4180 2146 4246 consumptis
2191 4192 2311 4245 qua:
2363 4176 2429 4230 ab
2464 4173 2781 4229 Abrahamo
2804 4182 3108 4248 praeparata
3148 4173 3387 4235 fuerant,

1803 4287 1897 4326 eos
1934 4271 2116 4326 edisse
2141 4272 2406 4340 scriptmn
2445 4278 2552 4323 est.
2575 4268 2757 4336 Quare
2777 4268 2886 4336 jam
2914 4267 3211 4337 aggredere
3238 4265 3302 4317 ad
3333 4264 3387 4318 id

1804 4364 1962 4418 nobis
1986 4362 2391 4431 explicandum,
2415 4360 2687 4429 quomodo
2714 4358 2855 4411 Deus
2886 4356 2996 4417 ille,
3026 4355 3117 4424 qui
3154 4352 3388 4406 Abrahae

1803 4458 2073 4527 apparuit,
2119 4464 2175 4509 et
2226 4455 2490 4508 creatoris
2534 4454 2916 4506 universorum
2983 4450 3075 4503 Dei
3138 4449 3386 4502 minister

1802 4562 1906 4619 est,
1928 4565 1995 4606 ex
2020 4547 2242 4618 Virgine
2268 4548 2506 4618 genitus,
2538 4545 2701 4601 homo
2754 4543 2953 4598 similia
2988 4542 3241 4598 onutibus
3266 4556 3388 4612 per-

1729 4613 1773 4667 D
1804 4645 2007 4712 ferens,
2032 4654 2089 4696 ιιι
2114 4642 2225 4710 jam
2262 4642 2474 4707 dixisti,
2503 4640 2688 4695 factus
2712 4640 2801 4692 sit.

1875 4742 1945 4792 At
1974 4752 2108 4808 ego:
2138 4736 2300 4791 Prius
2347 4750 2443 4805 per
2484 4746 2536 4785 te
2599 4733 2729 4785 mihi
2764 4732 2952 4796 liceat,
2997 4728 3246 4800 Trypho,
3279 4727 3386 4781 alia

1802 4832 2052 4903 quaedam
2090 4838 2410 4901 argumenta
2449 4827 2515 4881 ad
2563 4826 2664 4881 hoc
2695 4834 2856 4893 caput
2894 4823 3141 4893 pluribus
3167 4822 3387 4875 demon-

1800 4927 2088 4981 strandum
2119 4923 2405 4993 colligere,
2442 4928 2571 4974 utet
2594 4920 2747 4973 vobis
2781 4918 2833 4971 id
2884 4930 3102 4985 quoque
3131 4913 3385 4984 esplora-

1802 5030 1917 5074 tmn
1953 5018 2066 5086 sit;
2094 5032 2156 5073 ac
2175 5027 2360 5087 postea
2391 5014 2621 5085 petitum
2650 5026 2679 5065 a
2713 5021 2764 5065 te
2797 5024 3107 5065 sermonem
3138 5007 3382 5060 reddant.

1875 5202 2012 5256 Tum
2048 5198 2327 5263 illezFac,
2356 5199 2551 5269 inquit,
2590 5209 2648 5252 ιιι
2674 5197 2767 5252 tibi
2800 5196 3044 5261 videtur;
3076 5196 3207 5250 mihi
3235 5195 3380 5255 enim

1804 5310 1917 5348 rem
1947 5303 2189 5363 Optatam
2216 5293 2405 5347 facies.

1870 5385 1961 5443 58.
2000 5386 2150 5439 Idem
2188 5385 2442 5454 probatur
2464 5398 2529 5437 ea:
2556 5382 2840 5437 visionibus
2869 5379 3036 5434 Iacob
3085 5378 3380 5433 oblatis.—

1804 5482 1871 5536 Et
1900 5496 2004 5552 ego
2037 5481 2149 5536 dixi
2184 5497 2199 5533 :
2235 5476 2548 5547 Scripturas
2582 5477 2735 5533 vobis
2776 5474 3035 5541 referam,
3072 5489 3173 5530 nec
3208 5488 3379 5543 appa-

1802 5584 1983 5628 ratum
2016 5573 2311 5628 verborum
2364 5571 2432 5625 ad
2479 5570 2650 5625 solam
2690 5580 2861 5625 artem
2908 5577 3182 5624 ostentare
3219 5568 3374 5637 vola;

191 5906 291 5973 (δίἰ)
316 5906 797 5985 Πίοσεᾶθίετιυικ
827 5906 1145 5980 Sylburgius
1175 5906 1459 5981 legendum
1505 5919 1658 5981 putat
1704 5929 1708 5962 τ

1814 5909 2171 5965 απελθύντων.
2213 5910 2491 5969 Tltirlbius
2532 5914 2912 5986 :po;}.'.l’ntmv.
