4108 6444
685 369 791 424 607

1608 369 1667 425 S.
1709 365 1978 424 IUSTINI
2017 368 2431 426 PHILOSOPHI
2467 372 2554 427 ET
2589 370 2949 428 MAh'IVRIS

3869 368 3997 424 608

689 498 866 556 neque
886 487 1032 542 enim
1062 487 1192 542 mihi
1232 496 1316 542 est
1341 484 1604 554 ejusmodi
1631 485 1891 552 facultas,
1923 489 2016 542 sed
2057 496 2268 541 tantnnt

2390 489 2507 541 ὶλλὰ
2545 492 2703 560 χάρις
2729 489 2882 560 παρά
2914 484 3048 539 Θεοῦ
3081 484 3219 554 μόνη
3235 484 3315 546 είς
3339 482 3396 536 τὸ
3432 481 3674 536 συνιέναι
3703 483 3799 545 τὰς
3828 481 3994 552 Γρα-

688 579 867 648 gratia
900 579 1034 634 mihi
1083 594 1113 630 a
1159 579 1266 632 Deo
1290 592 1578 643 concessa,
1623 588 1680 631 ut
1709 576 1827 644 ejus
1859 578 2170 648 Scripturas
2195 581 2277 632 in-

688 671 978 740 telligam;
1024 670 1180 737 cujus
1223 672 1416 739 gratiae
1459 685 1652 724 omnes
1685 673 1950 726 adhortor
1995 681 2054 725 ut
2105 673 2275 742 gratis

685 772 740 817 et
775 765 996 833 copiose
1024 764 1321 834 participes
1347 761 1501 826 ﬂant,
1532 777 1598 816 ne
1621 763 1698 816 vel
1729 763 1834 817 hac
1860 765 1927 818 de
1945 779 2113 820 causa
2145 778 2276 818 con-

687 856 916 912 demner
941 858 994 910 in
1017 856 1261 928 judicio,
1289 857 1682 922 quodccreator
1710 855 2089 910 universorum
2131 855 2274 911 Deus

684 960 783 1018 per
809 947 1099 1002 Dominum
1129 961 1310 1000 meum
1336 943 1524 998 Iesum
1553 944 1831 1000 Christum
1880 947 2122 1002 facturus
2161 957 2268 1001 est.

761 1035 922 1109 155
952 1035 1052 1092 Hic
1076 1035 1333 1108 Trypho:
1370 1037 1547 1105 Digne
1599 1037 1820 1106 quidem
1851 1038 2116 1108 religione
2168 1039 2272 1096 hoc

683 1126 851 1181 etiam
881 1125 1054 1191 facis;
1090 1128 1188 1181 sed
1247 1127 1389 1180 mihi
1429 1127 1872 1182 dissimulatione
1920 1129 1996 1183 uti
2045 1131 2273 1197 videris,

685 1231 809 1271 eum
843 1227 896 1272 te
923 1219 1194 1274 orationis
1223 1219 1458 1274 artiﬁcio
1480 1220 1753 1275 distinctae
1775 1220 2091 1277 facultatem
2120 1239 2274 1279 asse-

684 1320 874 1364 cutum
916 1327 1101 1378 negas.

756 1401 967 1458 Rursus
989 1420 1132 1475 ego:
1181 1405 1474 1473 Quoniam,
1513 1409 1755 1476 inquam,
1791 1409 1911 1466 btec
1960 1411 2036 1466 ita
2084 1426 2142 1466 se
2173 1413 2271 1465 ba-

682 1492 818 1549 bere
855 1496 954 1550 tibi
984 1498 1256 1561 videntur,
1289 1502 1362 1556 ita
1420 1515 1554 1556 sane
1598 1502 1870 1567 habeant;
1914 1504 2049 1558 mibi
2090 1514 2272 1558 autent

682 1601 1006 1655 persuasum
1041 1602 1126 1645 est
1168 1607 1356 1646 verum
1404 1608 1528 1650 esse
1554 1596 1698 1665 quod
1747 1596 2015 1650 dixeram.
2071 1596 2179 1652 Sed
2216 1605 2275 1650 ut

677 1681 792 1751 jam
834 1681 1076 1753 reliquas
1126 1685 1314 1752 potius
1381 1688 1887 1744 demonstrationes
1949 1704 2269 1759 persequar,

683 1773 924 1828 animum
963 1775 1210 1833 adverte.

756 1863 1032 1935 Loquere,
1063 1851 1245 1938 inquit
1272 1870 1380 1924 ille.

755 1959 891 2015 Tum
917 1976 1021 2030 ego
1048 1981 1060 2016 :
1091 1963 1302 2019 Rursus
1332 1979 1362 2019 a
1389 1964 1597 2037 Moyse,
1627 1965 1874 2037 inquam,
1896 1967 2116 2038 fratres,
2135 1970 2272 2024 scri-

684 2061 836 2119 ptum
877 2064 963 2106 est
999 2054 1174 2122 ipsqu
1225 2054 1400 2118 illum,
1427 2057 1520 2124 qui
1565 2057 1712 2112 visus
1767 2058 2102 2128 patriarcltis
2132 2061 2273 2116 Deus

683 2141 909 2209 dicitur,
967 2143 1238 2214 Angelum
1285 2157 1338 2200 et
1379 2146 1664 2203 Dominum
1705 2152 1911 2212 voeari.
1948 2161 2007 2205 ut
2061 2169 2126 2208 ex
2189 2153 2274 2208 his

683 2236 848 2289 etiam
879 2239 1228 2307 cognoscatis
1263 2253 1386 2294 eum
1440 2242 1655 2310 parenti
1692 2242 2077 2298 universorum
2115 2245 2276 2299 mini-

683 2334 885 2392 strare,
915 2326 1383 2395 quemadmodum
1430 2329 1540 2398 jam
1583 2332 1796 2386 assensi
1831 2331 1991 2398 estis,
2027 2341 2085 2385 et
2136 2346 2274 2386 cou-

681 2425 896 2472 stanter
929 2420 1176 2490 pluribus
1201 2424 1539 2493 argumentis
1559 2437 1884 2494 persuasum
1913 2424 2118 2478 habere
2152 2441 2276 2495 per-

683 2509 843 2580 getis.
882 2509 1147 2568 Referens
1203 2516 1370 2585 igitur
1425 2533 1520 2586 per
1553 2517 1792 2588 Moysctn
1847 2517 2064 2572 divinus
2089 2532 2276 2573 sermo

681 2615 746 2656 ea
808 2617 930 2672 qua:
989 2602 1157 2660 Iacob
1220 2607 1454 2661 Abrahae
1521 2618 1772 2677 nepotem
1835 2618 2129 2679 spectant,
2201 2611 2277 2664 ita

687 2693 974 2764 loquitur:
1037 2715 1056 2748 ι
1091 2696 1157 2751 Ει
1201 2695 1411 2751 factum
1450 2708 1559 2764 est,
1604 2702 1825 2769 quando
1888 2702 2276 2771 concipiebant

684 2802 817 2844 oves
853 2788 906 2841 in
942 2799 1100 2842 utero
1151 2792 1522 2860 accipientes,
1570 2803 1627 2845 et
1686 2794 1797 2847 vidi
1839 2809 1935 2850 ests
1991 2795 2167 2849 oculis
2221 2796 2274 2847 in

684 2881 920 2934 somnis.
960 2881 1026 2936 Et
1057 2897 1189 2937 ecce
1227 2884 1391 2947 hirci,
1417 2893 1474 2938 et
1498 2886 1701 2939 arietes
1723 2887 2083 2943 ascendentes
2113 2901 2279 2956 super

684 2993 817 3032 oves
846 2986 905 3034 et
930 2994 1150 3048 capras,
1193 2980 1428 3043 subalbi,
1454 2988 1511 3034 et
1534 2983 1693 3045 varii,
1730 2991 1784 3035 et
1816 2981 2276 3050 ciueritiisparsi.

688 3068 756 3123 Et
795 3071 935 3125 dixit
977 3070 1113 3125 mihi
1172 3069 1401 3139 angelus
1463 3069 1561 3124 Dei
1612 3087 1709 3140 per
1759 3087 2052 3128 somnum:
2087 3071 2276 3137 Iacob,

2379 583 2484 648 φὰς
2521 580 2683 634 αὑτοῦ
2715 579 2872 649 ἐδόθη
2914 594 3035 648 μοι·
3063 571 3130 646 ἦς
3160 575 3383 646 χάριτος
3417 575 3511 627 κα).
3542 574 3754 638 πάντας
3776 590 3994 627 κοινω-

2377 674 2499 735 νοὺς
2527 670 2800 742 ἀμισθωτὶ
2831 670 2924 723 καὶ
2943 669 3192 738 ἀφθόνως
3207 664 3508 737 παρακαλῶ
3525 664 3791 735 γίνεσθαι,
3816 666 3993 727 ὅπως

2380 765 2452 834 μὴ
2488 766 2579 817 καὶ
2606 765 2794 816 τούτου
2830 764 2989 835 χάριν
3013 760 3194 832 κρίσιν
3233 759 3485 829 ὀφλήσω,
3517 759 3574 811 ὲν
3610 750 3755 831 ᾗπερ
3781 755 3994 828 μέλλει

2376 857 2552 927 κρίσει
2579 857 2708 927 (66)
2725 858 2810 911 διὰ
2838 856 2929 911 τοῦ
2948 857 3153 929 Κυρίου
3181 874 3280 928 μου
3307 855 3480 926 Ἰησοῦ
3503 853 3742 927 Χριστοῦ
3761 855 3791 910 6
3808 867 3996 921 ποιη-

2374 950 2473 1022 τὴς
2501 949 2610 1003 τῶν
2630 949 2769 1003 ὅλων
2801 949 2933 1014 Θεὸς
2968 951 3260 1005 ποιεῖσθαι.
3321 979 3328 982 -

2447 1043 2557 1095 Καὶ
2589 1045 2618 1096 6
2643 1042 2903 1114 Τρύφων·
2955 1041 3146 1106 Ἄξίως
3185 1041 3282 1112 μὲν
3330 1041 3642 1104 θεοσεϐείας
3682 1037 3996 1093 καὶτοῦτο

2375 1135 2654 1206 πράττεις·
2689 1132 3070 1205 εἰρωνεύεσθαι
3091 1132 3148 1184 δέ
3185 1151 3273 1203 μοι
3305 1133 3503 1202 δοκεῖς,
3538 1132 3713 1202 λέγων
3737 1131 3994 1201 δύναμιν

2375 1224 2549 1295 λόγων
2582 1227 2844 1297 τεχνικῶν
2881 1225 2956 1297 μὴ
2990 1224 3307 1296 κεκτῆσθαι.

2446 1426 2616 1495 Κάγὼ
2668 1426 2827 1482 πάλιν
2859 1428 3260 1501 ἀπεκρινάμην·
3323 1425 3474 1481 Ἐπεί
3509 1441 3590 1478 σοι
3622 1425 3770 1478 δοκεῖ
3794 1422 3995 1478 ταῦτα

2374 1518 2550 1582 οὕτως
2604 1519 2766 1589 ἔχειν,
2824 1522 3027 1592 ἐχέτω·
3065 1522 3176 1591 ἐγὼ
3207 1521 3263 1574 δὲ
3297 1520 3598 1588 πέπεισμαι
3645 1515 3860 1588 ἀληθῶς
3903 1512 4001 1568 εἷο

2375 1626 2462 1662 ναι
2483 1609 2615 1679 (67).
2657 1611 2793 1663 Ἀλλ’
2829 1611 2918 1666 ἵνα
2953 1612 3152 1683 μᾶλλον
3183 1612 3281 1675 τάς
3304 1610 3609 1676 ἀποδείξεις
3641 1607 3743 1672 τὰς
3774 1607 3992 1669 λοιπὰς

2377 1699 2476 1770 ἤδη
2515 1702 2852 1771 ποιήσωμαι,
2891 1702 3123 1773 πρόσεχε
3153 1703 3244 1755 τὸν
3276 1702 3420 1755 νοῦν.

2304 1847 2346 1902 Β
2448 1877 2738 1940 Κάκεῖνος
2776 1878 2936 1946 Λέγε.

2447 1967 2636 2037 Κάγώ·
2668 1970 2805 2022 ’Υπδ
2836 1971 3100 2034 Μωσέως,
3122 1963 3167 2024 ὦ
3187 1969 3423 2038 ἀδελφοὶ,
3449 1968 3610 2022 πάλιν
3633 1968 3987 2038 γέγραπται.

2377 2063 2582 2130 ἔλεγον,
2616 2062 2713 2114 ὃτο
2729 2057 2882 2126 οὗτος
2914 2063 2942 2114 6
2975 2062 3162 2131 ὀφθεὶς
3193 2064 3304 2125 τοῖς
3338 2060 3706 2131 πατριάρχαις
3738 2057 3986 2127 λεγόμε-

2376 2172 2463 2218 νος
2497 2154 2627 2218 Θεὸς
2663 2153 2796 2224 (68),
2852 2155 2946 2207 καὶ
2980 2153 3209 2222 άγγελος
3242 2153 3335 2205 καὶ
3369 2151 3573 2222 Κύριος
3606 2151 3846 2219 λέγεται,
3884 2151 3992 2202 ἵνα

2380 2247 2476 2300 καὶ
2508 2249 2572 2297 ὲκ
2605 2245 2811 2298 τούτων
2859 2244 3126 2314 ὲπιγνῶτε
3164 2245 3326 2299 αὐτὸν
3361 2241 3738 2314 ὑπηρετοῦντα
3759 2240 3837 2311 τῷ
3863 2241 3992 2292 τῶν

2377 2337 2515 2390 ὅλων
2550 2337 2744 2406 Πατρὶ,
2807 2335 2884 2399 ὡς
2932 2337 3032 2408 ἥδη
3091 2334 3410 2398 συνέθεσθε,
3466 2335 3561 2387 καί
3590 2331 3678 2384 διὰ
3712 2331 3992 2384 πλειόνων

2375 2429 2734 2498 πεπεισμένοι
2770 2428 3002 2498 βεϐαίως
3038 2430 3268 2499 μενεῖτε.
3322 2425 3716 2497 Ἐξηγούμενος
3759 2420 3853 2476 οὖν
3887 2423 3992 2476 διὰ

2378 2522 2622 2585 Μωσέως
2655 2523 2684 2573 6
2715 2521 2872 2589 λόγος
2904 2521 2997 2573 τοῦ
3047 2521 3181 2574 Θεοῦ
3214 2521 3284 2573 τὰ
3317 2519 3444 2591 περὶ
3492 2517 3690 2572 Ἰακὼϐ
3715 2517 3812 2570 τοῦ
3844 2519 3990 2569 υἱω-

2379 2614 2471 2667 νοῦ
2505 2613 2598 2666 τοῦ
2629 2613 2905 2686 Ἀϐραὰμ,
2946 2613 3118 2677 οὕτως
3153 2613 3320 2684 φησί·
3365 2633 3382 2663 t
3411 2612 3521 2666 Καὶ
3554 2610 3776 2680 ἐγένετο
3809 2610 3990 2681 ἡνίκα

2379 2706 2613 2759 ἑκίσσων
2661 2707 2729 2758 τὰ
2761 2705 3007 2778 πρόϐατα
3031 2707 3089 2756 ὲν
3123 2706 3323 2776 γαστρὶ
3361 2704 3731 2774 λαμϐάνοντα,
3769 2703 3864 2756 καὶ
3901 2697 3992 2755 εἷο

2378 2799 2467 2852 δον
2499 2802 2610 2861 τοῖς
2639 2797 2938 2868 ὀφθαλμοῖς
2998 2796 3136 2850 αὐτὰ
3180 2798 3238 2848 ὲν
3286 2795 3364 2866 τῷ
3409 2795 3583 2865 ὕπνῳ.
3620 2795 3731 2847 Καὶ
3763 2793 3898 2856 ἰδοὺ,
3934 2793 3990 2845 oi

2379 2891 2577 2962 τράγοι
2611 2891 2702 2943 καὶ
2735 2891 2784 2943 οἱ
2815 2889 2960 2960 κριοὶ
2985 2888 3368 2951 ἀναϐαίνοντες
3400 2887 3494 2940 ἐπὶ
3517 2887 3585 2940 τά
3614 2886 3867 2958 πρόϐατα
3885 2885 3994 2938 καὶ

2375 2983 2478 3046 τὰς
2525 2978 2706 3051 αἶγας,
2741 2982 3015 3035 διάλευκοι
3068 2983 3164 3034 καὶ
3217 2981 3452 3034 ποικίλοι
3504 2981 3595 3033 καὶ
3653 2978 3990 3039 σποδοειδεῖς

2383 3073 2585 3144 ραντοί,
2611 3076 2720 3127 Καὶ
2749 3070 2869 3126 εἶπέ
2907 3091 2995 3143 μοι
3015 3076 3042 3127 6
3073 3073 3302 3142 ἄγγελος
3330 3072 3424 3125 τοῦ
3447 3071 3582 3125 Θεοῦ
3611 3071 3734 3124 καθ’
3753 3070 3985 3134 ὕπνους·

686 3158 879 3216 Iacob.
921 3161 1036 3232 Ego
1067 3171 1249 3216 autem
1281 3163 1396 3216 dixi
1424 3179 1437 3216 :
1474 3161 1616 3228 Quid
1679 3172 1788 3226 est,
1820 3163 2088 3219 Domine?
2113 3153 2279 3218 et'di-

2390 3163 2601 3229 ἰακὼϐ,
2638 3165 2853 3220 Ἰακώϐ.
2886 3165 3029 3234 Ἐγὼ
3064 3166 3121 3219 δὲ
3161 3162 3332 3218 εἷπον·
3371 3165 3435 3217 Τί
3483 3169 3619 3229 ἐστι,
3647 3153 3992 3236 Κύριε;Καὶ

689 3254 809 3335 xit:
839 3253 1072 3325 Respice
1123 3253 1297 3308 oculis
1340 3255 1466 3317 tuis,
1504 3264 1560 3309 et
1623 3256 1746 3309 vide
1778 3255 1962 3311 hircos
1991 3266 2046 3311 et
2078 3256 2278 3310 arietes

689 3347 1053 3401 ascendentes
1082 3361 1249 3416 super
1282 3361 1412 3402 oves
1435 3360 1491 3403 et
1523 3365 1751 3419 capras,
1790 3349 2081 3413 subalbos,
2106 3359 2162 3403 et
2185 3361 2282 3403 va-

689 3438 826 3502 rios,
877 3446 935 3492 et
966 3437 1252 3493 ciueritios
1299 3456 1540 3508 sparsos.
1581 3442 1702 3498 Vidi
1751 3443 1912 3496 enim-
1943 3457 2283 3512 quaecunque

693 3527 790 3583 tibi
820 3527 1006 3583 Laban
1046 3528 1199 3585 facit.
1237 3530 1353 3601 Ego
1392 3547 1513 3586 sum
1569 3535 1736 3597 Deus,
1769 3534 1863 3602 qui
1899 3535 2130 3603 apparui
2183 3535 2282 3589 tibi

694 3623 746 3675 itt
777 3621 900 3676 loco
929 3621 1060 3677 Dei:
1103 3622 1195 3678 ubi
1255 3626 1465 3678 unxisti
1502 3624 1636 3678 mihi
1698 3625 1772 3680 ibi
1809 3625 2050 3690 titulum,
2101 3635 2156 3680 et
2189 3641 2286 3680 vo-

691 3714 822 3770 visti
882 3715 957 3770 ibi
997 3724 1210 3770 votum.
1247 3714 1402 3771 Nunc
1443 3717 1613 3788 igitur
1641 3718 1756 3782 exi,
1813 3727 1868 3772 et
1920 3732 2189 3788 consurge
2219 3719 2285 3772 de

694 3823 837 3864 terra
863 3808 985 3875 hac,
1025 3818 1080 3862 et
1142 3808 1230 3864 abi
1273 3809 1324 3863 itt
1371 3820 1578 3865 terram
1633 3813 2015 3882 generationis
2052 3822 2196 3878 tuae;
2230 3822 2285 3867 et

692 3918 791 3956 ero
833 3910 1010 3954 tecum
1046 3900 1144 3953 ⁸⁸.»
1193 3902 1374 3970 Atque
1431 3893 1768 3957 iterumalio
1817 3903 1939 3958 loco
1995 3905 2063 3959 de
2112 3901 2287 3959 Iacob

694 3994 946 4065 loquens,
991 3993 1064 4047 ita
1114 3993 1286 4048 dicit:
1330 4012 1349 4045 ι
1387 3992 1630 4062 Surgens
1655 4006 1836 4050 autem
1869 4005 2031 4050 nocte
2071 3995 2158 4048 illa
2191 4012 2284 4051 ac-

695 4088 844 4157 cepit
870 4087 1006 4142 duas
1048 4101 1270 4151 uxores,
1314 4096 1368 4140 et
1429 4086 1566 4140 duas
1605 4087 1855 4151 ancillas,
1910 4099 1967 4142 et
2031 4089 2285 4143 undecim

697 4181 956 4252 parvulos
982 4197 1147 4248 suos,
1180 4191 1237 4235 et
1270 4181 1528 4236 transivit
1555 4182 1850 4237 transitum
1876 4180 2067 4243 Iaboc.
2098 4192 2150 4238 et
2198 4200 2287 4238 ac-

697 4276 843 4343 cepit
876 4290 991 4337 eos,
1031 4285 1087 4328 et
1117 4275 1380 4328 transivit
1427 4283 1754 4340 torrentem,
1781 4282 1842 4328 et
1889 4274 2133 4330 traduxit
2163 4293 2278 4330 out-

701 4370 791 4424 nia
817 4384 937 4436 sua.
975 4369 1259 4422 Betuuusit
1314 4376 1497 4422 autent
1526 4366 1694 4422 Iacob
1727 4367 1914 4435 solus;
1948 4378 2000 4422 et
2038 4369 2284 4425 luctaba-

702 4470 791 4515 tur
814 4459 1041 4528 angelus
1074 4474 1198 4512 eum
1227 4473 1294 4513 eo
1331 4473 1505 4528 usque
1544 4473 1724 4513 mane.
1756 4457 1900 4512 Vidit
1928 4468 2131 4528 autem,
2158 4462 2286 4531 quia

2386 3253 2556 3309 εἶπεν·
2607 3257 2938 3327 Ἀνάϐλεψον
2976 3261 3087 3320 τοῖς
3119 3257 3418 3328 ὀφθαλμοῖς
3464 3274 3578 3322 σου,
3624 3259 3718 3310 καὶ
3752 3257 3829 3310 ἴδε
3853 3258 3990 3318 τοὺς

2383 3350 2619 3421 τράγους
2648 3354 2741 3402 καὶ
2792 3353 2918 3414 τοὺς
2951 3353 3138 3422 κριοὺς
3178 3351 3570 3413 ἀναϐαίνοντας
3613 3349 3706 3403 ἐπὶ
3738 3350 3808 3403 τὰ
3849 3352 3992 3422 πρό-

2387 3439 2528 3492 ϐατα
2551 3441 2646 3492 καὶ
2679 3439 2776 3503 τάς
2824 3435 3007 3508 αἶγας,
3042 3439 3358 3507 διαλεύκους
3421 3439 3514 3490 καὶ
3563 3437 3846 3500 ποικίλους
3891 3437 3993 3490 καὶ

2388 3532 2716 3594 σποδοειδεῖς
2763 3531 3012 3604 ραντούς.
3059 3529 3314 3604 Ἑώρακα
3358 3528 3470 3601 γὰρ
3518 3529 3622 3581 ὅσα
3656 3545 3737 3581 σοι
3790 3529 3989 3583 Λάϐαν

2388 3629 2548 3678 ποιεῖ.
2593 3624 2734 3693 Ἐγώ
2797 3627 2911 3695 εἰμι
2939 3626 2966 3677 6
2995 3624 3128 3686 Θεὸς
3187 3626 3214 3676 ὁ
3264 3621 3450 3690 ὀφθείς
3499 3638 3581 3674 σοι.
3633 3623 3693 3673 ὲν
3726 3620 3805 3691 τῷ
3833 3622 3992 3691 τόπῳ

2386 3717 2543 3782 Θεοῦ,
2585 3713 2646 3771 οὗ
2677 3717 2903 3788 ῆλειψάς
2935 3733 3024 3786 μοι
3044 3717 3158 3767 ἑ.κεί
3192 3713 3410 3784 στήλην,
3447 3714 3541 3766 καὶ
3574 3713 3723 3784 ηὔξω
3756 3715 3876 3766 ἐκεῖ
3903 3714 3992 3765 ει’›‹¹

2387 3812 2511 3881 χήν.
2544 3810 2658 3863 Νῦν
2691 3806 2784 3863 οὖν
2819 3808 2998 3873 ἔξελθε
3034 3808 3127 3861 καὶ
3160 3806 3428 3880 ἀνάστηθι
3486 3806 3594 3878 (69)
3630 3807 3694 3859 ὲκ
3750 3806 3852 3876 τῆς
3880 3805 3990 3877 γῆς

2387 3901 2611 3970 ταύτης,
2649 3901 2744 3953 κα)⁸
2790 3898 2989 3954 ἄπελθε
3033 3899 3112 3961 είς
3143 3897 3242 3968 τὴν
3274 3897 3378 3966 γῆν
3422 3898 3522 3969 τῆς
3553 3894 3822 3963 γενέσεώς
3868 3911 3987 3960 σου,

2389 3994 2484 4046 καὶ
2517 3993 2708 4062 ἔσομαι
2747 3992 2885 4061 μετά
2919 3989 3066 4044 σοῦ.»
3102 3991 3212 4043 Καὶ
3273 3988 3437 4041 πάλιν
3484 3990 3542 4040 ἐν
3583 3986 3764 4049 ἄλλοις
3801 3986 3986 4056 λόγοις

2389 4088 2517 4156 περὶ
2541 4084 2704 4139 αὑτοῦ
2728 4083 2822 4136 τοῦ
2857 4083 3054 4137 Ἰακὼϐ
3108 4080 3306 4150 λέγων,
3357 4079 3532 4144 οὕτως
3567 4079 3750 4150 φησίν·
3784 4098 3802 4129 t
3823 4080 3989 4133 Ἀνα-

2392 4179 2522 4241 στάς
2564 4180 2620 4230 δὲ
2645 4177 2746 4248 τὴν
2779 4176 2950 4230 νύκτα
2979 4177 3214 4247 εκείνην,
3249 4174 3407 4230 ἔλαϐε
3439 4174 3539 4236 τὰς
3567 4172 3661 4226 δύο
3691 4175 3984 4240 γυναῖκας,

2389 4274 2483 4325 καὶ
2511 4276 2609 4333 τὰς
2639 4270 2730 4323 δύο
2765 4269 3077 4333 παιδίσκας,
3121 4269 3216 4322 καὶ
3247 4266 3316 4321 τὰ
3347 4265 3540 4319 ἕνδεκα
3569 4264 3760 4318 παιδία
3791 4264 3984 4326 αὑτοῦ,

2390 4364 2484 4416 καὶ
2515 4362 2665 4432 διέϐη
2705 4360 2802 4432 τὴν
2835 4359 3084 4415 διάϐασιν
3117 4359 3210 4413 τοῦ
3247 4355 3458 4428 ’ῐαϐὡχ·
3513 4356 3606 4409 κει)⁵
3656 4355 3848 4409 ἐλαϐεν
3885 4357 3987 4408 αὑ-

2391 4454 2538 4516 τοὺς,
2567 4452 2661 4504 καὶ
2679 4450 2831 4523 διέϐη
2862 4451 2954 4505 τὸν
2988 4451 3346 4522 χειμάρρουν,
3382 4449 3475 4500 καὶ
3505 4446 3777 4501 διεϐίϐασε
3805 4446 3988 4500 πάντα

704 4570 814 4608 non
839 4554 978 4607 valet
1017 4569 1145 4622 erga
1187 4568 1311 4606 eum
1341 4569 1354 4605 :
1389 4561 1442 4605 et
1478 4551 1654 4621 tetigit
1683 4551 2029 4606 latitudinem
2063 4552 2280 4609 femoris

2395 4547 2466 4600 τὰ
2498 4545 2684 4600 αὑτοῦ.
2724 4545 3054 4616 ’Υπελείφθη
3084 4546 3142 4597 δὲ
3163 4542 3358 4597 Ἰακὼϐ
3393 4542 3571 4614 μόνος·
3603 4543 3698 4595 καὶ
3726 4541 3988 4593 ὲπάλαιεν

702 4647 846 4717 ejus,
877 4655 931 4700 et
957 4645 1230 4714 obtorpuit
1268 4645 1502 4698 latitudo
1535 4644 1763 4699 feruoris
1807 4642 2000 4710 Iacob,
2040 4646 2167 4699 dum
2209 4645 2292 4700 lu-

705 4749 886 4793 ctatur
914 4738 1030 4807 ipse
1096 4753 1220 4791 cum
1290 4753 1376 4794 eo.
1433 4736 1502 4790 Et
1562 4736 1703 4791 dixit
1751 4737 1842 4791 ei:
1910 4737 2130 4792 Dimitte
2183 4753 2288 4801 me,

706 4832 956 4888 ascendit
982 4833 1126 4886 enim
1161 4832 1484 4886 diluculum.
1535 4831 1607 4884 At
1639 4832 1732 4885 ille
1762 4832 1937 4884 dixit:
1969 4830 2088 4884 Non
2132 4841 2183 4885 te
2211 4831 2289 4884 di-

707 4926 918 4981 mittam
939 4969 952 4991 ,
984 4924 1085 4978 nisi
1120 4939 1204 4977 me
1235 4923 1598 4978 benedixeris.
1635 4922 1787 4977 Dixit
1815 4934 1996 4977 autem
2025 4925 2073 4978 ei
2095 4940 2108 4975 :
2133 4924 2288 4990 Quod

706 5027 788 5074 est
819 5033 1016 5072 nomen
1057 5018 1243 5072 tuttnt?
1281 5017 1352 5069 At
1382 5017 1470 5071 ille
1493 5017 1634 5070 dixit
1660 5035 1674 5070 :
1700 5016 1894 5075 Iacob.
1929 5018 1995 5073 Et
2022 5019 2162 5074 dixit
2191 5021 2240 5075 ei
2269 5037 2282 5072 :

709 5110 827 5164 Non
856 5111 1144 5164 vocabitur
1174 5109 1315 5163 ultra
1352 5124 1548 5162 nomen
1582 5119 1730 5162 tuum
1770 5107 1961 5176 Iacob,
1992 5112 2086 5166 sed
2121 5110 2288 5165 Israel

815 5248 860 5278 “’
879 5246 1019 5304 Gen.
1052 5263 1207 5310 xui,
1235 5245 1429 5300 10-15.

782 5363 912 5436 (66')
965 5364 1067 5436 ᾜςν
1110 5359 1260 5436 ᾗπερ
1279 5363 1495 5436 μέλλει·
1531 5363 1741 5429 κρίσει.
1773 5361 1837 5417 li.
1862 5376 1913 5416 e.
1945 5362 2004 5415 ἐν
2025 5364 2090 5431 τῇ
2121 5361 2299 5432 κρίσει

711 5433 903 5521 ἤνπερ
927 5433 1317 5521 μέλλειῒίΕυιΞ.
1348 5434 1586 5521 Pareae.

787 5497 898 5576 (67)
927 5497 1197 5576 ’ῘΑληθὼς
1226 5502 1397 5576 εἶναι.
1447 5506 1600 5572 Legit
1625 5503 1905 5559 Thirlbitts
1936 5499 2112 5566 ἄλλως
2130 5497 2292 5564 εἶναι,

714 5575 803 5628 vel
825 5575 1038 5645 ἀληθῶς
1072 5577 1263 5626 εἰπεῖν.
1296 5575 1394 5628 Cui
1436 5577 1649 5642 quidem
1683 5576 2012 5642 conjectura:
2038 5584 2296 5642 quantum

720 5638 1068 5699 tribuendum
1103 5647 1193 5706 sit,
1231 5638 1466 5697 aliut-unt
1493 5638 1917 5712 esttijtttltcittm.

791 5716 904 5785 (68)
943 5713 1009 5767 '0
1040 5716 1312 5782 ὀφθεὶς...
1340 5716 1662 5781 λεγόμενος
1696 5715 1860 5779 Θεός.
1899 5716 2193 5784 liespicere
2224 5714 2303 5764 vi-

719 5785 877 5838 detur
905 5787 970 5838 ad
1003 5786 1172 5856 ipsius
1209 5786 1298 5837 Dei
1349 5785 1535 5856 verba.
1565 5802 1684 5853 qme
1735 5803 1839 5838 non
1875 5789 2043 5842 multo
2073 5796 2190 5856 post
2220 5803 2302 5840 sc-

719 5866 979 5926 qttutttur.
1027 5853 1166 5922 Ἐγώ
1197 5857 1307 5928 εἰμι
1338 5856 1365 5907 ο
1397 5854 1528 5919 Θεὸς
1559 5857 1584 5907 ὁ
1619 5856 1802 5925 ὀφθείς
1846 5875 1944 5911 σοι.

2397 4640 2626 4709 ἄγγελος
2665 4641 2776 4712 (70)
2804 4641 2921 4711 μετ’
2956 4638 3122 4692 αὑτοῦ
3156 4637 3261 4699 ’ἐως
3307 4636 3472 4707 πρωϊ.
3528 4631 3648 4687 Εἷδε
3691 4634 3767 4698 δὲ,
3812 4634 3896 4685 ὃτι
3924 4634 3984 4685 οὐ

2397 4733 2619 4787 δύναται
2651 4735 2789 4805 πρὸς
2817 4733 2998 4797 αὐτὸν,
3023 4733 3115 4784 καὶ
3143 4731 3318 4800 ἥψατο
3349 4729 3443 4783 τοῦ
3481 4727 3719 4787 πλάτους
3747 4725 3841 4778 τοῦ
3880 4743 3986 4795 μη.

2401 4828 2495 4898 ροῦ
2530 4827 2718 4896 αὑτοῦ,
2754 4829 2847 4882 καὶ
2880 4827 3148 4897 ὲνάρκησε
3195 4825 3256 4876 τὸ
3291 4822 3490 4885 πλάτος
3520 4819 3614 4874 τοῦ
3655 4818 3829 4890 μηροῦ
3884 4821 3987 4871 Ἰαο

2398 4921 2516 4975 κὼϐ
2571 4924 2626 4974 ἐν
2661 4919 2738 4993 τῷ
2771 4919 3022 4974 παλαίειν
3056 4917 3218 4970 αὑτὸν
3276 4917 3392 4985 μετ’
3428 4912 3614 4968 αὐτοῦ.
3680 4911 3790 4964 Καὶ
3836 4907 3986 4965 εἶπεν

2399 5015 2568 5086 αὐτῷ·
2613 5013 2960 5069 Ἀπὸστειλόν
3007 5029 3093 5083 με·
3131 5008 3302 5078 ἀνέϐη
3347 5008 3459 5078 γὰρ
3507 5009 3535 5058 ὁ
3581 5004 3794 5076 ὄρθρος.
3844 5004 3900 5057 '0
3931 5004 3986 5056 δὲ

2401 5106 2571 5166 εἶπεν·
2611 5110 2682 5164 Οὐ
2713 5108 2786 5179 μή
2841 5125 2900 5160 σε
2933 5105 3258 5167 ἀποστείλω,
3304 5102 3399 5154 ἐὰν
3447 5101 3522 5172 μή
3561 5117 3626 5170 με
3664 5098 3982 5169 εὐλογήσης.

2482 5361 2593 5431 (69)
2621 5360 2864 5424 Ἔξελθε
2905 5359 3002 5412 καὶ
3049 5359 3366 5431 ἀνάστηθι.
3391 5356 3622 5431 Schema
3655 5361 3740 5431 est
3769 5350 3986 5431 plotlty-

2405 5421 2628 5497 stei‘on;
2661 5421 2794 5486 ordo
2834 5431 2979 5484 enim
3017 5445 3177 5484 verus
3203 5421 3285 5482 est
3344 5425 3611 5498 ἀνάστηθι
3650 5426 3746 5477 καί
3785 5421 3984 5488 ἔξελθε.

2407 5504 2564 5558 Sus.

2481 5574 2593 5643 (70)
2631 5573 2925 5640 Ἄγγελος.
2955 5569 3173 5643 Legitur
3206 5570 3257 5622 itt
3286 5567 3474 5622 Bibliis
3496 5566 3800 5643 ἄνθρωπος,
3831 5569 3986 5643 atque

2411 5638 2497 5696 ita
2553 5638 2838 5711 legendum
2887 5638 3048 5710 apud
3082 5640 3350 5693 Iustinum
3403 5638 3698 5711 contendit
3743 5638 3985 5711 eruditus

2415 5705 2776 5767 Lmtditiensis
2802 5705 2996 5773 editor,
3030 5724 3085 5764 ut
3115 5712 3252 5763 'tul‘rn
3287 5728 3338 5761 ιι.
3370 5705 3792 5783 ίὶιὶηιέιιιιιάεηι
3819 5706 3868 5757 ci
3899 5720 3986 5783 as-

2413 5786 2669 5847 setttirer,
2705 5784 2746 5835 si
2787 5782 3034 5836 Justinus
3071 5798 3285 5846 semper
3336 5796 3458 5831 cum
3501 5778 3686 5831 Uibliis
3715 5778 3984 5832 censenti-

2418 5866 2492 5908 rct
2513 5895 2524 5917 ,
2557 5867 2645 5908 :tut
2685 5856 2999 5924 Scripturus
3021 5868 3236 5922 semper
3263 5854 3450 5904 eodem
3481 5850 3639 5903 modo
3670 5847 3912 5901 t'clct'ret.
