4108 6422
94 375 227 431 809

1065 369 1413 431 DIALOGUS
1451 372 1599 429 CUM
1639 373 2018 431 TR-YPIIONE
2054 371 2325 436 JUDEO.

3295 391 3404 449 διο

88 485 262 542 Eine
295 489 353 543 δὲ
383 487 549 561 αὐτῷ’
583 488 647 542 Τί
684 488 745 542 τὸ
775 488 949 559 ὄνομα
984 506 1078 541 σου
1112 490 1295 555 ila-civ;
1342 489 1400 541 ὐ
1436 489 1491 541 δὲ
1537 485 1707 542 εἶπεν·

1814 491 1921 547 erit
1952 508 2148 548 nomen
2190 504 2377 560 tuum,
2406 494 2498 565 qui
2553 492 2829 553 invaluisti
2858 512 2983 553 cum
3042 500 3176 568 Deo,
3201 510 3259 558 et
3281 519 3407 559 cum

89 580 345 635 Ἰακώϐ.
380 580 515 635 Eia:
540 581 597 634 δὲ
624 579 796 651 αὐτῷ·
847 582 921 634 Οὐ
971 580 1301 652 κληθήσεται
1346 580 1425 633 ἔτι
1452 580 1514 633 τὸ
1542 580 1713 651 ὅνομά

86 694 214 729 σου
248 674 473 743 Ἰακὼϐ,
525 674 661 729 ἀλλὰ
706 672 921 744 Ἰσραὴλ
954 672 1109 726 ἔσται
1165 674 1227 725 τὸ
1258 672 1432 743 ὄνομά
1485 690 1600 725 σουο
1629 674 1713 726 ὅτι

91 769 419 839 ὲνίσχνσας
446 767 581 839 μετὰ
610 767 704 821 τοῦ
737 766 892 831 Θεοῦ,
926 767 1021 820 καὶ
1055 765 1193 836 μετὰ
1229 765 1530 837 ἀνθρώπων
1561 765 1714 820 δυνα-

92 861 209 925 τὸς
244 862 372 934 ἔσῃ.
404 857 686 933 Ἥρώτησε
718 860 773 913 δὲ
807 859 1026 923 Ἰακὼϐ,
1050 860 1144 913 καὶ
1172 855 1340 912 εἷπεν’
1366 844 1712 926 ὅΑνάγγειλόιν

96 973 210 1025 μοι
233 957 301 1009 τὸ
320 954 496 1025 ὄνομα
523 970 638 1007 σου.
673 953 784 1007 Kal
809 950 979 1007 εἶπεν·
1000 954 1116 1006 Ἵνα
1146 952 1199 1005 τί
1226 950 1386 1005 τοῦτο
1412 952 1623 1022 ἐρωτᾷς
1649 950 1711 1003 τὸ

90 1048 297 1118 smus
331 1064 473 1119 μου;
505 1048 615 1101 Kal
658 1046 950 1117 εὐλόγησεν
983 1045 1145 1100 αὑτὸν
1186 1046 1319 1098 ἐκεῖ.
1356 1046 1466 1097 Kal
1517 1043 1709 1097 ἐκάλει-

96 1156 208 1192 σεν
242 1137 447 1191 Ἰακὼϐ
477 1138 537 1191 τὸ
561 1138 730 1207 δνομα
751 1137 847 1191 τοῦ
877 1138 1045 1191 τόπου
1079 1136 1312 1202 ἐκείνου,
1351 1134 1505 1199 Εἶδος
1536 1135 1671 1189 Θεοῦ
1691 1153 1706 1166 ο

93 1229 260 1285 εἶδον
288 1231 403 1304 γὰρ
433 1231 563 1284 Θεὸν
592 1228 882 1303 πρόσωπον
912 1230 1049 1302 πρὸς
1070 1230 1382 1303 πρόσωπον,
1406 1231 1502 1283 καὶ
1535 1230 1710 1301 ἐχάρη

95 1326 138 1394 ἠ
177 1324 334 1396 ψυχή
372 1341 531 1393 μου.)
565 1323 673 1377 Καὶ
703 1323 864 1378 πάλιν
902 1325 959 1376 ὲν
994 1323 1202 1395 ἑτέροις
1234 1322 1365 1394 περὶ
1417 1322 1511 1375 τοῦ
1542 1321 1709 1375 αὑτοῦ

95 1416 317 1471 Ἰακὼϐ
349 1414 711 1485 ἐξαγγέλλων,
744 1415 920 1469 ταῦτά
952 1432 1134 1487 φησιν’
1176 1436 1194 1466 ι
1224 1411 1394 1469 τΗλθε
1427 1416 1485 1468 δὲ
1514 1414 1710 1469 Ἰακὼϐ

96 1510 198 1573 εἰς
223 1508 431 1574 Λουζᾶ,
466 1510 501 1579 ἦ
534 1511 680 1561 ἐστιν
713 1509 793 1571 είς
821 1509 924 1578 γῆν
951 1508 1195 1571 Χαναὰν,
1242 1508 1278 1579 ἦ
1308 1509 1431 1562 ἐστι
1480 1508 1704 1581 Βαιθὴλ,

98 1604 304 1667 αὐτὸς,
340 1602 437 1655 καὶ
476 1603 583 1665 πᾶς
610 1604 638 1656 6
669 1601 796 1665 λαὸς
822 1600 883 1664 ὃς
908 1596 976 1672 ἦν
1012 1603 1128 1672 μετ’
1155 1601 1341 1654 αὐτοῦ’
1380 1602 1478 1654 καὶ
1504 1600 1707 1673 ᾠκοδό-

104 1711 294 1765 μησεν
328 1695 450 1747 ἐκεῖ
493 1693 897 1765 θυσιαστήριον,
934 1694 1027 1746 καὶ
1068 1694 1297 1746 ἐκάλεσε
1316 1693 1375 1746 τὸ
1406 1694 1576 1764 ὄνομα
1608 1693 1704 1747 τοῦ

96 1786 283 1839 τόπου
323 1786 535 1839 ἐκείνου
569 1786 788 1857 Βαιθήλ·
826 1788 945 1839 ἐκεῖ
975 1786 1083 1859 γὰρ
1134 1786 1304 1858 ἐφάνη
1336 1786 1484 1857 αὑτῷ
1515 1790 1543 1841 6
1573 1787 1706 1851 Θεὸς

1818 583 2136 642 hominibus
2163 596 2361 656 potens
2397 588 2528 643 eris.
2571 585 2744 643 Jacob
2797 599 2981 645 autem
3024 592 3406 664 interrogavit,

1820 686 1877 729 et
1911 677 2095 732 dixit:
2129 679 2409 733 Annuntia
2444 678 2580 732 mibi
2609 695 2806 735 nomen
2832 690 3007 736 tuum.
3034 684 3100 739 Et
3134 685 3308 740 dixit:
3342 688 3409 741 Ut

1812 768 1940 835 quid
1972 770 2076 825 hoc
2108 772 2415 841 interrogas
2443 780 2496 825 tu
2535 787 2732 827 nomen
2785 777 3008 830 meum?
3035 778 3105 832 Et
3126 777 3408 834 benedixit

1811 875 1935 913 eum
1967 861 2063 916 ibi.
2090 862 2157 916 Et
2196 868 2415 918 vocavit
2456 863 2628 920 Jacob
2657 881 2853 921 nomen
2892 868 2995 923 luci
3044 870 3211 938 illius,
3251 872 3407 928 Visio

1813 950 1931 1006 Dei.
1977 948 2094 1007 Vidi
2118 953 2263 1006 enim
2309 954 2479 1008 Deum
2530 954 2673 1011 facie
2703 958 2771 1011 ad
2830 957 3063 1027 faciem;
3098 971 3153 1015 et
3207 962 3403 1032 gavisa

1811 1050 1897 1096 est
1932 1043 2117 1097 anima
2144 1060 2261 1099 mea
2298 1046 2401 1100 θ’.»
2437 1046 2504 1100 Ει
2546 1047 2677 1102 item
2706 1047 2839 1102 alibi
2894 1050 2960 1105 de
2984 1052 3177 1107 eodem
3230 1044 3404 1112 Jacob

1812 1137 1980 1189 verba
2008 1135 2241 1202 faciens,
2302 1139 2421 1193 haec
2454 1140 2586 1194 dicit
2613 1158 2626 1194 :
2685 1159 2703 1192 ι
2739 1142 2898 1197 Venit
2931 1157 3117 1200 autem
3147 1145 3320 1203 Jaeob
3350 1150 3404 1204 in

1809 1224 1980 1291 Luxu,
2009 1242 2131 1295 quae
2158 1238 2246 1283 est
2298 1230 2351 1283 in
2384 1239 2525 1284 terra
2570 1230 2859 1298 Chanaan,
2896 1249 3019 1304 quae
3053 1246 3139 1291 est
3192 1238 3403 1305 Betbcl,

1810 1330 1865 1373 et
1921 1320 2058 1389 ipse,
2092 1330 2151 1374 et
2205 1323 2385 1378 omnis
2422 1322 2678 1392 populus,
2718 1327 2815 1395 qui
2875 1338 2998 1381 erat
3054 1344 3179 1383 cum
3209 1346 3317 1398 eo;
3350 1343 3406 1388 et

1808 1414 2101 1468 aediﬁcavit
2129 1415 2206 1471 ibi
2236 1432 2392 1471 aram
2413 1458 2428 1482 ,
2471 1428 2527 1472 et
2562 1419 2783 1473 vocavit
2813 1436 3017 1477 nomen
3044 1421 3146 1479 loci
3177 1424 3400 1493 Betliel;

1811 1507 1924 1562 illic
1950 1508 2097 1562 enim
2156 1510 2413 1579 apparuit
2453 1511 2502 1565 ei
2553 1510 2718 1578 Deus,
2772 1529 2897 1570 cum
2958 1514 3077 1585 ipse
3130 1516 3400 1589 f'ugereta

1808 1598 1954 1669 facie
1983 1600 2126 1655 Esau
2154 1600 2344 1656 fratris
2380 1601 2489 1656 sui.
2524 1602 2738 1657 Mortua
2772 1613 2858 1657 est
2909 1616 3095 1660 autem
3131 1606 3401 1675 Deborra,

1809 1693 1997 1747 nutrix
2039 1693 2325 1759 Rebeccae,
2360 1703 2418 1751 et
2476 1697 2689 1765 sepulta
2746 1708 2831 1753 est
2876 1697 3019 1754 infra
3056 1698 3248 1757 Betliel
3300 1705 3400 1760 sub

1809 1800 2053 1855 quercu;
2104 1795 2160 1840 et
2195 1786 2417 1841 vocavit
2451 1786 2627 1845 ‘Jacob
2676 1804 2875 1844 nomen
2931 1790 3070 1861 ejus,
3127 1776 3400 1861 Quercum

99 1880 169 1931 ὲν
200 1878 282 1949 τῷ
315 1872 729 1950 ἀποδιδράσκειν
759 1878 867 1932 ἀπὸ
895 1879 1187 1950 προσώπου
1220 1879 1315 1932 τοῦ
1356 1878 1584 1949 ἀδελφοῦ
1619 1882 1710 1934 αὐ-

1816 1879 2018 1933 lnctus.
2051 1878 2214 1951 156
2241 1880 2513 1951 Apparuit
2547 1892 2730 1937 autem
2775 1884 2917 1938 Deus
2950 1882 3257 1952 ipsi‘Jacob
3298 1886 3398 1939 ad-

94 1970 209 2026 τοῦ
257 1970 455 2025 Ἠσαῦ.
493 1971 755 2024 ’Δπέθανε
788 1972 845 2025 δὲ
877 1972 1119 2044 Δεϐόρῤα
1144 1974 1185 2043 ’ἡ
1224 1970 1425 2044 τροφὸς
1493 1973 1711 2027 Ῥεϐἐκσο

101 2081 241 2128 κας,
266 2064 364 2118 καὶ
391 2065 563 2134 ὲτᾶφη
600 2063 896 2137 κατωτέρω
939 2064 1144 2135 Βαιθὴλ
1184 2064 1302 2117 ὑπὸ
1332 2065 1426 2118 τὸν
1459 2064 1705 2137 βάλανον

101 2158 209 2210 καὶ
230 2157 490 2211 ἐκάλεσεν
509 2156 701 2210 Ἰακὼϐ
728 2157 790 2209 τὸ
818 2136 988 2228 ένομα
1011 2155 1181 2227 αὐτῆς
1204 2155 1442 2215 Βάλανον
1459 2136 1705 2223 πένθους.

108 2251 303 2323 Ὠφθη
332 2251 391 2305 δὲ
422 2253 451 2305 6
474 2250 605 2315 Θεὸς
631 2250 711 2322 τῷ
755 2250 950 2304 Ἰακὼϐ
983 2251 1062 2303 ἔτι
1106 2253 1164 2305 ὲν
1192 2250 1391 2323 Λουζᾷ,
1427 2252 1515 2304 ὅτε
1541 2268 1712 2323 παρε-

101 2344 306 2412 γένετο
338 2346 404 2397 ὲκ
435 2342 860 2414 Μεσοποταμίας
888 2344 985 2414 τῆς
1025 2338 1243 2415 Συρίας,
1277 2336 1376 2399 καὶ
1418 2342 1710 2415 εὐλόγησεν

104 2435 300 2488 αὐτόν·
336 2436 432 2489 καὶ
455 2431 606 2489 εἶπεν
634 2436 782 2506 αὐτῷ
810 2437 838 2488 6
884 2435 1039 2499 Θεὸς·
1066 2433 1140 2488 Τὸ
1170 2434 1344 2506 ὄνομά
1372 2453 1465 2490 σου
1512 2435 1709 2491 Ἰακὼϐ

103 2526 173 2580 ού
208 2526 545 2599 ιάηθήσεται
574 2526 676 2591 ἔτι,
700 2527 837 2581 ἀλλὰ
854 2526 1073 2599 Ἰσραὴλ
1104 2526 1257 2581 ἔσται
1272 2526 1333 2580 τὸ
1355 2527 1529 2582 δνοιιά
1552 2546 1703 2584 σου.)

104 2620 252 2684 Θεὸς
279 2620 551 2686 καλεῖται,
581 2624 674 2674 καὶ
700 2620 833 2684 Θεός
858 2623 997 2685 ἐστι,
1023 2623 1116 2674 καὶ
1139 2620 1312 2677 ἔσται.
1346 2622 1457 2675 Kal
1490 2638 1710 2675 συννευο

106 2715 330 2768 σάντων
355 2716 477 2778 ταῖς
509 2714 771 2783 κεφαλαῖς
809 2714 1083 2779 ἁπάντων,
1109 2714 1244 2787 ἔφην
1273 2713 1403 2783 ἐγώ·
1442 2714 1553 2767 Kal
1582 2716 1709 2778 τοὺς

104 2806 310 2874 λόγους
362 2805 411 2859 οῖ
448 2805 769 2875 ἀγγέλλουσι
823 2806 939 2871 πῶς
969 2806 1126 2877 ὤφθη
1153 2806 1303 2877 αὐτῷ
1337 2807 1588 2876 φεύγοντι
1616 2806 1709 2861 τὸν

103 2897 347 2967 ἀδελφὺν
380 2897 577 2965 Ἠσαῦ,
630 2891 787 2962 οὗτος
830 2900 928 2953 καὶ
972 2898 1219 2968 ἄγγελος,
1265 2900 1359 2953 καὶ
1403 2900 1559 2965 Θεὸς,
1610 2901 1708 2955 καὶ

104 2991 348 3063 Κύριος,
382 2992 476 3044 καὶ
508 2993 567 3044 ὲν
618 2991 732 3063 ἰδέᾳ
766 2990 957 3063 ἀνδρὸς
980 2991 1057 3063 τῷ
1081 2991 1334 3064 Ἀϐραὰμ
1365 2994 1573 3063 φανεὶς,
1613 2993 1709 3047 καὶ

103 3086 167 3138 ἐν
204 3084 323 3155 ἰδέᾳ
344 3083 631 3154 ἀνθρώπου
662 3082 811 3154 αὐτῷ
846 3083 923 3154 τῷ
960 3082 1157 3137 Ἰακὼϐ
1205 3085 1497 3152 παλαίσας,
1534 3087 1707 3155 ἀναγ-

103 3179 271 3231 καῖον
295 3172 433 3230 εἶναι
463 3178 635 3231 εἴπεῖν
664 3178 792 3247 ὑμῖν
821 3174 1166 3247 λογιζόμενος
1202 3176 1364 3246 λέγω·
1399 3179 1507 3231 eisi
1530 3178 1588 3231 δὲ
1612 3172 1705 3233 οὗ·

103 3286 215 3322 τοι·
257 3269 409 3323 «Καὶ
448 3265 667 3339 ἐξῆλθεν
714 3268 912 3323 Ἰακὼϐ
945 3265 1053 3322 ἀπὸ
1085 3267 1179 3321 τοῦ
1222 3270 1457 3341 φρέατος
1482 3270 1579 3324 τοῦ
1615 3272 1709 3343 ὅρ-

107 3378 234 3427 κου,
271 3361 369 3414 καὶ
398 3360 667 3433 ἐπορεύθη
700 3363 779 3425 εἰς
823 3360 1069 3432 Χαρρὰν,
1106 3362 1200 3416 καὶ
1222 3362 1511 3435 ἀπήντησε
1534 3364 1706 3435 τόπῳ,

107 3454 210 3508 καὶ
264 3453 533 3525 ἐκοιμήθη
581 3456 734 3517 ἐκεῖ,
776 3453 867 3508 ἔδυ
924 3452 1032 3525 γὰρ
1080 3455 1110 3507 6
1147 3454 1316 3525 ἥλιος,
1359 3458 1455 3509 καὶ
1516 3456 1709 3511 ἔλαϐεν

107 3547 223 3602 ἀπὺ
247 3547 359 3601 τῶν
395 3546 560 3602 λίθων
596 3546 689 3601 τοῦ
726 3543 915 3612 τόπου,
957 3546 1245 3619 ηὶιέθηκε
1286 3550 1423 3621 πρὸς
1463 3550 1710 3620 κεφαλῆς

110 3640 309 3705 αὑτοῦ,
340 3642 434 3695 καὶ
460 3640 731 3712 ἐκοιμήθη
751 3642 808 3693 ὲν
830 3639 907 3710 τῷ
930 3639 1082 3711 τόπῳ
1111 3640 1325 3711 ἐκείνῳ,
1351 3643 1445 3697 καὶ
1465 3643 1713 3697 ἐνυπνιά-

111 3733 243 3805 σθη.
283 3734 396 3787 Kal
437 3734 545 3788 ίδοὺ
576 3732 780 3805 κλίμαξ
808 3732 1184 3805 ὲστηριγμένη
1235 3734 1294 3787 ὲν
1341 3736 1408 3806 τῇ
1440 3737 1531 3805 γῇ,
1575 3728 1642 3805 ἧς
1671 3736 1706 3807 ή

113 3826 329 3896 κεφαλὴ
351 3826 629 3895 ἀφικνεῖτο
664 3828 742 3889 εἰς
767 3826 858 3879 τὸν
874 3825 1123 3897 οὐρανόν·
1154 3824 1251 3879 καὶ
1279 3828 1328 3879 οἱ
1356 3825 1577 3894 ἄγγελοι
1608 3826 1702 3879 τοῦ

111 3916 254 3972 Θεοῦ
298 3918 583 3973 ἀνέϐαινον
626 3918 723 3973 καὶ
779 3919 1100 3974 κατέϐαινον
1150 3920 1239 3974 ἐπ’
1295 3920 1483 3989 αὐτῆς.
1552 3921 1611 3974 '0
1650 3920 1709 3973 δὲ

116 4011 326 4084 Κύριος
346 4014 639 4085 ἐστήρικτο
668 4014 755 4066 ἐπ’
790 4014 979 4085 αὑτήν.
1027 4014 1084 4068 Ὀ
1113 4014 1170 4067 δὲ
1204 4010 1376 4067 εἶπεν·
1419 4012 1559 4081 Ἑγώ
1594 4015 1710 4083 εἰμι

116 4104 324 4176 Κύριος
357 4106 386 4157 6
410 4105 541 4169 Θεὸς
569 4106 823 4178 ’Δϐραὰμ
864 4105 956 4158 τοῦ
991 4106 1198 4177 πατρός
1239 4123 1332 4159 σου
1369 4106 1465 4159 καὶ
1497 4106 1706 4159 Ἰσαάκ·

121 4195 196 4267 μὴ
222 4195 471 4268 φοϐοῦ-ἡ
516 4197 587 4268 γῆ
632 4192 804 4269 ἐφ’ἦς
844 4198 907 4250 σὺ
938 4198 1224 4262 καθεύδεις
1276 4198 1364 4251 ἐπ’
1390 4196 1583 4267 αύτῆςῤ
1626 4195 1711 4249 σοὶ

116 4286 275 4342 δώσω
294 4288 467 4361 αὐτὴν
504 4288 600 4341 καὶ
652 4288 729 4360 τῷ
786 4289 1063 4361 σπέρματί
1129 4305 1252 4342 amr
1314 4289 1407 4343 καὶ
1466 4288 1619 4342 ἔσται
1651 4288 1711 4341 τὸ

122 4380 346 4453 σπέρμα
383 4398 474 4434 σου
513 4380 646 4453 ὼςή
678 4381 861 4453 ἄμμος
898 4381 997 4452 τῆς
1034 4381 1159 4451 γῆς,
1208 4379 1305 4434 καὶ
1341 4381 1711 4451 πλατυνθησε-

118 4488 206 4525 ται
247 4474 331 4535 είς
371 4469 670 4537 θάλασσαν,
696 4470 790 4524 καὶ
825 4472 997 4535 νότον,
1038 4470 1133 4523 καὶ
1178 4469 1403 4542 βορρᾶν,
1435 4468 1532 4523 xal
1573 4469 1708 4523 ἀνα-

119 4564 308 4627 τολὰς·
349 4564 443 4616 καὶ
488 4560 1006 4633 ὲνευλογηθήσονται
1036 4562 1095 4637 ἐν
1142 4557 1225 4614 σοὶ
1256 4561 1427 4613 πᾶσαι
1450 4561 1505 4612 al
1547 4560 1710 4628 φυλαί⁸
1739 4593 1785 4651 D

121 4657 220 4726 τῆς
259 4657 383 4728 γῆς,
435 4656 531 4710 καὶ
578 4658 636 4709 ὲν
680 4654 758 4726 τῷ
814 4655 1096 4727 σπέρματί
1131 4672 1246 4708 σου.
1298 4654 1408 4707 Kal
1443 4653 1551 4706 ἰδοὺ
1599 4652 1711 4722 ἐγὼ

128 4747 265 4818 μετὰ
296 4747 411 4812 σοῦ,
437 4746 817 4816 διαφυλάσσων
848 4764 906 4800 σε
951 4748 1009 4799 ἐν
1037 4745 1143 4817 ὀδῷ
1173 4746 1321 4818 πάσῃ
1424 4745 1713 4818 ἂν-πορευ-

124 4841 241 4912 θῇςο
280 4840 377 4893 καὶ
408 4838 736 4911 ἀποστρέψω
794 4855 853 4891 σε
900 4839 981 4901 είς
1002 4836 1101 4909 τὴν
1139 4836 1245 4907 γῆν
1278 4835 1506 4907 ταύτην,
1526 4833 1618 4911 ,ὅτι
1647 4832 1710 4887 οὐ

129 4935 201 5005 μή
230 4949 293 4985 σε
335 4929 689 5001 ἐγκαταλίπω
721 4930 826 4995 ἕως
855 4930 948 4983 τοῦ
993 4930 1219 5001 ποιῆσαί
1273 4948 1341 5002 με
1380 4927 1558 4983 πάντα
1610 4929 1713 4981 ὅσα

130 5024 369 5097 ἐλάλησά
396 5041 497 5077 σοι.
536 5024 648 5091 Kal
680 5023 950 5095 ἐξηγέρθη
970 5020 1168 5077 Ἰακὼϐ
1198 5024 1262 5075 ὲκ
1292 5020 1387 5074 τοῦ
1420 5019 1587 5073 ὕπνου
1610 5021 1710 5072 αύ-

130 5116 238 5180 τοῦ,
274 5116 369 5170 καὶ
396 5110 569 5170 εἶπενο
603 5117 726 5170 Ὀτι
771 5114 891 5169 ἐστὶ
911 5113 1113 5184 Κύριος
1133 5112 1291 5189 ὲνττῷ
1320 5111 1469 5183 τόπῳ
1501 5112 1701 5182 τούτῳ,

132 5208 235 5277 ἐγὼ
270 5208 327 5262 δὲ
354 5208 452 5261 οὐκ
479 5208 643 5279 ᾕδεινο
676 5209 768 5261 καὶ
795 5194 1034 5278 ἐφοϐήθη
1060 5244 1075 5269 ,
1116 5205 1211 5259 καὶ
1244 5200 1395 5258 εἶπεν
1415 5221 1428 5235 ’
1477 5205 1566 5268 Ὠς
1607 5220 1707 5273 φο-

131 5299 286 5374 ϐερὸς
332 5303 365 5355 ό
394 5301 554 5365 τόπος
586 5294 761 5365 οὗτοςο
795 5302 894 5353 οὐκ
920 5299 1035 5353 ἔστι
1056 5294 1211 5353 τοῦτο
1235 5298 1403 5368 ἀλλ’ἢ
1445 5283 1590 5361 οἶκος
1614 5294 1706 5350 τοῦ

1813 1974 1919 2027 huc
1948 1973 2002 2027 in
2037 1972 2221 2038 Luza,
2253 1974 2474 2043 quando
2536 1975 2757 2029 advenit
2782 1974 2847 2030 de
2878 1975 3275 2047 Mesopotamia
3299 1979 3403 2050 Sy-

1812 2062 1929 2116 rim.
1966 2062 2031 2116 Et
2080 2062 2361 2118 benedixit
2413 2079 2573 2127 eum,
2605 2074 2659 2118 et
2719 2065 2856 2119 dixit
2896 2066 2945 2119 ei
2984 2065 3159 2123 Deus:
3192 2066 3400 2124 Nomen

1813 2162 1964 2206 tuum
1984 2152 2100 2223 jam
2136 2169 2242 2208 non
2277 2155 2566 2209 vocabitur
2590 2154 2763 2211 Jacob
2789 2197 2804 2221 ,
2834 2157 2929 2211 sed
2964 2157 3131 2212 lsrael
3156 2161 3262 2214 erit
3304 2177 3404 2215 uo-

1812 2259 1936 2298 men
1980 2254 2132 2299 tuum
2168 2246 2270 2301 τοι»
2311 2245 2455 2301 Deus
2485 2258 2737 2311 vocatur,-
2766 2258 2822 2303 et
2889 2250 3033 2306 Deus
3060 2262 3148 2307 est
3170 2262 3227 2307 et
3253 2255 3399 2320 erit;

1810 2346 1867 2391 et
1917 2351 2041 2391 cum
2094 2340 2277 2409 capite
2337 2346 2530 2396 Omnes
2577 2342 2922 2409 annuissent,
2970 2343 3085 2401 dixi
3115 2358 3259 2416 ego:
3305 2345 3399 2399 Illa

1810 2429 1979 2485 etiam
2037 2430 2343 2502 Scriptum
2399 2433 2840 2503 tesnmonia,in
2900 2436 3100 2505 quibus
3142 2449 3403 2493 narratur

1810 2525 2083 2594 quomodo
2121 2525 2172 2579 ei
2228 2525 2645 2582 fratremEsau
2687 2526 2909 2597 fugienti
2948 2530 3270 2599 apparuerit
3304 2530 3403 2585 ille

1809 2626 1866 2671 et
1898 2616 2125 2686 angelus
2164 2626 2220 2679 et
2264 2620 2405 2674 Deus
2439 2628 2495 2674 et
2556 2619 2838 2685 Dominus,
2874 2620 2969 2691 qui
3000 2629 3059 2675 et
3090 2623 3145 2675 in
3205 2624 3395 2691 specie

1810 2709 1912 2763 viri
1950 2710 2185 2765 Abraba:
2211 2710 2363 2766 visus
2387 2719 2440 2765 et
2476 2711 2529 2765 in
2566 2712 2749 2780 specie
2793 2710 3034 2767 hominis
3075 2728 3201 2768 cum
3230 2712 3404 2769 Iacob

1809 2801 2069 2867 luctatus,
2111 2817 2339 2857 necesse
2379 2817 2503 2858 esse
2534 2804 2688 2858 vobis
2724 2803 2931 2859 referre
2953 2804 3239 2875 arbitror;
3276 2800 3403 2860 sunt

1810 2905 1996 2950 autem
2055 2894 2370 2964 ejusmodi:
2416 2912 2437 2947 ι
2465 2895 2533 2951 Et
2590 2895 2727 2951 exiit
2778 2894 2949 2953 Iacob
2985 2912 3013 2952 a
3046 2906 3211 2967 puteo
3236 2894 3402 2953 Jnra-

1810 2987 2017 3053 menti,
2058 2996 2115 3042 et
2152 2987 2436 3057 profectus
2459 2995 2545 3043 est
2584 2988 2637 3042 in
2690 2987 2983 3056 Cbarran;
3032 2999 3089 3044 et
3152 2990 3399 3045 venitad

1808 3082 2097 3151 quemdam
2149 3079 2351 3146 locum,
2408 3090 2463 3135 et
2502 3080 2765 3135 dormivit
2807 3081 2902 3146 ibi,
2942 3082 3223 3137 occiderat
3252 3081 3400 3141 enim

1810 3171 1921 3238 sol;
1953 3181 2007 3227 et
2040 3172 2278 3241 sumpsit
2330 3187 2398 3227 ex
2438 3173 2709 3242 lapidibus
2750 3172 2877 3238 loci,
2903 3182 2959 3229 et
2988 3174 3173 3244 posuit
3200 3175 3267 3230 ad
3297 3190 3394 3234 ea-

1809 3274 1908 3334 put
1949 3279 2135 3331 suum,
2166 3274 2223 3317 et
2260 3262 2520 3318 dormivit
2579 3262 2791 3318 in-loeo
2837 3263 2955 3331 illo,
2989 3272 3045 3339 et
3080 3265 3395 3321 somniavit.

1811 3354 1879 3410 Et
1905 3370 2040 3411 ecce
2088 3355 2235 3411 scala
2288 3355 2533 3411 stabilita
2594 3370 2761 3427 super
2792 3365 3022 3423 terram,
3043 3356 3200 3427 cujus
3237 3366 3403 3427 caput

1812 3449 2158 3521 pertingebat
2192 3450 2260 3503 ad
2282 3448 2509 3516 caelum,
2532 3458 2589 3504 et
2646 3449 2827 3520 angeli
2859 3450 2957 3505 Dei
3002 3450 3397 3513 ascendebant,

1812 3549 1866 3595 et
1894 3540 2306 3597 descendebant
2330 3540 2385 3593 in
2409 3554 2497 3595 ea.
2529 3540 2595 3594 Et
2624 3539 2891 3595 Dominus
2922 3541 3283 3613 incumbebat
3308 3556 3401 3598 su-

1812 3647 1910 3701 per
1945 3644 2104 3695 eam;
2135 3640 2194 3685 et
2222 3631 2407 3704 dixit;
2441 3630 2557 3703 Ego
2602 3645 2733 3687 sum
2754 3630 3016 3687 Dominus
3048 3633 3195 3690 Deus
3224 3633 3403 3691 Abra-

1812 3727 1938 3779 bsm
1961 3728 2151 3795 'patris
2184 3724 2263 3779 tui
2290 3733 2347 3780 et
2396 3723 2570 3791 Isaac,
2608 3724 2717 3779 noli
2754 3725 2991 3794 timere;
3027 3735 3197 3792 terra,
3237 3741 3403 3797 super

1810 3834 1974 3891 quam
2002 3818 2214 3875 dormis
2244 3833 2412 3888 cuper
2440 3834 2586 3884 eam,
2622 3818 2721 3873 tibi
2757 3818 2901 3874 dabo
2923 3818 3090 3887 illam,
3118 3828 3174 3875 et
3204 3821 3399 3876 semini

1814 3921 1909 3966 tuo
1936 3929 1952 3977 ;
1979 3921 2034 3966 et
2068 3913 2176 3968 erit
2205 3927 2393 3967 semen
2426 3920 2576 3965 tuum
2613 3914 2757 3967 sicut
2808 3928 2981 3969 arena
3015 3922 3196 3980 term,
3227 3921 3284 3969 et
3317 3914 3403 3968 di-

1813 4003 2079 4058 latabitur
2113 4004 2182 4057 ad
2205 4017 2393 4066 mare,
2425 4008 2481 4054 et
2514 4010 2729 4065 notum,
2766 4011 2821 4055 et
2866 4001 3206 4072 aquilonem,
3238 4011 3294 4056 et
3333 4002 3401 4054 ad

1810 4094 2114 4158 orientem;
2166 4102 2223 4147 et
2278 4092 2672 4148 benedicentur
2734 4091 2788 4145 in
2856 4100 2911 4146 te
2971 4080 3165 4148 omnes
3223 4092 3402 4151 tribus

1815 4194 2085 4252 leuaret
2113 4185 2169 4239 in
2204 4186 2417 4239 semine
2475 4193 2590 4238 tuo.
2626 4182 2693 4238 Et
2736 4198 2865 4238 ecce
2893 4198 2994 4255 ego
3021 4199 3144 4239 sum
3174 4193 3400 4259 tecum.

1811 4277 2127 4333 custodiens
2161 4283 2213 4329 te
2270 4275 2327 4330 in
2365 4275 2512 4329 omni
2550 4274 2659 4337 via,
2692 4290 3025 4347 quacunque
3061 4276 3189 4342 ibis,
3232 4285 3290 4331 et
3316 4291 3402 4331 re-

1811 4372 2011 4426 ducam
2075 4378 2129 4423 te
2178 4367 2235 4423 in
2272 4378 2478 4422 terram
2516 4367 2699 4434 hanc;
2732 4368 2863 4438 quia
2909 4379 2963 4423 te
3020 4384 3127 4426 non
3158 4368 3400 4433 derelin-

1810 4476 1998 4531 quam,
2046 4459 2222 4515 donec
2290 4457 2490 4513 faciam
2554 4458 2766 4526 omnia,
2819 4475 2943 4529 qua:
3003 4457 3221 4515 locutus
3277 4475 3399 4516 sunt

1814 4538 1934 4611 tibi.
2001 4554 2069 4608 Et
2119 4551 2563 4609 surrexitJaeob
2597 4554 2664 4608 de
2703 4569 2901 4609 somno
2946 4569 3070 4621 suo,
3118 4563 3174 4621 et
3220 4554 3398 4609 dixit:

1816 4647 1951 4715 Quia
1978 4646 2249 4702 Dominus
2286 4654 2373 4701 est
2415 4646 2468 4699 in
2502 4640 2625 4699 loco
2658 4644 2801 4712 hoc;
2836 4660 2942 4716 ego
2974 4655 3158 4701 autem
3191 4645 3402 4700 nescie-

1813 4741 1976 4806 bam;
2011 4750 2062 4794 et
2098 4739 2300 4805 timuit,
2325 4749 2382 4795 et
2412 4740 2591 4794 dixit:
2624 4738 2799 4806 Quam
2847 4738 3119 4793 terribilis
3144 4750 3227 4793 est
3249 4738 3402 4794 locus

1812 4833 1942 4897 hic;
1976 4847 2082 4887 non
2132 4840 2220 4887 est
2274 4832 2367 4888 hic
2421 4830 2527 4885 nisi
2567 4830 2765 4886 domus
2812 4831 2945 4896 Dei,
2993 4839 3050 4886 et
3095 4830 3210 4887 haec
3242 4841 3401 4901 porta

1811 4925 1962 4983 caeli.
2000 4926 2067 4980 Et
2097 4926 2341 4980 surrexit
2376 4921 2551 4978 Jacob
2588 4939 2772 4989 mane,
2802 4931 2857 4979 et
2886 4923 3117 4993 sumpsit
3141 4923 3401 4995 lapidem,

1812 5035 1974 5091 quem
2007 5029 2373 5089 supposuerat
2402 5016 2477 5071 ibi
2512 5016 2577 5071 ad
2604 5026 2769 5085 caput
2797 5031 2989 5082 suum,
3030 5025 3086 5069 et
3109 5016 3306 5071 statuit
3334 5016 3402 5071 il-

1817 5112 1931 5165 lum
1964 5110 2209 5173 titulum,
2237 5118 2295 5165 et
2331 5108 2840 5179 superfuditoleum
2869 5109 2921 5162 in
2954 5122 3221 5163 cacumen
3250 5106 3401 5175 dus;

1816 5188 1873 5253 et
1923 5200 2220 5268 appellavit
2279 5197 2452 5255 Iacob
2504 5213 2701 5256 nomen
2745 5197 2871 5265 loci,
2904 5193 3109 5255 Domus
3139 5195 3307 5266 'Dei;
3345 5209 3405 5254 et

1824 5284 2147 5361 Ulam'maus
2164 5302 2288 5349 erat
2318 5307 2518 5347 nomen
2558 5292 2795 5346 civitatis
2827 5299 2989 5346 antea
3012 5293 3113 5346 τ’.»

133 5393 282 5457 θεοῦ,
324 5392 421 5447 καὶ
480 5392 618 5464 αῦτη
645 5395 680 5463 η
735 5388 877 5461 πύλη
916 5390 1008 5444 τοῦ
1046 5386 1295 5461 ούρανοῦ.
1344 5388 1455 5443 Kal
1499 5389 1699 5459 ἀνέστη
1762 5384 1957 5457 Ἰακὼϐ
2011 5384 2089 5455 τῷ
2140 5383 2307 5457 πρωῒ,
2354 5383 2449 5437 καὶ
2498 5380 2656 5446 ἔλαϐε
2693 5384 2786 5435 τὸν
2840 5382 2988 5436 λίθον
3026 5385 3087 5437 δν
3128 5382 3405 5441 ὑπέθηκεν

138 5485 244 5537 tui
297 5482 439 5556 ςρὸς
480 5483 719 5553 κεφαλῆς
771 5479 962 5537 αὑτοῦί
991 5482 1087 5536 καὶ
1140 5480 1368 5552 ἔστησεν
1406 5481 1565 5534 αὐτὸν
1614 5479 1837 5552 στήλην,
1879 5480 1975 5534 καὶ
2028 5480 2224 5548 ὲπέχεε
2247 5476 2308 5530 τὸ
2332 5478 2511 5536 ἔλαιον
2560 5478 2655 5532 ἐπὶ
2718 5479 2780 5531 τὸ
2830 5477 3000 5550 ἄκρον
3043 5479 3208 5535 αὐτοῦ
3264 5481 3400 5554 (71),

138 5583 223 5636 καὶ
244 5582 502 5638 ὲκιῑλεσεν
524 5580 718 5637 Ἰακὼϐ
762 5582 824 5635 τὸ
852 5581 1023 5652 ὄνομα
1050 5579 1145 5633 τοῦ
1172 5580 1361 5644 τόπου,
1399 5576 1567 5643 Οἶκος
1592 5578 1747 5633 Θεοῦ·
1781 5580 1876 5632 καὶ
1904 5576 2272 5648 Οὺλαμμάους
2295 5573 2363 5649 ἦν
2395 5576 2458 5629 τὸ
2500 5577 2672 5648 ὄνομα
2698 5579 2763 5649 τῇ
2796 5576 2952 5630 πόλει
2973 5578 3033 5632 τὸ
3055 5579 3343 5651 πρότερον.
3381 5597 3399 5631 ι

206 5738 248 5777 ⁸⁸
276 5738 414 5795 Cen.
443 5738 826 5806 xxxn,22~30.
901 5739 951 5770 "
993 5735 1129 5793 Gen.
1169 5752 1338 5809 xxxv,
1370 5736 1527 5792 6-10.
1604 5737 1649 5769 '“
1690 5735 1827 5792 Gen.
1864 5750 2060 5801 xxvnt,
2086 5734 2263 5790 10-19.

202 5877 311 5961 (Ἠ)
367 5894 491 5949 Ἐπὶ
546 5893 613 5950 τὸ
643 5893 831 5964 ἀκρον
866 5894 1073 5950 αὐτοῦ.
1128 5890 1219 5951 Sic
1271 5879 1433 5950 babet
1480 5904 1710 5970 uterque

1811 5909 1847 5950 ι.
1876 5892 2069 5950 codex.
2115 5891 2278 5964 Editi,
2314 5892 2406 5946 ἐπὶ
2431 5891 2497 5952 τδ
2533 5890 2700 5964 ἄκρον
2730 5891 2922 5966 αὐτῆς,
