  <div class='ocr_page' id='page_1' title='image "/cluster/home/n/w/nwhite01/storage/ocr_20150623/6/pst.000005711826/314.png"; bbox 0 0 4108 6420; ppageno 0'>
   <div class='ocr_carea' id='block_1_1' title="bbox 49 4 333 83">
    <p class='ocr_par' dir='ltr' id='par_1_1' title="bbox 49 4 333 83">
     <span class='ocr_line' id='line_1_1' title="bbox 49 4 333 83; baseline 0.004 -65"><span class='ocrx_word' id='word_1_1' title='bbox 49 4 333 83; x_wconf 31' lang='grc' dir='ltr'>πε</span> 
     </span>
    </p>
   </div>
   <div class='ocr_carea' id='block_1_2' title="bbox 136 372 272 430">
    <p class='ocr_par' dir='ltr' id='par_1_2' title="bbox 136 372 272 430">
     <span class='ocr_line' id='line_1_2' title="bbox 136 372 272 430; baseline 0.022 -3"><span class='ocrx_word' id='word_1_2' title='bbox 136 372 272 430; x_wconf 68' lang='grc' dir='ltr'><strong>6ιῦ</strong></span> 
     </span>
    </p>
   </div>
   <div class='ocr_carea' id='block_1_3' title="bbox 1152 357 3448 420">
    <p class='ocr_par' dir='ltr' id='par_1_3' title="bbox 1152 357 3448 420">
     <span class='ocr_line' id='line_1_3' title="bbox 1152 357 3448 420; baseline -0.006 -3"><span class='ocrx_word' id='word_1_3' title='bbox 1152 360 1502 420; x_wconf 79' lang='lat' dir='ltr'><strong>DIALOGUS</strong></span> <span class='ocrx_word' id='word_1_4' title='bbox 1530 360 1676 419; x_wconf 75' lang='lat' dir='ltr'><strong>cun</strong></span> <span class='ocrx_word' id='word_1_5' title='bbox 1711 358 2088 420; x_wconf 80' lang='lat' dir='ltr'><strong>TRYPllONE</strong></span> <span class='ocrx_word' id='word_1_6' title='bbox 2119 357 2381 417; x_wconf 67' lang='lat' dir='ltr'><strong>tumo.</strong></span> <span class='ocrx_word' id='word_1_7' title='bbox 3345 362 3448 418; x_wconf 65' lang='grc' dir='ltr'><strong>(ῖιρ</strong></span> 
     </span>
    </p>
   </div>
   <div class='ocr_carea' id='block_1_4' title="bbox 138 470 1741 558">
    <p class='ocr_par' dir='ltr' id='par_1_4' title="bbox 138 475 1741 558">
     <span class='ocr_line' id='line_1_4' title="bbox 138 475 1741 558; baseline -0.012 -12"><span class='ocrx_word' id='word_1_8' title='bbox 138 490 253 545; x_wconf 76' lang='grc' dir='ltr'><strong>τὸν</strong></span> <span class='ocrx_word' id='word_1_9' title='bbox 299 485 441 542; x_wconf 79' lang='grc' dir='ltr'>Θεὸν</span> <span class='ocrx_word' id='word_1_10' title='bbox 483 484 592 558; x_wconf 81' lang='grc'>(76)</span> <span class='ocrx_word' id='word_1_11' title='bbox 639 480 733 537; x_wconf 84' lang='grc' dir='ltr'><strong>τδν</strong></span> <span class='ocrx_word' id='word_1_12' title='bbox 786 480 895 535; x_wconf 80' lang='grc' dir='ltr'>ἀπὸ</span> <span class='ocrx_word' id='word_1_13' title='bbox 946 478 1049 551; x_wconf 82' lang='grc' dir='ltr'><strong>τῆς</strong></span> <span class='ocrx_word' id='word_1_14' title='bbox 1107 476 1271 549; x_wconf 80' lang='grc' dir='ltr'><strong>βάτου</strong></span> <span class='ocrx_word' id='word_1_15' title='bbox 1312 477 1650 549; x_wconf 79' lang='grc' dir='ltr'>ὁμιλήσαντα</span> <span class='ocrx_word' id='word_1_16' title='bbox 1684 475 1741 546; x_wconf 67' lang='grc' dir='ltr'><strong>τί,</strong></span> 
     </span>
    </p>
   </div>
   <div class='ocr_carea' id='block_1_5' title="bbox 1845 470 3445 558">
    <p class='ocr_par' dir='ltr' id='par_1_5' title="bbox 1866 470 3445 544">
     <span class='ocr_line' id='line_1_5' title="bbox 1866 470 3445 544; baseline 0.001 -12"><span class='ocrx_word' id='word_1_17' title='bbox 1866 490 1929 532; x_wconf 81' lang='lat' dir='ltr'><strong>ex</strong></span> <span class='ocrx_word' id='word_1_18' title='bbox 1962 473 2103 529; x_wconf 92' lang='lat' dir='ltr'><strong>rubo</strong></span> <span class='ocrx_word' id='word_1_19' title='bbox 2133 473 2441 529; x_wconf 85' lang='lat' dir='ltr'><strong>collocutus</strong></span> <span class='ocrx_word' id='word_1_20' title='bbox 2479 481 2563 527; x_wconf 86' lang='lat' dir='ltr'><strong>est</strong></span> <span class='ocrx_word' id='word_1_21' title='bbox 2595 486 2719 527; x_wconf 89' lang='lat' dir='ltr'><strong>cum</strong></span> <span class='ocrx_word' id='word_1_22' title='bbox 2762 470 2968 544; x_wconf 75' lang='lat' dir='ltr'><strong>Moyse,</strong></span> <span class='ocrx_word' id='word_1_23' title='bbox 2994 488 3101 528; x_wconf 92' lang='lat' dir='ltr'><strong>non</strong></span> <span class='ocrx_word' id='word_1_24' title='bbox 3138 487 3445 533; x_wconf 76' lang='lat' dir='ltr'><strong>creatorem</strong></span> 
     </span>
    </p>
   </div>
   <div class='ocr_carea' id='block_1_6' title="bbox 141 564 1764 645">
    <p class='ocr_par' dir='ltr' id='par_1_6' title="bbox 141 564 1764 645">
     <span class='ocr_line' id='line_1_6' title="bbox 141 564 1764 645; baseline -0.01 -10"><span class='ocrx_word' id='word_1_25' title='bbox 141 580 384 639; x_wconf 64' lang='grc' dir='ltr'>Πωσεϊ,</span> <span class='ocrx_word' id='word_1_26' title='bbox 418 578 479 632; x_wconf 81' lang='grc' dir='ltr'>οὐ</span> <span class='ocrx_word' id='word_1_27' title='bbox 516 576 611 629; x_wconf 81' lang='grc' dir='ltr'><strong>τὸν</strong></span> <span class='ocrx_word' id='word_1_28' title='bbox 639 570 870 645; x_wconf 75' lang='grc' dir='ltr'>ποιητὴν</span> <span class='ocrx_word' id='word_1_29' title='bbox 899 566 1010 623; x_wconf 82' lang='grc' dir='ltr'><strong>τῶν</strong></span> <span class='ocrx_word' id='word_1_30' title='bbox 1050 568 1188 624; x_wconf 79' lang='grc' dir='ltr'>ὅλων</span> <span class='ocrx_word' id='word_1_31' title='bbox 1218 564 1353 622; x_wconf 81' lang='grc' dir='ltr'>Θεὸν</span> <span class='ocrx_word' id='word_1_32' title='bbox 1381 567 1647 640; x_wconf 80' lang='grc' dir='ltr'>νοήσομεν</span> <span class='ocrx_word' id='word_1_33' title='bbox 1673 583 1764 636; x_wconf 83' lang='grc' dir='ltr'>γε-</span> 
     </span>
    </p>
   </div>
   <div class='ocr_carea' id='block_1_7' title="bbox 142 654 1765 739">
    <p class='ocr_par' dir='ltr' id='par_1_7' title="bbox 142 654 1765 739">
     <span class='ocr_line' id='line_1_7' title="bbox 142 654 1765 739; baseline -0.012 -14"><span class='ocrx_word' id='word_1_34' title='bbox 142 668 424 739; x_wconf 64' lang='grc' dir='ltr'>γονέναι,</span> <span class='ocrx_word' id='word_1_35' title='bbox 471 664 584 721; x_wconf 80' lang='grc' dir='ltr'>ἀλλ’</span> <span class='ocrx_word' id='word_1_36' title='bbox 628 663 836 717; x_wconf 71' lang='grc' dir='ltr'>ἐκεῖνον</span> <span class='ocrx_word' id='word_1_37' title='bbox 872 659 969 712; x_wconf 88' lang='grc' dir='ltr'><strong>τὸν</strong></span> <span class='ocrx_word' id='word_1_38' title='bbox 997 658 1092 713; x_wconf 76' lang='grc' dir='ltr'>καὶ</span> <span class='ocrx_word' id='word_1_39' title='bbox 1135 655 1216 727; x_wconf 81' lang='grc' dir='ltr'>τῷ</span> <span class='ocrx_word' id='word_1_40' title='bbox 1247 655 1522 729; x_wconf 79' lang='grc' dir='ltr'>Ἀδραὰμ,</span> <span class='ocrx_word' id='word_1_41' title='bbox 1556 657 1651 711; x_wconf 70' lang='grc' dir='ltr'>καὶ</span> <span class='ocrx_word' id='word_1_42' title='bbox 1684 654 1765 727; x_wconf 83' lang='grc' dir='ltr'><strong>τῷ</strong></span> 
     </span>
    </p>
   </div>
   <div class='ocr_carea' id='block_1_8' title="bbox 142 747 1761 827">
    <p class='ocr_par' dir='ltr' id='par_1_8' title="bbox 142 747 1761 827">
     <span class='ocr_line' id='line_1_8' title="bbox 142 747 1761 827; baseline -0.011 -9"><span class='ocrx_word' id='word_1_43' title='bbox 142 763 385 824; x_wconf 80' lang='grc' dir='ltr'>Ἰσαάκ,</span> <span class='ocrx_word' id='word_1_44' title='bbox 418 759 514 814; x_wconf 74' lang='grc' dir='ltr'>καὶ</span> <span class='ocrx_word' id='word_1_45' title='bbox 541 755 618 827; x_wconf 87' lang='grc' dir='ltr'>τῷ</span> <span class='ocrx_word' id='word_1_46' title='bbox 646 752 842 810; x_wconf 76' lang='grc' dir='ltr'>Ἰακὼϐ</span> <span class='ocrx_word' id='word_1_47' title='bbox 883 749 1275 821; x_wconf 66' lang='grc' dir='ltr'><strong>ἀποδειχθέντα</strong></span> <span class='ocrx_word' id='word_1_48' title='bbox 1318 747 1761 818; x_wconf 71' lang='grc' dir='ltr'><strong>πεφανερῶσθαι·</strong></span> 
     </span>
    </p>
   </div>
   <div class='ocr_carea' id='block_1_9' title="bbox 145 839 1762 920">
    <p class='ocr_par' dir='ltr' id='par_1_9' title="bbox 145 839 1762 920">
     <span class='ocr_line' id='line_1_9' title="bbox 145 839 1762 920; baseline -0.009 -10"><span class='ocrx_word' id='word_1_49' title='bbox 145 856 218 920; x_wconf 82' lang='grc' dir='ltr'><strong>ὀς</strong></span> <span class='ocrx_word' id='word_1_50' title='bbox 246 855 352 910; x_wconf 69' lang='grc' dir='ltr'><strong>κα)⁵</strong></span> <span class='ocrx_word' id='word_1_51' title='bbox 380 850 611 919; x_wconf 68' lang='grc' dir='ltr'>ἄγγελος</span> <span class='ocrx_word' id='word_1_52' title='bbox 637 846 735 903; x_wconf 76' lang='grc' dir='ltr'><strong>τοῦ</strong></span> <span class='ocrx_word' id='word_1_53' title='bbox 776 844 887 899; x_wconf 85' lang='grc' dir='ltr'>τῶν</span> <span class='ocrx_word' id='word_1_54' title='bbox 919 844 1059 900; x_wconf 85' lang='grc' dir='ltr'>ὅλων</span> <span class='ocrx_word' id='word_1_55' title='bbox 1086 839 1312 914; x_wconf 83' lang='grc' dir='ltr'>ποιητοῦ</span> <span class='ocrx_word' id='word_1_56' title='bbox 1344 839 1481 895; x_wconf 82' lang='grc' dir='ltr'>Θεοῦ</span> <span class='ocrx_word' id='word_1_57' title='bbox 1516 840 1762 896; x_wconf 83' lang='grc' dir='ltr'>καλεῖται</span> 
     </span>
    </p>
   </div>
   <div class='ocr_carea' id='block_1_10' title="bbox 150 932 1760 1006">
    <p class='ocr_par' dir='ltr' id='par_1_10' title="bbox 150 932 1760 1006">
     <span class='ocr_line' id='line_1_10' title="bbox 150 932 1760 1006; baseline -0.01 -5"><span class='ocrx_word' id='word_1_58' title='bbox 150 947 259 1000; x_wconf 74' lang='grc' dir='ltr'>καὶ</span> <span class='ocrx_word' id='word_1_59' title='bbox 304 946 512 999; x_wconf 79' lang='grc' dir='ltr'>νοεῖται</span> <span class='ocrx_word' id='word_1_60' title='bbox 557 937 731 1006; x_wconf 73' lang='grc' dir='ltr'>εἶναι,</span> <span class='ocrx_word' id='word_1_61' title='bbox 776 938 841 994; x_wconf 75' lang='grc' dir='ltr'>ὲκ</span> <span class='ocrx_word' id='word_1_62' title='bbox 870 935 965 993; x_wconf 79' lang='grc' dir='ltr'><strong>τοῦ</strong></span> <span class='ocrx_word' id='word_1_63' title='bbox 1011 934 1347 1006; x_wconf 76' lang='grc' dir='ltr'><strong>διαγγέλλειν</strong></span> <span class='ocrx_word' id='word_1_64' title='bbox 1395 936 1510 999; x_wconf 83' lang='grc' dir='ltr'>τοῖς</span> <span class='ocrx_word' id='word_1_65' title='bbox 1546 932 1760 1006; x_wconf 80' lang='grc' dir='ltr'>ἀνθρώ-</span> 
     </span>
    </p>
   </div>
   <div class='ocr_carea' id='block_1_11' title="bbox 152 1022 1761 1106">
    <p class='ocr_par' dir='ltr' id='par_1_11' title="bbox 152 1022 1761 1106">
     <span class='ocr_line' id='line_1_11' title="bbox 152 1022 1761 1106; baseline -0.009 -14"><span class='ocrx_word' id='word_1_66' title='bbox 152 1054 288 1102; x_wconf 84' lang='grc' dir='ltr'>ποις</span> <span class='ocrx_word' id='word_1_67' title='bbox 324 1036 401 1090; x_wconf 74' lang='grc' dir='ltr'><strong>τά</strong></span> <span class='ocrx_word' id='word_1_68' title='bbox 440 1036 586 1106; x_wconf 71' lang='grc' dir='ltr'>παρὰ</span> <span class='ocrx_word' id='word_1_69' title='bbox 617 1030 714 1085; x_wconf 81' lang='grc' dir='ltr'>τοῦ</span> <span class='ocrx_word' id='word_1_70' title='bbox 753 1028 958 1101; x_wconf 87' lang='grc' dir='ltr'>πατρὸς</span> <span class='ocrx_word' id='word_1_71' title='bbox 1008 1026 1101 1084; x_wconf 78' lang='grc' dir='ltr'>καὶ</span> <span class='ocrx_word' id='word_1_72' title='bbox 1154 1022 1380 1097; x_wconf 80' lang='grc' dir='ltr'>ποιητοῦ</span> <span class='ocrx_word' id='word_1_73' title='bbox 1424 1024 1534 1081; x_wconf 82' lang='grc' dir='ltr'><strong>τῶν</strong></span> <span class='ocrx_word' id='word_1_74' title='bbox 1588 1024 1761 1080; x_wconf 77' lang='grc' dir='ltr'>ἁπάν-</span> 
     </span>
    </p>
   </div>
   <div class='ocr_carea' id='block_1_12' title="bbox 153 1148 294 1185">
    <p class='ocr_par' dir='ltr' id='par_1_12' title="bbox 153 1148 294 1185">
     <span class='ocr_line' id='line_1_12' title="bbox 153 1148 294 1185; baseline -0.021 0"><span class='ocrx_word' id='word_1_75' title='bbox 153 1148 294 1185; x_wconf 85' lang='grc' dir='ltr'>των.</span> 
     </span>
    </p>
   </div>
   <div class='ocr_carea' id='block_1_13' title="bbox 228 1206 1756 1289">
    <p class='ocr_par' dir='ltr' id='par_1_13' title="bbox 228 1206 1756 1289">
     <span class='ocr_line' id='line_1_13' title="bbox 228 1206 1756 1289; baseline -0.009 -14"><span class='ocrx_word' id='word_1_76' title='bbox 228 1219 413 1289; x_wconf 79' lang='grc' dir='ltr'><strong>Κάγὼ</strong></span> <span class='ocrx_word' id='word_1_77' title='bbox 444 1218 625 1273; x_wconf 85' lang='grc' dir='ltr'>πάλιν·</span> <span class='ocrx_word' id='word_1_78' title='bbox 662 1214 802 1287; x_wconf 81' lang='grc' dir='ltr'>Ἤδη</span> <span class='ocrx_word' id='word_1_79' title='bbox 842 1212 1057 1285; x_wconf 75' lang='grc' dir='ltr'>μέντοι.</span> <span class='ocrx_word' id='word_1_80' title='bbox 1090 1210 1137 1266; x_wconf 81' lang='grc' dir='ltr'>ὦ</span> <span class='ocrx_word' id='word_1_81' title='bbox 1165 1210 1399 1284; x_wconf 79' lang='grc' dir='ltr'><strong>Τρύφων</strong></span> <span class='ocrx_word' id='word_1_82' title='bbox 1419 1249 1435 1274; x_wconf 92' lang='grc'><strong>,</strong></span> <span class='ocrx_word' id='word_1_83' title='bbox 1470 1206 1756 1274; x_wconf 79' lang='grc' dir='ltr'><strong>ἀποδείξω,</strong></span> 
     </span>
    </p>
   </div>
   <div class='ocr_carea' id='block_1_14' title="bbox 152 1295 1759 1382">
    <p class='ocr_par' dir='ltr' id='par_1_14' title="bbox 152 1295 1759 1382">
     <span class='ocr_line' id='line_1_14' title="bbox 152 1295 1759 1382; baseline -0.009 -15"><span class='ocrx_word' id='word_1_84' title='bbox 152 1313 243 1367; x_wconf 78' lang='grc' dir='ltr'>ὅτι</span> <span class='ocrx_word' id='word_1_85' title='bbox 272 1311 419 1382; x_wconf 84' lang='grc' dir='ltr'>πρὸς</span> <span class='ocrx_word' id='word_1_86' title='bbox 448 1313 515 1382; x_wconf 73' lang='grc' dir='ltr'>τῇ</span> <span class='ocrx_word' id='word_1_87' title='bbox 548 1306 790 1371; x_wconf 79' lang='grc' dir='ltr'><strong>Μωσέως</strong></span> <span class='ocrx_word' id='word_1_88' title='bbox 822 1306 1060 1376; x_wconf 48' lang='grc' dir='ltr'><strong>ὀπτασίεεν⁸</strong></span> <span class='ocrx_word' id='word_1_89' title='bbox 1089 1304 1253 1367; x_wconf 77' lang='grc' dir='ltr'>αὐτὸς</span> <span class='ocrx_word' id='word_1_90' title='bbox 1284 1295 1441 1368; x_wconf 75' lang='grc' dir='ltr'>οὗτος</span> <span class='ocrx_word' id='word_1_91' title='bbox 1472 1301 1633 1374; x_wconf 82' lang='grc' dir='ltr'>μόνος</span> <span class='ocrx_word' id='word_1_92' title='bbox 1662 1299 1759 1354; x_wconf 77' lang='grc' dir='ltr'><strong>καὶ</strong></span> 
     </span>
    </p>
   </div>
   <div class='ocr_carea' id='block_1_15' title="bbox 152 1391 1759 1472">
    <p class='ocr_par' dir='ltr' id='par_1_15' title="bbox 152 1391 1759 1472">
     <span class='ocr_line' id='line_1_15' title="bbox 152 1391 1759 1472; baseline -0.009 -14"><span class='ocrx_word' id='word_1_93' title='bbox 152 1402 400 1472; x_wconf 71' lang='grc' dir='ltr'>ἅγγελος</span> <span class='ocrx_word' id='word_1_94' title='bbox 442 1396 796 1471; x_wconf 79' lang='grc' dir='ltr'>καλούμενος,</span> <span class='ocrx_word' id='word_1_95' title='bbox 844 1398 940 1452; x_wconf 78' lang='grc' dir='ltr'>καὶ</span> <span class='ocrx_word' id='word_1_96' title='bbox 968 1398 1100 1461; x_wconf 78' lang='grc' dir='ltr'>Θεὸς</span> <span class='ocrx_word' id='word_1_97' title='bbox 1146 1395 1429 1467; x_wconf 78' lang='grc' dir='ltr'><strong>ὑπάρχων,</strong></span> <span class='ocrx_word' id='word_1_98' title='bbox 1472 1391 1629 1465; x_wconf 81' lang='grc' dir='ltr'>ὤφθη</span> <span class='ocrx_word' id='word_1_99' title='bbox 1664 1392 1759 1445; x_wconf 76' lang='grc' dir='ltr'>καὶ</span> 
     </span>
    </p>
   </div>
   <div class='ocr_carea' id='block_1_16' title="bbox 156 1484 1753 1566">
    <p class='ocr_par' dir='ltr' id='par_1_16' title="bbox 156 1484 1753 1566">
     <span class='ocr_line' id='line_1_16' title="bbox 156 1484 1753 1566; baseline -0.009 -17"><span class='ocrx_word' id='word_1_100' title='bbox 156 1493 561 1566; x_wconf 84' lang='grc' dir='ltr'>προσωμίλησε</span> <span class='ocrx_word' id='word_1_101' title='bbox 609 1489 689 1562; x_wconf 82' lang='grc' dir='ltr'>τῷ</span> <span class='ocrx_word' id='word_1_102' title='bbox 730 1491 939 1545; x_wconf 84' lang='grc' dir='ltr'>Μωσεῖ.</span> <span class='ocrx_word' id='word_1_103' title='bbox 985 1488 1171 1553; x_wconf 78' lang='grc' dir='ltr'>Οὕτως</span> <span class='ocrx_word' id='word_1_104' title='bbox 1217 1486 1326 1559; x_wconf 79' lang='grc' dir='ltr'><strong>γάρ</strong></span> <span class='ocrx_word' id='word_1_105' title='bbox 1370 1485 1482 1556; x_wconf 74' lang='grc' dir='ltr'>ἔφη</span> <span class='ocrx_word' id='word_1_106' title='bbox 1515 1487 1544 1538; x_wconf 98' lang='lat'><strong>6</strong></span> <span class='ocrx_word' id='word_1_107' title='bbox 1575 1484 1753 1551; x_wconf 82' lang='grc' dir='ltr'><strong>λόγος·</strong></span> 
     </span>
    </p>
   </div>
   <div class='ocr_carea' id='block_1_17' title="bbox 162 1578 1757 1657">
    <p class='ocr_par' dir='ltr' id='par_1_17' title="bbox 162 1578 1757 1657">
     <span class='ocr_line' id='line_1_17' title="bbox 162 1578 1757 1657; baseline -0.006 -17"><span class='ocrx_word' id='word_1_108' title='bbox 162 1608 182 1639; x_wconf 80' lang='grc' dir='ltr'><strong>ι</strong></span> <span class='ocrx_word' id='word_1_109' title='bbox 216 1586 405 1657; x_wconf 82' lang='grc' dir='ltr'>Ὠφθη</span> <span class='ocrx_word' id='word_1_110' title='bbox 435 1585 491 1639; x_wconf 72' lang='grc' dir='ltr'>δὲ</span> <span class='ocrx_word' id='word_1_111' title='bbox 518 1583 669 1655; x_wconf 78' lang='grc' dir='ltr'>αὐτῷ</span> <span class='ocrx_word' id='word_1_112' title='bbox 695 1582 922 1653; x_wconf 80' lang='grc' dir='ltr'>ἄγγελος</span> <span class='ocrx_word' id='word_1_113' title='bbox 956 1583 1165 1653; x_wconf 88' lang='grc' dir='ltr'>Κυρίου</span> <span class='ocrx_word' id='word_1_114' title='bbox 1193 1584 1251 1634; x_wconf 85' lang='grc' dir='ltr'>ὲν</span> <span class='ocrx_word' id='word_1_115' title='bbox 1287 1579 1421 1651; x_wconf 77' lang='grc' dir='ltr'>πυρὶ</span> <span class='ocrx_word' id='word_1_116' title='bbox 1464 1578 1659 1647; x_wconf 85' lang='grc' dir='ltr'>φλογὸς</span> <span class='ocrx_word' id='word_1_117' title='bbox 1692 1579 1757 1630; x_wconf 86' lang='grc' dir='ltr'>ὲκ</span> 
     </span>
    </p>
   </div>
   <div class='ocr_carea' id='block_1_18' title="bbox 157 1675 1755 1751">
    <p class='ocr_par' dir='ltr' id='par_1_18' title="bbox 157 1675 1755 1751">
     <span class='ocr_line' id='line_1_18' title="bbox 157 1675 1755 1751; baseline -0.006 -17"><span class='ocrx_word' id='word_1_118' title='bbox 157 1681 356 1751; x_wconf 53' lang='lat' dir='ltr'><strong>mir</strong></span> <span class='ocrx_word' id='word_1_119' title='bbox 386 1680 482 1733; x_wconf 73' lang='grc' dir='ltr'>καὶ</span> <span class='ocrx_word' id='word_1_120' title='bbox 516 1681 619 1751; x_wconf 79' lang='grc' dir='ltr'><strong>ὁρᾷ</strong></span> <span class='ocrx_word' id='word_1_121' title='bbox 645 1680 789 1750; x_wconf 73' lang='grc' dir='ltr'>ὅτιιὴ</span> <span class='ocrx_word' id='word_1_122' title='bbox 829 1678 990 1749; x_wconf 86' lang='grc' dir='ltr'>βάτος</span> <span class='ocrx_word' id='word_1_123' title='bbox 1019 1677 1231 1731; x_wconf 82' lang='grc' dir='ltr'>καίεται</span> <span class='ocrx_word' id='word_1_124' title='bbox 1265 1676 1418 1747; x_wconf 79' lang='grc' dir='ltr'>πυρὶ,</span> <span class='ocrx_word' id='word_1_125' title='bbox 1451 1676 1484 1746; x_wconf 80' lang='grc' dir='ltr'>ἡ</span> <span class='ocrx_word' id='word_1_126' title='bbox 1515 1675 1571 1729; x_wconf 83' lang='grc' dir='ltr'>δὲ</span> <span class='ocrx_word' id='word_1_127' title='bbox 1596 1675 1755 1745; x_wconf 83' lang='grc' dir='ltr'>βάτος</span> 
     </span>
    </p>
   </div>
   <div class='ocr_carea' id='block_1_19' title="bbox 154 1765 1753 1839">
    <p class='ocr_par' dir='ltr' id='par_1_19' title="bbox 154 1765 1753 1839">
     <span class='ocr_line' id='line_1_19' title="bbox 154 1765 1753 1839; baseline -0.005 -12"><span class='ocrx_word' id='word_1_128' title='bbox 154 1775 219 1827; x_wconf 78' lang='grc' dir='ltr'><strong>ού</strong></span> <span class='ocrx_word' id='word_1_129' title='bbox 249 1772 596 1827; x_wconf 81' lang='grc' dir='ltr'>κατεκαίετο.</span> <span class='ocrx_word' id='word_1_130' title='bbox 630 1772 689 1825; x_wconf 87' lang='lat'><strong>&#39;0</strong></span> <span class='ocrx_word' id='word_1_131' title='bbox 721 1770 778 1824; x_wconf 77' lang='grc' dir='ltr'>δὲ</span> <span class='ocrx_word' id='word_1_132' title='bbox 805 1770 1013 1839; x_wconf 82' lang='grc' dir='ltr'>Μωσῆς</span> <span class='ocrx_word' id='word_1_133' title='bbox 1032 1765 1175 1822; x_wconf 60' lang='grc' dir='ltr'>εἷπε</span> <span class='ocrx_word' id='word_1_134' title='bbox 1223 1766 1520 1839; x_wconf 78' lang='grc' dir='ltr'>Παρελθὼν</span> <span class='ocrx_word' id='word_1_135' title='bbox 1553 1767 1753 1838; x_wconf 75' lang='grc' dir='ltr'>ὂψομαι</span> 
     </span>
    </p>
   </div>
   <div class='ocr_carea' id='block_1_20' title="bbox 151 1851 1751 1937">
    <p class='ocr_par' dir='ltr' id='par_1_20' title="bbox 151 1851 1751 1937">
     <span class='ocr_line' id='line_1_20' title="bbox 151 1851 1751 1937; baseline -0.005 -18"><span class='ocrx_word' id='word_1_136' title='bbox 151 1868 217 1919; x_wconf 83' lang='grc' dir='ltr'>τὸ</span> <span class='ocrx_word' id='word_1_137' title='bbox 248 1866 437 1937; x_wconf 79' lang='grc' dir='ltr'>ὅραμα</span> <span class='ocrx_word' id='word_1_138' title='bbox 456 1862 615 1917; x_wconf 73' lang='grc' dir='ltr'>τοῦτο</span> <span class='ocrx_word' id='word_1_139' title='bbox 638 1851 880 1934; x_wconf 73' lang='grc' dir='ltr'>τὸμέγα,</span> <span class='ocrx_word' id='word_1_140' title='bbox 908 1862 991 1914; x_wconf 84' lang='grc' dir='ltr'>ὅτι</span> <span class='ocrx_word' id='word_1_141' title='bbox 1022 1861 1083 1914; x_wconf 83' lang='grc' dir='ltr'>οὐ</span> <span class='ocrx_word' id='word_1_142' title='bbox 1112 1860 1472 1914; x_wconf 83' lang='grc' dir='ltr'>κατακαίεται</span> <span class='ocrx_word' id='word_1_143' title='bbox 1498 1862 1531 1931; x_wconf 77' lang='grc' dir='ltr'><strong>ἡ</strong></span> <span class='ocrx_word' id='word_1_144' title='bbox 1570 1859 1751 1929; x_wconf 83' lang='grc' dir='ltr'>βάτος.</span> 
     </span>
    </p>
   </div>
   <div class='ocr_carea' id='block_1_21' title="bbox 167 1950 1754 2026">
    <p class='ocr_par' dir='ltr' id='par_1_21' title="bbox 167 1950 1754 2026">
     <span class='ocr_line' id='line_1_21' title="bbox 167 1950 1754 2026; baseline -0.006 -16"><span class='ocrx_word' id='word_1_145' title='bbox 167 1956 260 2019; x_wconf 84' lang='grc' dir='ltr'><strong>Ὠς</strong></span> <span class='ocrx_word' id='word_1_146' title='bbox 280 1956 328 2009; x_wconf 86' lang='grc' dir='ltr'>δ’</span> <span class='ocrx_word' id='word_1_147' title='bbox 368 1950 477 2009; x_wconf 77' lang='grc' dir='ltr'>εἶδε</span> <span class='ocrx_word' id='word_1_148' title='bbox 507 1953 710 2026; x_wconf 82' lang='grc' dir='ltr'>Κύριος</span> <span class='ocrx_word' id='word_1_149' title='bbox 743 1954 825 2006; x_wconf 87' lang='grc' dir='ltr'>ὃτι</span> <span class='ocrx_word' id='word_1_150' title='bbox 860 1951 1127 2024; x_wconf 78' lang='grc' dir='ltr'>προσάγει</span> <span class='ocrx_word' id='word_1_151' title='bbox 1165 1950 1313 2015; x_wconf 85' lang='grc' dir='ltr'>ίδεῖν,</span> <span class='ocrx_word' id='word_1_152' title='bbox 1359 1950 1615 2004; x_wconf 78' lang='grc' dir='ltr'>ἐκάλεσεν</span> <span class='ocrx_word' id='word_1_153' title='bbox 1658 1950 1754 2002; x_wconf 78' lang='grc' dir='ltr'>αύ-</span> 
     </span>
    </p>
   </div>
   <div class='ocr_carea' id='block_1_22' title="bbox 152 2037 1754 2117">
    <p class='ocr_par' dir='ltr' id='par_1_22' title="bbox 152 2037 1754 2117">
     <span class='ocr_line' id='line_1_22' title="bbox 152 2037 1754 2117; baseline -0.004 -19"><span class='ocrx_word' id='word_1_154' title='bbox 152 2044 250 2099; x_wconf 79' lang='grc' dir='ltr'><strong>τον</strong></span> <span class='ocrx_word' id='word_1_155' title='bbox 284 2044 490 2117; x_wconf 84' lang='grc' dir='ltr'>Κύριος</span> <span class='ocrx_word' id='word_1_156' title='bbox 518 2047 585 2099; x_wconf 79' lang='grc' dir='ltr'>ὲκ</span> <span class='ocrx_word' id='word_1_157' title='bbox 608 2043 711 2115; x_wconf 82' lang='grc' dir='ltr'>τῆς</span> <span class='ocrx_word' id='word_1_158' title='bbox 757 2043 939 2113; x_wconf 87' lang='grc' dir='ltr'>βάτου.</span> <span class='ocrx_word' id='word_1_159' title='bbox 966 2061 984 2093; x_wconf 81' lang='grc' dir='ltr'><strong>ι</strong></span> <span class='ocrx_word' id='word_1_160' title='bbox 1028 2043 1125 2095; x_wconf 83' lang='grc' dir='ltr'>’ον</span> <span class='ocrx_word' id='word_1_161' title='bbox 1170 2037 1263 2095; x_wconf 82' lang='grc' dir='ltr'><strong>οὖν</strong></span> <span class='ocrx_word' id='word_1_162' title='bbox 1310 2041 1511 2113; x_wconf 89' lang='grc' dir='ltr'>τρόπον</span> <span class='ocrx_word' id='word_1_163' title='bbox 1552 2041 1643 2095; x_wconf 87' lang='grc' dir='ltr'><strong>τὸν</strong></span> <span class='ocrx_word' id='word_1_164' title='bbox 1675 2040 1754 2111; x_wconf 83' lang='grc' dir='ltr'>τῷ</span> 
     </span>
    </p>
   </div>
   <div class='ocr_carea' id='block_1_23' title="bbox 168 2133 1753 2206">
    <p class='ocr_par' dir='ltr' id='par_1_23' title="bbox 168 2133 1753 2206">
     <span class='ocr_line' id='line_1_23' title="bbox 168 2133 1753 2206; baseline -0.003 -15"><span class='ocrx_word' id='word_1_165' title='bbox 168 2135 372 2191; x_wconf 71' lang='grc' dir='ltr'>Ἰακὼϐ</span> <span class='ocrx_word' id='word_1_166' title='bbox 415 2136 649 2206; x_wconf 79' lang='grc' dir='ltr'>ὀφθέντα</span> <span class='ocrx_word' id='word_1_167' title='bbox 695 2137 836 2190; x_wconf 83' lang='grc' dir='ltr'>κατὰ</span> <span class='ocrx_word' id='word_1_168' title='bbox 866 2138 991 2198; x_wconf 83' lang='grc' dir='ltr'>τοὺς</span> <span class='ocrx_word' id='word_1_169' title='bbox 1025 2133 1227 2198; x_wconf 76' lang='grc' dir='ltr'>ὕπνους</span> <span class='ocrx_word' id='word_1_170' title='bbox 1275 2133 1506 2202; x_wconf 83' lang='grc' dir='ltr'>ἄγγελον</span> <span class='ocrx_word' id='word_1_171' title='bbox 1536 2136 1565 2187; x_wconf 94' lang='lat'><strong>6</strong></span> <span class='ocrx_word' id='word_1_172' title='bbox 1597 2133 1753 2202; x_wconf 82' lang='grc' dir='ltr'>λόγος</span> 
     </span>
    </p>
   </div>
   <div class='ocr_carea' id='block_1_24' title="bbox 154 2225 1751 2298">
    <p class='ocr_par' dir='ltr' id='par_1_24' title="bbox 154 2225 1751 2298">
     <span class='ocr_line' id='line_1_24' title="bbox 154 2225 1751 2298; baseline -0.003 -15"><span class='ocrx_word' id='word_1_173' title='bbox 154 2227 329 2298; x_wconf 72' lang='grc' dir='ltr'>λέγει,</span> <span class='ocrx_word' id='word_1_174' title='bbox 368 2225 486 2282; x_wconf 80' lang='grc' dir='ltr'>εἶτα</span> <span class='ocrx_word' id='word_1_175' title='bbox 506 2229 667 2284; x_wconf 84' lang='grc' dir='ltr'>αὐτὸν</span> <span class='ocrx_word' id='word_1_176' title='bbox 697 2228 791 2282; x_wconf 89' lang='grc' dir='ltr'><strong>τὸν</strong></span> <span class='ocrx_word' id='word_1_177' title='bbox 820 2228 1055 2298; x_wconf 71' lang='grc' dir='ltr'>ὀφθέντα</span> <span class='ocrx_word' id='word_1_178' title='bbox 1082 2226 1223 2281; x_wconf 88' lang='grc' dir='ltr'>κατά</span> <span class='ocrx_word' id='word_1_179' title='bbox 1255 2227 1382 2290; x_wconf 78' lang='grc' dir='ltr'>τοὺς</span> <span class='ocrx_word' id='word_1_180' title='bbox 1420 2226 1620 2290; x_wconf 75' lang='grc' dir='ltr'>ὕπνους</span> <span class='ocrx_word' id='word_1_181' title='bbox 1649 2226 1751 2296; x_wconf 81' lang='grc' dir='ltr'><strong>ἄγ-</strong></span> 
     </span>
    </p>
   </div>
   <div class='ocr_carea' id='block_1_25' title="bbox 155 2318 1753 2391">
    <p class='ocr_par' dir='ltr' id='par_1_25' title="bbox 155 2318 1753 2391">
     <span class='ocr_line' id='line_1_25' title="bbox 155 2318 1753 2391; baseline -0.001 -18"><span class='ocrx_word' id='word_1_182' title='bbox 155 2320 315 2389; x_wconf 84' lang='grc' dir='ltr'>γελον</span> <span class='ocrx_word' id='word_1_183' title='bbox 369 2320 645 2391; x_wconf 80' lang='grc' dir='ltr'>εἰρηκέναι</span> <span class='ocrx_word' id='word_1_184' title='bbox 692 2318 881 2390; x_wconf 78' lang='grc' dir='ltr'>αὐτῷ,</span> <span class='ocrx_word' id='word_1_185' title='bbox 929 2320 1032 2373; x_wconf 77' lang='grc' dir='ltr'>ὃτι’</span> <span class='ocrx_word' id='word_1_186' title='bbox 1080 2338 1099 2369; x_wconf 78' lang='grc' dir='ltr'><strong>ι</strong></span> <span class='ocrx_word' id='word_1_187' title='bbox 1128 2318 1271 2387; x_wconf 82' lang='grc' dir='ltr'>Ἐγώ</span> <span class='ocrx_word' id='word_1_188' title='bbox 1308 2321 1421 2389; x_wconf 86' lang='grc' dir='ltr'>είμι</span> <span class='ocrx_word' id='word_1_189' title='bbox 1467 2320 1496 2371; x_wconf 87' lang='grc' dir='ltr'>ὁ</span> <span class='ocrx_word' id='word_1_190' title='bbox 1540 2318 1670 2382; x_wconf 86' lang='grc' dir='ltr'>Θεὸς</span> <span class='ocrx_word' id='word_1_191' title='bbox 1725 2320 1753 2371; x_wconf 92' lang='lat'><strong>6</strong></span> 
     </span>
    </p>
   </div>
   <div class='ocr_carea' id='block_1_26' title="bbox 155 2408 1749 2482">
    <p class='ocr_par' dir='ltr' id='par_1_26' title="bbox 155 2408 1749 2482">
     <span class='ocr_line' id='line_1_26' title="bbox 155 2408 1749 2482; baseline 0.002 -21"><span class='ocrx_word' id='word_1_192' title='bbox 155 2408 347 2479; x_wconf 72' lang='grc' dir='ltr'>ὀφθείς</span> <span class='ocrx_word' id='word_1_193' title='bbox 399 2426 480 2463; x_wconf 91' lang='grc' dir='ltr'><strong>σοι</strong></span> <span class='ocrx_word' id='word_1_194' title='bbox 514 2411 603 2464; x_wconf 82' lang='grc' dir='ltr'>ὅτε</span> <span class='ocrx_word' id='word_1_195' title='bbox 651 2408 1044 2482; x_wconf 83' lang='grc' dir='ltr'>άπεδίδρασκες</span> <span class='ocrx_word' id='word_1_196' title='bbox 1087 2410 1197 2464; x_wconf 87' lang='grc' dir='ltr'><strong>άπὸ</strong></span> <span class='ocrx_word' id='word_1_197' title='bbox 1232 2410 1525 2481; x_wconf 76' lang='grc' dir='ltr'>προσώπου</span> <span class='ocrx_word' id='word_1_198' title='bbox 1576 2410 1749 2464; x_wconf 83' lang='grc' dir='ltr'><strong>Ἡσαῦ</strong></span> 
     </span>
    </p>
   </div>
   <div class='ocr_carea' id='block_1_27' title="bbox 154 2501 1750 2575">
    <p class='ocr_par' dir='ltr' id='par_1_27' title="bbox 154 2501 1750 2575">
     <span class='ocr_line' id='line_1_27' title="bbox 154 2501 1750 2575; baseline 0.002 -21"><span class='ocrx_word' id='word_1_199' title='bbox 154 2501 253 2555; x_wconf 82' lang='grc' dir='ltr'><strong>τοῦ</strong></span> <span class='ocrx_word' id='word_1_200' title='bbox 286 2501 518 2572; x_wconf 79' lang='grc' dir='ltr'>ἀδελφοῦ</span> <span class='ocrx_word' id='word_1_201' title='bbox 549 2519 663 2555; x_wconf 77' lang='grc' dir='ltr'>σου’</span> <span class='ocrx_word' id='word_1_202' title='bbox 706 2522 725 2555; x_wconf 78' lang='grc' dir='ltr'><strong>ι</strong></span> <span class='ocrx_word' id='word_1_203' title='bbox 763 2504 857 2557; x_wconf 75' lang='grc' dir='ltr'>καὶ</span> <span class='ocrx_word' id='word_1_204' title='bbox 881 2503 973 2555; x_wconf 78' lang='grc' dir='ltr'><strong>ἐπὶ</strong></span> <span class='ocrx_word' id='word_1_205' title='bbox 1001 2502 1095 2556; x_wconf 84' lang='grc' dir='ltr'>τοῦ</span> <span class='ocrx_word' id='word_1_206' title='bbox 1132 2503 1385 2575; x_wconf 77' lang='grc' dir='ltr'>Ἀϐραάμ</span> <span class='ocrx_word' id='word_1_207' title='bbox 1418 2506 1475 2556; x_wconf 83' lang='grc' dir='ltr'>ὲν</span> <span class='ocrx_word' id='word_1_208' title='bbox 1511 2506 1578 2575; x_wconf 83' lang='grc' dir='ltr'>τῇ</span> <span class='ocrx_word' id='word_1_209' title='bbox 1627 2506 1750 2575; x_wconf 88' lang='grc' dir='ltr'>κρί-</span> 
     </span>
    </p>
   </div>
   <div class='ocr_carea' id='block_1_28' title="bbox 159 2592 1751 2666">
    <p class='ocr_par' dir='ltr' id='par_1_28' title="bbox 159 2592 1751 2666">
     <span class='ocr_line' id='line_1_28' title="bbox 159 2592 1751 2666; baseline 0.001 -20"><span class='ocrx_word' id='word_1_210' title='bbox 159 2610 245 2646; x_wconf 83' lang='grc' dir='ltr'><strong>σει</strong></span> <span class='ocrx_word' id='word_1_211' title='bbox 279 2592 392 2647; x_wconf 83' lang='grc' dir='ltr'><strong>τῶν</strong></span> <span class='ocrx_word' id='word_1_212' title='bbox 432 2593 679 2666; x_wconf 83' lang='grc' dir='ltr'>Σοδόμων</span> <span class='ocrx_word' id='word_1_213' title='bbox 714 2594 917 2666; x_wconf 78' lang='grc' dir='ltr'>Κύριον</span> <span class='ocrx_word' id='word_1_214' title='bbox 970 2594 1120 2665; x_wconf 84' lang='grc' dir='ltr'>παρὰ</span> <span class='ocrx_word' id='word_1_215' title='bbox 1167 2595 1375 2666; x_wconf 83' lang='grc' dir='ltr'>Κυρίου</span> <span class='ocrx_word' id='word_1_216' title='bbox 1416 2594 1512 2648; x_wconf 82' lang='grc' dir='ltr'>τοῦ</span> <span class='ocrx_word' id='word_1_217' title='bbox 1547 2598 1605 2648; x_wconf 78' lang='grc' dir='ltr'>ἐν</span> <span class='ocrx_word' id='word_1_218' title='bbox 1638 2598 1751 2658; x_wconf 83' lang='grc' dir='ltr'>τοῖς</span> 
     </span>
    </p>
   </div>
   <div class='ocr_carea' id='block_1_29' title="bbox 154 2686 1753 2759">
    <p class='ocr_par' dir='ltr' id='par_1_29' title="bbox 154 2686 1753 2759">
     <span class='ocr_line' id='line_1_29' title="bbox 154 2686 1753 2759; baseline 0 -20"><span class='ocrx_word' id='word_1_219' title='bbox 154 2687 407 2759; x_wconf 78' lang='grc' dir='ltr'>οὐρανοῖς</span> <span class='ocrx_word' id='word_1_220' title='bbox 439 2688 540 2758; x_wconf 84' lang='grc' dir='ltr'>τὴν</span> <span class='ocrx_word' id='word_1_221' title='bbox 571 2686 754 2759; x_wconf 81' lang='grc' dir='ltr'>κρίσιν</span> <span class='ocrx_word' id='word_1_222' title='bbox 786 2686 1169 2759; x_wconf 70' lang='grc' dir='ltr'>ἐπενηνοχέναι</span> <span class='ocrx_word' id='word_1_223' title='bbox 1201 2687 1327 2759; x_wconf 77' lang='grc' dir='ltr'>ἔφη’</span> <span class='ocrx_word' id='word_1_224' title='bbox 1359 2686 1531 2751; x_wconf 72' lang='grc' dir='ltr'>οὕτως</span> <span class='ocrx_word' id='word_1_225' title='bbox 1557 2688 1648 2740; x_wconf 71' lang='grc' dir='ltr'><strong>καὶ</strong></span> <span class='ocrx_word' id='word_1_226' title='bbox 1674 2691 1753 2741; x_wconf 84' lang='grc' dir='ltr'><strong>ὲν-</strong></span> 
     </span>
    </p>
   </div>
   <div class='ocr_carea' id='block_1_30' title="bbox 157 2775 1751 2852">
    <p class='ocr_par' dir='ltr' id='par_1_30' title="bbox 157 2775 1751 2852">
     <span class='ocr_line' id='line_1_30' title="bbox 157 2775 1751 2852; baseline 0.003 -21"><span class='ocrx_word' id='word_1_227' title='bbox 157 2778 334 2832; x_wconf 77' lang='grc' dir='ltr'>ταῦθα</span> <span class='ocrx_word' id='word_1_228' title='bbox 371 2781 400 2832; x_wconf 88' lang='lat'><strong>6</strong></span> <span class='ocrx_word' id='word_1_229' title='bbox 429 2778 586 2847; x_wconf 83' lang='grc' dir='ltr'>λόγος</span> <span class='ocrx_word' id='word_1_230' title='bbox 611 2779 785 2848; x_wconf 83' lang='grc' dir='ltr'>λέγων</span> <span class='ocrx_word' id='word_1_231' title='bbox 818 2780 1050 2849; x_wconf 80' lang='grc' dir='ltr'>ἄγγελον</span> <span class='ocrx_word' id='word_1_232' title='bbox 1076 2780 1282 2851; x_wconf 83' lang='grc' dir='ltr'>Κυρίου</span> <span class='ocrx_word' id='word_1_233' title='bbox 1316 2775 1496 2851; x_wconf 80' lang='grc' dir='ltr'>ὦφθαι</span> <span class='ocrx_word' id='word_1_234' title='bbox 1522 2780 1600 2852; x_wconf 80' lang='grc' dir='ltr'>τῷ</span> <span class='ocrx_word' id='word_1_235' title='bbox 1622 2783 1751 2836; x_wconf 89' lang='grc' dir='ltr'><strong>Μω-</strong></span> 
     </span>
    </p>
   </div>
   <div class='ocr_carea' id='block_1_31' title="bbox 158 2868 1748 2947">
    <p class='ocr_par' dir='ltr' id='par_1_31' title="bbox 158 2868 1748 2947">
     <span class='ocr_line' id='line_1_31' title="bbox 158 2868 1748 2947; baseline 0.002 -22"><span class='ocrx_word' id='word_1_236' title='bbox 158 2874 261 2935; x_wconf 83' lang='grc' dir='ltr'>σεῖ,</span> <span class='ocrx_word' id='word_1_237' title='bbox 296 2872 392 2926; x_wconf 63' lang='grc' dir='ltr'><strong>κα)⁸</strong></span> <span class='ocrx_word' id='word_1_238' title='bbox 425 2868 718 2943; x_wconf 76' lang='grc' dir='ltr'>μετέπειτα</span> <span class='ocrx_word' id='word_1_239' title='bbox 751 2872 956 2944; x_wconf 86' lang='grc' dir='ltr'>Κύριον</span> <span class='ocrx_word' id='word_1_240' title='bbox 989 2873 1149 2927; x_wconf 80' lang='grc' dir='ltr'>αὑτὸν</span> <span class='ocrx_word' id='word_1_241' title='bbox 1196 2874 1324 2927; x_wconf 82' lang='grc' dir='ltr'>ὄντα</span> <span class='ocrx_word' id='word_1_242' title='bbox 1359 2876 1453 2929; x_wconf 76' lang='grc' dir='ltr'>καὶ</span> <span class='ocrx_word' id='word_1_243' title='bbox 1486 2875 1618 2928; x_wconf 83' lang='grc' dir='ltr'>θεὸν</span> <span class='ocrx_word' id='word_1_244' title='bbox 1651 2893 1748 2947; x_wconf 84' lang='grc' dir='ltr'>ση-</span> 
     </span>
    </p>
   </div>
   <div class='ocr_carea' id='block_1_32' title="bbox 158 2964 1749 3035">
    <p class='ocr_par' dir='ltr' id='par_1_32' title="bbox 158 2964 1749 3035">
     <span class='ocr_line' id='line_1_32' title="bbox 158 2964 1749 3035; baseline 0.004 -19"><span class='ocrx_word' id='word_1_245' title='bbox 158 2964 386 3035; x_wconf 87' lang='grc' dir='ltr'>μαίνων,</span> <span class='ocrx_word' id='word_1_246' title='bbox 424 2964 517 3017; x_wconf 84' lang='grc' dir='ltr'><strong>τὸν</strong></span> <span class='ocrx_word' id='word_1_247' title='bbox 558 2964 720 3019; x_wconf 75' lang='grc' dir='ltr'>αὑτὸν</span> <span class='ocrx_word' id='word_1_248' title='bbox 751 2964 896 3034; x_wconf 78' lang='grc' dir='ltr'>λέγει</span> <span class='ocrx_word' id='word_1_249' title='bbox 928 2964 987 3017; x_wconf 82' lang='grc' dir='ltr'>ὃν</span> <span class='ocrx_word' id='word_1_250' title='bbox 1021 2967 1115 3019; x_wconf 78' lang='grc' dir='ltr'>καὶ</span> <span class='ocrx_word' id='word_1_251' title='bbox 1142 2965 1231 3019; x_wconf 83' lang='grc' dir='ltr'>διὰ</span> <span class='ocrx_word' id='word_1_252' title='bbox 1274 2966 1484 3020; x_wconf 86' lang='grc' dir='ltr'>πολλῶν</span> <span class='ocrx_word' id='word_1_253' title='bbox 1516 2968 1624 3021; x_wconf 82' lang='grc' dir='ltr'>τῶν</span> <span class='ocrx_word' id='word_1_254' title='bbox 1664 2969 1749 3022; x_wconf 89' lang='grc' dir='ltr'>λε-</span> 
     </span>
    </p>
   </div>
   <div class='ocr_carea' id='block_1_33' title="bbox 154 3050 1747 3133">
    <p class='ocr_par' dir='ltr' id='par_1_33' title="bbox 154 3050 1747 3133">
     <span class='ocr_line' id='line_1_33' title="bbox 154 3050 1747 3133; baseline 0.004 -24"><span class='ocrx_word' id='word_1_255' title='bbox 154 3050 434 3127; x_wconf 71' lang='grc' dir='ltr'>λεγμένων</span> <span class='ocrx_word' id='word_1_256' title='bbox 459 3055 831 3128; x_wconf 80' lang='grc' dir='ltr'>ὑπηρετοῦντα</span> <span class='ocrx_word' id='word_1_257' title='bbox 857 3056 936 3129; x_wconf 84' lang='grc' dir='ltr'>τῷ</span> <span class='ocrx_word' id='word_1_258' title='bbox 969 3058 1110 3130; x_wconf 83' lang='grc' dir='ltr'>ὑπὲρ</span> <span class='ocrx_word' id='word_1_259' title='bbox 1142 3059 1345 3131; x_wconf 82' lang='grc' dir='ltr'>κόσμον</span> <span class='ocrx_word' id='word_1_260' title='bbox 1368 3059 1505 3131; x_wconf 81' lang='grc' dir='ltr'>Θεῷ,</span> <span class='ocrx_word' id='word_1_261' title='bbox 1529 3061 1669 3133; x_wconf 81' lang='grc' dir='ltr'>ὑπὲρ</span> <span class='ocrx_word' id='word_1_262' title='bbox 1688 3062 1747 3116; x_wconf 86' lang='grc' dir='ltr'>ὃν</span> 
     </span>
    </p>
   </div>
   <div class='ocr_carea' id='block_1_34' title="bbox 155 3146 917 3224">
    <p class='ocr_par' dir='ltr' id='par_1_34' title="bbox 155 3146 917 3224">
     <span class='ocr_line' id='line_1_34' title="bbox 155 3146 917 3224; baseline 0.005 -25"><span class='ocrx_word' id='word_1_263' title='bbox 155 3146 314 3211; x_wconf 69' lang='grc' dir='ltr'>ἀλλος</span> <span class='ocrx_word' id='word_1_264' title='bbox 344 3149 445 3201; x_wconf 71' lang='grc' dir='ltr'>οὐκ</span> <span class='ocrx_word' id='word_1_265' title='bbox 475 3147 611 3224; x_wconf 60' lang='grc' dir='ltr'>ἐστι,</span> <span class='ocrx_word' id='word_1_266' title='bbox 645 3149 917 3221; x_wconf 82' lang='grc' dir='ltr'>σημαίνει.</span> 
     </span>
    </p>
   </div>
   <div class='ocr_carea' id='block_1_35' title="bbox 1868 561 3439 632">
    <p class='ocr_par' dir='ltr' id='par_1_35' title="bbox 1868 561 3439 632">
     <span class='ocr_line' id='line_1_35' title="bbox 1868 561 3439 632; baseline 0.003 -15"><span class='ocrx_word' id='word_1_267' title='bbox 1868 565 2247 619; x_wconf 88' lang='lat' dir='ltr'><strong>universorum</strong></span> <span class='ocrx_word' id='word_1_268' title='bbox 2294 563 2464 617; x_wconf 87' lang='lat' dir='ltr'><strong>Deum</strong></span> <span class='ocrx_word' id='word_1_269' title='bbox 2495 561 2861 632; x_wconf 74' lang='lat' dir='ltr'><strong>intelligemus</strong></span> <span class='ocrx_word' id='word_1_270' title='bbox 2917 562 3113 631; x_wconf 88' lang='lat' dir='ltr'><strong>fuisse,</strong></span> <span class='ocrx_word' id='word_1_271' title='bbox 3162 566 3258 621; x_wconf 87' lang='lat' dir='ltr'><strong>sed</strong></span> <span class='ocrx_word' id='word_1_272' title='bbox 3314 581 3439 623; x_wconf 88' lang='lat' dir='ltr'><strong>eum</strong></span> 
     </span>
    </p>
   </div>
   <div class='ocr_carea' id='block_1_36' title="bbox 1865 653 3440 726">
    <p class='ocr_par' dir='ltr' id='par_1_36' title="bbox 1865 653 3440 726">
     <span class='ocr_line' id='line_1_36' title="bbox 1865 653 3440 726; baseline 0.006 -22"><span class='ocrx_word' id='word_1_273' title='bbox 1865 671 2028 726; x_wconf 82' lang='lat' dir='ltr'><strong>quem</strong></span> <span class='ocrx_word' id='word_1_274' title='bbox 2053 664 2111 709; x_wconf 90' lang='lat' dir='ltr'><strong>et</strong></span> <span class='ocrx_word' id='word_1_275' title='bbox 2142 654 2377 709; x_wconf 80' lang='lat' dir='ltr'><strong>Ahraba:</strong></span> <span class='ocrx_word' id='word_1_276' title='bbox 2415 662 2470 710; x_wconf 89' lang='lat' dir='ltr'><strong>et</strong></span> <span class='ocrx_word' id='word_1_277' title='bbox 2502 653 2653 709; x_wconf 82' lang='lat' dir='ltr'><strong>Isaac</strong></span> <span class='ocrx_word' id='word_1_278' title='bbox 2688 664 2744 709; x_wconf 91' lang='lat' dir='ltr'><strong>et</strong></span> <span class='ocrx_word' id='word_1_279' title='bbox 2772 654 2943 710; x_wconf 86' lang='lat' dir='ltr'><strong>Jacob</strong></span> <span class='ocrx_word' id='word_1_280' title='bbox 2977 657 3300 725; x_wconf 77' lang='lat' dir='ltr'><strong>apparuisse</strong></span> <span class='ocrx_word' id='word_1_281' title='bbox 3337 660 3440 713; x_wconf 90' lang='lat' dir='ltr'><strong>de-</strong></span> 
     </span>
    </p>
   </div>
   <div class='ocr_carea' id='block_1_37' title="bbox 1866 748 3447 813">
    <p class='ocr_par' dir='ltr' id='par_1_37' title="bbox 1866 748 3447 813">
     <span class='ocr_line' id='line_1_37' title="bbox 1866 748 3447 813; baseline 0.004 -12"><span class='ocrx_word' id='word_1_282' title='bbox 1866 756 2235 803; x_wconf 89' lang='lat' dir='ltr'><strong>monstratum</strong></span> <span class='ocrx_word' id='word_1_283' title='bbox 2269 754 2379 812; x_wconf 90' lang='lat' dir='ltr'><strong>est,</strong></span> <span class='ocrx_word' id='word_1_284' title='bbox 2416 748 2507 813; x_wconf 87' lang='lat' dir='ltr'><strong>qui</strong></span> <span class='ocrx_word' id='word_1_285' title='bbox 2541 748 2706 801; x_wconf 78' lang='lat' dir='ltr'><strong>etiam</strong></span> <span class='ocrx_word' id='word_1_286' title='bbox 2739 748 3124 804; x_wconf 83' lang='lat' dir='ltr'><strong>universorum</strong></span> <span class='ocrx_word' id='word_1_287' title='bbox 3175 753 3447 808; x_wconf 72' lang='lat' dir='ltr'><strong>creatoris</strong></span> 
     </span>
    </p>
   </div>
   <div class='ocr_carea' id='block_1_38' title="bbox 1866 836 3446 912">
    <p class='ocr_par' dir='ltr' id='par_1_38' title="bbox 1866 836 3446 912">
     <span class='ocr_line' id='line_1_38' title="bbox 1866 836 3446 912; baseline 0.003 -19"><span class='ocrx_word' id='word_1_288' title='bbox 1866 837 1963 893; x_wconf 87' lang='lat' dir='ltr'><strong>Dei</strong></span> <span class='ocrx_word' id='word_1_289' title='bbox 1998 836 2224 906; x_wconf 79' lang='lat' dir='ltr'><strong>angelus</strong></span> <span class='ocrx_word' id='word_1_290' title='bbox 2246 846 2474 889; x_wconf 87' lang='lat' dir='ltr'><strong>vocatur</strong></span> <span class='ocrx_word' id='word_1_291' title='bbox 2494 846 2549 891; x_wconf 92' lang='lat' dir='ltr'><strong>ct</strong></span> <span class='ocrx_word' id='word_1_292' title='bbox 2587 852 2710 891; x_wconf 82' lang='lat' dir='ltr'><strong>esse</strong></span> <span class='ocrx_word' id='word_1_293' title='bbox 2751 837 3095 909; x_wconf 84' lang='lat' dir='ltr'><strong>intelligitur,</strong></span> <span class='ocrx_word' id='word_1_294' title='bbox 3138 856 3204 895; x_wconf 92' lang='lat' dir='ltr'><strong>eo</strong></span> <span class='ocrx_word' id='word_1_295' title='bbox 3226 843 3371 912; x_wconf 90' lang='lat' dir='ltr'><strong>quod</strong></span> <span class='ocrx_word' id='word_1_296' title='bbox 3414 858 3446 896; x_wconf 84' lang='lat' dir='ltr'><strong>a</strong></span> 
     </span>
    </p>
   </div>
   <div class='ocr_carea' id='block_1_39' title="bbox 1863 929 3436 1001">
    <p class='ocr_par' dir='ltr' id='par_1_39' title="bbox 1863 929 3436 1001">
     <span class='ocr_line' id='line_1_39' title="bbox 1863 929 3436 1001; baseline 0.004 -18"><span class='ocrx_word' id='word_1_297' title='bbox 1863 939 2015 1001; x_wconf 90' lang='lat' dir='ltr'><strong>patre</strong></span> <span class='ocrx_word' id='word_1_298' title='bbox 2045 940 2101 984; x_wconf 91' lang='lat' dir='ltr'><strong>et</strong></span> <span class='ocrx_word' id='word_1_299' title='bbox 2134 938 2383 984; x_wconf 84' lang='lat' dir='ltr'><strong>creatore</strong></span> <span class='ocrx_word' id='word_1_300' title='bbox 2413 929 2797 987; x_wconf 87' lang='lat' dir='ltr'><strong>universorum</strong></span> <span class='ocrx_word' id='word_1_301' title='bbox 2852 934 3112 987; x_wconf 82' lang='lat' dir='ltr'><strong>mandata</strong></span> <span class='ocrx_word' id='word_1_302' title='bbox 3146 938 3215 990; x_wconf 88' lang='lat' dir='ltr'><strong>ad</strong></span> <span class='ocrx_word' id='word_1_303' title='bbox 3265 935 3436 989; x_wconf 87' lang='lat' dir='ltr'><strong>homi-</strong></span> 
     </span>
    </p>
   </div>
   <div class='ocr_carea' id='block_1_40' title="bbox 1862 1023 2258 1095">
    <p class='ocr_par' dir='ltr' id='par_1_40' title="bbox 1862 1023 2258 1095">
     <span class='ocr_line' id='line_1_40' title="bbox 1862 1023 2258 1095; baseline -0.003 -15"><span class='ocrx_word' id='word_1_304' title='bbox 1862 1038 1962 1080; x_wconf 89' lang='lat' dir='ltr'><strong>nes</strong></span> <span class='ocrx_word' id='word_1_305' title='bbox 1994 1023 2258 1095; x_wconf 86' lang='lat' dir='ltr'><strong>perferat.</strong></span> 
     </span>
    </p>
   </div>
   <div class='ocr_carea' id='block_1_41' title="bbox 1932 1202 3440 1277">
    <p class='ocr_par' dir='ltr' id='par_1_41' title="bbox 1932 1202 3440 1277">
     <span class='ocr_line' id='line_1_41' title="bbox 1932 1202 3440 1277; baseline 0.005 -19"><span class='ocrx_word' id='word_1_306' title='bbox 1932 1202 2071 1259; x_wconf 84' lang='lat' dir='ltr'><strong>Tum</strong></span> <span class='ocrx_word' id='word_1_307' title='bbox 2102 1219 2204 1271; x_wconf 80' lang='lat' dir='ltr'><strong>ego</strong></span> <span class='ocrx_word' id='word_1_308' title='bbox 2238 1220 2455 1258; x_wconf 82' lang='lat' dir='ltr'><strong>rursum</strong></span> <span class='ocrx_word' id='word_1_309' title='bbox 2488 1203 2645 1260; x_wconf 82' lang='lat' dir='ltr'><strong>:Jam</strong></span> <span class='ocrx_word' id='word_1_310' title='bbox 2677 1204 3095 1275; x_wconf 80' lang='lat' dir='ltr'><strong>demonstrabo,</strong></span> <span class='ocrx_word' id='word_1_311' title='bbox 3120 1206 3367 1277; x_wconf 77' lang='lat' dir='ltr'><strong>inquam,</strong></span> <span class='ocrx_word' id='word_1_312' title='bbox 3406 1224 3440 1265; x_wconf 94' lang='lat' dir='ltr'><strong>o</strong></span> 
     </span>
    </p>
   </div>
   <div class='ocr_carea' id='block_1_42' title="bbox 1862 1291 3444 1367">
    <p class='ocr_par' dir='ltr' id='par_1_42' title="bbox 1862 1291 3444 1367">
     <span class='ocr_line' id='line_1_42' title="bbox 1862 1291 3444 1367; baseline 0.005 -21"><span class='ocrx_word' id='word_1_313' title='bbox 1862 1291 2114 1363; x_wconf 82' lang='lat' dir='ltr'><strong>Trypho,</strong></span> <span class='ocrx_word' id='word_1_314' title='bbox 2144 1294 2195 1347; x_wconf 92' lang='lat' dir='ltr'><strong>in</strong></span> <span class='ocrx_word' id='word_1_315' title='bbox 2224 1291 2425 1365; x_wconf 81' lang='lat' dir='ltr'><strong>Moysis</strong></span> <span class='ocrx_word' id='word_1_316' title='bbox 2460 1296 2667 1351; x_wconf 84' lang='lat' dir='ltr'><strong>visione</strong></span> <span class='ocrx_word' id='word_1_317' title='bbox 2703 1296 2879 1367; x_wconf 87' lang='lat' dir='ltr'><strong>ipsum</strong></span> <span class='ocrx_word' id='word_1_318' title='bbox 2913 1298 3085 1360; x_wconf 88' lang='lat' dir='ltr'><strong>illum,</strong></span> <span class='ocrx_word' id='word_1_319' title='bbox 3118 1299 3212 1366; x_wconf 85' lang='lat' dir='ltr'><strong>qui</strong></span> <span class='ocrx_word' id='word_1_320' title='bbox 3257 1309 3311 1354; x_wconf 89' lang='lat' dir='ltr'><strong>et</strong></span> <span class='ocrx_word' id='word_1_321' title='bbox 3344 1315 3444 1354; x_wconf 90' lang='lat' dir='ltr'><strong>an-</strong></span> 
     </span>
    </p>
   </div>
   <div class='ocr_carea' id='block_1_43' title="bbox 1860 1387 3443 1461">
    <p class='ocr_par' dir='ltr' id='par_1_43' title="bbox 1860 1387 3443 1461">
     <span class='ocr_line' id='line_1_43' title="bbox 1860 1387 3443 1461; baseline 0.004 -21"><span class='ocrx_word' id='word_1_322' title='bbox 1860 1387 2016 1455; x_wconf 86' lang='lat' dir='ltr'><strong>gelus</strong></span> <span class='ocrx_word' id='word_1_323' title='bbox 2049 1398 2277 1441; x_wconf 88' lang='lat' dir='ltr'><strong>vocatur</strong></span> <span class='ocrx_word' id='word_1_324' title='bbox 2310 1398 2364 1442; x_wconf 85' lang='lat' dir='ltr'><strong>et</strong></span> <span class='ocrx_word' id='word_1_325' title='bbox 2389 1389 2533 1444; x_wconf 86' lang='lat' dir='ltr'><strong>Dens</strong></span> <span class='ocrx_word' id='word_1_326' title='bbox 2557 1397 2663 1453; x_wconf 87' lang='lat' dir='ltr'><strong>est,</strong></span> <span class='ocrx_word' id='word_1_327' title='bbox 2700 1390 2872 1443; x_wconf 84' lang='lat' dir='ltr'><strong>solum</strong></span> <span class='ocrx_word' id='word_1_328' title='bbox 2909 1390 3227 1459; x_wconf 71' lang='lat' dir='ltr'><strong>apparuisse</strong></span> <span class='ocrx_word' id='word_1_329' title='bbox 3248 1390 3443 1461; x_wconf 80' lang='lat' dir='ltr'><strong>Moysi,</strong></span> 
     </span>
    </p>
   </div>
   <div class='ocr_carea' id='block_1_44' title="bbox 1859 1480 3441 1554">
    <p class='ocr_par' dir='ltr' id='par_1_44' title="bbox 1859 1480 3441 1554">
     <span class='ocr_line' id='line_1_44' title="bbox 1859 1480 3441 1554; baseline 0.004 -22"><span class='ocrx_word' id='word_1_330' title='bbox 1859 1490 1916 1532; x_wconf 89' lang='lat' dir='ltr'><strong>et</strong></span> <span class='ocrx_word' id='word_1_331' title='bbox 1948 1494 2071 1534; x_wconf 92' lang='lat' dir='ltr'><strong>cum</strong></span> <span class='ocrx_word' id='word_1_332' title='bbox 2099 1495 2165 1534; x_wconf 91' lang='lat' dir='ltr'><strong>eo</strong></span> <span class='ocrx_word' id='word_1_333' title='bbox 2195 1480 2528 1535; x_wconf 82' lang='lat' dir='ltr'><strong>collocutum</strong></span> <span class='ocrx_word' id='word_1_334' title='bbox 2562 1495 2705 1535; x_wconf 81' lang='lat' dir='ltr'><strong>esse.</strong></span> <span class='ocrx_word' id='word_1_335' title='bbox 2728 1480 2821 1537; x_wconf 91' lang='lat' dir='ltr'><strong>Sic</strong></span> <span class='ocrx_word' id='word_1_336' title='bbox 2851 1484 2996 1537; x_wconf 89' lang='lat' dir='ltr'><strong>enim</strong></span> <span class='ocrx_word' id='word_1_337' title='bbox 3018 1483 3394 1554; x_wconf 85' lang='lat' dir='ltr'><strong>aitScriptura</strong></span> <span class='ocrx_word' id='word_1_338' title='bbox 3426 1503 3441 1539; x_wconf 85' lang='lat'><strong>:</strong></span> 
     </span>
    </p>
   </div>
   <div class='ocr_carea' id='block_1_45' title="bbox 1865 1569 3441 1645">
    <p class='ocr_par' dir='ltr' id='par_1_45' title="bbox 1865 1569 3441 1645">
     <span class='ocr_line' id='line_1_45' title="bbox 1865 1569 3441 1645; baseline 0.006 -24"><span class='ocrx_word' id='word_1_339' title='bbox 1865 1587 1883 1621; x_wconf 84' lang='grc' dir='ltr'><strong>ι</strong></span> <span class='ocrx_word' id='word_1_340' title='bbox 1916 1569 2182 1639; x_wconf 82' lang='lat' dir='ltr'><strong>Apparuit</strong></span> <span class='ocrx_word' id='word_1_341' title='bbox 2206 1581 2387 1625; x_wconf 87' lang='lat' dir='ltr'><strong>autem</strong></span> <span class='ocrx_word' id='word_1_342' title='bbox 2412 1571 2461 1624; x_wconf 90' lang='lat' dir='ltr'><strong>ei</strong></span> <span class='ocrx_word' id='word_1_343' title='bbox 2487 1574 2715 1641; x_wconf 81' lang='lat' dir='ltr'><strong>angelus</strong></span> <span class='ocrx_word' id='word_1_344' title='bbox 2745 1573 2958 1627; x_wconf 84' lang='lat' dir='ltr'><strong>Demini</strong></span> <span class='ocrx_word' id='word_1_345' title='bbox 2984 1574 3035 1627; x_wconf 91' lang='lat' dir='ltr'><strong>in</strong></span> <span class='ocrx_word' id='word_1_346' title='bbox 3071 1575 3194 1645; x_wconf 87' lang='lat' dir='ltr'><strong>igne</strong></span> <span class='ocrx_word' id='word_1_347' title='bbox 3212 1574 3441 1631; x_wconf 73' lang='lat' dir='ltr'><strong>“anima:</strong></span> 
     </span>
    </p>
   </div>
   <div class='ocr_carea' id='block_1_46' title="bbox 1858 1662 3442 1739">
    <p class='ocr_par' dir='ltr' id='par_1_46' title="bbox 1858 1662 3442 1739">
     <span class='ocr_line' id='line_1_46' title="bbox 1858 1662 3442 1739; baseline 0.006 -25"><span class='ocrx_word' id='word_1_348' title='bbox 1858 1676 1923 1715; x_wconf 82' lang='lat' dir='ltr'><strong>ex</strong></span> <span class='ocrx_word' id='word_1_349' title='bbox 1963 1662 2101 1717; x_wconf 86' lang='lat' dir='ltr'><strong>rubo</strong></span> <span class='ocrx_word' id='word_1_350' title='bbox 2137 1682 2149 1717; x_wconf 90' lang='lat'><strong>:</strong></span> <span class='ocrx_word' id='word_1_351' title='bbox 2185 1673 2239 1718; x_wconf 90' lang='lat' dir='ltr'><strong>et</strong></span> <span class='ocrx_word' id='word_1_352' title='bbox 2268 1663 2510 1729; x_wconf 82' lang='lat' dir='ltr'><strong>videbat,</strong></span> <span class='ocrx_word' id='word_1_353' title='bbox 2558 1667 2706 1734; x_wconf 89' lang='lat' dir='ltr'><strong>quod</strong></span> <span class='ocrx_word' id='word_1_354' title='bbox 2761 1665 2933 1721; x_wconf 89' lang='lat' dir='ltr'><strong>rubus</strong></span> <span class='ocrx_word' id='word_1_355' title='bbox 2972 1668 3200 1723; x_wconf 76' lang='lat' dir='ltr'><strong>arderet</strong></span> <span class='ocrx_word' id='word_1_356' title='bbox 3237 1669 3361 1739; x_wconf 87' lang='lat' dir='ltr'><strong>igne</strong></span> <span class='ocrx_word' id='word_1_357' title='bbox 3388 1680 3442 1723; x_wconf 82' lang='lat' dir='ltr'><strong>et</strong></span> 
     </span>
    </p>
   </div>
   <div class='ocr_carea' id='block_1_47' title="bbox 1861 1757 3439 1832">
    <p class='ocr_par' dir='ltr' id='par_1_47' title="bbox 1861 1757 3439 1832">
     <span class='ocr_line' id='line_1_47' title="bbox 1861 1757 3439 1832; baseline 0.004 -23"><span class='ocrx_word' id='word_1_358' title='bbox 1861 1771 1968 1809; x_wconf 83' lang='lat' dir='ltr'><strong>non</strong></span> <span class='ocrx_word' id='word_1_359' title='bbox 2012 1758 2454 1813; x_wconf 87' lang='lat' dir='ltr'><strong>combureretur.</strong></span> <span class='ocrx_word' id='word_1_360' title='bbox 2495 1757 2643 1811; x_wconf 80' lang='lat' dir='ltr'><strong>Dixit</strong></span> <span class='ocrx_word' id='word_1_361' title='bbox 2685 1768 2864 1812; x_wconf 83' lang='lat' dir='ltr'><strong>autem</strong></span> <span class='ocrx_word' id='word_1_362' title='bbox 2919 1759 3134 1832; x_wconf 78' lang='lat' dir='ltr'><strong>Moyses</strong></span> <span class='ocrx_word' id='word_1_363' title='bbox 3171 1782 3182 1815; x_wconf 96' lang='lat'><strong>:</strong></span> <span class='ocrx_word' id='word_1_364' title='bbox 3218 1759 3439 1817; x_wconf 80' lang='lat' dir='ltr'><strong>Vadens</strong></span> 
     </span>
    </p>
   </div>
   <div class='ocr_carea' id='block_1_48' title="bbox 1792 1840 3443 1919">
    <p class='ocr_par' dir='ltr' id='par_1_48' title="bbox 1792 1840 3443 1919">
     <span class='ocr_line' id='line_1_48' title="bbox 1792 1840 3443 1919; baseline 0.002 -20"><span class='ocrx_word' id='word_1_365' title='bbox 1792 1840 1829 1893; x_wconf 81' lang='grc' dir='ltr'><strong>Β</strong></span> <span class='ocrx_word' id='word_1_366' title='bbox 1858 1846 2051 1903; x_wconf 83' lang='lat' dir='ltr'><strong>videbo</strong></span> <span class='ocrx_word' id='word_1_367' title='bbox 2079 1848 2341 1903; x_wconf 79' lang='lat' dir='ltr'><strong>visionem</strong></span> <span class='ocrx_word' id='word_1_368' title='bbox 2376 1850 2518 1903; x_wconf 88' lang='lat' dir='ltr'><strong>hanc</strong></span> <span class='ocrx_word' id='word_1_369' title='bbox 2554 1862 2833 1919; x_wconf 85' lang='lat' dir='ltr'><strong>magnam,</strong></span> <span class='ocrx_word' id='word_1_370' title='bbox 2871 1851 2999 1919; x_wconf 91' lang='lat' dir='ltr'><strong>quia</strong></span> <span class='ocrx_word' id='word_1_371' title='bbox 3028 1867 3133 1904; x_wconf 91' lang='lat' dir='ltr'><strong>non</strong></span> <span class='ocrx_word' id='word_1_372' title='bbox 3166 1850 3443 1905; x_wconf 92' lang='lat' dir='ltr'><strong>comburi-</strong></span> 
     </span>
    </p>
   </div>
   <div class='ocr_carea' id='block_1_49' title="bbox 1858 1940 3438 2013">
    <p class='ocr_par' dir='ltr' id='par_1_49' title="bbox 1858 1940 3438 2013">
     <span class='ocr_line' id='line_1_49' title="bbox 1858 1940 3438 2013; baseline 0.003 -20"><span class='ocrx_word' id='word_1_373' title='bbox 1858 1949 1947 1993; x_wconf 87' lang='lat' dir='ltr'><strong>tur</strong></span> <span class='ocrx_word' id='word_1_374' title='bbox 1986 1940 2177 1995; x_wconf 83' lang='lat' dir='ltr'><strong>rubus.</strong></span> <span class='ocrx_word' id='word_1_375' title='bbox 2215 1940 2464 1997; x_wconf 89' lang='lat' dir='ltr'><strong>Cernens</strong></span> <span class='ocrx_word' id='word_1_376' title='bbox 2492 1944 2673 1997; x_wconf 80' lang='lat' dir='ltr'><strong>autem</strong></span> <span class='ocrx_word' id='word_1_377' title='bbox 2716 1943 2979 1998; x_wconf 84' lang='lat' dir='ltr'><strong>Dominus</strong></span> <span class='ocrx_word' id='word_1_378' title='bbox 3012 1944 3156 2013; x_wconf 85' lang='lat' dir='ltr'><strong>quod</strong></span> <span class='ocrx_word' id='word_1_379' title='bbox 3202 1944 3438 1998; x_wconf 80' lang='lat' dir='ltr'><strong>accede-</strong></span> 
     </span>
    </p>
   </div>
   <div class='ocr_carea' id='block_1_50' title="bbox 1857 2031 3433 2101">
    <p class='ocr_par' dir='ltr' id='par_1_50' title="bbox 1857 2031 3433 2101">
     <span class='ocr_line' id='line_1_50' title="bbox 1857 2031 3433 2101; baseline 0.001 -16"><span class='ocrx_word' id='word_1_380' title='bbox 1857 2043 1936 2085; x_wconf 91' lang='lat' dir='ltr'><strong>ret</strong></span> <span class='ocrx_word' id='word_1_381' title='bbox 1963 2031 2029 2085; x_wconf 89' lang='lat' dir='ltr'><strong>ad</strong></span> <span class='ocrx_word' id='word_1_382' title='bbox 2058 2033 2377 2100; x_wconf 87' lang='lat' dir='ltr'><strong>videndum,</strong></span> <span class='ocrx_word' id='word_1_383' title='bbox 2409 2037 2625 2091; x_wconf 84' lang='lat' dir='ltr'><strong>vocavit</strong></span> <span class='ocrx_word' id='word_1_384' title='bbox 2648 2051 2770 2089; x_wconf 88' lang='lat' dir='ltr'><strong>cum</strong></span> <span class='ocrx_word' id='word_1_385' title='bbox 2812 2052 2876 2089; x_wconf 78' lang='lat' dir='ltr'><strong>ex</strong></span> <span class='ocrx_word' id='word_1_386' title='bbox 2921 2036 3143 2090; x_wconf 72' lang='lat' dir='ltr'><strong>rubo“.</strong></span> <span class='ocrx_word' id='word_1_387' title='bbox 3178 2054 3197 2088; x_wconf 74' lang='grc' dir='ltr'><strong>ι</strong></span> <span class='ocrx_word' id='word_1_388' title='bbox 3227 2034 3433 2101; x_wconf 83' lang='lat' dir='ltr'><strong>Quem-</strong></span> 
     </span>
    </p>
   </div>
   <div class='ocr_carea' id='block_1_51' title="bbox 1856 2127 3433 2200">
    <p class='ocr_par' dir='ltr' id='par_1_51' title="bbox 1856 2127 3433 2200">
     <span class='ocr_line' id='line_1_51' title="bbox 1856 2127 3433 2200; baseline 0.001 -21"><span class='ocrx_word' id='word_1_389' title='bbox 1856 2127 2144 2180; x_wconf 82' lang='lat' dir='ltr'><strong>admodum</strong></span> <span class='ocrx_word' id='word_1_390' title='bbox 2180 2127 2343 2196; x_wconf 79' lang='lat' dir='ltr'><strong>igitur</strong></span> <span class='ocrx_word' id='word_1_391' title='bbox 2372 2128 2657 2198; x_wconf 81' lang='lat' dir='ltr'><strong>Scriptura</strong></span> <span class='ocrx_word' id='word_1_392' title='bbox 2681 2145 2827 2195; x_wconf 89' lang='lat' dir='ltr'><strong>eum,</strong></span> <span class='ocrx_word' id='word_1_393' title='bbox 2853 2130 2943 2200; x_wconf 86' lang='lat' dir='ltr'><strong>qui</strong></span> <span class='ocrx_word' id='word_1_394' title='bbox 2968 2130 3172 2185; x_wconf 84' lang='lat' dir='ltr'><strong>Jacobo</strong></span> <span class='ocrx_word' id='word_1_395' title='bbox 3202 2132 3253 2184; x_wconf 92' lang='lat' dir='ltr'><strong>in</strong></span> <span class='ocrx_word' id='word_1_396' title='bbox 3284 2144 3433 2185; x_wconf 85' lang='lat' dir='ltr'><strong>som-</strong></span> 
     </span>
    </p>
   </div>
   <div class='ocr_carea' id='block_1_52' title="bbox 1861 2217 3436 2292">
    <p class='ocr_par' dir='ltr' id='par_1_52' title="bbox 1861 2217 3436 2292">
     <span class='ocr_line' id='line_1_52' title="bbox 1861 2217 3436 2292; baseline 0.003 -22"><span class='ocrx_word' id='word_1_397' title='bbox 1861 2217 1948 2271; x_wconf 89' lang='lat' dir='ltr'><strong>nis</strong></span> <span class='ocrx_word' id='word_1_398' title='bbox 1964 2221 2238 2287; x_wconf 84' lang='lat' dir='ltr'><strong>apparuit,</strong></span> <span class='ocrx_word' id='word_1_399' title='bbox 2261 2222 2513 2289; x_wconf 79' lang='lat' dir='ltr'><strong>angelum</strong></span> <span class='ocrx_word' id='word_1_400' title='bbox 2540 2222 2775 2291; x_wconf 83' lang='lat' dir='ltr'><strong>appellat</strong></span> <span class='ocrx_word' id='word_1_401' title='bbox 2800 2266 2813 2287; x_wconf 92' lang='lat'><strong>,</strong></span> <span class='ocrx_word' id='word_1_402' title='bbox 2842 2222 3037 2277; x_wconf 76' lang='lat' dir='ltr'><strong>deinde</strong></span> <span class='ocrx_word' id='word_1_403' title='bbox 3062 2224 3235 2292; x_wconf 80' lang='lat' dir='ltr'><strong>ipsum</strong></span> <span class='ocrx_word' id='word_1_404' title='bbox 3262 2222 3436 2284; x_wconf 85' lang='lat' dir='ltr'><strong>illum,</strong></span> 
     </span>
    </p>
   </div>
   <div class='ocr_carea' id='block_1_53' title="bbox 1852 2311 3433 2383">
    <p class='ocr_par' dir='ltr' id='par_1_53' title="bbox 1852 2311 3433 2383">
     <span class='ocr_line' id='line_1_53' title="bbox 1852 2311 3433 2383; baseline 0.003 -21"><span class='ocrx_word' id='word_1_405' title='bbox 1852 2311 1942 2377; x_wconf 83' lang='lat' dir='ltr'><strong>qui</strong></span> <span class='ocrx_word' id='word_1_406' title='bbox 1982 2311 2033 2363; x_wconf 89' lang='lat' dir='ltr'><strong>in</strong></span> <span class='ocrx_word' id='word_1_407' title='bbox 2070 2312 2275 2365; x_wconf 84' lang='lat' dir='ltr'><strong>somnis</strong></span> <span class='ocrx_word' id='word_1_408' title='bbox 2310 2314 2590 2382; x_wconf 77' lang='lat' dir='ltr'><strong>apparuit,</strong></span> <span class='ocrx_word' id='word_1_409' title='bbox 2625 2312 2878 2382; x_wconf 80' lang='lat' dir='ltr'><strong>angelum</strong></span> <span class='ocrx_word' id='word_1_410' title='bbox 2912 2314 3016 2383; x_wconf 84' lang='lat' dir='ltr'><strong>ipsi</strong></span> <span class='ocrx_word' id='word_1_411' title='bbox 3054 2316 3265 2369; x_wconf 72' lang='lat' dir='ltr'><strong>dixisse</strong></span> <span class='ocrx_word' id='word_1_412' title='bbox 3300 2329 3433 2368; x_wconf 80' lang='lat' dir='ltr'><strong>nar-</strong></span> 
     </span>
    </p>
   </div>
   <div class='ocr_carea' id='block_1_54' title="bbox 1850 2402 3439 2476">
    <p class='ocr_par' dir='ltr' id='par_1_54' title="bbox 1850 2402 3439 2476">
     <span class='ocr_line' id='line_1_54' title="bbox 1850 2402 3439 2476; baseline 0.004 -21"><span class='ocrx_word' id='word_1_413' title='bbox 1850 2411 1938 2455; x_wconf 84' lang='lat' dir='ltr'><strong>rat</strong></span> <span class='ocrx_word' id='word_1_414' title='bbox 1969 2417 1985 2456; x_wconf 88' lang='lat'><strong>:</strong></span> <span class='ocrx_word' id='word_1_415' title='bbox 2022 2420 2041 2452; x_wconf 79' lang='grc' dir='ltr'><strong>ι</strong></span> <span class='ocrx_word' id='word_1_416' title='bbox 2076 2402 2190 2471; x_wconf 81' lang='lat' dir='ltr'><strong>Ego</strong></span> <span class='ocrx_word' id='word_1_417' title='bbox 2210 2419 2328 2457; x_wconf 89' lang='lat' dir='ltr'><strong>sum</strong></span> <span class='ocrx_word' id='word_1_418' title='bbox 2352 2405 2514 2468; x_wconf 88' lang='lat' dir='ltr'><strong>Deus,</strong></span> <span class='ocrx_word' id='word_1_419' title='bbox 2534 2406 2627 2472; x_wconf 94' lang='lat' dir='ltr'><strong>qui</strong></span> <span class='ocrx_word' id='word_1_420' title='bbox 2655 2408 2885 2475; x_wconf 83' lang='lat' dir='ltr'><strong>apparui</strong></span> <span class='ocrx_word' id='word_1_421' title='bbox 2925 2407 3045 2472; x_wconf 84' lang='lat' dir='ltr'><strong>tibi,</strong></span> <span class='ocrx_word' id='word_1_422' title='bbox 3069 2422 3192 2461; x_wconf 89' lang='lat' dir='ltr'><strong>cum</strong></span> <span class='ocrx_word' id='word_1_423' title='bbox 3222 2406 3439 2476; x_wconf 84' lang='lat' dir='ltr'><strong>fugeres</strong></span> 
     </span>
    </p>
   </div>
   <div class='ocr_carea' id='block_1_55' title="bbox 1854 2495 3437 2568">
    <p class='ocr_par' dir='ltr' id='par_1_55' title="bbox 1854 2495 3437 2568">
     <span class='ocr_line' id='line_1_55' title="bbox 1854 2495 3437 2568; baseline 0.006 -22"><span class='ocrx_word' id='word_1_424' title='bbox 1854 2510 1881 2546; x_wconf 92' lang='lat' dir='ltr'><strong>a</strong></span> <span class='ocrx_word' id='word_1_425' title='bbox 1921 2495 2059 2549; x_wconf 89' lang='lat' dir='ltr'><strong>facie</strong></span> <span class='ocrx_word' id='word_1_426' title='bbox 2091 2495 2236 2549; x_wconf 75' lang='lat' dir='ltr'><strong>Esau</strong></span> <span class='ocrx_word' id='word_1_427' title='bbox 2271 2496 2454 2552; x_wconf 80' lang='lat' dir='ltr'><strong>fratris</strong></span> <span class='ocrx_word' id='word_1_428' title='bbox 2491 2498 2667 2565; x_wconf 86' lang='lat' dir='ltr'><strong>tui&quot;;</strong></span> <span class='ocrx_word' id='word_1_429' title='bbox 2712 2519 2730 2552; x_wconf 75' lang='grc' dir='ltr'><strong>ι</strong></span> <span class='ocrx_word' id='word_1_430' title='bbox 2763 2512 2818 2553; x_wconf 90' lang='lat' dir='ltr'><strong>et</strong></span> <span class='ocrx_word' id='word_1_431' title='bbox 2838 2498 2941 2553; x_wconf 90' lang='lat' dir='ltr'><strong>sub</strong></span> <span class='ocrx_word' id='word_1_432' title='bbox 2970 2500 3248 2555; x_wconf 77' lang='lat' dir='ltr'><strong>Abraham</strong></span> <span class='ocrx_word' id='word_1_433' title='bbox 3270 2502 3323 2555; x_wconf 88' lang='lat' dir='ltr'><strong>in</strong></span> <span class='ocrx_word' id='word_1_434' title='bbox 3346 2502 3437 2568; x_wconf 88' lang='lat' dir='ltr'><strong>ju-</strong></span> 
     </span>
    </p>
   </div>
   <div class='ocr_carea' id='block_1_56' title="bbox 1852 2586 3434 2661">
    <p class='ocr_par' dir='ltr' id='par_1_56' title="bbox 1852 2586 3434 2661">
     <span class='ocr_line' id='line_1_56' title="bbox 1852 2586 3434 2661; baseline 0.005 -22"><span class='ocrx_word' id='word_1_435' title='bbox 1852 2586 1998 2641; x_wconf 90' lang='lat' dir='ltr'><strong>dicio</strong></span> <span class='ocrx_word' id='word_1_436' title='bbox 2052 2587 2421 2643; x_wconf 85' lang='lat' dir='ltr'><strong>Sodomorum</strong></span> <span class='ocrx_word' id='word_1_437' title='bbox 2482 2605 2511 2643; x_wconf 89' lang='lat' dir='ltr'><strong>a</strong></span> <span class='ocrx_word' id='word_1_438' title='bbox 2572 2590 2803 2645; x_wconf 88' lang='lat' dir='ltr'><strong>Domino</strong></span> <span class='ocrx_word' id='word_1_439' title='bbox 2865 2592 2918 2645; x_wconf 92' lang='lat' dir='ltr'><strong>in</strong></span> <span class='ocrx_word' id='word_1_440' title='bbox 2960 2592 3117 2647; x_wconf 65' lang='lat' dir='ltr'><strong>caelis</strong></span> <span class='ocrx_word' id='word_1_441' title='bbox 3163 2592 3434 2661; x_wconf 87' lang='lat' dir='ltr'><strong>judicium</strong></span> 
     </span>
    </p>
   </div>
   <div class='ocr_carea' id='block_1_57' title="bbox 1854 2678 3435 2754">
    <p class='ocr_par' dir='ltr' id='par_1_57' title="bbox 1854 2678 3435 2754">
     <span class='ocr_line' id='line_1_57' title="bbox 1854 2678 3435 2754; baseline 0.006 -23"><span class='ocrx_word' id='word_1_442' title='bbox 1854 2678 2110 2735; x_wconf 88' lang='lat' dir='ltr'><strong>intulisse</strong></span> <span class='ocrx_word' id='word_1_443' title='bbox 2165 2681 2307 2735; x_wconf 79' lang='lat' dir='ltr'><strong>dixit</strong></span> <span class='ocrx_word' id='word_1_444' title='bbox 2340 2697 2351 2732; x_wconf 91' lang='lat'><strong>:</strong></span> <span class='ocrx_word' id='word_1_445' title='bbox 2394 2682 2471 2735; x_wconf 85' lang='lat' dir='ltr'><strong>ita</strong></span> <span class='ocrx_word' id='word_1_446' title='bbox 2506 2691 2564 2737; x_wconf 92' lang='lat' dir='ltr'><strong>et</strong></span> <span class='ocrx_word' id='word_1_447' title='bbox 2600 2682 2702 2738; x_wconf 89' lang='lat' dir='ltr'><strong>hoc</strong></span> <span class='ocrx_word' id='word_1_448' title='bbox 2739 2683 2859 2739; x_wconf 88' lang='lat' dir='ltr'><strong>loco</strong></span> <span class='ocrx_word' id='word_1_449' title='bbox 2911 2686 3166 2754; x_wconf 80' lang='lat' dir='ltr'><strong>angelum</strong></span> <span class='ocrx_word' id='word_1_450' title='bbox 3221 2684 3435 2740; x_wconf 86' lang='lat' dir='ltr'><strong>Domini</strong></span> 
     </span>
    </p>
   </div>
   <div class='ocr_carea' id='block_1_58' title="bbox 1853 2768 3433 2845">
    <p class='ocr_par' dir='ltr' id='par_1_58' title="bbox 1853 2768 3433 2845">
     <span class='ocr_line' id='line_1_58' title="bbox 1853 2768 3433 2845; baseline 0.005 -20"><span class='ocrx_word' id='word_1_451' title='bbox 1853 2768 2022 2842; x_wconf 82' lang='lat' dir='ltr'><strong>Moysi</strong></span> <span class='ocrx_word' id='word_1_452' title='bbox 2060 2774 2387 2843; x_wconf 82' lang='lat' dir='ltr'><strong>apparuisse</strong></span> <span class='ocrx_word' id='word_1_453' title='bbox 2438 2773 2732 2840; x_wconf 79' lang='lat' dir='ltr'><strong>referens,</strong></span> <span class='ocrx_word' id='word_1_454' title='bbox 2784 2790 2849 2830; x_wconf 88' lang='lat' dir='ltr'><strong>ac</strong></span> <span class='ocrx_word' id='word_1_455' title='bbox 2897 2788 3087 2845; x_wconf 90' lang='lat' dir='ltr'><strong>postea</strong></span> <span class='ocrx_word' id='word_1_456' title='bbox 3148 2776 3433 2833; x_wconf 88' lang='lat' dir='ltr'><strong>Dominum</strong></span> 
     </span>
    </p>
   </div>
   <div class='ocr_carea' id='block_1_59' title="bbox 1852 2862 3434 2943">
    <p class='ocr_par' dir='ltr' id='par_1_59' title="bbox 1852 2862 3434 2943">
     <span class='ocr_line' id='line_1_59' title="bbox 1852 2862 3434 2943; baseline 0.008 -28"><span class='ocrx_word' id='word_1_457' title='bbox 1852 2862 2002 2916; x_wconf 91' lang='lat' dir='ltr'><strong>illum</strong></span> <span class='ocrx_word' id='word_1_458' title='bbox 2038 2873 2094 2919; x_wconf 90' lang='lat' dir='ltr'><strong>et</strong></span> <span class='ocrx_word' id='word_1_459' title='bbox 2125 2866 2295 2920; x_wconf 90' lang='lat' dir='ltr'><strong>Deum</strong></span> <span class='ocrx_word' id='word_1_460' title='bbox 2329 2879 2452 2921; x_wconf 84' lang='lat' dir='ltr'><strong>esse</strong></span> <span class='ocrx_word' id='word_1_461' title='bbox 2482 2865 2797 2934; x_wconf 85' lang='lat' dir='ltr'><strong>declarans,</strong></span> <span class='ocrx_word' id='word_1_462' title='bbox 2824 2886 2930 2924; x_wconf 91' lang='lat' dir='ltr'><strong>non</strong></span> <span class='ocrx_word' id='word_1_463' title='bbox 2957 2869 3122 2923; x_wconf 86' lang='lat' dir='ltr'><strong>alium</strong></span> <span class='ocrx_word' id='word_1_464' title='bbox 3159 2872 3434 2943; x_wconf 84' lang='lat' dir='ltr'><strong>designat,</strong></span> 
     </span>
    </p>
   </div>
   <div class='ocr_carea' id='block_1_60' title="bbox 1849 2959 3435 3032">
    <p class='ocr_par' dir='ltr' id='par_1_60' title="bbox 1849 2959 3435 3032">
     <span class='ocr_line' id='line_1_60' title="bbox 1849 2959 3435 3032; baseline 0.005 -25"><span class='ocrx_word' id='word_1_465' title='bbox 1849 2970 2013 3022; x_wconf 88' lang='lat' dir='ltr'><strong>quam</strong></span> <span class='ocrx_word' id='word_1_466' title='bbox 2057 2972 2219 3026; x_wconf 89' lang='lat' dir='ltr'><strong>quem</strong></span> <span class='ocrx_word' id='word_1_467' title='bbox 2268 2959 2522 3028; x_wconf 88' lang='lat' dir='ltr'><strong>pluribus</strong></span> <span class='ocrx_word' id='word_1_468' title='bbox 2567 2962 2901 3016; x_wconf 90' lang='lat' dir='ltr'><strong>testimoniis</strong></span> <span class='ocrx_word' id='word_1_469' title='bbox 2935 2962 3047 3032; x_wconf 83' lang='lat' dir='ltr'><strong>jam</strong></span> <span class='ocrx_word' id='word_1_470' title='bbox 3085 2962 3271 3019; x_wconf 85' lang='lat' dir='ltr'><strong>allatis</strong></span> <span class='ocrx_word' id='word_1_471' title='bbox 3322 2963 3435 3020; x_wconf 82' lang='lat' dir='ltr'><strong>Deo</strong></span> 
     </span>
    </p>
   </div>
   <div class='ocr_carea' id='block_1_61' title="bbox 1848 3050 3433 3123">
    <p class='ocr_par' dir='ltr' id='par_1_61' title="bbox 1848 3050 3433 3123">
     <span class='ocr_line' id='line_1_61' title="bbox 1848 3050 3433 3123; baseline 0.008 -26"><span class='ocrx_word' id='word_1_472' title='bbox 1848 3050 2317 3115; x_wconf 80' lang='lat' dir='ltr'><strong>supermundano,</strong></span> <span class='ocrx_word' id='word_1_473' title='bbox 2362 3066 2528 3121; x_wconf 77' lang='lat' dir='ltr'><strong>supra</strong></span> <span class='ocrx_word' id='word_1_474' title='bbox 2571 3068 2737 3123; x_wconf 84' lang='lat' dir='ltr'><strong>quem</strong></span> <span class='ocrx_word' id='word_1_475' title='bbox 2772 3052 2915 3108; x_wconf 85' lang='lat' dir='ltr'><strong>alius</strong></span> <span class='ocrx_word' id='word_1_476' title='bbox 2956 3067 3063 3107; x_wconf 89' lang='lat' dir='ltr'><strong>non</strong></span> <span class='ocrx_word' id='word_1_477' title='bbox 3111 3064 3231 3120; x_wconf 87' lang='lat' dir='ltr'><strong>est,</strong></span> <span class='ocrx_word' id='word_1_478' title='bbox 3266 3054 3433 3109; x_wconf 85' lang='lat' dir='ltr'><strong>mini-</strong></span> 
     </span>
    </p>
   </div>
   <div class='ocr_carea' id='block_1_62' title="bbox 1847 3139 2360 3209">
    <p class='ocr_par' dir='ltr' id='par_1_62' title="bbox 1847 3139 2360 3209">
     <span class='ocr_line' id='line_1_62' title="bbox 1847 3139 2360 3209; baseline 0.014 -19"><span class='ocrx_word' id='word_1_479' title='bbox 1847 3146 2031 3193; x_wconf 85' lang='lat' dir='ltr'><strong>strare</strong></span> <span class='ocrx_word' id='word_1_480' title='bbox 2065 3139 2360 3209; x_wconf 78' lang='lat' dir='ltr'><strong>significat.</strong></span> 
     </span>
    </p>
   </div>
   <div class='ocr_carea' id='block_1_63' title="bbox 223 3230 1741 3321">
    <p class='ocr_par' dir='ltr' id='par_1_63' title="bbox 223 3242 1741 3321">
     <span class='ocr_line' id='line_1_63' title="bbox 223 3242 1741 3321; baseline 0.004 -24"><span class='ocrx_word' id='word_1_481' title='bbox 223 3243 313 3298; x_wconf 79' lang='lat'><strong>6|.</strong></span> <span class='ocrx_word' id='word_1_482' title='bbox 364 3243 680 3318; x_wconf 79' lang='grc' dir='ltr'>Μαρτύριον</span> <span class='ocrx_word' id='word_1_483' title='bbox 722 3246 777 3299; x_wconf 83' lang='grc' dir='ltr'>δὲ</span> <span class='ocrx_word' id='word_1_484' title='bbox 821 3246 916 3300; x_wconf 75' lang='grc' dir='ltr'><strong>καὶ</strong></span> <span class='ocrx_word' id='word_1_485' title='bbox 962 3246 1091 3302; x_wconf 79' lang='grc' dir='ltr'>ἄλλο</span> <span class='ocrx_word' id='word_1_486' title='bbox 1124 3247 1273 3319; x_wconf 80' lang='grc' dir='ltr'>ὑμῖν,</span> <span class='ocrx_word' id='word_1_487' title='bbox 1308 3242 1355 3302; x_wconf 80' lang='grc' dir='ltr'><strong>ὦ</strong></span> <span class='ocrx_word' id='word_1_488' title='bbox 1391 3249 1554 3319; x_wconf 86' lang='grc' dir='ltr'>φίλοι,</span> <span class='ocrx_word' id='word_1_489' title='bbox 1586 3250 1741 3321; x_wconf 76' lang='grc' dir='ltr'>ἔφην,</span> 
     </span>
    </p>
   </div>
   <div class='ocr_carea' id='block_1_64' title="bbox 1845 3230 3435 3321">
    <p class='ocr_par' dir='ltr' id='par_1_64' title="bbox 1922 3230 3435 3308">
     <span class='ocr_line' id='line_1_64' title="bbox 1922 3230 3435 3308; baseline 0.003 -22"><span class='ocrx_word' id='word_1_490' title='bbox 1922 3231 2013 3288; x_wconf 83' lang='grc'>61.</span> <span class='ocrx_word' id='word_1_491' title='bbox 2044 3230 2317 3303; x_wconf 80' lang='lat' dir='ltr'><strong>Sapientia</strong></span> <span class='ocrx_word' id='word_1_492' title='bbox 2345 3251 2409 3290; x_wconf 69' lang='lat' dir='ltr'><strong>ex</strong></span> <span class='ocrx_word' id='word_1_493' title='bbox 2448 3234 2622 3291; x_wconf 84' lang='lat' dir='ltr'><strong>Patre</strong></span> <span class='ocrx_word' id='word_1_494' title='bbox 2650 3238 2847 3307; x_wconf 82' lang='lat' dir='ltr'><strong>genita,</strong></span> <span class='ocrx_word' id='word_1_495' title='bbox 2876 3248 2932 3291; x_wconf 83' lang='grc' dir='ltr'><strong>ιιι</strong></span> <span class='ocrx_word' id='word_1_496' title='bbox 2961 3238 3098 3307; x_wconf 80' lang='lat' dir='ltr'><strong>ignis</strong></span> <span class='ocrx_word' id='word_1_497' title='bbox 3117 3254 3183 3292; x_wconf 82' lang='lat' dir='ltr'><strong>ea:</strong></span> <span class='ocrx_word' id='word_1_498' title='bbox 3204 3238 3344 3308; x_wconf 83' lang='lat' dir='ltr'><strong>igne.</strong></span> <span class='ocrx_word' id='word_1_499' title='bbox 3364 3268 3435 3279; x_wconf 94' lang='lat'><em>—</em></span> 
     </span>
    </p>
   </div>
   <div class='ocr_carea' id='block_1_65' title="bbox 152 3335 1742 3417">
    <p class='ocr_par' dir='ltr' id='par_1_65' title="bbox 152 3335 1742 3417">
     <span class='ocr_line' id='line_1_65' title="bbox 152 3335 1742 3417; baseline 0.004 -27"><span class='ocrx_word' id='word_1_500' title='bbox 152 3336 262 3390; x_wconf 78' lang='grc' dir='ltr'>ἀπὸ</span> <span class='ocrx_word' id='word_1_501' title='bbox 295 3335 407 3389; x_wconf 83' lang='grc' dir='ltr'>τῶν</span> <span class='ocrx_word' id='word_1_502' title='bbox 443 3336 674 3409; x_wconf 79' lang='grc' dir='ltr'>Γραφῶν</span> <span class='ocrx_word' id='word_1_503' title='bbox 704 3337 860 3392; x_wconf 82' lang='grc' dir='ltr'>δώσω</span> <span class='ocrx_word' id='word_1_504' title='bbox 883 3380 898 3405; x_wconf 91' lang='grc'><strong>,</strong></span> <span class='ocrx_word' id='word_1_505' title='bbox 930 3340 1011 3393; x_wconf 83' lang='grc' dir='ltr'>ὅτι</span> <span class='ocrx_word' id='word_1_506' title='bbox 1046 3340 1219 3412; x_wconf 80' lang='grc' dir='ltr'>ἀρχὴν</span> <span class='ocrx_word' id='word_1_507' title='bbox 1248 3342 1355 3412; x_wconf 80' lang='grc' dir='ltr'><strong>πρὸ</strong></span> <span class='ocrx_word' id='word_1_508' title='bbox 1382 3342 1598 3397; x_wconf 82' lang='grc' dir='ltr'>πάντων</span> <span class='ocrx_word' id='word_1_509' title='bbox 1633 3345 1742 3417; x_wconf 83' lang='grc'>(77)</span> 
     </span>
    </p>
   </div>
   <div class='ocr_carea' id='block_1_66' title="bbox 152 3426 1740 3503">
    <p class='ocr_par' dir='ltr' id='par_1_66' title="bbox 152 3426 1740 3503">
     <span class='ocr_line' id='line_1_66' title="bbox 152 3426 1740 3503; baseline 0.006 -25"><span class='ocrx_word' id='word_1_510' title='bbox 152 3426 261 3479; x_wconf 84' lang='grc' dir='ltr'>τῶν</span> <span class='ocrx_word' id='word_1_511' title='bbox 303 3426 617 3499; x_wconf 81' lang='grc' dir='ltr'>κτισμάτων</span> <span class='ocrx_word' id='word_1_512' title='bbox 654 3430 683 3481; x_wconf 90' lang='lat'><strong>6</strong></span> <span class='ocrx_word' id='word_1_513' title='bbox 714 3428 844 3493; x_wconf 87' lang='grc' dir='ltr'>Θεὸς</span> <span class='ocrx_word' id='word_1_514' title='bbox 891 3430 1187 3501; x_wconf 79' lang='grc' dir='ltr'>γεγέννηκε</span> <span class='ocrx_word' id='word_1_515' title='bbox 1234 3433 1461 3503; x_wconf 87' lang='grc' dir='ltr'>δύναμίν</span> <span class='ocrx_word' id='word_1_516' title='bbox 1519 3451 1639 3486; x_wconf 85' lang='grc' dir='ltr'>τινα</span> <span class='ocrx_word' id='word_1_517' title='bbox 1683 3434 1740 3503; x_wconf 76' lang='grc' dir='ltr'>ἐξ</span> 
     </span>
    </p>
   </div>
   <div class='ocr_carea' id='block_1_67' title="bbox 154 3519 1741 3598">
    <p class='ocr_par' dir='ltr' id='par_1_67' title="bbox 154 3519 1741 3598">
     <span class='ocr_line' id='line_1_67' title="bbox 154 3519 1741 3598; baseline 0.007 -26"><span class='ocrx_word' id='word_1_518' title='bbox 154 3519 344 3573; x_wconf 68' lang='grc' dir='ltr'>ἑαυτοῦ</span> <span class='ocrx_word' id='word_1_519' title='bbox 385 3521 626 3593; x_wconf 73' lang='grc' dir='ltr'>λογικὴν,</span> <span class='ocrx_word' id='word_1_520' title='bbox 653 3523 775 3593; x_wconf 74' lang='grc' dir='ltr'>ἥτις</span> <span class='ocrx_word' id='word_1_521' title='bbox 797 3524 892 3578; x_wconf 73' lang='grc' dir='ltr'>καὶ</span> <span class='ocrx_word' id='word_1_522' title='bbox 910 3524 1036 3591; x_wconf 82' lang='grc' dir='ltr'>δόξα</span> <span class='ocrx_word' id='word_1_523' title='bbox 1065 3526 1273 3598; x_wconf 86' lang='grc' dir='ltr'>Κυρίου</span> <span class='ocrx_word' id='word_1_524' title='bbox 1312 3528 1417 3581; x_wconf 83' lang='grc' dir='ltr'><strong>ὑπὸ</strong></span> <span class='ocrx_word' id='word_1_525' title='bbox 1448 3527 1540 3581; x_wconf 74' lang='grc' dir='ltr'>τοῦ</span> <span class='ocrx_word' id='word_1_526' title='bbox 1572 3529 1741 3583; x_wconf 82' lang='grc' dir='ltr'>Πνεύ-</span> 
     </span>
    </p>
   </div>
   <div class='ocr_carea' id='block_1_68' title="bbox 157 3612 1741 3684">
    <p class='ocr_par' dir='ltr' id='par_1_68' title="bbox 157 3612 1741 3684">
     <span class='ocr_line' id='line_1_68' title="bbox 157 3612 1741 3684; baseline 0.006 -19"><span class='ocrx_word' id='word_1_527' title='bbox 157 3630 321 3683; x_wconf 87' lang='grc' dir='ltr'>ματος</span> <span class='ocrx_word' id='word_1_528' title='bbox 350 3612 441 3667; x_wconf 81' lang='grc' dir='ltr'>τοῦ</span> <span class='ocrx_word' id='word_1_529' title='bbox 475 3614 632 3683; x_wconf 83' lang='grc' dir='ltr'>ἁγίου</span> <span class='ocrx_word' id='word_1_530' title='bbox 663 3615 922 3680; x_wconf 82' lang='grc' dir='ltr'>καλεῖται,</span> <span class='ocrx_word' id='word_1_531' title='bbox 946 3619 1078 3672; x_wconf 82' lang='grc' dir='ltr'>ποτὲ</span> <span class='ocrx_word' id='word_1_532' title='bbox 1109 3619 1167 3672; x_wconf 79' lang='grc' dir='ltr'>δὲ</span> <span class='ocrx_word' id='word_1_533' title='bbox 1197 3620 1326 3684; x_wconf 81' lang='grc' dir='ltr'>Υἱὸς</span> <span class='ocrx_word' id='word_1_534' title='bbox 1349 3660 1363 3683; x_wconf 90' lang='grc'><strong>,</strong></span> <span class='ocrx_word' id='word_1_535' title='bbox 1398 3621 1529 3675; x_wconf 83' lang='grc' dir='ltr'>ποτὲ</span> <span class='ocrx_word' id='word_1_536' title='bbox 1555 3621 1611 3674; x_wconf 82' lang='grc' dir='ltr'>δὲ</span> <span class='ocrx_word' id='word_1_537' title='bbox 1644 3623 1741 3674; x_wconf 91' lang='grc' dir='ltr'><strong>Σο-</strong></span> 
     </span>
    </p>
   </div>
   <div class='ocr_carea' id='block_1_69' title="bbox 154 3706 1737 3785">
    <p class='ocr_par' dir='ltr' id='par_1_69' title="bbox 154 3706 1737 3785">
     <span class='ocr_line' id='line_1_69' title="bbox 154 3706 1737 3785; baseline 0.004 -27"><span class='ocrx_word' id='word_1_538' title='bbox 154 3706 271 3775; x_wconf 80' lang='grc' dir='ltr'>φία,</span> <span class='ocrx_word' id='word_1_539' title='bbox 308 3708 433 3759; x_wconf 79' lang='grc' dir='ltr'>ποτὲ</span> <span class='ocrx_word' id='word_1_540' title='bbox 466 3706 523 3760; x_wconf 86' lang='grc' dir='ltr'>δὲ</span> <span class='ocrx_word' id='word_1_541' title='bbox 556 3709 838 3777; x_wconf 74' lang='grc' dir='ltr'>Ἄγγελος,</span> <span class='ocrx_word' id='word_1_542' title='bbox 870 3711 1000 3764; x_wconf 81' lang='grc' dir='ltr'>ποτὲ</span> <span class='ocrx_word' id='word_1_543' title='bbox 1031 3710 1087 3763; x_wconf 83' lang='grc' dir='ltr'>δὲ</span> <span class='ocrx_word' id='word_1_544' title='bbox 1115 3711 1268 3776; x_wconf 82' lang='grc' dir='ltr'>Θεὸς,</span> <span class='ocrx_word' id='word_1_545' title='bbox 1307 3713 1436 3766; x_wconf 81' lang='grc' dir='ltr'>ποτὲ</span> <span class='ocrx_word' id='word_1_546' title='bbox 1454 3713 1511 3767; x_wconf 80' lang='grc' dir='ltr'>δὲ</span> <span class='ocrx_word' id='word_1_547' title='bbox 1533 3713 1737 3785; x_wconf 87' lang='grc' dir='ltr'>Κύριος</span> 
     </span>
    </p>
   </div>
   <div class='ocr_carea' id='block_1_70' title="bbox 154 3797 1734 3872">
    <p class='ocr_par' dir='ltr' id='par_1_70' title="bbox 154 3797 1734 3872">
     <span class='ocr_line' id='line_1_70' title="bbox 154 3797 1734 3872; baseline 0.004 -24"><span class='ocrx_word' id='word_1_548' title='bbox 154 3797 249 3850; x_wconf 72' lang='grc' dir='ltr'>καὶ</span> <span class='ocrx_word' id='word_1_549' title='bbox 273 3797 464 3865; x_wconf 86' lang='grc' dir='ltr'>Λόγος·</span> <span class='ocrx_word' id='word_1_550' title='bbox 498 3800 629 3851; x_wconf 84' lang='grc' dir='ltr'>ποτὲ</span> <span class='ocrx_word' id='word_1_551' title='bbox 660 3798 718 3851; x_wconf 82' lang='grc' dir='ltr'>δὲ</span> <span class='ocrx_word' id='word_1_552' title='bbox 758 3800 1193 3872; x_wconf 83' lang='grc' dir='ltr'>ἀρχιστράτηγον</span> <span class='ocrx_word' id='word_1_553' title='bbox 1230 3803 1420 3855; x_wconf 82' lang='grc' dir='ltr'>ἑαυτὸν</span> <span class='ocrx_word' id='word_1_554' title='bbox 1464 3802 1643 3871; x_wconf 83' lang='grc' dir='ltr'>λέγει,</span> <span class='ocrx_word' id='word_1_555' title='bbox 1678 3805 1734 3855; x_wconf 83' lang='grc' dir='ltr'>ἐν</span> 
     </span>
    </p>
   </div>
   <div class='ocr_carea' id='block_1_71' title="bbox 155 3885 1732 3965">
    <p class='ocr_par' dir='ltr' id='par_1_71' title="bbox 155 3885 1732 3965">
     <span class='ocr_line' id='line_1_71' title="bbox 155 3885 1732 3965; baseline 0.006 -26"><span class='ocrx_word' id='word_1_556' title='bbox 155 3885 438 3961; x_wconf 74' lang='grc' dir='ltr'>ἀνθρώπου</span> <span class='ocrx_word' id='word_1_557' title='bbox 496 3893 675 3962; x_wconf 80' lang='grc' dir='ltr'>μορφῇ</span> <span class='ocrx_word' id='word_1_558' title='bbox 744 3890 978 3958; x_wconf 80' lang='grc' dir='ltr'>φανέντα</span> <span class='ocrx_word' id='word_1_559' title='bbox 1035 3892 1113 3963; x_wconf 84' lang='grc' dir='ltr'><strong>τῷ</strong></span> <span class='ocrx_word' id='word_1_560' title='bbox 1168 3891 1259 3946; x_wconf 81' lang='grc' dir='ltr'>τοῦ</span> <span class='ocrx_word' id='word_1_561' title='bbox 1319 3894 1479 3965; x_wconf 82' lang='grc' dir='ltr'><strong>Ναυῆ</strong></span> <span class='ocrx_word' id='word_1_562' title='bbox 1536 3894 1732 3965; x_wconf 78' lang='grc' dir='ltr'>Ἰησοῦ.</span> 
     </span>
    </p>
   </div>
   <div class='ocr_carea' id='block_1_72' title="bbox 158 3981 1733 4060">
    <p class='ocr_par' dir='ltr' id='par_1_72' title="bbox 158 3981 1733 4060">
     <span class='ocr_line' id='line_1_72' title="bbox 158 3981 1733 4060; baseline 0.005 -26"><span class='ocrx_word' id='word_1_563' title='bbox 158 3982 341 4052; x_wconf 86' lang='grc' dir='ltr'>Ἐχειν</span> <span class='ocrx_word' id='word_1_564' title='bbox 372 3981 482 4053; x_wconf 77' lang='grc' dir='ltr'><strong>γάρ</strong></span> <span class='ocrx_word' id='word_1_565' title='bbox 515 3984 692 4037; x_wconf 87' lang='grc' dir='ltr'>πάντα</span> <span class='ocrx_word' id='word_1_566' title='bbox 738 3984 1237 4056; x_wconf 75' lang='grc' dir='ltr'>προσονομάζεσθαι</span> <span class='ocrx_word' id='word_1_567' title='bbox 1287 3987 1395 4060; x_wconf 91' lang='lat'><strong>(78)</strong></span> <span class='ocrx_word' id='word_1_568' title='bbox 1436 3988 1499 4041; x_wconf 77' lang='grc' dir='ltr'>ἐκ</span> <span class='ocrx_word' id='word_1_569' title='bbox 1540 4006 1598 4041; x_wconf 90' lang='grc' dir='ltr'><strong>τε</strong></span> <span class='ocrx_word' id='word_1_570' title='bbox 1641 3988 1733 4042; x_wconf 79' lang='grc' dir='ltr'>τοῦ</span> 
     </span>
    </p>
   </div>
   <div class='ocr_carea' id='block_1_73' title="bbox 156 4074 1736 4150">
    <p class='ocr_par' dir='ltr' id='par_1_73' title="bbox 156 4074 1736 4150">
     <span class='ocr_line' id='line_1_73' title="bbox 156 4074 1736 4150; baseline 0.006 -24"><span class='ocrx_word' id='word_1_571' title='bbox 156 4075 448 4147; x_wconf 76' lang='grc' dir='ltr'>ὑπηρετεῖν</span> <span class='ocrx_word' id='word_1_572' title='bbox 497 4074 574 4144; x_wconf 81' lang='grc' dir='ltr'><strong>τῷ</strong></span> <span class='ocrx_word' id='word_1_573' title='bbox 620 4076 869 4150; x_wconf 80' lang='grc' dir='ltr'>πατρικῷ</span> <span class='ocrx_word' id='word_1_574' title='bbox 918 4077 1239 4150; x_wconf 80' lang='grc' dir='ltr'>βουλήματι,</span> <span class='ocrx_word' id='word_1_575' title='bbox 1271 4080 1367 4133; x_wconf 77' lang='grc' dir='ltr'><strong>καὶ</strong></span> <span class='ocrx_word' id='word_1_576' title='bbox 1392 4083 1457 4134; x_wconf 88' lang='grc' dir='ltr'>ὲκ</span> <span class='ocrx_word' id='word_1_577' title='bbox 1496 4080 1587 4134; x_wconf 81' lang='grc' dir='ltr'>τοῦ</span> <span class='ocrx_word' id='word_1_578' title='bbox 1628 4082 1736 4135; x_wconf 85' lang='grc' dir='ltr'>ἀπὸ</span> 
     </span>
    </p>
   </div>
   <div class='ocr_carea' id='block_1_74' title="bbox 153 4165 1731 4245">
    <p class='ocr_par' dir='ltr' id='par_1_74' title="bbox 153 4165 1731 4245">
     <span class='ocr_line' id='line_1_74' title="bbox 153 4165 1731 4245; baseline 0.005 -27"><span class='ocrx_word' id='word_1_579' title='bbox 153 4165 247 4219; x_wconf 78' lang='grc' dir='ltr'><strong>τοῦ</strong></span> <span class='ocrx_word' id='word_1_580' title='bbox 267 4166 475 4238; x_wconf 79' lang='grc' dir='ltr'>[ἰατρὸς</span> <span class='ocrx_word' id='word_1_581' title='bbox 492 4166 707 4238; x_wconf 79' lang='grc' dir='ltr'>θελήσει</span> <span class='ocrx_word' id='word_1_582' title='bbox 740 4169 1089 4241; x_wconf 77' lang='grc' dir='ltr'>γεγενῆσθαι.</span> <span class='ocrx_word' id='word_1_583' title='bbox 1109 4170 1248 4223; x_wconf 81' lang='grc' dir='ltr'>Ἀλλ’</span> <span class='ocrx_word' id='word_1_584' title='bbox 1269 4172 1330 4224; x_wconf 84' lang='grc' dir='ltr'><strong>ού</strong></span> <span class='ocrx_word' id='word_1_585' title='bbox 1358 4171 1597 4225; x_wconf 77' lang='grc' dir='ltr'>τοιοῦτον</span> <span class='ocrx_word' id='word_1_586' title='bbox 1620 4173 1731 4245; x_wconf 83' lang='grc'>(79)</span> 
     </span>
    </p>
   </div>
   <div class='ocr_carea' id='block_1_75' title="bbox 227 4341 1325 4417">
    <p class='ocr_par' dir='ltr' id='par_1_75' title="bbox 227 4341 1325 4417">
     <span class='ocr_line' id='line_1_75' title="bbox 227 4341 1325 4417; baseline 0.005 -18"><span class='ocrx_word' id='word_1_587' title='bbox 227 4341 276 4377; x_wconf 70' lang='grc'><strong>⁷⁵</strong></span> <span class='ocrx_word' id='word_1_588' title='bbox 312 4344 482 4400; x_wconf 76' lang='lat' dir='ltr'><strong>Exod.</strong></span> <span class='ocrx_word' id='word_1_589' title='bbox 508 4361 594 4413; x_wconf 87' lang='lat' dir='ltr'><strong>tu,</strong></span> <span class='ocrx_word' id='word_1_590' title='bbox 620 4346 738 4403; x_wconf 71' lang='grc'><strong>2-4.</strong></span> <span class='ocrx_word' id='word_1_591' title='bbox 814 4348 859 4381; x_wconf 81' lang='grc'><strong>⁷⁸</strong></span> <span class='ocrx_word' id='word_1_592' title='bbox 891 4348 1031 4405; x_wconf 85' lang='lat' dir='ltr'><strong>Gen.</strong></span> <span class='ocrx_word' id='word_1_593' title='bbox 1065 4366 1233 4417; x_wconf 77' lang='lat' dir='ltr'><strong>xxxv,</strong></span> <span class='ocrx_word' id='word_1_594' title='bbox 1270 4350 1325 4404; x_wconf 91' lang='grc'>7.</span> 
     </span>
    </p>
   </div>
   <div class='ocr_carea' id='block_1_76' title="bbox 1849 3325 3432 3398">
    <p class='ocr_par' dir='ltr' id='par_1_76' title="bbox 1849 3325 3432 3398">
     <span class='ocr_line' id='line_1_76' title="bbox 1849 3325 3432 3398; baseline 0.002 -18"><span class='ocrx_word' id='word_1_595' title='bbox 1849 3325 1973 3381; x_wconf 89' lang='lat' dir='ltr'><strong>Alio</strong></span> <span class='ocrx_word' id='word_1_596' title='bbox 2018 3326 2185 3381; x_wconf 84' lang='lat' dir='ltr'><strong>etiam</strong></span> <span class='ocrx_word' id='word_1_597' title='bbox 2220 3328 2378 3385; x_wconf 89' lang='lat' dir='ltr'><strong>vobis</strong></span> <span class='ocrx_word' id='word_1_598' title='bbox 2408 3344 2475 3386; x_wconf 82' lang='lat' dir='ltr'><strong>ex</strong></span> <span class='ocrx_word' id='word_1_599' title='bbox 2508 3328 2813 3398; x_wconf 87' lang='lat' dir='ltr'><strong>Scripturis</strong></span> <span class='ocrx_word' id='word_1_600' title='bbox 2864 3330 3203 3395; x_wconf 88' lang='lat' dir='ltr'><strong>testimonio,</strong></span> <span class='ocrx_word' id='word_1_601' title='bbox 3246 3331 3432 3393; x_wconf 78' lang='lat' dir='ltr'><strong>amici,</strong></span> 
     </span>
    </p>
   </div>
   <div class='ocr_carea' id='block_1_77' title="bbox 1848 3419 3430 3487">
    <p class='ocr_par' dir='ltr' id='par_1_77' title="bbox 1848 3419 3430 3487">
     <span class='ocr_line' id='line_1_77' title="bbox 1848 3419 3430 3487; baseline 0.004 -18"><span class='ocrx_word' id='word_1_602' title='bbox 1848 3419 2239 3474; x_wconf 84' lang='lat' dir='ltr'><strong>demonstrabo</strong></span> <span class='ocrx_word' id='word_1_603' title='bbox 2275 3422 2443 3476; x_wconf 91' lang='lat' dir='ltr'><strong>Deum</strong></span> <span class='ocrx_word' id='word_1_604' title='bbox 2479 3431 2606 3477; x_wconf 89' lang='lat' dir='ltr'><strong>ante</strong></span> <span class='ocrx_word' id='word_1_605' title='bbox 2634 3437 2827 3478; x_wconf 88' lang='lat' dir='ltr'><strong>omnes</strong></span> <span class='ocrx_word' id='word_1_606' title='bbox 2853 3438 2940 3478; x_wconf 88' lang='lat' dir='ltr'><strong>res</strong></span> <span class='ocrx_word' id='word_1_607' title='bbox 2959 3433 3191 3487; x_wconf 89' lang='lat' dir='ltr'><strong>creatas,</strong></span> <span class='ocrx_word' id='word_1_608' title='bbox 3220 3424 3430 3478; x_wconf 91' lang='lat' dir='ltr'><strong>initium</strong></span> 
     </span>
    </p>
   </div>
   <div class='ocr_carea' id='block_1_78' title="bbox 1847 3513 3431 3587">
    <p class='ocr_par' dir='ltr' id='par_1_78' title="bbox 1847 3513 3431 3587">
     <span class='ocr_line' id='line_1_78' title="bbox 1847 3513 3431 3587; baseline 0.004 -21"><span class='ocrx_word' id='word_1_609' title='bbox 1847 3513 2105 3581; x_wconf 83' lang='lat' dir='ltr'><strong>genuisse</strong></span> <span class='ocrx_word' id='word_1_610' title='bbox 2142 3531 2207 3568; x_wconf 82' lang='lat' dir='ltr'><strong>ex</strong></span> <span class='ocrx_word' id='word_1_611' title='bbox 2234 3516 2418 3584; x_wconf 81' lang='lat' dir='ltr'><strong>Seipso</strong></span> <span class='ocrx_word' id='word_1_612' title='bbox 2444 3515 2703 3576; x_wconf 78' lang='lat' dir='ltr'><strong>virtutem</strong></span> <span class='ocrx_word' id='word_1_613' title='bbox 2746 3516 3040 3585; x_wconf 86' lang='lat' dir='ltr'><strong>quamdam</strong></span> <span class='ocrx_word' id='word_1_614' title='bbox 3066 3516 3431 3587; x_wconf 85' lang='lat' dir='ltr'><strong>rationalem,</strong></span> 
     </span>
    </p>
   </div>
   <div class='ocr_carea' id='block_1_79' title="bbox 1848 3610 3433 3686">
    <p class='ocr_par' dir='ltr' id='par_1_79' title="bbox 1848 3610 3433 3686">
     <span class='ocr_line' id='line_1_79' title="bbox 1848 3610 3433 3686; baseline 0.006 -29"><span class='ocrx_word' id='word_1_615' title='bbox 1848 3623 1968 3676; x_wconf 70' lang='lat' dir='ltr'><strong>qua:</strong></span> <span class='ocrx_word' id='word_1_616' title='bbox 2007 3618 2063 3664; x_wconf 91' lang='lat' dir='ltr'><strong>et</strong></span> <span class='ocrx_word' id='word_1_617' title='bbox 2106 3611 2277 3679; x_wconf 81' lang='lat' dir='ltr'><strong>gloria</strong></span> <span class='ocrx_word' id='word_1_618' title='bbox 2341 3611 2553 3664; x_wconf 75' lang='lat' dir='ltr'><strong>Domini</strong></span> <span class='ocrx_word' id='word_1_619' title='bbox 2616 3626 2645 3663; x_wconf 90' lang='lat' dir='ltr'><strong>a</strong></span> <span class='ocrx_word' id='word_1_620' title='bbox 2694 3610 2904 3678; x_wconf 75' lang='lat' dir='ltr'><strong>Spiritu</strong></span> <span class='ocrx_word' id='word_1_621' title='bbox 2949 3620 3140 3666; x_wconf 77' lang='lat' dir='ltr'><strong>sancto</strong></span> <span class='ocrx_word' id='word_1_622' title='bbox 3179 3623 3433 3686; x_wconf 73' lang='lat' dir='ltr'><strong>vocatur,</strong></span> 
     </span>
    </p>
   </div>
   <div class='ocr_carea' id='block_1_80' title="bbox 1847 3703 3430 3774">
    <p class='ocr_par' dir='ltr' id='par_1_80' title="bbox 1847 3703 3430 3774">
     <span class='ocr_line' id='line_1_80' title="bbox 1847 3703 3430 3774; baseline 0.005 -21"><span class='ocrx_word' id='word_1_623' title='bbox 1847 3719 1909 3754; x_wconf 88' lang='lat' dir='ltr'><strong>ac</strong></span> <span class='ocrx_word' id='word_1_624' title='bbox 1936 3718 2080 3757; x_wconf 90' lang='lat' dir='ltr'><strong>nunc</strong></span> <span class='ocrx_word' id='word_1_625' title='bbox 2105 3703 2302 3768; x_wconf 86' lang='lat' dir='ltr'><strong>Filius,</strong></span> <span class='ocrx_word' id='word_1_626' title='bbox 2330 3719 2476 3758; x_wconf 89' lang='lat' dir='ltr'><strong>nunc</strong></span> <span class='ocrx_word' id='word_1_627' title='bbox 2498 3703 2802 3773; x_wconf 85' lang='lat' dir='ltr'><strong>Sapientia,</strong></span> <span class='ocrx_word' id='word_1_628' title='bbox 2830 3720 2975 3758; x_wconf 91' lang='lat' dir='ltr'><strong>nunc</strong></span> <span class='ocrx_word' id='word_1_629' title='bbox 2999 3704 3260 3774; x_wconf 83' lang='lat' dir='ltr'><strong>Angelus,</strong></span> <span class='ocrx_word' id='word_1_630' title='bbox 3289 3721 3430 3761; x_wconf 83' lang='lat' dir='ltr'><strong>nunc</strong></span> 
     </span>
    </p>
   </div>
   <div class='ocr_carea' id='block_1_81' title="bbox 1848 3793 3428 3867">
    <p class='ocr_par' dir='ltr' id='par_1_81' title="bbox 1848 3793 3428 3867">
     <span class='ocr_line' id='line_1_81' title="bbox 1848 3793 3428 3867; baseline 0.001 -20"><span class='ocrx_word' id='word_1_631' title='bbox 1848 3793 2014 3861; x_wconf 73' lang='lat' dir='ltr'><strong>Deus,</strong></span> <span class='ocrx_word' id='word_1_632' title='bbox 2058 3795 2393 3867; x_wconf 74' lang='grc' dir='ltr'>1581ιιιιιο</span> <span class='ocrx_word' id='word_1_633' title='bbox 2423 3798 2691 3851; x_wconf 87' lang='lat' dir='ltr'><strong>Dominus</strong></span> <span class='ocrx_word' id='word_1_634' title='bbox 2733 3807 2788 3849; x_wconf 88' lang='lat' dir='ltr'><strong>et</strong></span> <span class='ocrx_word' id='word_1_635' title='bbox 2831 3797 3113 3861; x_wconf 79' lang='lat' dir='ltr'><strong>Verbum;</strong></span> <span class='ocrx_word' id='word_1_636' title='bbox 3156 3798 3428 3851; x_wconf 83' lang='lat' dir='ltr'><strong>interdum</strong></span> 
     </span>
    </p>
   </div>
   <div class='ocr_carea' id='block_1_82' title="bbox 1845 3888 3433 3961">
    <p class='ocr_par' dir='ltr' id='par_1_82' title="bbox 1845 3888 3433 3961">
     <span class='ocr_line' id='line_1_82' title="bbox 1845 3888 3433 3961; baseline 0.004 -22"><span class='ocrx_word' id='word_1_637' title='bbox 1845 3888 2011 3941; x_wconf 87' lang='lat' dir='ltr'><strong>etiam</strong></span> <span class='ocrx_word' id='word_1_638' title='bbox 2043 3889 2405 3943; x_wconf 70' lang='lat' dir='ltr'><strong>Arcltitluccm</strong></span> <span class='ocrx_word' id='word_1_639' title='bbox 2439 3905 2497 3943; x_wconf 88' lang='lat' dir='ltr'><strong>se</strong></span> <span class='ocrx_word' id='word_1_640' title='bbox 2532 3892 2644 3961; x_wconf 76' lang='lat' dir='ltr'><strong>ipse</strong></span> <span class='ocrx_word' id='word_1_641' title='bbox 2676 3890 2933 3958; x_wconf 85' lang='lat' dir='ltr'><strong>appellat,</strong></span> <span class='ocrx_word' id='word_1_642' title='bbox 2969 3889 3097 3943; x_wconf 83' lang='lat' dir='ltr'><strong>Jcsu</strong></span> <span class='ocrx_word' id='word_1_643' title='bbox 3127 3891 3236 3944; x_wconf 91' lang='lat' dir='ltr'><strong>lilio</strong></span> <span class='ocrx_word' id='word_1_644' title='bbox 3269 3889 3433 3946; x_wconf 59' lang='lat' dir='ltr'><strong>Navae</strong></span> 
     </span>
    </p>
   </div>
   <div class='ocr_carea' id='block_1_83' title="bbox 1844 3982 3428 4053">
    <p class='ocr_par' dir='ltr' id='par_1_83' title="bbox 1844 3982 3428 4053">
     <span class='ocr_line' id='line_1_83' title="bbox 1844 3982 3428 4053; baseline 0.001 -18"><span class='ocrx_word' id='word_1_645' title='bbox 1844 3982 1897 4035; x_wconf 87' lang='lat' dir='ltr'><strong>in</strong></span> <span class='ocrx_word' id='word_1_646' title='bbox 1930 3982 2103 4036; x_wconf 71' lang='lat' dir='ltr'><strong>fortuna</strong></span> <span class='ocrx_word' id='word_1_647' title='bbox 2138 3984 2379 4038; x_wconf 84' lang='lat' dir='ltr'><strong>hominis</strong></span> <span class='ocrx_word' id='word_1_648' title='bbox 2417 4000 2683 4053; x_wconf 74' lang='lat' dir='ltr'><strong>apparens</strong></span> <span class='ocrx_word' id='word_1_649' title='bbox 2711 3984 2897 4049; x_wconf 84' lang='lat' dir='ltr'><strong>(habet</strong></span> <span class='ocrx_word' id='word_1_650' title='bbox 2926 3984 3072 4036; x_wconf 90' lang='lat' dir='ltr'><strong>enim</strong></span> <span class='ocrx_word' id='word_1_651' title='bbox 3110 3984 3207 4037; x_wconf 86' lang='lat' dir='ltr'><strong>has</strong></span> <span class='ocrx_word' id='word_1_652' title='bbox 3233 4000 3428 4038; x_wconf 81' lang='lat' dir='ltr'><strong>omnes</strong></span> 
     </span>
    </p>
   </div>
   <div class='ocr_carea' id='block_1_84' title="bbox 1846 4076 3425 4149">
    <p class='ocr_par' dir='ltr' id='par_1_84' title="bbox 1846 4076 3425 4149">
     <span class='ocr_line' id='line_1_84' title="bbox 1846 4076 3425 4149; baseline -0.001 -17"><span class='ocrx_word' id='word_1_653' title='bbox 1846 4078 2265 4149; x_wconf 82' lang='lat' dir='ltr'><strong>appellationes,</strong></span> <span class='ocrx_word' id='word_1_654' title='bbox 2301 4093 2365 4131; x_wconf 74' lang='lat' dir='ltr'><strong>ex</strong></span> <span class='ocrx_word' id='word_1_655' title='bbox 2414 4094 2483 4132; x_wconf 85' lang='lat' dir='ltr'><strong>eo</strong></span> <span class='ocrx_word' id='word_1_656' title='bbox 2532 4077 2676 4147; x_wconf 87' lang='lat' dir='ltr'><strong>quod</strong></span> <span class='ocrx_word' id='word_1_657' title='bbox 2725 4077 2905 4139; x_wconf 75' lang='lat' dir='ltr'><strong>Patris</strong></span> <span class='ocrx_word' id='word_1_658' title='bbox 2956 4076 3222 4129; x_wconf 85' lang='lat' dir='ltr'><strong>\oluntati</strong></span> <span class='ocrx_word' id='word_1_659' title='bbox 3267 4077 3425 4130; x_wconf 87' lang='lat' dir='ltr'><strong>mini-</strong></span> 
     </span>
    </p>
   </div>
   <div class='ocr_carea' id='block_1_85' title="bbox 1843 4168 3417 4241">
    <p class='ocr_par' dir='ltr' id='par_1_85' title="bbox 1843 4168 3417 4241">
     <span class='ocr_line' id='line_1_85' title="bbox 1843 4168 3417 4241; baseline -0.003 -13"><span class='ocrx_word' id='word_1_660' title='bbox 1843 4182 2001 4241; x_wconf 89' lang='lat' dir='ltr'><strong>stret,</strong></span> <span class='ocrx_word' id='word_1_661' title='bbox 2027 4183 2082 4229; x_wconf 89' lang='lat' dir='ltr'><strong>et</strong></span> <span class='ocrx_word' id='word_1_662' title='bbox 2111 4174 2391 4229; x_wconf 84' lang='lat' dir='ltr'><strong>voluntate</strong></span> <span class='ocrx_word' id='word_1_663' title='bbox 2424 4173 2489 4228; x_wconf 84' lang='lat' dir='ltr'><strong>de</strong></span> <span class='ocrx_word' id='word_1_664' title='bbox 2530 4171 2695 4227; x_wconf 85' lang='lat' dir='ltr'><strong>Patre</strong></span> <span class='ocrx_word' id='word_1_665' title='bbox 2720 4171 2940 4239; x_wconf 78' lang='lat' dir='ltr'><strong>genitus</strong></span> <span class='ocrx_word' id='word_1_666' title='bbox 2982 4170 3097 4240; x_wconf 84' lang='lat' dir='ltr'><strong>sit).</strong></span> <span class='ocrx_word' id='word_1_667' title='bbox 3122 4168 3293 4235; x_wconf 88' lang='lat' dir='ltr'><strong>Quale</strong></span> <span class='ocrx_word' id='word_1_668' title='bbox 3328 4182 3417 4225; x_wconf 68' lang='lat' dir='ltr'><strong>cat</strong></span> 
     </span>
    </p>
   </div>
   <div class='ocr_carea' id='block_1_86' title="bbox 227 4541 3421 4619">
    <p class='ocr_par' dir='ltr' id='par_1_86' title="bbox 227 4541 3421 4619">
     <span class='ocr_line' id='line_1_86' title="bbox 227 4541 3421 4619; baseline 0 -13"><span class='ocrx_word' id='word_1_669' title='bbox 227 4548 340 4619; x_wconf 79' lang='lat'><strong>(76)</strong></span> <span class='ocrx_word' id='word_1_670' title='bbox 369 4552 481 4605; x_wconf 78' lang='grc' dir='ltr'><strong>Τὸν</strong></span> <span class='ocrx_word' id='word_1_671' title='bbox 515 4553 681 4606; x_wconf 61' lang='lat' dir='ltr'><strong>om.</strong></span> <span class='ocrx_word' id='word_1_672' title='bbox 714 4550 841 4609; x_wconf 82' lang='lat' dir='ltr'><strong>Post</strong></span> <span class='ocrx_word' id='word_1_673' title='bbox 874 4554 973 4609; x_wconf 84' lang='lat' dir='ltr'><strong>has</strong></span> <span class='ocrx_word' id='word_1_674' title='bbox 1001 4569 1163 4611; x_wconf 90' lang='lat' dir='ltr'><strong>voces</strong></span> <span class='ocrx_word' id='word_1_675' title='bbox 1191 4554 1483 4611; x_wconf 90' lang='lat' dir='ltr'><strong>articulum</strong></span> <span class='ocrx_word' id='word_1_676' title='bbox 1520 4554 1732 4609; x_wconf 71' lang='lat' dir='ltr'><strong>addiili-</strong></span> <span class='ocrx_word' id='word_1_677' title='bbox 1765 4541 1811 4595; x_wconf 79' lang='lat' dir='ltr'><strong>D</strong></span> <span class='ocrx_word' id='word_1_678' title='bbox 1841 4569 1898 4606; x_wconf 88' lang='grc' dir='ltr'><strong>ιι.</strong></span> <span class='ocrx_word' id='word_1_679' title='bbox 1933 4551 1988 4613; x_wconf 78' lang='grc'>5.</span> <span class='ocrx_word' id='word_1_680' title='bbox 2033 4559 2087 4605; x_wconf 89' lang='lat' dir='ltr'><strong>et</strong></span> <span class='ocrx_word' id='word_1_681' title='bbox 2130 4548 2386 4605; x_wconf 78' lang='lat' dir='ltr'><strong>Ambros.</strong></span> <span class='ocrx_word' id='word_1_682' title='bbox 2434 4548 2529 4605; x_wconf 89' lang='lat' dir='ltr'><strong>lib.</strong></span> <span class='ocrx_word' id='word_1_683' title='bbox 2566 4567 2627 4606; x_wconf 86' lang='lat' dir='ltr'><strong>Ill</strong></span> <span class='ocrx_word' id='word_1_684' title='bbox 2679 4548 2756 4606; x_wconf 84' lang='lat' dir='ltr'><strong>De</strong></span> <span class='ocrx_word' id='word_1_685' title='bbox 2781 4552 2908 4617; x_wconf 82' lang='lat' dir='ltr'><strong>fide,</strong></span> <span class='ocrx_word' id='word_1_686' title='bbox 2930 4562 2985 4607; x_wconf 90' lang='lat' dir='ltr'><strong>et</strong></span> <span class='ocrx_word' id='word_1_687' title='bbox 3012 4554 3066 4607; x_wconf 84' lang='lat' dir='ltr'><strong>in</strong></span> <span class='ocrx_word' id='word_1_688' title='bbox 3101 4551 3300 4607; x_wconf 81' lang='lat' dir='ltr'><strong>I’mlm.</strong></span> <span class='ocrx_word' id='word_1_689' title='bbox 3332 4570 3421 4609; x_wconf 78' lang='lat' dir='ltr'><strong>cx.</strong></span> 
     </span>
    </p>
   </div>
   <div class='ocr_carea' id='block_1_87' title="bbox 156 4623 758 4678">
    <p class='ocr_par' dir='ltr' id='par_1_87' title="bbox 156 4623 758 4678">
     <span class='ocr_line' id='line_1_87' title="bbox 156 4623 758 4678; baseline 0.005 -3"><span class='ocrx_word' id='word_1_690' title='bbox 156 4634 276 4675; x_wconf 88' lang='lat' dir='ltr'><strong>mus</strong></span> <span class='ocrx_word' id='word_1_691' title='bbox 296 4639 361 4676; x_wconf 80' lang='lat' dir='ltr'><strong>ex</strong></span> <span class='ocrx_word' id='word_1_692' title='bbox 384 4623 594 4677; x_wconf 84' lang='lat' dir='ltr'><strong>duobus</strong></span> <span class='ocrx_word' id='word_1_693' title='bbox 630 4638 758 4678; x_wconf 87' lang='lat' dir='ltr'><strong>mss.</strong></span> 
     </span>
    </p>
   </div>
   <div class='ocr_carea' id='block_1_88' title="bbox 225 4692 1723 4763">
    <p class='ocr_par' dir='ltr' id='par_1_88' title="bbox 225 4692 1723 4763">
     <span class='ocr_line' id='line_1_88' title="bbox 225 4692 1723 4763; baseline 0.005 -20"><span class='ocrx_word' id='word_1_694' title='bbox 225 4692 338 4760; x_wconf 88' lang='grc'>(77)</span> <span class='ocrx_word' id='word_1_695' title='bbox 381 4693 602 4763; x_wconf 79' lang='grc' dir='ltr'>Ἀρχὴν</span> <span class='ocrx_word' id='word_1_696' title='bbox 629 4693 741 4762; x_wconf 75' lang='grc' dir='ltr'>πρὸ</span> <span class='ocrx_word' id='word_1_697' title='bbox 761 4694 1019 4749; x_wconf 71' lang='grc' dir='ltr'>πάντων.</span> <span class='ocrx_word' id='word_1_698' title='bbox 1050 4694 1405 4750; x_wconf 80' lang='lat' dir='ltr'><strong>Reddendum</strong></span> <span class='ocrx_word' id='word_1_699' title='bbox 1430 4711 1535 4751; x_wconf 91' lang='lat' dir='ltr'><strong>non</strong></span> <span class='ocrx_word' id='word_1_700' title='bbox 1572 4697 1723 4760; x_wconf 74' lang='lat' dir='ltr'><strong>diui,</strong></span> 
     </span>
    </p>
   </div>
   <div class='ocr_carea' id='block_1_89' title="bbox 163 4763 1720 4835">
    <p class='ocr_par' dir='ltr' id='par_1_89' title="bbox 163 4763 1720 4835">
     <span class='ocr_line' id='line_1_89' title="bbox 163 4763 1720 4835; baseline 0.001 -19"><span class='ocrx_word' id='word_1_701' title='bbox 163 4782 181 4835; x_wconf 68' lang='grc' dir='ltr'><strong>ι</strong></span> <span class='ocrx_word' id='word_1_702' title='bbox 210 4763 498 4818; x_wconf 80' lang='lat' dir='ltr'><strong>initioante</strong></span> <span class='ocrx_word' id='word_1_703' title='bbox 520 4766 723 4829; x_wconf 84' lang='lat' dir='ltr'><strong>omnia,</strong></span> <span class='ocrx_word' id='word_1_704' title='bbox 756 4784 775 4815; x_wconf 71' lang='grc' dir='ltr'><strong>ι</strong></span> <span class='ocrx_word' id='word_1_705' title='bbox 804 4766 897 4820; x_wconf 86' lang='lat' dir='ltr'><strong>sed</strong></span> <span class='ocrx_word' id='word_1_706' title='bbox 922 4784 939 4815; x_wconf 82' lang='grc' dir='ltr'><strong>ι</strong></span> <span class='ocrx_word' id='word_1_707' title='bbox 970 4766 1298 4835; x_wconf 89' lang='lat' dir='ltr'><strong>principium</strong></span> <span class='ocrx_word' id='word_1_708' title='bbox 1324 4774 1449 4820; x_wconf 83' lang='lat' dir='ltr'><strong>ante</strong></span> <span class='ocrx_word' id='word_1_709' title='bbox 1467 4768 1671 4820; x_wconf 89' lang='lat' dir='ltr'><strong>omnia.</strong></span> <span class='ocrx_word' id='word_1_710' title='bbox 1702 4786 1720 4817; x_wconf 72' lang='grc' dir='ltr'><strong>ι</strong></span> 
     </span>
    </p>
   </div>
   <div class='ocr_carea' id='block_1_90' title="bbox 158 4833 1729 4908">
    <p class='ocr_par' dir='ltr' id='par_1_90' title="bbox 158 4833 1729 4908">
     <span class='ocr_line' id='line_1_90' title="bbox 158 4833 1729 4908; baseline 0.003 -22"><span class='ocrx_word' id='word_1_711' title='bbox 158 4833 343 4908; x_wconf 80' lang='lat' dir='ltr'><strong>Neque</strong></span> <span class='ocrx_word' id='word_1_712' title='bbox 372 4836 518 4888; x_wconf 88' lang='lat' dir='ltr'><strong>enim</strong></span> <span class='ocrx_word' id='word_1_713' title='bbox 552 4836 769 4908; x_wconf 69' lang='lat' dir='ltr'><strong>limcde</strong></span> <span class='ocrx_word' id='word_1_714' title='bbox 793 4833 999 4908; x_wconf 69' lang='lat' dir='ltr'><strong>aeterna</strong></span> <span class='ocrx_word' id='word_1_715' title='bbox 1040 4836 1166 4891; x_wconf 81' lang='lat' dir='ltr'><strong>Filii</strong></span> <span class='ocrx_word' id='word_1_716' title='bbox 1196 4838 1554 4908; x_wconf 85' lang='lat' dir='ltr'><strong>generatione</strong></span> <span class='ocrx_word' id='word_1_717' title='bbox 1580 4840 1729 4892; x_wconf 85' lang='lat' dir='ltr'><strong>acci-</strong></span> 
     </span>
    </p>
   </div>
   <div class='ocr_carea' id='block_1_91' title="bbox 158 4904 1729 4973">
    <p class='ocr_par' dir='ltr' id='par_1_91' title="bbox 158 4904 1729 4973">
     <span class='ocr_line' id='line_1_91' title="bbox 158 4904 1729 4973; baseline 0.004 -17"><span class='ocrx_word' id='word_1_718' title='bbox 158 4904 351 4973; x_wconf 84' lang='lat' dir='ltr'><strong>pienda</strong></span> <span class='ocrx_word' id='word_1_719' title='bbox 408 4916 560 4968; x_wconf 90' lang='lat' dir='ltr'><strong>sunt,</strong></span> <span class='ocrx_word' id='word_1_720' title='bbox 600 4907 694 4960; x_wconf 85' lang='lat' dir='ltr'><strong>sed</strong></span> <span class='ocrx_word' id='word_1_721' title='bbox 729 4920 855 4960; x_wconf 88' lang='lat' dir='ltr'><strong>eum</strong></span> <span class='ocrx_word' id='word_1_722' title='bbox 896 4905 1059 4961; x_wconf 78' lang='lat' dir='ltr'><strong>Pater</strong></span> <span class='ocrx_word' id='word_1_723' title='bbox 1100 4904 1230 4963; x_wconf 77' lang='lat' dir='ltr'><strong>ante</strong></span> <span class='ocrx_word' id='word_1_724' title='bbox 1267 4908 1455 4961; x_wconf 89' lang='lat' dir='ltr'><strong>mundi</strong></span> <span class='ocrx_word' id='word_1_725' title='bbox 1492 4909 1729 4962; x_wconf 74' lang='lat' dir='ltr'><strong>creatio-</strong></span> 
     </span>
    </p>
   </div>
   <div class='ocr_carea' id='block_1_92' title="bbox 162 4977 1729 5060">
    <p class='ocr_par' dir='ltr' id='par_1_92' title="bbox 162 4977 1729 5060">
     <span class='ocr_line' id='line_1_92' title="bbox 162 4977 1729 5060; baseline 0.001 -29"><span class='ocrx_word' id='word_1_726' title='bbox 162 4977 638 5060; x_wconf 71' lang='lat' dir='ltr'><strong>nem_principium</strong></span> <span class='ocrx_word' id='word_1_727' title='bbox 677 4978 923 5060; x_wconf 73' lang='lat' dir='ltr'><strong>omnium</strong></span> <span class='ocrx_word' id='word_1_728' title='bbox 962 4978 1216 5059; x_wconf 75' lang='lat' dir='ltr'><strong>genuisse</strong></span> <span class='ocrx_word' id='word_1_729' title='bbox 1244 4978 1478 5060; x_wconf 41' lang='lat' dir='ltr'><strong>dicitur:</strong></span> <span class='ocrx_word' id='word_1_730' title='bbox 1496 4977 1611 5031; x_wconf 85' lang='lat' dir='ltr'><strong>Non</strong></span> <span class='ocrx_word' id='word_1_731' title='bbox 1638 4994 1729 5033; x_wconf 89' lang='lat' dir='ltr'><strong>so-</strong></span> 
     </span>
    </p>
   </div>
   <div class='ocr_carea' id='block_1_93' title="bbox 159 5046 1723 5117">
    <p class='ocr_par' dir='ltr' id='par_1_93' title="bbox 159 5046 1723 5117">
     <span class='ocr_line' id='line_1_93' title="bbox 159 5046 1723 5117; baseline 0.003 -17"><span class='ocrx_word' id='word_1_732' title='bbox 159 5051 241 5100; x_wconf 90' lang='lat' dir='ltr'><strong>lus</strong></span> <span class='ocrx_word' id='word_1_733' title='bbox 289 5046 429 5098; x_wconf 86' lang='lat' dir='ltr'><strong>hunc</strong></span> <span class='ocrx_word' id='word_1_734' title='bbox 472 5046 772 5115; x_wconf 67' lang='lat' dir='ltr'><strong>Scriptura!</strong></span> <span class='ocrx_word' id='word_1_735' title='bbox 817 5048 997 5103; x_wconf 73' lang='lat' dir='ltr'><strong>locum</strong></span> <span class='ocrx_word' id='word_1_736' title='bbox 1051 5050 1125 5102; x_wconf 88' lang='lat' dir='ltr'><strong>ita</strong></span> <span class='ocrx_word' id='word_1_737' title='bbox 1191 5049 1405 5117; x_wconf 82' lang='lat' dir='ltr'><strong>accepit</strong></span> <span class='ocrx_word' id='word_1_738' title='bbox 1453 5048 1723 5104; x_wconf 65' lang='lat' dir='ltr'><strong>Just&#39;nus.</strong></span> 
     </span>
    </p>
   </div>
   <div class='ocr_carea' id='block_1_94' title="bbox 158 5118 1727 5189">
    <p class='ocr_par' dir='ltr' id='par_1_94' title="bbox 158 5118 1727 5189">
     <span class='ocr_line' id='line_1_94' title="bbox 158 5118 1727 5189; baseline 0.001 -16"><span class='ocrx_word' id='word_1_739' title='bbox 158 5118 347 5189; x_wconf 63' lang='lat' dir='ltr'><strong>Aquila</strong></span> <span class='ocrx_word' id='word_1_740' title='bbox 377 5133 476 5185; x_wconf 91' lang='lat' dir='ltr'><strong>pro</strong></span> <span class='ocrx_word' id='word_1_741' title='bbox 508 5118 607 5171; x_wconf 86' lang='lat' dir='ltr'><strong>hac</strong></span> <span class='ocrx_word' id='word_1_742' title='bbox 636 5133 768 5174; x_wconf 86' lang='lat' dir='ltr'><strong>voce</strong></span> <span class='ocrx_word' id='word_1_743' title='bbox 795 5120 979 5189; x_wconf 81' lang='lat' dir='ltr'><strong>pesuit</strong></span> <span class='ocrx_word' id='word_1_744' title='bbox 1007 5118 1323 5188; x_wconf 79' lang='grc' dir='ltr'>κεφάλαιον.</span> <span class='ocrx_word' id='word_1_745' title='bbox 1368 5119 1636 5173; x_wconf 73' lang='lat' dir='ltr'><strong>&#39;l&#39;atianns</strong></span> <span class='ocrx_word' id='word_1_746' title='bbox 1659 5122 1727 5174; x_wconf 69' lang='lat' dir='ltr'><strong>ile</strong></span> 
     </span>
    </p>
   </div>
   <div class='ocr_carea' id='block_1_95' title="bbox 161 5188 1727 5258">
    <p class='ocr_par' dir='ltr' id='par_1_95' title="bbox 161 5188 1727 5258">
     <span class='ocr_line' id='line_1_95' title="bbox 161 5188 1727 5258; baseline 0 -16"><span class='ocrx_word' id='word_1_747' title='bbox 161 5190 265 5243; x_wconf 81' lang='lat' dir='ltr'><strong>hac</strong></span> <span class='ocrx_word' id='word_1_748' title='bbox 283 5188 398 5241; x_wconf 78' lang='lat' dir='ltr'><strong>Filii</strong></span> <span class='ocrx_word' id='word_1_749' title='bbox 428 5204 522 5242; x_wconf 82' lang='lat' dir='ltr'><strong>seu</strong></span> <span class='ocrx_word' id='word_1_750' title='bbox 558 5188 717 5242; x_wconf 76' lang='lat' dir='ltr'><strong>Verbi</strong></span> <span class='ocrx_word' id='word_1_751' title='bbox 744 5188 1097 5258; x_wconf 81' lang='lat' dir='ltr'><strong>generatione</strong></span> <span class='ocrx_word' id='word_1_752' title='bbox 1127 5190 1205 5243; x_wconf 79' lang='lat' dir='ltr'><strong>sic</strong></span> <span class='ocrx_word' id='word_1_753' title='bbox 1225 5190 1464 5257; x_wconf 89' lang='lat' dir='ltr'><strong>loquitur</strong></span> <span class='ocrx_word' id='word_1_754' title='bbox 1493 5189 1727 5246; x_wconf 69' lang='grc' dir='ltr'>εΤοῦτον</span> 
     </span>
    </p>
   </div>
   <div class='ocr_carea' id='block_1_96' title="bbox 161 5259 1725 5331">
    <p class='ocr_par' dir='ltr' id='par_1_96' title="bbox 161 5259 1725 5331">
     <span class='ocr_line' id='line_1_96' title="bbox 161 5259 1725 5331; baseline 0.002 -20"><span class='ocrx_word' id='word_1_755' title='bbox 161 5260 316 5330; x_wconf 77' lang='grc' dir='ltr'>ταμεν</span> <span class='ocrx_word' id='word_1_756' title='bbox 348 5259 556 5329; x_wconf 83' lang='grc' dir='ltr'>κόσμου</span> <span class='ocrx_word' id='word_1_757' title='bbox 577 5260 681 5331; x_wconf 82' lang='grc' dir='ltr'>τὴν</span> <span class='ocrx_word' id='word_1_758' title='bbox 706 5260 903 5331; x_wconf 75' lang='grc' dir='ltr'>άρχήν.</span> <span class='ocrx_word' id='word_1_759' title='bbox 926 5261 1303 5330; x_wconf 83' lang='lat' dir='ltr'><strong>Athenagoras</strong></span> <span class='ocrx_word' id='word_1_760' title='bbox 1334 5261 1524 5314; x_wconf 87' lang='lat' dir='ltr'><strong>eodem</strong></span> <span class='ocrx_word' id='word_1_761' title='bbox 1562 5276 1725 5314; x_wconf 89' lang='lat' dir='ltr'><strong>sensu</strong></span> 
     </span>
    </p>
   </div>
   <div class='ocr_carea' id='block_1_97' title="bbox 160 5331 1721 5401">
    <p class='ocr_par' dir='ltr' id='par_1_97' title="bbox 160 5331 1721 5401">
     <span class='ocr_line' id='line_1_97' title="bbox 160 5331 1721 5401; baseline 0 -16"><span class='ocrx_word' id='word_1_762' title='bbox 160 5332 299 5385; x_wconf 80' lang='lat' dir='ltr'><strong>hanc</strong></span> <span class='ocrx_word' id='word_1_763' title='bbox 330 5344 518 5383; x_wconf 80' lang='lat' dir='ltr'><strong>vocem</strong></span> <span class='ocrx_word' id='word_1_764' title='bbox 543 5332 774 5399; x_wconf 85' lang='lat' dir='ltr'><strong>accepit,</strong></span> <span class='ocrx_word' id='word_1_765' title='bbox 794 5331 946 5399; x_wconf 81' lang='lat' dir='ltr'><strong>Apol.</strong></span> <span class='ocrx_word' id='word_1_766' title='bbox 990 5348 1048 5384; x_wconf 85' lang='grc' dir='ltr'><strong>ιι.</strong></span> <span class='ocrx_word' id='word_1_767' title='bbox 1074 5332 1159 5385; x_wconf 80' lang='grc'><strong>10.</strong></span> <span class='ocrx_word' id='word_1_768' title='bbox 1185 5332 1447 5401; x_wconf 85' lang='lat' dir='ltr'><strong>Origenes</strong></span> <span class='ocrx_word' id='word_1_769' title='bbox 1476 5334 1529 5385; x_wconf 85' lang='lat' dir='ltr'><strong>in</strong></span> <span class='ocrx_word' id='word_1_770' title='bbox 1560 5331 1721 5385; x_wconf 87' lang='lat' dir='ltr'><strong>Joan.</strong></span> 
     </span>
    </p>
   </div>
   <div class='ocr_carea' id='block_1_98' title="bbox 160 5400 1726 5471">
    <p class='ocr_par' dir='ltr' id='par_1_98' title="bbox 160 5400 1726 5471">
     <span class='ocr_line' id='line_1_98' title="bbox 160 5400 1726 5471; baseline 0.001 -18"><span class='ocrx_word' id='word_1_771' title='bbox 160 5419 213 5471; x_wconf 88' lang='lat' dir='ltr'><strong>p.</strong></span> <span class='ocrx_word' id='word_1_772' title='bbox 252 5401 331 5471; x_wconf 78' lang='grc'><strong>17,</strong></span> <span class='ocrx_word' id='word_1_773' title='bbox 360 5416 427 5453; x_wconf 75' lang='grc' dir='ltr'><strong>ει</strong></span> <span class='ocrx_word' id='word_1_774' title='bbox 477 5401 581 5471; x_wconf 84' lang='lat' dir='ltr'><strong>hoc</strong></span> <span class='ocrx_word' id='word_1_775' title='bbox 616 5402 930 5471; x_wconf 79' lang='lat' dir='ltr'><strong>Salomonis</strong></span> <span class='ocrx_word' id='word_1_776' title='bbox 956 5401 1073 5455; x_wconf 90' lang='lat' dir='ltr'><strong>loco</strong></span> <span class='ocrx_word' id='word_1_777' title='bbox 1099 5400 1301 5470; x_wconf 82' lang='lat' dir='ltr'><strong>probat</strong></span> <span class='ocrx_word' id='word_1_778' title='bbox 1325 5400 1575 5471; x_wconf 77' lang='lat' dir='ltr'><strong>Verbum</strong></span> <span class='ocrx_word' id='word_1_779' title='bbox 1600 5417 1726 5455; x_wconf 89' lang='lat' dir='ltr'><strong>esse</strong></span> 
     </span>
    </p>
   </div>
   <div class='ocr_carea' id='block_1_99' title="bbox 157 5467 1727 5544">
    <p class='ocr_par' dir='ltr' id='par_1_99' title="bbox 157 5467 1727 5544">
     <span class='ocr_line' id='line_1_99' title="bbox 157 5467 1727 5544; baseline -0.001 -17"><span class='ocrx_word' id='word_1_780' title='bbox 157 5467 328 5544; x_wconf 78' lang='grc' dir='ltr'>άρχὴν</span> <span class='ocrx_word' id='word_1_781' title='bbox 362 5469 653 5539; x_wconf 81' lang='grc' dir='ltr'>γενέσεως.</span> <span class='ocrx_word' id='word_1_782' title='bbox 692 5470 803 5535; x_wconf 79' lang='lat' dir='ltr'><strong>Hoc</strong></span> <span class='ocrx_word' id='word_1_783' title='bbox 834 5467 1206 5544; x_wconf 63' lang='lat' dir='ltr'><strong>testimonium</strong></span> <span class='ocrx_word' id='word_1_784' title='bbox 1242 5474 1433 5525; x_wconf 87' lang='lat' dir='ltr'><strong>eodem</strong></span> <span class='ocrx_word' id='word_1_785' title='bbox 1471 5488 1535 5527; x_wconf 85' lang='lat' dir='ltr'><strong>ac</strong></span> <span class='ocrx_word' id='word_1_786' title='bbox 1557 5470 1727 5544; x_wconf 79' lang='lat' dir='ltr'><strong>Justi-</strong></span> 
     </span>
    </p>
   </div>
   <div class='ocr_carea' id='block_1_100' title="bbox 161 5540 1723 5609">
    <p class='ocr_par' dir='ltr' id='par_1_100' title="bbox 161 5540 1723 5609">
     <span class='ocr_line' id='line_1_100' title="bbox 161 5540 1723 5609; baseline 0 -12"><span class='ocrx_word' id='word_1_787' title='bbox 161 5540 466 5597; x_wconf 48' lang='lat' dir='ltr'><strong>&quot;assensu</strong></span> <span class='ocrx_word' id='word_1_788' title='bbox 526 5544 803 5596; x_wconf 78' lang='lat' dir='ltr'><strong>intellexit</strong></span> <span class='ocrx_word' id='word_1_789' title='bbox 843 5540 1235 5606; x_wconf 75' lang='lat' dir='ltr'><strong>Tertullianus,</strong></span> <span class='ocrx_word' id='word_1_790' title='bbox 1284 5544 1375 5609; x_wconf 87' lang='lat' dir='ltr'><strong>qui</strong></span> <span class='ocrx_word' id='word_1_791' title='bbox 1432 5555 1488 5597; x_wconf 91' lang='lat' dir='ltr'><strong>et</strong></span> <span class='ocrx_word' id='word_1_792' title='bbox 1530 5542 1723 5597; x_wconf 87' lang='lat' dir='ltr'><strong>eodem</strong></span> 
     </span>
    </p>
   </div>
   <div class='ocr_carea' id='block_1_101' title="bbox 163 5610 1721 5685">
    <p class='ocr_par' dir='ltr' id='par_1_101' title="bbox 163 5610 1721 5685">
     <span class='ocr_line' id='line_1_101' title="bbox 163 5610 1721 5685; baseline 0.004 -20"><span class='ocrx_word' id='word_1_793' title='bbox 163 5613 318 5685; x_wconf 81' lang='lat' dir='ltr'><strong>modo</strong></span> <span class='ocrx_word' id='word_1_794' title='bbox 344 5615 468 5685; x_wconf 84' lang='lat' dir='ltr'><strong>adv.</strong></span> <span class='ocrx_word' id='word_1_795' title='bbox 493 5612 873 5685; x_wconf 76' lang='lat' dir='ltr'><strong>Hermogenem</strong></span> <span class='ocrx_word' id='word_1_796' title='bbox 907 5627 1028 5681; x_wconf 86' lang='lat' dir='ltr'><strong>cap.</strong></span> <span class='ocrx_word' id='word_1_797' title='bbox 1055 5614 1146 5677; x_wconf 78' lang='grc'><strong>18,</strong></span> <span class='ocrx_word' id='word_1_798' title='bbox 1163 5628 1225 5685; x_wconf 64' lang='lat' dir='ltr'><strong>et</strong></span> <span class='ocrx_word' id='word_1_799' title='bbox 1250 5616 1372 5667; x_wconf 83' lang='lat' dir='ltr'><strong>adv.</strong></span> <span class='ocrx_word' id='word_1_800' title='bbox 1402 5610 1570 5669; x_wconf 76' lang='lat' dir='ltr'><strong>Prax.</strong></span> <span class='ocrx_word' id='word_1_801' title='bbox 1600 5629 1721 5685; x_wconf 87' lang='lat' dir='ltr'><strong>cap.</strong></span> 
     </span>
    </p>
   </div>
   <div class='ocr_carea' id='block_1_102' title="bbox 158 5680 1721 5755">
    <p class='ocr_par' dir='ltr' id='par_1_102' title="bbox 158 5680 1721 5755">
     <span class='ocr_line' id='line_1_102' title="bbox 158 5680 1721 5755; baseline -0.001 -16"><span class='ocrx_word' id='word_1_802' title='bbox 158 5683 213 5745; x_wconf 79' lang='lat'>6,</span> <span class='ocrx_word' id='word_1_803' title='bbox 247 5680 365 5737; x_wconf 74' lang='lat' dir='ltr'><strong>illud</strong></span> <span class='ocrx_word' id='word_1_804' title='bbox 394 5685 550 5749; x_wconf 87' lang='lat' dir='ltr'><strong>citat,</strong></span> <span class='ocrx_word' id='word_1_805' title='bbox 586 5695 643 5738; x_wconf 87' lang='lat' dir='ltr'><strong>et</strong></span> <span class='ocrx_word' id='word_1_806' title='bbox 683 5680 735 5737; x_wconf 72' lang='lat' dir='ltr'><strong>in</strong></span> <span class='ocrx_word' id='word_1_807' title='bbox 771 5684 913 5755; x_wconf 85' lang='lat' dir='ltr'><strong>libro</strong></span> <span class='ocrx_word' id='word_1_808' title='bbox 946 5680 1133 5737; x_wconf 78' lang='lat' dir='ltr'><strong>contra</strong></span> <span class='ocrx_word' id='word_1_809' title='bbox 1180 5682 1563 5755; x_wconf 77' lang='lat' dir='ltr'><strong>Hermogenem</strong></span> <span class='ocrx_word' id='word_1_810' title='bbox 1600 5680 1721 5754; x_wconf 78' lang='lat' dir='ltr'><strong>cap.</strong></span> 
     </span>
    </p>
   </div>
   <div class='ocr_carea' id='block_1_103' title="bbox 160 5754 1722 5824">
    <p class='ocr_par' dir='ltr' id='par_1_103' title="bbox 160 5754 1722 5824">
     <span class='ocr_line' id='line_1_103' title="bbox 160 5754 1722 5824; baseline 0 -16"><span class='ocrx_word' id='word_1_811' title='bbox 160 5755 246 5820; x_wconf 78' lang='grc'><strong>18,</strong></span> <span class='ocrx_word' id='word_1_812' title='bbox 278 5755 353 5808; x_wconf 88' lang='lat' dir='ltr'><strong>sic</strong></span> <span class='ocrx_word' id='word_1_813' title='bbox 400 5754 687 5824; x_wconf 87' lang='lat' dir='ltr'><strong>loquitur:</strong></span> <span class='ocrx_word' id='word_1_814' title='bbox 720 5773 740 5806; x_wconf 78' lang='grc' dir='ltr'><strong>ι</strong></span> <span class='ocrx_word' id='word_1_815' title='bbox 784 5754 1059 5809; x_wconf 77' lang='lat' dir='ltr'><strong>Habemus</strong></span> <span class='ocrx_word' id='word_1_816' title='bbox 1102 5756 1269 5808; x_wconf 82' lang='lat' dir='ltr'><strong>etiam</strong></span> <span class='ocrx_word' id='word_1_817' title='bbox 1318 5754 1467 5808; x_wconf 81' lang='lat' dir='ltr'><strong>illam</strong></span> <span class='ocrx_word' id='word_1_818' title='bbox 1507 5755 1722 5809; x_wconf 90' lang='lat' dir='ltr'><strong>initium</strong></span> 
     </span>
    </p>
   </div>
   <div class='ocr_carea' id='block_1_104' title="bbox 159 5826 1725 5895">
    <p class='ocr_par' dir='ltr' id='par_1_104' title="bbox 159 5826 1725 5895">
     <span class='ocr_line' id='line_1_104' title="bbox 159 5826 1725 5895; baseline -0.001 -16"><span class='ocrx_word' id='word_1_819' title='bbox 159 5838 486 5895; x_wconf 80' lang='lat' dir='ltr'><strong>cognoscere</strong></span> <span class='ocrx_word' id='word_1_820' title='bbox 526 5839 648 5895; x_wconf 70' lang='lat' dir='ltr'><strong>qua:</strong></span> <span class='ocrx_word' id='word_1_821' title='bbox 689 5826 821 5880; x_wconf 87' lang='lat' dir='ltr'><strong>dicit</strong></span> <span class='ocrx_word' id='word_1_822' title='bbox 874 5826 1174 5879; x_wconf 76' lang='lat' dir='ltr'><strong>:Domim</strong></span> <span class='ocrx_word' id='word_1_823' title='bbox 1211 5826 1446 5879; x_wconf 77' lang='lat' dir='ltr'><strong>condidit</strong></span> <span class='ocrx_word' id='word_1_824' title='bbox 1490 5842 1571 5879; x_wconf 79' lang='lat' dir='ltr'><strong>me</strong></span> <span class='ocrx_word' id='word_1_825' title='bbox 1620 5827 1725 5878; x_wconf 79' lang='lat' dir='ltr'><strong>iui-</strong></span> 
     </span>
    </p>
   </div>
   <div class='ocr_carea' id='block_1_105' title="bbox 159 5896 1737 5967">
    <p class='ocr_par' dir='ltr' id='par_1_105' title="bbox 159 5896 1737 5967">
     <span class='ocr_line' id='line_1_105' title="bbox 159 5896 1737 5967; baseline 0.003 -18"><span class='ocrx_word' id='word_1_826' title='bbox 159 5899 282 5949; x_wconf 81' lang='lat' dir='ltr'><strong>tiam</strong></span> <span class='ocrx_word' id='word_1_827' title='bbox 305 5896 507 5951; x_wconf 73' lang='lat' dir='ltr'><strong>tiaram</strong></span> <span class='ocrx_word' id='word_1_828' title='bbox 529 5914 769 5967; x_wconf 77' lang='lat' dir='ltr'><strong>suarum.</strong></span> <span class='ocrx_word' id='word_1_829' title='bbox 786 5917 805 5952; x_wconf 76' lang='grc' dir='ltr'><strong>ι</strong></span> <span class='ocrx_word' id='word_1_830' title='bbox 826 5897 901 5953; x_wconf 81' lang='lat' dir='ltr'><strong>lta</strong></span> <span class='ocrx_word' id='word_1_831' title='bbox 920 5898 1082 5953; x_wconf 85' lang='lat' dir='ltr'><strong>etiam</strong></span> <span class='ocrx_word' id='word_1_832' title='bbox 1105 5896 1343 5955; x_wconf 77' lang='lat' dir='ltr'><strong>Irenqu</strong></span> <span class='ocrx_word' id='word_1_833' title='bbox 1368 5897 1462 5953; x_wconf 80' lang='lat' dir='ltr'><strong>lib.</strong></span> <span class='ocrx_word' id='word_1_834' title='bbox 1483 5911 1557 5966; x_wconf 72' lang='grc' dir='ltr'><strong>ιν,</strong></span> <span class='ocrx_word' id='word_1_835' title='bbox 1577 5913 1624 5953; x_wconf 86' lang='lat' dir='ltr'><strong>c.</strong></span> <span class='ocrx_word' id='word_1_836' title='bbox 1641 5898 1737 5965; x_wconf 71' lang='lat'><strong>‘10,</strong></span> 
     </span>
    </p>
   </div>
   <div class='ocr_carea' id='block_1_106' title="bbox 1906 4620 3424 4696">
    <p class='ocr_par' dir='ltr' id='par_1_106' title="bbox 1906 4620 3424 4696">
     <span class='ocr_line' id='line_1_106' title="bbox 1906 4620 3424 4696; baseline 0.003 -21"><span class='ocrx_word' id='word_1_837' title='bbox 1906 4622 2018 4695; x_wconf 86' lang='lat'><strong>(78)</strong></span> <span class='ocrx_word' id='word_1_838' title='bbox 2059 4622 2259 4696; x_wconf 64' lang='grc' dir='ltr'>ξΈχειν</span> <span class='ocrx_word' id='word_1_839' title='bbox 2298 4622 2409 4696; x_wconf 81' lang='grc' dir='ltr'>γὰρ</span> <span class='ocrx_word' id='word_1_840' title='bbox 2450 4622 2647 4696; x_wconf 62' lang='grc' dir='ltr'>πάντα</span> <span class='ocrx_word' id='word_1_841' title='bbox 2671 4620 3260 4696; x_wconf 53' lang='grc' dir='ltr'><strong>ζετδοοσι)νομάζεονθιιι.</strong></span> <span class='ocrx_word' id='word_1_842' title='bbox 3290 4624 3424 4696; x_wconf 81' lang='lat' dir='ltr'><strong>ch.</strong></span> 
     </span>
    </p>
   </div>
   <div class='ocr_carea' id='block_1_107' title="bbox 1831 4692 3422 4765">
    <p class='ocr_par' dir='ltr' id='par_1_107' title="bbox 1831 4692 3422 4765">
     <span class='ocr_line' id='line_1_107' title="bbox 1831 4692 3422 4765; baseline 0 -18"><span class='ocrx_word' id='word_1_843' title='bbox 1831 4692 2007 4765; x_wconf 67' lang='grc' dir='ltr'>ἔχει,</span> <span class='ocrx_word' id='word_1_844' title='bbox 2058 4693 2222 4765; x_wconf 84' lang='lat' dir='ltr'><strong>idque</strong></span> <span class='ocrx_word' id='word_1_845' title='bbox 2293 4695 2610 4765; x_wconf 80' lang='lat' dir='ltr'><strong>observavit</strong></span> <span class='ocrx_word' id='word_1_846' title='bbox 2668 4692 3022 4759; x_wconf 84' lang='lat' dir='ltr'><strong>Thrirlbius,</strong></span> <span class='ocrx_word' id='word_1_847' title='bbox 3083 4696 3175 4765; x_wconf 85' lang='lat' dir='ltr'><strong>qui</strong></span> <span class='ocrx_word' id='word_1_848' title='bbox 3252 4692 3422 4749; x_wconf 76' lang='lat' dir='ltr'><strong>etiam</strong></span> 
     </span>
    </p>
   </div>
   <div class='ocr_carea' id='block_1_108' title="bbox 1843 4764 3421 4836">
    <p class='ocr_par' dir='ltr' id='par_1_108' title="bbox 1843 4764 3421 4836">
     <span class='ocr_line' id='line_1_108' title="bbox 1843 4764 3421 4836; baseline 0.003 -21"><span class='ocrx_word' id='word_1_849' title='bbox 1843 4764 2171 4836; x_wconf 4' lang='lat' dir='ltr'><strong>paulorgpost</strong></span> <span class='ocrx_word' id='word_1_850' title='bbox 2212 4764 2499 4831; x_wconf 80' lang='lat' dir='ltr'><strong>legendum</strong></span> <span class='ocrx_word' id='word_1_851' title='bbox 2538 4766 2819 4819; x_wconf 78' lang='lat' dir='ltr'><strong>cutttentlit</strong></span> <span class='ocrx_word' id='word_1_852' title='bbox 2878 4764 3277 4836; x_wconf 78' lang='grc' dir='ltr'>γεγεννῆσθαι,</span> <span class='ocrx_word' id='word_1_853' title='bbox 3323 4769 3421 4821; x_wconf 89' lang='lat' dir='ltr'><strong>sed</strong></span> 
     </span>
    </p>
   </div>
   <div class='ocr_carea' id='block_1_109' title="bbox 1833 4834 3419 4905">
    <p class='ocr_par' dir='ltr' id='par_1_109' title="bbox 1833 4834 3419 4905">
     <span class='ocr_line' id='line_1_109' title="bbox 1833 4834 3419 4905; baseline 0.003 -18"><span class='ocrx_word' id='word_1_854' title='bbox 1833 4836 1950 4903; x_wconf 88' lang='lat' dir='ltr'><strong>ipse</strong></span> <span class='ocrx_word' id='word_1_855' title='bbox 1976 4834 2104 4888; x_wconf 79' lang='lat' dir='ltr'><strong>alibi</strong></span> <span class='ocrx_word' id='word_1_856' title='bbox 2134 4836 2395 4889; x_wconf 87' lang='lat' dir='ltr'><strong>observat</strong></span> <span class='ocrx_word' id='word_1_857' title='bbox 2432 4836 2562 4887; x_wconf 76' lang='lat' dir='ltr'><strong>ferri</strong></span> <span class='ocrx_word' id='word_1_858' title='bbox 2589 4850 2749 4904; x_wconf 78' lang='lat' dir='ltr'><strong>posse</strong></span> <span class='ocrx_word' id='word_1_859' title='bbox 2780 4836 3056 4905; x_wconf 78' lang='lat' dir='ltr'><strong>Vulgatam</strong></span> <span class='ocrx_word' id='word_1_860' title='bbox 3095 4834 3419 4891; x_wconf 81' lang='lat' dir='ltr'><strong>lectionem.</strong></span> 
     </span>
    </p>
   </div>
   <div class='ocr_carea' id='block_1_110' title="bbox 1905 4905 3424 4974">
    <p class='ocr_par' dir='ltr' id='par_1_110' title="bbox 1905 4905 3424 4974">
     <span class='ocr_line' id='line_1_110' title="bbox 1905 4905 3424 4974; baseline 0.001 -15"><span class='ocrx_word' id='word_1_861' title='bbox 1905 4906 2017 4974; x_wconf 86' lang='lat'><strong>(79)</strong></span> <span class='ocrx_word' id='word_1_862' title='bbox 2056 4905 2214 4958; x_wconf 76' lang='grc' dir='ltr'>Ἀλλ’</span> <span class='ocrx_word' id='word_1_863' title='bbox 2251 4907 2322 4958; x_wconf 87' lang='grc' dir='ltr'>οὺ</span> <span class='ocrx_word' id='word_1_864' title='bbox 2358 4905 2649 4961; x_wconf 74' lang='grc' dir='ltr'>τοιοῦτον.</span> <span class='ocrx_word' id='word_1_865' title='bbox 2688 4905 2951 4959; x_wconf 80' lang='lat' dir='ltr'><strong>Videntur</strong></span> <span class='ocrx_word' id='word_1_866' title='bbox 2976 4909 3092 4962; x_wconf 61' lang='lat' dir='ltr'><strong>haec</strong></span> <span class='ocrx_word' id='word_1_867' title='bbox 3127 4906 3325 4974; x_wconf 76' lang='lat' dir='ltr'><strong>injecta</strong></span> <span class='ocrx_word' id='word_1_868' title='bbox 3354 4910 3424 4961; x_wconf 80' lang='lat' dir='ltr'><strong>ab</strong></span> 
     </span>
    </p>
   </div>
   <div class='ocr_carea' id='block_1_111' title="bbox 1833 4976 3425 5048">
    <p class='ocr_par' dir='ltr' id='par_1_111' title="bbox 1833 4976 3425 5048">
     <span class='ocr_line' id='line_1_111' title="bbox 1833 4976 3425 5048; baseline 0.001 -17"><span class='ocrx_word' id='word_1_869' title='bbox 1833 4978 2053 5031; x_wconf 83' lang='lat' dir='ltr'><strong>indocto</strong></span> <span class='ocrx_word' id='word_1_870' title='bbox 2078 4976 2339 5048; x_wconf 76' lang='lat' dir='ltr'><strong>librario;</strong></span> <span class='ocrx_word' id='word_1_871' title='bbox 2377 4993 2474 5031; x_wconf 89' lang='lat' dir='ltr'><strong>nec</strong></span> <span class='ocrx_word' id='word_1_872' title='bbox 2506 4992 2569 5031; x_wconf 89' lang='lat' dir='ltr'><strong>ea</strong></span> <span class='ocrx_word' id='word_1_873' title='bbox 2602 4978 2808 5048; x_wconf 87' lang='lat' dir='ltr'><strong>recepit</strong></span> <span class='ocrx_word' id='word_1_874' title='bbox 2835 4976 3050 5048; x_wconf 82' lang='lat' dir='ltr'><strong>Langus</strong></span> <span class='ocrx_word' id='word_1_875' title='bbox 3077 4979 3129 5031; x_wconf 89' lang='lat' dir='ltr'><strong>in</strong></span> <span class='ocrx_word' id='word_1_876' title='bbox 3157 4981 3425 5047; x_wconf 81' lang='lat' dir='ltr'><strong>interpre-</strong></span> 
     </span>
    </p>
   </div>
   <div class='ocr_carea' id='block_1_112' title="bbox 1835 5045 3418 5117">
    <p class='ocr_par' dir='ltr' id='par_1_112' title="bbox 1835 5045 3418 5117">
     <span class='ocr_line' id='line_1_112' title="bbox 1835 5045 3418 5117; baseline 0.002 -17"><span class='ocrx_word' id='word_1_877' title='bbox 1835 5048 2115 5101; x_wconf 87' lang='lat' dir='ltr'><strong>tationem.</strong></span> <span class='ocrx_word' id='word_1_878' title='bbox 2156 5045 2257 5100; x_wconf 89' lang='lat' dir='ltr'><strong>llic</strong></span> <span class='ocrx_word' id='word_1_879' title='bbox 2294 5058 2478 5103; x_wconf 86' lang='lat' dir='ltr'><strong>autem</strong></span> <span class='ocrx_word' id='word_1_880' title='bbox 2504 5047 2931 5102; x_wconf 78' lang='lat' dir='ltr'><strong>observabimus</strong></span> <span class='ocrx_word' id='word_1_881' title='bbox 2958 5045 3418 5117; x_wconf 65' lang='lat' dir='ltr'><strong>generationem,</strong></span> 
     </span>
    </p>
   </div>
   <div class='ocr_carea' id='block_1_113' title="bbox 1832 5117 3422 5189">
    <p class='ocr_par' dir='ltr' id='par_1_113' title="bbox 1832 5117 3422 5189">
     <span class='ocr_line' id='line_1_113' title="bbox 1832 5117 3422 5189; baseline 0.002 -19"><span class='ocrx_word' id='word_1_882' title='bbox 1832 5120 2019 5188; x_wconf 81' lang='lat' dir='ltr'><strong>dequa</strong></span> <span class='ocrx_word' id='word_1_883' title='bbox 2050 5118 2269 5171; x_wconf 62' lang='lat' dir='ltr'><strong>disserit</strong></span> <span class='ocrx_word' id='word_1_884' title='bbox 2293 5117 2563 5182; x_wconf 81' lang='lat' dir='ltr'><strong>Justinus,</strong></span> <span class='ocrx_word' id='word_1_885' title='bbox 2594 5134 2702 5189; x_wconf 77' lang='lat' dir='ltr'><strong>non</strong></span> <span class='ocrx_word' id='word_1_886' title='bbox 2727 5134 2847 5173; x_wconf 80' lang='lat' dir='ltr'><strong>esse</strong></span> <span class='ocrx_word' id='word_1_887' title='bbox 2881 5129 3146 5175; x_wconf 68' lang='lat' dir='ltr'><strong>mternam</strong></span> <span class='ocrx_word' id='word_1_888' title='bbox 3184 5135 3422 5189; x_wconf 87' lang='lat' dir='ltr'><strong>genera-</strong></span> 
     </span>
    </p>
   </div>
   <div class='ocr_carea' id='block_1_114' title="bbox 1832 5187 3417 5258">
    <p class='ocr_par' dir='ltr' id='par_1_114' title="bbox 1832 5187 3417 5258">
     <span class='ocr_line' id='line_1_114' title="bbox 1832 5187 3417 5258; baseline 0.001 -17"><span class='ocrx_word' id='word_1_889' title='bbox 1832 5187 2060 5249; x_wconf 84' lang='lat' dir='ltr'><strong>tionem,</strong></span> <span class='ocrx_word' id='word_1_890' title='bbox 2098 5190 2191 5241; x_wconf 83' lang='lat' dir='ltr'><strong>sed</strong></span> <span class='ocrx_word' id='word_1_891' title='bbox 2217 5204 2359 5255; x_wconf 85' lang='lat' dir='ltr'><strong>eam,</strong></span> <span class='ocrx_word' id='word_1_892' title='bbox 2392 5204 2557 5258; x_wconf 90' lang='lat' dir='ltr'><strong>quam</strong></span> <span class='ocrx_word' id='word_1_893' title='bbox 2592 5187 2729 5242; x_wconf 76' lang='lat' dir='ltr'><strong>Filio</strong></span> <span class='ocrx_word' id='word_1_894' title='bbox 2760 5191 2826 5242; x_wconf 90' lang='lat' dir='ltr'><strong>ad</strong></span> <span class='ocrx_word' id='word_1_895' title='bbox 2859 5190 3043 5242; x_wconf 85' lang='lat' dir='ltr'><strong>mmnli</strong></span> <span class='ocrx_word' id='word_1_896' title='bbox 3076 5187 3417 5245; x_wconf 70' lang='lat' dir='ltr'><strong>creationem</strong></span> 
     </span>
    </p>
   </div>
   <div class='ocr_carea' id='block_1_115' title="bbox 1830 5259 3416 5330">
    <p class='ocr_par' dir='ltr' id='par_1_115' title="bbox 1830 5259 3416 5330">
     <span class='ocr_line' id='line_1_115' title="bbox 1830 5259 3416 5330; baseline 0.003 -20"><span class='ocrx_word' id='word_1_897' title='bbox 1830 5260 2124 5328; x_wconf 84' lang='lat' dir='ltr'><strong>prodeunti</strong></span> <span class='ocrx_word' id='word_1_898' title='bbox 2187 5260 2491 5326; x_wconf 87' lang='lat' dir='ltr'><strong>scriptores</strong></span> <span class='ocrx_word' id='word_1_899' title='bbox 2552 5262 2765 5330; x_wconf 83' lang='lat' dir='ltr'><strong>antiqui</strong></span> <span class='ocrx_word' id='word_1_900' title='bbox 2827 5260 3223 5330; x_wconf 79' lang='lat' dir='ltr'><strong>attribuerunt.</strong></span> <span class='ocrx_word' id='word_1_901' title='bbox 3280 5259 3416 5314; x_wconf 80' lang='lat' dir='ltr'><strong>Nam</strong></span> 
     </span>
    </p>
   </div>
   <div class='ocr_carea' id='block_1_116' title="bbox 1831 5328 3418 5399">
    <p class='ocr_par' dir='ltr' id='par_1_116' title="bbox 1831 5328 3418 5399">
     <span class='ocr_line' id='line_1_116' title="bbox 1831 5328 3418 5399; baseline -0.001 -15"><span class='ocrx_word' id='word_1_902' title='bbox 1831 5331 1885 5384; x_wconf 79' lang='lat' dir='ltr'><strong>l&#39;</strong></span> <span class='ocrx_word' id='word_1_903' title='bbox 1912 5330 2231 5397; x_wconf 75' lang='lat' dir='ltr'><strong>Exemplum</strong></span> <span class='ocrx_word' id='word_1_904' title='bbox 2260 5344 2328 5383; x_wconf 82' lang='lat' dir='ltr'><strong>ex</strong></span> <span class='ocrx_word' id='word_1_905' title='bbox 2359 5333 2528 5387; x_wconf 83' lang='lat' dir='ltr'><strong>verbo</strong></span> <span class='ocrx_word' id='word_1_906' title='bbox 2563 5328 2804 5385; x_wconf 79' lang='lat' dir='ltr'><strong>humano</strong></span> <span class='ocrx_word' id='word_1_907' title='bbox 2837 5331 3067 5399; x_wconf 90' lang='lat' dir='ltr'><strong>petitum</strong></span> <span class='ocrx_word' id='word_1_908' title='bbox 3091 5373 3108 5397; x_wconf 93' lang='lat'><strong>,</strong></span> <span class='ocrx_word' id='word_1_909' title='bbox 3130 5348 3150 5383; x_wconf 82' lang='grc' dir='ltr'><strong>ι</strong></span> <span class='ocrx_word' id='word_1_910' title='bbox 3180 5328 3418 5386; x_wconf 77' lang='lat' dir='ltr'><strong>Verbum</strong></span> 
     </span>
    </p>
   </div>
   <div class='ocr_carea' id='block_1_117' title="bbox 1828 5399 3417 5471">
    <p class='ocr_par' dir='ltr' id='par_1_117' title="bbox 1828 5399 3417 5471">
     <span class='ocr_line' id='line_1_117' title="bbox 1828 5399 3417 5471; baseline 0 -18"><span class='ocrx_word' id='word_1_911' title='bbox 1828 5402 1975 5454; x_wconf 89' lang='lat' dir='ltr'><strong>enim</strong></span> <span class='ocrx_word' id='word_1_912' title='bbox 2004 5399 2627 5471; x_wconf 9' lang='lat' dir='ltr'><strong>aliquodgproferentes,</strong></span> <span class='ocrx_word' id='word_1_913' title='bbox 2659 5403 2886 5456; x_wconf 85' lang='lat' dir='ltr'><strong>verbum</strong></span> <span class='ocrx_word' id='word_1_914' title='bbox 2924 5402 3229 5471; x_wconf 83' lang='lat' dir='ltr'><strong>gignimus,</strong></span> <span class='ocrx_word' id='word_1_915' title='bbox 3265 5420 3286 5454; x_wconf 71' lang='grc' dir='ltr'><strong>ι</strong></span> <span class='ocrx_word' id='word_1_916' title='bbox 3318 5416 3417 5454; x_wconf 80' lang='lat' dir='ltr'><strong>ar-</strong></span> 
     </span>
    </p>
   </div>
   <div class='ocr_carea' id='block_1_118' title="bbox 1827 5469 3417 5545">
    <p class='ocr_par' dir='ltr' id='par_1_118' title="bbox 1827 5469 3417 5545">
     <span class='ocr_line' id='line_1_118' title="bbox 1827 5469 3417 5545; baseline -0.001 -20"><span class='ocrx_word' id='word_1_917' title='bbox 1827 5483 2090 5545; x_wconf 81' lang='lat' dir='ltr'><strong>gumento</strong></span> <span class='ocrx_word' id='word_1_918' title='bbox 2116 5469 2519 5545; x_wconf 61' lang='lat' dir='ltr'><strong>estdustinum</strong></span> <span class='ocrx_word' id='word_1_919' title='bbox 2536 5485 2655 5545; x_wconf 83' lang='lat' dir='ltr'><strong>non</strong></span> <span class='ocrx_word' id='word_1_920' title='bbox 2678 5473 2756 5545; x_wconf 72' lang='lat' dir='ltr'><strong>de</strong></span> <span class='ocrx_word' id='word_1_921' title='bbox 2781 5469 3011 5545; x_wconf 67' lang='lat' dir='ltr'><strong>teter-na,</strong></span> <span class='ocrx_word' id='word_1_922' title='bbox 3054 5474 3149 5527; x_wconf 87' lang='lat' dir='ltr'><strong>sed</strong></span> <span class='ocrx_word' id='word_1_923' title='bbox 3171 5471 3249 5545; x_wconf 90' lang='lat' dir='ltr'><strong>_de</strong></span> <span class='ocrx_word' id='word_1_924' title='bbox 3274 5483 3417 5545; x_wconf 76' lang='lat' dir='ltr'><strong>tem-</strong></span> 
     </span>
    </p>
   </div>
   <div class='ocr_carea' id='block_1_119' title="bbox 1829 5540 3417 5613">
    <p class='ocr_par' dir='ltr' id='par_1_119' title="bbox 1829 5540 3417 5613">
     <span class='ocr_line' id='line_1_119' title="bbox 1829 5540 3417 5613; baseline -0.001 -19"><span class='ocrx_word' id='word_1_925' title='bbox 1829 5540 2047 5610; x_wconf 81' lang='lat' dir='ltr'><strong>poraria</strong></span> <span class='ocrx_word' id='word_1_926' title='bbox 2077 5543 2168 5595; x_wconf 80' lang='lat' dir='ltr'><strong>Dei</strong></span> <span class='ocrx_word' id='word_1_927' title='bbox 2200 5542 2479 5598; x_wconf 81' lang='lat' dir='ltr'><strong>locutione</strong></span> <span class='ocrx_word' id='word_1_928' title='bbox 2507 5540 2686 5613; x_wconf 52' lang='lat' dir='ltr'><strong>loqui.&quot;</strong></span> <span class='ocrx_word' id='word_1_929' title='bbox 2730 5542 2792 5597; x_wconf 74' lang='lat'><strong>2°</strong></span> <span class='ocrx_word' id='word_1_930' title='bbox 2830 5542 3121 5612; x_wconf 77' lang='lat' dir='ltr'><strong>Postquam</strong></span> <span class='ocrx_word' id='word_1_931' title='bbox 3164 5540 3417 5613; x_wconf 78' lang='lat' dir='ltr'><strong>Justinus</strong></span> 
     </span>
    </p>
   </div>
   <div class='ocr_carea' id='block_1_120' title="bbox 1829 5611 3416 5687">
    <p class='ocr_par' dir='ltr' id='par_1_120' title="bbox 1829 5611 3416 5687">
     <span class='ocr_line' id='line_1_120' title="bbox 1829 5611 3416 5687; baseline -0.002 -20"><span class='ocrx_word' id='word_1_932' title='bbox 1829 5614 2141 5667; x_wconf 77' lang='lat' dir='ltr'><strong>Salomonis</strong></span> <span class='ocrx_word' id='word_1_933' title='bbox 2208 5614 2423 5687; x_wconf 72' lang='lat' dir='ltr'><strong>ineunt</strong></span> <span class='ocrx_word' id='word_1_934' title='bbox 2462 5611 2692 5687; x_wconf 58' lang='lat' dir='ltr'><strong>t_:_;uliti</strong></span> <span class='ocrx_word' id='word_1_935' title='bbox 2744 5632 2765 5665; x_wconf 78' lang='grc' dir='ltr'><strong>ι</strong></span> <span class='ocrx_word' id='word_1_936' title='bbox 2829 5611 3119 5687; x_wconf 61' lang='lat' dir='ltr'><strong>Dominus</strong></span> <span class='ocrx_word' id='word_1_937' title='bbox 3162 5611 3416 5687; x_wconf 80' lang='lat' dir='ltr'><strong>condidit</strong></span> 
     </span>
    </p>
   </div>
   <div class='ocr_carea' id='block_1_121' title="bbox 1829 5683 3416 5752">
    <p class='ocr_par' dir='ltr' id='par_1_121' title="bbox 1829 5683 3416 5752">
     <span class='ocr_line' id='line_1_121' title="bbox 1829 5683 3416 5752; baseline -0.001 -15"><span class='ocrx_word' id='word_1_938' title='bbox 1829 5700 1937 5745; x_wconf 89' lang='lat' dir='ltr'><strong>me,</strong></span> <span class='ocrx_word' id='word_1_939' title='bbox 1967 5703 1985 5735; x_wconf 80' lang='grc' dir='ltr'><strong>ι</strong></span> <span class='ocrx_word' id='word_1_940' title='bbox 2019 5692 2151 5747; x_wconf 90' lang='lat' dir='ltr'><strong>etc.,</strong></span> <span class='ocrx_word' id='word_1_941' title='bbox 2176 5683 2455 5752; x_wconf 72' lang='lat' dir='ltr'><strong>subjungit</strong></span> <span class='ocrx_word' id='word_1_942' title='bbox 2487 5684 2618 5741; x_wconf 81' lang='lat' dir='ltr'><strong>illud</strong></span> <span class='ocrx_word' id='word_1_943' title='bbox 2652 5683 2956 5743; x_wconf 43' lang='lat' dir='ltr'><strong>Genesisﬁ</strong></span> <span class='ocrx_word' id='word_1_944' title='bbox 2996 5683 3287 5739; x_wconf 77' lang='lat' dir='ltr'><strong>Faciamus</strong></span> <span class='ocrx_word' id='word_1_945' title='bbox 3315 5684 3416 5736; x_wconf 82' lang='lat' dir='ltr'><strong>hn-</strong></span> 
     </span>
    </p>
   </div>
   <div class='ocr_carea' id='block_1_122' title="bbox 1828 5752 3413 5821">
    <p class='ocr_par' dir='ltr' id='par_1_122' title="bbox 1828 5752 3413 5821">
     <span class='ocr_line' id='line_1_122' title="bbox 1828 5752 3413 5821; baseline -0.002 -14"><span class='ocrx_word' id='word_1_946' title='bbox 1828 5754 2053 5819; x_wconf 87' lang='lat' dir='ltr'><strong>minctn,</strong></span> <span class='ocrx_word' id='word_1_947' title='bbox 2092 5772 2112 5805; x_wconf 75' lang='grc' dir='ltr'><strong>ι</strong></span> <span class='ocrx_word' id='word_1_948' title='bbox 2150 5759 2294 5821; x_wconf 78' lang='lat' dir='ltr'><strong>quod</strong></span> <span class='ocrx_word' id='word_1_949' title='bbox 2330 5772 2348 5804; x_wconf 81' lang='grc' dir='ltr'><strong>ι</strong></span> <span class='ocrx_word' id='word_1_950' title='bbox 2381 5757 2576 5809; x_wconf 81' lang='lat' dir='ltr'><strong>eodem</strong></span> <span class='ocrx_word' id='word_1_951' title='bbox 2615 5770 2776 5811; x_wconf 85' lang='lat' dir='ltr'><strong>sensu</strong></span> <span class='ocrx_word' id='word_1_952' title='bbox 2832 5775 2851 5808; x_wconf 70' lang='grc' dir='ltr'><strong>ι</strong></span> <span class='ocrx_word' id='word_1_953' title='bbox 2880 5756 3084 5810; x_wconf 84' lang='lat' dir='ltr'><strong>dictum</strong></span> <span class='ocrx_word' id='word_1_954' title='bbox 3130 5752 3413 5807; x_wconf 78' lang='lat' dir='ltr'><strong>existimat</strong></span> 
     </span>
    </p>
   </div>
   <div class='ocr_carea' id='block_1_123' title="bbox 1826 5826 3415 5880">
    <p class='ocr_par' dir='ltr' id='par_1_123' title="bbox 1826 5826 3415 5880">
     <span class='ocr_line' id='line_1_123' title="bbox 1826 5826 3415 5880; baseline -0.003 -1"><span class='ocrx_word' id='word_1_955' title='bbox 1826 5826 1885 5879; x_wconf 77' lang='lat'><strong>3°</strong></span> <span class='ocrx_word' id='word_1_956' title='bbox 1928 5826 2236 5880; x_wconf 78' lang='lat' dir='ltr'><strong>Salomonis</strong></span> <span class='ocrx_word' id='word_1_957' title='bbox 2284 5827 2657 5880; x_wconf 84' lang='lat' dir='ltr'><strong>testimonium</strong></span> <span class='ocrx_word' id='word_1_958' title='bbox 2694 5826 2861 5879; x_wconf 79' lang='lat' dir='ltr'><strong>refert</strong></span> <span class='ocrx_word' id='word_1_959' title='bbox 2899 5827 2967 5879; x_wconf 82' lang='lat' dir='ltr'><strong>ad</strong></span> <span class='ocrx_word' id='word_1_960' title='bbox 3021 5826 3208 5880; x_wconf 89' lang='lat' dir='ltr'><strong>mundi</strong></span> <span class='ocrx_word' id='word_1_961' title='bbox 3258 5837 3415 5877; x_wconf 77' lang='lat' dir='ltr'><strong>crea-</strong></span> 
     </span>
    </p>
   </div>
   <div class='ocr_carea' id='block_1_124' title="bbox 1831 5888 3411 5969">
    <p class='ocr_par' dir='ltr' id='par_1_124' title="bbox 1831 5888 3411 5969">
     <span class='ocr_line' id='line_1_124' title="bbox 1831 5888 3411 5969; baseline -0.001 -19"><span class='ocrx_word' id='word_1_962' title='bbox 1831 5893 2051 5962; x_wconf 84' lang='lat' dir='ltr'><strong>tionem,</strong></span> <span class='ocrx_word' id='word_1_963' title='bbox 2108 5910 2172 5951; x_wconf 86' lang='lat' dir='ltr'><strong>ac</strong></span> <span class='ocrx_word' id='word_1_964' title='bbox 2216 5888 2414 5951; x_wconf 82' lang='lat' dir='ltr'><strong>Filium</strong></span> <span class='ocrx_word' id='word_1_965' title='bbox 2458 5911 2563 5952; x_wconf 90' lang='lat' dir='ltr'><strong>non</strong></span> <span class='ocrx_word' id='word_1_966' title='bbox 2596 5896 2919 5967; x_wconf 80' lang='lat' dir='ltr'><strong>simpliciter</strong></span> <span class='ocrx_word' id='word_1_967' title='bbox 2959 5901 3205 5969; x_wconf 81' lang='lat' dir='ltr'><strong>genitum</strong></span> <span class='ocrx_word' id='word_1_968' title='bbox 3254 5894 3411 5961; x_wconf 88' lang='lat' dir='ltr'><strong>dicit,</strong></span> 
     </span>
    </p>
   </div>
  </div>
