4108 6420
133 395 256 453 617

1148 380 1494 440 οιΑιοαυε
1532 378 1676 436 CUM
1720 373 2098 434 TRYPIONR
2133 375 2380 433 11)le

3311 381 3414 437 6!!

215 510 310 566 62.
346 509 457 563 Καὶ
471 507 626 561 τοῦτο
639 503 790 564 αὐτὸ,
808 495 852 555 ὣ
871 501 1034 570 (pilai,
1074 496 1192 554 εἷπε
1220 503 1314 554 καὶ
1336 497 1423 552 διὰ
1440 494 1717 556 Μωσέωςέ

1904 489 1994 542 62.
2028 488 2196 552 Illud,
2234 513 2251 538 ι
2299 487 2591 542 Faciamus
2638 490 2920 552 hominem,
2955 511 2974 543 ο
3012 497 3411 550 masculinum

131 604 244 661 τοῦ
261 605 393 659 Θεοῦ
409 603 582 673 λόγος,
606 601 825 674 μηνύων
846 598 1064 672 ἡμῖν,ὃν
1085 597 1318 668 ἐδήλωσε
1338 595 1467 666 (85),
1486 593 1576 647 τὸν
1589 591 1725 646 Θεὸν

131 700 331 770 λέγειν
349 696 682 768 τούτῳαΰτῷ
711 695 1031 767 τῷνοήματι
1054 693 1164 758 (86)
1199 693 1292 745 ἐπὶ
1329 690 1428 761 τῆς
1452 689 1724 759 ποιήσεως

132 794 240 848 τοῦ
275 790 558 861 ἀνθρώπου
579 831 593 852 ,
625 789 796 858 λέγων
830 787 1029 843 ταῦτα·
1053 807 1070 837 ι
1098 788 1419 857 Ποιήσωμεν
1441 783 1724 856 ἄνθρωπον

133 885 272 938 κατ’
299 882 480 936 εἰκόνα
505 880 776 952 ἡμετέραν
799 879 891 932 καλ⁵
911 879 1032 933 καθ’
1055 878 1331 950 ὁμοίωσιν.
1363 876 1473 930 Καὶ
1491 875 1727 948 ἀρχέτω-

134 990 248 1027 trav
281 973 388 1026 τῶν
419 971 613 1042 ἰχθύων
637 972 732 1041 τῆς
763 968 1059 1038 θαλᾶσσης,
1095 970 1188 1022 καὶ
1223 969 1330 1022 τῶν
1351 969 1609 1021 πετεινῶν
1629 967 1724 1022 τοῦ

127 1065 400 1138 οὐρανοῦ,
457 1065 548 1118 καὶ
594 1063 700 1116 τῶν
739 1063 971 1134 κτηνῶν,
1021 1063 1114 1116 καὶ
1144 1065 1321 1133 πάσης
1346 1063 1444 1133 τῆς
1475 1062 1596 1133 γῆς,
1633 1062 1726 1115 καὶ

133 1154 369 1206 πάντων
421 1153 528 1206 τῶν
587 1151 832 1224 ἑρπετῶν
878 1152 985 1205 τῶν
1021 1152 1296 1223 ἑρπόντων
1344 1153 1436 1205 ἐπὶ
1470 1153 1568 1222 τῆς
1600 1151 1721 1222 γῆς’

131 1245 254 1298 Καὶ
291 1246 545 1316 ἐποίησεν
578 1244 755 1308 ὁΘεὺς
788 1244 878 1298 τὸν
900 1243 1211 1318 ἄνθρωπον·
1238 1247 1353 1298 κατ’
1388 1246 1570 1299 εἰκόνα
1588 1245 1722 1299 Θεοῦ

132 1340 404 1408 ἐποίησεν
459 1337 649 1391 αὐτόν’
687 1338 853 1410 ἄρσεν
880 1337 973 1390 καὶ
1018 1337 1151 1408 θῆλυ
1207 1338 1462 1410 ἐποίησεν
1505 1339 1720 1403 αὐτούς.

128 1430 251 1483 Καὶ
287 1429 577 1500 εὐλόγησεν
597 1431 624 1481 ὁ
656 1428 786 1490 θεὸς
819 1426 1034 1490 αὐτοὺς,
1067 1426 1266 1495 λέγων·
1302 1427 1600 1492 Λὺξάνεσθε
1632 1429 1724 1481 καὶ

131 1522 504 1592 πληθύνεσθε,
566 1521 657 1574 καὶ
708 1519 1033 1590 πληρώσατε
1067 1521 1165 1592 τὴν
1197 1520 1320 1590 γῆν,
1355 1521 1446 1574 κα)⁹
1485 1538 1724 1575 κατακυ-

135 1613 394 1684 ριεύσατε
430 1613 620 1682 αὐτῆς.
653 1633 670 1664 ι
727 1614 831 1666 Καὶ
873 1615 1022 1677 ὅπως
1075 1613 1149 1685 μὴ
1189 1613 1546 1678 ἀλλάσσοντες
1600 1616 1726 1678 τοὺς

129 1704 603 1776 προλελεγμένους
623 1705 832 1774 λόγους,
857 1709 1038 1759 ἐκεῖνα
1058 1706 1251 1777 λέγητε
1283 1707 1318 1761 ἃ.
1343 1710 1390 1760 οἱ
1420 1706 1726 1762 διδάσκαλοι

128 1796 294 1868 ὑμῶν
345 1798 609 1866 λέγουσιν,
647 1799 678 1869 ἢ
715 1800 796 1852 ὅτι
851 1799 986 1868 πρὸς
1042 1798 1234 1852 ἑαυτὸν
1291 1800 1473 1868 έλεγεν
1509 1803 1538 1854 ό
1570 1801 1722 1866 Θεὸς,

1841 577 2245 634 Proverbiorum
2295 579 2616 634 restintonio.
2639 610 2711 620 —-
2736 581 2847 636 Hoc
2879 584 3078 651 ipsum,
3107 585 3290 651 amici,
3317 601 3414 656 pe.‘

1839 677 2076 746 Moysent
2100 691 2318 744 quoque
2344 674 2559 729 divinus
2587 691 2768 730 sermo
2799 678 3132 746 przedicavit,
3167 679 3415 734 indicans

1835 767 1995 820 nobis
2031 765 2097 818 ad
2132 781 2279 830 eum,
2307 781 2470 834 quem
2510 766 2932 827 demonstravit.
2972 766 3086 820 hzec
3125 782 3156 820 a
3213 766 3322 822 Deo
3360 768 3413 820 in

1833 855 2244 927 1590alndem
2263 871 2485 925 prorsus
2497 859 2930 913 scntentiamdici
2946 859 2997 912 in
3015 859 3247 913 hominis
3262 876 3416 914 crea—

1826 949 1992 1002 tione.
2035 967 2053 1000 ι
2095 947 2381 1003 Faciamus
2412 948 2688 1003 hominem
2731 952 2802 1004 ad
2840 951 3126 1020 imaginem
3169 962 3411 1006 nostram

1828 1050 1884 1094 et
1913 1041 1981 1093 ad
2018 1040 2458 1097 similitudinem.
2517 1040 2582 1093 Et
2627 1041 2860 1096 habeam
2908 1043 3272 1112 principatum
3327 1044 3411 1112 pi-

1828 1134 2000 1186 scium
2048 1135 2233 1198 maris,
2289 1144 2345 1188 et
2399 1132 2694 1186 volatilinm
2748 1135 2893 1196 cuzli,
2953 1147 3006 1188 et
3043 1152 3318 1204 pecorum,
3359 1149 3415 1192 et

1825 1228 2006 1280 omnis
2033 1235 2210 1288 teme,
2244 1237 2298 1279 et
2321 1229 2560 1280 otnuium
2587 1229 2860 1296 reptilium
2898 1230 3198 1297 rcpcutium
3251 1245 3414 1299 super

1829 1326 2053 1372 terram.
2087 1317 2151 1371 Et
2191 1318 2317 1372 fecit
2351 1321 2488 1373 Deus
2519 1321 2836 1374 hominem:
2869 1324 2932 1373 :td
2985 1313 3270 1390 ima'ginent
3316 1322 3412 1376 Dei

1829 1410 1956 1466 fecit
1979 1427 2132 1465 eum:
2176 1413 2473 1466 masculum
2503 1423 2556 1467 et
2596 1413 2853 1467 feminam
2902 1414 3030 1466 fecit
3064 1430 3178 1467 eos.
3223 1415 3286 1467 Et
3322 1415 3413 1467 he-

1831 1504 2038 1558 nedixil
2084 1520 2178 1559 cos
2229 1505 2391 1571 Deus,
2426 1507 2648 1560 dicens:
2681 1506 2946 1570 Crescite,
2983 1519 3038 1562 et
3072 1507 3404 1576 multiplica-

1830 1596 1986 1660 mini,
2013 1606 2068 1650 et
2121 1599 2325 1666 replete
2366 1609 2566 1652 terram
2609 1607 2666 1652 et
2711 1600 3066 1652 dominamini
3103 1599 3153 1653 ei
3183 1600 3250 1655 ⁷⁷.
3285 1619 3303 1650 ι
3333 1602 3412 1652 Ar.

1831 1701 1900 1740 ne
1937 1686 2098 1739 allata
2131 1703 2158 1740 a
2200 1701 2288 1740 me
2331 1689 2494 1742 verba
2547 1689 2919 1752 iumtutantes,
2958 1690 3098 1744 idem
3132 1689 3325 1744 dicatis
3349 1709 3411 1741 at:

1831 1777 2079 1846 magistri
2119 1779 2310 1842 vestri,
2351 1779 2434 1832 vel
2467 1795 2652 1833 secum
2690 1781 2894 1835 ιΙίχιεειε
2930 1781 3121 1843 θνιιιιι,
3159 1799 3177 1831 ι
3222 1781 3411 1834 Facia-

131 1909 156 1939 ‹
201 1890 564 1958 Ποιήσωμεν,
621 1909 638 1940 ι
693 1891 875 1942 ὁποῖον
934 1889 1026 1944 καὶ
1077 1894 1272 1961 ἡμεῖς,
1338 1893 1621 1963 μέλλοντές
1669 1913 1717 1947 τι

1829 1886 1971 1934 mus,
2003 1890 2020 1922 ι
2048 1874 2506 1940 quemadmodum
2545 1885 2598 1927 et
2639 1891 2740 1927 nos
2766 1874 2968 1942 aliquid
3022 1875 3215 1928 facturi
3269 1893 3409 1944 scept-

129 1986 335 2044 ποιεῖν,
380 1980 637 2044 πολλάκις
685 1982 821 2052 πρὸς
871 1983 1096 2046 ἑαυτοὺς
1145 1983 1390 2054 λέγομεν,
1418 2003 1436 2036 ι
1472 1986 1720 2057 Ποιήσω-

133 2090 295 2142 μεν.»
338 2071 471 2142 ἣὸτι
495 2071 605 2138 (87)
639 2071 776 2140 πρὸς
810 2071 876 2123 τὰ
910 2074 1166 2141 στοιχεῖα,
1203 2073 1446 2125 τουτέστι
1485 2073 1582 2143 τὴν
1619 2073 1724 2142 γῆν

126 2167 228 2217 καὶ
263 2165 333 2217 τὰ
383 2163 514 2217 ἄλλα
549 2163 768 2233 ὁμοίως,
807 2163 863 2229 ἐξ
903 2158 976 2216 ὧν
1023 2166 1250 2234 νοοῦμεν
1319 2166 1408 2218 τὸν
1442 2165 1723 2237 ἄνθρωπον

130 2257 443 2326 γεγονέναι,
484 2257 615 2309 Θεὸν
653 2257 957 2327 εἰρηκέναι,
999 2277 1016 2308 ι
1065 2259 1412 2328 Ποιήσωμεν
1461 2277 1478 2309 ι
1533 2258 1724 2325 λόγους

132 2351 263 2412 τοὺς
291 2347 614 2420 εἰρημένους
657 2347 746 2399 ὑπ’
775 2347 937 2399 αὑτοῦ
980 2348 1071 2400 τοῦ
1105 2349 1345 2411 Μωσέως
1380 2349 1539 2401 πάλιν
1585 2351 1725 2402 ἱστο-

139 2441 314 2509 ρήσω,
352 2439 410 2504 ἐξ
437 2433 510 2492 ὧν
551 2437 968 2508 ἀναμφιλέκτως
1016 2439 1150 2509 πρὸς
1193 2439 1316 2492 τινὰ
1361 2439 1452 2492 καὶ
1506 2439 1724 2510 ἀριθμῷ

135 2532 268 2583 εντα
299 2531 508 2602 ἓτερον,
550 2530 766 2597 λογικὸν
801 2529 1138 2600 ὑπάρχοντα,
1184 2525 1518 2602 ὡμιληκέναι
1564 2531 1724 2584 αὑτὸν

136 2623 439 2690 ἐπιγνῶναι
477 2623 684 2692 ἔχομεν.
721 2622 839 2674 Εἰσὶ
861 2622 916 2675 δὲ
950 2625 996 2675 οἱ
1025 2623 1170 2691 λόγοι
1196 2617 1340 2676 οὗτοι
1360 2640 1374 2652 ·
1403 2643 1420 2673 ι
1448 2624 1552 2677 Καὶ
1574 2620 1724 2677 εἶπεν

131 2715 162 2767 6
208 2714 363 2778 Θεός
407 2715 536 2767 Ἰδοὺ
560 2714 730 2784 Ἀδὰμ
751 2715 972 2782 γέγονεν
1009 2715 1084 2778 ὡς
1117 2711 1196 2779 εἷς
1223 2717 1280 2782 ἐξ
1314 2715 1488 2786 ἡμῶν,
1529 2717 1622 2770 τοῦ
1639 2735 1723 2786 γι-

135 2805 369 2861 νώσκειν
411 2807 574 2860 καλὸν
605 2808 698 2860 καὶ
738 2807 988 2877 πονηρόν.
1015 2827 1032 2857 ι
1061 2808 1267 2861 Οὐκοῦν
1295 2807 1402 2881 (88)
1430 2808 1620 2873 εἰπὼν,
1644 2811 1724 2876 ὡς

133 2900 223 2965 εἰς
255 2899 327 2962 ἐξ
357 2897 541 2967 ἡμῶν,
581 2900 672 2952 καὶ
709 2898 936 2970 ἀριθμὸν
995 2898 1378 2970 τῶν-ἀλλήλοις
1428 2900 1718 2963 συνόντων,

138 2990 231 3042 καὶ
266 2988 326 3040 τὸ
361 2990 636 3060 ἐλάχιστον
671 2989 782 3053 δύο,
827 2990 1156 3061 μεμήνυκεν.
1204 2991 1279 3044 Οὐ
1322 2991 1450 3060 γὰρ,
1503 2992 1640 3064 ὅπερ
1686 2993 1720 3060 ἡ

136 3084 268 3152 παρ’
305 3082 434 3152 ὑμῖν
466 3080 574 3151 (89)
608 3081 872 3152 λεγομένη
910 3081 1120 3152 αἵρεσις
1169 3081 1504 3152 δογματίζει,
1554 3083 1720 3154 φαίην

138 3174 206 3227 ἂν
236 3172 348 3240 ἐγὼ
375 3172 568 3244 ἀληθὲς
598 3168 756 3235 εἶναι,
792 3173 892 3244 ἢοξ
928 3173 1141 3243 ἐκείνης
1175 3172 1485 3227 διδάσκαλοι
1508 3175 1722 3228 ἀποδεῖ-

1828 1963 2084 2028 dicimus,
2125 1982 2142 2014 ι
2178 1963 2501 2030 Faciamus;
2544 1984 2564 2017 ο
2599 1965 2681 2019 vel
2713 1966 3016 2030 elementis,
3050 1967 3099 2019 id
3131 1977 3213 2019 est
3251 1977 3408 2022 terra:

1827 2064 1880 2108 et
1931 2056 2142 2110 caeteris
2194 2057 2472 2122 similiter,
2509 2074 2574 2111 ex
2609 2059 2807 2126 quibus
2863 2059 3135 2114 hominem
3201 2060 3405 2114 factum

1831 2146 2203 2216 intelligimus,
2242 2149 2408 2202 Deum
2462 2150 2710 2208 dixisse:
2773 2169 2790 2201 ι
2831 2151 3162 2218 Faciamus;
3201 2171 3218 2203 ι
3261 2152 3378 2220 cjus

1825 2239 1946 2294 dem
1985 2241 2188 2312 Moysis
2216 2243 2358 2296 dicta
2397 2259 2586 2298 rursus
2631 2244 2857 2298 alierum
2892 2262 2957 2299 ex
2990 2248 3207 2315 quibus,
3247 2249 3405 2301 dubi-

1829 2335 2032 2388 tatione
2060 2336 2209 2388 omni
2251 2336 2541 2403 prteclusa,
2567 2352 2688 2388 cuttt
2727 2353 2846 2388 cum
2871 2339 3074 2407 aliquo,
3106 2341 3195 2407 qui
3225 2349 3283 2394 et
3308 2357 3406 2392 na-

1825 2442 1979 2480 mero
2015 2428 2150 2482 alter
2186 2429 2276 2486 sit.
2303 2438 2355 2482 et
2385 2429 2683 2494 ralionalis,
2727 2431 3048 2482 collocutum
3076 2449 3405 2501 cognoscere.

1825 2535 2133 2588 possumus.
2173 2522 2262 2575 Sic
2299 2532 2478 2574 autem
2506 2522 2705 2577 habent
2736 2526 2847 2576 lucc
2885 2525 3080 2578 verba:
3122 2544 3140 2575 ι
3187 2525 3406 2580 Etdixit

1830 2609 2002 2664 Deus:
2031 2612 2170 2666 Ecce
2211 2615 2378 2666 Adam
2417 2616 2593 2668 factus
2627 2625 2702 2667 est
2738 2619 2893 2684 quasi
2933 2635 3069 2670 lllItIS
3105 2634 3169 2670 ex
3228 2621 3404 2677 nobis.

1827 2714 1878 2756 ut
1927 2707 2065 2760 sciat
2120 2708 2318 2760 bonum
2366 2719 2420 2761 et
2468 2709 2664 2763 malum
2693 2712 2758 2766 ⁷⁸.
2811 2729 2829 2762 ι
2892 2712 3024 2765 Dum
3061 2729 3191 2779 ergo
3251 2715 3403 2776 dicit,

1831 2813 1849 2846 ι
1885 2793 2046 2862 Quasi
2079 2813 2218 2852 unus
2251 2814 2314 2851 ex
2353 2801 2529 2864 nobis,
2564 2819 2583 2852 ι
2624 2810 2678 2854 et
2725 2818 3007 2856 numerum
3045 2821 3258 2868 eorum,
3305 2810 3397 2874 qui

1829 2890 1968 2943 inter
2011 2905 2068 2943 se
2108 2893 2383 2960 conjuncti
2422 2895 2552 2958 sint,
2589 2905 2643 2948 et
2676 2895 2866 2947 saltem
2906 2898 3041 2950 duos
3087 2899 3400 2952 declaravit.

1827 2979 2012 3050 Neque
2041 2985 2183 3036 enim
2214 2988 2354 3052 quod
2385 2986 2497 3048 illa,
2537 3001 2661 3054 qua:
2703 2991 2842 3054 apud
2869 3004 2966 3042 vos
2992 2991 3210 3054 dicitur,
3236 2994 3404 3045 haere-

1828 3071 1903 3126 sis
1937 3073 2202 3137 decernit,
2236 3076 2288 3128 id
2316 3091 2418 3146 ego
2443 3092 2628 3130 verum
2657 3094 2779 3130 esse
2824 3080 3272 3144 existimaverim,
3312 3098 3405 3136 aut

1827 3163 1944 3232 ejus
1974 3167 2215 3235 magistri
2243 3169 2293 3220 id
2324 3169 2700 3222 demonstrare
2732 3173 2962 3238 possint,
3000 3189 3192 3242 nempe
3242 3193 3407 3245 ange-

137 3264 228 3330 ξαι
287 3266 563 3326 δύνανται,
616 3265 697 3318 ὃτι
754 3262 1007 3332 ἀγγέλοις
1047 3263 1250 3332 ἔλεγεν,
1283 3265 1314 3335 ἢ
1344 3266 1426 3318 ὅτι
1474 3266 1717 3334 ἀγγέλων

1829 3260 1906 3315 los
1926 3276 2048 3316 eum
2076 3261 2393 3326 allocutum,
2421 3273 2514 3316 aut
2539 3267 2855 3334 angelorum
2891 3282 3024 3334 opus
3050 3284 3170 3321 esse
3205 3284 3405 3338 col-pus

136 3359 352 3429 ποίημα
377 3355 447 3429 ἦν
494 3358 553 3412 τὸ
580 3358 739 3427 σῶμα
768 3357 829 3410 τὸ
874 3355 1232 3428 ἀνθρώπειον.
1286 3358 1447 3411 Ἀλλὰ
1474 3359 1632 3412 τοῦτο
1659 3360 1718 3412 τὸ

137 3452 216 3520 τῷ
253 3452 365 3504 ὄντι
383 3451 489 3503 ἀπὸ
528 3451 622 3502 τοῦ
653 3452 864 3524 Πατρός
912 3448 1216 3524 προϐληθὲν
1280 3451 1525 3522 γέννημα
1581 3451 1714 3522 (90),

140 3543 248 3613 τῷ
302 3542 517 3596 πάντων
575 3543 680 3594 τῶν
743 3542 1056 3613 ποιημάτων
1102 3543 1265 3613 συνῆν
1297 3542 1374 3613 τῷ
1396 3543 1590 3614 Πατρὶ,
1625 3543 1718 3596 καὶ

135 3633 318 3702 τούτῳ
347 3635 376 3686 ό
411 3634 598 3704 Πατὴρ
633 3633 952 3704 προσομιλεῖ
987 3633 1118 3704 (91),
1148 3633 1224 3696 ὠς
1259 3635 1287 3686 ό
1317 3632 1472 3700 λόγος
1498 3633 1586 3686 διὰ
1621 3633 1715 3686 τοῦ

212 3752 258 3783 "
297 3751 436 3806 Gen.
473 3769 508 3812 ι,
533 3751 703 3806 26-28
776 3749 824 3783 ⁷⁸
856 3750 992 3805 Gen.
1024 3763 1108 3813 ιιι,
1133 3749 1218 3804 ιε.

359 3864 461 3915 Ὃν
486 3861 789 3935 ἐδήλωσε,
812 3860 1075 3914 Nimirum
1122 3857 1390 3935 Justinus,
1418 3875 1542 3935 cum
1578 3861 1715 3935 ver-

143 3930 274 3990 buin
309 3930 512 3986 'mundi
559 3933 888 4000 principium
917 3949 1038 3984 esse
1081 3940 1330 3991 censeat,
1378 3930 1462 3984 his
1512 3931 1710 3990 verbis.

146 4023 171 4057 ε
217 4005 268 4058 in
317 4003 606 4072 principio,
652 4021 671 4054 ι
715 4002 952 4057 Verbum
992 4021 1020 4054 a
1071 4001 1274 4071 Moyse,
1319 4011 1375 4054 ut
1420 4002 1574 4055 multi
1622 4004 1712 4056 alii

140 4076 463 4142 scriptores,
511 4073 734 4127 indicari
783 4073 1080 4128 existimat.
1132 4074 1281 4127 Unde
1324 4072 1489 4126 etiam
1542 4076 1616 4126 ait
1661 4075 1712 4126 in

143 4146 298 4215 Apol.
329 4161 369 4205 ι,
404 4161 556 4198 num.
591 4143 685 4207 25,
727 4142 962 4214 Moysem
987 4143 1271 4196 declarare
1302 4143 1534 4196 Verbum
1565 4164 1582 4188 σ
1609 4144 1714 4197 Deo

145 4220 572 4287 primogenitum
605 4229 758 4287 esse.
782 4234 798 4264 ι
832 4215 894 4287 Si_
919 4215 1004 4266 cui
1059 4225 1265 4287 taurea
1287 4215 1464 4266 minus
1495 4215 1715 4283 placeat

148 4283 262 4341 inec
307 4287 613 4354 explicandi
659 4285 837 4348 ratio,
883 4284 1025 4355 legat
1067 4283 1127 4336 ὃν
1160 4284 1437 4355 ἐδήλωσα,
1483 4303 1501 4335 ι
1552 4301 1712 4355 quem

145 4358 538 4411 demonstravi.
571 4375 588 4406 ι

213 4427 325 4496 (86)
369 4429 558 4491 Τούτῳ
591 4426 749 4492 αὐτῷ
777 4425 855 4491 τῷ
883 4424 1157 4495 νοήματι.
1192 4425 1249 4480 Si
1279 4425 1428 4487 illttd,
1469 4445 1489 4478 ι
1520 4426 1714 4480 Facia-

147 4514 286 4562 mus,
319 4518 336 4548 ι
377 4501 510 4551 idem
546 4513 763 4564 prorsus
793 4500 933 4551 valet
967 4514 1029 4550 ac
1055 4497 1242 4550 eodem
1300 4512 1459 4549 sensu
1508 4500 1710 4551 dictum

146 4578 249 4632 est,
287 4585 350 4622 ac
399 4570 562 4621 illud:
603 4586 621 4618 ι
667 4568 926 4621 Dominus
974 4568 1215 4621 condidit
1249 4582 1332 4620 me
1384 4568 1708 4635 principium

1825 3355 2142 3409 btmtanum.
2183 3357 2287 3410 Sed
2329 3358 2440 3409 haec
2461 3359 2574 3426 ipsa
2603 3373 2728 3412 vere
2757 3375 2822 3412 ex
2857 3358 3016 3414 Patre
3047 3361 3254 3429 prolata
3283 3379 3403 3431 pro-

1823 3447 2030 3516 genies,
2063 3458 2189 3502 ante
2237 3465 2322 3503 res
2356 3463 2545 3505 mones
2576 3462 2797 3505 creatas
2832 3468 2937 3505 una
2968 3464 3090 3506 erat
3126 3470 3247 3507 cum
3289 3455 3394 3508 Pa-

1821 3550 1925 3604 tre,
1961 3551 2016 3594 et
2048 3557 2168 3595 cunt
2216 3556 2280 3596 ea
2336 3541 2492 3596 Pater
2544 3544 2958 3614 colloquebatur
2993 3563 3007 3607 ;
3045 3548 3404 3614 quemadmo-

1822 3634 1950 3687 dum
1989 3632 2271 3705 Scriptura
2324 3649 2421 3706 per
2473 3638 2820 3693 Salomonem
2883 3639 3201 3707 declaravit,
3260 3642 3399 3695 hanc.

1822 3877 1944 3914 nem
1980 3859 2299 3929 angelorum
2339 3876 2477 3929 opus
2525 3877 2648 3915 esse
2678 3862 2957 3921 dixerunt,
2991 3870 3047 3912 ιιι
3082 3860 3268 3914 videre
3311 3874 3396 3915 est

1822 3934 1962 3997 apud
1999 3932 2137 3985 Iren.
2163 3947 2202 3996 I,
2237 3948 2285 3984 c.
2314 3931 2407 3986 ἓξ.
2441 3945 2494 3986 et
2523 3930 2752 3986 Tertull.
2786 3932 2859 3985 De
2896 3947 3098 3983 resurr.
3139 3933 3318 3985 carnis
3341 3948 3392 3986 c.

1816 4001 1876 4064 5,
1908 4012 1963 4057 et
1994 4003 2071 4055 De
2093 4004 2273 4056 anima
2297 4017 2350 4057 c.
2381 4003 2475 4057 25.
2504 4004 2611 4057 Sed
2642 4004 2769 4057 huic
2793 4005 3078 4057 sententiae
3117 4003 3280 4056 multa
3306 4019 3393 4056 re-

1820 4072 2079 4126 clamant.
2131 4075 2184 4125 1ο
2219 4076 2357 4126 Suas
2386 4077 2626 4129 habuere
2657 4075 2895 4128 haereses
2924 4071 3116 4134 Iudici,
3154 4089 3272 4140 qua:
3305 4088 3395 4126 no-

1819 4143 1948 4196 stris
1979 4143 2300 4204 ltzcresibus,
2331 4144 2382 4197 itt
2428 4147 2617 4213 primis
2660 4144 2954 4197 Menandro
2980 4153 3034 4195 ct
3067 4145 3384 4205 Saturnino,

1821 4216 1988 4266 multa
2031 4215 2464 4282 suppeditarunt.
2517 4217 2576 4268 ‘2-
2615 4216 2796 4277 Secta,
2834 4229 2995 4281 quam
3051 4216 3136 4266 hic
3187 4213 3386 4267 refellit

1817 4282 2089 4348 Justinus,
2127 4287 2403 4338 statuebat
2433 4289 2596 4340 Deum
2622 4286 2824 4340 dixisse
2856 4287 3096 4354 angelis:
3137 4304 3155 4335 ι
3196 4284 3391 4338 Facia-

1819 4371 1961 4418 mus,
1997 4373 2015 4406 ο
2050 4366 2158 4412 etc.
2192 4357 2263 4408 At
2294 4358 2392 4423 ipsi
2428 4357 2629 4425 angeli,
2655 4367 2815 4422 prout
2859 4357 3134 4423 tiugebant
3166 4355 3392 4409 Menan-

1817 4426 1914 4477 der
1954 4437 2006 4479 et
2040 4427 2383 4488 Saturninus,
2416 4446 2432 4476 ι
2471 4428 2743 4480 adhortati
2768 4436 2889 4481 sunt
2921 4427 3268 4493 semctipsos.
3307 4429 3392 4479 di—

1817 4507 2004 4549 centes
2031 4514 2044 4549 :
2077 4497 2362 4550 Faciamus
2411 4499 2684 4551 hominem
2735 4500 2799 4550 ad
2833 4497 3122 4563 imaginem
3152 4506 3204 4548 et
3236 4497 3389 4549 simi-

1819 4565 2124 4628 litudinem,
2166 4589 2183 4619 ›
2219 4568 2360 4621 Ireu.
2395 4572 2429 4620 Ι.
2464 4585 2500 4630 ι,
2549 4586 2669 4635 cap.
2701 4567 2791 4620 ει.
2838 4567 2895 4618 5·
2932 4567 3047 4621 Vox
3116 4566 3201 4618 illa
3237 4567 3386 4620 διδά-

148 4642 354 4692 viarunt
389 4655 630 4700 suarum,
677 4659 693 4690 ι
735 4650 792 4691 ιιι
822 4641 1094 4708 conceptis
1127 4637 1302 4691 verbis
1344 4639 1583 4691 declarat
1614 4639 1707 4692 Jn-
1743 4635 1786 4689 D
1817 4639 2002 4692 σκαλοι
2039 4638 2306 4693 ﬂabbinis
2330 4641 2533 4706 optime
2568 4641 2840 4692 convenit.
2877 4637 2967 4692 Sic
2999 4653 3090 4691 eos
3139 4641 3386 4705 pluribus

147 4711 350 4769 stinus;
385 4725 455 4762 an
494 4710 712 4762 dubium
749 4725 868 4761 esse
905 4718 1070 4776 possit
1103 4709 1231 4774 quin
1269 4709 1357 4761 Illa
1406 4713 1706 4776 generatio,

147 4796 305 4847 quant
343 4781 518 4833 Verbo
552 4778 609 4832 S.
652 4795 856 4848 martyr
893 4779 997 4832 hoc
1037 4779 1457 4850 loct_t_a_ttribttit,
1504 4795 1711 4849 nequa-

148 4846 302 4919 quam
325 4853 606 4919 productio
633 4851 702 4903 sit
734 4846 1097 4916 ergeneratio
1135 4846 1292 4901 Verbi
1325 4846 1709 4918 persona-{sed

145 4917 471 4974 Patris—cum
504 4937 567 4973 eo
599 4922 920 4974 deliberatio
969 4923 1034 4971 de
1087 4920 1272 4972 mundi
1328 4917 1630 4976 creatione.
1659 4933 1712 4974 et

145 4994 379 5059 ejusdem
431 4989 584 5044 Verbi
644 4995 707 5042 ad
743 4994 922 5058 aperis
973 4989 1311 5059 ciTectionent
1377 4994 1706 5059 progressio.

146 5058 231 5112 Sic
255 5074 415 5114 etiam
453 5064 611 5129 paulo
649 5073 789 5131 pom,
818 5061 1141 5127 colloquium
1171 5058 1349 5113 Patris
1382 5058 1502 5112 cum
1535 5062 1709 5114 Verbo

145 5136 430 5185 continuat
456 5132 700 5186 Justinus
723 5148 785 5185 ex
814 5133 898 5184 his
933 5131 1110 5183 Verbis
1161 5132 1502 5184 Salomonis:
1550 5153 1566 5182 ι
1608 5134 1708 5184 Do-

147 5206 319 5256 minus
347 5204 584 5256 (tortilidit
618 5219 723 5260 me.
764 5220 783 5253 ι
823 5216 927 5255 etc.

212 5273 322 5339 (87)
360 5275 433 5326 ’Ἡ
464 5272 669 5332 ὀτι.....
706 5272 855 5327 Θεὸν
900 5271 1216 5342 εἰρηκέναι.
1278 5271 1380 5325 γει
1425 5273 1707 5328 delendum

148 5344 267 5397 illud
301 5345 402 5406 ὅτι,
437 5347 514 5416 vel
546 5348 824 5416 legendum
859 5344 990 5408 Θεὸς
1024 5344 1233 5416 εἴρηκε,
1284 5345 1384 5396 nisi
1419 5343 1557 5396 forte
1586 5362 1709 5414 pro-

147 5427 422 5484 perantem
455 5414 727 5468 Justtnutn
777 5416 957 5468 minus
986 5414 1240 5468 accurate
1271 5417 1510 5466 Iocntutn
1541 5416 1708 5468 fatea—

146 5502 280 5556 mur.
317 5489 410 5556 Sic
441 5490 583 5538 enint
617 5504 766 5539 nunt.
799 5484 910 5540 $5:
944 5487 1066 5538 Ὅτι
1105 5486 1200 5538 καὶ
1232 5486 1425 5548 τοὺς...
1464 5484 1706 5556 σωθήσε-

147 5555 262 5609 σθαι
288 5551 458 5609 εἷπον.

214 5630 319 5694 (88)
358 5625 610 5679 Οὐκοῦν.
650 5625 925 5696 εχιυυιεη
952 5625 1180 5689 Morcll.,
1209 5623 1365 5680 Jebb.
1406 5634 1461 5678 et
1496 5624 1704 5682 Maran.

150 5698 524 5767 interrogative
555 5697 652 5748 οὐκ
677 5694 790 5760 οὖν,
828 5694 1014 5750 contra
1054 5699 1213 5750 codd.
1255 5713 1385 5749 mss".
1420 5699 1595 5749 U'r'ro.

213 5770 320 5835 (89)
367 5769 434 5820 ’11
465 5767 600 5834 παρ’
635 5770 796 5838 ὑμῖν.
834 5767 1146 5837 Legendunt
1183 5776 1502 5838 prouunttat
1525 5767 1707 5820 ΤΙιιΗ-

147 5840 312 5909 ὺίιιεὴ
349 5839 480 5911 παρ’
515 5837 678 5908 ἡμῖν,
725 5839 1146 5911 quiu_haeretici
1207 5837 1538 5911 exUJndazis
1573 5842 1704 5899 orti.

148 5906 328 5979 nempe
383 5906 712 5964 Saturninus
747 5906 808 5962 et
842 5909 1137 5962 Menander
1176 5918 1228 5963 et
1261 5906 1493 5974 Marcus,
1528 5909 1701 5962 homi—

444 6005 483 6056 Ρ
501 6026 520 6057 ι
539 6021 698 6059 rum.
760 6003 875 6060 Gtt.
923 6002 1027 6062 Vl.

1815 4708 1948 4761 locis
1972 4709 2492 4776 appellatlnstinus.
2518 4710 2574 4763 4ο
2633 4710 2868 4775 Magistri
2901 4711 2972 4760 illi
3004 4725 3108 4760 non
3135 4711 3296 4760 aliam
3319 4714 3387 4760 ob

1813 4795 2033 4833 Causam
2087 4783 2339 4834 videntur
2397 4781 2543 4839 illud,
2584 4801 2600 4830 ι
2650 4780 2953 4840 Faciamus,
2997 4797 3015 4829 ι
3056 4780 3260 4847 angelis
3306 4783 3388 4830 di-

1815 4860 1960 4903 ctum
2013 4854 2255 4913 tinxisse,
2300 4853 2400 4904 nisi
2435 4861 2491 4903 ut
2520 4852 2885 4905 testimonium
2932 4855 3243 4912 eradet-ent,
3276 4866 3385 4917 quo

1815 4937 2059 4987 persona:
2096 4923 2294 4975 divina:
2346 4925 2810 4976 demonstrantur.
2865 4921 2978 4974 Ilac
3031 4932 3210 4972 autem
3263 4932 3384 4970 nota

1814 4991 2028 5044 JutLeos
2079 4994 2238 5045 facile
2276 5010 2537 5061 aglanCU,
2576 5009 2916 5060 nequaquam
2955 5006 3082 5044 vero
3137 4992 3388 5043 Saturni-

1817 5079 1942 5114 num
1977 5074 2028 5115 et
2061 5065 2320 5116 Mart-unt.

1885 5135 1994 5202 (90)
2038 5134 2106 5187 Τὸ
2142 5133 2221 5199 τῷ
2256 5133 2380 5187 ὄντι
2534 5133 2873 5201 προϐληθὲν
2920 5131 3202 5200 γέννημα.
3252 5132 3388 5184 Vere

1813 5209 2083 5274 prolatum
2117 5206 2285 5259 fuisse
2320 5207 2549 5259 Verbum
2577 5212 2755 5265 docet,
2783 5222 2888 5256 tton
2908 5203 3048 5274 quod
3079 5215 3204 5254 ltlltt;
3239 5203 3384 5254 nasci

1812 5273 1867 5327 et
1893 5277 2141 5344 generari
2197 5278 2447 5345 crepet-it,
2493 5277 2586 5330 sed
2633 5278 2759 5343 quia
2802 5273 2934 5327 illud
2993 5273 3151 5325 l‘ater
3180 5289 3286 5324 non
3331 5282 3389 5326 ut

1813 5345 2030 5399 inanem
2066 5362 2282 5411 sonum,
2308 5353 2399 5401 sed
2427 5359 2485 5399 ut
2513 5362 2799 5414 personant
2831 5363 2858 5397 a
2896 5362 2954 5398 se
2987 5345 3306 5396 distinctum
3331 5356 3386 5398 et

1813 5417 1914 5468 sibi
1969 5418 2231 5485 :equalent
2274 5433 2402 5471 vere
2437 5420 2501 5469 ad
2553 5417 2738 5468 tttuudi
2793 5417 3123 5485 creationem
3179 5417 3383 5485 emisit.

1815 5483 2205 5541 Eodetttsensu
2241 5490 2379 5542 dixit
2410 5486 2778 5541 Tertullianus
2820 5488 2956 5538 libro
2985 5484 3182 5537 Contra
3221 5483 3384 5538 Prux.

1810 5575 1934 5627 cap.
1969 5559 2033 5612 7:
2077 5578 2095 5609 ι
2127 5559 2250 5613 Haec
2283 5572 2366 5614 est
2397 5560 2658 5612 nativitas
2688 5557 2926 5626 perfecta
2956 5558 3228 5609 sermonis
3256 5556 3384 5606 dunt

1811 5646 1877 5683 ex
1917 5633 2024 5682 Deo
2059 5631 2327 5697 procedit.
2372 5649 2389 5680 ι

1882 5702 1998 5769 (9t)
2036 5700 2416 5770 Προσομιλεῖ.
2457 5702 2688 5767 Quidam
2739 5697 3022 5767 legendum
3058 5704 3389 5766 putaverunt

1812 5773 2172 5844 προσωμίλει,
2216 5779 2309 5828 sed
2349 5777 2450 5827 bac
2475 5773 2855 5826 etttendatioue
2883 5783 3172 5837 p0ssuntus
3195 5783 3387 5835 super-

1810 5847 2018 5898 sedere.

3000 6001 3076 6059 '20
