4108 6422
185 382 307 440 ωε

1194 380 1543 437 DIALOGUS
1572 378 1719 436 CUM
1760 378 2135 436 TRYPHONE
2168 379 2435 437 ωυΑιο.

3365 386 3471 443 625

189 504 263 557 lx
295 500 403 554 τῶν
438 501 607 555 ἄλλων
631 494 707 554 ὧν
734 503 994 573 προεῖπον
1028 500 1228 571 ὁμοίως
1279 501 1367 555 διὰ
1428 502 1593 555 Δαϐὶδ
1627 502 1760 555 1e16-

1887 502 2011 555 Fiat
2042 502 2108 553 ³⁸.
2146 522 2163 553 ι
2194 500 2330 554 Aliis
2369 502 2533 554 etiam
2580 514 2644 553 ex
2681 500 2865 555 verbis
2898 503 3110 572 pariter
3157 519 3188 558 ι
3243 504 3470 571 Davide,

190 592 323 667 χθαι
350 594 545 663 λόγων,
572 597 653 648 ὅτι
683 597 778 649 ἀπ’
806 596 990 666 ἄκρων
1012 594 1119 648 τῶν
1144 596 1389 668 οὐρανῶν
1418 595 1785 667 προέρχεσθαι

189 686 441 757 ἔμελλεν,
478 688 569 739 καὶ
604 687 763 741 πάλιν
815 691 894 753 είς
928 689 1055 753 τοὺς
1093 689 1289 753 αὐτοὺς
1342 690 1542 753 τόπους
1578 690 1783 742 ἀνιέναι

191 775 488 845 ἐμηνύετο,
524 776 930 849 ἀναμνήσθητε,
961 778 1047 831 ἵνα
1071 778 1166 831 καὶ
1190 778 1321 832 Θεὸν
1351 778 1558 833 ἄνωθεν
1593 780 1785 851 προελ-

185 866 383 927 θόντα,
421 868 515 921 καὶ
550 868 834 940 ἄνθρωπον
870 872 927 922 ἐν
957 870 1266 943 ἀνθρώποις
1303 871 1598 942 γενόμενον
1641 890 1783 939 γνω-

190 958 385 1031 ρίσητε
406 977 418 989 “
464 962 555 1013 καὶ
578 961 739 1015 πάλιν
777 963 981 1015 ἐκεῖνον
1002 964 1538 1035 παραγενησόμενον,
1561 963 1620 1017 ὃν
1652 967 1784 1036 ὁρᾷν

189 1050 456 1119 μέλλουσι
505 1052 597 1105 καὶ
644 1054 939 1109 κόπτεσθαι
1001 1057 1049 1107 οἱ
1113 1057 1539 1126 ὲκκεντήσαντες
1588 1057 1773 1108 αὐτόν.

185 1141 314 1193 Εἰσὶ
348 1142 404 1194 δὲ
436 1136 579 1197 οὗτοι
600 1160 613 1173 ο
656 1162 675 1195 ι
714 1146 776 1198 υί
809 1146 1030 1217 οὐρανοὶ
1062 1146 1375 1216 διηγοῦνται
1406 1148 1567 1213 δόξαν
1600 1148 1736 1202 Θεοῦ
1762 1166 1775 1178 ·

186 1234 414 1303 ποίησιν
449 1234 505 1287 δὲ
562 1236 763 1309 χειρῶν
794 1237 957 1291 αὐτοῦ
1006 1239 1330 1308 ἀναγγέλλει
1374 1240 1434 1294 τὸ
1470 1242 1777 1313 στερέωμα.

199 1324 424 1396 Ἡμέρα
471 1329 535 1397 τῇ
594 1328 779 1399 ήμέρᾳ
837 1329 1123 1402 ἐρεύγεται
1183 1332 1355 1403 ῥῆμα,
1404 1333 1500 1386 καὶ
1558 1334 1654 1401 νὺξ
1707 1337 1775 1405 τῇ

184 1418 348 1471 νυκτὶ
367 1418 685 1488 ἀναγγέλλει
701 1420 920 1490 γνῶσιν.
943 1424 1055 1476 Ούκ
1077 1425 1183 1477 εἰσὶ
1204 1424 1385 1478 λαλιαὶ
1405 1427 1527 1480 οὐδὲ
1542 1427 1690 1497 λόγοι
1706 1423 1781 1482 ὧν

181 1510 311 1579 οὗχὶ
344 1510 631 1565 ἀκούονται
664 1515 720 1565 αί
761 1515 937 1583 φωναὶ
964 1517 1163 1570 αὐτῶν.
1196 1518 1290 1582 Εἰς
1331 1521 1511 1572 πᾶσαν
1545 1520 1641 1591 τὴν
1672 1521 1779 1591 γῆν

184 1599 414 1671 ἐξῆλθεν
448 1604 475 1655 6
510 1602 746 1672 φθόγγος
782 1605 981 1669 αὐτῶν,
1033 1610 1127 1662 καὶ
1175 1611 1255 1673 είς
1302 1610 1370 1663 τὰ
1420 1610 1634 1683 πέρατα
1681 1612 1780 1680 τῆς

181 1693 518 1764 οίκουμένης
551 1693 619 1747 τὰ
655 1696 876 1767 ῥήματα
910 1697 1108 1752 αὐτῶν.
1150 1700 1237 1752 Ἐν
1266 1699 1344 1770 τῷ
1378 1700 1515 1771 ἡλίῳ
1544 1701 1696 1754 ἔθετο
1721 1701 1781 1754 τὸ

185 1783 455 1853 σκήνωμα
487 1783 653 1837 αὐτοῦ
675 1801 688 1814 ·
723 1785 817 1837 καὶ
850 1787 1034 1850 αὐτὸς,
1090 1788 1166 1851 ὡς
1213 1790 1445 1871 νυμφίος
1481 1790 1779 1863 ἐκπορευό-

1894 604 1953 646 ιιι
1983 609 2147 661 supra
2177 592 2314 658 dixi,
2362 592 2749 662 prommtiatis,
2804 594 3048 648 futurum
3096 596 3287 662 fuisse,
3346 610 3405 653 ut
3442 616 3476 655 ο

1888 702 2103 739 summo
2164 685 2309 739 cmlo
2372 685 2820 753 progrederetur,
2884 687 3112 758 ejusque
3172 691 3225 745 in
3281 692 3472 745 eadem

1888 776 2004 832 loca
2072 777 2302 831 iudicari
2363 778 2596 830 reditum
2660 781 3068 845 recordamini;
3127 792 3185 835 ιιι
3225 784 3374 837 illum
3417 795 3466 837 et

1892 868 2059 921 Dcmu
2086 884 2115 922 e
2140 870 2287 926 coelo
2321 870 2587 938 prodiisse
2618 882 2671 926 et
2716 872 2991 927 hominem
3035 874 3180 928 inter
3220 875 3472 929 homines

1888 956 2092 1011 factum
2151 973 2275 1012 esse
2329 962 2661 1027 agnoscatis,
2714 977 2779 1015 ac
2834 977 3028 1017 rursus
3077 964 3465 1027 adventurum,

1886 1065 2047 1117 quem
2080 1050 2298 1119 quidem
2326 1052 2589 1105 videbunt
2619 1062 2673 1107 et
2704 1054 2961 1126 plaugeut
2988 1057 3078 1126 qui
3115 1057 3264 1111 illum
3294 1072 3467 1125 pupu-

1884 1151 2105 1210 gerunt.
2150 1144 2430 1212 Ejusmodi
2473 1155 2603 1198 sunt
2653 1146 2768 1202 lucc
2810 1151 2977 1204 verba
3021 1168 3034 1204 :
3071 1169 3089 1202 ι
3138 1150 3273 1206 Caeli
3307 1167 3466 1205 enar-

1889 1243 2010 1287 raut
2046 1234 2276 1302 gloriam
2308 1235 2426 1299 Dei,
2465 1245 2519 1289 et
2550 1253 2685 1306 opus
2722 1256 2977 1293 manuum
3012 1241 3134 1309 ejus
3176 1244 3467 1296 annuntiat

1884 1328 2317 1383 ﬁrmamentum.
2348 1330 2473 1384 Dies
2524 1332 2628 1385 diei
2684 1343 2900 1389 eructat
2953 1336 3203 1400 verbum,
3263 1348 3318 1390 et
3356 1354 3459 1391 uox

1883 1420 2028 1475 nocti
2055 1421 2347 1476 annuntiat
2374 1423 2682 1477 scientiam.
2713 1423 2830 1477 Non
2853 1435 2982 1479 sunt
3010 1425 3260 1496 loquelae,
3286 1443 3463 1495 neque

1882 1528 2190 1576 sermones,
2226 1529 2457 1583 quorum
2489 1530 2595 1567 non
2634 1514 2931 1571 audiantur
2972 1533 3137 1573 voces
3166 1533 3376 1575 eorum.
3406 1518 3461 1573 lu

1880 1618 2097 1659 omnem
2129 1614 2333 1659 terram
2362 1607 2533 1660 exivit
2556 1624 2723 1662 sonus
2746 1624 2958 1674 eorum,
3006 1622 3062 1664 et
3109 1612 3160 1665 in
3200 1611 3337 1665 lines
3367 1628 3460 1666 or-

1880 1694 1964 1749 bis
1997 1704 2159 1750 teme
2186 1697 2352 1751 verba
2375 1712 2585 1752 eorum.
2615 1698 2670 1751 lu
2698 1701 2813 1753 sole
2839 1702 3022 1769 posuit
3052 1703 3461 1757 tabernaculum

1878 1803 2036 1842 suum
2055 1806 2069 1843 :
2086 1801 2142 1843 et
2168 1789 2284 1860 ipse
2300 1798 2558 1858 tanquam
2575 1806 2807 1861 sponsus
2820 1796 3124 1861 procedens
3141 1796 3207 1851 de
3225 1796 3463 1853 thalamo

184 1890 353 1942 μενος
390 1875 452 1926 ἐκ
477 1876 682 1931 παστοῦ
710 1878 898 1943 αὐτοῦ,
927 1866 1315 1949 ἀγαλλιάσεται
1348 1882 1424 1946 ὼς
1456 1882 1618 1950 γίγας
1640 1883 1760 1954 δρα-

1879 1878 2310 1942 suo,exsultabit
2329 1890 2386 1934 ut
2413 1882 2565 1950 gigas
2587 1884 2651 1935 ad
2668 1886 2993 1938 currendum
3020 1886 3185 1952 viam;
3203 1905 3231 1941 a
3246 1904 3462 1945 summo

184 1965 313 2031 μεῖν
346 1962 463 2016 ὁδόν
486 1983 500 1996 ·
539 1967 632 2020 ἀπ’
668 1968 837 2040 ἄκρου
872 1970 965 2027 τοῦ
1021 1972 1249 2044 ούρανοῦ
1306 1975 1337 2043 ή
1371 1972 1547 2038 ἔξοδος
1578 1973 1764 2037 αὐτοῦ,

182 2054 282 2107 καὶ
313 2055 375 2108 τὸ
398 2057 718 2131 κατάντημα
740 2061 906 2114 αὐτοῦ
936 2062 1043 2125 ἕως
1068 2064 1238 2136 ἄκρου
1265 2063 1360 2117 τοῦ
1393 2065 1646 2136 ούρανοῦ,
1672 2067 1767 2120 καὶ

179 2147 283 2199 σῦκ
313 2146 458 2201 ἐστιν
491 2149 549 2214 ὃς
585 2152 1029 2225 ἀποκρυδήσεται
1063 2157 1161 2227 τῆς
1202 2156 1414 2229 θέρμης
1447 2159 1635 2213 αὑτοῦ.
1671 2179 1688 2211 ι

255 2238 348 2293 65.
377 2242 485 2295 Καὶ
512 2245 540 2295 6
573 2244 807 2317 Τρύφων
840 2246 941 2319 ἔφη
964 2266 978 2279 ο
1018 2250 1151 2302 Ὑπὸ
1184 2249 1289 2303 τῶν
1329 2252 1596 2306 τοσούτων
1627 2254 1768 2325 Γρα-

181 2329 301 2400 φῶν
327 2332 765 2406 δυσωπούμενος,
793 2340 894 2393 οὑκ
923 2337 1038 2395 οἴδα
1066 2343 1118 2394 τί
1149 2342 1233 2411 φῶ
1263 2346 1392 2415 περὶ
1416 2346 1514 2416 τῆς
1545 2346 1765 2419 Γραφῆς

178 2426 251 2493 ἢν
285 2423 388 2497 ἔφη
415 2427 661 2493 Ἡσαΐας,
699 2430 819 2482 καθ’
841 2431 907 2503 ἢν
944 2435 971 2485 6
1005 2433 1135 2498 Θεὸς
1170 2435 1345 2488 οὐδενὶ
1378 2436 1553 2509 ἐτέρῳ
1583 2438 1766 2491 δοῦναι

176 2515 280 2586 τὴν
312 2516 471 2583 δόξαν
506 2520 668 2573 αὑτοῦ
705 2520 873 2589 λέγει,
902 2523 1076 2589 οὕτως
1130 2525 1332 2579 εἰπών·
1390 2547 1408 2578 t
1467 2530 1608 2598 Ἐγὼ
1656 2532 1768 2585 Κύ-

182 2624 299 2679 ριος
332 2612 361 2662 6
388 2609 520 2676 Θεός
540 2631 551 2642 ·
589 2614 745 2668 τοῦτό
783 2634 882 2687 μου
907 2618 1079 2690 ὄνομα
1099 2639 1111 2650 ·
1150 2620 1249 2692 τήν
1275 2620 1431 2685 δόξαν
1455 2640 1559 2693 μου
1594 2624 1767 2697 ἑτέρῳ

177 2701 244 2755 οὐ
280 2701 357 2775 μὴ
389 2702 564 2769 δώσω,
592 2706 713 2760 οὐδὲ
746 2708 845 2773 τὰς
879 2712 1080 2781 ἀρετάς
1118 2731 1243 2782 μου.
1290 2735 1308 2766 ι

253 2793 459 2862 Κάγώ’
494 2797 556 2850 Εἰ
578 2800 676 2869 μὲν
701 2799 885 2865 ἁπλῶς
911 2803 1005 2855 καὶ
1034 2805 1108 2876 μὴ
1137 2806 1274 2875 μετὰ
1304 2809 1501 2873 κακίας
1543 2810 1764 2876 τούτους

180 2886 309 2949 τοὺς
335 2886 526 2955 λόγους
552 2889 745 2957 είπὼν,
784 2893 1070 2965 ἐσίγησας,
1106 2889 1151 2947 ὦ
1186 2898 1439 2968 Τρύφων,
1476 2902 1614 2972 μήτε
1641 2903 1765 2967 τοὺς

180 2978 290 3049 πρὸ
325 2979 505 3033 αὐτῶν
552 2983 846 3054 προειπὼν,
898 2987 1035 3057 μήτε
1098 2990 1225 3053 τοὺς
1267 2992 1765 3059 ἐπακολουθοῦντας

178 3070 449 3140 συνάψας,
482 3075 831 3143 συγγνωστὸς
864 3074 945 3131 εἶ’
989 3081 1037 3131 εί
1069 3079 1125 3132 δὲ
1178 3082 1336 3153 χάριν
1371 3083 1463 3138 τοῦ
1522 3085 1765 3156 νομίζειν

173 3164 439 3220 δύνασθαι
473 3169 552 3232 είς
584 3169 818 3240 ἀπορίαν
840 3170 1128 3241 ἐμϐάλλειν
1169 3174 1258 3227 τὸν
1292 3174 1470 3244 λόγον,
1524 3178 1590 3231 ἵν’
1626 3180 1764 3233 εἴπω

174 3257 426 3322 ἐναντίας
484 3254 623 3313 εἶναι
670 3261 768 3327 τὰς
816 3263 1039 3335 Γραφὰς
1073 3265 1351 3338 ἀλλήλαις,
1394 3270 1757 3343 πεπλάνησαι.

171 3348 250 3401 Οὐ
286 3348 397 3419 γὰρ
426 3349 678 3423 τολμήσω
703 3354 859 3408 τοῦτό
885 3372 1014 3409 ποτε
1036 3358 1068 3428 ἦ
1097 3356 1464 3431 ἐνθυμηθῆναι
1495 3361 1527 3432 ἢ
1553 3364 1726 3416 εἰπεῖν
1744 3380 1756 3393 ·

169 3438 289 3493 ἀλλ’
318 3438 415 3492 ἐὰν
442 3444 660 3514 τοιαύτη
697 3462 779 3508 τις
804 3445 1037 3501 δοκοῦσα
1064 3444 1203 3503 εἶναι
1234 3451 1424 3525 Γραφὴ
1449 3455 1752 3527 προὸληθῇ,

170 3533 267 3585 καὶ
324 3534 596 3604 πρόφασιν
634 3537 707 3606 (7)
750 3536 849 3609 ἔχῃ
880 3536 957 3602 ὡς
992 3541 1212 3595 ἐναντία
1271 3540 1426 3609 οὖσα,
1464 3548 1529 3598 ἐκ
1561 3548 1759 3612 παντὸς

172 3625 561 3695 πεπεισμένος,
596 3630 679 3682 ὅτι
710 3628 935 3701 οὐδεμία
968 3631 1160 3704 Γραφὴ
1206 3638 1271 3706 τῇ
1325 3636 1490 3709 ἐτέρᾳ
1538 3639 1756 3693 ἐναντία

169 3717 345 3781 ἐστὶν,
380 3719 541 3783 αὐτὸς
578 3719 651 3790 μὴ
686 3724 827 3774 νοεῖν
866 3722 1066 3793 μᾶλλον
1110 3727 1430 3798 ὁμολογήσω
1483 3729 1551 3783 τὰ
1603 3732 1756 3803 εἰρη-

172 3808 337 3877 μένα,
374 3810 467 3861 καὶ
500 3811 625 3873 τοὺς
671 3812 916 3877 ἐναντίας
954 3814 1052 3880 τὰς
1087 3816 1309 3887 Γραφάς
1343 3820 1754 3890 ὑπολαμϐάνον-

166 3916 268 3964 τας
326 3901 385 3953 τὸ
419 3901 548 3954 αὐτὸ
582 3908 797 3973 φρονεῖν
853 3906 1053 3975 μᾶλλον
1096 3911 1219 3978 ἐμοὶ
1260 3915 1442 3967 πεῖσαι
1489 3915 1756 3981 ἀγωνίσο-

171 4007 297 4061 μαι.
335 3992 520 4057 Ὅπως
539 3993 583 4046 δ’
619 3994 684 4046 ἂν
708 3989 773 4067 ᾗς
800 3997 1165 4068 προτεθεικὼς
1190 4001 1251 4053 τὸ
1274 4003 1590 4076 πρόϐλημα,
1623 4006 1752 4070 Θεὸς

169 4081 479 4134 ἐπίσταται.
531 4083 669 4151 Ἐγὼ
701 4083 757 4137 δὲ
801 4085 877 4149 ὡς
922 4088 1136 4159 εἴρηται
1182 4092 1211 4143 6
1249 4089 1407 4160 λόγος
1453 4094 1754 4166 ἀναμνήσω

167 4167 338 4239 ὑμᾶς,
375 4172 525 4234 ὅπως
558 4174 653 4225 καὶ
692 4172 752 4238 ἐξ
785 4175 949 4229 αὑτοῦ
1003 4177 1191 4234 τούτου
1225 4183 1530 4255 γνωρίσητε
1578 4186 1659 4239 ὅτι
1724 4189 1752 4240 6

166 4260 298 4324 Θεὸς
348 4260 425 4331 τῷ
478 4264 699 4335 Χριστῷ
745 4266 908 4319 αὑτοῦ
964 4269 1113 4341 μόνῳ
1165 4272 1261 4342 τὴν
1306 4273 1464 4338 δόξαν
1513 4275 1749 4333 δίδωσιν.

179 4351 551 4426 ’Δναλήψομαι
598 4356 653 4409 δὲ
707 4357 930 4429 βραχεῖς
984 4362 1134 4427 τινὰς
1181 4363 1392 4433 λόγους,
1448 4360 1493 4419 ὦ
1534 4368 1747 4441 ἄνδρες,

164 4447 291 4510 τοὺς
320 4448 375 4499 ἐν
411 4450 677 4520 συναφείᾳ
710 4451 817 4505 τῶν
847 4454 1153 4525 εἰρημένων
1179 4457 1285 4510 ὑπὸ
1314 4459 1405 4511 τοῦ
1431 4461 1745 4533 Τρύφωνος,

1870 1971 2009 2027 coelo
2032 1973 2275 2043 egressio
2306 1974 2445 2042 ejus.
2474 1974 2541 2029 Et
2563 1989 2826 2029 occursus
2848 1977 2967 2046 ejus
2990 1994 3161 2046 usque
3188 1981 3258 2035 ad
3313 1998 3462 2036 sum-

1870 2079 2016 2117 mum
2041 2065 2163 2119 caeli
2182 2085 2194 2120 :
2216 2080 2316 2120 nec
2341 2067 2538 2135 estqui
2558 2081 2615 2121 se
2638 2067 2933 2121 abscondat
2954 2085 2982 2121 a
3002 2070 3185 2125 calore
3201 2071 3319 2139 ejus
3342 2075 3407 2127 ’⁸.
3434 2094 3453 2125 a

1939 2153 2028 2208 65.
2060 2153 2256 2225 Objia't
2282 2155 2505 2209 Iudaeus
2534 2155 2700 2211 Deum
2732 2174 2889 2210 suum
2921 2160 3146 2225 gloriam
3170 2164 3327 2217 alteri
3357 2182 3458 2218 ur.-

1868 2248 2016 2302 dare.
2042 2247 2241 2302 Locum
2266 2238 2494 2320 explicat
2520 2249 2788 2308 Justinus.
2815 2281 2883 2293 —
2918 2254 3015 2311 llic
3062 2256 3281 2327 Trypho
3310 2278 3323 2315 :
3356 2260 3459 2314 Tot

1870 2340 2303 2411 Scripfurarutn,
2336 2343 2534 2414 inquit,
2565 2344 2895 2401 auctoritate
2939 2362 3244 2418 permotus,
3274 2352 3456 2409 inccr-

1871 2444 1958 2491 ωε
1984 2450 2103 2488 sutn
2139 2437 2306 2489 animi
2339 2439 2468 2507 quid
2506 2439 2572 2490 de
2617 2437 2705 2489 illa
2767 2439 3051 2509 Scriptura
3106 2444 3311 2513 dicam,
3350 2466 3455 2518 qua

1870 2525 2011 2582 Deus
2033 2530 2174 2597 apud
2213 2527 2406 2584 Isaiam
2444 2531 2575 2585 nulli
2605 2533 2698 2587 alii
2743 2536 2975 2604 gloriam
3010 2554 3163 2592 suam
3199 2540 3455 2597 daturum

1868 2632 1933 2674 se
1956 2636 2081 2675 esse
2111 2623 2358 2678 declarat
2384 2625 2472 2681 bis
2500 2630 2684 2683 verbis
2715 2648 2728 2684 :
2766 2650 2783 2681 I
2819 2628 2933 2702 Ego
2977 2633 3237 2688 Dominus
3267 2636 3408 2691 Deus
3438 2655 3452 2692 :

1870 2714 1973 2768 hoc
2018 2729 2215 2769 nomen
2265 2732 2486 2775 meum;
2540 2730 2595 2774 et
2641 2721 2869 2790 gloriam
2917 2742 3091 2781 meam
3140 2729 3297 2783 alteri
3348 2749 3454 2786 nou

1869 2805 2030 2869 dabo,
2057 2820 2230 2875 neque
2256 2810 2487 2865 virtutes
2528 2829 2679 2867 meas
2708 2816 2774 2869 ⁸⁷.
2807 2836 2825 2869 ι

1940 2899 2128 2970 Atego
2157 2918 2171 2955 :
2203 2900 2258 2957 Si
2285 2904 2635 2975 simpliciter,
2668 2909 2914 2977 inquam,
2944 2928 3009 2969 ac
3031 2916 3168 2971 citra
3197 2918 3453 2989 maligni-

1869 2999 2036 3047 tatem
2065 2993 2152 3047 his
2178 2995 2360 3050 verbis
2402 2999 2646 3053 recitatis
2683 3004 3019 3073 conticuisti,
3060 3007 3305 3077 Trypho,
3352 3028 3452 3066 nec

1867 3098 1928 3137 ea
1958 3086 2213 3153 prmfatus
2237 3103 2356 3157 qua:
2381 3092 2714 3157 praecedunt,
2748 3110 2847 3149 nec
2874 3112 2994 3164 quae
3035 3111 3452 3168 consequuntur

1868 3178 2239 3248 subjungens;
2270 3183 2360 3235 tibi
2395 3183 2599 3253 ignosci
2642 3196 2837 3254 potest.
2876 3188 2970 3241 Sin
3004 3172 3185 3245 aittem
3225 3194 3293 3247 ob
3321 3210 3441 3249 eam

1868 3286 2115 3336 causam,
2164 3275 2307 3341 quod
2359 3285 2411 3327 te
2460 3276 2868 3333 existimaveris
2917 3281 3344 3350 disputationem
3389 3291 3440 3343 in

1866 3370 1963 3412 eas
2022 3363 2300 3431 angustias
2376 3364 2656 3434 conjicere
2689 3384 2872 3437 posse,
2918 3381 2979 3425 ut
3011 3372 3329 3442 Scripturas
3359 3380 3446 3431 iu-

1868 3462 1951 3507 ter
1980 3468 2040 3508 se
2064 3454 2304 3511 dicerem
2332 3473 2610 3528 pugnare;
2648 3463 2867 3516 errasti.
2893 3462 2949 3519 ld
2974 3467 3121 3521 enim
3163 3484 3442 3540 nunquam

1862 3545 2075 3600 audebo
2097 3562 2197 3601 nec
2225 3550 2466 3618 cogitare
2498 3565 2599 3604 uec
2632 3552 2849 3620 dicere;
2893 3558 2986 3611 sed
3022 3559 3066 3613 si
3104 3576 3210 3631 qua
3247 3577 3442 3631 propo-

1863 3646 2024 3691 natur
2070 3638 2377 3709 Scriptura,
2410 3658 2531 3712 quze
2580 3645 2851 3715 ejusmodi
2894 3665 3019 3705 esse
3068 3655 3344 3721 videatur,
3391 3668 3445 3714 et

1861 3740 2206 3798 praetextum,
2240 3735 2392 3802 quasi
2420 3746 2565 3789 esset
2612 3737 2771 3792 alteri
2819 3744 3120 3808 contraria,
3169 3750 3443 3818 prmbeat;

1860 3838 1984 3876 cum
2010 3840 2331 3891 persuasum
2364 3829 2595 3884 habeam
2633 3834 2835 3888 nullam
2882 3834 3225 3907 Scripturam
3279 3842 3437 3897 alteri

1858 3916 2189 3969 contrariam
2216 3932 2358 3984 esse,
2389 3921 2605 3976 fatebor
2628 3925 2807 3992 potius
2852 3942 2939 3980 me
2981 3943 3087 3983 non
3132 3931 3442 4001 intelligere

1856 4019 1977 4073 qua:
2003 4008 2280 4075 dicuntur,
2326 4022 2379 4066 et
2416 4014 2502 4079 iis,
2536 4016 2628 4083 qui
2683 4016 3000 4086 Scripturas
3052 4022 3199 4075 inter
3238 4040 3298 4078 se
3345 4041 3440 4092 pu-

1856 4114 2027 4168 gnare
2053 4104 2425 4173 suspicantur,
2456 4118 2510 4160 ut
2562 4108 2703 4164 idem
2732 4111 2915 4178 potius
2941 4128 3006 4167 ac
3034 4128 3138 4182 ego
3177 4120 3438 4181 sentiant,

1855 4196 2183 4260 persuadere
2205 4200 2471 4253 conabor.
2513 4200 2632 4268 Quo
2660 4211 2841 4257 autem
2895 4206 3080 4260 animo
3106 4207 3251 4263 hanc
3288 4226 3435 4280 qua:-

1854 4285 2083 4339 stiouem
2105 4292 2371 4357 posueris,
2390 4295 2539 4346 novit
2566 4295 2727 4349 Deus.
2755 4296 2868 4367 Ego
2890 4308 3071 4353 autem
3094 4300 3431 4372 Scripturam

1853 4380 2027 4443 vobis,
2053 4381 2127 4433 ita
2156 4391 2212 4434 ut
2253 4399 2516 4451 expressa
2554 4398 2656 4453 est,
2705 4389 2757 4443 in
2802 4394 3122 4447 memoriam
3163 4396 3431 4466 redigam,

1853 4482 1913 4524 ut
1936 4473 2101 4525 etiam
2129 4489 2193 4527 ex
2220 4473 2323 4529 hac
2352 4478 2698 4547 ceguosc'atis
2743 4483 2912 4536 Deutu
2951 4485 3051 4538 soli
3088 4486 3311 4542 Christo
3336 4506 3434 4551 suo

164 4539 259 4591 καί
290 4540 417 4602 τοὺς
437 4540 635 4610 ὁμοίως
654 4545 1034 4615 συνημμένους
1058 4548 1175 4601 κατ’
1193 4550 1645 4625 ἐπακολούθησιν.
1667 4557 1742 4610 Ού

1865 4563 2082 4631 gloriam
2136 4564 2292 4619 dare.
2346 4567 2641 4626 llesumam
2697 4587 2877 4629 autem
2944 4593 3113 4645 pauca
3180 4585 3430 4649 quadam

162 4629 273 4699 γὰρ
301 4628 360 4694 ἐξ
385 4630 580 4701 ἐτέρας
615 4636 921 4706 περικοπῆς
938 4638 1135 4703 αὐτοὺς
1170 4641 1299 4710 ἐρῶ,
1326 4642 1441 4697 ἀλλ’
1461 4646 1552 4716 ὑφ’
1581 4647 1639 4699 ἐν
1674 4648 1749 4714 ὡς

161 4725 268 4776 sict
303 4724 643 4794 συνημμένοι
666 4744 679 4756 ·
717 4730 810 4781 καὶ
842 4730 1002 4800 ὑμεῖς
1046 4734 1137 4786 τὸν
1176 4735 1299 4790 νοῦν
1346 4740 1588 4809 χρήσατέ
1626 4759 1742 4811 μοι.

160 4817 282 4870 εἰσὶ
314 4817 370 4870 δέ
394 4813 536 4873 οὗτοι
556 4837 569 4849 ·
601 4840 619 4871 ‹
663 4821 819 4876 Οῦτω
850 4824 999 4895 λέγει
1036 4828 1238 4900 Κύριος
1260 4833 1287 4884 6
1319 4832 1449 4896 Θεὸς
1468 4837 1495 4887 6
1515 4837 1745 4907 ποιήσας

159 4908 252 4962 τὸν
268 4911 495 4981 οὐρανὸν
520 4913 613 4965 καὶ
632 4915 807 4985 πήξας
833 4919 1012 4981 αὐτὸν,
1037 4922 1065 4973 6
1089 4922 1393 4993 στερεώσας
1414 4925 1511 4997 τὴν
1527 4927 1629 4999 γῆν
1651 4930 1744 4981 καὶ

161 4999 229 5053 τά
251 5003 307 5053 ἐν
333 5002 490 5074 αὐτῇ,
507 5005 601 5057 καὶ
622 5004 793 5073 διδοὺς
818 5011 984 5083 πνοὴν
1010 5013 1088 5083 τῷ
1106 5012 1219 5085 λαῷ
1236 5015 1312 5085 τῷ
1330 5018 1415 5069 ἐπ’
1434 5019 1624 5089 αὐτῆς,
1648 5022 1742 5075 καὶ

159 5092 382 5163 πνεῦμα
415 5098 525 5159 τοῖς
560 5100 820 5153 πατοῦσιν
849 5104 1042 5175 αὐτήν.
1089 5106 1229 5175 Ἐγὼ
1287 5108 1490 5181 Κύριος
1546 5113 1574 5163 6
1606 5111 1738 5177 Θεὸς

160 5184 397 5239 ἐκάλεσά
432 5202 491 5239 σε
518 5189 573 5239 ἐν
607 5190 941 5267 δικαιοσύνῃ,
985 5199 1079 5250 καὶ
1106 5200 1367 5271 κρατήσω
1410 5202 1507 5271 τῆς
1554 5205 1735 5275 χειρός

159 5294 274 5342 σου,
310 5279 402 5332 γα).
439 5280 642 5351 ισχύσω
676 5300 735 5337 σε
759 5303 770 5315 ·
801 5288 895 5341 καὶ
931 5287 1107 5344 ἔδωκά
1133 5308 1193 5344 σε
1222 5292 1300 5356 εἰς
1348 5292 1609 5365 διαθήκην
1636 5295 1730 5363 γέ-

159 5388 299 5435 νους,
316 5376 396 5436 εἰς
416 5374 532 5442 φῶς
558 5375 745 5442 ἐθνῶν,
780 5378 988 5445 ἀνοῖξαι
1012 5381 1320 5453 ὀφθαλμοὺς
1350 5385 1588 5453 τυφλῶν,
1624 5388 1741 5453 ἐξα-

158 5468 345 5531 γαγεῖν
362 5466 441 5517 ἐκ
468 5465 681 5537 δεσμῶν
716 5471 1145 5542 πεπεδημένους,
1164 5475 1256 5527 καὶ
1287 5474 1346 5540 ἐξ
1379 5475 1529 5530 οἴκου
1570 5480 1737 5548 φυλα-

1853 4656 2044 4719 verba,
2072 4673 2104 4711 ο
2126 4659 2252 4725 viri,
2280 4674 2344 4713 ex
2395 4663 2592 4730 quibus
2621 4680 2708 4730 ea,
2756 4682 2878 4737 qua:
2922 4670 3147 4737 protulit
3188 4671 3428 4742 Trypho.

1851 4763 1990 4800 nexa
2018 4758 2073 4801 et
2096 4752 2413 4807 continuata
2442 4767 2566 4809 sunt
2593 4774 2607 4823 ;
2636 4759 2832 4813 deinde
2878 4778 2937 4814 ea
2987 4764 3259 4831 siiuiliter,
3310 4782 3430 4836 qua!

1847 4843 2237 4897 consecutione
2281 4844 2571 4913 conjuncta
2613 4861 2762 4904 sunt.
2815 4851 3002 4922 Neque
3044 4857 3189 4909 enim
3225 4859 3332 4912 alio
3362 4877 3427 4916 cx

1848 4930 1967 4986 loco
1999 4933 2301 5003 proferam,
2331 4940 2426 4993 sed
2460 4941 2533 4994 ita
2564 4951 2622 4995 ut
2654 4958 2717 4997 se
2744 4944 2972 5012 habent,
3007 4951 3056 5001 in
3092 4966 3258 5004 unum
3288 4969 3422 5008 nexa

1844 5031 1899 5076 et
1922 5023 2281 5082 cohaerentia.
2310 5028 2388 5083 Ac
2410 5044 2507 5084 vos
2533 5032 2665 5087 mihi
2698 5034 2942 5090 animum
2970 5039 3260 5092 advertite.
3288 5040 3425 5094 Sunt

1842 5126 2024 5172 autem
2080 5118 2346 5186 ejusmodi
2414 5139 2428 5176 :
2489 5141 2506 5174 ι
2565 5123 2655 5179 Sic
2714 5127 2845 5181 dicit
2915 5128 3174 5185 Dominus
3240 5133 3420 5196 Deus,

1842 5195 1934 5279 qui
1994 5212 2119 5264 fecit
2160 5213 2387 5279 caelum,
2459 5225 2513 5270 et
2557 5218 2748 5277 deﬁxit
2800 5221 2930 5275 illud
2960 5260 2975 5286 ,
3020 5226 3113 5292 qui
3183 5225 3420 5281 ﬁrmavit

1844 5309 2073 5367 terram,
2140 5314 2196 5358 et
2247 5321 2370 5375 qua:
2402 5306 2455 5362 in
2510 5324 2598 5374 ea,
2654 5320 2711 5364 et
2773 5313 2863 5381 qui
2902 5315 2994 5367 dat
3062 5317 3416 5384 spirationem

1841 5393 2037 5461 populo
2103 5394 2193 5463 qui
2236 5412 2399 5465 super
2451 5415 2593 5466 eam,
2656 5413 2714 5455 et
2769 5404 3022 5472 spiritum
3072 5408 3414 5463 calcantibus

1838 5499 1979 5537 eam.
2022 5486 2131 5557 Ego
2168 5490 2424 5545 Dominus
2479 5492 2621 5549 Deus
2662 5498 2849 5551 vocavi
2889 5508 2941 5553 te
2986 5498 3037 5555 in
3080 5501 3317 5569 justitia,
3360 5516 3414 5557 et

157 5554 260 5623 κῆς
282 5554 619 5626 καθημένους
646 5561 703 5613 ὲν
731 5562 928 5616 σκότει.
970 5564 1107 5632 Ἐγὼ
1129 5565 1331 5639 Κύριος
1346 5568 1371 5620 ό
1387 5568 1517 5635 Θεός
1537 5587 1548 5599 ⁸
1576 5570 1733 5624 τοῦτό

1865 5578 2029 5631 euebo
2058 5581 2338 5637 desieram
2368 5594 2535 5649 tuam,
2572 5597 2624 5639 ct
2656 5589 2981 5647 couiurtabo
3022 5603 3074 5645 te
3112 5608 3123 5643 :
3158 5594 3321 5665 163
3355 5608 3409 5648 et

160 5662 259 5715 μου
332 5646 503 5719 ὄνομα
531 5667 543 5679 ·
593 5652 693 5723 τὴν
742 5653 898 5717 δόξαν
947 5673 1047 5726 μου
1097 5658 1266 5731 ἑτέρῳ
1312 5662 1370 5713 οὐ
1422 5664 1495 5734 μὴ
1549 5663 1725 5728 δώσω,

1831 5667 1953 5723 dedi
1987 5680 2036 5724 te
2068 5672 2119 5724 iu
2156 5683 2538 5733 testamentum
2573 5683 2813 5750 generis,
2853 5685 2905 5739 iu
2931 5684 3109 5743 lucem
3145 5693 3411 5758 gentium,

223 5764 267 5794 ⁸³
303 5762 442 5823 Psal.
479 5782 601 5821 Lxxt
625 5783 720 5838 per
754 5780 946 5827 totum.
1024 5773 1068 5804 “
1094 5774 1233 5830 Psal.
1271 5793 1424 5843 xvm,
1464 5780 1590 5835 l-7.
1667 5782 1709 5814 "
1736 5781 1842 5838 lsa.
1876 5787 2083 5850 xt.u,8.

226 5884 298 5949 (7)
337 5886 666 5955 Πρόφασιν.
692 5894 815 5948 'Duo
842 5892 1059 5953 codices
1088 5911 1216 5953 mss.
1251 5898 1452 5955 habent
1480 5915 1546 5958 ολ
1573 5905 1760 5976 margin

1865 5924 1873 5962 I
1917 5908 2207 5979 ὑπόφασιν.
