4108 6464
181 403 310 462 633

1179 408 1513 469 DMLOGUS
1545 412 1691 469 CUM
1733 413 2108 474 TRYPHONB
2130 413 2398 473 «ΝΜΟ.

3364 418 3473 475 63$

275 520 387 573 Καὶ
431 521 460 573 6
505 521 765 591 Τρύφωνο
806 525 980 592 Ὀρα,
1028 517 1074 576 ὦ
1120 524 1275 594 φίλι,
1326 526 1464 596 ιφη,
1512 529 1593 582 ὅτι
1646 530 1784 600 μετὰ

1971 531 2069 591 Hic
2125 531 2347 602 Trypho
2386 548 2400 584 :
2445 526 2619 596 Vide,
2664 526 2883 600 inquit,
2928 529 3150 596 amice,
3187 546 3304 586 non
3352 533 3474 587 sine

190 612 402 666 πολλοῦ
436 613 603 666 κόπου
638 615 730 669 καὶ
762 616 1009 686 καμάτου
1044 615 1236 685 γέγονέ
1271 634 1353 670 σοι
1388 620 1448 673 τὸ
1480 620 1783 691 κτήσασθαι

186 704 366 758 αὐτὰ.
403 705 511 759 Καὶ
555 708 701 776 ἡμᾶς
746 702 837 759 οὖν
885 707 1280 777 βασανίσαντας
1327 711 1503 764 πάντα
1548 712 1615 765 τὰ
1663 714 1783 765 επι-

184 795 497 865 ⁴τρέχοντα,
540 795 826 851 συνθέσθαι
865 798 945 851 δεῖ
976 792 1057 861 οἷς
1105 799 1501 867 ἀναγκάζουσιν
1537 802 1684 872 ἡμᾶς
1729 802 1789 856 αι

192 886 446 958 Γραφαί.

276 1063 451 1131 Κάγὼ
498 1065 634 1134 πρὸς
680 1062 883 1116 ταῦτα·
937 1064 1049 1117 Ούκ
1086 1062 1256 1128 ἀξιῶ,
1306 1059 1479 1127 εἷπον,
1516 1063 1661 1134 ὑμᾶς
1712 1064 1788 1136 μὴ

195 1154 367 1208 παντὶ
408 1155 594 1224 τρόπῳ
638 1152 1070 1223 ἀγωνιζομένους
1109 1154 1206 1224 τὴν
1253 1153 1499 1220 ἐξέτασιν
1543 1153 1650 1206 τῶν
1690 1152 1789 1225 ζη-

196 1242 480 1312 τουμένων
536 1241 838 1305 ποιεῖσθαι,
886 1243 998 1295 ἀλλ’
1056 1243 1285 1306 ἐκείνοις
1343 1244 1417 1315 μὴ
1472 1242 1634 1298 πάλιν
1689 1246 1786 1297 ἀν-

195 1335 458 1403 τιλέγειν,
505 1335 672 1406 μηδὲν
718 1335 941 1406 ἔχοντας
989 1334 1201 1404 λέγειν,
1260 1329 1348 1399 οἷς
1387 1334 1553 1407 ἐφητε
1605 1334 1789 1388 συνθέ-

200 1427 327 1480 σθαι
338 1466 353 1479 .

274 1522 385 1573 Καὶ
430 1522 459 1573 6
502 1520 735 1589 Τρύφων
791 1521 929 1592 εφη·
985 1521 1159 1575 Τοῦτο
1207 1519 1588 1592 πειρασόμεθα
1642 1518 1785 1589 πρα-

235 1628 335 1664 ειν.

235 1628 335 1664 ειν.

200 1617 229 1684 ξ
273 1702 462 1766 Πάλιν,
485 1701 592 1770 ἐγὼ
617 1702 770 1772 ἔφην,
794 1704 931 1775 πρὸς
966 1705 1076 1768 τοῖς
1096 1700 1540 1773 ἁνηρωτημένοις
1573 1699 1668 1755 καὶ
1691 1700 1787 1755 νῦν

196 1793 293 1846 ὑπ’
321 1793 455 1863 ἐμοῦ
492 1793 629 1864 (18),
651 1794 809 1848 πάλιν
841 1794 1286 1867 ἀνερωτήσασθαι
1320 1794 1463 1863 ὑμᾶς
1492 1792 1748 1863 βούλομαι
1767 1808 1781 1821 ο

1888 624 2056 680 multo
2096 624 2287 680 labore
2315 632 2372 679 et
2401 622 2598 678 sudore
2641 623 2738 677 tibi
2792 625 3097 695 contigisse
3129 634 3188 680 ιιι
3222 625 3340 679 haec
3370 640 3468 679 aco

1885 717 2173 787 quire-res:
2222 729 2393 784 quare
2442 728 2541 768 nos
2576 730 2794 784 quoque
2843 726 3059 785 oportet
3091 717 3306 779 omnia,
3348 730 3473 785 qua

1886 818 2215 872 occurrunt,
2252 807 2543 877 diligenter
2595 807 2907 873 exnl’nrare,
2948 823 3013 861 ac
3076 817 3188 860 tum
3242 809 3471 863 demum

1888 899 1953 953 iis
1996 912 2279 953 assensum
2327 898 2605 966 praebere,
2655 899 2853 967 quibus
2920 897 3220 968 Scriptura:
3266 908 3469 969 cogunt

1887 990 2162 1044 assentiri.

1954 1081 2034 1134 Ad
2072 1079 2185 1133 lure
2216 1094 2355 1147 ego:
2387 1078 2501 1133 Non
2536 1078 2587 1133 id
2609 1118 2626 1143 ,
2675 1079 2923 1148 inquam,
2958 1095 2986 1131 a
3031 1082 3184 1133 vobis
3220 1090 3366 1147 peto,
3410 1087 3472 1134 ut

1889 1188 1959 1226 ne
2002 1172 2151 1225 omni
2200 1172 2368 1225 animi
2418 1172 2769 1225 contentione
2817 1186 2940 1238 qua:
2993 1172 3047 1225 in
3104 1174 3472 1239 quaestionem

1887 1265 2113 1317 veniunt
2156 1262 2486 1332 exploretis;
2510 1264 2613 1317 sed
2646 1276 2712 1315 ne
2744 1263 2882 1316 nihil
2930 1263 3191 1317 habentes
3216 1264 3359 1332 quud
3387 1262 3475 1317 di-

1886 1358 2045 1419 eatis,
2090 1371 2309 1410 rursum
2346 1367 2537 1411 contra
2572 1371 2637 1412 ea
2688 1356 2967 1423 veniatis,
3002 1356 3204 1426 quibus
3240 1370 3351 1413 vos
3383 1356 3478 1411 di»

1886 1448 2047 1511 xistis
2078 1446 2365 1502 assentiri.

1955 1540 2031 1595 Ita
2063 1540 2267 1604 facere,
2297 1539 2472 1609 inquit
2504 1539 2749 1611 Trypho,
2783 1541 3141 1597 conabimur.

1956 1697 2189 1752 Rursum
2233 1712 2333 1767 ego
2370 1712 2385 1751 :
2440 1696 2647 1751 Prreter
2680 1713 2783 1760 ea,
2841 1699 3100 1766 inquam,
3147 1713 3267 1768 quae
3309 1699 3477 1752 etiam

1887 1806 2030 1844 nunc
2061 1804 2128 1844 ex
2166 1791 2319 1844 vobis
2358 1790 2675 1844 sciscitatus
2719 1806 2862 1852 sum,
2911 1791 3113 1844 iterum
3154 1808 3248 1843 vos
3296 1791 3471 1845 inter-

196 1883 289 1937 διὰ
318 1884 428 1954 γὰρ
460 1883 565 1936 τῶν
610 1886 998 1956 ἁνερωτήσεων
1044 1886 1247 1939 τούτων
1281 1886 1375 1940 καὶ
1413 1885 1785 1957 περαιωθῆναι

1891 1896 2082 1947 rogare
2111 1880 2255 1935 volo.
2288 1879 2385 1935 llis
2412 1882 2558 1935 enim
2594 1880 3118 1949 interrogationibus
3157 1884 3321 1938 etiam
3352 1884 3477 1938 brou-

198 1976 301 2028 σὺν
336 1977 488 2046 τάχει
520 1975 610 2029 τὸν
637 1977 793 2045 λόγον
819 1977 1184 2048 ἀγωνιοῦμαι.

276 2065 385 2118 Καὶ
413 2067 440 2117 6
463 2064 692 2136 Τρύφων
720 2066 823 2137 ἔφη
843 2084 855 2096 ’
895 2068 1186 2137 ’Δνερὼτα.

273 2153 444 2223 Κάγὼ
490 2153 637 2215 εἶπον
659 2175 671 2187 ·
710 2156 794 2229 Μή
824 2175 874 2211 τι
910 2157 1067 2211 ἄλλον
1100 2159 1221 2212 τινὰ
1257 2160 1650 2229 προσκυνητδν,
1688 2159 1783 2213 καὶ

197 2246 428 2317 Κύριον,
465 2249 558 2302 καὶ
590 2248 720 2302 Θεὸν
752 2249 1043 2320 λεγόμενον
1082 2253 1139 2304 ὲν
1173 2254 1292 2314 ταῖς
1326 2252 1569 2321 Γραφαϊς
1615 2255 1785 2304 νοεῖτε

194 2334 341 2392 εἶναι
362 2381 375 2403 ,
412 2340 548 2413 πλὴν
594 2341 687 2395 τοῦ
728 2342 884 2395 τοῦτο
928 2345 1249 2413 ποιήσαντος
1282 2343 1341 2395 τὸ
1386 2344 1513 2407 πᾶν,
1538 2343 1644 2399 καὶ
1691 2342 1783 2397 τοῦ

193 2432 469 2501 Χριστοῦ,
517 2434 575 2498 ὃς
621 2434 709 2489 διὰ
750 2436 857 2489 τῶν
903 2436 1168 2489 τοσούτων
1214 2434 1445 2507 Γραφῶν
1489 2434 1786 2508 ἀπεδείχθη

194 2518 331 2590 ὑμῖν
366 2521 649 2594 ἄνθρωπος
681 2526 1009 2597 γενόμενοςς

269 2610 381 2661 Καὶ
414 2613 442 2663 6
488 2613 753 2683 Τρύφων
792 2614 914 2680 Πῶς
962 2615 1119 2668 τοῦτο
1165 2616 1442 2687 δυνάμεθα
1485 2614 1623 2671 εἶναι
1673 2615 1788 2689 (19)

191 2702 567 2773 ὁμολογῆσαι,
611 2708 795 2771 ὁπότε,
832 2711 880 2762 εἰ
914 2710 1006 2762 καὶ
1041 2708 1199 2773 ἄλλος
1230 2727 1314 2773 τις
1360 2710 1477 2762 ἐστὶ
1510 2709 1648 2781 πλὴν
1691 2709 1785 2763 τοῦ

192 2794 414 2865 Πατρός
479 2796 674 2865 μόνου,
734 2799 831 2869 τὴν
891 2799 1160 2870 τοσαύτην
1222 2799 1451 2871 ζήτησιν
1516 2802 1784 2871 ἐποιησά-

197 2888 345 2958 μεθα
368 2905 382 2952 ;

268 2976 441 3045 Κάγὼ
500 2978 690 3031 πάλιν·
742 2980 1061 3048 Ἀναγκαῖόν
1106 2985 1224 3035 ἐστι
1271 2984 1365 3036 καὶ
1424 2983 1594 3037 ταῦτα
1640 2984 1785 3055 ὑμᾶς

190 3070 507 3140 ιρωτῆσαι,
552 3071 701 3135 ὅπως
741 3071 885 3140 γνῶ,
927 3074 1001 3145 μή
1032 3092 1083 3127 τι
1130 3075 1256 3129 ἄλλο
1289 3080 1532 3147 φρονεῖτε
1580 3080 1710 3149 παρ’
1750 3078 1786 3131 ἃ.

190 3164 334 3227 τέως
370 3161 479 3231 (ΞΟ)
504 3162 911 3234 ὡμολογήσατε.

265 3258 561 3319 Κάκεῖνος’
590 3254 724 3321 Οὔκ,
751 3257 1024 3328 ἄνθρωπε,
1050 3258 1174 3327 ἔφη.

264 3345 437 3413 Κάγὼ
480 3345 675 3398 πάλινο
717 3344 902 3415 Ὺμῶν
947 3342 1039 3399 οὖν
1067 3348 1239 3401 ταῦτα
1284 3348 1500 3419 ἀληθῶς
1536 3352 1783 3406 συντιθε-

1890 1974 2029 2027 viter
2059 1974 2480 2043 disputationem
2510 1974 2794 2029 absolvere
2821 1978 3080 2030 conabor.

1958 2052 2261 2134 interroga,
2286 2066 2464 2135 inquit
2494 2066 2732 2135 Trypho.

1959 2158 2096 2213 Num
2130 2174 2291 2229 quem
2341 2159 2552 2223 alium,
2602 2160 2849 2227 inquam,
2895 2160 3229 2212 adorandum
3264 2167 3321 2212 et
3372 2158 3476 2211 Do-

1888 2251 2089 2304 minum
2122 2260 2175 2305 et
2208 2251 2373 2305 Deum
2406 2252 2457 2305 in
2495 2250 2797 2321 Scripturis
2830 2252 2935 2305 dici
2970 2253 3303 2305 existimatis
3334 2267 3478 2321 prte-

1889 2357 1972 2399 ter
2000 2343 2317 2399 Creatorem
2354 2342 2514 2413 hujus
2554 2344 2796 2397 universi
2848 2352 2901 2397 et
2943 2344 3258 2403 Christum,
3310 2356 3475 2411 quem

1887 2440 2041 2493 vobis
2080 2447 2157 2491 tot
2196 2454 2262 2493 ex
2306 2437 2612 2507 Scripturis
2652 2436 2930 2489 hominem
2975 2434 3181 2490 factum
3217 2450 3341 2490 esse
3375 2434 3475 2488 de-

1889 2528 2230 2583 monstravi?

1960 2618 2121 2689 166
2152 2618 2215 2672 Et
2249 2617 2472 2689 Trypho
2508 2636 2523 2673 :
2558 2617 2843 2683 Quomodo
2876 2616 2926 2669 id
2969 2618 3245 2684 possimus
3296 2614 3477 2671 conli-

1888 2709 2011 2772 teri,
2040 2725 2162 2763 cum
2188 2710 2253 2763 de
2278 2726 2343 2764 eo
2378 2711 2570 2770 etiam,
2604 2726 2671 2763 an
2707 2719 2903 2777 prmter
2926 2708 3100 2761 solum
3132 2707 3347 2763 Patrem
3379 2707 3478 2761 ali-

1887 2802 2011 2872 quis
2040 2801 2180 2857 alius
2213 2803 2309 2867 sit,
2332 2812 2540 2857 tantam
2574 2804 2928 2873 quaestionem
2963 2800 3336 2856 moverimus?

1962 2976 2201 3031 Rursum
2239 2992 2340 3049 ego
2379 2995 2394 3032 :
2439 2976 2669 3031 Necesse
2713 2987 2795 3031 est
2845 2978 2919 3037 id,
2947 2990 3163 3045 quoque
3208 2988 3273 3028 ex
3321 2975 3482 3030 vobis

1887 3069 2159 3132 scisciter,
2199 3079 2258 3121 ut
2293 3068 2462 3123 sciam
2523 3069 2765 3136 nunquid
2800 3068 2944 3122 aliud
2986 3069 3236 3123 sentiatis
3278 3076 3483 3138 prmtsr

1891 3162 1941 3216 id
1970 3161 2121 3230 quod
2147 3161 2309 3215 modo
2336 3160 2574 3216 confessi
2601 3160 2771 3223 estis?

1815 3222 1857 3279 ο
1962 3222 2116 3307 Piihil'
2149 3253 2401 3316 omnino,
2431 3252 2607 3321 inquit
2638 3252 2747 3307 ille.

1958 3342 2095 3396 Tum
2144 3358 2290 3414 ego:
2326 3341 2461 3395 Cum
2520 3341 2687 3411 igitur
2745 3340 2831 3395 his
2874 3355 3005 3396 vere
3057 3341 3478 3405 assentiaminl,

197 3438 401 3505 μένων,
440 3437 534 3489 καὶ
577 3437 669 3489 τοῦ
702 3436 861 3505 λόγου
895 3437 1166 3505 λέγοντος,
1207 3458 1224 3491 ι
1251 3440 1360 3511 Τὴν
1393 3443 1586 3509 γενεὰν
1620 3444 1782 3498 αὑτοῦ

1887 3447 2119 3501 miraque
2146 3434 2429 3501 Scriptura
2458 3431 2604 3486 dicat
2634 3450 2647 3486 :
2690 3449 2709 3483 ι
2738 3430 3168 3488 Generationem
3201 3432 3327 3504 ejus
3350 3434 3478 3502 quis

191 3528 276 3591 τίς
322 3528 673 3599 διηγήσεται;
702 3548 719 3579 ι
755 3528 857 3582 οὐκ
902 3530 1004 3599 ήδη
1050 3530 1144 3583 καὶ
1191 3535 1330 3584 νοεῖν
1383 3534 1661 3601 ὀφείλετε,
1703 3537 1784 3590 ὅτι

1887 3526 2308 3581 cnarrabit?”t
2346 3528 2427 3579 An
2483 3540 2595 3578 non
2638 3524 2852 3577 tandem
2914 3524 3219 3594 intelligere
3267 3523 3481 3579 debetis

190 3617 293 3668 οὐκ
328 3615 444 3668 ἔστι
479 3616 668 3683 γένους
694 3612 981 3688 ανθρώπου
1024 3620 1274 3690 σπέρμα;

1887 3631 2011 3669 eum
2046 3631 2153 3669 non
2186 3631 2306 3670 esse
2337 3615 2560 3669 humani
2596 3615 2814 3684 generis
2844 3615 3070 3669 semen?

267 3708 379 3761 Καὶ
411 3710 439 3759 6
473 3707 735 3777 Τρύφων’
788 3708 911 3774 Πῶς
945 3706 1037 3763 οὖν
1070 3712 1097 3763 6
1120 3711 1275 3780 λόγος
1304 3712 1454 3781 λέγει
1491 3712 1567 3785 τῷ
1597 3715 1784 3779 Δαϐὶδ,

1956 3709 2024 3762 At
2057 3707 2278 3779 Trypho
2306 3725 2319 3761 :
2350 3707 2633 3773 Quomodo
2664 3708 2832 3775 igitur
2872 3706 3152 3777 Scriptura
3201 3706 3336 3761 dicit
3378 3706 3479 3760 Dio

190 3802 276 3853 ὅτι
310 3800 419 3851 ἀπὸ
453 3800 550 3868 τῆς
582 3800 780 3868 ὀσφύος
829 3802 939 3871 (ει)
977 3802 1139 3855 αὑτοῦ
1178 3804 1406 3875 λήψεται
1456 3807 1635 3877 ἐαυτῷ
1669 3808 1783 3861 υίδν

1887 3802 2027 3865 vidi,
2048 3800 2165 3855 fore
2194 3811 2254 3852 ιιι
2286 3817 2350 3854 ex
2390 3800 2508 3869 ejus
2541 3800 2742 3855 lumbis
2775 3802 2947 3855 [ilium
2990 3800 3093 3856 sibi
3138 3800 3281 3853 Deus
3324 3814 3478 3854 assu-

190 3893 222 3943 6
252 3890 405 3953 Θεὸς,
435 3891 527 3943 καὶ
561 3890 893 3963 κατορθώσει
918 3894 1065 3963 αὐτῷ
1099 3894 1195 3965 τὴν
1220 3896 1517 3965 βασιλείαν,
1550 3898 1644 3951 καὶ
1660 3899 1785 3953 καθ-

1887 3900 2018 3953 mat,
2062 3900 2117 3944 et
2150 3905 2372 3959 regnum
2402 3892 2451 3943 ei
2503 3891 2716 3956 tradat,
2765 3908 2829 3947 ac
2879 3894 2932 3947 in
2971 3891 3100 3946 sede
3146 3890 3335 3961 gloria:
3365 3906 3480 3945 sua:

195 3984 302 4035 (σει
337 3983 496 4035 αὑτὸν
531 3983 623 4035 ἐπὶ
650 3984 840 4053 θρόνου
870 3986 970 4055 τῆς
1004 3986 1162 4057 δόξης
1196 3988 1398 4051 αύτοῦ;

1887 3983 2118 4038 collocet
2140 3984 2163 4036 7

267 4071 440 4140 Κάγὼ
473 4072 639 4144 ἔφην·
676 4069 746 4125 Ὦ
786 4074 1036 4144 Τρύφων,
1072 4079 1119 4129 εί
1158 4077 1255 4147 μὲν
1290 4079 1383 4131 καὶ
1428 4078 1524 4150 τὴν
1572 4097 1783 4151 προφη-

1957 4075 2013 4130 Si
2060 4077 2314 4145 quidem,
2360 4077 2621 4146 inquam,
2671 4074 2913 4147 Trypho,
2968 4074 3286 4129 vaticinium
3339 4072 3474 4127 illud

192 4164 348 4216 τείαν
381 4163 449 4233 ἥν
474 4164 576 4233 ἔφη
616 4165 843 4230 Ἡσαΐας
866 4207 879 4229 ,
930 4168 989 4219 οὐ
1040 4169 1172 4237 φησὶ
1208 4170 1343 4239 πρὸς
1390 4171 1479 4223 τὸν
1513 4168 1658 4223 οἷκον
1691 4173 1781 4225 τοῦ

1887 4168 2094 4222 Isaias:
2134 4187 2151 4220 ο
2176 4169 2315 4223 Ecce
2346 4169 2514 4238 Virgo
2550 4170 2601 4221 in
2636 4179 2790 4221 utero
2825 4168 3097 4237 concipiet
3120 4168 3225 4228 ’³,ι
3258 4182 3364 4219 non
3408 4167 3478 4219 ad

194 4253 390 4305 Aa6i5'
448 4272 465 4304 ι
514 4254 643 4306 Ἰδοὺ
688 4258 720 4326 η
769 4257 1045 4327 Παρθένος
1110 4261 1167 4311 ὲν
1214 4259 1413 4329 γαστρὶ
1472 4259 1777 4331 λήψεται,ι

1887 4260 2127 4325 Davidis,
2166 4260 2256 4314 sed
2301 4259 2366 4313 ad
2420 4260 2583 4313 aliam
2626 4274 2692 4312 ex
2739 4257 3029 4311 duodecim
3082 4257 3332 4311 tribubus
3372 4256 3475 4311 do-

192 4344 331 4398 ἁλλὰ
366 4345 503 4414 πρὸς
536 4345 721 4416 ἕτερον
753 4344 899 4401 οἶκον
933 4348 1038 4401 τῶν
1069 4349 1277 4403 δώδεκα
1312 4350 1516 4419 φυλῶν,
1553 4352 1685 4415 ἴσως
1718 4352 1783 4407 ἂν

1887 4368 2031 4405 mum
2085 4353 2380 4417 edidisset,
2418 4353 2638 4407 haberet
2693 4352 2832 4405 forte
2882 4366 2967 4405 res
3010 4350 3217 4420 aliquid
3260 4350 3481 4402 dubita-

194 4438 431 4509 ἀπορίαν
466 4433 579 4508 εἶχε
612 4439 671 4492 τὸ
708 4442 972 4511 πρᾶγμα⁹
1005 4442 1271 4514 ἐπειδὴδὲ
1298 4444 1393 4497 καὶ
1426 4445 1563 4515 αὑτὴ
1596 4447 1629 4516 ἡ
1658 4462 1785 4517 προ-

1888 4445 2073 4498 tinnis.
2104 4443 2209 4498 Sed
2248 4460 2370 4499 cum
2406 4445 2520 4511 ipsa
2559 4443 2842 4513 prophetia
2890 4443 2957 4496 ad
3002 4444 3220 4496 domum
3257 4441 3483 4495 Davidis

196 4529 394 4598 φητεία
440 4531 575 4601 πρὸς
621 4532 710 4584 τὸν
741 4528 886 4585 οἷκον
918 4532 1081 4586 Δαϐὶδ
1114 4533 1363 4603 εἴρηται,
1398 4536 1458 4587 τὸ
1491 4537 1783 4608 εἰρημένον

1887 4539 2027 4593 edita
2064 4540 2166 4603 sit;
2206 4553 2327 4607 quae
2352 4538 2418 4591 ad
2458 4536 2716 4589 Davidein
2751 4537 2804 4590 in
2846 4537 3109 4603 mysterio
3133 4535 3268 4589 dixit
3307 4534 3474 4597 Deus,

1894 4642 1955 4684 ea
2000 4630 2200 4693 lsaias,
2249 4639 2305 4683 ut
2351 4641 2508 4684 erant
2555 4640 2851 4690 eventura,
2907 4631 2981 4682 ita
3030 4628 3306 4699 expOsuit.
3357 4626 3472 4680 Nisi

1897 4721 2037 4774 forte
2082 4720 2234 4785 illud,
2268 4723 2449 4785 amici,
2478 4723 2719 4792 inquam,
2757 4722 3042 4791 ignoratis,
3077 4721 3247 4774 multa
3272 4734 3478 4775 arcane

196 4623 337 4693 πρὸς
370 4622 537 4675 Δαὸὶδ
568 4623 672 4676 ὑπὸ
704 4623 835 4676 Θεοῦ
875 4627 932 4677 ὲν
968 4627 1253 4695 μυστηρίῳ
1298 4628 1385 4680 διὰ
1424 4628 1670 4693 Ἡσαΐου,
1708 4631 1783 4695 ὡς

197 4712 389 4783 ἔμελλε
422 4713 666 4780 γίνεσθαι
713 4714 972 4788 ὲξηγὴθη.
1010 4717 1072 4769 Ei
1109 4718 1182 4787 μή
1222 4736 1274 4769 τι
1320 4719 1477 4773 τοῦτο
1523 4722 1623 4773 οὐκ
1672 4723 1790 4774 ἐπί-

286 4890 333 4920 "
365 4889 469 4944 lsa.
495 4906 611 4955 Llll,
640 4892 689 4945 8.
770 4893 815 4923 "
842 4891 943 4948 lsa.
975 4910 1075 4959 vn,
1108 4894 1195 4951 Η.

272 5074 386 5144 (l8)
421 5076 548 5150 AKai-
586 5076 703 5150 νῦν
750 5078 852 5133 ὑπ’
899 5079 1065 5150 ἐμοῦ.
1124 5078 1388 5150 Observat
1440 5074 1778 5150 _Sylbt_trgius
1877 5077 1988 5132 27':
2025 5095 2043 5129 ι
2078 5074 2312 5150 Propter
2359 5075 2465 5132 hoc
2510 5078 2654 5133 enim
2696 5088 2749 5133 et
2792 5080 2861 5133 de
2899 5078 3327 5150 {ructaveritris
3356 5075 3479 5145 ejtrs

200 5145 618 5219 convenientium
661 5149 795 5219 fore,
826 5149 870 5203 si
910 5145 1181 5204 scribatur
1208 5148 1299 5199 ὑπ’
1333 5145 1621 5217 spoliat
1656 5145 1772 5204 νῦν.
1880 5163 2061 5218 regem
2091 5145 2361 5216 promisit,
2392 5150 2537 5217 quol
2568 5159 2687 5203 erat
2731 5151 3013 5219 proprium
3061 5148 3295 5217 Virginis
3328 5164 3471 5219 pra:-

203 5166 616 5200 ronvemeuuus
661 5166 795 5211 lore,
826 5166 870 5203 st
910 5166 1181 5204 scribatur
1208 5166 1285 5199 υπ
1333 5166 1490 5217 εμου,
1528 5166 1621 5200 και
1656 5166 1772 5204 νυν.
1880 5166 2061 5218 regem
2091 5166 2361 5216 promtsrt,
2392 5166 2537 5217 quoa
2568 5166 2687 5203 erat
2772 5166 3013 5219 roprmm
3064 5166 3295 5217 Virginis
3328 5166 3471 5217 pra:-

203 5215 311 5288 _Sed
359 5214 486 5288 illud
536 5218 633 5269 καὶ
667 5218 762 5272 νῦν
815 5223 1151 5274 commodam
1204 5219 1367 5273 habet
1415 5221 1773 5273 sententiam.
1877 5219 2134 5288 guantis;
2179 5228 2233 5270 et
2273 5234 2379 5271 non
2416 5220 2483 5273 de
2511 5219 2701 5273 fructu
2730 5166 3043 5274 nimborum
3073 5220 3213 5288 ejus,
3261 5233 3367 5272 nec
3404 5218 3472 5270 de

205 5234 311 5271 aeu
359 5234 485 5268 nqu
536 5234 633 5269 και
667 5236 762 5272 νυν
815 5234 1151 5274 commouam
1204 5234 1367 5273 naue:
1415 5234 1773 5273 sententiam.
1933 5234 2134 5283 ianus;
2179 5234 2233 5270 et
2273 5234 2379 5271 non
2416 5234 2483 5273 ue
2511 5234 2701 5273 tructu
2730 5234 3043 5274 lumborum
3073 5235 3213 5288 ejus,
3261 5234 3367 5272 nec
3404 5234 3472 5270 ne

205 5286 358 5358 Idem
386 5285 527 5337 enim
552 5298 635 5358 est
661 5305 723 5341 ac
753 5307 771 5339 ι
798 5290 1205 5358 ςιίιιηιιιιοόο.»
1877 5234 2059 5342 ﬂuctu
2107 5304 2296 5341 renum
2328 5288 2470 5354 ejus,
2503 5288 2647 5357 quod
2689 5300 2773 5342 est
2827 5291 3108 5358 pr0prium
3151 5289 3251 5342 viri
3300 5302 3475 5358 gene-

274 5354 395 5477 (19ἐ
428 5354 733 5477 Δυνάέιεθα
764 5355 1176 5413 sirat.Woltius
1222 5358 1431 5411 monuit
1484 5358 1779 5429 legendum
1879 5359 2073 5422 rantis,
2100 5366 2156 5411 et
2188 5358 2434 5412 mulieris
2461 5354 2531 5411 «δι’
2560 5362 2676 5412 viro
2708 5354 3123 5426 conceptionem
3158 5354 3475 5411 facientis.)

274 5442 320 5477 se
398 5426 568 5477 υνάιιε
607 5445 640 5477 α
674 5429 773 5477 ἔτι-
812 5428 1080 5477 Svmuac.
1130 5430 1283 5477 Nulla
1319 5433 1561 5477 mutandi
1600 5442 1782 5477 textus
1880 5429 1948 5477 Et
1993 5428 2247 5477 similiter
2302 5429 2670 5477 Tertulliauns
2708 5430 2803 5477 ιιι».
2848 5446 2906 5477 ιιι
2958 5440 3141 5477 contra
3180 5428 3473 5477 Marciam-

184 5442 320 5489 esse
368 5426 640 5495 δυνάμεθα
674 5429 773 5482 ἔτι.
812 5428 1080 5484 Summo.
1128 5430 1283 5483 Nulla
1319 5426 1561 5483 mutandi
1600 5442 1782 5485 textus
1880 5429 1948 5483 Et
1993 5428 2247 5482 similiter
2302 5429 2670 5483 Tertulliauus
2708 5430 2803 5483 lib.
2847 5446 2906 5483 ιιι
2958 5440 3141 5483 contra
3180 5428 3475 5493 Marcion,

206 5498 527 5558 necessitas,
556 5514 653 5552 nec
688 5500 816 5552 illud
844 5498 925 5551 ἔτι
959 5502 1215 5553 convenit
1247 5502 1373 5555 huic
1401 5500 1543 5553 loco.

435 5564 589 5649 Vulg:
621 5570 775 5649 παρὰ·
802 5569 1179 5649 φεῷ,¹νὶιὶοξθ.
1218 5571 1394 5649 Οτι-[ιε

274 5635 388 5702 (21)
445 5637 588 5707 Ἀπὸ
638 5635 749 5706 τῆς
796 5635 1046 5707 ὀσφύος.
1105 5640 1301 5707 luterp.
1348 5637 1484 5691 LXX
1528 5639 1779 5695 habent:

216 5704 311 5779 Ἐκ
345 5706 556 5773 καρποῦ
585 5704 922 5779 τῆςκοιλίας
956 5708 1141 5773 αὑτοῦ,
1182 5728 1200 5760 ι
1229 5704 1299 5763 De
1338 5709 1514 5763 fructu
1576 5714 1785 5766 ventris

1887 5704 2111 5775 boi'tun;
2149 5728 2167 5761 ι
2218 5725 2341 5763 cum
2386 5711 2499 5778 ipse
2545 5712 2609 5763 ι).
2654 5704 2877 5776 Petrus,
2914 5710 3035 5763 Act.
3066 5706 3281 5771 xr,.50,
3326 5712 3468 5779 hanc

208 5776 360 5851 ejus,
390 5795 409 5827 ι
456 5792 560 5831 non
602 5776 1024 5851 {Intnhorumn
1076 5780 1218 5851 Psal.
1261 5794 1463 5845 cxxxt,
1504 5780 1559 5834 ll
1587 5818 1602 5843 ,
1640 5783 1783 5836 unde

1887 5780 2221 5851 prophetiam
2259 5776 2495 5835 recitanti
2522 5782 2699 5836 dicat:
2754 5784 2846 5838 Ἐκ
2882 5781 3095 5850 καρποῦ
3134 5780 3238 5851 τῆς,
3264 5778 3474 5850 ὀσφύος

211 5848 281 5900 ita
334 5858 745 5917 argumentatur
781 5847 1031 5915 lrenms,
1063 5850 1197 5909 Adv.
1228 5850 1359 5906 har.
1402 5851 1495 5905 lib.
1526 5866 1586 5905 tn
1609 5890 1623 5917 ,
1654 5866 1777 5924 cap.
1883 5847 2068 5904 αὑτοῦ.
2108 5847 2253 5905 sts.

1885 5515 2007 5569 cap.
2034 5497 2125 5553 20.
2168 5498 2367 5569 Parum
2401 5514 2530 5569 vero
2561 5500 2858 5553 soliditatis
2898 5502 3038 5555 hanc
3070 5501 3274 5555 habere
3300 5513 3466 5567 argu-

1886 5568 2279 5623 mentationem
2308 5568 2388 5622 Cl.
2416 5568 2674 5623 observat
2699 5569 2938 5625 Grahius
2966 5570 3019 5622 in
3045 5572 3229 5622 adnot.
3260 5570 3326 5620 ad
3361 5569 3473 5622 loc.
3501 5626 3511 5632 _

1883 5650 1934 5693 et
1965 5640 2265 5708 praesertim
2309 5639 2727 5707 distinctionem,
2756 5642 2900 5696 illaut
2957 5658 2973 5691 ι
3002 5641 3207 5695 ventris
3237 5649 3299 5708 get
3327 5640 3467 5691 lum-
