4108 6420
95 400 214 453 649

1101 381 1447 439 DIALOGUS
1478 378 1624 436 CUM
1663 364 2037 430 TRYPIIONE
2074 359 2343 421 JUDIEO.

3277 353 3381 414 650

99 516 429 588 μελλόντων
507 513 635 584 παρ’
690 513 822 582 ἡμῖν
885 507 1027 579 (54)
1089 502 1694 577 παραπεφυλαγμὲνων.

1806 495 2049 552 veniunt,
2097 495 2174 540 tot
2211 483 2325 551 jam
2367 490 2526 534 antea
2574 479 2750 532 allatae
2797 476 3124 546 Scriptum,
3175 488 3382 546 printer

181 697 280 751 7L
320 696 430 750 Καὶ
463 698 490 750 ὁ
523 694 756 765 Τρύφων
802 692 903 762 ἔφη
926 709 938 720 ·
981 691 1101 743 ’Ὁτι
1133 689 1200 742 δι’
1236 687 1382 758 ἡμᾶς
1429 683 1697 751 ἀξιώσαν-

97 805 210 853 τας
263 787 626 857 ἀνιστόρησας
679 784 866 845 αὑτὰς,
918 779 1282 849 ἐπιστάμεθα.
1332 778 1470 847 Περὶ
1515 769 1572 828 δὲ
1607 774 1696 827 τοῦ

97 880 338 949 ψαλμοῦ
374 876 580 942 τούτου,
617 878 675 929 ὃν
708 875 1020 928 τελευταῖον⁵
1059 871 1193 940 ἔφης
1242 869 1350 923 ἀπὸ
1396 868 1503 921 τῶν
1537 865 1700 919 Δασιδ

100 974 314 1042 λὸγων,
351 973 412 1025 ού
446 971 593 1024 δοκεί
627 987 717 1039 μοι
766 971 844 1033 εἱς
893 967 1049 1020 ἄλλον
1098 966 1218 1018 τινὰ
1264 963 1536 1032 εἰρῆσθαι,
1585 958 1698 1012 ἀλλ’

101 1067 190 1128 είς
219 1066 316 1116 τὸν
351 1062 570 1131 Πατέρα
603 1060 693 1113 τὸν
728 1059 821 1112 καὶ
853 1057 980 1119 τοὺς
1027 1053 1290 1124 οὐρανοὺς
1339 1049 1432 1104 καὶ
1466 1049 1561 1118 τὴν
1596 1047 1700 1115 γῆν

103 1155 442 1224 ποιήσαντα.
470 1151 540 1202 Σὺ
574 1150 620 1202 δ’
654 1145 815 1201 αὐτὸν
849 1147 952 1216 φῂς
988 1146 1067 1207 εἰς
1096 1141 1186 1195 τὸν
1220 1138 1459 1210 παθητὸν
1492 1139 1697 1197 τοῦτον,

103 1247 167 1298 ὃν
201 1245 303 1298 καὶ
335 1241 570 1316 Χριστὸν
618 1237 758 1294 εἶναι
806 1237 1126 1302 σπουδάζεις
1173 1233 1576 1295 ἀποδεικνύναι,
1620 1232 1699 1282 εἰ-

108 1336 181 1406 ρῆ
190 1336 338 1389 σθαι.

180 1592 302 1644 Καὶ
326 1591 711 1662 ἀπεκρινάμην
730 1601 742 1617 ⁸
772 1589 870 1642 Διά
895 1588 1094 1653 λέξεως
1123 1588 1188 1658 ἦν
1215 1587 1272 1639 τὸ
1294 1586 1448 1654 ἅγιον
1475 1585 1701 1655 Πνεῦμα

110 1684 173 1737 ὲν
207 1683 389 1752 τούτῳ
422 1683 496 1751 τῷ
520 1681 719 1752 ψαλμῷ
765 1679 1156 1749 ἀνεφθέγξατο,
1188 1679 1415 1749 νοήσατε
1455 1672 1699 1745 λέγοντός

109 1795 244 1846 μου,
276 1775 613 1848 παρακαλῶ·
666 1773 760 1827 καὶ
802 1773 1075 1842 γνώσεσθε
1123 1772 1244 1824 οὔτε
1295 1771 1476 1834 κακῶς
1516 1789 1581 1840 με
1616 1769 1702 1822 λέ-

1801 601 1918 645 eas,
1953 595 2071 650 quae,
2099 579 2238 647 apud
2277 591 2371 629 vos
2396 583 2621 628 servata:
2655 571 2912 637 deinceps
2943 569 3306 639 proferentur.

1875 675 1962 726 74.
2011 672 2159 724 Patri
2207 669 2454 720 attribuit
2502 667 2711 719 initium
2757 663 2945 730 psalmi
2994 677 3114 715 xcv.
3168 662 3380 714 Christo

1801 780 1973 820 autem
2019 765 2082 816 ab
2115 763 2195 814 Itis
2227 763 2394 814 verbis
2420 777 2438 811 .'
2483 779 2501 809 ι
2544 758 2712 810 Dicite
2753 758 2807 809 in
2846 758 3084 825 gentibus
3115 757 3238 825 quia
3274 753 3379 806 Do-

1801 859 1998 917 minus,
2039 872 2056 905 ι
2087 862 2193 906 etc.
2224 881 2291 889 —-
2327 850 2464 903 Tum
2492 847 2750 916 Trypho:
2791 845 3027 908 Scimus,
3065 842 3259 910 inquit,
3295 855 3383 892 ro-

1803 957 1928 1016 gatu
1978 953 2162 996 nostro
2204 957 2296 995 eas
2341 957 2368 992 a
2414 949 2465 993 te
2513 939 2778 992 reeitatas
2835 951 2972 989 esse.
3019 936 3089 989 At
3141 931 3384 1000 psalmus

1808 1040 1920 1100 ille,
1974 1051 2136 1106 quem
2177 1047 2512 1101 postremum
2552 1047 2616 1083 ex
2659 1029 2878 1083 Davidis
2915 1027 3146 1081 oraculis
3183 1027 3378 1079 recita-

1803 1132 1894 1192 sti,
1928 1145 2031 1183 non
2067 1128 2199 1182 mihi
2242 1127 2459 1179 videtur
2505 1125 2555 1177 in
2601 1123 2768 1175 alium
2817 1121 3000 1174 dictus
3038 1133 3183 1182 esse,
3216 1133 3380 1187 quam

1805 1225 1856 1276 in
1893 1221 2135 1284 Patrem,
2172 1219 2261 1287 qui
2300 1218 2493 1272 C(elum
2530 1224 2584 1268 et
2619 1224 2822 1268 terram
2860 1211 3096 1265 creavit.
3134 1206 3213 1263 Tu
3249 1225 3380 1262 vero

1803 1317 2008 1371 dictum
2042 1327 2161 1367 esse
2203 1310 2487 1365 contendis
2519 1301 2570 1362 in
2598 1308 2763 1362 istum
2799 1305 3247 1373 perpessionibus
3283 1304 3382 1356 ob-

1805 1409 2049 1473 noxium,
2091 1422 2249 1477 quem
2287 1413 2341 1458 et
2377 1403 2656 1457 Christum
2703 1415 2824 1456 esse
2869 1399 3094 1454 conaris
3153 1399 3380 1452 demon-

1804 1517 2007 1562 strare.

1873 1598 1951 1652 Ad
1989 1597 2102 1651 haec
2124 1610 2224 1664 ego
2252 1613 2263 1648 :
2290 1593 2640 1648 Locutionem
2673 1608 2701 1643 a
2736 1590 2944 1658 Spiritu
2972 1596 3162 1643 sancto
3197 1587 3248 1640 in
3280 1587 3380 1642 hoc

1802 1691 2010 1762 psalmo
2067 1689 2472 1759 pronuntiatam
2537 1685 2816 1740 adhibenti
2879 1682 3036 1742 mihi,
3105 1679 3380 1745 animum,

1804 1797 2011 1850 quaeso,
2041 1779 2340 1840 advertite;
2371 1792 2434 1830 ac
2472 1775 2723 1829 videbitis
2755 1787 2856 1827 nec
2897 1787 2981 1825 me
3012 1770 3263 1838 improbe
3295 1770 3378 1823 di—

106 1886 253 1938 γειν,
282 1870 395 1923 οὗθ’
421 1870 564 1940 ὑμᾶς
589 1868 698 1938 (55)
724 1867 891 1932 ὅντως
917 1861 1253 1937 κεκηλῆσθαι
1274 1880 1286 1896 ⁴
1313 1863 1484 1929 οὕτως
1507 1867 1614 1935 γάρ
1634 1860 1694 1916 ἂν

1802 1888 1948 1938 cere,
1985 1885 2083 1926 nec
2127 1885 2221 1924 vos
2264 1883 2487 1937 prorsus
2517 1866 2746 1919 laetatos
2795 1863 2992 1930 fuisse;
3030 1861 3108 1916 sic
3146 1862 3291 1914 enim
3325 1872 3382 1914 et

109 1964 211 2018 καί
253 1962 426 2014 πολλά
469 1962 600 2015 ἀλλα
635 1962 820 2031 νοῆσαι
859 1960 966 2013 τῶν
1000 1959 1105 2013 ὑπὸ
1137 1960 1228 2012 τοῦ
1256 1951 1410 2027 ἁγίου
1446 1957 1697 2027 Πνεύμα-

107 2069 202 2118 τος
253 2051 564 2125 εἰρημένων
614 2053 734 2106 καθ’
782 2051 1010 2116 ἑαυτοὺς
1055 2045 1338 2121 γενόμενοι
1383 2049 1695 2121 δυνήσεσθε.

115 2165 134 2195 ι
183 2146 389 2217 ’ᾼσατε
425 2144 502 2215 τῷ
536 2145 725 2216 Κυρίῳ
761 2141 911 2215 ᾆσμα
944 2143 1159 2196 καινόν·
1198 2144 1364 2214 ᾅσατε
1398 2143 1473 2213 τῷ
1512 2143 1700 2214 Κυρίῳ

111 2237 335 2305 πᾶσαή
386 2236 490 2305 γῆ·
543 2235 710 2306 ᾇσατε
757 2233 834 2304 τῷ
876 2228 1084 2303 Κυρίῳ,
1124 2233 1218 2286 καὶ
1265 2231 1593 2303 εύ).ογήσατε
1641 2231 1698 2283 τὸ

110 2329 291 2402 ὄνομα
323 2329 510 2384 αὐτοῦ.
548 2326 974 2396 Εύαγγελίζεσθε
1017 2327 1233 2397 ἡμέραν
1282 2325 1341 2390 ἐξ
1389 2325 1602 2396 ἡμέρας
1641 2326 1700 2378 τὸ

113 2423 392 2494 σωτήριον
437 2420 620 2484 αὑτοῦ,
672 2422 728 2471 ὲν
775 2421 909 2472 πᾶσι
958 2419 1068 2483 τοῖς
1112 2418 1259 2482 λαοῖς
1305 2417 1374 2471 τά
1423 2417 1698 2488 θαυμάσια

112 2515 308 2570 αὑτοῦ.
353 2533 372 2564 ι
423 2514 508 2578 Ὠς
541 2515 618 2583 τῷ
651 2513 768 2584 Θεῷ
802 2512 898 2565 καὶ
931 2510 1107 2581 Πατρὶ
1155 2509 1261 2562 τῶν
1293 2509 1429 2562 ὅλων
1477 2509 1696 2581 ᾅδοντας

113 2607 213 2661 καὶ
246 2606 552 2675 ψάλλοντας
586 2603 712 2669 τοὺς
746 2603 854 2658 ἀπὸ
889 2602 1068 2672 πάσης
1102 2600 1198 2671 τῆς
1244 2601 1346 2672 γῆς
1381 2596 1606 2669 γνόντας
1640 2598 1699 2651 τὸ

113 2699 387 2768 σωτήριον
435 2694 590 2749 τοῦτο
639 2693 956 2766 μυστήριον,
1005 2691 1247 2747 τουτέστι
1286 2690 1343 2744 τὸ
1391 2693 1558 2755 πάθος
1603 2692 1695 2746 τοῦ

113 2789 377 2861 Χριστοῦ,
401 2788 465 2841 δι’
491 2782 551 2841 οὗ
579 2781 797 2851 τούτους
827 2784 1050 2850 ἔσωσεν,
1075 2785 1434 2854 ἐνδιάγοντας,
1466 2785 1694 2851 κελεύει,

118 2881 445 2949 ὲπιγνόντας
479 2881 559 2932 ὅτι
593 2879 687 2932 καὶ
720 2876 950 2942 αίνετδς,
989 2879 1085 2931 καὶ
1120 2875 1370 2948 φοϐερὸς,
1405 2876 1500 2929 καὶ
1540 2894 1698 2946 ποιη-

117 2974 214 3042 τὴς
231 2972 325 3026 τοῦ
357 2990 414 3024 τε
435 2972 660 3043 ούρανοῦ
692 2967 787 3025 καὶ
821 2971 919 3040 τῆς
954 2971 1122 3041 γῆς,ὁ
1153 2972 1311 3024 τοῦτο
1342 2971 1401 3024 τὸ
1435 2972 1700 3042 σωτήριον

126 3065 271 3136 ὑπὲρ
306 3063 397 3116 τοῦ
434 3062 771 3133 ἀνθρωπείου
806 3061 997 3129 γένους
1033 3057 1283 3132 ποιήσας,
1310 3061 1400 3112 τὸν
1432 3059 1528 3113 καὶ
1566 3062 1702 3130 μετὰ

117 3159 180 3210 τὸ
215 3151 592 3227 σταυρωθῆναι
638 3151 1080 3222 ἀποθνήσκοντα,
1116 3149 1208 3206 καὶ
1250 3151 1554 3223 βασιλεύειν
1590 3152 1699 3222 (56)

1804 1965 1971 2020 multa
2008 1963 2112 2018 alia
2153 1977 2217 2015 ex
2268 1961 2507 2028 Spiritus
2548 1958 2720 2012 sancti
2758 1957 2924 2011 dictis
2974 1971 3070 2024 per
3112 1969 3208 2009 vos
3255 1954 3378 2023 ipsi,

1802 2072 1925 2110 eum
1954 2072 1982 2109 a
2006 2069 2093 2110 me
2124 2052 2513 2116 discesseritis,
2552 2047 2855 2115 intelligere
2885 2047 3152 2115 poteritis.
3191 2064 3208 2095 ι
3246 2042 3384 2098 Can-

1804 2159 1912 2203 tate
1938 2147 2161 2201 Domino
2184 2146 2453 2201 canticum
2488 2155 2685 2195 novum
2712 2153 2724 2192 :
2751 2139 2978 2194 Cantate
3010 2137 3239 2193 Domino
3263 2153 3382 2190 om-

1804 2241 1892 2296 nis
1947 2250 2112 2294 terra.
2161 2238 2390 2293 Cantale
2437 2235 2683 2299 Domino,
2729 2241 2783 2287 et
2828 2232 3131 2287 benedieite
3173 2231 3380 2285 nomini

1800 2329 1935 2395 eius.
1967 2327 2302 2382 Annuntiate
2337 2326 2403 2379 de
2433 2325 2517 2376 die
2568 2322 2622 2375 in
2655 2323 2797 2375 diem
2849 2320 3083 2375 salutare
3125 2321 3266 2391 ejus,
3320 2322 3377 2375 in

1801 2422 2054 2476 omnibus
2097 2419 2311 2490 populis
2361 2415 2636 2470 mirabilia
2671 2414 2807 2481 ejus.
2839 2433 2872 2466 -ι
2910 2414 3168 2468 llortatur
3197 2423 3255 2467 ut
3287 2414 3380 2484 qui

1801 2532 1863 2570 ex
1898 2525 2007 2569 toto
2039 2522 2305 2567 terrarum
2340 2511 2473 2565 orbe
2502 2508 2748 2564 salutare
2780 2508 2909 2562 illud
2943 2509 3290 2578 mysterium,
3327 2509 3380 2563 id

1801 2616 1884 2660 est
1906 2604 2211 2674 passionem
2237 2602 2462 2666 Christi,
2486 2615 2584 2669 per
2612 2615 2773 2669 quam
2804 2614 2833 2652 a
2862 2598 2973 2653 Deo
3006 2609 3131 2654 sunt
3159 2597 3378 2663 salvati,

1801 2706 2153 2768 cognoscunt,
2190 2697 2223 2750 ii
2251 2695 2367 2749 Deo
2404 2703 2458 2748 et
2489 2693 2634 2747 Patri
2664 2694 3042 2746 universorum
3076 2691 3381 2747 indesinen-

1804 2800 1885 2844 ter
1913 2797 2113 2844 canant
2151 2795 2206 2842 et
2239 2787 2514 2856 psallaut;
2562 2792 2921 2854 agnoscentes
2963 2783 3291 2838 laudabilem
3325 2797 3380 2838 et

1804 2881 2098 2936 terribilem
2137 2891 2189 2936 et
2215 2880 2555 2936 conditorem
2588 2878 2709 2932 caali
2747 2886 2802 2930 et
2833 2887 2992 2931 terrae
3021 2890 3147 2931 eum
3172 2892 3314 2943 esse,
3347 2894 3377 2930 a

1802 2990 1909 3044 quo
1936 2976 2049 3029 hate
2089 2974 2237 3029 salus
2265 2974 2504 3026 humano
2548 2970 2729 3029 generi
2769 2967 2909 3023 facta
2951 2980 3056 3035 est,
3089 2970 3180 3025 ille
3227 2971 3381 3025 vide-

1805 3069 1930 3121 licet
1975 3068 2065 3136 qui
2115 3064 2402 3137 postquam
2444 3065 2595 3119 cruci
2648 3063 2841 3118 aliims
2889 3074 2943 3117 et
2986 3074 3235 3119 mortuus
3272 3075 3376 3125 est,

1808 3158 1965 3227 172
2014 3173 2178 3227 regno
2219 3157 2382 3211 totius
2418 3157 2568 3211 orbis
2613 3165 2884 3209 terrarum
2927 3157 2996 3212 ab
3035 3171 3101 3212 eo
3143 3156 3380 3211 donatus

119 3250 303 3319 πάσης
368 3248 465 3317 τῆς
527 3247 630 3316 γῆς
691 3245 1097 3317 κατηξιωμένον
1155 3245 1246 3297 ὑπ’
1294 3243 1481 3298 αὑτοῦ.
1537 3263 1555 3295 ι
1608 3244 1693 3308 Ὡς

1800 3261 1901 3303 est.
1952 3268 1969 3299 ι
2010 3249 2076 3302 Ει
2122 3262 2425 3316 exsurgens
2470 3249 2558 3302 hic
2598 3248 2829 3318 populus
2859 3247 3219 3302 fornicabitur
3258 3258 3380 3316 pest

118 3336 212 3391 καὶ
245 3336 334 3390 διὰ
367 3336 462 3406 τῆς
496 3333 597 3406 γῆς
633 3330 744 3404 (ὔἹ)
790 3338 868 3400 εἰς
903 3336 970 3407 ἢν
1017 3328 1170 3400 οὗτος
1205 3334 1583 3405 εἰσπορεύεται
1618 3336 1696 3398 εἰς

119 3428 310 3499 αὐτὴν,
337 3427 432 3481 καὶ
459 3422 910 3496 ὲγκαταλείῲουσί
941 3446 1029 3498 με,
1055 3427 1149 3481 καὶ
1172 3427 1582 3481 διασκεδάσουσι
1600 3428 1695 3498 τὴν

119 3519 387 3591 διαθήκην
456 3536 559 3590 μου
610 3521 677 3590 ἢν
737 3516 997 3590 διεθέμην
1049 3521 1230 3584 αὐτοῖς
1285 3522 1343 3572 ἐν
1389 3521 1454 3592 τῇ
1513 3521 1696 3591 ἡμέρᾳ

122 3611 309 3684 ἐκείνῃ
332 3611 442 3682 (58)
462 3628 475 3642 '
513 3607 607 3666 καὶ
640 3610 950 3680 καταλείψω
983 3612 1198 3676 αὐτοὺς,
1244 3613 1338 3665 καὶ
1370 3614 1698 3684 ἀποστρέψω

119 3705 180 3757 τὸ
213 3701 508 3775 πρόσωπόν
537 3723 636 3774 μου
664 3706 758 3758 ἀπ’
785 3705 961 3758 αὐτῶν
982 3721 994 3734 ·
1024 3706 1119 3757 καὶ
1153 3707 1302 3759 ἔσται
1331 3705 1694 3776 κατάὸρωμα,

122 3798 216 3851 καὶ
249 3796 568 3868 εὑρήσουσιν
594 3797 752 3850 αυτόν
781 3798 927 3850 κακά
973 3793 1142 3850 πολλά
1186 3795 1281 3851 καὶ
1328 3798 1533 3867 θλίψεις
1554 3815 1565 3826 ·
1602 3795 1695 3850 καὶ

159 3973 311 4056 ,(54)
351 3975 494 4056 Παρ’
526 3974 690 4044 ἡμῖν.
727 3973 1039 4046 Legendum
1073 3975 1201 4046 παρ’
1238 3974 1501 4046 ὑμῖνῙιιῐη
1535 3976 1691 4030 multi

123 4055 395 4100 Viderunt.

203 4116 318 4186 (55)
363 4116 498 4168 000‘
525 4115 698 4185 ὑμᾶς.
731 4115 920 4170 Melius
954 4117 1197 4183 profecto
1224 4116 1392 4184 ἡμᾶς,
1436 4125 1493 4167 ιιι
1537 4117 1693 4170 initio

130 4186 340 4254 Dialogi
377 4202 431 4240 ιι.
461 4187 517 4248 9.
539 4187 626 4241 ubi
653 4186 898 4240 JnStinus
922 4188 1273 4254 probaturum
1301 4202 1358 4239 se
1385 4186 1689 4252 pollicetur,

125 4258 464 4311 Christianos
505 4273 610 4310 non
657 4257 828 4322 vanis,
868 4265 926 4308 ut
966 4257 1181 4309 dixerat
1223 4255 1472 4325 Trypho,
1513 4258 1694 4311 credi-

128 4330 268 4383 disse
297 4329 661 4381 sermonibus.

197 4397 305 4468 (56)
345 4399 456 4450 Καὶ
494 4398 872 4462 βασιλεύειν.
907 4396 1204 4468 Sententia:
1241 4396 1437 4468 seriem
1480 4400 1692 4467 perspi-

125 4466 248 4523 cere
278 4483 459 4538 Operre
494 4470 728 4536 pretium
760 4476 861 4521 est.
893 4467 1026 4522 Cum
1064 4467 1290 4539 moleste
1338 4466 1503 4520 ferret
1540 4466 1687 4539 Try-

127 4542 252 4605 pho,
312 4537 455 4608 quod
501 4539 738 4608 psalmus
785 4555 804 4588 ι
848 4539 1078 4592 Cautate
1121 4537 1349 4590 Domino
1408 4537 1686 4591 canticum

1804 3343 1932 3395 deos
1957 3341 2163 3395 alienos
2195 3351 2375 3406 terra),
2407 3338 2458 3391 in
2489 3353 2652 3408 quam
2694 3339 2782 3393 hic
2816 3339 3140 3408 ingreditur,
3173 3348 3231 3391 ut
3274 3339 3374 3392 ha-

1802 3435 1935 3488 bitet
1966 3436 2016 3487 in
2049 3450 2135 3498 ea,
2167 3444 2220 3487 et
2253 3434 2635 3500 derelinquent
2685 3449 2801 3496 me";
2828 3441 2883 3485 et
2913 3431 3260 3498 dissipabunt
3297 3441 3376 3485 te-

1800 3535 2126 3580 stamentum
2181 3541 2385 3590 meum,
2435 3526 2576 3593 quod
2627 3532 2856 3578 testatus
2899 3537 3017 3576 sum
3054 3523 3134 3576 eis
3181 3523 3234 3577 in
3288 3525 3376 3578 die

1802 3619 1926 3682 illa;
1960 3628 2014 3673 et
2041 3618 2414 3684 derelinquam
2444 3632 2557 3678 eos,
2591 3625 2644 3670 et
2686 3623 2926 3668 avertam
2958 3613 3154 3669 facient
3197 3630 3374 3668 meam

1800 3709 1868 3762 ab
1904 3710 2014 3767 eis;
2051 3719 2105 3761 et
2137 3709 2242 3761 erit
2273 3721 2419 3769 esea,
2451 3715 2507 3758 et
2538 3707 2816 3759 invenient
2845 3719 2968 3759 eum
3005 3705 3146 3758 mala
3184 3707 3373 3770 multa,

1801 3811 1858 3854 et
1898 3800 2310 3863 tribulationes;
2341 3809 2396 3850 et
2425 3798 2567 3852 dicet
2595 3800 2647 3851 in
2680 3800 2767 3851 die
2801 3799 2924 3852 illa:
2959 3798 3229 3865 Quoniam
3266 3815 3377 3855 non

1800 3993 1970 4046 usque
2002 3977 2067 4029 ad
2099 3995 2153 4032 ιι.
2182 3976 2329 4030 illum
2361 3976 2447 4040 '77,
2477 3993 2542 4030 eo
2573 3988 2803 4043 spectat,
2840 3987 2898 4029 ut
2932 3980 3192 4045 probetur
3216 3979 3377 4033 Chri-

1799 4060 1944 4103 stum
1976 4061 2097 4100 esse
2129 4046 2418 4100 Dominum
2466 4060 2781 4116 regnantem
2826 4064 2852 4099 a
2896 4048 3060 4116 ligno.
3100 4048 3234 4104 Hinc
3276 4051 3378 4102 sub

1802 4120 1963 4171 tinem
2014 4134 2069 4170 n.
2133 4118 2222 4176 76.
2272 4119 2552 4170 concludit
2600 4118 2844 4170 Justinus
2893 4120 3186 4186 prophetas
3233 4136 3373 4186 pra:-

1800 4189 2003 4241 dixisse
2031 4187 2306 4242 Christum
2342 4203 2628 4256 passurum
2670 4198 2720 4240 et
2767 4197 2953 4256 postea
2999 4198 3372 4257 regnaturum.

1800 4261 1858 4312 5·
1878 4260 2073 4312 Eodem
2105 4267 2351 4325 spectant
2374 4261 2480 4312 duo
2502 4259 2587 4311 illa
2613 4259 2923 4312 testimonia
2949 4261 3156 4326 psalmo
3184 4276 3205 4309 ι
3231 4260 3375 4314 Can-

1805 4341 1938 4394 tale,
1979 4347 1995 4378 ι
2038 4329 2351 4394 subiuncta,
2397 4343 2624 4396 quorum
2680 4330 2730 4381 in
2778 4332 2953 4398 primo
2989 4331 3046 4381 iit
3077 4331 3278 4383 mentio
3306 4332 3374 4385 de

1812 4410 1953 4452 terra
1989 4401 2273 4466 promissa,
2302 4399 2353 4450 in
2387 4413 2547 4466 quam
2585 4398 2754 4453 Judzei
2797 4400 3095 4452 introducti
3129 4410 3284 4466 sunt;
3316 4400 3369 4455 in

1799 4470 1969 4523 altero
2001 4469 2162 4531 Deus,
2203 4471 2291 4536 qui
2327 4470 2469 4523 hanc
2502 4479 2704 4523 terram
2753 4470 2928 4533 dedit,
2967 4486 3163 4522 nomen
3210 4485 3369 4525 suum

1797 4540 1980 4593 Jesnm
2036 4554 2156 4593 esse
2198 4539 2460 4592 declarat.
2502 4538 2627 4594 Haec
2675 4550 2852 4593 antem
2903 4541 3212 4593 testimonia
3265 4555 3370 4594 non

129 4607 364 4663 novum:
418 4620 630 4663 cantate
667 4607 899 4663 Domino
926 4608 1107 4660 ouinis
1154 4617 1324 4679 terra,
1359 4627 1376 4658 ι
1423 4610 1489 4661 ad
1533 4609 1692 4661 Cbri-
1726 4610 1768 4663 D
1798 4612 1905 4664 alio
1946 4610 2190 4672 tendunt,
2225 4610 2325 4662 nisi
2365 4622 2421 4662 ιιι
2456 4611 2713 4679 probetur
2751 4613 2803 4664 in
2837 4611 3371 4665 Christo‘bumilitas

128 4690 266 4731 stum
315 4679 652 4743 referretur;
709 4680 780 4731 ita
830 4694 939 4730 rem
986 4688 1252 4744 [eruperat
1299 4676 1568 4741 Justinus,
1631 4691 1687 4731 ut

163 4751 320 4801 artim
350 4749 520 4811 Patri,
551 4750 749 4817 partim
794 4748 930 4802 Filio
979 4749 1246 4814 psalmum
1291 4748 1434 4801 hunc
1463 4751 1688 4801 tribuat.

159 4819 258 4871 iam
294 4822 401 4874 Deo
440 4819 606 4884 Patri,
638 4820 730 4887 qui
779 4831 860 4873 est
909 4818 1195 4873 laudabilis
1241 4828 1296 4870 et
1345 4819 1607 4873 terribilis
1642 4831 1693 4872 et

132 4893 294 4945 cmlos
351 4891 500 4953 fecit,
552 4891 759 4957 gratias
805 4890 888 4957 agi
949 4890 1216 4953 declarat,
1262 4889 1405 4955 quod
1457 4891 1693 4943 salutare

131 4976 280 5012 suum
316 4961 686 5019 constituerit.
715 4976 909 5027 nempe
937 4958 1131 5012 Filium
1167 4961 1488 5012 crucitixum
1527 4972 1581 5013 et
1613 4979 1692 5015 re-

132 5031 468 5092 snscitatum,
496 5040 548 5083 et
585 5041 898 5100 regnantem
931 5031 982 5082 in
1015 5030 1267 5082 universa
1306 5041 1471 5083 terra.
1509 5033 1692 5098 itaque

134 5102 197 5153 ad
235 5100 447 5155 Patrem
489 5105 649 5153 refert
681 5103 910 5168 primam
958 5100 1146 5168 psalmi
1191 5112 1429 5167 partem,
1464 5101 1688 5154 alteram

135 5182 331 5237 autem,
358 5185 568 5238 nempe,
622 5190 638 5221 ι
681 5171 942 5224 Dominus
974 5170 1219 5240 regnarit
1245 5186 1272 5221 a
1299 5173 1464 5237 ligno,
1504 5191 1521 5223 ι
1556 5183 1688 5235 etc.,

135 5241 263 5295 Filio
297 5252 559 5296 reservat.

363 5312 458 5379 Ὠς
507 5312 603 5364 καὶ
651 5312 747 5365 διὰ
778 5311 889 5394 τῆς
928 5311 1061 5381 γῆς.
1102 5310 1204 5392 Hic.
1252 5312 1457 5381 aliqu.d
1501 5316 1689 5394 dcesse

200 5401 272 5436 IIII
300 5396 471 5436 estutn
496 5396 596 5436 est.
644 5384 919 5436 Nonnulli.
951 5397 1009 5435 ut
1043 5383 1278 5436 Gralnus
1301 5394 1353 5436 ct
1383 5382 1687 5436 Londinen-

137 5382 471 5438 manifestum
496 5396 596 5436 est.
644 5384 919 5449 Nonnulli,
951 5397 1009 5435 ut
1043 5383 1278 5436 Grabius
1301 5394 1353 5436 ct
1383 5382 1687 5437 Londinen-

137 5470 219 5508 ses
244 5455 495 5511 editores.
525 5455 665 5506 inter
697 5456 808 5508 haec
840 5458 1000 5509 verba
1027 5463 1080 5506 et
1111 5470 1173 5505 ea
1208 5468 1328 5520 quae
1356 5456 1682 5523 praecedunt,

139 5537 288 5578 tinem
320 5525 518 5592 prioris
563 5525 817 5593 colloquii
856 5536 910 5578 et
953 5525 1164 5577 initium
1202 5525 1420 5577 secundi
1474 5526 1686 5578 deside-

143 5605 273 5651 l’uttl.
302 5596 406 5650 Sed
429 5605 607 5648 tamen
642 5597 728 5647 vis
760 5600 859 5648 tria
897 5606 988 5648 aut
1011 5607 1247 5663 quatuor
1272 5596 1433 5647 verba
1466 5597 1681 5648 desunt.

140 5666 192 5717 ι’
229 5668 451 5735 Semper
486 5664 730 5719 Justinus
760 5678 1005 5718 versatur
1047 5669 1096 5718 in
1135 5681 1195 5719 ea
1229 5666 1583 5731 digressione,
1618 5669 1681 5717 ad

140 5753 290 5803 quam
323 5756 443 5790 eum
472 5749 756 5790 vocaverat
793 5736 1036 5808 Trypho,
1073 5752 1170 5789 nec
1215 5736 1352 5789 redit
1383 5739 1449 5788 ad
1489 5753 1684 5805 propo-

142 5813 314 5874 situm,
350 5810 402 5860 id
449 5817 531 5859 est
565 5809 629 5859 ad
673 5807 1092 5876 explicationem
1142 5808 1300 5876 hujus
1342 5808 1676 5877 prophetizc:

200 5881 330 5936 Ecce
380 5877 561 5947 Virgo,
607 5895 625 5927 ι
677 5878 776 5932 nisi
821 5895 873 5930 ιι.
927 5877 1014 5930 77.
1060 5881 1117 5930 2°
1157 5880 1426 5946 Quidquid
1464 5879 1679 5934 dissctit

441 5972 712 6033 Ρηιιοι.
754 5970 872 6031 Gn.
923 5971 1024 6032 Vl.

1798 4683 1982 4735 carnis
2013 4689 2066 4731 et
2099 4681 2355 4746 maiestas
2386 4681 2557 4748 regni.
2609 4680 2764 4734 Unde
2799 4682 2982 4733 statim
3011 4681 3161 4733 addit
3191 4681 3370 4734 Justi-

1799 4767 1900 4804 nus
1940 4753 2087 4811 eu‘m,
2119 4752 2208 4817 qui
2250 4766 2473 4818 regnum
2521 4752 2721 4819 accipit
2755 4763 3044 4812 :eternum,
3081 4766 3110 4802 a
3149 4751 3370 4806 Daniele

1803 4839 1820 4871 ι
1881 4833 2136 4888 tauquam
2196 4822 2362 4873 lilium
2412 4823 2653 4874 hominis
2692 4841 2707 4870 ι
2761 4822 2968 4874 νοεῖν-ἰ.
3024 4821 3208 4885 Quare
3258 4840 3366 4876 non

1799 4894 1947 4960 plura
1995 4894 2096 4944 hoc
2139 4891 2254 4943 loco
2304 4893 2489 4944 deesse
2535 4892 2879 4954 crediderim,
2917 4907 3077 4958 quam
3121 4908 3239 4960 quze
3280 4893 3367 4944 Ju-

1797 4966 1977 5015 stinus
2003 4964 2180 5014 dicere
2213 4963 2371 5025 solet,
2401 4980 2520 5014 cun:
2555 4966 2621 5014 ab
2651 4979 2758 5014 uno
2793 4961 3105 5015 testimonio
3130 4966 3194 5015 ad
3225 4965 3367 5016 aliud

1803 5035 2020 5086 transit.
2070 5034 2270 5086 Desunt
2310 5035 2474 5085 etiam
2521 5033 2704 5100 priora
2746 5035 2905 5084 verba
2961 5034 3256 5086 testimonii
3298 5050 3366 5086 ex

1799 5104 2221 5157 Denteronomio
2265 5105 2451 5171 petiti;
2487 5115 2649 5172 atque
2686 5104 2737 5155 iu
2788 5104 2928 5155 hunc
2964 5106 3183 5154 modum
3220 5106 3368 5156 vide-

1799 5185 1885 5225 tur
1925 5175 2110 5225 lacuna
2138 5175 2341 5241 expleri
2374 5190 2557 5242 posse:
2591 5174 2676 5235 Ὠς
2702 5174 2796 5225 καὶ
2824 5172 2913 5224 διὰ
2934 5174 3032 5242 τῆς
3059 5173 3158 5242 γῆς
3186 5175 3263 5237 εἰς
3302 5175 3369 5243 ἧν

1793 5245 1894 5312 ἔφη
1931 5243 2163 5315 εἰσάξειν
2214 5247 2333 5307 τοὺς
2366 5245 2606 5315 πατέρας
2641 5243 2814 5312 ὑμῶν,
2848 5243 3132 5311 φαίνεται·
3177 5245 3277 5312 ἔφη
3312 5248 3368 5298 οὲ

1791 5315 1983 5378 οὕτως.
2026 5331 2043 5362 ι
2074 5313 2538 5377 Quemadmodum
2569 5326 2621 5368 et
2656 5331 2750 5383 per
2785 5325 2985 5367 terram
3017 5319 3362 5382 perspicitur.

1791 5384 1844 5438 in
1875 5402 2036 5454 quam
2072 5401 2129 5436 se
2165 5388 2602 5439 introducturinn
2639 5386 2773 5438 dixrt
2798 5396 2978 5452 patres
3011 5395 3242 5439 vestros.
3273 5387 3367 5440 διε

1789 5467 1968 5509 autem
2026 5457 2289 5516 loquitur.
2330 5475 2348 5507 ι
2413 5456 2585 5509 Verba
2637 5470 2765 5508 vero
2804 5457 3102 5522 Scriptura:
3133 5456 3212 5510 sic
3265 5470 3364 5508 ex-

1792 5529 1980 5595 plenda
2007 5545 2021 5580 :
2056 5526 2223 5591 Οἶιτος
2248 5530 2275 5580 ὀ
2306 5527 2437 5590 λαὸς
2457 5526 2810 5598 ἐκπορνεύσει
2843 5526 3017 5577 ὀπίσω
3046 5525 3181 5578 θεῶν
3208 5524 3364 5578 ἁλλο-

1790 5598 1980 5680 cpio»;~
2000 5598 2096 5667 τῆς
2153 5601 2277 5668 γῆς.
2319 5598 2861 5680 Videturmrepetitio
2903 5600 3117 5680 “harum
3168 5612 3364 5658 vocum

1789 5669 2032 5741 τῆςνγῆς
2060 5675 2235 5741 locum
2283 5672 2501 5741 errandi
2542 5669 2781 5741 librariis
2813 5670 3048 5741 dedisse.

1857 5740 2215 5821 (5§)_\’_l§r_rﬁ
2245 5742 2430 5821 ᾑμέρᾳ
2459 5739 2680 5821 ἐκείνῃ.
2720 5742 2856 5821 Ante
2893 5739 3006 5819 haec
3038 5741 3202 5821 ireer
3237 5740 3367 5821 legi-

1789 5823 1874 5865 tur
1910 5814 1960 5865 in
1987 5812 2211 5867 Bibliis:
2249 5811 2356 5864 Καὶ
2394 5810 2789 5882 ὁργισθήσομαι
2829 5810 2985 5877 Θυμῴ
3023 5813 3102 5874 είς
3144 5810 3361 5874 αὐτούς.

3012 5973 3084 6031 ﬁl
