4108 6470
150 434 252 491 ειι

1152 426 1494 485 [ιιριιυουει
1525 426 1672 484 CUM
1706 421 2082 480 TBYPHONE
2114 420 2380 478 JUDEO.

3309 418 3420 475 6J2

151 549 318 622 ὑμῶν
353 550 636 622 μελετήσει
688 550 848 620 φὸΰον
896 549 1118 620 Κυρίου.
1169 549 1277 602 Ποῦ
1325 549 1470 602 ἐστιν
1510 549 1538 599 ὁ
1571 563 1735 617 γραμ·

1857 543 2090 609 debitis;
2121 542 2265 596 oculi
2298 539 2465 595 vestri
2498 537 2748 593 \‘idebttttl
2783 538 2848 593 de
2881 538 3071 609 longe;
3124 536 3306 592 anima
3339 552 3429 588 ve-

155 643 409 713 ματικδς,
439 643 540 697 ποῦ
575 646 712 697 εἰσὶν
740 645 786 696 οἱ
825 643 1196 713 βουλεύοντες;
1224 641 1333 695 Ποῦ
1365 640 1510 694 ἔστιν
1536 643 1563 693 ὁ
1620 635 1738 704 ἀρι-

156 737 313 802 θμῶν
329 737 852 809 τουςτρεςεομένους,
892 736 1082 807 μικρὸν
1121 737 1214 788 καὶ
1261 735 1431 804 μέγαν
1463 732 1626 792 λαόν;
1667 725 1738 802 ᾯ

151 827 213 880 οὐ
244 828 748 888 συνεϐουλεύσαντο,
781 829 900 881 οὐδὲ
925 827 1144 896 ᾔδεισαν
1178 825 1312 895 βάθη
1349 823 1561 893 φωνῶν,
1597 821 1735 874 ὥστε

157 919 232 990 μὴ
266 919 519 973 ἀκοῦσαι.
573 917 714 981 Λαὸς
755 916 1209 986 πεφαυλισμένος,
1245 918 1340 968 καὶ
1378 916 1477 968 οὐκ
1515 915 1629 967 ἐστι
1661 911 1738 982 τῷ

155 1011 404 1062 ἀκούοντι
455 1009 685 1072 σύνεσις.
724 1010 884 1060 »Ὅτι
933 1008 1034 1078 μὲν
1081 1004 1172 1060 οὖν
1219 1010 1314 1061 καὶ
1360 1009 1417 1060 ὲν
1451 1005 1624 1080 ταύτῃ
1670 1009 1736 1076 τῇ

155 1101 463 1171 προφητείᾳ
515 1102 642 1171 περὶ
691 1099 784 1151 τού
843 1099 1006 1169 ἄρτου
1059 1100 1116 1152 ὃν
1171 1099 1483 1171 παρέδωκεν
1527 1101 1659 1169 ἡμῖν
1711 1099 1739 1150 ὀ

153 1193 422 1261 ἡμέτερος
469 1192 698 1262 Χριστὸς
733 1193 904 1243 ποιεῖν
937 1192 1014 1254 είς
1053 1191 1353 1261 ἀνάμνησιν
1395 1189 1490 1244 τοῦ
1536 1207 1594 1242 τε
1630 1207 1737 1242 σω-

157 1284 627 1354 ματοποιήσασθαι
664 1284 772 1351 (57)
807 1284 969 1336 αὑτὸν
1001 1284 1087 1336 διὰ
1121 1285 1245 1346 τοὺς
1276 1281 1626 1345 πιστεύοντας
1659 1284 1738 1344 είς

152 1373 336 1436 αὐτὸν,
369 1375 437 1426 δι’
473 1373 564 1437 οὓς
594 1375 687 1427 καὶ
721 1374 958 1444 παθητὸς
991 1375 1180 1442 γέγονε
1202 1391 1214 1403 ο
1245 1374 1338 1427 καὶ
1372 1373 1500 1444 περὶ
1531 1371 1624 1424 τοῦ
1651 1389 1740 1424 πο-

152 1463 364 1534 τηρίου,
399 1463 427 1515 ὃ
461 1465 538 1526 εἰς
573 1464 874 1534 ἀνάμνησιν
908 1464 1000 1517 τοῦ
1035 1465 1263 1534 αἵματος
1297 1462 1459 1516 αὑτοῦ
1496 1461 1740 1534 παρέδω-

154 1571 247 1606 κεν
279 1555 739 1624 εὐχαριστοῦντας
765 1557 959 1616 ποιεῖν,
983 1557 1249 1624 φαίνεται.
1278 1557 1387 1608 Καὶ
1411 1556 1490 1607 ὃτι
1514 1553 1739 1624 βασιλέα

151 1649 338 1701 τοῦτον
365 1650 524 1702 αὑτὸν
553 1650 690 1720 μετὰ
713 1651 867 1720 δόξης
900 1651 1160 1722 ὀψόμεθα,
1197 1652 1333 1722 αὕτη
1368 1653 1401 1722 ἡ
1435 1651 1738 1728 προφητεία

153 1739 332 1809 δηλοῖ”
373 1743 467 1794 καὶ
500 1743 580 1794 ὃτι
624 1743 751 1806 λαὸς
785 1747 813 1797 ὀ
848 1747 926 1807 εἰς
959 1746 1118 1797 αὑτὸν
1154 1746 1427 1797 πιστεύειν
1461 1762 1738 1816 προεγνω-

156 1833 351 1903 σμένος
396 1835 713 1906 μελετήσειν
751 1836 858 1906 (58)
912 1836 1073 1905 φόϐον
1118 1837 1322 1908 Κυρίου
1371 1837 1734 1908 προέγνωστο,

1839 643 1950 687 stra
1985 630 2338 686 meditabitur
2369 632 2622 683 timorem
2652 631 2884 685 Domini.
2925 628 3026 682 libi
3077 639 3158 682 est
3213 628 3430 681 littera-

1841 727 1964 780 tus?
1997 723 2095 779 Ubi
2130 734 2258 778 sunt
2289 722 2710 777 eousilialores?
2745 720 2844 775 Ubi
2892 731 2997 782 est,
3033 723 3124 789 qui
3175 727 3432 772 numerat

1838 835 1953 881 eos,
1989 820 2081 889 qui
2118 819 2436 873 tuttrittntur
2460 857 2474 880 ,
2515 833 2739 886 parvum
2771 825 2824 870 et
2855 832 3109 884 maguum
3146 811 3435 883 populum!

1838 915 2086 980 Quocum
2121 913 2346 966 consilia
2395 929 2499 964 nou
2547 911 2841 980 agitarunt,
2874 925 3050 978 neque
3081 906 3428 976 profundita-

1840 1014 1948 1058 tem
1986 1018 2180 1057 vocum
2209 1003 2509 1059 sciverunt.
2543 1002 2613 1054 ita
2648 1010 2703 1052 ut
2741 1015 2845 1054 non
2881 1002 3155 1053 audirent.
3190 999 3432 1068 Populus

1840 1097 2094 1159 vitiosus,
2127 1105 2180 1148 et
2229 1111 2336 1148 non
2365 1153 2368 1157 ,
2394 1102 2479 1149 est
2537 1093 2772 1146 audienti
2821 1093 3176 1160 intelligentia
3195 1091 3261 1144 ".
3294 1111 3312 1142 ι
3346 1090 3432 1142 l.i-

1839 1197 1968 1257 quet
2001 1189 2168 1258 igitur
2201 1187 2251 1241 itt
2288 1188 2387 1240 hac
2421 1203 2635 1256 quoque
2669 1187 2948 1255 prophetia
2989 1197 3039 1237 et
3068 1187 3134 1237 de
3169 1200 3305 1252 pane
3340 1185 3438 1237 illo

1841 1281 2085 1349 przediri,
2117 1295 2278 1348 quem
2316 1280 2473 1333 nobis
2505 1279 2757 1332 Christus
2789 1287 2973 1330 noster
3005 1276 3186 1328 facere
3220 1291 3428 1344 pra'ce-

1839 1374 1919 1442 pit
1951 1373 2003 1425 in
2035 1372 2356 1425 memoriam
2389 1371 2638 1438 Corporis
2688 1385 2715 1420 a
2755 1383 2813 1422 se
2847 1377 3068 1436 propter
3097 1382 3212 1429 eos,
3250 1365 3341 1434 qui
3374 1364 3434 1417 in

1841 1466 2012 1533 ipsum
2065 1466 2320 1526 credunt,
2378 1461 2540 1532 169
2591 1461 2882 1530 assumpti,
2937 1470 3157 1527 propter
3205 1473 3342 1525 quos
3376 1467 3433 1510 et

1842 1559 2116 1630 passibilis
2167 1556 2343 1610 iactus
2388 1566 2510 1618 est;
2546 1565 2596 1607 et
2625 1556 2690 1606 de
2717 1553 2913 1616 calice,
2941 1567 3100 1620 quem
3137 1551 3186 1603 iu
3224 1566 3436 1604 memo-

1843 1654 1977 1706 riam
2009 1652 2290 1720 sanguinis
2312 1651 2395 1704 sui
2428 1666 2548 1704 cum
2579 1650 2877 1718 gratiarum
2909 1649 3122 1700 actione
3150 1645 3264 1698 fieri
3294 1661 3433 1711 prte-

1841 1748 1981 1815 cepit
2030 1747 2206 1813 Atque
2240 1744 2384 1797 hunc
2412 1745 2584 1810 ipsum
2621 1741 2822 1810 Regem
2854 1740 3025 1807 gloria
3050 1737 3434 1791 circumﬂuen-

1845 1843 1951 1887 tem
1996 1849 2094 1887 nos
2140 1834 2356 1885 visuros
2387 1831 2576 1884 eadem
2608 1830 2894 1898 prophetia
2927 1827 3172 1881 declarat
3204 1849 3217 1882 ;
3250 1843 3312 1882 ac
3346 1828 3429 1880 fu-

155 1918 312 1977 αῧται
348 1928 401 1978 αἱ
438 1926 610 1989 λέξεις
644 1927 740 1996 τῆς
775 1927 1109 1997 προφητείας
1142 1929 1338 1998 βοῶσι*
1369 1930 1462 1981 καὶ
1495 1929 1646 1980 ὃτιοὶ
1671 1929 1735 1980 τὰ

1847 1939 2028 1981 turum
2059 1929 2225 1980 etiam
2262 1936 2319 1978 ιιι
2353 1925 2606 1993 populus,
2643 1924 2734 1991 qtti
2778 1923 2827 1974 itt
2871 1938 2994 1975 eum
3049 1923 3436 1982 prtcnosceha-

155 2016 457 2086 γράμματα
507 2017 613 2068 τῶν
648 2018 878 2088 Γραφῶν
910 2019 1231 2072 ἐπίστασθαι
1256 2017 1588 2088 λογιζόμενοι
1639 2021 1734 2072 καὶ

155 2105 442 2169 ἀκούοντες
458 2107 564 2158 τῶν
582 2109 930 2179 προφητειῶν
946 2111 1042 2161 οὐκ
1068 2110 1245 2179 ἔχουσι
1276 2109 1507 2170 σύνεσιν,
1532 2112 1734 2181 ὁμοίως

156 2191 312 2251 αὗται
362 2201 414 2250 αἱ
461 2200 674 2270 Γραφαὶ
720 2203 1068 2272 κεκράγασιν.
1095 2204 1260 2254 Ὅταν
1293 2203 1368 2264 δὲ,
1404 2196 1447 2253 ὦ
1480 2202 1731 2272 Τρύφων,

156 2288 309 2358 ἔφην,
339 2292 400 2342 ἐκ
437 2292 700 2363 παρθένου
735 2294 1093 2363 γεγεννῆσθαι
1119 2295 1206 2346 τὸν
1248 2294 1462 2365 Περσέα
1495 2295 1730 2358 ἀκούσω,

156 2385 245 2435 καὶ
273 2383 434 2436 τοῦτο
467 2387 807 2455 μιμήσασθαι
840 2386 929 2438 τὸν
960 2387 1155 2439 πλάνον
1190 2387 1311 2455 ὅφιν
1347 2386 1586 2457 συνίημι.

1846 2033 1932 2076 ιιιι·
1963 2020 2296 2083 crediturus,
2343 2017 2592 2070 timorem
2635 2015 2724 2067 Dei
2760 2015 3144 2073 meditaretur,
3197 2015 3246 2066 id
3285 2027 3429 2080 prte-

1847 2112 2122 2180 cognitum
2175 2109 2364 2174 fuisse,
2418 2111 2532 2178 ipsa
2566 2111 2872 2180 prophetia:
2929 2109 3094 2160 verba
3146 2107 3430 2170 clamant;

1845 2205 2078 2271 denique
2136 2217 2230 2255 eos
2287 2203 2377 2272 qui
2435 2203 2647 2256 litteras
2702 2203 3115 2267 Scripturarum
3147 2201 3293 2252 scire
3326 2197 3432 2252 sibi

1847 2295 2120 2351 ridentur.
2175 2292 2584 2360 prOphetiarnm
2637 2293 3074 2359 intelligentiam,
3113 2291 3276 2342 etiam
3307 2305 3432 2342 cum

1847 2401 1938 2437 eas
1980 2384 2230 2445 audiunt,
2265 2397 2366 2434 nou
2421 2383 2647 2444 habere,
2697 2384 2948 2434 similiter
2995 2383 3077 2433 hat
3133 2379 3436 2448 Scriptura!

158 2477 547 2532 vociferantur.
581 2479 812 2544 Quando
863 2491 1043 2532 autem
1099 2496 1163 2534 ex
1228 2481 1438 2549 virgine
1481 2481 1720 2548 genitum
1774 2480 1937 2532 audio
1971 2477 2250 2538 Perseum,
2315 2475 2368 2528 id
2432 2491 2668 2544 quoque,
2733 2473 2974 2544 Trypho,
3027 2473 3434 2527 fratninlentum

157 2581 463 2636 serpentem
497 2573 760 2626 imitatum
797 2575 1061 2640 intelligo.

224 2663 316 2716 Ἠ.
373 2664 508 2716 Ἀλλ’
529 2667 646 2736 οὐχὶ
679 2669 788 2728 τοῖς
812 2667 1148 2731 διδασκάλοις
1183 2669 1336 2740 ὑμῶν
1362 2669 1640 2740 πείθομαι,
1665 2671 1738 2740 μὴ

159 2754 396 2806 συντεοει
407 2756 585 2823 μένοις
620 2756 797 2819 καλῶς
822 2757 1133 2826 ἐξηγεῖσθαι
1155 2759 1264 2828 (59)
1291 2759 1359 2812 τὰ
1382 2760 1484 2812 ὑπὸ
1509 2759 1616 2812 τῶν
1638 2778 1742 2812 πα-

163 2845 228 2915 ρὰ
273 2845 594 2916 Πτολεμαίῳ
638 2847 714 2916 τῷ
746 2849 1056 2916 Αἰγυπτίων
1089 2851 1364 2921 γενομένῳ
1408 2852 1614 2920 βασιλεῖ
1647 2853 1738 2904 ἑὸ-

157 2936 463 3006 δομήκοντα
498 2938 879 3009 πρεσϐυτέρων
903 2956 915 2969 ’
953 2939 1066 2993 ἀλλ’
1105 2943 1256 2994 αὐτοὶ
1283 2942 1590 3012 ἐξηγεῖσθαι
1621 2961 1739 2996 πει-

160 3027 372 3096 ρῶνται.
412 3029 520 3080 Καὶ
551 3029 629 3080 ὅτι
665 3029 862 3092 πολλὰς
883 3030 1103 3100 Γραφὰς
1135 3033 1313 3084 τέλεον
1340 3034 1606 3103 περιεῖλον
1625 3035 1736 3103 (40)

228 3183 276 3214 ⁸⁸
306 3182 410 3238 lsa.
445 3200 642 3249 xxxut,
672 3186 864 3241 lii-l9.

1923 2662 2010 2716 7i.
2033 2662 2215 2714 Jtulrri
2242 2662 2486 2730 rejiciunt
2513 2659 2862 2729 Septuaginta
2909 2662 3430 2728 interpretationem,

1847 2773 1910 2809 ex
1940 2774 2044 2826 qua
2079 2759 2240 2808 etiam
2283 2754 2539 2807 nonnulla
2586 2755 2937 2808 sustulerunt.
2968 2785 3036 2794 -—-
3072 2757 3176 2810 Sed
3207 2759 3437 2813 minimo

1848 2850 1977 2902 mihi
2023 2851 2327 2919 probantur
2373 2850 2620 2917 magistri
2680 2851 2885 2912 vestri,
2931 2851 3023 2916 qui
3073 2847 3431 2917 Septuaginta

1849 2943 1969 2995 illos
2016 2957 2177 2995 senes
2232 2943 2375 3008 apud
2421 2941 2778 2994 Ptoletuaann
2819 2941 3197 3012 Egyptiormn
3246 2958 3430 3012 regem

1848 3045 1995 3088 recte
2035 3034 2428 3101 interpretatos
2467 3045 2592 3085 esse
2636 3033 2891 3084 assentiri
2936 3033 3146 3096 uolunt,
3181 3033 3277 3086 sed
3325 3035 3431 3102 ipsi

251 3339 344 3411 57)
389 3339 500 3392 Τοῦ
519 3357 580 3392 τε
601 3338 1225 3410 σωματοποιήσασοαι.
1271 3340 1488 3393 Duabus
1516 3340 1582 3393 de
1607 3355 1734 3394 cau-

1843 3339 1980 3408 apud
2028 3339 2164 3394 alios
2221 3341 2549 3411 interpretes
2616 3354 2783 3396 tonim
2834 3341 2948 3396 fere
2996 3345 3344 3411 discrepabat
3401 3360 3429 3396 ιι

158 3411 236 3464 sis
271 3410 518 3464 Justinus
557 3413 947 3464 eucharistiam
984 3413 1048 3462 ad
1086 3411 1515 3464 recordationem
1549 3411 1735 3464 lucar-

157 3482 400 3534 nationis
431 3481 694 3533 celebrari
729 3483 907 3535 docet.
941 3481 1143 3539 Prima.
1165 3497 1338 3549 eaque
1363 3482 1732 3548 apertissima,

156 3553 283 3617 quia
321 3553 446 3603 dum
487 3567 616 3603 caro
649 3550 735 3604 illa
763 3551 992 3605 offertur
1022 3552 1072 3602 iu
1120 3551 1302 3613 altari,
1340 3569 1460 3603 caui
1498 3569 1594 3620 pro
1638 3568 1734 3602 no-

158 3620 244 3674 bis
277 3622 329 3674 itt
362 3633 516 3674 utero
546 3620 785 3691 Virginis
813 3623 1122 3691 formatam,
1153 3633 1207 3674 et
1236 3624 1286 3674 itt
1321 3639 1483 3676 cruce
1516 3637 1731 3688 passam

158 3692 535 3745 recordamur.
569 3689 805 3745 Alteram
839 3689 994 3746 aﬂert
1024 3693 1135 3759 ipse
1165 3691 1411 3746 Justinus
1445 3694 1494 3744 in
1537 3694 1735 3759 Apolo-

157 3763 247 3830 gia
279 3763 476 3830 prima,
507 3762 594 3815 tibi
630 3764 787 3816 doeet
811 3765 1268 3831 quenmdtnodum
1303 3779 1398 3832 per
1429 3762 1587 3816 Verbi
1617 3781 1734 3816 ont-

157 3832 521 3900 nipoteutiam
552 3837 873 3902 mysterium
901 3833 1297 3886 incarnationis
1321 3843 1595 3902 peractum
1629 3843 1734 3897 est,

158 3905 228 3955 ita
270 3902 518 3968 eju-dem
553 3900 709 3955 Verbi
752 3905 1146 3969 omnipotentia
1199 3900 1390 3971 panem
1445 3915 1497 3956 et
1551 3905 1737 3957 viuum

160 3976 277 4026 lieri
343 3988 541 4038 corpus
589 3983 642 4024 et
692 3976 1012 4042 sanguinem
1053 3974 1280 4028 Christi.
1318 3974 1448 4028 Vide
1496 3975 1649 4043 Apol.
1687 3989 1735 4038 ι,

159 4060 212 4095 ιι.
234 4044 402 4103 66,et
445 4045 661 4098 l’rzelat.
699 4057 837 4114 part.
868 4061 928 4098 ιι.

227 4116 344 4182 (58)
386 4115 776 4179 Μελετήσειν.
821 4115 885 4168 lt.
918 4116 1228 4184 Stephanus
1262 4124 1316 4168 et
1356 4124 1585 4184 uterque
1615 4116 1737 4167 cod.

159 4201 260 4309 ips.
294 4184 602 4256 μελετήσει.
652 4186 966 4240 Manifestus
1013 4201 1167 4240 error
1215 4187 1460 4240 sublatus
1494 4189 1544 4239 iu
1580 4189 1736 4240 editt.

201 4273 334 4308 aris.

201 4273 334 4308 ΗΠΒ.

227 4329 343 4401 (ἵξ9)
384 4325 596 4391 Καλῶς
624 4327 984 4398 ἐξηγεῖσθαι.
1027 4328 1205 4401 Mallet
1254 4328 1573 4401 Sylburgius
1617 4331 1740 4400 ἐξη-

160 4397 379 4468 γῆσθαι.
421 4402 574 4461 Quod
626 4397 804 4452 autem
855 4401 1004 4453 addit
1047 4397 1320 4461 Justinus,
1366 4418 1382 4444 σ
1417 4397 1515 4468 ipsi
1569 4397 1736 4468 inter-

161 4467 362 4536 pretari
397 4468 805 4536 aggrediuntur,
845 4489 863 4520 ι
903 4472 952 4525 id
985 4473 1050 4524 de
1080 4480 1190 4522 tota
1233 4467 1535 4537 Scriptura,
1571 4467 1622 4522 id
1654 4482 1736 4524 est

1835 3415 2187 3479 Septuaginta
2233 3410 2654 3478 Iuterpretibus,
2709 3414 2811 3464 hoc
2864 3424 3073 3467 tantum
3123 3410 3428 3469 discrimen

1844 3482 2234 3554 animadvertit
2274 3481 2526 3536 Justinus
2561 3485 2700 3554 inter
2727 3481 2947 3536 Judams
2987 3496 3034 3537 et
3079 3491 3424 3554 septuaginta

1849 3553 2214 3618 interpretes.
2268 3555 2411 3620 quod
2463 3553 2631 3606 Judaei
2691 3555 2979 3622 legendum
3032 3553 3430 3610 contenderent

1845 3622 2129 3691 δήσωμεν,
2179 3625 2536 3692 Septuaginta
2602 3640 2730 3678 vero
2783 3626 3105 3690 interpretes
3163 3629 3427 3680 haberent

1848 3693 2099 3762 ἄρωμεν,
2153 3709 2205 3746 n.
2254 3693 2381 3746 156.
2412 3724 2486 3736 —
2522 3693 2714 3748 Mirum
2766 3712 2862 3748 cur
2911 3695 3157 3750 Justinus
3209 3698 3426 3750 crimini

1847 3761 2025 3814 vertat
2066 3761 2289 3827 Judaeis,
2316 3765 2459 3832 quod
2510 3764 2860 3833 Septuaginta
2912 3767 3422 3834 interpretationem

1843 3834 2158 3902 quibusdam
2197 3835 2248 3885 in
2287 3835 2439 3886 rebus
2469 3852 2643 3887 rerum
2676 3853 2779 3887 non
2824 3852 2935 3888 esse
2985 3839 3252 3890 dicerent.
3288 3837 3427 3889 Cum

1841 3903 2109 3957 scriberet
2143 3902 2569 3957 Cohortmionem
2599 3911 2665 3957 ad
2692 3903 2903 3958 Grmcos
2929 3906 3200 3971 Justinus,
3227 3908 3423 3961 crede-

1843 3973 1936 4026 bat
1959 3974 2310 4046 Septuaginta
2353 3975 2471 4046 illos
2502 3991 2670 4037 th‘ttS,
2702 3978 2828 4028 duttt
2862 3993 2963 4045 pro
2987 3995 3043 4030 se
3073 3981 3307 4046 quisque
3337 3994 3426 4031 se-

1848 4051 2077 4111 paratim
2139 4045 2336 4097 inclusi
2399 4045 2760 4108 laborabant,
2811 4065 3008 4114 magno
3060 4045 3326 4101 miratiulo
3371 4051 3427 4101 in

1844 4115 2099 4168 omnibus
2134 4115 2312 4168 verbis
2346 4125 2399 4169 et
2444 4119 2733 4169 sententiis
2771 4117 2917 4169 init-r
2965 4137 3020 4170 se.
3055 4121 3424 4172 consensisse.

1846 4185 1951 4238 Sed
1985 4185 2124 4237 hanc
2161 4186 2416 4259 tabulam,
2450 4203 2547 4239 nec
2578 4189 2627 4259 in
2662 4189 2834 4255 prima
2881 4190 3164 4257 Apologia,
3192 4191 3278 4241 ubi
3314 4195 3423 4259 agit

1844 4262 1912 4305 (te
1947 4258 2301 4324 Septuaginta
2337 4257 2757 4325 lnterpretibus,
2793 4268 3206 4323 commemorat,
3239 4276 3336 4314 nec
3354 4257 3420 4312 in

1845 4325 2070 4392 Dialogo
2110 4327 2254 4379 illius
2298 4329 2586 4381 crodeudze
2616 4345 2755 4380 onus
2806 4331 3034 4396 imponit
3063 4329 3264 4383 Juda-is
3305 4349 3318 4382 :
3357 4348 3424 4386 ex

1845 4412 1954 4464 quo
1985 4398 2205 4461 quidem
2241 4412 2347 4449 non
2381 4397 2514 4451 leris
2539 4400 2846 4464 conjet-tura
2887 4411 2967 4451 cst
2993 4416 3111 4452 etim
3145 4401 3419 4453 Justinum

1845 4478 1937 4517 aut
1976 4469 2197 4519 tttissatn
2249 4467 2464 4529 fetzisse,
2517 4481 2612 4521 aut
2645 4469 2836 4521 Htllt'tll
2884 4483 3191 4538 suspectam
3223 4473 3424 4524 habere

162 4540 222 4611 de
251 4538 473 4611 Aquil.e_
499 4553 744 4592 rersmne
791 4551 914 4594 ante
961 4543 1169 4611 aliquot
1225 4558 1400 4594 annos
1430 4544 1734 4605 elaborata,
1774 4555 1814 4610 ι)
1845 4538 2099 4611 cmpisse.
2147 4539 2261 4611 Crur
2288 4554 2419 4607 ergo
2453 4548 2561 4591 tam
2596 4541 2820 4593 moleste
2857 4543 2980 4599 lett,
3028 4548 3172 4607 quod
3213 4545 3420 4610 quibus-

163 4609 572 4678 intclltgendutn
623 4625 726 4661 non
781 4623 929 4679 puto,
965 4609 1066 4665 sed
1105 4619 1170 4664 de
1217 4613 1542 4678 quibusdam
1579 4615 1737 4675 locis,

163 4684 223 4730 de
257 4679 631 4752 quihus_|itetn
659 4680 824 4734 Judaei
857 4685 1169 4736 movi-bant.
1207 4681 1340 4734 Nam
1373 4684 1428 4735 1ο
1463 4685 1734 4752 Interpre-

164 4752 422 4819 tationem
446 4748 800 4819 Septuaginta
831 4756 1104 4806 seniorum
1138 4755 1190 4806 in
1223 4755 1496 4808 nonnullis
1529 4748 1735 4807 tantum

163 4818 293 4892 locis
349 4818 840 4887 reprehemlebant,
885 4835 1080 4877 cetera
1136 4824 1459 4892 probabant,
1503 4843 1554 4878 ιι.
1587 4825 1655 4877 68
1683 4833 1738 4877 et

161 4888 242 4964 ’ii.
272 4893 341 4944 At
376 4894 790 4964 versioAqutlae
819 4888 1284 4948 innumeris-locis
1322 4908 1350 4945 a
1384 4896 1735 4964 Septuaginta

162 4963 529 5035 discrepabat.
557 4963 616 5014 ‘2'
647 4966 787 5015 ldeut
820 4969 1147 5032 persuadent
1194 4967 1325 5035 ipsa:
1369 4965 1564 5020 Justini
1599 4963 1735 5033 que-

163 5034 320 5096 relaa;
353 5033 498 5084 aliud
530 5044 611 5086 est
637 5036 782 5086 cnim
818 5036 1122 5090 teStituouia
1151 5054 1181 5090 e
1211 5033 1375 5106 reteri
1409 5038 1736 5106 interpreta-

166 5110 306 5158 tione
326 5117 655 5175 expungere,
671 5106 811 5171 quod
837 5123 998 5160 unum
1017 5113 1264 5175 queritur
1285 5105 1561 5174 Justinus;
1587 5109 1736 5160 aliud

168 5192 360 5227 novam
388 5174 693 5228 elaborare.
723 5177 777 5228 3°
804 5177 934 5230 Dum
969 5174 1046 5230 ait
1076 5179 1342 5243 Justinus,
1376 5197 1428 5232 n.
1459 5179 1547 5240 72,
1585 5181 1738 5232 testi-

169 5248 405 5299 tuouium
437 5244 686 5318 Jeremia:
718 5253 946 5302 reeisum
975 5264 1002 5300 ιι
1035 5247 1237 5302 ,Ιιιιιιοίε
1281 5265 1344 5302 ex
1378 5250 1732 5318 Septuaginta

170 5318 440 5371 seniorum
473 5317 937 5386 interpretatione,
970 5324 1065 5374 sed
1096 5333 1274 5374 tatnen
1313 5327 1488 5375 adhuc
1519 5317 1736 5373 exstare

171 5390 218 5442 in
269 5388 549 5444 nonnullis
600 5406 784 5460 eorum
837 5393 1264 5460 exemplaribus,
1311 5395 1442 5445 satis
1495 5394 1737 5444 declarat

172 5479 268 5516 non
323 5460 551 5533 desiisse
597 5456 811 5515 Judwos
869 5465 969 5515 hac
999 5456 1471 5533 interpretatione
1517 5464 1630 5523 ttti,
1670 5477 1736 5513 ae

172 5531 588 5602 exemplarium,
620 5547 737 5598 qua:
768 5534 908 5601 apud
945 5549 1040 5587 eos
1077 5531 1459 5594 servabantur,
1496 5535 1734 5584 v.irieta-

175 5611 273 5656 tem
310 5605 362 5656 in
414 5617 477 5654 co
515 5606 768 5671 positam,
796 5607 936 5673 quod
976 5606 1080 5657 alia
1122 5606 1383 5658 haberent
1433 5608 1534 5658 hoc
1577 5605 1734 5656 testi-

175 5676 436 5736 inonium,
482 5678 585 5725 alta
637 5688 741 5726 nou
795 5677 1080 5729 haberent.
1119 5674 1274 5726 Nulla
1324 5678 1410 5730 hic
1455 5691 1586 5744 ergo
1629 5676 1731 5726 alia

175 5748 456 5816 quaerenda
486 5746 858 5813 interpretatio
885 5745 1730 5816 quamSeptuagintaseattorutu.

175 5815 226 5865 4ο
255 5817 498 5881 Denique
535 5818 586 5866 in
632 5818 724 5868 tllo
781 5818 925 5869 Isaiae
974 5815 1304 5883 lestttnonio,
1360 5834 1378 5866 ι
1411 5815 1497 5869 Va:
1539 5817 1733 5868 anima:

179 5886 427 5954 ipsorum.
453 5905 470 5934 ι
505 5890 672 5954 quod,
708 5896 840 5943 teste
875 5886 1224 5957 Hieronymo,
1250 5901 1302 5942 et
1333 5889 1384 5942 ιιι
1421 5885 1648 5941 Heber
1681 5895 1735 5941 et

1844 4609 1968 4677 dam
2015 4611 2066 4661 in
2117 4610 2273 4661 rebus
2307 4626 2481 4662 verum
2519 4626 2621 4662 non
2655 4627 2766 4662 esse
2812 4612 2980 4663 Judaei
3031 4609 3424 4677 pronuntient?

1844 4676 1976 4750 lude
2003 4690 2182 4731 ortum
2216 4692 2344 4746 puto
2395 4683 2453 4736 S.
2490 4684 2748 4750 martyris
2779 4683 2945 4733 animi
2981 4676 3245 4744 delun-ein,
3282 4690 3425 4749 quod

1843 4748 2013 4802 Juda:i
2053 4750 2192 4803 hanc
2223 4748 2724 4818 Interpretationctn
2763 4770 2865 4804 nou
2899 4753 3069 4805 solum
3109 4748 3423 4813 contexitui,

1843 4821 1938 4873 sed
1971 4821 2132 4872 ctiam
2172 4824 2388 4874 Veritatt
2423 4832 2476 4874 et
2509 4838 2653 4874 Sana:
2689 4826 2954 4876 doctrinae
2980 4828 3240 4878 absonam
3273 4826 3417 4877 dit-e-

1842 4901 1988 4944 rent.
2014 4890 2215 4944 Urebat
2249 4907 2343 4944 eos
2373 4895 2618 4945 duclrtna
2657 4892 2815 4945 Verbi
2855 4896 3148 4957 ittrarnati,
3174 4911 3272 4947 nec
3299 4909 3420 4948 eam

1842 4962 1895 5015 in
1932 4961 2291 5030 Septuaginta
2338 4963 2792 5031 interpretatiOne
2823 4966 3096 5030 patienter
3127 4969 3376 5017 ferebant
3405 4985 3418 5018 :

1841 5049 2013 5102 quare
2046 5035 2389 5102 septuaginta
2425 5036 2547 5087 illos
2572 5037 2719 5088 viros
2751 5049 2884 5086 γει-ιε
2913 5038 3284 5098 interpretatos
3309 5053 3424 5089 esse

1841 5104 2089 5155 assentiri
2124 5107 2415 5165 nolebant,
2449 5123 2500 5157 ιι.
2534 5106 2619 5158 7|.
2649 5107 2724 5156 lio
2762 5107 3018 5158 libentius
3047 5106 3246 5158 Justini
3279 5123 3420 5172 que--

1842 5177 1988 5228 relas
2025 5176 2078 5225 in
2111 5175 2250 5227 hanc
2284 5180 2610 5228 sententiain
2652 5177 2884 5243 accipio,
2931 5180 3074 5245 quod
3109 5181 3220 5242 ipse
3249 5179 3418 5229 inter—

1842 5249 1968 5298 dum
2001 5247 2164 5299 aliter
2199 5261 2262 5298 ac
2299 5245 2655 5315 Septuaginta
2694 5249 3042 5311 interpretari
3096 5264 3201 5300 non
3253 5249 3415 5299 dubi-

1843 5325 1955 5379 tet,
2012 5318 2211 5370 nedum
2260 5321 2729 5370 acmirattssintatn
2796 5316 3009 5370 illorum
3079 5319 3419 5386 diligentiam

1841 5403 2233 5454 nonnunquam
2279 5391 2556 5454 requirere
2591 5388 2796 5455 piacula
2824 5402 2944 5440 esse
2967 5393 3210 5442 duceret.
3236 5418 3302 5426 ——-
3331 5388 3413 5439 bl;

1837 5461 2109 5510 Atldendis
2139 5469 2184 5510 et
2221 5458 2600 5510 Emeudmtdis.

1912 5536 2024 5596 (4U)
2071 5529 2285 5582 Τέλεον
2319 5529 2635 5596 περιδίνων.
2673 5530 2806 5582 (lum
2842 5530 2945 5593 his,
2970 5530 3057 5594 qui
3097 5539 3413 5582 conte\tuui

1839 5599 2168 5654 ileln'atcnm
2243 5616 2490 5652 mantnus
2540 5599 2850 5652 Judarurunt
2927 5605 3184 5653 Violatuai
3251 5603 3420 5654 lthSt:

1840 5673 2050 5735 Volunt,
2092 5688 2198 5722 non
2233 5671 2364 5722 fat-il
2409 5669 2675 5734 Justinus,
2713 5688 2873 5738 quem
2919 5674 3036 5724 luce
3071 5673 3273 5723 (larius
3311 5682 3416 5730 est.

1839 5754 1891 5793 ιιι
1933 5742 2228 5805 Sttuonius,
2264 5740 2407 5793 Hist.
2435 5745 2553 5794 erit.
2588 5743 2676 5794 ιιι».
2705 5758 2738 5795 ιι
2765 5783 2776 5801 .
2812 5759 2930 5812 cap.
2965 5742 3056 5800 l8.
3097 5753 3152 5792 ct
3195 5741 3416 5794 Martia-

1839 5829 1988 5866 ntcus
2037 5824 2220 5865 noster
2276 5813 2326 5862 itt
2369 5815 2486 5878 Def.
2519 5822 2643 5866 text.
2693 5813 2851 5866 Hebr.
2907 5813 3107 5880 p.168,
3159 5815 3418 5864 observa—

1843 5895 1988 5950 runt,
2016 5887 2080 5939 de
2113 5885 2223 5936 sola
2263 5883 2709 5954 interpretatione
2752 5885 3106 5954 Septuaginta
3151 5886 3416 5952 interpre-
