4108 6464
149 444 254 496 (31.9

1133 425 1479 482 DIALOCUS
1511 421 1656 480 CUM
1695 408 2068 474 TRYPIIONE
2106 403 2374 464 JUDEO.

3308 396 3413 457 650

153 559 461 632 μελλόντων
539 556 667 628 παρ’
722 557 854 625 ἡμῖν
917 553 935 622 (
957 550 1059 620 54)
1121 545 1725 620 παραπεφυλαγμένων.

1837 538 2080 595 veniunt,
2128 538 2206 583 tot
2243 527 2356 594 jam
2399 534 2558 578 antea
2605 523 2782 576 allatae
2828 519 3155 589 Scriptum,
3206 531 3414 589 praeter

222 741 313 794 ⁸η.
351 740 461 794 Καὶ
493 741 522 793 ὀ
555 736 788 808 Τρύφων
834 735 935 804 ἔφη
958 751 970 763 ·
1013 734 1133 786 ’Ὁτι
1166 733 1232 786 δι’
1268 731 1415 802 ἡμᾶς
1461 727 1729 794 ἀξιώσαν-

150 849 250 896 τας
298 831 658 900 ἀνιστόρησας
711 827 898 890 αὐτὰς,
950 822 1314 893 ἐπιστάμεθα.
1364 821 1502 890 Περὶ
1547 815 1604 871 δὲ
1638 817 1728 870 σοῦ

149 923 369 993 ψαλμοῦ
405 920 612 985 τούτου,
649 920 707 972 ὃν
739 918 1052 971 τελευταῖον·
1091 914 1226 984 ἔφης
1274 913 1382 966 ἀπὸ
1428 911 1535 964 τῶν
1569 908 1732 963 Δαϐὶδ

151 1018 347 1086 λόγων,
383 1016 444 1068 ού
477 1015 625 1066 δοκεῖ
659 1031 749 1082 μοι
798 1015 876 1077 εἰς
925 1010 1081 1064 ἄλλον
1130 1009 1250 1061 τινὰ
1296 1006 1568 1076 εἰρῆσθαι,
1617 995 1730 1055 ἀλλ⁴

151 1111 230 1172 εἰς
257 1108 348 1160 τὸν
383 1104 602 1174 Πατέρα
636 1103 725 1156 τὸν
760 1101 853 1155 καὶ
885 1099 1012 1162 τοὺς
1060 1097 1322 1168 οὐρανοὺς
1370 1092 1464 1146 καὶ
1499 1092 1593 1162 τὴν
1628 1089 1732 1159 γῆν

152 1198 474 1268 ποιήσαντα.
502 1195 572 1246 Σὺ
606 1193 652 1246 δ’
685 1188 847 1244 αὑτὸν
881 1190 984 1259 φῂς
1021 1189 1099 1250 εἰς
1128 1184 1218 1239 τὸν
1251 1181 1491 1253 παθητὸν
1525 1182 1730 1241 τοῦτον,

150 1290 209 1341 ὃν
240 1288 337 1341 καὶ
368 1283 602 1358 Χριστὸν
649 1280 790 1337 εἶναι
837 1281 1158 1345 σπουδάζεις
1205 1276 1607 1338 ἀποδεικνύναι,
1652 1275 1732 1324 εἱ·-

153 1379 371 1450 ρῆσθαι.

221 1635 335 1687 Καὶ
358 1633 743 1705 ἀπεκρινάμην
762 1644 775 1661 ⁴
805 1632 903 1685 Διὰ
927 1631 1126 1696 λέξεως
1155 1631 1220 1701 ἢν
1247 1630 1304 1682 τὸ
1326 1629 1480 1697 ἅγιον
1508 1627 1733 1698 Πνεῦμα

151 1729 212 1780 ὲν
245 1726 421 1796 τούτῳ
453 1726 528 1795 τῷ
552 1724 751 1795 ψαλμῷ
797 1722 1188 1791 ἀνεφθέγξατο,
1220 1722 1447 1792 νοήσατε
1487 1715 1731 1788 λέγοντός

149 1838 279 1889 μου,
309 1818 645 1891 παρακαλῶ·
699 1817 792 1871 καὶ
833 1815 1108 1886 γνώσεσθε
1155 1815 1276 1867 οὔτε
1326 1814 1508 1877 κακῶς
1547 1831 1614 1884 με
1648 1811 1734 1865 λέ-

1833 644 1949 688 eas,
1984 639 2103 694 qua:
2131 622 2270 690 apud
2308 635 2402 672 vos
2427 626 2653 672 servatae
2687 615 2944 680 deinceps
2975 612 3337 683 proferentur.

1907 718 1993 770 74.
2043 715 2191 768 Patri
2239 712 2485 764 attribuit
2533 710 2743 762 initium
2787 706 2976 773 psalmi
3026 720 3145 758 xcv.
3199 705 3411 757 Christo

1833 823 2004 863 autem
2051 809 2113 860 ab
2147 807 2226 858 Itis
2258 806 2426 858 verbis
2451 820 2469 855 :
2514 821 2533 853 ‹
2575 801 2744 853 Dicite
2785 801 2839 852 in
2877 801 3115 868 gentibus
3146 799 3270 868 quia
3306 795 3410 850 Do-

1833 902 2030 960 minus,
2070 915 2087 948 )
2119 905 2224 948 etc.
2256 924 2323 933 —-
2359 893 2495 947 Tum
2523 890 2781 960 Trypho:
2822 888 3059 952 Scimus,
3096 885 3290 954 inquit,
3326 898 3414 936 ro-

1835 1000 1959 1060 gatu
2009 997 2193 1040 nostro
2235 1000 2328 1038 eas
2372 1000 2400 1035 a
2445 993 2496 1036 te
2544 982 2810 1036 recitatas
2865 994 3004 1032 esse.
3050 979 3121 1032 At
3172 975 3415 1042 psalmus

1839 1083 1952 1143 ille,
2006 1094 2167 1149 quem
2209 1091 2544 1145 postremum
2583 1090 2648 1126 ex
2691 1073 2909 1127 Davidis
2945 1070 3178 1124 oraculis
3214 1070 3410 1121 recita-

1835 1175 1926 1235 sti,
1960 1188 2063 1226 nou
2099 1170 2230 1225 mihi
2274 1170 2491 1223 videtur
2535 1168 2586 1220 in
2631 1165 2799 1218 alium
2848 1164 3031 1217 dictus
3069 1176 3214 1226 esse,
3247 1176 3411 1229 quam

1836 1268 1888 1320 in
1925 1265 2166 1327 Patrem,
2203 1263 2293 1330 qui
2332 1262 2525 1315 etelum
2561 1267 2615 1312 et
2650 1267 2854 1310 terram
2891 1255 3127 1308 creavit.
3166 1249 3244 1306 Tu
3280 1267 3412 1305 vero

1835 1361 2040 1414 dictum
2074 1370 2193 1410 esse
2234 1353 2518 1409 contendis
2550 1343 2601 1405 in
2630 1351 2794 1405 istum
2831 1348 3277 1416 perpessionibus
3314 1347 3413 1400 ob.

1838 1452 2081 1517 noxium,
2122 1465 2281 1520 quem
2319 1455 2373 1501 et
2409 1446 2688 1500 Christum
2734 1458 2855 1498 esse
2901 1442 3125 1497 conaris
3185 1442 3412 1495 demon-

1836 1560 2038 1605 strare.

1905 1641 1983 1695 Ad
2021 1640 2134 1694 haec
2156 1653 2255 1707 ego
2283 1656 2294 1691 :
2322 1636 2671 1692 Locutlonem
2704 1650 2733 1686 ιι
2768 1633 2976 1701 Spiritu
3004 1639 3194 1686 sancto
3228 1630 3279 1683 in
3311 1630 3411 1685 hoc

1835 1734 2042 1805 psalmo
2099 1732 2503 1802 pronuntiatam
2568 1727 2846 1783 adhibenti
2910 1724 3068 1785 mihi,
3136 1722 3411 1788 animum,

1835 1840 2043 1894 quaeso,
2073 1822 2371 1883 advertite;
2403 1835 2465 1873 ac
2503 1817 2754 1872 videbitis
2787 1830 2887 1870 nec
2928 1829 3012 1868 me
3043 1812 3294 1881 improbe
3327 1812 3410 1866 di—

146 1929 288 1982 γειν,
316 1913 428 1966 οὔθ’
454 1913 596 1983 ὑμᾶς
620 1911 730 1980 (55)
755 1907 923 1976 ὅντως
949 1903 1285 1981 κεκηλῆσθαι
1306 1924 1317 1939 ⁸
1344 1905 1515 1972 οὕτως
1539 1910 1646 1978 γὰρ
1666 1903 1725 1960 ἃν

1834 1931 1979 1980 cere,
2016 1928 2116 1968 nec
2159 1928 2253 1967 vos
2295 1926 2519 1979 prorsus
2548 1908 2779 1962 laetatos
2826 1905 3024 1972 fuisse;
3061 1904 3140 1959 sic
3177 1905 3322 1957 enim
3357 1914 3413 1957 et

148 2007 246 2060 καὶ
287 2005 459 2058 πολλὰ
501 2005 632 2058 ἄλλα
666 2006 852 2075 νοῆσαι
891 2003 998 2056 τῶν
1032 2002 1136 2056 ὑπὸ
1169 2002 1260 2055 τοῦ
1287 1995 1442 2070 ἁγίου
1477 2000 1729 2071 Πνεύμα-

145 2111 238 2162 τος
287 2093 596 2168 εἰρημένων
646 2096 766 2150 καθ’
815 2094 1042 2159 ἑαυτοὺς
1087 2087 1370 2164 γενόμενοι
1415 2092 1727 2164 δυνήσεσθε.

152 2208 171 2238 ι
219 2189 422 2260 ’ᾼσατε
459 2186 534 2258 τῷ
569 2187 758 2259 Κυρίῳ
792 2184 943 2258 ᾆσμα
976 2186 1191 2239 καινόν·
1230 2187 1396 2257 ᾅσατε
1430 2185 1505 2256 τῷ
1544 2186 1732 2257 Κυρίῳ

147 2280 301 2332 πᾶσα
335 2280 368 2347 ἡ
419 2279 523 2349 γῆ·
575 2277 742 2348 ᾅσατε
789 2275 866 2346 τῷ
908 2270 1116 2346 Κυρίῳ,
1156 2276 1250 2329 καὶ
1296 2274 1625 2346 εύλογήσατε
1672 2275 1730 2326 τὸ

146 2373 324 2444 ὄνομα
355 2370 542 2426 αὑτοῦ.
579 2369 1006 2438 Εύαγγελίζεσθε
1049 2369 1265 2440 ἡμέραν
1313 2367 1373 2433 ἐξ
1421 2368 1634 2438 ἡμέρας
1673 2368 1733 2421 τὸ

148 2466 424 2537 σωτήριον
469 2462 652 2527 αὑτοῦ,
703 2465 760 2514 ὲν
808 2464 941 2514 πᾶσι
989 2461 1100 2526 τοῖς
1144 2461 1290 2525 λαοῖς
1337 2460 1406 2513 τὰ
1455 2459 1730 2530 θαυμάσια

147 2557 340 2612 αὑτοῦ.
386 2576 404 2607 ι
455 2557 540 2620 Ὠς
573 2557 650 2626 τῷ
684 2555 801 2627 Θεῷ
834 2555 930 2608 καὶ
963 2553 1139 2624 Πατρὶ
1186 2552 1292 2604 τῶν
1325 2552 1461 2604 ὅλων
1509 2552 1728 2624 ᾄδοντας

147 2649 246 2704 καὶ
278 2649 584 2718 ψάλλοντας
619 2645 744 2711 τοὺς
778 2646 886 2701 ἀπὸ
920 2644 1100 2715 πάσης
1134 2642 1230 2713 τῆς
1276 2644 1378 2714 γῆς
1413 2638 1638 2711 γνόντας
1671 2641 1731 2694 τὸ

147 2742 420 2812 σωτήριον
466 2738 623 2792 τοῦτο
670 2735 988 2809 μυστήριον,
1037 2733 1279 2790 τουτέστι
1317 2732 1375 2787 τὸ
1423 2735 1590 2798 πάθος
1635 2734 1727 2788 τοῦ

146 2832 408 2904 Χριστοῦ,
432 2831 497 2884 δι’
523 2824 582 2884 οὗ
611 2823 829 2894 τούτους
859 2826 1082 2893 ἔσωσεν,
1106 2828 1466 2896 ὲνδιάγοντας,
1497 2827 1726 2893 κελεύει,

150 2924 477 2991 ὲπιγνόντας
511 2924 591 2975 ὅτι
626 2921 720 2975 καὶ
752 2918 982 2985 αἱνετδς,
1020 2921 1118 2974 καὶ
1152 2919 1402 2990 φοϐερὸς,
1437 2919 1532 2972 καὶ
1571 2937 1730 2989 ποιη-

149 3017 245 3085 τὴς
262 3016 357 3068 τοῦ
389 3033 446 3067 τε
466 3015 693 3086 ούρανοῦ
724 3010 819 3068 καὶ
853 3013 952 3083 τῆς
986 3013 1154 3083 γῆς,ὀ
1185 3014 1343 3066 τοῦτο
1374 3014 1433 3067 τὸ
1467 3015 1732 3085 σωτήριον

157 3108 302 3178 ὑπὲρ
338 3105 428 3159 τοῦ
466 3105 802 3176 ἀνθρωπείου
837 3103 1030 3172 γένους
1064 3099 1316 3174 ποιήσας,
1342 3103 1432 3156 τὸν
1464 3103 1560 3156 καὶ
1597 3104 1734 3173 μετὰ

149 3201 210 3253 τὸ
245 3193 625 3270 σταυρωθῆναι
670 3195 1111 3266 ἀποθνήσκοντα,
1147 3191 1241 3249 καὶ
1283 3193 1586 3265 βασιλεύειν
1622 3194 1731 3264 (56)

1835 2009 2003 2063 multa
2040 2006 2144 2061 alia
2185 2019 2248 2058 ex
2300 2004 2539 2071 Spiritus
2580 2001 2752 2056 sancti
2789 2000 2955 2054 dictis
3005 2012 3102 2066 per
3143 2011 3239 2051 vos
3286 1997 3409 2065 ipsi,

1833 2115 1957 2153 cum
1985 2115 2013 2153 ιι
2037 2112 2125 2153 me
2156 2094 2545 2158 discesseritis,
2584 2090 2887 2158 intelligere
2916 2089 3183 2158 poteritis.
3222 2107 3239 2137 ι
3277 2084 3415 2141 Can-

1836 2202 1944 2246 tate
1970 2190 2193 2244 Domino
2216 2188 2485 2244 canticum
2519 2198 2718 2238 novum
2744 2195 2756 2235 :
2782 2181 3010 2236 Caritate
3041 2180 3270 2235 Domino
3295 2195 3414 2232 om-

1835 2283 1924 2339 nis
1979 2292 2143 2337 terra.
2192 2281 2422 2336 Caritate
2468 2278 2714 2342 Domino,
2761 2285 2815 2330 et
2859 2274 3163 2329 benedicite
3204 2273 3411 2327 nomini

1832 2372 1967 2438 ejus.
1998 2369 2335 2425 Annuntiate
2369 2369 2434 2423 de
2464 2367 2549 2419 die
2600 2365 2652 2418 in
2687 2365 2828 2418 diem
2880 2363 3115 2418 salutare
3156 2363 3297 2433 ejus,
3351 2365 3409 2417 in

1833 2465 2086 2519 omnibus
2129 2462 2343 2533 populis
2393 2458 2667 2513 mirabilia
2702 2457 2838 2524 ejus.
2870 2475 2902 2508 ι»
2942 2456 3199 2510 Hortatur
3228 2466 3286 2510 ut
3318 2457 3411 2526 qui

1833 2574 1895 2612 ex
1930 2567 2039 2611 toto
2071 2565 2336 2610 terrarum
2371 2553 2505 2608 orbe
2533 2550 2780 2607 salutare
2811 2550 2940 2604 illud
2975 2551 3322 2620 mysterium,
3358 2552 3411 2606 id

1833 2659 1915 2703 est
1938 2647 2243 2717 passionem
2268 2643 2493 2709 Christi,
2517 2657 2614 2711 per
2643 2657 2804 2711 quam
2835 2657 2865 2694 a
2892 2641 3004 2696 Deo
3038 2651 3162 2697 sunt
3191 2640 3409 2706 salvati,

1833 2748 2184 2810 cognoscunt,
2222 2739 2255 2792 ii
2283 2737 2398 2792 Deo
2436 2745 2490 2790 et
2521 2735 2665 2790 Patri
2695 2736 3073 2789 universorum
3107 2733 3413 2789 indesinen—

1836 2843 1917 2886 ter
1945 2839 2144 2886 canant.
2183 2838 2238 2884 et
2271 2829 2546 2898 psallant;
2593 2834 2952 2897 agnoscentes
2994 2826 3322 2880 laudabilem
3356 2839 3412 2880 et

1836 2924 2130 2979 terribilem
2169 2933 2221 2978 et
2247 2923 2586 2978 conditorem
2619 2920 2741 2974 cceli
2778 2928 2833 2973 et
2864 2930 3024 2973 terrae
3052 2932 3178 2973 eum
3204 2934 3346 2986 esse,
3378 2936 3409 2972 ιι

1834 3033 1940 3086 quo
1967 3018 2081 3071 haec
2121 3017 2268 3071 salus
2297 3016 2536 3070 humano
2580 3013 2760 3072 ceneri
2800 3009 2940 3066 facta
2983 3023 3088 3077 est,
3121 3013 3212 3067 ille
3258 3013 3412 3067 vide-

1837 3111 1962 3164 licet
2007 3111 2097 3178 qui
2146 3107 2434 3180 postquam
2476 3108 2627 3162 cruci
2680 3105 2873 3162 aﬂixus
2920 3116 2974 3160 et
3017 3117 3267 3162 mortuus
3304 3117 3408 3167 est.

1840 3201 1997 3270 172
2045 3215 2209 3269 regno
2251 3199 2414 3254 totius
2449 3199 2600 3253 orbis
2644 3208 2916 3252 terrarum
2959 3199 3027 3254 ab
3066 3213 3132 3254 eo
3175 3198 3411 3254 donatus

149 3292 334 3362 πάσης
401 3291 498 3359 τῆς
559 3289 662 3358 γῆς
723 3287 1129 3360 κατηξιωμένος]
1187 3287 1278 3340 ὑπ’
1326 3285 1514 3340 αὑτοῦ.
1569 3305 1588 3337 ι
1639 3287 1725 3350 Ὠς

1832 3303 1933 3346 est.
1984 3311 2001 3341 ι
2042 3292 2108 3345 Ει
2154 3305 2456 3359 exsurgens
2501 3292 2590 3344 hic
2629 3290 2860 3359 populus
2891 3289 3250 3344 fornicabitur
3290 3300 3412 3359 po.~t

149 3379 244 3433 καὶ
275 3379 366 3433 διὰ
398 3379 494 3449 τῆς
528 3375 628 3448 γῆς
665 3373 775 3448 (57)
821 3380 900 3442 εἰς
935 3379 1001 3449 ἢν
1048 3371 1202 3442 οὗτος
1237 3376 1615 3447 εἰσπορεύεται
1649 3379 1728 3441 εἰς

150 3471 341 3541 αὐτὴν,
369 3470 464 3524 καὶ
492 3463 942 3539 ἐγκαταλείψουσε
972 3489 1061 3541 με,
1087 3470 1181 3523 καὶ
1204 3469 1614 3524 διασκεδάσουσι
1632 3471 1728 3541 τὴν

149 3561 418 3633 διαθήκην
488 3578 591 3633 μου
642 3563 709 3633 ἢν
768 3559 1028 3633 διεθέμην
1081 3563 1262 3626 αὐτοῖς
1318 3565 1376 3614 ἐν
1421 3564 1487 3634 τῇ
1545 3563 1728 3633 ἡμέρα

152 3654 340 3727 ἐκείνῃ
364 3653 507 3726 (58)·
545 3649 639 3708 καὶ
672 3653 983 3724 καταλείψω
1015 3655 1230 3718 αὐτοὺς,
1276 3655 1371 3708 καὶ
1402 3657 1730 3727 ἀποστρέψω

149 3747 209 3800 τὸ
242 3743 540 3818 πρόσωπόν
569 3764 668 3817 μου
696 3749 790 3801 ἀπ’
816 3748 993 3801 αὐτῶν
1014 3764 1025 3776 ·
1056 3748 1151 3800 καὶ
1185 3749 1335 3802 ἔσται
1363 3747 1726 3818 κατὰὁρωμα,

151 3840 244 3893 καὶ
277 3840 601 3910 εὑρήσουσιν
625 3839 784 3892 αυτόν
813 3840 959 3893 κακά
1004 3839 1173 3893 πολλὰ
1218 3837 1313 3893 κα)⁵
1360 3840 1566 3909 θλίψεις
1586 3857 1598 3868 ·
1634 3837 1728 3893 καὶ

187 4088 199 4099 ⁸
383 4017 526 4099 Παρ¹
558 4017 722 4087 ἡμῖν.
759 4016 1070 4088 Legendum
1104 4017 1234 4088 παρ’
1270 4017 1399 4088 ὑμῖν
1419 4016 1533 4084 jam
1567 4020 1723 4072 multi

151 4098 426 4142 viderunt.

231 4159 349 4230 (55)
394 4159 529 4212 Οῡθ’
557 4158 731 4230 ὑμᾶς.
763 4158 952 4213 Melius
986 4159 1230 4226 profecto
1256 4159 1424 4227 ἡμᾶς,
1468 4167 1526 4230 ut
1569 4159 1725 4212 initio

158 4229 372 4298 Dialogi
408 4246 463 4284 η.
492 4231 550 4292 9,
571 4230 658 4284 tibi
685 4229 930 4283 Justinus
953 4230 1304 4297 probaturum
1333 4245 1390 4282 se
1417 4229 1721 4295 pollicetur,

153 4301 496 4355 Christianos
537 4316 642 4354 non
689 4300 859 4364 vanis,
900 4308 958 4351 ut
997 4299 1213 4353 dixerat
1255 4298 1504 4368 Trypho,
1545 4300 1726 4353 credi-

155 4371 297 4426 disse
327 4371 693 4425 sermonibus.

225 4441 336 4512 (56)
377 4441 486 4494 Καὶ
526 4440 903 4505 βασιλεύειν.
939 4439 1236 4512 ξιοηῑειιιίςυ
1273 4439 1469 4512 seriem
1512 4442 1725 4512 perspi-

152 4510 276 4566 cere
307 4526 491 4582 Operae
527 4513 761 4579 pretium
792 4519 892 4565 est.
925 4511 1058 4565 Cum
1096 4510 1322 4582 moleste
1370 4510 1536 4564 ferret
1571 4510 1719 4582 Try-

155 4584 281 4647 pbo,
342 4580 486 4652 Quod
532 4582 771 4652 psalmus
817 4598 836 4632 ι
879 4582 1110 4652 Caritate
1153 4580 1381 4633 Domino
1440 4580 1718 4652 canticum

1835 3386 1964 3438 deos
1989 3383 2194 3438 alienos
2227 3393 2406 3449 terrae,
2439 3380 2490 3434 in
2521 3395 2683 3450 quam
2725 3382 2813 3436 hic
2847 3381 3171 3450 ingreditur,
3205 3391 3263 3434 ut
3305 3381 3406 3435 ha-

1833 3478 1967 3531 bitet
1998 3479 2048 3530 in
2081 3492 2167 3542 ea,
2198 3486 2252 3530 et
2285 3475 2666 3543 derelinqueut
2717 3489 2833 3538 me;
2859 3483 2915 3528 et
2944 3473 3292 3540 dissipabunt
3329 3484 3408 3527 te.

1832 3578 2159 3623 stamentum
2213 3582 2416 3632 meum,
2466 3568 2608 3636 quod
2658 3575 2888 3620 testatus
2930 3580 3049 3619 sum
3085 3566 3167 3619 eis
3214 3565 3265 3620 in
3319 3567 3408 3620 die

1834 3662 1958 3726 illa;
1993 3670 2046 3715 et
2073 3660 2446 3727 derelinquam
2475 3673 2589 3720 eos,
2622 3668 2676 3712 et
2717 3666 2958 3710 avertam
2990 3655 3186 3710 facient
3228 3672 3406 3711 meam

1832 3752 1900 3804 ab
1935 3752 2046 3810 eis;
2082 3762 2137 3803 et
2169 3751 2274 3803 erit
2305 3763 2451 3810 esca,
2482 3757 2538 3801 et
2569 3749 2848 3802 invenient
2877 3762 3000 3802 eum
3036 3747 3178 3800 mala
3215 3749 3405 3812 multa,

1833 3853 1891 3897 et.
1930 3843 2342 3905 tribulationcs;
2372 3851 2428 3893 et
2456 3840 2598 3894 dicet
2626 3842 2678 3893 in
2711 3843 2798 3893 die
2832 3841 2955 3894 illa:
2990 3840 3260 3907 Quoniam
3298 3858 3409 3897 non

1832 4035 2002 4088 usque
2034 4018 2099 4071 ad
2130 4036 2185 4074 ιι.
2213 4018 2361 4072 illum
2392 4018 2479 4083 77,
2509 4035 2573 4072 eo
2604 4030 2834 4084 spectat,
2871 4030 2929 4071 ut
2963 4022 3223 4088 probetur
3248 4021 3409 4075 Chri-

1831 4103 1976 4145 stum
2008 4103 2130 4143 esse
2161 4089 2449 4142 Dominum
2497 4102 2812 4158 regnantem
2857 4106 2884 4142 a
2926 4090 3092 4159 ligno.
3131 4089 3265 4146 Hinc
3308 4092 3410 4145 sub

1833 4162 1994 4213 tinem
2046 4176 2101 4212 n.
2165 4160 2254 4218 76,
2304 4160 2584 4213 concludit
2632 4160 2876 4213 Justinus
2924 4162 3217 4228 prophetas
3265 4177 3404 4229 pra:-

1832 4231 2035 4284 dixisse
2063 4229 2338 4284 Christum
2373 4245 2660 4298 passurum
2702 4240 2753 4282 et
2799 4239 2984 4299 postea
3029 4239 3404 4300 regnaturum.

1831 4303 1890 4355 3°
1910 4302 2105 4354 Eodem
2137 4309 2382 4367 spectant
2405 4302 2512 4353 duo
2533 4301 2619 4354 illa
2644 4302 2955 4355 testimonia
2980 4303 3188 4368 psalmo
3215 4318 3236 4352 α
3263 4302 3407 4355 Can-

1837 4383 1969 4436 tatc,
2010 4389 2027 4420 ι
2069 4370 2383 4437 subjuncta,
2428 4385 2657 4438 quorum
2711 4373 2761 4424 in
2809 4374 2984 4440 primo
3020 4373 3078 4423 llt
3108 4374 3310 4425 mentio
3337 4373 3406 4427 de

1844 4453 1985 4494 terra
2020 4443 2305 4509 promissa,
2334 4441 2385 4493 in
2419 4455 2579 4508 quain
2617 4440 2786 4496 Judaei
2829 4442 3126 4494 introducti
3160 4452 3315 4508 sunt;
3347 4442 3400 4497 in

1831 4513 2001 4566 altero
2033 4511 2194 4575 Deus,
2235 4513 2322 4578 qui
2359 4511 2501 4565 hanc
2534 4521 2735 4565 terram
2785 4513 2959 4575 dedit,
2998 4527 3195 4564 nomen
3241 4527 3400 4567 suum

1829 4582 2012 4636 Jesum
2068 4596 2187 4635 esse
2230 4582 2491 4635 declarat.
2534 4580 2659 4636 Haec
2706 4592 2883 4635 antem
2934 4583 3244 4635 testimonia
3296 4597 3402 4636 non

156 4666 394 4706 norum:
448 4662 662 4705 cantate
699 4651 930 4706 Domino
957 4651 1139 4704 omnis
1185 4659 1355 4721 terra,
1391 4669 1408 4700 ι
1455 4653 1521 4704 ad
1565 4651 1724 4704 Chri-
1759 4653 1800 4706 D
1830 4654 1937 4706 alio
1977 4652 2222 4714 tendunt,
2257 4653 2357 4705 nisi
2397 4664 2453 4704 ut
2487 4653 2745 4721 probetur
2782 4655 2834 4706 in
2868 4653 3402 4707 Christo‘hutuilitas

155 4732 295 4775 slum
346 4723 685 4785 referretur;
741 4723 812 4774 ita
861 4737 971 4774 rem
1018 4731 1284 4786 temperat
1331 4718 1600 4784 Justinus,
1663 4733 1719 4773 ut

156 4795 350 4860 partim
380 4793 552 4855 Patri,
583 4793 781 4860 partim
826 4791 962 4845 Filio
1010 4791 1278 4857 psalmunt
1323 4791 1466 4844 hunc
1495 4794 1720 4844 tribuat.

157 4859 287 4915 Nam
324 4865 431 4918 Deo
471 4859 638 4928 Patri,
671 4863 762 4930 qui
811 4874 893 4916 est
941 4861 1227 4916 laudabilis
1273 4871 1328 4914 et
1377 4862 1639 4916 terribilis
1674 4873 1725 4914 et

159 4935 324 4987 cuilos
381 4935 531 4996 fecit,
584 4935 791 5001 gratias
837 4933 919 5002 agi
982 4933 1248 5002 declarat,
1294 4932 1436 4999 quod
1489 4934 1725 4986 salutare

157 5018 310 5055 suum
346 5004 719 5063 constituerit,
747 5001 941 5070 nempe
969 5001 1163 5055 Filium
1199 5004 1520 5055 cruciﬁxum
1559 5014 1614 5057 et
1645 5021 1723 5057 re-

159 5073 499 5136 suscitatum,
527 5084 580 5126 et
617 5084 930 5143 regnantem
963 5074 1013 5125 in
1046 5074 1299 5126 universa
1337 5085 1503 5126 terra.
1541 5075 1724 5140 itaque

162 5145 227 5195 ad
265 5143 478 5198 Patrem
521 5148 682 5197 refert
713 5146 942 5210 primum
990 5143 1178 5211 psalmi
1223 5155 1461 5210 partem,
1496 5144 1720 5196 alteram

160 5225 361 5283 autem,
388 5229 601 5282 nempe,
654 5234 670 5265 ι
713 5214 974 5268 Dominus
1005 5214 1251 5283 regnavit
1277 5229 1304 5264 a
1331 5215 1496 5280 ligno,
1535 5234 1553 5266 ›
1587 5226 1719 5278 etc.,

160 5282 294 5338 Filio
326 5296 590 5340 reservat.

231 5355 338 5426 (57)
393 5356 489 5422 Ὠς
538 5355 635 5408 καὶ
683 5355 779 5409 διὰ
810 5354 920 5423 τῆς
959 5354 1092 5424 γῆς.
1134 5353 1230 5408 Hic
1284 5355 1488 5426 aliqud
1533 5358 1720 5410 deesse

163 5424 502 5480 manifestum
528 5439 629 5479 est.
676 5427 951 5492 Nonnulli,
983 5439 1041 5478 ut
1074 5426 1310 5479 Grabius
1333 5437 1386 5479 ct
1414 5424 1718 5480 Londinen-

162 5512 250 5550 ses
275 5499 526 5555 editores.
556 5498 697 5548 inter
729 5499 839 5551 haec
870 5501 1032 5552 verba
1059 5506 1112 5549 et
1143 5513 1205 5548 ea
1240 5511 1360 5563 quae
1387 5499 1714 5565 prazeedunt.

164 5579 319 5620 nnem
351 5568 551 5636 prioris
595 5567 848 5636 colloquii
888 5578 942 5622 et
985 5567 1195 5619 initium
1233 5567 1452 5620 secundi
1505 5568 1717 5621 deside-

169 5647 304 5693 rant.
333 5640 437 5692 Sed
459 5648 639 5690 tamen
673 5638 759 5690 vix
792 5642 890 5690 tria
928 5649 1020 5690 aut
1043 5649 1278 5706 quatuor
1303 5639 1464 5689 verba
1498 5639 1712 5690 desunt.

166 5707 224 5758 Ι·
261 5709 481 5778 Semper
517 5707 762 5761 Justinus
792 5720 1037 5761 versatur
1079 5713 1128 5760 in
1167 5723 1227 5762 ea
1260 5708 1614 5774 digressione,
1649 5710 1712 5759 ad

163 5793 322 5844 quam
354 5798 474 5832 eum
504 5791 788 5832 vocaverat
825 5778 1068 5850 Trypho,
1105 5795 1202 5832 nec
1245 5778 1383 5832 redit
1415 5781 1481 5830 ad
1520 5795 1715 5847 propo-

167 5853 347 5916 situm,
382 5852 432 5903 id
479 5859 563 5902 est
597 5851 662 5901 ad
705 5850 1124 5918 explicationem
1174 5851 1331 5918 bnjus
1375 5851 1708 5919 prophetiae:

233 5921 362 5977 Ecce
411 5920 593 5989 Virgo,
640 5937 658 5970 ι
709 5920 808 5974 nisi
853 5936 906 5972 ιι.
959 5919 1046 5972 77.
1092 5922 1149 5971 “2°
1189 5922 1458 5990 Quidquid
1495 5921 1711 5976 disserit

472 6015 745 6076 Ρηιιοι.
786 6012 904 6072 Gn.
955 6013 1056 6073 Vl.

1831 4725 2014 4778 carnis
2044 4732 2098 4774 et
2131 4723 2388 4788 inajcstas
2417 4723 2588 4790 regni.
2640 4722 2794 4776 Unde
2831 4723 3013 4776 statim
3041 4723 3192 4775 addit
3222 4723 3401 4776 Justi-

1831 4809 1932 4847 nus
1972 4795 2119 4854 eum,
2151 4794 2240 4860 qui
2281 4808 2505 4861 regnum
2553 4794 2752 4861 accipit
2786 4805 3075 4854 :Blel'lllltll,
3112 4807 3141 4844 a
3181 4793 3401 4848 Daniele

1835 4882 1853 4914 ι
1914 4876 2168 4930 tanquam
2228 4864 2393 4916 lilium
2443 4864 2685 4916 hominis
2723 4883 2738 4912 ι
2791 4864 2999 4916 vocari.
3055 4862 3238 4926 Quare
3289 4881 3396 4918 non

1830 4937 1979 5003 plura
2027 4936 2128 4986 hoc
2171 4932 2286 4985 loco
2336 4935 2522 4986 deesse
2567 4935 2910 4995 crediderim,
2947 4950 3109 5000 quam
3152 4950 3270 5001 qua:
3311 4935 3398 4986 Ju-

1829 5009 2009 5058 stinus
2035 5006 2212 5056 dicere
2245 5005 2403 5067 solet,
2432 5021 2551 5056 cun:
2586 5007 2652 5056 ab
2682 5020 2788 5056 uno
2823 5003 3135 5057 testimonio
3161 5007 3225 5056 ad
3256 5007 3398 5057 aliud

1835 5077 2051 5128 transit.
2102 5076 2303 5128 Desunt
2341 5077 2505 5127 etiam
2553 5075 2735 5142 priora
2777 5077 2936 5126 verba
2992 5075 3287 5127 testimonii
3329 5091 3398 5128 ex

1831 5146 2253 5198 Denteronomio
2297 5146 2482 5213 petiti;
2519 5156 2681 5214 atque
2717 5145 2768 5196 in
2819 5146 2959 5214 hunc
2995 5148 3213 5196 modum
3250 5147 3399 5198 vide-

1831 5227 1917 5268 tur
1957 5217 2142 5267 lacuna
2170 5216 2372 5282 expleri
2405 5232 2588 5283 posse:
2622 5215 2707 5276 Ὠς
2732 5215 2826 5266 καὶ
2855 5213 2944 5265 διὰ
2965 5215 3063 5284 τῆς
3089 5215 3188 5283 γῆς
3217 5216 3294 5278 εἰς
3332 5217 3400 5284 ἣν

1824 5287 1926 5355 ἔφη
1963 5285 2194 5347 εἰσάξειν
2245 5289 2365 5349 τοὺς
2398 5286 2637 5356 πατέρας
2671 5284 2844 5354 ὑμῶν,
2879 5285 3163 5352 φαίνεται·
3207 5285 3308 5354 ἔφη
3342 5289 3399 5339 οὲ

1822 5359 2014 5420 οὕτως.
2057 5373 2076 5404 ι
2106 5359 2569 5419 Quemadmodum
2600 5367 2653 5409 et
2688 5372 2782 5424 per
2815 5366 3015 5408 terrain
3047 5359 3392 5424 perspicitur.

1823 5427 1876 5480 in
1907 5443 2067 5496 quam
2103 5443 2161 5478 se
2196 5429 2633 5481 introducturuni
2671 5427 2804 5479 dixit
2829 5437 3010 5493 patres
3041 5435 3273 5481 vestros.
3304 5429 3397 5481 Sic

1820 5508 2000 5551 autem
2057 5498 2320 5558 loquitur.
2362 5517 2379 5549 ι
2444 5497 2616 5551 Verba
2668 5511 2797 5549 vero
2835 5497 3134 5564 Scriptura:
3163 5498 3244 5550 sic
3295 5512 3394 5549 ex-

1823 5569 2012 5637 plenda
2039 5567 2254 5640 :Cbro;
2279 5571 2307 5621 ὁ
2338 5568 2469 5640 λαὸς
2488 5567 2848 5640 ὲκπορνεύσει
2874 5567 3048 5619 ὀπίσω
3077 5565 3212 5619 θεῶν
3239 5565 3394 5619 ἁλλο-

1821 5639 2012 5723 cpiam~
2031 5639 2128 5708 τῆς
2184 5641 2309 5710 γῆς.
2351 5639 2892 5723 νιιιειιιηηιει)‹ςιὶιίρ
2935 5641 3149 5723 “harum
3199 5653 3394 5699 vocum

1820 5709 1918 5782 τῆς
1947 5710 2063 5782 γῆς
2090 5716 2266 5782 locum
2315 5712 2533 5782 errandi
2572 5709 2813 5782 librariis
2844 5711 3080 5782 dedisse.

1889 5780 2247 5862 (Sisigﬁrrﬁ
2490 5780 2711 5862 ἑκείιςῃ.
2751 5783 2888 5862 Ante
2924 5781 3037 5860 htec
3069 5781 3234 5862 verba
3268 5781 3398 5862 legi-

1820 5851 1904 5908 tur
1942 5855 1991 5906 iti
2018 5853 2242 5908 Bibliis:
2280 5852 2388 5905 Καὶ
2425 5851 2821 5924 ὀργισθήσομαι
2861 5851 3017 5919 θυμῷ
3055 5853 3133 5915 εἰς
3175 5851 3392 5915 αὐτούς.

3045 6014 3116 6072 21
