4108 6426
159 424 274 479 653

1161 427 1506 484 DIALOGUS
1534 427 1680 483 CUM
1715 421 2092 485 TRYPIIONE
2124 431 2392 488 JUDZEO.

3312 443 3416 498 654

161 537 568 607 προϐάλλοντος
601 539 760 593 αὐτὸν
792 541 1006 612 Πατρὸς
1038 539 1147 594 τῶν
1185 543 1320 596 ὅλων
1353 545 1509 598 Θεοῦ.
1546 547 1656 599 Kai.
1687 547 1737 599 τί

1852 546 2081 598 scissum
2116 547 2281 602 fuisse
2325 549 2487 612 dicit,
2531 549 2672 604 idem
2709 551 2852 606 valet
2891 568 2954 606 ac
2997 562 3120 607 edin
3164 570 3268 610 non
3297 570 3420 613 esse

174 626 410 679 Ἡσαΐαν
433 629 618 696 φάναι,
649 649 666 680 ι
697 631 795 700 τὴν
817 631 1006 698 γενεὰν
1029 633 1194 685 αὑτοῦ
1228 635 1311 697 τίς
1343 635 1690 707 διηγήσεται;
1721 659 1737 688 ι

161 717 559 788 ἀνεκδιήγητον
595 719 784 788 ἔχοντα
821 721 882 773 τὸ
917 722 1071 788 γένος
1105 724 1266 777 αὐτὸν
1315 726 1524 796 ἐδήλου.
1563 728 1749 790 Οὐδεὶς

161 807 306 878 γὰρ,
344 809 625 880 ἄνθρωπος
656 810 731 864 ὢν
767 811 822 877 ἐξ
857 811 1176 883 ἀνθρώπων,
1214 817 1602 888 ἁνεκδιήγητον
1632 819 1749 890 ἔχει

161 897 227 948 τὺ
262 899 442 965 γένος.
495 901 602 952 Καὶ
646 901 706 952 τὸ
758 903 846 952 τὸν
897 901 1134 957 Μωῦσέα
1176 909 1345 958 εἰπεῖν
1392 908 1606 962 πλύνειν
1642 911 1747 977 (66)

160 988 337 1041 αὑτὸν
382 989 479 1059 τὴν
524 991 712 1062 στολὴν
764 993 924 1045 αὐτοῦ
953 996 1010 1045 ὲν
1036 996 1226 1065 αἵματι
1263 1000 1557 1070 σταφυλῆς,
1591 1002 1689 1072 οὐχ
1723 1003 1750 1054 ὃ

162 1080 264 1133 καὶ
290 1080 394 1151 ἤδη
424 1082 677 1146 πολλάκις
714 1084 848 1156 πρὸς
882 1086 1026 1156 ὑμᾶς
1059 1091 1639 1162 παρακεκαλυμμένως
1665 1112 1753 1147 πε-

162 1177 604 1247 προφητευκέναι
653 1177 762 1247 (67)
815 1178 976 1230 αὐτὸν
1031 1176 1216 1243 εἶπον,
1267 1181 1442 1248 ὲστίν;
1491 1185 1570 1237 ὅτι
1611 1179 1748 1256 αἷμα

166 1268 270 1337 μὲν
303 1268 450 1336 ἔχειν
483 1268 642 1322 αὑτὸν
678 1273 1038 1341 προεμήνυεν,
1076 1272 1190 1325 ἀλλ’
1225 1275 1323 1327 οὐκ
1348 1275 1405 1341 ἐξ
1425 1276 1744 1348 ἀνθρώπων⁸

160 1357 226 1408 ὃν
251 1354 454 1428 τρόπον
478 1356 538 1410 τὸ
569 1358 667 1430 τῆς
701 1359 940 1428 ἀμπέλου
976 1355 1113 1430 αἷμα
1147 1361 1245 1413 οὐκ
1279 1361 1563 1433 ἄνθρωπος
1597 1364 1748 1432 ὲγέν-

161 1465 353 1517 νησεν,
392 1448 506 1501 ἀλλ’
539 1451 567 1501 ὁ
601 1450 750 1512 Θεός.
790 1451 898 1503 Ka‘t
937 1451 1157 1514 Ἡσαΐας
1189 1452 1245 1505 δὲ
1283 1454 1521 1525 μεγάλης
1557 1455 1748 1526 βουλῆς

162 1542 398 1608 ἄγγελον
437 1543 596 1596 αὑτὸν
631 1542 796 1595 εἰπὼν
820 1583 835 1605 ,
885 1543 1004 1614 οὐχ).
1050 1544 1251 1597 τούτων
1285 1539 1466 1617 ὧνπερ
1513 1547 1746 1614 ἐδίδαξεν

164 1632 363 1696 ἐλθὼν,
399 1633 713 1686 διδάσκαλον
749 1635 908 1686 αὑτὸν
943 1636 1268 1706 γεγενῆσθαι
1303 1640 1742 1710 προεκήρυσσεν;

169 1726 239 1774 ’Λ
274 1725 382 1795 γὰρ
415 1725 622 1794 μεγάλα
655 1725 1003 1778 ἐϐεϐούλευτο
1034 1729 1060 1779 ὁ
1103 1728 1290 1799 Πατὴρ
1325 1731 1404 1792 εἷς
1444 1747 1500 1781 τε
1537 1730 1745 1794 πάντας

161 1817 294 1879 τοὺς
329 1817 650 1887 εὐαρέστους
681 1818 1002 1887 γενομένους
1034 1817 1183 1889 αύτῴ
1222 1821 1314 1873 καὶ
1352 1823 1743 1892 γενησομένους

163 1904 507 1976 ἀνθρώπους,
550 1907 643 1958 καὶ
674 1907 799 1969 τοὺς
833 1907 1173 1970 ἀποστάντας
1205 1909 1305 1979 τῆς
1341 1910 1534 1980 βουλῆς
1578 1911 1740 1963 αὑτοῦ

161 1995 369 2064 ὁμοίως
401 1995 718 2066 ἀνθρώπους
749 1995 780 2066 ἢ
822 1997 1109 2064 ἀγγέλους,
1145 1993 1298 2060 οὗτος
1335 1999 1492 2068 μόνος
1534 2002 1748 2072 ἀπαρα-

163 2086 458 2148 καλύπτως
497 2087 748 2150 ἐδίδαξεν,
802 2087 1000 2140 εἰπών·
1045 2107 1061 2138 ι
1104 2090 1358 2154 Ἥξουσιν
1404 2091 1510 2143 ἀπὸ
1560 2093 1749 2144 ἀνατο-

162 2176 275 2227 λῶν
315 2176 432 2245 [καὶ
481 2177 699 2247 δυσμῶν
741 2177 913 2249 (68)],
964 2181 1056 2231 καὶ
1104 2181 1553 2251 ἀνακλιθήσονται
1611 2181 1746 2252 μετὰ

163 2268 422 2339 Ἀϐραὰμ
453 2270 546 2321 καὶ
581 2269 766 2322 Ἰσαάκ
801 2271 892 2322 καὶ
926 2268 1118 2322 Ἰακὼϐ
1160 2271 1217 2320 ἐν
1258 2275 1321 2341 τῇ
1360 2271 1606 2342 βασιλείᾳ
1638 2271 1745 2323 τῶν

161 2360 447 2430 οὐρανῶν·
499 2362 546 2412 οἱ
593 2359 648 2412 δὲ
707 2361 811 2412 υἱοὶ
861 2361 959 2431 τῆς
1005 2361 1277 2430 βασιλείας
1325 2361 1744 2432 ἐκϐληθήσονται

159 2454 244 2514 είς
277 2451 338 2504 τὸ
365 2451 552 2515 σκότος
597 2452 655 2504 τὸ
701 2450 979 2522 ἐξώτερον.
1027 2472 1044 2503 ι
1084 2453 1221 2505 Καί·
1267 2473 1283 2503 ι
1327 2452 1516 2505 Πολλοὶ
1563 2454 1744 2524 ἐροῦσί

164 2561 258 2613 μοι
395 2544 577 2614 ἡμέρᾳ
609 2544 812 2614 ἐκείνῃ·
846 2544 1036 2614 Κύριε,
1075 2544 1244 2616 Κύριε
1270 2586 1283 2608 ,
1319 2546 1377 2598 ού
1412 2543 1490 2614 τῷ
1525 2544 1601 2614 σῷ
1632 2545 1745 2597 ὀνό-

166 2653 299 2703 ματι
335 2637 608 2706 ὲςνάγομεν
641 2638 731 2689 καὶ
753 2637 976 2708 ἐπίομεν
1012 2639 1104 2690 καὶ
1138 2637 1627 2708 προεφητεύσαμεν
1649 2640 1742 2692 καὶ

158 2723 418 2793 δαιμόνια
449 2723 808 2794 ἐξεϐάλομενς
845 2725 953 2777 Καὶ
993 2726 1102 2795 ἐρῶ
1136 2728 1334 2789 αὐτοῖς’
1363 2727 1741 2798 ’Ἂναχωρεῖτε

157 2815 257 2866 ἀπ’
292 2814 447 2885 ἐμοῦ.
497 2834 515 2865 ›
555 2816 660 2867 Καὶ
709 2815 764 2865 ὲν
810 2815 986 2877 ἀλλοις
1035 2815 1212 2881 λόγοις
1244 2811 1324 2877 οἷς
1367 2815 1742 2879 καταδικάζειν

156 2908 289 2970 τοὺς
352 2906 600 2970 ἀναξίους
653 2907 726 2978 μὴ
781 2906 1045 2971 σώζεσθαι
1103 2907 1320 2976 μέλλει,
1395 2908 1498 2978 ἔφη
1563 2911 1734 2980 ἐρεῖν·

162 3017 181 3049 ι
223 2998 491 3068 Ὑπάγετε
519 3001 597 3062 είς
627 2999 687 3051 τὸ
721 2999 908 3062 σκότος
942 2999 1000 3050 τὸ
1046 2999 1305 3071 ἐξώτερον
1327 3039 1340 3063 ,
1383 3000 1411 3052 ὃ
1443 3001 1738 3070 ἡτοίμασεν

154 3092 201 3143 δ-
219 3091 412 3162 Πατὴρ
445 3091 521 3161 τῷ
554 3092 763 3161 Σατανᾷ
789 3092 881 3143 καὶ
913 3095 1024 3154 τοῖς
1067 3091 1318 3158 ἀγγέλοις
1355 3091 1544 3143 αὑτοῦ.
1579 3111 1596 3142 ι
1631 3093 1739 3146 Καὶ

156 3183 322 3236 πάλιν
366 3185 424 3235 ἐν
469 3183 674 3255 ἑτέροις
720 3184 898 3251 λόγοις
948 3183 1071 3253 ἔφη·
1115 3203 1134 3233 ‹
1186 3183 1386 3254 Δίδωμι
1418 3184 1544 3254 ὑμῖν
1588 3183 1739 3249 ἐξου-

155 3273 282 3326 σίαν
333 3277 666 3326 καταπατεῖν
711 3274 896 3326 ἐπάνω
930 3273 1138 3342 ὄφεων,
1175 3275 1269 3326 καὶ
1305 3273 1603 3346 σκορπίων,
1639 3275 1734 3328 καὶ

153 3365 598 3434 σκοὶιοπενδρῶν,
656 3367 750 3418 καὶ
810 3366 994 3418 ὲπάνω
1054 3365 1235 3436 πάσης
1297 3366 1576 3437 δυνάμεως
1633 3368 1728 3421 τοῦ

152 3455 376 3526 ἐχθροῦ.
423 3475 439 3506 ι
490 3458 599 3509 Καὶ
631 3457 724 3509 νῦν
786 3459 945 3526 ἡμεῖς
993 3458 1042 3508 οί
1104 3455 1447 3520 πιστεύοντες
1495 3458 1586 3510 ἐπὶ
1639 3459 1730 3511 τὸν

153 3546 538 3616 σταυρωθέντα
587 3548 678 3600 ἐπὶ
729 3548 949 3600 Ποντίου
1001 3549 1232 3602 Πιλάτου
1279 3548 1486 3620 Ἰησοῦν
1529 3548 1730 3621 Κύριον

153 3635 346 3706 ἡμῶν,
393 3637 460 3690 τὰ
508 3637 760 3708 δαιμόνια
811 3639 990 3692 πάντα
1042 3641 1134 3692 καὶ
1191 3639 1469 3709 πνεύματα
1519 3641 1731 3712 πονηρά

154 3727 562 3797 ὲῷρκίζοντες,
612 3728 1027 3798 ὐποτασσόμενα
1080 3729 1208 3798 ἡμῖν
1261 3729 1472 3797 ἔχομεν.
1528 3731 1589 3780 Εἰ
1623 3731 1731 3802 γὰρ

153 3816 245 3869 διὰ
292 3816 401 3868 τῶν
446 3817 738 3887 προφητῶν
795 3817 1378 3889 παρακεκαλυμμένως
1423 3819 1733 3889 κεκήρυκτο

153 3907 400 3980 παθητὸς
447 3909 806 3979 γενησόμενος
838 3912 866 3962 ὁ
911 3909 1160 3980 Χριστὸς,
1221 3910 1313 3961 καὶ
1365 3909 1502 3979 μετὰ
1561 3911 1732 3964 ταῦτα

153 4000 376 4053 πάντων
408 4000 726 4072 κυριεύσων,
763 4001 874 4053 ἀλλ’
909 3997 1002 4054 οὖν
1027 4018 1090 4070 γε
1117 4002 1206 4053 ὑπ’
1232 4001 1444 4062 οὐδενὸς
1478 4001 1584 4071 (69)
1607 4005 1732 4055 νοεῖ-

156 4091 280 4146 σθαι
315 4088 555 4153 ἐδύνατο,
591 4093 779 4164 μέχρις
813 4093 974 4156 αὐτὸς
1021 4093 1201 4146 ἔπεισε
1235 4095 1358 4156 τοὺς
1403 4095 1732 4158 ἀποστόλους

156 4185 212 4236 ὲν
243 4186 367 4246 ταῖς
393 4185 634 4254 Γραφαῖς
664 4183 834 4236 ταῦτα
864 4183 1195 4255 κεκηρῦχθαι
1233 4185 1541 4256 διαρρήδην.
1571 4186 1732 4239 Ἐϐόα

151 4276 263 4347 γὰρ
303 4275 412 4346 πρὸ
442 4273 536 4327 τοῦ
572 4275 962 4346 σταυρωθῆναι·
1006 4295 1024 4325 ι
1080 4277 1171 4328 Δεῖ
1211 4277 1303 4328 τὸν
1351 4276 1476 4328 Υἱὸν
1511 4277 1603 4330 τοῦ
1637 4279 1731 4329 ἀν-

155 4363 377 4438 θρώπου
412 4364 579 4418 πολλὰ
614 4366 824 4429 παθεῖν,
855 4368 946 4420 καὶ
974 4367 1474 4438 ἀποδοκιμασθῆναι
1503 4369 1604 4420 ὑπὸ
1624 4367 1730 4420 τῶν

154 4457 530 4529 Γραμματέων
572 4459 663 4511 καὶ
695 4459 1027 4530 Φαρισαίων,
1075 4461 1166 4512 καὶ
1201 4460 1595 4530 σταυρωθῆναι,
1639 4459 1733 4512 καὶ

156 4552 218 4619 τῇ
276 4550 438 4624 τρίτῃ
487 4549 669 4621 ἡμέρᾳ
721 4551 1036 4621 ἀναστῆναι.
1099 4571 1114 4601 ι
1165 4553 1274 4604 Καὶ
1321 4552 1482 4604 Δαϐἱδ
1526 4553 1582 4605 δὲ
1627 4553 1732 4624 πρὸ

1853 635 2131 687 hominum
2158 653 2322 706 Opus,
2356 640 2452 690 sed
2486 639 2779 693 voluntatis
2804 640 2965 705 illius,
3004 643 3094 712 qui
3128 659 3252 698 eum
3293 659 3418 715 pro-

1853 729 2026 792 duxit,
2068 731 2244 786 Patris
2291 736 2670 788 universorum
2705 735 2820 790 Dei.
2855 737 2918 788 Et
2965 739 3105 806 quod
3139 740 3308 798 Isaias
3334 746 3418 799 di-

1851 823 1924 876 cit
1952 841 1965 876 :
2004 843 2022 875 ι
2057 825 2472 882 Generationem
2504 828 2620 896 eius
2643 831 2769 899 quis
2793 833 3148 887 euarrabit'?
3181 854 3200 887 ι
3247 853 3420 906 genus

1849 930 1970 968 eum
1998 927 2102 970 non
2131 917 2436 972 enarrabile
2465 920 2664 973 habere
2694 921 3051 977 demonstrat.
3083 922 3253 978 Nemo
3274 933 3418 981 enim

1853 1015 1937 1059 cst
1967 1009 2094 1074 qui,
2127 1023 2248 1062 cum
2277 1009 2435 1062 homo
2458 1022 2521 1062 ex
2560 1009 2869 1064 hominibus
2900 1011 2992 1076 sit,
3025 1029 3194 1082 genus
3223 1017 3422 1072 habeat

1857 1114 1966 1151 non
1998 1101 2324 1154 enarrabile.
2359 1103 2424 1155 Et
2455 1103 2594 1170 quod
2637 1102 2847 1172 Moyses
2893 1105 3030 1157 dixit
3074 1119 3228 1160 suam
3271 1108 3419 1164 illum

1851 1189 2044 1243 stolam
2075 1191 2128 1245 iu
2158 1193 2424 1261 sanguine
2454 1192 2919 1255 uvaclavaturum,
2949 1207 3124 1248 nonne
3159 1197 3209 1249 id
3242 1197 3416 1266 ipsum

1850 1292 1951 1345 est,
1991 1286 2132 1351 quod
2161 1301 2302 1353 saepe
2332 1301 2429 1339 vos
2457 1285 2642 1338 monui
2668 1301 2866 1340 arcane
2897 1287 2964 1340 ab
2993 1302 3056 1340 eo
3081 1290 3419 1356 prmnuntia-

1851 1383 1998 1438 tum;
2046 1376 2120 1430 ita
2155 1387 2213 1431 ut
2242 1379 2561 1445 sanguinem
2595 1378 2815 1445 quidem
2853 1379 2900 1431 ei
2936 1378 3113 1434 inesse
3145 1379 3422 1450 significa-

1850 1469 2009 1533 verit,
2043 1470 2140 1523 sed
2183 1485 2526 1540 nequaquam
2559 1483 2622 1523 ex
2663 1471 3013 1536 hominibus;
3063 1473 3422 1540 quemadmo-

1849 1566 1976 1620 dum
2029 1584 2147 1624 uvae
2201 1569 2522 1639 sanguinem
2572 1583 2677 1621 non
2735 1568 2899 1622 homo
2950 1569 3268 1636 generavit,
3325 1571 3420 1624 sed

1848 1657 2029 1711 Deus?
2060 1654 2124 1712 Et
2156 1660 2297 1728 quod
2329 1673 2452 1712 eum
2480 1655 2647 1710 Isaias
2680 1657 2859 1725 magni
2897 1655 3114 1710 consilii
3155 1657 3420 1726 Angelmn

1848 1758 2029 1815 vocat,
2061 1765 2242 1804 nonne
2267 1764 2478 1814 eorum,
2512 1764 2631 1817 qua:
2661 1749 2951 1802 adveniens
2986 1747 3221 1809 edocuit,
3251 1750 3422 1820 magi-

1848 1852 2020 1896 strum
2061 1843 2210 1895 illum
2260 1853 2314 1896 et
2357 1843 2635 1896 doctorem
2683 1844 2924 1896 futurum
2973 1840 3424 1908 praenuntiabat?

1850 1935 2039 2005 Magna
2068 1937 2211 1991 enim
2238 1935 2416 1990 Patris
2440 1937 2666 1990 consilia
2705 1946 2816 1989 tum
2848 1938 2900 1990 in
2933 1950 3144 2001 omnes,
3189 1937 3281 2006 qui
3317 1938 3420 2006 ipsi

1853 2029 2172 2098 placuerant
2200 2041 2251 2081 et
2281 2031 2531 2098 placituri
2567 2039 2746 2094 erant,
2778 2030 3051 2093 homines,
3098 2038 3208 2082 tum
3243 2029 3293 2081 iu
3322 2029 3420 2083 de—

1851 2123 2148 2176 sciscentes
2178 2122 2246 2173 ab
2269 2122 2388 2189 ejus
2424 2123 2706 2176 voluntate
2733 2121 2982 2175 homines
3015 2123 3219 2186 pariter
3247 2130 3301 2174 et
3324 2136 3422 2172 an-

1849 2211 2029 2279 gelos,
2065 2211 2212 2264 solus
2252 2213 2341 2264 hic
2378 2222 2564 2278 aperte.
2613 2211 2855 2274 edocuit,
2891 2225 3013 2264 cum
3061 2211 3130 2264 ita
3166 2211 3372 2264 diceret
3403 2228 3416 2264 :

1855 2319 1875 2352 ι
1914 2302 2147 2357 Vcnient
2194 2304 2261 2356 ab
2295 2302 2518 2356 Oriente
2548 2311 2602 2355 et
2645 2302 2974 2366 Occidente,
3016 2311 3071 2356 et
3103 2305 3421 2356 recumbent

1847 2407 1970 2446 cum
2002 2393 2274 2446 Abraham
2299 2433 2314 2458 ,
2359 2402 2412 2448 et
2444 2392 2618 2457 Isaae,
2663 2403 2716 2448 et
2745 2391 2912 2448 Jacob
2955 2395 3005 2447 in
3051 2407 3220 2464 regno
3248 2393 3416 2448 caelo-

1851 2511 1997 2559 rum;
2025 2495 2118 2549 ﬁlii
2161 2506 2340 2549 autem
2376 2498 2527 2567 rcgni
2555 2498 2843 2568 cjicicntur
2877 2499 2927 2550 in
2976 2498 3227 2553 tenebras
3256 2511 3416 2555 exte-

1847 2594 2020 2648 riores
2047 2596 2090 2647 ⁸.
2128 2614 2147 2646 ι
2188 2596 2294 2650 Et:
2327 2615 2344 2647 ι
2383 2595 2535 2651 Multi
2570 2599 2753 2653 dicent
2782 2599 2911 2653 mihi
2948 2599 3002 2653 in
3036 2593 3126 2653 illa
3149 2599 3270 2654 die:
3307 2599 3416 2654 Do-

1847 2687 2011 2752 mine,
2043 2689 2288 2751 Domine,
2331 2705 2511 2744 nonne
2547 2693 2600 2743 in
2639 2691 2861 2746 nomine
2892 2700 2986 2748 tuo
3008 2695 3220 2748 edimus
3250 2704 3304 2748 et
3334 2694 3418 2748 bi-

1845 2778 2023 2833 bimus
2054 2789 2106 2833 et
2147 2781 2594 2851 prophetavimus
2627 2792 2682 2837 et
2711 2783 2973 2838 daemonia
3012 2785 3312 2855 ejecimus?
3349 2787 3418 2841 Et

1846 2870 2023 2925 dicam
2052 2873 2131 2926 eis
2162 2891 2176 2926 :
2210 2875 2477 2927 Discedite
2510 2890 2538 2926 a
2569 2889 2653 2926 me
2674 2873 2718 2926 '.
2753 2893 2772 2926 ι
2807 2873 2872 2928 Ει
2905 2877 3027 2930 aliis
3056 2877 3256 2941 verbis,
3295 2879 3418 2948 qui-

1847 2965 1946 3017 bus
1972 2965 2223 3034 indignos
2252 2967 2344 3033 qui
2371 2965 2652 3018 salvemur
2694 2967 3153 3024 condemnaturus
3190 2979 3292 3032 est,
3328 2971 3417 3024 diu

1841 3065 2057 3112 cturum
2100 3072 2159 3113 se
2193 3057 2490 3111 declaravit
2526 3075 2537 3109 :
2590 3074 2609 3107 ι
2648 3058 2808 3112 Abite
2865 3060 2915 3111 in
2969 3061 3221 3116 tenebras
3263 3071 3416 3118 exte-

1841 3157 2039 3222 riores,
2065 3172 2200 3226 quas
2233 3157 2447 3222 paravit
2473 3156 2634 3210 Pater
2669 3157 2891 3211 Satanae
2921 3169 2975 3212 et
3004 3159 3210 3226 angelis
3238 3163 3407 3231 ejus,»

1839 3259 1894 3303 et
1941 3264 2127 3303 rursus
2171 3248 2296 3302 aliis
2326 3249 2506 3303 verbis
2549 3250 2666 3303 ait:
2712 3266 2732 3301 ι
2765 3247 2845 3304 Do
2884 3251 3036 3307 vobis
3087 3263 3410 3322 potestatem

1837 3341 2082 3395 calcandi
2116 3355 2279 3408 super
2323 3351 2645 3409 serpentes,
2679 3351 2732 3394 et
2776 3343 3105 3412 scorpiones.
3131 3351 3187 3396 et
3233 3345 3412 3400 scolo-

1833 3430 2086 3500 pendras,
2148 3443 2204 3484 et
2244 3446 2408 3499 super
2453 3445 2669 3486 omnem
2720 3433 2974 3486 virtutem
3031 3434 3234 3488 inimici
3267 3435 3308 3494 ⁸.
3348 3438 3415 3491 Et

1836 3547 1979 3588 nunc
2015 3535 2105 3602 qui
2148 3533 2199 3587 in
2247 3532 2571 3586 cruciﬁxum
2620 3534 2718 3586 sub
2764 3529 2957 3588 Pontio
3001 3534 3177 3591 Pilato
3223 3537 3410 3593 Jesum

1836 3626 2121 3678 Dominum
2170 3633 2415 3679 nostrum
2457 3624 2770 3687 credimus,
2819 3625 3084 3680 daemonia
3132 3630 3313 3682 onmia
3357 3641 3414 3686 et

1835 3717 2006 3772 malos
2045 3718 2270 3786 Spiritus
2314 3717 2616 3785 adjuraudo
2659 3719 2912 3785 potestati
2945 3728 3148 3772 nostra:
3192 3721 3413 3788 subjici-

1835 3827 1976 3865 mus.
2007 3809 2267 3876 Quamvis
2301 3811 2444 3864 enim
2492 3819 2630 3863 tecte
2675 3825 2772 3878 per
2801 3812 3094 3880 prophetas
3138 3813 3410 3880 praedica-

1839 3911 1948 3955 tum
1997 3901 2190 3954 fuisset
2234 3901 2513 3955 Christum
2579 3915 2700 3954 esse
2758 3917 3084 3970 passurum,
3127 3918 3191 3957 ac
3223 3913 3407 3972 postea

1837 3994 2090 4047 omnibus
2119 3993 2536 4060 imperaturum,
2571 3993 2620 4044 id
2655 4000 2837 4046 tamen
2869 4009 2897 4045 a
2930 3995 3145 4048 nemine
3180 3995 3407 4063 intelligi

1835 4093 2082 4153 poterat,
2130 4085 2302 4138 donec
2367 4084 2480 4152 ipse
2530 4082 2812 4151 discipulis
2873 4087 3148 4153 persuasit
3200 4087 3322 4164 lucc.
3354 4087 3408 4140 in

1836 4174 2136 4244 Scripturis
2191 4173 2513 4228 nominatim
2570 4186 2692 4226 esse
2755 4175 3069 4241 praedicata.
3122 4173 3408 4229 Clamabat

1833 4263 1978 4316 enim
2003 4273 2292 4329 antequam
2328 4261 2381 4314 in
2409 4276 2630 4315 crucem
2662 4273 2914 4329 ageretur
2942 4281 2955 4317 :
2999 4281 3018 4314 ι
3057 4263 3285 4332 Oportet
3317 4265 3408 4318 Fi-

1837 4355 1963 4407 lium
1993 4355 2233 4408 hominis
2259 4355 2426 4408 multa
2461 4354 2568 4422 pati
2605 4364 2659 4408 et
2693 4354 2845 4423 rejici
2880 4370 2908 4408 a
2941 4357 3149 4411 Scribis
3184 4366 3239 4412 et
3267 4358 3406 4410 Pha-

1837 4448 2030 4514 risazis,
2068 4455 2123 4500 et
2152 4446 2418 4514 cruciﬁgi,
2456 4456 2509 4499 et
2543 4447 2702 4500 tertia
2754 4448 2841 4501 die
2883 4463 3169 4519 resurgere
3197 4452 3238 4502 9.
3275 4469 3294 4500 ι
3340 4449 3408 4504 Et

1836 4550 2003 4604 David
2037 4549 2276 4604 futurum
2317 4549 2485 4603 fuisse
2529 4560 2658 4605 ante
2706 4552 2875 4606 solem
2915 4562 2970 4606 et
3013 4553 3195 4606 lunam
3246 4552 3407 4625 174

155 4640 308 4709 ἡλίου
360 4642 454 4695 καὶ
494 4642 720 4713 σελήνης
763 4641 873 4713 (70)
912 4644 976 4694 ὲκ
1015 4645 1248 4714 γαστρὸς
1304 4643 1728 4715 γεννηθήσεσθαι

1841 4642 2182 4710 praedicavit,
2222 4648 2281 4693 ut
2319 4655 2382 4693 ex
2420 4650 2574 4695 utero
2605 4645 2902 4697 secundum
2939 4642 3114 4699 Patris
3157 4645 3406 4698 volunta-

225 4817 247 4848 '
302 4816 406 4874 lsa.
461 4832 594 4881 ιιιι,
628 4816 684 4871 8.
774 4819 796 4850 ⁸
852 4815 1046 4873 Matth.
1085 4834 1207 4883 vni,
1242 4821 1327 4873 11.

223 4993 340 5063 (66)
371 4993 648 5066 Πλύνειν.
684 4993 877 5066 Aptius
908 4996 1195 5056 ,existimat
1237 4996 1452 5047 πλυνεῖν
1494 4997 1724 5066 Ηγιιιιιιει

158 5065 273 5134 gius
297 5105 313 5128 ,
351 5074 408 5116 et
445 5065 610 5136 paulo
645 5077 765 5133 post
794 5065 892 5133 legi
922 5080 1078 5134 posse
1108 5068 1364 5120 observat
1397 5068 1724 5136 γενήσεσθαι

157 5133 251 5203 pro
279 5133 624 5202 γεγενῆσθαι.

223 5198 938 5277 (θἹλΠεοῆζροφητευκένᾳι.
983 5203 1162 5277 Οιιάθχ
1200 5207 1400 5274 Regius
1434 5222 1722 5275 προπεφη-

157 5273 430 5326 τευκέναι.
462 5274 553 5326 Sic
579 5275 740 5327 etiam
771 5275 948 5327 codex
987 5273 1442 5328 Claromontanus
1482 5273 1549 5328 ad
1579 5273 1721 5328 mat"-

159 5343 618 5464 gingti."\liilgata
650 5339 808 5398 lectio
839 5347 1108 5414 reperitur
1141 5349 1206 5398 ad
1239 5348 1534 5414 marginem
1572 5348 1719 5398 CUtll-

159 5427 232 5464 eis
308 5427 432 5464 ean.

159 5427 232 5466 CB
257 5427 432 5466 ﬂeﬂll.

224 5429 338 5466 tne
377 5429 432 5465 ιι.

224 5429 543 5550 (68)gverba
581 5487 673 5538 καὶ
699 5486 938 5556 δυσμῶν,
975 5489 1024 5539 in
1061 5486 1296 5539 editione
1330 5484 1722 5556 Maraniomis-

162 5566 238 5616 sa,
262 5555 575 5620 reponimus
599 5573 663 5608 ex
695 5554 934 5610 editione
960 5557 1190 5609 lenensi.
1221 5556 1374 5607 Εοιτ.
1407 5554 1576 5607 Pun.

225 5622 339 5693 (69)
374 5623 535 5677 Ἀλλ’
562 5623 675 5679 οὖν
707 5642 772 5694 γε
817 5628 917 5680 ὑπ’
952 5627 1215 5690 οὐδενός.
1266 5625 1499 5677 Probare
1548 5624 1722 5694 pergit

161 5691 431 5764 illiristum
473 5709 592 5748 esse
635 5691 812 5762 magni
861 5699 1070 5749 COIISIlIl
1127 5696 1411 5764 angelum,
1453 5698 1507 5746 et
1558 5692 1623 5743 ab
1654 5711 1717 5744 eo

161 5757 406 5833 homines
447 5757 802 5818 maximarum
855 5781 1031 5820 rerum
1074 5757 1438 5833 cognitionem
1472 5765 1715 5829 accepis-

163 5839 234 5885 Ie.
263 5832 550 5886 Sitnillima
588 5837 802 5888 disserit
833 5837 1062 5888 lrenteus
1088 5832 1177 5887 liti.
1212 5851 1280 5894 tv,
1320 5849 1367 5886 c.
1400 5834 1490 5896 96,
1517 5852 1569 5886 ιι.
1597 5837 1646 5886 1.

227 5903 341 5973 (70)
362 5903 482 5971 Πρὸ
516 5906 691 5971 ἡλίου
725 5906 820 5958 καὶ
861 5905 1146 5972 σελήνης.
1180 5905 1290 5959 Non
1329 5904 1485 5958 facile
1525 5914 1606 5958 est
1631 5907 1734 5958 ex-‘

1406 4820 1424 4849 ⁷
1469 4819 1657 4872 Matth.
1686 4835 1782 4885 vn,
1813 4819 1904 4872 9.2.

1982 4817 2002 4847 ⁸
2046 4816 2174 4871 Luc.
2215 4834 2268 4884 κ,
2309 4818 2392 4870 19.
2471 4815 2646 4870 ’Luc.
2682 4832 2757 4880 Ix,
2786 4817 2875 4871 22.

1835 4999 2039 5064 plicare
2073 5011 2171 5048 cur
2205 4995 2484 5057 Justinus,
2522 5011 2644 5048 cum
2703 4995 2788 5048 his
2840 4997 3042 5058 verbis,
3082 5016 3102 5049 ι
3146 5013 3209 5051 ex
3251 5010 3405 5054 utero

1834 5076 1961 5119 ante
1998 5066 2302 5118 Luciferum
2350 5067 2508 5134 genui
2552 5075 2639 5127 te,
2686 5084 2704 5114 ι
2750 5067 3090 5121 nativitatem
3136 5083 3200 5122 ex
3243 5081 3404 5122 utero

1834 5137 2074 5204 Virginis
2103 5135 2390 5205 intelligat,
2430 5137 2556 5187 illud
2598 5147 2777 5188 tamen
2818 5152 2836 5184 ι
2875 5146 2999 5189 ante
3027 5137 3396 5201 Luciferum,»

1834 5207 1974 5258 idem
2006 5221 2125 5259 esse
2150 5216 2300 5272 putet
2329 5222 2394 5258 ac
2429 5216 2555 5257 ante
2577 5206 2747 5258 solem
2779 5214 2833 5257 et
2865 5207 3065 5259 lunam.
3106 5207 3222 5262 Non
3251 5211 3398 5262 enim

1829 5277 2074 5347 tiiliristus
2118 5292 2184 5328 ex
2235 5274 2400 5347 Maria
2456 5285 2579 5326 ante
2621 5277 2790 5347 solem
2836 5286 2889 5327 et
2925 5277 3106 5347 lunam
3159 5280 3398 5347 genitus.

1832 5345 2175 5401 Tertulliani.
2205 5348 2294 5411 qui
2331 5344 2600 5396 Justinum
2641 5345 2903 5405 imitatur,
2935 5345 3135 5398 clarior
3158 5344 3213 5400 et
3244 5364 3400 5414 aper-

1829 5417 1934 5466 tior
1961 5415 2252 5467 sententia.
2290 5415 2564 5485 Christum
2597 5417 2740 5467 enim
2783 5430 2849 5467 ex
2891 5427 3046 5469 utero
3090 5417 3270 5469 Μαι-ἱππ
3301 5435 3384 5485 ge-

1831 5490 1999 5536 nitum
2030 5486 2161 5538 dicit
2200 5495 2326 5536 ante
2368 5484 2678 5537 Luciferum
2703 5524 2717 5547 ,
2751 5487 2874 5551 quia
2906 5498 3068 5539 nocte
3114 5487 3165 5539 in
3219 5484 3395 5540 lucem

1828 5557 2004 5608 editus
2045 5566 2148 5613 est.
2187 5554 2277 5606 lll).
2321 5571 2349 5606 v
2397 5558 2446 5604 in
2491 5554 2687 5616 Μαι-ι’..
2737 5570 2861 5620 cap.
2911 5557 2996 5605 10.
3042 5561 3108 5607 At
3151 5557 3398 5610 Justinus

1833 5642 1850 5672 ι
1888 5635 2012 5677 ante
2042 5624 2349 5676 Luciferum
2393 5647 2403 5668 ι
2431 5626 2568 5676 idem
2600 5641 2718 5676 esse
2750 5625 2861 5674 vult
2889 5639 2951 5677 ac
2981 5638 3105 5677 ante
3143 5628 3305 5680 solem
3343 5639 3397 5680 et

1826 5696 2029 5745 lunam.
2085 5698 2201 5757 Quo
2252 5712 2411 5746 sensu
2469 5713 2570 5746 non
2623 5695 2872 5753 praedixit
2919 5696 3082 5749 David
3120 5697 3392 5750 Christum

1827 5773 1949 5815 ante
1978 5765 2145 5817 solem
2184 5775 2236 5815 et
2269 5765 2448 5816 lunam
2487 5770 2550 5815 de
2585 5762 2750 5816 Maria
2795 5767 3154 5829 nasciturum,
3184 5769 3278 5820 sed
3313 5768 3398 5819 kz-

1831 5845 2006 5885 turum
2052 5835 2215 5886 fuisse
2247 5845 2370 5887 ante
2393 5836 2557 5887 solem
2590 5847 2643 5886 et
2671 5834 2852 5885 lunam
2883 5845 2939 5885 ut
2963 5838 3028 5888 de
3054 5837 3270 5904 Virgine
3295 5854 3394 5887 na-

1831 5915 2095 5958 sceretur.
2116 5905 2362 5957 Similem
2390 5905 2562 5959 locmn
2587 5905 2817 5960 vidimus
2835 5921 2995 5974 supra
3015 5922 3068 5960 n.
3091 5908 3158 5961 (Β
3179 5943 3193 5958 .
3217 5907 3392 5958 Ἃνιιμ
