4108 6450
186 378 306 436 657

1192 375 1541 438 DIALOGUS
1572 375 1718 433 CUM
1753 375 2129 434 TRYPHONE
2159 376 2423 434 JUDIEO.

3348 375 3452 431 658

189 490 375 564 ραις.
419 511 438 542 ι
477 491 586 546 Καὶ
608 490 782 545 οὐδενὶ
805 488 914 544 τῶν
947 491 1003 544 ἐν
1038 488 1308 552 Ἰουδαίοις
1341 490 1472 541 ποτὲ
1504 489 1764 560 συμϐεϐη-

1879 491 2035 556 dem,
2077 492 2165 546 cui
2201 492 2256 545 id
2295 507 2533 561 unquam
2567 492 2710 562 apud
2747 490 2964 546 Jndzcos
3004 492 3318 562 contigerit.
3354 492 3450 545 de-

187 587 356 639 κέναι
387 585 544 638 τοῦτο
578 583 852 648 ἀποδεῖξαι
886 583 1056 654 ἔχετε.
1112 582 1298 653 Ἡμεῖς
1342 582 1398 635 δὲ
1424 582 1617 652 ἔχομεν
1641 584 1778 636 ἀπο-

181 678 370 743 δεῖξαι
396 678 548 731 τοῦτο
581 677 871 748 γενόμενον
904 680 962 730 ὲν
986 675 1063 746 τῷ
1086 676 1334 747 ἡμετέρῳ
1359 675 1594 747 Χριστῷ.
1628 677 1774 747 Ἀμα

183 771 306 842 γὰρ
345 771 422 842 τῷ
457 770 779 841 γεννηθῆναι
814 768 997 832 αὐτὸν,
1035 769 1216 839 μάγοι,
1252 768 1360 820 ἀπὸ
1392 768 1648 838 Ἀραϐίας
1679 787 1775 832 πρ.-

183 865 571 936 ραγενόμενοι,
609 862 1016 934 προσεκύνησαν
1050 860 1218 930 αύτῷ,
1249 861 1508 931 πρότερον
1530 860 1774 924 ἐλθόντες

182 956 332 1028 πρὸς
371 954 613 1026 Ἡρώδην
637 994 653 1020 ,
689 955 778 1006 τὸν
804 958 862 1006 ἐν
893 956 959 1023 τῇ
994 957 1063 1024 γῇ
1098 952 1250 1023 ὑμῶν
1293 953 1413 1004 τότε
1468 951 1773 1021 βασιλεύον-

181 1067 291 1103 τα·
330 1049 393 1101 δν
439 1049 468 1101 ὁ
500 1049 652 1118 λόγος
700 1047 855 1101 καλεῖ
902 1045 1127 1116 βασιλέα
1176 1045 1514 1115 Ἀσσυρίων,
1558 1043 1642 1097 διὰ
1678 1044 1773 1114 τὴν

180 1139 352 1194 ἄθεον
403 1141 497 1195 καὶ¹
538 1140 736 1210 ἄνομον
780 1138 942 1192 αὑτοῦ
996 1137 1240 1208 γνώμην.
1299 1137 1622 1190 Ἑπίστασθε
1663 1137 1772 1206 γὰρ

180 1231 438 1295 τοιαῦτα,
474 1231 628 1302 ἔφην,
664 1234 723 1284 ὲν
756 1230 1090 1303 παραϐολαῖς
1124 1232 1215 1282 καὶ
1251 1228 1541 1298 ὁμοιώσεσι
1561 1213 1772 1283 ’πολλά-

179 1338 274 1385 κις
306 1321 497 1374 λαλοῦν
529 1322 590 1372 τὸ
623 1322 774 1389 ἅγιον
810 1320 1048 1391 Πνεῦμα·
1086 1316 1195 1373 οἷον
1224 1321 1489 1389 πεποίηκε
1518 1321 1610 1373 καὶ
1639 1322 1770 1390 πρὸς

179 1413 277 1466 τὸν
312 1416 442 1468 λαὸν
489 1416 705 1469 ἅπαντα
735 1415 827 1467 τὸν
854 1417 909 1467 έν
944 1415 1356 1487 Ἰεροσολύμοις,
1395 1413 1650 1478 πολλάκις
1678 1416 1773 1485 φῆ-

179 1523 289 1560 σαν
325 1509 464 1579 πρὸς
505 1510 720 1572 αύτούς·
764 1528 781 1559 ‹
824 1509 881 1561 Ὁ
927 1508 1106 1578 πατὴρ
1154 1525 1244 1560 σου
1278 1509 1604 1578 Ἀμορραῖος
1639 1508 1768 1578 (76),

179 1599 280 1652 καὶ
316 1601 350 1668 ἡ
379 1601 563 1671 μήτηρ
597 1618 689 1654 σου
716 1601 974 1653 Χετταία.
1009 1619 1027 1651 ι

258 1690 345 1743 78.
384 1692 494 1745 Καὶ
526 1692 634 1761 γὰρ
665 1685 820 1755 οὗτος
852 1693 880 1744 ό
915 1691 1164 1761 βασιλεὺς
1198 1691 1306 1763 (77)
1349 1691 1622 1764 Ἡρώδης,
1663 1711 1765 1764 μα-

173 1781 296 1834 θὼν
331 1782 480 1854 παρὰ
526 1783 633 1837 τῶν
680 1784 1066 1855 πρεσϐυτέρων
1112 1783 1204 1836 τοῦ
1251 1783 1377 1836 λαοῦ
1427 1784 1612 1855 ὑμῶν,
1647 1784 1766 1838 τότε

175 1877 449 1931 ἐλθόντων
482 1879 618 1949 πρὸς
646 1880 814 1932 αὐτὸν
848 1879 954 1932 τῶν
986 1879 1092 1933 ἀπὸ
1128 1880 1388 1950 ’Δραϐίας
1424 1882 1636 1952 μάγων,
1674 1883 1768 1936 καὶ

175 1970 481 2036 εἰπόντων,
526 1972 584 2039 ss
631 1972 862 2043 ἀστέρος
907 1972 1001 2024 τοῦ
1037 1974 1094 2024 ὲν
1127 1971 1204 2042 τῷ
1250 1973 1462 2045 οὐρανῷ
1510 1975 1768 2043 φανέντος

175 2061 480 2127 ἐγνωκέναι
515 2062 595 2115 ὄτι
630 2063 880 2133 βασιλεὺς
908 2065 1198 2135 γεγένηται
1231 2067 1287 2116 ὲν
1319 2067 1384 2135 τῇ
1420 2062 1764 2136 χώρᾳὺμῶν,

175 2153 278 2204 καὶ
309 2152 546 2223 ἡλθομεν
578 2157 950 2225 προσκυνῆσαι
986 2156 1144 2210 αὐτόν
1170 2157 1300 2226 (78)·
1322 2159 1415 2210 καὶ
1447 2160 1506 2210 ὲν
1525 2159 1768 2230 Βηθλεὲμ

174 2244 291 2295 τῶν
337 2246 722 2316 πρεσῦυτέρων
773 2250 1069 2314 είπὸντων,
1118 2250 1199 2303 ὅτι
1246 2251 1553 2322 γέγραπται
1587 2253 1645 2305 ἐν
1690 2253 1767 2323 τῷ

177 2338 443 2410 προφήτῃ
484 2338 689 2404 οὕτως’
733 2359 751 2391 ι
796 2342 901 2394 Καὶ
939 2343 1022 2406 σὺ,
1062 2342 1305 2414 Βηθλεὲμ
1336 2344 1409 2413 γῆ
1445 2345 1636 2410 Ἰούδα,
1671 2346 1765 2398 οὑ.-

172 2427 367 2499 δαμῶς
402 2431 658 2502 ἐλαχίστη
693 2428 745 2485 εί
775 2435 832 2486 ὲν
866 2437 977 2497 τοῖς
1011 2434 1272 2505 ἡγεμόσιν
1319 2436 1487 2488 Ἰούδα
1508 2453 1520 2466 ο
1560 2439 1624 2490 ὲκ
1670 2438 1764 2490 σοῦ

172 2520 287 2591 γὰρ
322 2523 658 2586 ἐξελεύσεται
691 2525 1011 2595 ἡγούμενος,
1046 2527 1194 2591 ὅστις
1228 2531 1482 2598 ποιμανεῖ
1522 2529 1612 2581 τὸν
1641 2529 1767 2582 λαόν

175 2629 303 2680 μου.
347 2631 366 2663 ι
406 2613 529 2667 Τῶν
562 2615 670 2667 ἀπὸ
714 2616 970 2683 Ἀραϐίας
1005 2612 1098 2670 οὖν
1136 2617 1325 2686 μάγων
1376 2618 1638 2672 ἐλθόντων
1686 2622 1765 2684 εἰς

174 2703 446 2776 Βηθλεὲμ,
485 2706 576 2758 καὶ
611 2708 1105 2776 προσκυνησάντων
1137 2709 1195 2761 τὸ
1219 2709 1452 2771 παιδίον,
1476 2710 1570 2762 καὶ
1598 2728 1764 2784 προσ-

172 2796 522 2862 ενεγκάντων
602 2795 750 2867 αὐτῷ
791 2796 959 2869 δῶρα,
1008 2798 1226 2869 χρυσὸν,
1277 2801 1368 2853 καὶ
1416 2800 1627 2858 λίϐανον
1675 2803 1766 2856 καὶ

174 2884 447 2956 σμύρναν,
485 2887 668 2957 ἐπειδὴ
706 2888 843 2942 κατὰ
875 2889 1213 2960 ἀποκάλυψιν
1249 2892 1387 2962 μετὰ
1430 2892 1490 2945 τὸ
1523 2911 1764 2964 προσκυ-

170 2977 336 3047 νῆσαι
356 2978 446 3030 τὸν
479 2980 641 3033 παῖδα
680 2983 736 3033 ὲν
769 2979 1017 3052 Βηθλεὲμ
1034 2981 1430 3055 ἐκελεύσθησαν
1448 2986 1522 3057 μὴ
1545 2986 1766 3040 ἐπανελ-

171 3068 291 3121 θεῖν
324 3071 458 3141 πρὸς
489 3073 578 3125 τὸν
605 3071 847 3144 Ἡρώδην
868 3091 879 3103 ”
916 3075 1008 3128 καὶ
1057 3075 1252 3147 Ἰωσὴφ
1281 3077 1335 3131 δὲ
1363 3079 1392 3130 ὁ
1419 3078 1517 3149 τὴν
1548 3079 1765 3151 Μαρίαν

1879 594 2186 639 monstrare
2226 585 2498 638 neminem
2541 585 2803 654 potestis;
2839 600 2937 638 nos
2973 593 3155 638 autem
3194 585 3247 638 in
3280 583 3449 638 Chri-

1874 686 1959 729 sto
1993 686 2177 730 nostro
2205 677 2411 730 factum
2467 679 2844 732 demonstrare
2892 692 3201 745 possumus.
3249 675 3447 731 Statim

1875 768 2017 820 enim
2045 778 2212 837 atque
2239 779 2398 824 natus
2423 779 2526 834 est,
2561 770 2700 838 magi
2728 783 2793 824 ex
2829 769 3030 823 Arabia
3072 767 3299 836 profecti
3323 781 3449 821 eum

1876 859 2264 926 adoraverunt,
2319 876 2440 915 cum
2491 862 2641 930 prius
2687 875 2745 915 se
2787 862 2852 915 ad
2903 859 3171 916 Herodem
3211 861 3262 913 in
3301 869 3449 913 terra

1878 962 2056 1005 vestra
2089 962 2217 1006 tunc
2257 965 2573 1024 regnantem
2613 955 3004 1020 contulissent;
3043 969 3203 1022 quem
3230 953 3450 1021 quidem

1876 1042 2157 1112 Scriptura
2197 1060 2378 1115 regem
2423 1047 2779 1116 Assyriorum
2820 1056 2980 1100 vocat
3029 1046 3098 1100 ob
3136 1046 3360 1114 impium
3394 1053 3447 1099 et

1876 1135 2179 1203 improbum
2215 1137 2334 1204 eius
2369 1139 2632 1193 animum.
2674 1136 2839 1191 Scitis
2865 1139 3012 1191 enim
3047 1153 3189 1207 swpe
3214 1153 3241 1189 a
3277 1136 3449 1206 Spiri-

1878 1238 1930 1280 tu
1956 1241 2142 1283 sancto
2173 1244 2257 1284 res
2284 1230 2549 1299 ejusmodi
2584 1231 2639 1283 in
2667 1231 2946 1300 parabolis
2979 1242 3033 1283 et
3077 1213 3453 1284 similitudini-

1874 1320 1974 1374 bus
2012 1322 2156 1386 diei;
2209 1322 2372 1391 quale
2412 1332 2499 1377 est
2528 1324 2672 1392 quod
2703 1333 2759 1378 ot
2796 1323 2849 1375 in
2885 1338 3103 1376 omnem
3136 1322 3449 1393 Hierosoly-

1875 1428 2084 1466 morum
2112 1414 2367 1482 populum
2413 1416 2729 1483 usurpavit,
2765 1430 2905 1484 saepe
2945 1415 3064 1468 illos
3101 1414 3174 1467 ita
3208 1416 3448 1481 compel-

1873 1503 2028 1557 lans:
2063 1523 2082 1554 ι
2121 1505 2280 1560 Pater
2314 1517 2438 1559 tuus
2463 1505 2820 1561 Amorrhzeus
2859 1516 2914 1561 et.
2955 1517 3126 1562 mater
3162 1517 3249 1560 tua
3290 1507 3452 1563 Chet-

1874 1571 2059 1649 ma".
2089 1615 2106 1647 ›

1943 1690 2030 1744 78.
2061 1690 2255 1744 Probat
2286 1692 2423 1745 hanc
2449 1693 2775 1761 prophetiam
2806 1691 2904 1746 soli
2933 1690 3145 1746 Christo
3192 1707 3450 1759 congrue-

1872 1802 1926 1838 re
1957 1800 2021 1838 ea:
2045 1784 2127 1837 his
2150 1800 2268 1853 qua:
2302 1785 2366 1837 de
2397 1785 2565 1852 magis
2595 1790 2790 1853 scripta
2813 1794 2960 1838 sunt.
3008 1812 3076 1822 ——
3106 1780 3240 1835 Nam
3279 1781 3449 1834 Hero-

1869 1880 1965 1934 des
1993 1880 2081 1933 ille
2110 1895 2230 1944 rex,
2261 1894 2384 1932 cum
2417 1879 2484 1931 ad
2511 1893 2634 1932 eum
2665 1888 2793 1933 tunc
2821 1878 2963 1947 magi
3006 1892 3073 1930 ex
3117 1876 3317 1929 Arabia
3351 1889 3446 1928 ve-

1872 1975 2081 2027 nissent
2121 1987 2184 2026 ac
2229 1971 2519 2025 dicerent:
2558 1969 2633 2023 Ex
2677 1969 2834 2023 stella
2867 1984 2986 2040 qua:
3018 1969 3071 2023 in
3115 1968 3260 2024 caelo
3290 1982 3449 2036 appa-

1873 2065 2000 2128 ruit,
2030 2064 2385 2134 cognovimus
2411 2071 2600 2115 natum
2632 2076 2753 2116 esse
2787 2076 2966 2130 regem
2993 2063 3045 2114 in
3077 2070 3220 2114 terra
3243 2071 3446 2123 vestra,

1869 2171 2106 2225 eumque
2139 2157 2425 2211 adoratum
2454 2155 2736 2220 venimus;
2766 2156 2991 2208 edoctus
3022 2164 3106 2208 est
3154 2169 3183 2206 a
3214 2152 3434 2206 seniori-

1868 2249 1971 2304 bus
2001 2249 2183 2318 populi
2215 2249 2535 2317 vestri,qui.
2570 2249 2621 2302 in
2655 2249 2790 2301 urbe
2817 2247 3122 2309 Bethleem,
3157 2244 3446 2314 responde-

1872 2352 2020 2405 runt,
2038 2358 2104 2396 eo
2131 2344 2274 2411 quod
2311 2342 2384 2395 ita
2403 2341 2664 2411 seriptum
2683 2341 2799 2396 sita
2822 2342 3078 2410 propheta
3111 2338 3312 2409 :115
3347 2338 3448 2390 «Et

1871 2443 1948 2499 tu,
1983 2434 2258 2489 Bethleem
2285 2442 2429 2487 terra
2471 2431 2631 2500 Juda,
2664 2448 3007 2502 nequaquam
3043 2431 3265 2487 minimi
3301 2445 3360 2484 es
3393 2430 3444 2482 iu

1868 2527 2204 2597 principibus
2227 2525 2385 2581 Juda.
2413 2525 2491 2578 Ex
2521 2535 2570 2579 te
2592 2526 2737 2580 enim
2766 2525 2936 2578 exibit
2968 2526 3100 2587 dux,
3133 2523 3226 2590 qui
3257 2532 3448 2592 pascet

1869 2621 2123 2690 populum
2152 2637 2328 2674 meum
2351 2621 2415 2676 ¹².
2452 2638 2470 2671 ι
2501 2619 2579 2673 Illi
2603 2620 2770 2688 igitur
2798 2633 2861 2674 ει
2890 2617 3087 2671 Arabia
3121 2617 3285 2686 magi,
3322 2631 3446 2670 eum

1868 2712 2145 2770 Bethleem
2174 2713 2476 2775 venissent,
2523 2727 2590 2766 ac
2638 2726 2864 2780 puermn
2897 2711 3248 2770 adorassent,
3285 2707 3446 2776 eique

1871 2821 2119 2872 munera,
2154 2820 2374 2870 aurum,
2420 2803 2547 2860 thus
2573 2812 2629 2856 et
2662 2804 2943 2876 myrrham
2977 2801 3331 2864 obtulissent,
3361 2799 3446 2852 di-

1869 2897 2072 2950 vinitus
2108 2894 2376 2950 admoniti
2411 2903 2565 2960 sunt,
2596 2896 2826 2947 adorato
2856 2893 3131 2947 Bethleem
3158 2904 3348 2960 puero,
3381 2905 3447 2940 ne

1868 2984 1936 3038 ad
1986 2984 2255 3040 Herodem
2305 2983 2568 3042 redirent.
2618 2985 2696 3038 Ac
2737 2981 2938 3051 Joseph
2992 2981 3211 3051 quidem
3262 2977 3441 3033 Mariae

1870 3093 2125 3147 sponsus,
2158 3092 2282 3133 eum
2325 3077 2480 3146 prius
2527 3077 2690 3132 vellet
2721 3092 2978 3145 sponsam
3030 3090 3185 3129 suam
3215 3072 3442 3141 ejicere,

173 3163 659 3231 μεμνηστευμένος
680 3204 694 3226 ,
746 3164 1023 3234 βουληθεὶς
1074 3167 1335 3240 πρότερον
1393 3169 1640 3224 ἐκϐαλεῖν
1671 3172 1764 3243 τὴν

1873 3170 2171 3226 arbitratus
2207 3183 2273 3224 ex
2305 3169 2410 3223 viri
2460 3169 2882 3231 consuetudine,
2929 3168 2982 3222 id
3014 3176 3100 3221 est
3139 3181 3209 3221 ex
3254 3175 3446 3234 stupro

174 3252 427 3323 μνηστὴν
459 3252 606 3322 αὐτῷ
653 3253 917 3324 Μαριὰμ,
963 3254 1199 3325 νομίζων
1237 3257 1559 3328 ὲγκυμονεῖν
1596 3258 1768 3329 αὐτὴν

170 3345 285 3397 ἀπὸ
353 3346 636 3409 συνουσίας
670 3346 883 3418 ἀνδρὸς,
920 3347 1196 3402 τουτέστιν
1229 3350 1335 3403 ἀπὸ
1382 3351 1636 3422 πορνείας
1657 3392 1671 3416 ,
1699 3352 1768 3407 δι’

171 3437 452 3506 ὁράματος
487 3439 810 3493 κεκέλευστο
859 3440 934 3511 μὴ
984 3441 1232 3494 ἐκϐαλεῖν
1278 3443 1376 3513 τὴν
1407 3447 1640 3512 γυναῖκα
1673 3446 1770 3500 αύ-

172 3527 291 3592 τοῦ,
340 3529 587 3593 εἰπόντος
641 3529 786 3600 αὐτῷ
833 3529 928 3585 τοῦ
976 3532 1234 3602 φανέντος
1274 3535 1527 3603 ἀγγέλου,
1575 3539 1655 3591 ὅτι
1704 3541 1769 3593 ὲκ

172 3621 492 3692 Πνεύματος
526 3623 681 3690 ἁγίου
713 3623 740 3676 ὃ
775 3624 885 3695 ἔχει
921 3627 1060 3680 κατὰ
1085 3629 1320 3701 γαστρός
1343 3632 1477 3683 ἐστι.
1507 3630 1767 3701 Φοϐηθεὶς

171 3708 292 3775 οὖν,
330 3714 429 3767 οὐκ
464 3715 796 3785 ἐκϐέϐληκεν
831 3717 1205 3788 αύτὴν,ἀλλὰ,
1243 3722 1570 3794 ἀπογραφῆς
1603 3723 1768 3795 οὔσης

174 3808 234 3859 ἑν
267 3807 335 3876 τῇ
376 3805 604 3877 Ἰουδαίᾳ.
630 3807 749 3860 τότε
787 3807 1010 3881 πρώτης
1045 3812 1137 3864 ἐπὶ
1171 3813 1467 3884 Κυρηνίου,
1503 3814 1768 3886 ἀνεληλύ-

173 3896 257 3952 θει
306 3897 414 3952 ἀπὸ
462 3899 732 3970 Ναζαρὲτ,
771 3900 896 3953 ἔνθα
929 3900 1060 3972 ᾣκει
1094 3904 1175 3968 είς
1209 3903 1476 3976 Βηθλεὲμ,
1517 3907 1636 3961 ὅθεν
1677 3905 1766 3979 ἧν,

173 3989 634 4060 ἀπογράψασθαιο
672 3990 778 4045 ἀπὸ
823 3992 932 4064 γὰρ
976 3994 1074 4064 τῆς
1121 3997 1478 4068 κατοικούσης
1524 3999 1624 4071 τὴν
1665 4001 1769 4071 γῆν

174 4082 399 4154 εκείνην
447 4082 614 4153 φυλῆς
662 4082 829 4137 Ἰούδα
874 4085 934 4138 τὸ
981 4085 1137 4154 γένος
1179 4083 1268 4158 ἦν.
1310 4089 1419 4143 Καὶ
1453 4070 1626 4155 αὐτὸς.
1652 4070 1770 4162 ἅμα

172 4174 241 4243 τῇ
287 4171 478 4244 Μαρία
524 4171 801 4226 κελεύεται
850 4174 1085 4240 ἐξελθεῖν
1130 4177 1208 4241 είς
1243 4176 1533 4246 Αἴγυπτον,
1570 4182 1664 4234 καὶ
1698 4174 1761 4236 εἴ·

174 4283 263 4320 ναι
314 4266 433 4317 ἐκεῖ
477 4264 592 4334 ἅμα
638 4263 715 4334 τῷ
760 4267 988 4338 παιδίῳ,
1037 4267 1195 4338 ἄχρις
1253 4269 1318 4323 ἂν
1376 4271 1560 4335 αὐτοῖς
1610 4275 1770 4330 πάλιν

173 4356 533 4426 ἀποκαλυφθῇ
573 4357 884 4410 ἐπανελθεῖν
917 4358 996 4422 είς
1029 4360 1128 4431 τὴν
1162 4361 1438 4416 Ἰουδαίαν.
1476 4362 1770 4436 Γεννηθέν-

174 4465 262 4512 τος
298 4448 356 4500 δὲ
390 4448 508 4499 τότε
543 4445 632 4500 τοῦ
669 4448 878 4502 παιδίου
914 4452 972 4502 ἐν
1007 4450 1285 4522 Βηθλεὲμ,
1338 4455 1525 4527 ἐπειδὴ
1572 4457 1767 4529 Ἰωσὴφ

1874 3261 2154 3330 gravidam
2195 3275 2352 3327 esse;
2386 3260 2504 3314 viso
2537 3259 2640 3328 ipsi
2685 3257 3079 3327 oblatojussus
3103 3265 3189 3310 est
3217 3270 3446 3307 uxorem

1871 3364 2028 3401 suam
2065 3364 2171 3403 non
2204 3349 2432 3418 ejicere,
2461 3357 2742 3402 asserente
2777 3347 2989 3417 angelo,
3015 3346 3106 3414 qui
3133 3345 3182 3401 ei
3210 3360 3443 3415 appare-

1870 3442 1982 3506 bat,
2018 3457 2084 3496 ex
2114 3441 2322 3508 Spiritu
2369 3450 2564 3496 sancto
2592 3455 2734 3503 esse,
2766 3442 2907 3508 quod
2939 3440 3026 3494 illa
3064 3439 3115 3492 in
3161 3449 3318 3492 utero
3351 3439 3444 3492 ha-

1873 3534 2051 3587 bebat.
2087 3532 2227 3586 Metu
2263 3532 2431 3600 igitur
2482 3531 2764 3599 perculsus
2807 3548 2928 3584 eam
2963 3548 3069 3586 non
3113 3531 3292 3600 ejeeit.
3336 3531 3445 3586 Sed

1871 3642 1994 3680 cum
2021 3641 2218 3680 eensus
2251 3627 2304 3678 in
2335 3622 2524 3678 Judaea
2575 3634 2687 3679 tum
2742 3624 2977 3694 primum
3014 3626 3315 3679 haberetur
3345 3623 3446 3677 sub

1870 3721 2105 3792 Cyrenio
2130 3736 2145 3785 ;
2179 3735 2244 3776 ex
2271 3720 2468 3790 oppido
2485 3716 2744 3786 Nazaret,
2807 3718 2858 3770 in
2887 3733 2995 3786 quo
3012 3719 3260 3788 degebat,
3283 3717 3446 3772 Beth-

1872 3813 2034 3880 leem,
2085 3813 2229 3868 unde
2295 3811 2561 3867 oriundus
2585 3819 2725 3873 erat,
2759 3810 3036 3880 profectus
3079 3820 3184 3876 est,
3210 3819 3269 3863 ut
3310 3823 3441 3864 cen—

1872 3915 2128 3969 seretur;
2159 3918 2282 3964 nam
2323 3918 2391 3958 ex
2420 3901 2561 3955 tribu
2597 3899 2736 3955 Juda
2771 3901 2912 3955 bane
2939 3909 3142 3956 terram
3175 3900 3445 3955 incolente

1872 4012 2042 4068 genus
2074 3995 2330 4050 ducebat.
2361 3997 2440 4050 Ae
2471 3996 2584 4064 ipse
2635 4008 2739 4048 una
2769 4009 2893 4048 cum
2949 3994 3117 4049 Maria
3140 3994 3364 4062 jubetur
3390 3996 3443 4050 iu

1872 4088 2163 4158 Egyptum
2200 4087 2506 4153 discedere,
2537 4087 2722 4156 ibique
2751 4101 2873 4140 cum
2899 4101 3068 4156 puero
3092 4087 3444 4153 commorari,

1872 4179 2330 4235 doneediviuitus
2368 4179 2794 4242 admoneamur,
2853 4189 2912 4231 ut
2963 4179 3017 4231 iu
3065 4175 3307 4231 Iudaeam
3353 4193 3445 4232 re-

1873 4275 2055 4325 deant.
2083 4270 2218 4325 Nato
2249 4279 2428 4325 autem
2457 4270 2735 4326 Bethleem
2770 4285 2962 4341 puero,
2997 4285 3122 4324 eum
3152 4268 3353 4339 Joseph
3389 4272 3446 4324 in

1872 4364 1974 4418 hoc
2005 4364 2127 4418 vico
2152 4381 2256 4417 non
2303 4363 2532 4418 haberet
2560 4377 2668 4431 quo
2726 4363 3044 4418 diventeret.
3075 4366 3079 4371 ’
3111 4363 3160 4419 in
3220 4377 3443 4430 specum

1875 4458 2164 4525 quemdam
2200 4457 2320 4510 vico
2371 4456 2679 4524 proximum
2732 4456 3029 4510 concessit.
3081 4455 3329 4525 Cumque
3372 4456 3444 4509 ibi

173 4538 272 4589 οὐκ
308 4532 453 4606 εἶχεν
486 4536 543 4588 έν
575 4539 639 4607 τῇ
675 4537 832 4608 κώμῃ
871 4539 1054 4612 ἐκείνῃ
1087 4541 1187 4593 ποῦ
1227 4525 1559 4610 καταλῦσαί,
1600 4549 1656 4600 ὲν

1870 4561 2073 4612 essent,
2107 4549 2314 4618 peperit
2346 4548 2625 4603 Christum
2651 4546 2844 4609 Maria,
2870 4565 2933 4601 ac
2963 4564 3087 4600 eum
3121 4547 3173 4600 in
3211 4552 3440 4619 przesepi

176 4625 431 4698 σπηλαίῳ
474 4628 580 4680 τινὶ
627 4627 892 4697 σύνεγγυς
938 4631 1034 4701 τῆς
1068 4632 1260 4705 κώμης
1309 4636 1416 4707 (79)
1456 4639 1750 4694 κατέλυσε·

247 4783 290 4815 ³⁸
337 4781 538 4835 Ezech.
573 4784 754 4845 “1,3.
835 4788 878 4817 ¹²
921 4785 1083 4840 Mieh.
1124 4803 1178 4854 ν,
1205 4789 1257 4843 ‘2.

245 4940 363 5012 (76)
403 4939 467 4990 'U
502 4939 703 5007 Πατήρ
729 4958 854 5012 fw
890 4945 1251 5012 Ἀμοῤῥαῖος.
1285 4944 1435 4998 "unc
1460 4945 1656 4999 Justini
1682 4947 1760 4998 lo-

175 5028 299 5064 cum
333 5011 406 5062 ita
443 5012 693 5082 imitatur
726 5011 1090 5067 Tertullianus
1132 5016 1251 5069 adv.
1293 5016 1421 5068 Jud.
1456 5033 1576 5082 cap.
1615 5017 1668 5078 9,
1702 5025 1757 5068 nt

177 5083 430 5144 wrhum_
450 5081 616 5154 verbo
647 5084 917 5135 interdum
953 5087 1178 5137 reddere
1205 5086 1482 5149 videatur;
1527 5081 1757 5154 lPXNEpIO

179 5162 360 5222 tamen
388 5151 532 5222 quod
565 5168 746 5216 regem
787 5155 1132 5222 As~yriorum
1183 5172 1287 5208 non
1337 5156 1628 5217 Hero-lem,
1660 5151 1753 5209 Sed

179 5221 456 5273 diabolum
503 5221 780 5288 intelligit.
829 5221 904 5276 At,
935 5226 1123 5278 eodem
1171 5228 1348 5289 modo,
1383 5242 1445 5278 ac
1485 5224 1751 5287 Justinus,

181 5291 578 5364 interpretatur
617 5293 882 5364 ilrenzens.
935 5296 1024 5363 qui
1065 5310 1246 5364 magos
1299 5315 1318 5346 ς
1364 5311 1468 5348 non
1509 5297 1617 5361 jam
1657 5312 1752 5364 per

179 5361 530 5484 Δἰιιέεςτὶίίιιιιιι
577 5363 721 5417 viam
757 5382 774 5413 ›
813 5361 1062 5418 reversos
1093 5361 1211 5418 esse
1245 5366 1322 5418 ait
1368 5366 1460 5418 lib.
1501 5383 1585 5430 ιιι,
1627 5361 1748 5432 cap.

255 5475 267 5484 .
298 5448 351 5483 η.
419 5469 434 5482 .
909 5478 916 5484 .

215 5437 267 5490 ti.
298 5448 351 5483 η.
377 5437 434 5483 4.
909 5478 916 5485 .

248 5501 366 5570 (77)
397 5499 505 5554 Καὶ
541 5501 650 5570 γὰρ
685 5499 861 5567 οὗτος
896 5511 926 5557 ὠ
969 5505 1285 5567 βασιλεύς.
1330 5505 1407 5557 Ab
1451 5506 1534 5556 his
1572 5506 1752 5558 verbis

183 5587 354 5646 usque
391 5573 468 5646 ‘ad
513 5574 635 5635 ista,
681 5575 794 5646 K13
840 5577 867 5625 ὀ
926 5575 1167 5646 Ἡρώδης
1205 5575 1280 5646 μὴ
1326 5575 1746 5646 ἐπανελθόντων,

185 5643 553 5710 longissimam
605 5645 868 5696 habemus
911 5643 1315 5712 parenthesiui,
1358 5661 1589 5710 eamque.
1627 5645 1748 5698 aliis

184 5713 602 5776 parentliesilms
636 5714 990 5777 implicatam.
1029 5713 1160 5767 Nam
1193 5723 1247 5764 ut
1278 5716 1467 5779 probet
1500 5716 1748 5769 Justinus

187 5784 518 5845 impietatem
570 5785 797 5834 Herodis
840 5801 901 5836 ετ
951 5785 1183 5837 nefando
1230 5786 1373 5836 illius
1422 5787 1470 5836 in
1503 5785 1747 5837 infantes

187 5851 452 5919 facinore,
485 5853 718 5922 plurima
752 5855 957 5920 intexit,
980 5870 1096 5922 quva
1134 5858 1268 5908 hanc
1313 5856 1748 5909 ermlrlissunam

1862 4643 2062 4711 posuit,
2096 4641 2185 4694 ubi
2211 4658 2239 4694 a
2273 4643 2447 4710 magis
2475 4656 2544 4694 ex
2577 4641 2784 4694 Arabia
2811 4628 3160 4694 venientibus
3193 4654 3446 4708 repertus

1859 4957 2098 5010 stragem
2135 4957 2554 5013 processerunt.

1931 5017 2042 5086 (78)
2079 5018 2511 5092 [Ιμοσχυνῆσίιι
2546 5021 2751 5073 αὐτόν.
2780 5020 3002 5092 Legitur
3036 5022 3185 5092 αὐτῷ
3219 5024 3269 5075 in
3295 5035 3444 5076 ntro-

1855 5103 1959 5159 quc
1991 5089 2180 5140 codice
2211 5105 2311 5142 ms.
2344 5092 2408 5140 ad
2440 5093 2762 5159 marginem.
2800 5089 3003 5146 Ibidem
3046 5089 3232 5147 monet.
3259 5094 3444 5146 'l'lltrl-

1857 5158 1980 5210 hius
2009 5168 2062 5210 ιιι
2087 5159 2327 5225 legamus
2355 5158 2698 5228 γεγέννηται.

1924 5228 2034 5292 (79)
2077 5229 2380 5295 Συνεγγιὶνς
2414 5229 2523 5295 τῆς
2565 5229 2781 5297 κώμης.
2827 5232 3095 5285 Observat
3139 5233 3438 5286 Tillemon-

1861 5299 1965 5349 tius
1994 5306 2033 5348 ι.
2064 5298 2078 5350 Ι
2117 5298 2168 5349 in
2199 5297 2340 5350 Hist.
2367 5300 2574 5362 cccles.,
2610 5315 2731 5368 pag.
2765 5303 2889 5363 444,
2922 5304 3022 5355 hoc
3052 5302 3255 5356 Justini
3292 5304 3445 5355 testi-

1864 5368 2122 5440 monium,
2155 5379 2213 5420 ut
2247 5368 2479 5440 hominis
2518 5371 2569 5422 in
2605 5371 2885 5423 l’al.estina
2925 5374 3058 5432 nati,
3113 5389 3217 5427 non
3249 5388 3443 5440 parum

1864 5438 1963 5489 hac
1986 5438 2046 5508 in
2085 5452 2139 5489 re
2170 5439 2423 5505 ponderis
2459 5439 2678 5493 habere.
2719 5442 2823 5493 Sed
2846 5441 3118 5495 Justinum
3147 5438 3443 5508 reprehen-

1861 5508 1933 5558 dit
1967 5507 2319 5559 Casanlmnus
2348 5512 2573 5562 exeruit.
2609 5511 2661 5566 ‘2.
2699 5513 2748 5563 in
2789 5512 2990 5564 Baron.
3027 5528 3173 5564 num.
3210 5507 3259 5570 i,
3296 5530 3356 5562 :u'.
3388 5514 3437 5563 ei

1860 5578 2084 5642 opponit
2139 5576 2453 5644 Origenem,
2485 5583 2575 5645 qui
2636 5582 2727 5632 lib.
2769 5586 2934 5634 Iade.
2990 5581 3198 5634 Celsum
3252 5586 3441 5634 scribit

1861 5647 2174 5711 speluncam
2231 5651 2279 5698 in
2328 5649 2604 5701 Bethleem
2634 5652 2872 5704 ostendi.
2911 5652 3215 5704 (Iasauhoui
3253 5656 3438 5704 obsur-

1862 5717 2005 5767 vatio
2029 5718 2097 5769 ab
2127 5718 2357 5768 eruditis
2388 5720 2514 5770 ιιι-ις
2555 5722 2745 5772 nwrito
2776 5723 2993 5785 explosa
3016 5764 3030 5784 ,
3086 5725 3283 5788 quippe
3317 5739 3436 5774 eum

1864 5789 2083 5838 mitmne
2120 5799 2402 5854 repugnet,
2440 5799 2494 5839 ιιι
2530 5805 2667 5855 quod
2715 5810 2763 5841 ιιι
2818 5795 3081 5843 sulmrliio
3127 5795 3205 5842 Vel
3263 5795 3439 5843 vetuo

1862 5871 1992 5923 agro
2033 5860 2281 5922 cont'fglt,
2322 5861 2369 5913 id
2404 5876 2452 5912 ιιι
2487 5861 2596 5928 ipsa
2637 5865 2769 5916 urbe
2801 5862 3012 5914 tlitatur
3051 5864 3358 5929 contigisse.
