4108 6474
642 413 747 471 659

1591 420 1648 477 S.
1689 419 1953 476 JUSTINI
1992 416 2400 473 PHILOSOPIII
2434 419 2521 473 ET
2556 420 2914 478 MARTYRIS

3805 427 3912 485 660

638 540 745 589 est.
803 531 967 588 Vobis
1010 536 1260 605 equidem
1302 537 1415 606 jam
1469 538 1841 590 demonstravi
1904 536 2098 589 Isaiam
2147 539 2185 588 di

2318 537 2409 588 ml.
2456 537 2575 591 τότε
2625 540 2807 591 αὐτῶν
2854 540 3025 593 ὀντων
3072 544 3216 605 ἐκεῖ,
3256 540 3495 595 ἐτετόκει
3527 543 3561 615 ἡ
3594 541 3790 614 Μαρία
3822 546 3916 599 τὸν

635 625 791 695 signo
821 627 964 682 hunc
998 645 1222 700 specum
1254 631 1615 685 adumbrante
1656 631 2018 685 vaticinatum
2048 645 2204 695 esse;

633 720 730 773 sed
764 732 989 790 propter
1016 738 1111 779 eos
1147 724 1239 795 qui
1272 723 1435 777 hodie
1488 722 1769 776 vobiscum
1801 732 2089 785 venerunt,
2123 722 2208 774 lo-

633 823 759 863 cum
804 827 1081 884 repetam;
1124 824 1341 884 tumque
1372 813 1549 868 locum
1592 813 1742 867 illum
1772 814 1998 867 recitavi
2027 816 2137 881 jam
2175 829 2203 866 a

636 915 801 955 nteex
825 903 960 958 Isaia
984 903 1615 973 descriptum,adjiciens
1660 904 1873 959 Mithrae
1916 906 2205 975 mysterio—

634 1006 754 1046 rum
788 994 1063 1051 antlstites
1103 1006 1323 1062 propter
1360 997 1476 1051 hmc
1509 996 1672 1050 verba
1700 1012 1729 1049 a
1760 997 1976 1051 diabolo
2008 997 2205 1065 impul-

630 1096 724 1137 sos
748 1097 893 1149 esse,
922 1094 981 1137 ut
1009 1084 1063 1136 in
1099 1083 1237 1148 loco,
1264 1085 1353 1153 qui
1386 1084 1527 1153 apud
1558 1100 1654 1140 eos
1686 1065 1946 1149 spelunca
1976 1086 2201 1151 dicitur,

630 1190 763 1230 suos
790 1176 991 1231 initiari
1034 1176 1103 1231 ab
1132 1178 1247 1245 ipso
1275 1176 1469 1231 Mithra
1507 1178 1772 1233 dicerent.
1814 1178 2057 1231 Herodes
2105 1180 2206 1248 igi—

633 1278 885 1334 tur,cum
916 1267 991 1321 illi
1034 1284 1099 1323 ex
1143 1270 1345 1324 Arabia
1388 1272 1529 1341 magi
1571 1271 1639 1324 ad
1690 1285 1817 1324 eum
1862 1286 1967 1324 non
2009 1271 2205 1325 rediis-

626 1367 770 1421 scnt,
799 1361 944 1431 quod
989 1372 1165 1415 tamen
1212 1370 1269 1415 ut
1314 1362 1558 1418 facerent
1602 1378 1697 1417 eos
1748 1371 2061 1430 rogaverat,
2107 1366 2203 1415 sed

624 1453 729 1507 alio
759 1453 975 1516 itinere,
1011 1452 1227 1519 utjussi
1268 1453 1513 1516 fuerant,
1540 1456 1815 1524 regionem
1863 1469 2015 1507 suam
2049 1468 2203 1521 repe-

626 1546 873 1612 tiisscnt;
902 1562 1133 1617 cumque
1164 1546 1437 1614 .losephus
1458 1563 1564 1603 una
1592 1562 1714 1600 cum
1738 1545 1907 1601 Maria
1928 1555 1981 1598 et
2006 1561 2195 1612 puero,

620 1651 784 1709 prout
818 1640 1081 1695 divinitus
1109 1641 1369 1694 admoniti
1411 1640 1647 1703 fuerant,
1676 1640 1787 1709 jam
1822 1642 1873 1695 in
1906 1641 2199 1711 Egvptum

617 1732 847 1804 profecti
905 1745 1120 1797 essent;
1177 1733 1441 1789 Herodes.
1491 1735 1992 1804 inquam,puernnt
2024 1736 2199 1799 illum,

616 1840 777 1895 quem
823 1828 965 1896 magi
1016 1827 1299 1880 adoratum
1342 1836 1642 1892 venerant,
1688 1843 1793 1880 non
1837 1843 2197 1895 cognoscens.

2314 627 2566 699 Χριστὸν,
2604 631 2697 682 κα)⁸
2734 632 2788 681 ἐν
2824 630 2997 698 φάτντι
3033 630 3191 683 αὑτὸν
3226 630 3521 685 ὲτεθείκει·
3556 634 3690 688 ὅπου
3728 635 3914 688 ἐλθόν-

2312 734 2401 779 τες
2448 720 2495 771 οἱ
2544 720 2653 773 ἀπὸ
2710 720 2967 791 Ἀραϐίας
3025 721 3189 791 μάγοι
3236 713 3396 790 εὗρον
3442 722 3621 777 αὐτόν.
3674 725 3804 779 Ὅτι
3851 726 3912 779 at

2325 809 2549 874 Ἡσαΐας
2602 812 2695 865 καὶ
2743 814 2872 881 περὶ
2919 812 3010 865 τοῦ
3063 812 3328 882 συμϐόλου
3376 813 3468 868 τοῦ
3502 815 3641 869 κατά
3673 816 3736 869 τὸ
3770 818 3911 889 σπή-

2311 901 2459 954 λαιον
2494 904 2949 975 προεκεκηρύχει,
2987 906 3316 977 ἀνιστόρησα
3350 907 3498 975 ὑμῖν,
3534 906 3691 979 ἔφην,
3725 907 3823 961 καὶ
3837 904 3911 962 δι’

2310 994 2508 1059 αὐτοὺς
2553 994 2610 1047 δὲ
2658 998 2784 1061 τοὺς
2835 997 3075 1068 σήμερον
3125 998 3221 1050 σὺν
3268 998 3394 1068 ὑμῖν
3431 996 3703 1064 ἐλθόντας,
3740 998 3908 1054 πάλιν

2309 1083 2407 1154 τῆς
2443 1088 2750 1159 περικοπῆς
2786 1088 3287 1161 ἐπιμνησθήσομαι,
3325 1086 3511 1144 εἷπον·
3549 1092 3643 1145 καὶ
3690 1092 3909 1148 ἀνιστό-

2313 1193 2450 1247 ρησα
2483 1177 2551 1247 ἦν
2584 1178 2678 1230 καὶ
2712 1179 3037 1251 προέγραψα
3075 1181 3182 1234 ἀπὸ
3214 1180 3306 1233 τοῦ
3336 1180 3554 1237 Ἡσαΐου
3572 1184 3905 1257 περικοπὴν,

2308 1268 2477 1321 εἰπὼν
2511 1270 2596 1322 διὰ
2630 1271 2756 1334 τοὺς
2799 1271 2988 1339 λόγους
3037 1272 3275 1337 ἐκείνους
3310 1274 3434 1340 τοὺς
3467 1273 3535 1328 τὰ
3566 1274 3752 1346 Μίθρα
3804 1294 3908 1347 μυ-

2310 1362 2505 1433 στήρια
2555 1361 2667 1435 (80)
2715 1364 3127 1434 παραδιδόντας,
3178 1368 3235 1418 ἐν
3281 1365 3431 1436 τόπῳ
3484 1366 3909 1441 ἐπικαλουμένῳ

2308 1457 2440 1526 παρ’
2474 1455 2659 1519 αὐτοῖς
2693 1456 2943 1529 σπηλαίῳ
2980 1458 3235 1529 μυεῖσθαι
3267 1458 3359 1511 ὑπ’
3384 1459 3565 1515 αὐτῶν
3612 1458 3755 1533 (81),
3792 1460 3905 1514 ὑπὸ

2305 1546 2396 1599 τοῦ
2431 1546 2674 1601 διαϐόλου
2711 1548 3074 1621 ἐνεργηθῆναι
3109 1552 3303 1609 εἰπεῖν.
3341 1552 3495 1605 Καὶό
3527 1550 3801 1625 Ἡρώδης,
3822 1551 3903 1623 μὴ

2306 1635 2707 1690 ἐπανελθόντων
2743 1639 2877 1710 πρὸς
2912 1641 3073 1693 αὑτὸν
3106 1640 3214 1695 τῶν
3248 1643 3357 1695 ἀπὸ
3388 1643 3645 1714 Ἀραϐίας
3680 1644 3898 1713 μάγων,

2304 1730 2379 1793 ὡς
2424 1726 2656 1799 ἠξίωσεν
2702 1732 2899 1795 αὐτοὺς
2946 1734 3202 1802 ποιῆσαι,
3255 1736 3391 1791 ἀλλὰ
3438 1735 3579 1790 κατά
3611 1735 3679 1789 τὰ
3711 1735 3903 1789 κελευ-

2307 1819 2503 1873 σθέντα
2547 1820 2730 1885 αὐτοῖς
2776 1821 2841 1873 δι’
2877 1821 3042 1892 ἄλλης
3088 1822 3204 1875 όδοῦ
3254 1825 3333 1889 είς
3374 1824 3469 1896 τὴν
3501 1824 3683 1896 χώραν
3716 1824 3901 1879 αὐτῶν

613 1932 805 1972 omnes
830 1917 1052 1971 omnino
1081 1931 1276 1985 pueros
1306 1916 1360 1973 in
1379 1915 1653 1971 Bethleem
1676 1917 1839 1983 jussit
1872 1919 2068 1971 occidi.
2096 1922 2185 1971 At-

2298 1911 2745 1981 ἀπαλλαγέντων,
2782 1914 2876 1967 καὶ
2924 1914 3014 1967 τοῦ
3064 1915 3261 1987 Ἰωσὴφ
3313 1915 3429 1986 ἃμα
3477 1919 3544 1987 τῇ
3579 1915 3770 1989 Μαρίᾳ
3800 1918 3900 1971 καὶ

612 2023 722 2079 que
777 2007 830 2062 id
894 2019 1214 2062 eventurum
1268 2007 1542 2063 Jeretnias
1598 2007 1945 2078 praedixerat,
1992 2009 2071 2063 sic
2099 2023 2197 2076 per

612 2114 736 2153 eum
773 2100 1033 2170 loquente
1065 2100 1270 2169 Spiritu
1307 2108 1496 2154 sancto
1541 2118 1557 2154 :
1604 2118 1621 2150 ι
1662 2101 1771 2153 Vox
1811 2101 1861 2152 in
1899 2101 2065 2154 Rama
2096 2119 2193 2154 au-

612 2188 722 2244 dita
746 2198 852 2255 est,
887 2190 1128 2260 ploratus
1181 2203 1235 2246 et
1270 2192 1505 2245 ululatus
1543 2192 1763 2257 multus,
1826 2193 2027 2247 Rachel
2077 2195 2192 2262 plo—

614 2296 741 2337 rans
773 2283 913 2337 filios
948 2298 1107 2347 suos,
1141 2292 1196 2337 et
1239 2283 1412 2337 noluit
1458 2284 1895 2337 consolationem
1915 2286 2187 2354 accipere,

610 2374 735 2441 quia
773 2389 877 2428 non
920 2376 1127 2429 sunt”.
1166 2394 1184 2425 ›
1227 2374 1397 2445 Igitur
1436 2384 1656 2443 propter
1712 2391 1902 2429 vocem
1956 2393 2076 2447 quae
2123 2394 2186 2432 ex

611 2467 779 2523 Rama
805 2468 1145 2523 exaudienda
1182 2478 1335 2533 erat,
1366 2469 1419 2521 id
1451 2478 1534 2521 est
1562 2482 1629 2519 ex
1662 2467 1863 2520 Arabia
1898 2466 2007 2538 (est
2041 2473 2187 2523 enim

608 2562 773 2614 etiam
823 2562 1084 2616 hactenus
1119 2563 1171 2613 in
1206 2561 1407 2615 Arabia
1457 2561 1604 2614 locus
1636 2562 1725 2627 qui
1762 2562 1931 2615 ﬂama
1964 2562 2187 2634 dicitur)

610 2653 783 2707 locum
820 2654 993 2715 illum,
1028 2655 1114 2707 ubi
1149 2654 1351 2713 Rachel
1379 2653 1567 2708 Jacobi
1604 2655 1765 2725 176
1810 2657 1985 2708 sancti
2039 2656 2188 2710 illius

608 2746 953 2815 patriarchae,
984 2748 1075 2816 qui
1106 2746 1266 2801 Israel
1314 2748 1731 2815 cngnomiuatus
1776 2758 1879 2806 est.
1915 2763 2053 2801 uxor
2101 2764 2188 2803 se-

607 2837 751 2907 pulta
791 2850 911 2902 est,
940 2838 990 2892 id
1031 2848 1136 2905 est,
1170 2838 1448 2893 Bethleem
1486 2837 1642 2893 ﬂetus
1686 2840 2011 2907 impleturus
2043 2852 2183 2909 erat,

606 2931 944 3001 plorantibus
990 2932 1241 3001 proprios
1285 2933 1425 2986 lilios
1475 2932 1791 2987 interfectos
1839 2934 2183 2999 mulieribus,

605 3031 770 3091 atque
799 3024 1154 3077 insolabiliter
1184 3024 1324 3077 hunc
1348 3039 1535 3078 casum
1594 3022 1925 3092 lugentibus.
1961 3023 2097 3079 Nam
2131 3035 2185 3079 et

603 3114 748 3184 quod
779 3114 911 3169 dicit
942 3114 1108 3169 Isaias
1144 3130 1159 3167 :
1191 3133 1210 3166 ι
1248 3114 1491 3183 Accipiet
1518 3115 1773 3167 virtutem
1829 3117 2075 3172 Damasci
2129 3125 2185 3172 et

2298 2003 2374 2074 τῷ
2407 2004 2623 2074 παιδίῳ,
2659 2006 2733 2069 ὡς
2767 2006 2861 2059 καὶ
2895 2008 3077 2071 αὐτοῖς
3110 2008 3529 2062 ἀποκεκάλυπτο
3549 2048 3562 2071 ,
3599 2006 3699 2079 ἤδη
3748 2006 3900 2072 ἐξελ-

2298 2098 2497 2150 θόντων
2544 2100 2621 2162 είς
2675 2098 2981 2167 Αἴγυπτον,
3036 2101 3096 2153 οὐ
3144 2103 3426 2169 γινώσκων
3485 2101 3575 2154 τὸν
3625 2101 3793 2155 παῖδα
3837 2101 3899 2155 ὃν

2297 2186 2649 2259 ἐληλύθεισαν
2698 2192 3077 2263 προσκυνῆσαι
3122 2194 3170 2247 οἱ
3224 2193 3422 2263 μάγοι,
3459 2194 3669 2256 πάντας
3702 2192 3896 2258 ἁπλῶς

2293 2285 2419 2347 τοὺς
2454 2285 2648 2348 παῖδας
2682 2287 2807 2350 τοὺς
2843 2289 2900 2339 ἐν
2934 2288 3491 2359 Βηθλεέμέκέλευσεν
3508 2289 3890 2360 ἀναιρεθῆναι.

2294 2376 2403 2427 Καὶ
2436 2375 2593 2429 τοῦτο
2627 2380 3075 2450 ἐπεπροερήτευτο
3111 2378 3329 2448 μέλλειν
3376 2378 3622 2446 γίνεσθαι
3655 2378 3747 2432 διὰ
3790 2379 3890 2431 Ἱε-

2296 2468 2505 2538 ρεμίου,
2543 2470 2787 2533 εἰπόντος
2819 2468 2888 2522 δι’
2924 2470 3088 2523 αὑτοῦ
3125 2468 3216 2523 τοῦ
3254 2470 3407 2538 ἁγίου
3442 2471 3759 2542 Πνεύματος
3794 2470 3888 2525 οὖ-

2291 2577 2414 2623 m);-
2458 2579 2477 2610 ι
2517 2560 2672 2630 Φωνὴ
2709 2563 2765 2613 ἐν
2812 2561 2988 2630 Ῥαμᾷ
3022 2559 3284 2631 ἠκούσθη,
3334 2560 3611 2632 κλαυθμὸς
3628 2563 3723 2614 καὶ
3738 2562 3895 2632 ὀδυρ-

2294 2654 2392 2722 μὸς
2428 2652 2611 2717 πολὺς,
2661 2652 2860 2724 Ῥαχὴλ
2906 2652 3167 2707 κλαίουσα
3213 2653 3281 2706 τὰ
3323 2652 3491 2706 τέκνα
3536 2653 3742 2722 αὐτῆς,
3792 2654 3891 2706 καὶ⁸

2288 2745 2385 2797 οὐκ
2434 2744 2591 2816 ἤθελε
2639 2745 3089 2816 παρακληθῆναι,
3138 2746 3221 2798 ὅτι
3268 2747 3369 2799 οὐκ
3415 2744 3541 2798 εἰσί.
3587 2762 3605 2795 ι
3647 2745 3750 2799 Διά
3793 2741 3887 2798 οὖν

2286 2835 2383 2906 τὴν
2430 2836 2611 2907 φωνὴν
2657 2838 2688 2908 ἢ
2738 2837 2961 2909 ἔμελλεν
3007 2837 3297 2890 ἀκούεσθαι
3335 2837 3443 2891 ἀπὸ
3481 2836 3693 2906 Ῥαμᾶ,
3729 2853 3885 2892 τουτ-

2288 2930 2435 2983 έστιν
2479 2931 2589 2983 ἀπὸ
2634 2931 2733 3001 τῆς
2782 2930 3039 2998 Ἀραϐίας
3089 2930 3235 3002 (ἐστι
3278 2929 3388 3001 γὰρ
3423 2930 3520 2983 καὶ
3570 2929 3736 3001 μέχρι
3788 2928 3882 2982 τοῦ

2286 3023 2381 3075 νῦν
2425 3026 2585 3086 τόπος
2632 3022 2965 3093 καλούμενος
3026 3025 3083 3075 ἐν
3145 3023 3371 3094 Ἀραϐίᾳ
3438 3021 3687 3094 Ῥαμᾶ),
3720 3019 3889 3073 κλαυ-

2286 3114 2419 3186 θμὸς
2466 3114 2688 3185 ἔμελλεν
2735 3092 2825 3168 τὸν
2872 3117 3034 3168 τόπον
3081 3092 3520 3187 καταλαμϐάνειν
3543 3154 3557 3179 ,
3584 3092 3719 3167 δπᾶυ
3766 3114 3885 3165 Ῥα-

602 3207 772 3276 spolia
816 3206 1079 3261 Samaria:
1102 3206 1166 3271 “,
1202 3226 1219 3257 ι
1265 3206 1605 3276 signiﬁcabat
1653 3205 1845 3261 nefarii
1895 3208 2181 3276 dmmonis,

2291 3210 2385 3279 χὴλ
2434 3210 2465 3279 ἡ
2512 3210 2648 3279 γυνὴ
2709 3208 2902 3261 Ἰακὼὸ
2949 3207 3043 3260 τοῦ
3094 3207 3479 3280 ἐπικληθέντος
3539 3206 3757 3277 Ἰσραὴλ
3788 3205 3882 3259 τοῦ

602 3298 697 3365 qui
729 3297 976 3353 Damasci
1012 3296 1316 3363 habitabat,
1360 3308 1685 3367 potestatem
1732 3316 1759 3351 a
1804 3299 2041 3366 Christo,
2072 3314 2182 3357 sta-

604 3391 699 3445 tim
749 3399 916 3453 atque
968 3400 1123 3445 natus
1180 3399 1347 3455 esset,
1396 3392 1599 3443 vietum
1647 3392 1747 3454 iri;
1784 3394 1926 3460 quod
1961 3395 2180 3463 quidem

604 3481 804 3537 factum
836 3496 955 3537 esse
977 3484 1407 3539 demonstratur.
1430 3482 1569 3552 Magi
1599 3484 1763 3543 enim.
1797 3486 1888 3554 qui
1916 3498 1973 3538 ut
2006 3489 2177 3555 spolia

607 3577 743 3645 rapti
768 3577 980 3633 fuerant
1027 3577 1093 3630 ad
1145 3578 1317 3631 malas
1354 3594 1599 3647 quasque
1628 3580 1900 3642 actiones,
1937 3581 2002 3633 ad
2040 3596 2181 3647 quas

601 3684 697 3722 eos
742 3670 831 3723 ille
858 3670 1067 3724 datmon
1101 3669 1429 3738 impellebat.
1463 3671 1553 3723 ubi
1583 3669 1861 3726 Christum
1896 3677 2178 3728 adoratum

600 3771 893 3827 venerunt,
930 3760 1202 3827 defecere,
1236 3771 1293 3816 ut
1325 3762 1676 3819 manifestum
1708 3778 1814 3827 est,
1848 3766 1913 3820 ab
1947 3782 2029 3832 ea,
2063 3782 2180 3833 quae

599 3856 723 3910 illos
752 3864 807 3908 ut
841 3854 1011 3924 spolia
1047 3864 1304 3923 rapuerat
1327 3865 1615 3924 potestate,
1646 3876 1807 3927 quam
1842 3859 1997 3912 nobis
2024 3875 2180 3913 arca-

602 3960 669 4000 ne
694 3945 975 4014 Scriptura
1014 3944 1261 4000 Damasci
1288 3948 1536 4003 habitare
1568 3951 1787 4005 indicat.
1820 3951 1967 4004 Illam
1998 3960 2177 4005 autem

602 4048 946 4107 potestatem,
1004 4054 1129 4092 cum
1183 4044 1459 4107 peccatrix
1500 4050 1553 4095 et
1591 4042 1771 4111 iniqua
1804 4045 1895 4109 sit,
1922 4045 2179 4113 praeclare

602 4130 903 4188 Samariam
941 4144 1036 4198 per
1065 4130 1479 4185 similitudinem
1538 4132 1800 4200 appellat.
1857 4134 2176 4187 Damascum

600 4232 785 4278 autem
824 4222 1073 4277 Arabica:
1134 4222 1376 4289 regionis
1418 4238 1541 4277 esse
1594 4232 1649 4277 et
1698 4224 1887 4291 fuisse,
1923 4226 2180 4293 quamvis

600 4332 743 4371 nunc
773 4317 846 4382 ei,
875 4331 995 4386 quae
1020 4315 1415 4385 Syrophtenice
1446 4314 1671 4381 dicitur,
1702 4317 2083 4380 adcenseatur,
2111 4333 2179 4372 ne

597 4419 837 4465 vestrum
864 4409 1079 4477 quidem
1110 4407 1399 4477 quisquam
1450 4422 1651 4476 negare
1691 4408 1880 4476 possit.
1908 4409 2179 4475 Quamob-

599 4516 716 4556 rem
752 4500 1083 4570 praeclarum
1110 4498 1301 4562 fuerit,
1336 4512 1370 4550 ο
1395 4497 1522 4560 viri,
1554 4514 1676 4565 quae
1704 4500 1885 4553 minus
1918 4500 2175 4568 intelligi-

2288 3301 2441 3369 ἁγίου
2476 3300 2813 3371 πατριάρχου
2848 3298 3136 3361 τέθαπται,
3172 3298 3421 3352 τουτέστι
3466 3296 3563 3367 τὴν
3610 3294 3879 3367 Βηθλεὲμ,

2290 3391 2589 3446 κλαιουσῶν
2623 3391 2730 3443 τῶν
2763 3390 3037 3458 γυναικῶν
3071 3392 3137 3444 τὰ
3182 3390 3349 3442 τέκνα
3395 3388 3464 3441 τὰ
3508 3388 3616 3439 ἴδια
3649 3386 3717 3439 τὰ
3750 3388 3880 3455 ἀνῃ-

2292 3485 2524 3555 ρημένα,
2575 3484 2670 3535 καὶ
2722 3484 2795 3554 μὴ
2843 3481 3189 3551 παράκλησιν
3223 3478 3463 3549 ἐχουσῶν
3500 3478 3592 3530 ἐπὶ
3626 3475 3704 3547 τῷ
3738 3493 3880 3546 συμ-

2288 3577 2541 3646 ϐεϐηκότι
2576 3577 2784 3639 αὑταῖς.
2824 3576 2933 3627 Καὶ
2978 3575 3085 3643 γὰρ
3132 3573 3191 3625 τὸ
3240 3574 3414 3624 εἰπεῖν
3461 3570 3551 3622 τὸν
3595 3567 3824 3621 Ἡσαΐαν
3859 3584 3875 3597 '

2293 3688 2309 3718 ‹
2353 3669 2595 3739 Λήψεται
2659 3667 2886 3735 δύναμιν
2945 3663 3236 3735 Δαμασκοῦ
3298 3662 3392 3715 καὶ
3452 3658 3625 3713 σκῦλα
3685 3659 3877 3729 Σαμαη

2289 3759 2457 3831 ρείας,
2504 3778 2520 3809 ›
2560 3758 2656 3828 τὴν
2690 3757 2779 3809 τοῦ
2816 3756 3053 3826 πονηροῦ
3090 3755 3343 3824 δαίμονος
3376 3750 3468 3804 τοῦ
3507 3753 3563 3804 ἐν
3598 3747 3877 3819 Δαμασκῷ

2284 3854 2555 3913 οἰκοῦντος
2587 3851 2813 3921 δύναμιν
2862 3851 3124 3919 ἐσήμαινε
3172 3842 3558 3917 νικηθήσεσθαι
3603 3841 3682 3911 τῷ
3737 3842 3876 3912 Χρι-

2287 3941 2415 4011 στῷ,
2453 3942 2487 3995 ἆ
2493 3959 2568 4011 μα
2579 3940 2655 4010 τῷ
2669 3939 3014 4011 γεννηθῆναι·
3036 3941 3171 4007 ὅπερ
3188 3936 3457 3988 δείκνυται
3474 3930 3870 4002 γεγενημένον.

2285 4036 2347 4087 Oi
2379 4034 2486 4105 γὰρ
2523 4035 2708 4103 μάγοι,
2743 4032 2934 4095 οἵτινες
2968 4028 3357 4099 ἐσκυλευμένοι
3401 4021 3543 4096 ἦσαν
3586 4023 3725 4093 πρὸς
3772 4024 3876 4078 πᾶς

2286 4146 2384 4190 σας
2430 4126 2603 4190 κακὰς
2650 4125 2875 4197 πράξεις
2920 4123 3017 4187 τὰς
3065 4118 3460 4191 ἐνεργουμένας
3492 4115 3597 4168 ὑπὸ
3628 4112 3722 4167 τοῦ
3754 4113 3873 4166 δαι-

2288 4222 2467 4293 μονίου
2528 4220 2769 4282 ἐκείνου,
2820 4215 3065 4277 ἐλθόντες
3110 4212 3202 4265 καὶ
3248 4209 3727 4281 προσκυνήσαντες
3790 4204 3869 4273 τῷ

2282 4314 2521 4387 Χριστῷ,
2559 4314 2836 4382 φαίνονται
2868 4306 3203 4368 ἀποστάντες
3236 4302 3337 4372 τῆς
3373 4299 3748 4367 αυλευσάσης
3764 4296 3868 4349 αὑ-

2282 4410 2407 4472 τοὺς
2438 4406 2716 4475 δυνάμεως
2752 4402 2983 4471 ἐκείνης,
3016 4400 3083 4470 ἠν
3131 4400 3188 4450 ἐν
3237 4393 3520 4466 μυστηρίῳ
3567 4392 3870 4460 ἐσήμαινεν

2284 4505 2415 4574 ἡμῖν
2446 4502 2474 4551 ὁ
2520 4498 2675 4567 λόγος
2707 4498 2875 4557 οἰκεῖν
2894 4496 2950 4545 ἐν
2974 4487 3265 4562 Δαμασκῷ.
3296 4482 3654 4557 Ἀμαρτωλὴν
3676 4481 3735 4534 δὲ
3768 4480 3868 4533 καὶ

600 4594 692 4655 tis,
722 4606 786 4645 ea
817 4606 880 4645 ex
916 4592 1025 4655 his,
1074 4591 1166 4660 qui
1218 4590 1448 4661 gratiam
1501 4607 1530 4646 a
1579 4593 1689 4645 Deo
1733 4601 2087 4660 acceperunt,
2124 4592 2175 4646 id

2291 4592 2463 4645 ἰδικον
2494 4585 2657 4643 οὖσαν
2692 4590 2749 4639 ἐν
2782 4582 3064 4655 παραϐολῇ
3098 4579 3196 4652 τὴν
3239 4577 3467 4647 δύναμιν
3514 4574 3732 4641 ἐκείνην
3766 4589 3866 4625 κα-

673 4748 715 4777 ¹³
756 4747 866 4801 .ler.
896 4763 1049 4809 XXXI,
1087 4745 1172 4799 15.
1256 4745 1299 4776 ³⁸
1339 4744 1444 4800 lsa.
1482 4762 1603 4806 vui,
1639 4748 1695 4801 4.

668 4899 780 4967 (80)
826 4900 972 4963 Τοὺς
1004 4898 1077 4952 τὰ
1106 4899 1296 4967 Μίθρα

597 4972 660 5023 Οἱ
692 4970 761 5024 τὰ
793 4970 887 5021 τοῦ
922 4970 1132 5039 Μίθρου
1170 4970 1438 5040 μυστήρια
1470 4968 1870 5040 παραδιδόντες.
1923 4968 2177 5037 Legimus

596 5041 651 5095 in
682 5041 833 5105 Apol.
866 5056 882 5093 ι
923 5038 1047 5093 εἘν
1076 5042 1189 5101 τοῖς
1221 5038 1314 5090 τοῦ
1334 5038 1533 5109 Μίθρα
1554 5038 1901 5107 μυστηρίοις.

668 5110 781 5179 (8|)
815 5110 1107 5163 Μυεῖσθαι
1150 5110 1252 5163 ὑπ’
1285 5107 1500 5162 αὐτῶν.
1547 5107 2175 5179 Supraobservavimus

598 5176 746 5234 num.
780 5181 869 5247 τυ,
910 5181 1227 5249 mysterium
1257 5180 1372 5232 sive
1402 5179 1699 5231 artilieium
1736 5177 1789 5229 in
1841 5192 1907 5249 eo
1936 5176 2171 5249 positum

597 5252 787 5316 finisse,
820 5248 976 5317 quod
1004 5251 1315 5303 sacerdotes
1339 5250 1583 5303 dicerent
1607 5263 1721 5312 eos,
1762 5248 1850 5316 qui
1881 5248 2173 5317 initiahan-

601 5334 725 5382 tur,
778 5316 853 5373 ab
903 5321 1019 5387 ipso
1077 5318 1275 5372 Mithra
1332 5317 1567 5383 initiari;
1624 5318 1828 5385 alioqui
1866 5316 2022 5387 nihil
2075 5330 2170 5369 eos

599 5405 851 5460 magntnn
889 5400 983 5442 aut
1014 5390 1290 5460 mirabile
1317 5389 1567 5460 dicturos
1608 5387 1796 5460 fuisse.
1850 5386 2176 5460 Quareom-

598 5456 726 5515 nino
771 5460 1056 5530 legendum
1109 5458 1359 5529 μυεῖσθαι
1394 5460 1484 5511 ὑπ’
1511 5456 1695 5530 αὐτοῦ.
1732 5457 1910 5530 Quam
1940 5457 2170 5530 quidem

595 5526 923 5584 emendandi
969 5526 1232 5585 rationem
1279 5532 1566 5582 coniirmat
1604 5527 1872 5589 Justinus,
1922 5526 2048 5579 dtnn
2094 5527 2173 5576 ait

598 5600 914 5655 Mithriacos
938 5602 1277 5661 sacerdotes,
1308 5611 1365 5652 ut
1390 5600 1459 5650 ita
1481 5601 1742 5651 docerent
1770 5598 2034 5648 adductos
2051 5610 2171 5647 esse

598 5672 780 5723 verbis
810 5668 980 5727 Isaia}.
1016 5670 1099 5722 his
1128 5670 1383 5721 nintirnm
1419 5688 1432 5722 :
1465 5665 1630 5731 οὗτος
1662 5669 1948 5738 οἰκήσειεν
1984 5663 2170 5738 ὑψηλῴ

598 5740 848 5810 σπηλαίῳ
912 5741 1117 5810 πέτρας
1178 5741 1514 5810 ἰσχυρᾶς...,.
1552 5735 1782 5807 βασιλέα
1826 5735 1961 5805 μετά
2013 5735 2170 5810 δόξης

592 5806 947 5878 ξᾷεσθεζειιτ.
988 5806 1329 5863 κ’ἰόιέιιιιιιίίὶι
1361 5806 1608 5861 eamdem
1638 5810 1965 5860 sententiain
1997 5806 2168 5878 ουςήνί

597 5875 752 5961 posse
800 5883 913 5936 bxc
943 5883 1105 5936 verba
1139 5880 1462 5934 Tertulliani
1497 5899 1507 5930 :
1542 5900 1562 5933 ‹
1589 5879 1784 5934 Mitbra
1832 5878 2009 5947 signat
2061 5875 2168 5928 illic

1321 4898 1642 4968 pvanma.
1685 4897 1858 4965 Supra
1889 4914 2036 4950 num.
2065 4898 2173 4951 '70:

2279 4896 2332 4950 in
2363 4895 2633 4948 frontibus
2664 4892 2864 4943 milites
2890 4904 3016 4943 suos
3043 4909 3055 4943 :
3082 4888 3321 4941 celebrat
3345 4895 3398 4941 et
3434 4885 3588 4955 panis
3619 4885 3855 4940 oblatio-

2279 4976 2479 5028 nenret
2504 4962 2793 5029 imaginem
2830 4959 3247 5029 resurrectionis
3278 4956 3724 5029 inducit._et_sub
3747 4958 3862 5029 gla-

2278 5037 2368 5086 dio
2410 5024 2643 5087 redimit
2665 5046 2945 5086 coronam.
2982 5049 2999 5081 ι
3036 5028 3347 5096 Prwscripl.
3384 5044 3432 5082 c.
3463 5027 3553 5078 40.
3586 5024 3858 5081 Fabulosa

2281 5104 2367 5156 illa
2396 5106 2619 5158 deorum
2647 5102 2892 5155 evocatio
2935 5117 3022 5154 res
3055 5111 3138 5152 est
3168 5100 3308 5163 apud
3347 5098 3603 5163 antiquos
3633 5098 3859 5163 pervul-

2279 5185 2423 5240 gata,
2455 5185 2512 5226 ut
2538 5174 2723 5226 videre
2752 5179 2835 5225 est
2866 5171 3006 5238 apud
3054 5169 3252 5223 Euseb.
3288 5168 3529 5240 Prwpar.
3560 5182 3638 5219 ev.
3672 5164 3765 5240 lib.
3800 5182 3855 5229 v,

2279 5234 2326 5296 (ἶ.
2357 5244 2389 5298 8
2411 5234 2465 5297 et
2498 5258 2649 5310 seqq.
2706 5241 2760 5293 In
2811 5234 2918 5307 quo
2952 5240 3170 5310 quidem
3182 5238 3487 5310 “nequitia;
3504 5234 3855 5310 sacerdotum

2282 5314 2489 5383 insigne
2522 5305 2782 5383 habemus
2800 5305 3118 5383 exemplum
3152 5307 3254 5383 lib.
3292 5305 3425 5361 ivnt
3456 5305 3856 5383 Antiquitatnn:

2276 5374 2496 5451 ,Ιοειῆιιιί
2527 5398 2576 5433 c.
2604 5382 2655 5443 4,
2678 5382 2763 5433 ubi
2798 5374 3046 5441 Paulina,
3081 5377 3275 5431 nobilis
3306 5388 3576 5451 matrona,
3611 5374 3857 5451 horribi-

2276 5454 2379 5507 lem
2404 5444 2462 5505 in
2498 5452 2714 5505 modum
2746 5451 3070 5503 dedccorata
3110 5458 3384 5510 narratur,
3417 5446 3543 5499 dum
3576 5444 3625 5497 ei
3663 5459 3849 5497 sacer-

2274 5525 2426 5577 dotes
2481 5523 2631 5576 Isiaci
2689 5530 2987 5573 nocturnos
3041 5517 3318 5585 atnpleXus
3367 5514 3651 5579 Anubidis,
3684 5528 3850 5581 quem

2272 5594 2359 5647 illa
2401 5595 2564 5646 stulte
2594 5590 2977 5655 venerabatur,
3005 5588 3218 5655 juvenis
3243 5585 3523 5655 cujusdam
3555 5598 3693 5636 auro
3722 5598 3851 5637 cor-

2271 5664 2412 5732 rupti
2450 5664 2797 5731 promittunt.
2829 5659 2941 5733 Non
2963 5653 3172 5733 mirum
3207 5672 3359 5723 ergo,
3398 5656 3443 5709 si
3479 5653 3853 5733 Mithramsa-

2272 5725 2523 5788 (:erdotcs
2555 5748 2583 5783 a
2616 5748 2675 5784 se
2707 5731 2922 5783 evocari
2955 5728 3249 5795 ﬁngebant,
3284 5735 3342 5778 ut
3383 5740 3477 5779 eos
3512 5725 3627 5793 ipse
3660 5725 3847 5783 initia-

2274 5816 2379 5870 ret,
2408 5804 2499 5873 qui
2528 5803 2675 5858 illius
2706 5800 2979 5871 mysteriis
3008 5797 3210 5853 initiari
3245 5796 3517 5851 volebant.
