4108 6444
653 395 762 451 667

1626 397 1681 452 S.
1717 394 1984 453 JUSTINI
2016 394 2424 451 PIIILOSOPIII
2468 394 2557 449 ET
2600 390 2957 448 MARTYRIS

3827 378 3947 439 068

652 516 771 584 ipse
810 514 953 568 Deus
979 511 1202 579 clamat,
1232 512 1399 569 corde
1435 524 1617 568 autem
1655 516 1815 584 longe
1853 517 1920 569 ab
1954 528 2023 567 eo
2052 528 2225 567 remo-

2338 512 2491 577 Θεὸς,
2525 512 2624 585 τὴν
2656 514 2714 566 δὲ
2748 511 2977 583 καρδίαν
3010 507 3200 579 πόρῤω
3246 506 3392 578 ἔχειν
3434 505 3528 559 ἀπ’
3557 501 3748 564 αὑτοῦ.
3790 502 3939 572 Ἐγὼ

654 617 767 661 tos.
819 606 932 677 Ego
988 614 1167 661 autem
1213 617 1270 661 et
1296 646 1310 672 ,
1344 607 1388 661 si
1424 607 1514 676 qui
1555 618 1703 661 recte
1739 609 1793 661 in
1829 608 2081 661 omnibus
2112 622 2239 660 sen-

652 701 819 763 tiunt,
849 698 1177 762 Christiani,
1198 710 1253 753 et
1290 700 1478 754 carnis
1506 701 1965 755 resurrectionem
2003 699 2239 753 futuram

652 794 881 857 scimus,
907 800 962 847 et
996 792 1143 847 mille
1180 808 1352 846 annos
1378 793 1429 845 in
1463 794 1598 848 urbe
1633 793 1936 848 Jerusalem
1972 795 2239 849 aediﬁcata

653 889 708 934 et
741 894 933 935 ornata
969 892 1025 936 et
1072 884 1444 951 ampliﬁcata;
1485 887 1949 952 quemadmmlum
1985 888 2240 944 Etecbicl

647 983 706 1026 et
742 973 909 1029 Isaias
939 985 997 1029 et
1030 978 1219 1039 caeteri,
1249 978 1532 1046 prophetre
1572 981 1919 1048 promittunt.

722 1130 811 1186 8|.
857 1130 1095 1186 Probare
1124 1142 1355 1185 conatur
1386 1133 1521 1186 hanc
1556 1136 1871 1188 sententiam
1914 1153 1979 1189 ea:
2009 1135 2158 1192 Isaia
2191 1147 2241 1191 et

651 1222 1187 1292 Apocalypsi.—Sic
1225 1226 1372 1280 enim
1416 1224 1586 1279 Isaias
1622 1227 1687 1279 de
1732 1228 1836 1280 hoc
1883 1228 2028 1283 mille
2063 1246 2238 1284 anno-

656 1332 773 1369 rum
804 1317 981 1386 spatio
1008 1317 1224 1372 locutus
1249 1330 1332 1373 est
1358 1339 1369 1373 :
1397 1338 1414 1370 1
1452 1320 1565 1373 Erit
1594 1321 1737 1373 enim
1776 1321 1976 1375 cmlum
2013 1338 2237 1387 novum,

646 1417 703 1463 et
757 1420 907 1464 terra
949 1426 1111 1475 nova,
1143 1424 1195 1466 et
1243 1427 1352 1465 non
1409 1413 1853 1468 recordabuntur
1889 1415 2153 1483 priurum,
2183 1424 2241 1470 et

652 1516 759 1553 non
790 1502 1017 1555 venient
1046 1516 1214 1571 super
1245 1519 1341 1558 cor
1370 1518 1561 1557 eorum
1587 1521 1601 1569 ;
1634 1508 1726 1560 sed
1770 1509 2025 1575 gaudium
2062 1515 2119 1562 et
2144 1522 2243 1562 ex-

651 1591 1005 1647 sultationem
1042 1596 1323 1651 invenient
1358 1598 1412 1651 in
1453 1600 1590 1667 ipsa,
1622 1614 1743 1667 qua:
1777 1618 1877 1669 ego
1914 1617 2064 1655 creo.
2100 1599 2238 1666 Quia

647 1698 785 1738 ecce
819 1699 921 1755 ego
958 1686 1101 1740 facio
1152 1689 1580 1745 exsultationem
1609 1690 1941 1752 Jerusalem.
1979 1702 2035 1747 et
2071 1707 2241 1761 popu-

654 1774 764 1827 lum
800 1792 975 1831 meum
1003 1779 1283 1845 lmtitiam;
1324 1791 1379 1834 et
1405 1783 1690 1837 exsultabo
1719 1799 1883 1853 super
1909 1784 2236 1849 Jerusalem,

2342 606 2420 667 δὲ,
2450 607 2542 659 καὶ
2577 607 2630 659 εἰ
2657 605 2800 667 τινές
2832 605 2970 658 εἰσιν
2993 598 3401 674 ὀρθογνώμονες
3425 595 3564 650 κατὰ
3591 595 3776 649 πάντα
3801 594 3946 665 Χρι-

2345 698 2569 761 στιανοὶ,
2618 697 2713 749 καὶ
2762 694 2968 766 σαρκὸς
3014 692 3312 748 ἀνάστασιν
3344 686 3673 760 γενήσεσθαι
3701 686 3941 740 ἐπιστά-

2346 788 2505 859 μεθα’
2558 788 2651 842 1ια1⁵
2698 786 2843 858 χίλια
2878 786 2971 857 ἐτη
3008 785 3118 855 (99)
3154 786 3211 838 ἐν
3256 778 3610 852 Ἰερουσαλὴμ
3640 777 3943 848 οἰκοδομη-

2344 878 2497 949 θείσῃ
2546 878 2642 931 καὶ
2688 876 3025 948 κοσμηθείσῃ
3072 874 3168 930 καὶ
3214 869 3603 943 πλαωνθείσῃ,
3636 869 3689 921 οἰ
3715 868 3942 939 προφῆ-

2343 989 2429 1026 ται
2465 971 2538 1041 (1)
2586 970 2846 1041 ’ῐεζεκιὴλ
2880 967 2978 1022 καὶ
3021 967 3269 1043 Ἡσαΐας,
3305 964 3399 1018 καὶ
3443 963 3495 1016 οἰ
3536 962 3689 1016 ἄλλοι
3734 961 3942 1032 ὁμολο-

2341 1062 2549 1132 γοῦσιν.

2414 1154 2501 1210 81.
2545 1152 2738 1218 Οὕτως
2768 1153 2879 1222 γὰρ
2908 1152 3135 1214 Ἡσαΐας
3162 1149 3291 1222 περὶ
3316 1149 3415 1221 τῆς
3439 1145 3939 1222 χιλιονταετηρίδος

2341 1246 2541 1317 ταύτης
2574 1242 2747 1299 εἶπεν·
2789 1265 2807 1295 1
2838 1246 3029 1298 Ἔσται
3063 1244 3173 1314 γὰρ
3205 1245 3233 1296 ὁ
3264 1242 3493 1314 οὐρανὸς
3524 1239 3733 1304 καινὸς,
3753 1239 3939 1308 ,καὶὴ

2341 1343 2414 1414 γῆ
2450 1342 2631 1411 καινή⁶
2672 1339 2767 1393 καὶ
2801 1338 2861 1391 οὐ
2901 1339 2975 1409 μὴ
3013 1324 3296 1408 μνησθῶσι
3328 1334 3437 1388 τῶν
3464 1333 3770 1405 προτέρὼν,
3808 1329 3941 1384 Οὐδὲ

2344 1438 2417 1510 μὴ
2453 1435 2655 1506 ἐπέλθῃ
2688 1432 2868 1487 αὐτῶν
2901 1432 2994 1485 ὲπὶ
3027 1431 3125 1502 τὴν
3157 1429 3401 1502 καρδίαν⁸
3438 1426 3552 1481 ἀλλ’
3581 1423 3943 1497 εὐφροσύνην

2342 1530 2435 1584 καὶ
2474 1528 2789 1598 ἀγαλλίαμα
2835 1526 3159 1597 εὑρήσουσιν
3192 1523 3421 1593 ὲνάὺτῇ
3454 1518 3553 1575 ὃσα
3586 1517 3698 1589 ἐγὼ
3731 1515 3942 1579 κτίξω.

2343 1624 2461 1676 Ὅτι
2491 1621 2599 1675 ἰδοὺ
2627 1618 2738 1689 ἐγὼ
2771 1617 2908 1671 ποιῶ
2933 1618 3029 1688 τήν
3076 1614 3429 1688 Ἰερουσαλὴμ
3459 1612 3803 1683 ἀγαλλίαμα,
3834 1610 3947 1662 καὶ.

2339 1715 2429 1768 τὸν
2462 1707 2589 1767 λαόν
2619 1730 2719 1785 μου
2755 1709 3113 1782 εὐφροσύνην,
3143 1709 3237 1761 καὶ
3271 1703 3803 1777 ἁγαλλιάσομαι.ἑπὶ
3834 1702 3936 1755 Ἱε-

2343 1806 2641 1879 ρουσαλὴμ,
2678 1804 2771 1859 καὶ
2805 1801 3251 1875 εύφρανθήσομαι
3277 1799 3356 1869 τῷ
3383 1798 3498 1869 λαῷ
3526 1816 3647 1871 μου.
3685 1796 3802 1851 Καὶ
3827 1794 3943 1848 οὐκ

648 1877 704 1921 et
740 1868 969 1922 laetabor
1004 1888 1167 1938 super
1203 1875 1403 1941 populo
1442 1890 1583 1929 meo.
1625 1876 1692 1929 Et
1720 1892 1829 1930 non
1868 1876 2010 1931 ultra
2046 1878 2225 1931 audie-

2339 1868 2418 1953 ὲτι
2458 1900 2517 1953 οὐ
2689 1868 2929 1966 ἀκουσθῇ
2978 1896 3036 1945 ἐν
3072 1868 3218 1965 ἀὐτῇ
3467 1868 3765 1959 αλαυθμοῦ,
3801 1886 3933 1940 οὐδὲ

653 1967 741 2011 tur
777 1960 830 2012 in
870 1975 931 2013 ca
969 1976 1068 2014 vox
1118 1962 1275 2017 [lctus
1324 1981 1501 2035 neque
1541 1982 1643 2019 vox
1681 1967 1956 2025 clamoris.
2014 1969 2080 2023 Et
2124 1984 2231 2021 non

646 2048 759 2103 erit
792 2051 1022 2119 amplius
1061 2053 1131 2106 ibi
1184 2054 1477 2110 immatura
1517 2059 1717 2126 aliquis
1749 2068 1931 2124 aetate,
1958 2068 2012 2112 et
2044 2074 2231 2120 senex,

648 2140 739 2207 qui
768 2158 871 2195 non
900 2143 1119 2212 impleat
1146 2154 1355 2214 tempus
1383 2164 1559 2200 suum.
1592 2150 1705 2203 Erit
1725 2149 1871 2204 enim
1902 2150 2232 2204 adolescens

652 2232 793 2287 [ilius
835 2245 1055 2287 centum
1093 2252 1361 2291 annorum
1402 2258 1413 2291 :
1450 2242 1686 2295 moriens
1732 2256 1862 2295 vero
1903 2240 2064 2311 179
2100 2256 2229 2309 pec-

647 2338 804 2381 cator
826 2328 967 2382 ﬁlius
988 2340 1207 2401 centum
1240 2348 1530 2399 annorum,
1551 2336 1716 2388 etiam
1748 2335 2069 2391 maledictus
2099 2338 2228 2391 erit.

648 2418 717 2473 Et
771 2421 1125 2477 zcdilicabunt
1171 2425 1387 2490 domos,
1437 2436 1493 2480 et
1547 2429 1647 2497 ipsi
1702 2427 2121 2494 inhabitabant;
2176 2440 2231 2485 et

646 2512 976 2581 plautabunt
1012 2517 1222 2579 vineas,
1256 2529 1310 2573 et
1340 2521 1441 2588 ipsi
1490 2521 1781 2576 comedent
1829 2524 2101 2592 genimina
2137 2537 2229 2577 ea-

648 2621 791 2673 rum,
824 2618 877 2662 et
919 2610 1105 2663 vinum
1139 2612 1356 2675 bibent;
1392 2628 1499 2666 non
1540 2614 1907 2681 :ediiicabunt,
1941 2627 1993 2671 et
2023 2615 2113 2670 alii
2150 2618 2232 2672 in-

648 2702 978 2756 habitabunt
1000 2722 1013 2767 ;
1035 2716 1089 2758 et
1120 2722 1223 2759 non
1260 2707 1608 2775 planlabunt,
1633 2710 1723 2762 alii
1761 2724 1891 2763 vero
1921 2712 2227 2766 comedent.

649 2792 862 2846 Etenim
902 2795 1208 2849 secundum
1238 2797 1354 2852 dies
1378 2799 1513 2868 ligni
1548 2802 1693 2863 vitaz,
1714 2812 1875 2853 erunt
1902 2801 2017 2856 dies
2047 2804 2227 2871 populi

647 2888 786 2954 mei;
818 2904 983 2958 opera
1025 2890 1270 2946 laborum
1314 2908 1501 2946 eorum
1544 2895 2067 2964 multiplicabuntur.
2104 2896 2230 2951 Ele-

644 2981 716 3035 σιξ
763 2982 867 3036 mei
928 2998 1033 3038 non
1111 2984 1443 3042 laborabunt
1496 2988 1549 3041 in
1596 3004 1831 3050 vanum;
1871 3004 2048 3059 neque
2091 2990 2231 3043 ﬁlios

647 3072 990 3141 generabunt
1022 3075 1073 3127 in
1110 3079 1595 3144 maledictionem;
1631 3080 1758 3149 quia
1801 3095 1987 3133 semen
2021 3080 2226 3149 justum

642 3176 701 3219 et
738 3166 1087 3222 benedictum
1134 3184 1164 3223 a
1208 3171 1435 3225 Domino
1471 3182 1654 3237 erunt,
1687 3182 1742 3226 et
1784 3183 2008 3240 nepotes
2037 3188 2227 3227 eorum

643 3276 771 3315 cum
804 3263 905 3317 eis.
943 3263 1009 3317 Et
1034 3264 1164 3328 erit,
1198 3276 1492 3334 antequam
1526 3268 1627 3337 ipsi
1660 3268 1899 3323 clament
1933 3283 2033 3335 ego
2061 3284 2228 3323 exan-

645 3352 824 3419 diam;
861 3354 1040 3408 adhuc
1084 3354 1435 3424 loquentibus
1467 3356 1591 3422 illis,
1649 3359 1829 3413 dicam
1868 3378 1880 3413 :
1920 3358 2060 3425 Quid
2112 3362 2230 3416 est?

645 3442 783 3497 Tum
828 3445 936 3513 lupi
993 3458 1049 3501 et
1099 3448 1220 3516 agni
1278 3460 1571 3517 pascentur
1615 3452 1800 3517 sinnil,
1849 3464 1904 3506 et
1944 3452 2026 3507 leo
2070 3455 2226 3522 quasi

645 3537 745 3591 bos
800 3540 1051 3593 comedet
1108 3541 1320 3609 paleas,
1382 3554 1438 3597 et
1499 3558 1725 3613 serpens
1786 3554 2009 3611 terram,
2070 3549 2227 3617 quasi

645 3644 863 3699 panem.
898 3632 1014 3686 Non
1048 3636 1340 3702 nocebunt,
1361 3653 1534 3706 neque
1564 3650 1916 3708 corrumpent
1947 3642 2000 3693 in
2043 3652 2227 3695 monte

647 3734 870 3791 sancto;
905 3726 1039 3781 dicit
1070 3727 1336 3782 Dominus
1359 3731 1424 3782 ²¹.
1467 3749 1483 3781 1
1530 3731 1682 3798 Quod
1714 3734 1883 3800 igitur
1915 3735 1998 3788 his
2030 3736 2082 3789 in
2111 3751 2228 3789 ver-

643 3817 731 3874 bis
765 3818 1009 3875 dicitnr:
1047 3838 1067 3872 r
1107 3820 1244 3876 Nam
1276 3825 1576 3878 secundum
1620 3826 1738 3881 dies
1767 3826 1920 3896 ligni,
1962 3826 2078 3883 dies
2124 3842 2226 3898 po-

714 3977 757 4010 “
798 3977 901 4033 lsa.
934 3996 1059 4045 va,
1101 3980 1168 4034 l7
1200 3997 1367 4051 usque
1401 3985 1467 4037 ad
1502 3984 1689 4039 linem.

714 4097 829 4168 (99)
864 4098 973 4151 Καὶ
994 4099 1175 4220 gum
1214 4100 1339 4167 ἔτη.
1368 4100 1611 4156 Clericus
1640 4100 1906 4155 excidisse
1930 4108 2079 4168 putat
2112 4096 2215 4150 has

718 4184 827 4220 ces.
866 4170 989 4220 εὺσε
1030 4172 1107 4220 εἰς
1145 4170 1454 4220 Βιώσεσθαι.
1504 4172 1608 4220 Sed
1650 4174 1784 4220 salis
1840 4181 1919 4220 est
1968 4169 2215 4220 snuolere

642 4183 827 4234 voces,
866 4169 1107 4233 εὐσεϐεῖς
1145 4170 1454 4239 βιώσεσθαι.
1504 4172 1608 4225 Sed
1650 4174 1784 4225 salis
1840 4181 1920 4225 est
1968 4169 2217 4237 supplere

642 4243 809 4311 verba
840 4242 1197 4311 pmicedentia
1223 4244 1547 4311 γενήσεσθαι
1572 4242 1931 4311 ἐπιστάμεθα.

717 4310 789 4380 (1)
830 4313 897 4385 Ui
927 4308 1242 4385 προφῆται.
1282 4308 1607 4385 Legendunr
1633 4315 1706 4377 ὡς
1742 4308 1790 4364 οἱ
1832 4312 2220 4385 προφῆταιηιιι

636 4380 753 4449 jam
787 4380 944 4435 multi
992 4382 1521 4437 animadverterunt.
1560 4380 1905 4437 Manifestum
1948 4380 2033 4436 est
2072 4380 2215 4436 enim

638 4450 916 4507 Justinum
966 4449 1055 4505 hic
1084 4464 1185 4504 suo
1207 4461 1263 4504 et
1296 4468 1484 4507 eorum
1519 4468 1656 4520 quos
1703 4466 1849 4509 recte
1877 4455 1927 4507 in
1966 4450 2219 4506 omnibus

638 4520 850 4592 sentire
894 4520 990 4592 ait,
1031 4522 1272 4585 nomine,
1305 4538 1425 4577 eam
1459 4523 1761 4577 doctrinam
1796 4524 2064 4592 proliteri,
2098 4536 2219 4590 qua!

640 4600 698 4646 et
716 4591 990 4647 luereticis
1012 4595 1473 4662 resurrectionem
1505 4591 1827 4662 negantibus
1854 4605 1908 4649 ct
1932 4593 2218 4647 catholicis

642 4676 869 4731 regnum
912 4661 1059 4715 mille
1090 4677 1355 4716 annorum
1404 4661 1774 4729 rejicientibus
1809 4666 2083 4719 contraria
2118 4664 2213 4717 sit.

643 4732 858 4787 Primos
899 4742 1177 4802 oppugnat
1230 4736 1650 4789 resurrectionis
1699 4736 1986 4802 professio,
2015 4736 2216 4787 alteros

644 4803 798 4872 regni
856 4802 1006 4857 mille
1055 4818 1322 4857 annorum
1381 4807 1738 4873 exspectatio.
1790 4807 2059 4859 Praeterea
2099 4815 2218 4873 post

644 4874 736 4927 illa
768 4873 932 4927 verba
959 4892 972 4926 :
1000 4892 1018 4925 1
1050 4874 1117 4929 Et
1139 4875 1323 4928 carnis
1354 4878 1808 4930 resurrectionem
1845 4877 2081 4929 futuram
2113 4877 2215 4927 sci-

643 4960 835 5015 mus,r_
870 4945 1039 4999 multo
1074 4946 1255 5013 aptius
1307 4946 1526 5015 ponitur
1553 4964 1567 5001 :
1599 4964 1617 4998 ι
1649 4948 1716 4999 Et
1765 4951 1914 5002 mille
1959 4960 2129 4999 annos
2163 4946 2214 4997 in

644 5017 779 5068 urbe
811 5013 1136 5078 Jerusalem,
1170 5013 1626 5082 quemadmodum
1669 5019 1943 5087 prepbetae
1991 5019 2218 5085 promit-

646 5095 789 5150 tunt,
818 5105 835 5138 1
876 5101 1040 5155 quam
1087 5087 1132 5139 si
1179 5088 1417 5150 dicatur,
1452 5105 1470 5137 1
1496 5087 1560 5141 Et
1598 5090 1744 5142 mille
1791 5107 1962 5143 annos
1996 5092 2047 5141 in
2086 5087 2217 5139 urbe

640 5155 944 5210 Jerusalem
1009 5158 1313 5211 instaurata
1365 5166 1421 5209 et
1467 5168 1726 5213 exornata
1782 5169 1836 5212 et
1887 5158 2214 5226 ampliticata

642 5228 922 5297 propbcne
979 5228 1231 5282 Ezechiel
1280 5240 1333 5283 ct
1375 5227 1542 5282 Isaias
1585 5240 1641 5283 et
1682 5231 1771 5283 a|ii
1824 5232 2164 5298 promittunt.
2193 5246 2211 5277 1

644 5298 739 5351 llis
784 5299 921 5351 adde
956 5297 1248 5368 Δ,1115111111111
1298 5300 1457 5368 paulo
1502 5310 1629 5353 ante
1672 5297 1879 5355 dixisSc
1923 5309 1976 5353 et
2014 5301 2117 5354 sibi
2163 5308 2214 5352 et

646 5367 831 5421 multis
878 5364 1000 5425 aliis
1040 5372 1106 5424 de
1153 5373 1254 5423 buc
1286 5364 1456 5435 regno
1498 5371 1644 5423 mille
1688 5387 1955 5424 annorum
1993 5368 2216 5423 omnino

648 5455 963 5507 persuasum
995 5456 1137 5495 esse.
1170 5440 1431 5507 Quamvis
1461 5453 1640 5493 autem
1684 5445 1755 5495 ita
1784 5442 1992 5497 sentire
2038 5442 2217 5493 decla-

648 5521 730 5563 ret
777 5510 872 5577 qui
920 5520 1067 5565 recte
1105 5513 1157 5565 in
1196 5514 1451 5565 omnilms
1498 5511 1769 5577 sentiunt;
1811 5513 2099 5566 manifesta
2134 5521 2218 5564 ενι

645 5581 890 5651 adhibita
923 5582 992 5634 ab
1019 5581 1110 5635 illo
1147 5584 1285 5634 inter
1311 5599 1406 5636 eos
1433 5583 1521 5651 qui
1554 5584 2006 5637 resurrectionem
2036 5595 2091 5635 ct
2123 5598 2217 5634 cos

646 5650 741 5720 qui
770 5665 995 5722 regnum
1037 5652 1185 5706 mille
1220 5650 1490 5706 annorum
1523 5655 1821 5720 negabant,
1846 5655 2077 5705 iiiaxima
2102 5654 2215 5705 dis-

647 5723 857 5775 tinctio.
915 5722 970 5773 1ο
1013 5724 1286 5794 Quidquid
1334 5740 1526 5793 aspere
1572 5736 1634 5777 ct‘
1673 5728 2022 5777 \‘eltcutcttter
2056 5725 2213 5788 dicit,

646 5794 699 5847 id
746 5798 811 5846 ad
863 5794 1067 5863 primus
1110 5805 1336 5864 spectat.
1385 5796 1621 5849 Laudent
1672 5796 1792 5848 aliis
1837 5813 1936 5863 pta:
1970 5806 2023 5848 ct
2068 5810 2216 5863 pura:

645 5866 910 5922 doctrina:
949 5865 1161 5921 tribuit.
1194 5868 1251 5921 2°
1284 5866 1496 5921 Primos
1529 5868 1622 5922 loti
1656 5866 1907 5922 Ecclesia:
1934 5870 2214 5923 adversari

2338 1989 2490 2061 φωνῆ
2536 1985 2961 2064 κραυγῆς..Καὶ
3008 1984 3067 2037 οὺ
3106 1984 3179 2054 μὴ
3214 1983 3434 2053 γένηται
3469 1980 3548 2033 ἔτι
3580 1980 3698 2033 ἐκεῖ
3742 1978 3932 2049 ἄωρος

2336 2080 2591 2152 ἡμέραις,
2626 2076 2722 2130 καὶ
2756 2073 3065 2145 πρεσϐύτης
3099 2073 3156 2135 ὃς
3188 2072 3287 2125 οὐκ
3320 2069 3588 2141 ἐμπλήσει
3612 2068 3703 2121 τὸν
3728 2067 3930 2138 χρόνον

2335 2172 2519 2228 αὐτοῦ.
2561 2172 2752 2223 Ἔσται
2798 2169 2907 2239 γὰρ
2941 2171 2967 2221 ὁ
3001 2167 3118 2230 νέος
3139 2208 3152 2231 ,
3190 2166 3303 2228 υἱὸς
3338 2163 3411 2235 (2)
3446 2160 3639 2215 ἑκατὸν
3685 2158 3860 2213 ἑτῶν·
3894 2158 3928 2208 ὁ

2334 2268 2391 2320 δὲ
2442 2264 2805 2333 ἀποθνήσκων
2852 2257 3176 2330 ἁμαρτωλὸς
3225 2257 3339 2320 υἱὸς
3386 2254 3577 2311 ἑκατὸν
3628 2249 3787 2312 ἐτῶν,
3826 2248 3928 2301 καὶ

2336 2359 2736 2429 ὲπικατάρατος
2770 2355 2939 2408 ἔσται.
2976 2352 3087 2406 Καὶ
3120 2350 3557 2420 οἰκοδομήσωσιν
3590 2344 3796 2405 οἰκίας,
3828 2339 3929 2395 καὶ

2335 2451 2489 2505 αὐτοὶ
2522 2450 2881 2518 ὲνοικήσουσι,
2916 2446 3008 2499 καὶ
3041 2440 3537 2512 καταφυτεύσονσιν
3568 2434 3927 2509 ἀμπελῶνας,

2336 2545 2429 2597 καὶ
2460 2542 2612 2597 αὐτοὶ
2646 2541 2923 2609 φάγωνται
2945 2537 3018 2609 (5)
3041 2538 3107 2590 τὰ
3142 2536 3454 2605 γεννήματα
3486 2529 3682 2592 αὐτῶν,
3709 2528 3806 2582 καὶ
3831 2528 3929 2580 τὸν

2333 2634 2474 2691 οἶνον
2526 2634 2769 2687 πιωνται·
2833 2633 2891 2684 οὐ
2950 2632 3023 2701 μὴ
3072 2629 3464 2698 οἰκοδομήσωσι
3498 2623 3593 2693 (4),
3630 2622 3725 2675 καὶ
3772 2619 3926 2673 ἄλλοι

2334 2728 2737 2797 κατοικήσουσι·
2776 2724 2871 2775 καὶ
2903 2724 2962 2776 οὺ
3002 2721 3075 2791 μὴ
3110 2719 3419 2788 φυτεύσωσι
3440 2756 3455 2779 ,
3490 2715 3583 2769 καὶ
3616 2713 3765 2767 ἄλλοι
3816 2710 3925 2779 φά.-

2333 2835 2541 2887 γονται.
2589 2813 2747 2875 Κατὰ
2789 2814 2897 2885 γὰρ
2936 2813 3032 2874 τὰς
3065 2812 3277 2882 ἡμέρας
3310 2807 3401 2861 τοῦ
3438 2806 3593 2871 ξύλου
3635 2804 3736 2873 τῆς
3769 2801 3925 2869 ζωῆς

2334 2913 2389 2965 αἰ
2425 2910 2627 2980 ήμέραι
2662 2906 2753 2959 τοῦ
2801 2903 2932 2958 λαοῦ
2982 2921 3083 2975 μου
3135 2902 3365 2954 ἔσονται·
3403 2898 3469 2951 τὰ
3502 2897 3637 2967 ἔργα
3674 2895 3781 2947 τῶν
3818 2894 3920 2947 πό-

2333 3019 2438 3055 νων
2467 3000 2645 3054 αὐτῶν
2685 2997 3071 3051 πλεονάσουσιν
3100 2994 3195 3063 (5).
3232 2994 3292 3045 Οἱ
3328 2988 3571 3043 ἐκλεκτοί
3609 3004 3717 3058 μου
3746 2986 3806 3037 ού
3847 2982 3927 3053 μὴ

2334 3096 2657 3166 πονήσονσιν
2688 3092 2767 3154 εἰς
2796 3090 2973 3152 κενὸν,
3009 3087 3124 3141 οὐδὲ
3162 3083 3641 3153 τεκνοποιήσουσιν
3680 3080 3763 3141 εἰς
3789 3094 3923 3130 κατ-

2335 3188 2473 3258 ἀραν
2493 3204 2505 3215 ·
2545 3186 2625 3237 ὅτι
2679 3183 2900 3253 σπέρμα
2927 3180 3135 3234 δίκαιον
3170 3178 3264 3231 καὶ
3297 3173 3656 3243 εύλογημένον
3685 3170 3788 3223 ὑπὸ
3818 3171 3925 3258 Ko-

2340 3256 2456 3349 ρίου
2499 3276 2733 3338 ἔσονται,
2767 3271 2858 3325 καὶ
2888 3270 3085 3338 ἔγγονα
3123 3268 3194 3337 (6)
3230 3264 3408 3319 αὐτῶν
3442 3261 3557 3333 μετ’
3576 3258 3773 3313 αὐτῶν.
3810 3256 3924 3309 Καὶ

2337 3372 2489 3423 ἔσται
2542 3367 2669 3438 πρὶν
2703 3367 2735 3437 ἢ
2774 3361 3041 3435 κεκράξαι
3088 3361 3324 3421 αὐτοὺς,
3377 3354 3489 3423 ἐγὼ
3544 3351 3922 3419 ὲπακούσομαι

2335 3461 2530 3513 αὐτῶν·
2568 3460 2648 3511 ἔτι
2674 3458 2977 3510 λαλούντων
3012 3452 3211 3515 αὐτῶν,
3240 3449 3367 3521 ἐρῶ*
3400 3448 3464 3500 Τί
3493 3449 3638 3510 ὲστι;
3672 3445 3807 3496 Τότε
3837 3441 3924 3493 λύ-

2336 3572 2419 3607 κοι
2453 3554 2547 3608 καὶ
2582 3554 2741 3624 ἄρνες
2780 3552 2894 3620 ἅμα
2931 3547 3381 3619 βοσκηθήσονται,
3414 3539 3508 3593 καὶ
3528 3538 3665 3590 λέων
3689 3536 3765 3597 ὡς
3797 3533 3922 3603 βοῦς

2337 3649 2567 3718 φάγεται
2602 3646 2779 3713 ἄχυρα
2801 3683 2813 3701 ,
2850 3642 2971 3709 ὄφις
3004 3639 3059 3691 δὲ
3093 3638 3197 3706 γῆν
3239 3636 3314 3697 ὡς
3348 3633 3530 3703 ἄρτον.
3582 3629 3696 3682 Οὐκ
3728 3625 3920 3695 ἀδική-

2339 3757 2520 3792 σουσιν
2554 3738 2672 3789 οὐδὲ
2707 3732 3069 3805 λυμανοῦνται
3102 3729 3193 3781 ἐπὶ
3227 3726 3302 3797 τῷ
3326 3726 3441 3797 ὄρει
3474 3722 3552 3793 τῷ
3580 3720 3742 3791 ἁγίῳ,
3770 3719 3919 3785 λέγει

2339 3829 2564 3896 Κύριος.
2595 3847 2613 3879 1
2653 3826 2727 3879 Τὸ
2775 3819 2867 3878 οὖν
2913 3821 3202 3894 εἰρημένον
3245 3819 3301 3870 ὲν
3337 3817 3448 3877 τοῖς
3493 3813 3674 3881 λόγοις
3708 3807 3920 3873 τούτοις

2325 4091 2590 4157 declarat,
2642 4090 2781 4144 alios
2830 4101 2959 4144 vero
3012 4099 3382 4157 nequaquam.
3432 4085 3491 4137 ’5ο
3539 4084 3651 4157 liis
3689 4087 3913 4155 verbis,

2330 4182 2348 4213 1
2373 4162 2435 4215 Et
2463 4156 2919 4217 resurrectionem
2945 4157 3182 4211 futuram
3214 4156 3439 4219 scimus,
3465 4167 3519 4210 et
3548 4156 3692 4208 mille
3723 4172 3913 4225 annos,

2326 4232 2785 4301 quemadmodum
2815 4229 3094 4301 prophetae
3121 4228 3469 4301 promittunt,
3493 4227 3677 4301 remis
3709 4227 3916 4285 indicat

2328 4298 2753 4357 resurrectionis
2809 4298 3115 4354 doctrinam
3194 4298 3441 4350 omnium
3500 4298 3913 4363 Scripturarmn

2328 4374 2678 4436 auctoritate,
2705 4382 2760 4425 et
2798 4371 3096 4423 traditione
3124 4381 3188 4421 ac
3217 4368 3457 4421 unanimi
3491 4366 3751 4421 Ecclesia:
3783 4387 3915 4425 con-

2330 4459 2493 4497 sensu
2532 4443 2627 4495 niti
2651 4484 2666 4503 ,
2704 4441 2853 4510 regni
2892 4450 3079 4493 autem
3118 4437 3264 4510 mille
3299 4451 3566 4510 annorum
3594 4438 3913 4510 Opinionem

2329 4530 2393 4568 ex
2442 4507 2791 4583 quibusdam'
2830 4509 3158 4583 testimoniis
3209 4507 3509 4575 Scriptura:
3571 4508 3808 4583 deduci,
3861 4513 3911 4565 in

2326 4579 2524 4652 quibus
2557 4585 2645 4651 qui
2694 4596 2919 4652 regnum
2968 4579 3116 4652 mille
3146 4592 3417 4652 annorum
3455 4579 3772 4652 perspicere
3809 4584 3907 4636 sibi

2326 4650 2671 4717 videbantur,
2701 4650 2795 4707 eos
2825 4659 2976 4706 recte
3010 4650 3063 4705 in
3092 4651 3349 4704 omnibus
3380 4650 3583 4702 sentire
3621 4650 3912 4706 existima-

2325 4724 2447 4787 bat;
2480 4726 2569 4793 qui
2620 4736 2803 4777 autem
2842 4721 2991 4793 idem
3036 4736 3142 4775 non
3178 4718 3609 4790 perspiciebant,
3640 4736 3738 4775 eos
3769 4724 3910 4776 vitu-

2323 4810 2453 4864 pera
2468 4791 2523 4848 re
2555 4810 2662 4848 non
2697 4791 2954 4864 audebat.

2395 4865 2472 4933 (‘2)
2518 4865 2666 4930 Υἱός.
2706 4863 2953 4917 Justinus
2996 4862 3046 4915 in
3102 4857 3392 4933 liocrlsaiae
3431 4861 3719 4915 referendo
3761 4864 3881 4916 ICSIi

2324 4938 2511 4990 monio
2548 4952 2654 4989 non
2702 4935 2945 5000 sequitur
2976 4932 3337 5001 Septuaginta
3378 4933 3730 5001 interpretes,
3773 4935 3911 4999 apud

2320 5022 2459 5074 quos
2484 5007 2608 5059 illud
2638 5006 2774 5068 υἱός,
2799 5008 2944 5073 quod
2970 5000 3132 5074 paulo
3166 5014 3291 5074 post
3316 5018 3346 5054 a
3367 5000 3587 5074 Justino
3614 5004 3904 5070 repetitur,

2325 5073 2517 5129 neutro
2542 5080 2593 5129 in
2621 5076 2738 5130 loco
2768 5076 2983 5143 legitur.
3017 5073 3201 5141 Neque
3227 5073 3389 5125 etiam
3418 5073 3578 5143 iidem
3604 5085 3911 5140 agtioscnnt

2321 5146 2552 5218 ἡμέραις
2589 5157 2709 5216 post
2740 5140 2938 5216 ἄωρος,
2967 5140 3142 5215 neque
3171 5143 3299 5196 illud
3336 5142 3437 5195 ὅσα
3464 5140 3574 5211 ἐγὼ
3610 5142 3802 5208 κτίζω.

2394 5238 2469 5306 (5)
2498 5236 2823 5306 Mirm-rat.
2853 5236 3031 5289 Monet
3062 5236 3312 5289 eruditus
3342 5233 3706 5287 Londinensis
3733 5234 3909 5288 editor

2323 5307 2608 5375 legendum
2664 5325 2787 5363 esse
2851 5307 3118 5376 φάγονται
3173 5306 3244 5357 τὰ
3295 5306 3633 5375 γεννήματα,
3672 5316 3728 5358 et
3787 5322 3907 5360 mox

2320 5395 2553 5431 πιονται.

2393 5452 2471 5515 (41
2514 5448 2989 5517 Οἰκοδομήσωσι.
3022 5449 3204 5503 Codex
3256 5447 3440 5517 regius
3489 5447 3557 5500 ad
3605 5446 3906 5517 marginem

2319 5520 2751 5589 οἰκοδομήσουσι,
2767 5530 2819 5572 ct
2848 5536 2971 5571 mox
3002 5520 3350 5588 φντεύσουσι.

2393 5592 2469 5671 (5)
2509 5590 2988 5671 ζιλεονάσωυᾳιν.
3033 5591 3290 5671 Mentlosﬂe
3337 5589 3466 5671 1111111
3533 5590 3909 5671 νει-’ριιιηηρτο

2320 5659 2723 5713 παλαιώσουσιν
2773 5662 3006 5731 positum
3058 5678 3181 5716 esse
3238 5660 3475 5715 Gt‘ubius
3517 5670 3573 5712 et
3628 5659 3906 5717 'l'hirlbius

2320 5732 2640 5785 observant.

2335 5802 2787 5926 λιὸὓλιςίἡγονα.
2824 5800 3237 5872 1111111115ἕκγονα
3268 5812 3324 5856 111
3354 5802 3405 5856 in
3439 5799 3628 5855 Bibliis
3666 5799 3821 5856 Rom.
3856 5812 3909 5855 ct

2430 5912 2440 5925 .
2517 5888 2783 5926 nmmos.

2320 5888 2440 5926 .‘UU.
2485 5888 2783 5929 llllliLB!US.
