4108 6446
684 414 790 471 675

1659 417 1714 472 S.
1751 415 2015 473 JUSTlNl
2054 414 2464 472 PHILOSOPHI
2491 415 2580 470 ET
2619 415 2976 473 MARTYRIS

3841 424 3942 480 676

687 545 791 582 uon
829 529 1065 595 habere,
1111 539 1171 586 ut
1201 533 1277 588 illi
1319 546 1706 603 exposuerunt,
1745 536 1876 592 sed:
1921 553 1940 587 ι
1972 535 2112 591 Ecce
2134 537 2245 590 ado

2366 537 2591 605 γμάτων
2625 535 2733 606 (21)
2759 536 3188 607 σημαινομένων,
3240 538 3287 590 si
3334 538 3468 608 γυνὴ
3513 539 3619 592 ἀπὸ
3654 543 3941 608 συνουσίας

683 619 979 675 lescentula
1026 623 1079 677 in
1117 634 1272 679 utero
1313 626 1554 680 habebit.
1588 646 1606 678 ι
1646 626 1816 692 Quasi
1853 642 1983 682 vero
2019 643 2106 682 res
2145 644 2260 680 ma-

685 728 805 782 gna:
838 715 1314 786 signiﬁcarentur,
1369 720 1410 772 si
1455 719 1650 774 mulier
1681 736 1746 774 ex
1796 721 2087 775 concubitu
2114 721 2260 789 pari-

687 819 810 864 tura
838 819 1021 876 esset;
1065 811 1210 879 quod
1239 810 1488 879 juniores
1521 828 1713 867 omnes
1743 813 2000 868 mulieres
2029 813 2256 874 faciunt,

683 903 937 970 exceptis
961 903 1240 956 sterilibus
1256 918 1282 968 ς’
1305 919 1613 972 quanquam
1639 914 1699 958 ut
1723 905 1839 959 ista:
1857 907 2020 960 etiam
2041 907 2259 975 pariant

682 1001 863 1060 potest
897 992 1042 1047 Deus
1072 993 1308 1058 eﬂicere,
1349 995 1394 1048 si
1428 995 1579 1049 Velit.
1604 995 1874 1051 Samuelis
1907 998 2050 1052 enim
2085 1008 2261 1051 mater

685 1097 809 1137 cum
845 1100 951 1138 non
982 1095 1220 1153 pareret,
1255 1086 1350 1140 Dei
1380 1087 1661 1142 voluntate
1700 1090 1942 1157 peperit:
1977 1089 2055 1143 sic
2089 1090 2253 1144 etiam

684 1182 824 1223 uxor
859 1176 1131 1243 Abrahae,
1174 1177 1349 1232 sancti
1385 1177 1533 1230 illius
1573 1180 1942 1248 patriarchae,
1992 1189 2048 1234 et
2082 1180 2257 1234 Elisa-

679 1265 797 1336 bet,
861 1280 982 1335 qua:
1021 1264 1288 1323 Joannem
1327 1263 1636 1340 Baptisiam
1669 1269 1880 1339 genuit,
1921 1279 1973 1325 et
2003 1273 2252 1340 quaedam

679 1355 804 1410 alia
838 1357 1116 1418 similiter.
1146 1358 1495 1430 Quapropter
1547 1361 1681 1416 nihil
1719 1363 1945 1416 omnino
1989 1365 2253 1432 suspicari

679 1447 910 1514 debetis,
944 1451 1088 1520 quod
1120 1467 1226 1506 non
1263 1454 1436 1521 possit
1463 1453 1606 1509 Deus
1647 1455 1851 1518 facere,
1893 1455 1938 1508 si
1983 1455 2132 1509 velit.
2169 1455 2255 1509 ln-

677 1544 876 1613 primis
909 1561 1040 1601 vero
1085 1561 1210 1601 cum
1246 1548 1563 1615 praedictum
1601 1550 1672 1603 sit
1703 1550 1774 1602 ita
1802 1559 2147 1614 eventurum,
2187 1565 2255 1604 ne

677 1635 994 1705 pr0pbetias
1023 1637 1336 1692 adulterare
1363 1648 1458 1692 aut
1493 1653 1654 1707 prava
1682 1637 2134 1706 interpretatione
2159 1638 2255 1692 de-

678 1735 936 1797 torquere
964 1729 1254 1795 audeatis;
1298 1730 1342 1784 si
1379 1729 1597 1798 quidem
1628 1729 1784 1783 vobis
1829 1729 2081 1799 iniuriam
2123 1729 2251 1784 solis

677 1819 912 1885 facietis,
951 1820 1120 1875 Deum
1144 1829 1329 1874 autem
1360 1820 1495 1874 nihil
1527 1820 1733 1874 laedetis

748 1954 840 2011 85.
879 1953 1074 2009 Probat
1121 1953 1393 2010 Christum
1423 1969 1532 2007 esse
1569 1952 1856 2007 Dominum
1909 1953 2157 2006 virtutum
2186 1967 2249 2004 ea:

675 2046 893 2101 Psalmo
929 2062 1004 2114 Iv,
1027 2055 1074 2100 et
1099 2037 1300 2116 ex'ejna
1337 2045 1558 2114 imperio
1585 2045 1638 2097 in
1665 2045 1953 2098 dwmonee.
1976 2073 2048 2084 -—
2071 2044 2249 2112 Atque

674 2141 780 2195 hoc
821 2140 986 2194 etiam
1019 2137 1374 2191 vaticinium:
1425 2153 1444 2186 ι
1490 2132 1689 2189 Tollite
1719 2143 1928 2202 portas,
1955 2133 2248 2203 principes,

671 2222 909 2296 vestras,
943 2241 996 2284 et
1027 2229 1320 2284 elevamini
1350 2239 1522 2298 porta:
1553 2224 1856 2289 :eternales,
1889 2234 1948 2276 ut
1976 2222 2250 2293 ingredia-

677 2336 764 2378 tur
799 2322 913 2376 θοι
954 2321 1148 2392 gloria:
1177 2319 1244 2382 ³⁸,
1272 2338 1293 2372 ι
1333 2317 1556 2387 quidam
1591 2333 1658 2370 ex
1689 2315 1844 2370 vobis
1867 2317 1932 2368 ad
1957 2314 2246 2368 Ezechiam

673 2413 1088 2482 interpretando
1123 2412 1454 2478 detorquere
1491 2408 1724 2469 audent;
1763 2407 1852 2460 alii
1894 2405 1960 2459 ad
1997 2404 2244 2459 Salomo-

671 2521 826 2568 netu;
865 2518 986 2557 cum
1037 2517 1140 2557 nec
1164 2502 1220 2556 in
1258 2501 1406 2555 hunc
1439 2515 1538 2554 nec
1567 2501 1618 2552 in
1657 2498 1831 2564 illum,
1867 2513 1965 2552 nec
2001 2499 2053 2552 in
2081 2497 2245 2552 ullum

670 2597 892 2653 omnino
929 2595 1098 2649 alium
1138 2610 1207 2652 ex
1253 2592 1456 2648 vestris
1492 2593 1709 2661 regibus
1737 2591 1943 2646 dictum
1987 2605 2114 2644 esse
2148 2592 2245 2644 de-

673 2687 970 2742 monstrari
1027 2686 1254 2760 possit,
1312 2684 1406 2740 sed
1450 2695 1656 2739 tantum
1703 2683 1756 2736 in
1814 2691 2060 2736 nostrum
2100 2682 2245 2736 hunc

670 2778 989 2838 Christum,
1032 2777 1126 2847 qui
1164 2775 1415 2831 informis
1463 2784 1518 2829 ct
1553 2774 1820 2845 inglorius
1851 2773 2130 2843 apparuit,
2185 2782 2247 2826 ut

670 2870 842 2926 Isaias
857 2867 1088 2924 etDavid
1103 2865 1473 2936 etScripturm
1501 2881 1690 2920 omnes
1709 2875 2010 2930 testantur;
2038 2865 2129 2934 qui
2151 2865 2246 2920 Do-

667 2962 853 3019 minus
868 2961 1228 3017 estvirtutum
1253 2972 1351 3028 per
1371 2957 1704 3012 voluntatem
1722 2955 1900 3010 Patris
1926 2957 2026 3012 hoc
2043 2959 2091 3012 ei
2111 2956 2249 3011 dan-

669 3055 775 3122 tis;
810 3054 987 3124 quiex
1015 3049 1251 3106 mortuis
1277 3049 1444 3103 etiam
1473 3049 1776 3103 resurrexit
1802 3049 1962 3120 182
1976 3057 2244 3105 ειεκεη..

669 3146 749 3200 dit
778 3145 831 3198 in
866 3143 1090 3204 caelum,
1113 3140 1570 3210 quemadmodum
1596 3148 1652 3194 et
1685 3140 1927 3209 psalmus
1948 3152 2004 3196 et
2030 3151 2243 3196 caterze

2362 628 2565 680 τίκτειν
2612 627 2868 696 ἔμελλεν·
2910 629 3046 696 ὅπερ
3087 629 3257 680 πᾶσαι
3298 630 3354 681 αἱ
3406 629 3644 692 νεάνιδες
3686 636 3941 698 γυναῖκες

2363 716 2575 769 ποιούσι
2607 718 2743 787 πλὴν
2767 716 2874 768 τῶν
2912 716 3144 788 στειρῶν
3169 734 3181 745 ·
3209 716 3273 780 ἃς
3310 719 3404 770 καὶ
3438 719 3604 783 αὑτὰς
3656 720 3939 791 βουληθεὶς

2359 811 2387 861 ό
2419 809 2550 871 Θεὸς
2585 811 2780 880 γεννᾷν
2815 807 3036 876 ποιῆσαι
3081 808 3320 873 δυνατός.
3377 809 3439 861 Ἡ
3487 812 3664 882 μήτηρ
3705 812 3812 884 γάρ
3848 813 3938 865 τοῦ

2360 899 2612 970 Σαμουὴλ
2645 901 2718 969 μὴ
2753 900 3033 961 τίκτουσα,
3059 899 3146 953 διὰ
3182 899 3374 970 βουλήν
3418 900 3555 954 Θεοῦ
3588 903 3772 956 τέτοκε
3793 919 3808 932 ⁸
3845 905 3941 956 καὶ

2357 994 2390 1061 ή
2425 990 2561 1062 γυνή
2587 990 2679 1042 τοῦ
2709 991 2862 1058 ἁγίου
2898 990 3232 1062 πατριάρχου
3283 991 3552 1062 Ἀϐραάμ,
3585 995 3679 1046 καὶ
3729 992 3941 1046 Ἑλισά-

2359 1083 2504 1151 ϐετή
2541 1082 2633 1134 τὸν
2681 1082 2983 1152 βαπτιστήν
3035 1081 3287 1152 Ἰωάννην
3323 1081 3557 1136 τεκοῦσα
3581 1123 3595 1147 ,
3639 1085 3734 1138 καὶ
3775 1084 3942 1139 ἄλλαι

2357 1173 2500 1236 τινὲς
2522 1172 2742 1242 ὁμοίως.
2771 1174 2934 1226 ’Ὥστε
2969 1174 3067 1227 οὑκ
3111 1173 3372 1227 ἀδύνατον
3423 1173 3823 1244 ὑπολαμϐάνειν
3855 1177 3939 1230 δεῐ

2358 1261 2502 1332 ὑμᾶς
2519 1261 2695 1315 πάντα
2725 1261 2985 1316 δύνασθαι
3009 1261 3099 1315 τὸν
3119 1262 3251 1316 Θεὸν
3271 1263 3372 1315 ὅσα
3388 1262 3657 1333 βούλεται.
3685 1267 3795 1318 Καὶ
3830 1267 3938 1336 μά-

2355 1352 2512 1407 λιστα
2563 1353 2751 1423 ἐπειδὴ
2797 1355 3240 1424 ὲπεπροφήτευτο
3288 1353 3501 1424 μέλλειν
3547 1356 3821 1424 γίνεσθαι,
3861 1358 3938 1429 μὴ

2357 1444 2802 1515 παραγράφεινῆ
2839 1445 3265 1516 παρεξηγεῖσθαι
3307 1445 3541 1515 τολμᾶτε
3578 1448 3676 1513 τὰς
3723 1465 3941 1521 προφη-

2354 1534 2502 1597 τείας
2523 1549 2537 1563 ·
2573 1536 2697 1587 ἐπεὶ
2746 1536 2969 1598 ἑαυτοὺς
3019 1535 3212 1604 μόνους
3247 1535 3554 1606 ἀδικήσετε,
3596 1537 3686 1591 τὸν
3717 1538 3775 1592 δὲ
3800 1540 3939 1594 Θεὸν

2353 1625 2411 1676 οὑ
2449 1623 2698 1693 βλάψετε.

2281 1889 2322 1942 Β
2421 1852 2641 1920 85.Καὶ
2656 1865 2765 1934 γὰρ
2781 1864 2876 1933 τὴν
2895 1867 3232 1936 προφητείαν
3261 1867 3356 1937 τὴν
3373 1867 3654 1934 λέγουσαν,
3681 1887 3697 1919 ι
3729 1870 3936 1940 Ἀρατε

2353 1955 2547 2020 πύλας,
2569 1958 2616 2008 οἱ
2651 1957 2933 2027 ἄρχοντες,
2953 1956 3128 2027 ὑμῶν,
3155 1961 3248 2012 καὶ
3283 1960 3580 2031 ὲπάρθητε,
3613 1961 3775 2013 πύλαι
3803 1959 3936 2013 αἰώ-

2351 2065 2469 2111 νιοι,
2497 2047 2583 2100 ἴνα
2624 2049 2837 2119 εἰσέλθῃ
2860 2051 2887 2101 ὁ
2921 2049 3178 2113 Βασιλεὺς
3195 2051 3290 2120 τῆς
3319 2052 3506 2121 δόξης,
3548 2071 3564 2102 ι
3620 2052 3818 2122 ὁμοίως
3854 2055 3934 2114 είς

2349 2138 2439 2190 τὸν
2471 2139 2715 2202 Ἐζεκίαν
2735 2139 2975 2210 τολμῶσί
3004 2157 3143 2203 τινες
3171 2140 3230 2203 ἐξ
3263 2141 3418 2211 ὑμῶν
3450 2141 3758 2212 ἐξηγεῖσθαι
3790 2143 3939 2213 είρῆ-

2350 2229 2492 2293 σθαι,
2526 2230 2675 2284 ἄλλοι
2713 2231 2768 2283 δὲ
2804 2235 2882 2294 εἰς
2928 2232 3242 2302 Σολομῶνα’
3276 2231 3399 2285 οὑδὲ
3439 2234 3517 2297 είς
3557 2233 3777 2295 τοῦτον,
3810 2233 3934 2287 οὐδὲ

2348 2322 2426 2384 είς
2453 2323 2689 2384 ἐκεῖνον,
2723 2322 2847 2375 οὕτε
2897 2325 2973 2386 είς
3007 2323 3162 2376 ἄλλον
3209 2323 3393 2388 ἁπλῶς
3437 2324 3732 2396 λεγόμενον
3773 2324 3932 2395 ὑμῶν

2350 2409 2576 2478 βασιλέα
2605 2411 2827 2465 δυνατὸν
2857 2413 3236 2482 ἀποδειχθῆναι
3265 2415 3534 2485 εἰρῆσθαι,
3575 2418 3655 2479 εἰς
3686 2416 3740 2468 δὲ
3770 2417 3934 2486 μόνον

2347 2501 2534 2554 τοῦτον
2560 2501 2651 2555 τὸν
2679 2503 2942 2574 ήμέτερον
2975 2505 3207 2577 Χριστὸν
3229 2545 3244 2569 ,
3286 2509 3374 2559 τὸν
3409 2506 3560 2576 ἀειδῆ
3613 2510 3706 2560 καὶ
3736 2509 3932 2579 ἄτιμον

2349 2592 2613 2660 φανέντα,
2637 2592 2712 2656 ὡς
2763 2593 2988 2658 Ἡσαΐας
3033 2595 3168 2666 ἔφη,
3198 2597 3290 2649 καὶ
3311 2597 3494 2661 Δαὸὶδ,
3531 2601 3624 2651 καὶ
3667 2601 3838 2653 πᾶσαι
3871 2602 3928 2653 αἱ

2347 2682 2561 2754 Γραφαί
2580 2699 2593 2713 °
2619 2684 2678 2748 ὅς
2700 2685 2815 2736 ἐστι
2846 2684 3051 2755 Κύριος
3072 2685 3180 2738 τῶν
3212 2687 3496 2757 δυνάμεων
3517 2687 3604 2740 διὰ
3627 2687 3687 2741 τὸ
3717 2688 3930 2758 θέλημα

2346 2771 2438 2825 τοῦ
2471 2773 2654 2838 δόντος
2695 2773 2842 2844 αὑτῶ
2873 2775 3085 2846 Πατρός
3107 2792 3120 2806 °
3156 2775 3214 2841 ὃς
3248 2779 3339 2830 καὶ
3375 2778 3572 2848 ἀνέστη
3603 2780 3668 2831 ὲκ
3697 2777 3928 2850 νεκρῶν,

2347 2864 2440 2916 xal.
2471 2863 2698 2934 ἀνῆλθεν
2725 2867 2804 2929 είς
2819 2865 2908 2919 τὸν
2927 2868 3175 2938 οὐρανὸν,
3214 2869 3287 2933 ὼς
3319 2871 3414 2922 καὶ
3448 2870 3476 2920 ὁ
3497 2869 3708 2939 ψαλμὸς
3742 2872 3837 2924 καὶ
3872 2873 3932 2925 αἱ

2344 2953 2501 3008 ἄλλαι
2532 2955 2747 3026 Γραφαὶ
2782 2957 3024 3027 ἐδήλουν,
3053 2961 3149 3014 καὶ
3189 2959 3391 3029 Κύριον
3429 2961 3590 3014 αὑτὸν
3623 2960 3730 3014 τῶν
3771 2961 3934 3018 δυνά·

2349 3061 2494 3115 μεων
2515 3046 2900 3117 κατήγγελλον,
2923 3049 2997 3114 ὡς
3019 3052 3113 3104 κα)⁸
3142 3049 3233 3105 νῦν
3257 3054 3322 3104 ὲκ
3353 3049 3461 3104 τῶν
3499 3051 3590 3105 ὑπ’
3624 3051 3746 3120 ὄψιν
3784 3069 3935 3120 γινο-

2350 3137 2525 3208 μένων
2548 3141 2678 3209 ρᾷον
2706 3140 2850 3210 ὑμᾶς
2883 3143 3190 3212 πεισθῆναι,
3224 3143 3320 3196 ἐὰν
3362 3143 3569 3215 θέλητε.
3619 3144 3778 3198 Κατὰ
3813 3144 3933 3216 γὰρ

670 3235 975 3304 Scriptura:
1010 3231 1498 3294 demonstrabant,
1536 3245 1772 3302 eumque
1801 3233 2086 3288 Dominum
2124 3235 2239 3288 vir-

2347 3229 2434 3282 τοῦ
2467 3229 2729 3300 ὀνόματος
2762 3233 2872 3302 (22)
2918 3233 3079 3286 αὑτοῦ
3104 3233 3293 3287 τούτου
3329 3233 3420 3287 τοῦ
3465 3235 3594 3288 Υἱοῦ
3638 3235 3728 3289 τοῦ
3767 3236 3928 3300 Θεοῦ,

668 3336 846 3382 tutum
885 3324 1297 3395 praedicabant:
1344 3322 1398 3378 id
1431 3323 1579 3393 quod
1609 3325 1764 3378 vobis
1786 3310 1952 3379 etiam
1989 3341 2135 3381 nunc
2162 3325 2244 3380 fa-

665 3417 772 3476 cile
808 3426 892 3474 est
915 3431 984 3472 ex
1017 3417 1103 3472 bis
1133 3410 1255 3486 quae
1288 3415 1340 3468 in
1367 3413 1612 3468 omnium
1639 3415 1818 3470 oculis
1839 3425 2102 3488 geruntur
2125 3432 2244 3487 per-

663 3511 896 3580 spicere,
919 3511 967 3566 si
995 3508 1198 3565 velitis.
1232 3505 1368 3561 Nam
1395 3521 1494 3575 per
1524 3521 1721 3563 nomen
1753 3508 1924 3577 ipsius
1946 3509 2092 3564 illius
2113 3508 2238 3564 Filii

667 3603 764 3660 Dei
797 3612 856 3659 et
890 3601 1070 3658 omnis
1100 3609 1371 3656 creaturae
1392 3597 1777 3671 Primogeniti,
1806 3601 1897 3670 qui
1923 3616 1988 3656 ex
2015 3601 2238 3673 Virgine

665 3700 828 3750 natus
860 3701 1040 3757 est,et
1073 3691 1237 3746 homo
1269 3689 1716 3761 perpessionibus
1741 3692 2007 3747 obnoxius
2041 3691 2237 3758 factus,

664 3797 724 3844 et
755 3788 856 3843 sub
888 3787 1084 3844 Pontio
1120 3784 1298 3840 Pilato
1335 3800 1364 3840 a
1399 3785 1603 3855 populo
1638 3796 1819 3843 vestro
1855 3788 2152 3844 crucifixus
2185 3799 2241 3845 et

666 3887 918 3938 mortuus
952 3885 1060 3941 est,
1093 3890 1157 3930 ac
1191 3876 1498 3930 resurrexit
1529 3891 1596 3930 ex
1631 3878 1863 3933 mortuis
1897 3889 1953 3934 et
1988 3882 2240 3935 ascendit

663 3966 721 4023 in
755 3966 980 4031 ctelum,
1004 3965 1332 4021 damouium
1361 3966 1642 4035 quodlibet
1665 3967 1971 4036 adjuratum
2004 3971 2243 4026 vincitur

662 4070 719 4114 et
755 4056 1067 4127 subjicitur.
1110 4057 1168 4112 Si
1199 4072 1331 4112 vero
1366 4073 1467 4128 per
1497 4074 1692 4114 nomen
1719 4061 2000 4129 quodlibet
2031 4076 2241 4126 eorum,

664 4152 759 4221 qui
789 4150 930 4220 apud
953 4165 1052 4205 vos
1081 4149 1324 4212 fuerunt,
1356 4161 1452 4204 aut
1478 4167 1688 4221 regum,
1715 4161 1808 4205 aut
1828 4151 2122 4220 justorum,
2149 4163 2244 4207 aut

662 4245 1081 4314 prophetarum,
1101 4252 1197 4297 aut
1217 4243 1658 4313 patriarcharum
1679 4259 1706 4297 a
1730 4245 1883 4299 vobis
1897 4245 2239 4314 adjurentur,

670 4336 884 4392 nullum
919 4335 1249 4405 subjicleiur
1280 4336 1638 4390 daemonium.
1674 4335 1732 4392 Si
1767 4337 1894 4406 quis
1947 4346 2125 4392 tamen
2155 4352 2241 4393 ve-

673 4436 851 4482 strum
885 4440 985 4496 per
1007 4425 1180 4480 Deum
1213 4423 1451 4480 Abrahae
1491 4435 1549 4481 et
1588 4425 1759 4481 Deum
1803 4428 1954 4483 Isaae
1978 4439 2035 4483 et
2068 4427 2236 4483 Deum

660 4516 854 4585 Iacob,
873 4516 1112 4587 adiuret,
1124 4512 1374 4574 fortasse
1390 4516 1855 4588 subjicieturJam
1869 4533 2003 4576 vero
2021 4520 2237 4575 exorci-

754 4673 798 4704 ³¹
834 4669 982 4726 Psal.
1019 4666 1181 4734 xxiii,
1211 4667 1268 4726 7.

2343 3323 2437 3376 καὶ
2477 3323 2818 3394 πρωτοτόκου
2866 3326 3046 3395 πάσης
3097 3325 3356 3390 κτίσεως,
3384 3327 3478 3379 ml.
3513 3327 3601 3381 διά
3649 3327 3930 3398 Παρθένου

2339 3410 2687 3480 γεννηθέντος
2720 3414 2814 3465 καὶ
2842 3413 3084 3484 παθητοῦ
3118 3414 3411 3485 γενομένου
3456 3414 3745 3486 ἀνθρώπου
3765 3456 3780 3480 ,
3827 3417 3931 3470 καὶ

2340 3501 2748 3571 σταυρωθέντος
2777 3505 2870 3556 ἐπὶ
2895 3505 3120 3558 Ποντίου
3137 3506 3366 3559 Πιλάτου
3384 3505 3486 3558 ὑπὸ
3515 3505 3607 3558 τοῦ
3629 3505 3755 3560 λαοῦ
3771 3507 3932 3578 ὑμῶν

2338 3595 2433 3646 καὶ
2465 3593 2864 3659 ἀποθανόντος,
2901 3598 2995 3649 καὶ
3048 3597 3381 3662 ἀναστάντος
3432 3600 3497 3650 ὲκ
3537 3598 3780 3670 νεκρῶν,
3827 3600 3930 3652 καὶ

2340 3685 2639 3750 ἀναϐάντος
2671 3689 2751 3751 εἰς
2785 3687 2875 3740 τὸν
2899 3688 3150 3757 οὐρανὸν,
3187 3691 3294 3742 πᾶν
3315 3687 3592 3760 δαιμόνιον
3651 3688 3931 3760 ὲξορκιζό-

2343 3794 2500 3846 μενον
2523 3779 2741 3831 νικᾶται
2765 3780 2860 3832 καὶ
2893 3780 3280 3835 ὑποτάσσεται.
3323 3782 3448 3835 Ἐὰν
3469 3780 3526 3834 δὲ
3557 3780 3699 3834 κατά
3722 3781 3927 3845 παντὸς

2341 3867 2605 3939 ὀνόματος
2639 3869 2748 3941 (25)
2783 3870 2891 3924 τῶν
2931 3871 3063 3942 παρ’
3109 3872 3237 3944 ὑμῖν
3269 3873 3646 3945 γεγενημένων
3679 3873 3714 3944 ἢ
3765 3872 3927 3942 βασι-

2343 3959 2549 4032 λέων,ῆ
2583 3961 2823 4028 δικαίων,
2849 3964 2881 4034 ἢ
2907 3965 3218 4036 προφητῶν,
3256 3966 3288 4038 ἢ
3324 3964 3676 4037 πατριαρχῶν
3708 3965 3928 4036 ὲξορκίυ

2343 4050 2474 4122 ζητε
2508 4053 2687 4124 ὑμεῖς,
2709 4055 2808 4124 οὐχ
2833 4056 3234 4125 ὑποταγήσεται
3275 4055 3432 4109 οὐδὲν
3474 4053 3582 4110 τῶν
3613 4052 3925 4125 δαιμονίων.

2353 4142 2492 4195 Ἀλλ’
2537 4145 2587 4197 εἰ
2636 4145 2742 4216 ἄρα
2794 4144 3064 4215 ὲξορκίζοι
3119 4163 3201 4210 τις
3255 4143 3408 4216 ὑμῶν
3457 4143 3599 4198 κατά
3641 4143 3732 4198 τοῦ
3785 4143 3925 4199 Θεοῦ

2353 4236 2603 4307 Ἀϐραάμ
2625 4235 2735 4307 (24)
2757 4277 2770 4302 ,
2805 4238 2900 4291 καὶ
2929 4235 3064 4289 Θεοῦ
3119 4236 3304 4290 Ἰσαὰκ
3325 4276 3340 4302 ,
3371 4237 3464 4291 καὶ
3509 4235 3642 4289 Θεοῦ
3702 4233 3922 4302 Ἰακὼϐ,

2340 4326 2472 4392 ἴσως
2513 4328 2931 4400 ὑποταγήσεται.
2997 4327 3134 4399 Ἤδη
3178 4326 3359 4398 μέντοι
3389 4327 3439 4378 0i
3470 4324 3530 4391 ἐξ
3573 4324 3727 4397 ὑμῶν
3757 4327 3925 4398 ἔπορ-

2340 4421 2608 4491 κισταὶτῇ
2641 4421 2825 4490 τέχνῃ,
2849 4417 3039 4491 ὥσπερ
3067 4420 3160 4472 καὶ
3189 4419 3254 4472 τὰ
3285 4417 3433 4493 ἔθνη,
3456 4417 3728 4490 χρώμενοι
3761 4415 3926 4490 ἔξορσ

2341 4513 2550 4580 κίζουσι
2576 4515 2673 4571 καὶ
2697 4514 3007 4585 θυμιάμασι
3046 4513 3140 4568 καὶ
3181 4511 3546 4583 καταδέσμοις
3594 4509 3704 4581 (25)
3745 4509 3926 4588 χρῶν-

733 4826 960 4895 (ειγος
977 4823 1256 4894 μεγάλων
1285 4823 1671 4894 πραγμάτων,
1711 4834 1818 4878 etc.
1855 4821 2118 4895 lrenzeus_
2142 4816 2236 4895 lib.

2347 4819 2647 4895 politapum
2675 4820 2785 4895 col.
2815 4821 2943 4895 724,
2969 4831 3103 4876 tom.
3137 4821 3154 4875 l
3179 4793 3419 4895 ductarii
3443 4818 3590 4895 _Novi
3622 4817 3919 4895 Bibl._l_’P.

677 4891 766 4960 tu,
814 4891 948 4964 cap;
975 4891 1076 4950 97%
1112 4914 1130 4946 ι
1161 4895 1299 4959 Quid
1328 4891 1479 4949 enim
1533 4909 1791 4964 magnum
1843 4902 1940 4945 aut
1979 4891 2122 4964 quod
2154 4893 2231 4945 si-

663 4983 830 5032 gnum
863 4962 1018 5020 fieret
1041 5005 1059 5030 ,
1104 4966 1159 5018 in
1199 4980 1265 5018 eo
1291 4965 1434 5034 quod
1467 4962 1874 5018 adulescentula
1908 4962 2227 5030 concipiens

663 5053 728 5090 ex
760 5038 880 5091 viro
907 5037 1236 5106 peperisset,
1259 5035 1407 5106 quod
1457 5034 1641 5088 evenit
1688 5034 1943 5089 omnibus
1981 5046 2102 5101 qua:
2137 5045 2237 5101 pa—

664 5107 820 5161 riunt
853 5105 1194 5159 mulieribus.
1234 5124 1252 5156 »
1287 5105 1598 5159 Tmnunus.

736 5175 850 5246 (22)
877 5175 1037 5231 Κατὰ
1067 5176 1177 5245 γάρ
1202 5174 1307 5228 τοῦ
1342 5176 1629 5243 ὀνόματος
1648 5211 1665 5226 .
1688 5215 1700 5227 .
1721 5212 1734 5224 .
1762 5213 1776 5226 .
1799 5171 2234 5246 ὑποτάσσεται.

663 5243 856 5301 Brevis
893 5249 1010 5300 inec
1054 5243 1258 5300 Christi
1313 5246 1544 5298 historia
1600 5260 1706 5297 non
1761 5243 1978 5295 videtur
2032 5253 2239 5296 temere

665 5317 849 5370 addita
889 5331 1048 5379 esse;
1090 5318 1459 5384 respiciuntur
1482 5316 1709 5384 fortasse
1731 5313 1965 5384 antiqua:
1987 5312 2239 5384 formula:

665 5386 1038 5442 exorcizandi.
1091 5381 1356 5452 Origenes
1391 5402 1438 5438 c.
1466 5383 1601 5436 Cela.
1639 5399 1683 5447 μι,
1713 5400 1763 5438 c.
1797 5382 1829 5436 6
1865 5383 2021 5452 (Opp.
2057 5381 2150 5452 ed._
2173 5384 2239 5434 de

667 5457 715 5510 la
744 5455 864 5510 Rue
883 5467 1012 5510 tom.
1028 5454 1084 5524 ι)
1112 5470 1167 5523 p.
1180 5449 1331 5526 A3257:
1356 5453 1430 5508 Ού
1449 5454 1557 5526 γὰρ
1575 5449 2018 5526 κατακηλήσεσιν-
2037 5449 2240 5521 ἰσχύειν

663 5525 930 5588 δοκοῦσιν,
965 5520 1102 5579 άλλά
1121 5520 1209 5595 τῷ
1240 5520 1679 5595 ὀνόματιἈἸησοῦ
1876 5520 1975 5591 τῆς
1996 5520 2242 5589 ἀπαγγε-

663 5596 784 5659 λίας
803 5595 913 5650 τῶν
951 5596 1078 5666 περὶ
1102 5593 1564 5666 αὐτὸνλίστοριῶν.
1600 5595 1776 5650 οττο;

741 5667 850 5736 (25)
897 5660 1059 5719 Κατᾶ
1106 5664 1356 5736 παντὸς
1378 5660 1686 5733 όᾷλόματος,
1723 5673 1828 5736 etc.
1887 5663 1942 5736 ’_O
1987 5660 2238 5736 Σολομῶν

664 5732 765 5788 οὑκ
786 5732 1141 5789 ἐδεσπότευσε
1183 5735 1291 5787 τῶν
1341 5734 1606 5805 δαιμόνων
1632 5751 1646 5798 ;
1691 5734 1810 5805 οὑχ).
1835 5734 2038 5795 πάντας
2056 5733 2143 5805 ύφξ
2180 5732 2240 5784 ἓν

667 5807 740 5868 ὡς
772 5806 868 5859 ἕνα
896 5805 1273 5868 συνέκλεισεν;
1304 5802 1612 5875 οὐχὶμέχρι
1649 5802 2014 5874 τούσήμερον
2054 5802 2242 5855 τοῦτον

666 5876 994 5942 διδοίκασιν;
1020 5876 1143 5931 llaec
1168 5875 1336 5931 ἐυαωὶ
1367 5879 1508 5945 apud
1542 5876 1824 5931 Leontiqu
1856 5875 2243 5930 Constantino-

2346 4887 2480 4944 Vide
2511 4889 2711 4961 Joseph
2751 4893 2931 4959 Antiq.
2968 4907 3068 4955 vn,
3107 4908 3161 4961 p.
3188 4891 3316 4958 257,
3352 4902 3407 4945 et
3432 4888 3710 4960 Gregentii
3758 4887 3914 4958 Disp.

2340 4961 2434 5017 fol.
2465 4960 2559 5016 27.
2614 4960 2924 5016 TntanI'us.
2973 4992 2975 4994 -

2413 5032 2524 5100 (Ἡ)
2551 5031 2713 5085 Κατὰ
2745 5031 2851 5084 τοῦ
2885 5030 3032 5084 Θεοῦ
3069 5030 3336 5100 Ἀϐραάμ.
3365 5030 3508 5100 Idem
3538 5029 3738 5100 docent
3762 5028 3914 5082 citati

2344 5095 2658 5155 ab'erudito
2689 5101 2939 5154 Thirlbio
2966 5095 3201 5154 lrenzetis
3233 5095 3364 5164 Ιξιιι,
3396 5116 3446 5155 c.
3478 5098 3535 5162 ϐ,
3557 5107 3614 5153 et
3646 5095 3917 5162 Origenes

2345 5189 2374 5224 v
2408 5174 2526 5224 ade.
2558 5169 2724 5230 Cels.,
2753 5187 2804 5239 p.
2841 5173 2930 5233 Π,
2960 5180 3012 5224 et
3042 5171 3077 5222 Ι.
3110 5186 3186 5233 Iv,
3213 5187 3265 5236 p.
3294 5171 3417 5228 184.
3446 5169 3596 5235 Quin
3625 5169 3794 5239 etiam
3827 5173 3912 5239 ως

2350 5249 2530 5294 statur
2554 5235 2821 5309 Origenes
2847 5242 3017 5294 Deum
3071 5235 3325 5302 Abrahae,
3373 5241 3532 5309 Isaac?
3549 5249 3604 5292 et
3643 5235 3916 5309 Jacobs!)

2347 5311 2480 5380 ipsis
2521 5306 2688 5364 etiam
2722 5311 2960 5364 ethnicis
2994 5310 3047 5362 in
3084 5308 3547 5380 incantationibus
3591 5317 3647 5364 et
3683 5306 3916 5373 magicis

2344 5381 2757 5450 operationibus
2805 5380 3099 5450 nominari,
3137 5380 3292 5441 ibid..
3317 5379 3416 5450 lib.
3446 5393 3520 5433 tv.

2417 5450 2528 5518 (25)
2557 5450 2665 5504 Καὶ
2713 5449 3036 5519 θυμιάμασι
3070 5443 3167 5503 καὶ
3203 5448 3616 5519 καταδέσμοις.
3675 5443 3915 5519 Iericus

2345 5516 2700 5574 Casaubonus
2729 5516 2855 5574 Not.
2886 5516 2956 5574 ad
2987 5520 3059 5575 M.
3106 5516 3305 5573 Aulon.
3353 5519 3391 5573 Ι.
3423 5516 3473 5584 1,
3515 5531 3710 5572 sanum
3765 5516 3910 5569 hunc.

2346 5591 2545 5645 .lustini
2585 5601 2900 5644 contextum
2949 5590 3210 5658 depravat
3239 5628 3255 5654 ,
3287 5588 3518 5659 legendo
3545 5584 3911 5659 καταδέσμοις

2343 5659 2792 5749 ιρῷνεειηέπδθκ-
3075 5655 3912 5749 323'ei-§9_'Fi°°19:='9:-3§_:*§“2

2357 5725 2623 5784 liliirlbius
2642 5769 2657 5793 ,
2686 5731 2777 5798 qui
2809 5741 2984 5782 tamen
3018 5744 3047 5782 a
3075 5725 3395 5782 Casaubouo
3441 5741 3547 5782 non
3576 5725 3827 5798 discedit_
3852 5725 3911 5777 in

2347 5796 2769 5867 interpretandis
2812 5799 3192 5868 καταδέσμοις,
3228 5813 3363 5868 quos
3395 5806 3554 5868 putat
3607 5813 3624 5845 ι
3660 5796 3908 5868 carmina

2347 5865 2516 5925 fuisse
2540 5909 2556 5936 ,
2607 5871 2807 5938 quibus
2855 5865 3178 5925 dzemouiuni
3201 5908 3215 5934 ,
3247 5865 3571 5922 summentis
3605 5879 3672 5920 ex
3709 5865 3915 5919 damo-
