4108 6438
186 400 296 454 677

1229 395 1578 454 DIALJGUS
1611 395 1760 454 CUM
1796 392 2168 449 TRYPHONE
2201 392 2467 450 ιυῡίῑυ.

3364 394 3469 454 678

183 531 304 575 ται,
335 507 510 567 εἷπον.
538 513 660 567 Ὅτι
689 513 746 567 δὲ
769 514 864 568 καὶ
885 513 1107 583 ἄγγελοι
1136 514 1229 568 καὶ
1257 513 1516 584 δυνάμεις
1537 514 1678 566 εἰσὶν
1699 509 1756 565 οἱ

1886 522 2002 565 stas
2037 518 2253 565 vestros
2287 510 2401 565 dixi
2431 517 2550 564 arte
2599 510 2862 577 adhibita,
2897 511 3125 582 perinde
3147 520 3310 582 atque
3332 528 3469 582 gen-

181 604 442 674 ὀὶόγοςό
463 606 560 678 τῆς
583 605 923 678 προφητείας
955 605 1055 676 τῆς
1086 605 1174 659 διὰ
1207 605 1372 659 Δαϐὶδ
1413 607 1614 677 ἐπᾶραι
1665 603 1773 676 (26)

178 697 292 761 τὰς
328 696 520 761 πύλας,
548 698 636 751 ἴνα
673 697 890 769 εἰσέλθῃ
911 689 1066 761 οὗτος
1099 699 1128 750 ὁ
1170 700 1236 750 ὲκ
1271 697 1482 770 νεκρῶν
1533 698 1773 761 ἀναστὰς

180 787 395 860 Κύριος
433 788 542 841 τῶν
587 787 868 860 δυνάμεων
901 788 1041 842 κατὰ
1071 789 1131 842 τὸ
1170 787 1384 859 Θέλημα
1426 787 1520 841 τοῦ
1562 788 1774 860 Πατρὸς

195 877 407 952 Ἰησοῦς
429 880 685 954 Χριστὸς,
703 881 731 933 ὁ
752 881 910 948 λόγος
938 879 1031 932 τοῦ
1063 879 1230 933 Δαϐὶδ
1242 879 1443 950 ὁμοίως
1467 878 1766 943 ἀπέδειξεν·

175 968 250 1030 οὗ
280 975 380 1029 καὶ
407 973 567 1028 πάλιν
610 971 1092 1045 ἐπιμνησθήσομαι
1123 971 1212 1025 διὰ
1254 970 1474 1036 τούτους
1521 972 1645 1034 τοὺς
1695 971 1770 1043 μὴ

178 1069 281 1123 καὶ
304 1067 430 1139 χθὲς
459 1065 717 1130 συνόντας
746 1065 909 1136 ἡμῖν·
945 1063 1013 1117 δι’
1043 1062 1136 1128 οὓς
1173 1065 1268 1118 καὶ
1300 1061 1472 1116 πολλὰ
1504 1061 1612 1115 τῶν
1641 1061 1768 1130 χθὲς

179 1158 492 1234 ειρημένων
516 1159 609 1211 ἐπὶ
647 1156 958 1227 κεφαλαίων
989 1155 1151 1225 λέγω.
1175 1156 1288 1210 Καὶ
1321 1154 1415 1208 νῦν
1445 1154 1580 1226 πρὸς
1623 1155 1768 1224 ὑμᾶς

175 1251 280 1306 ἰὰν
305 1251 466 1306 τοῦτο
494 1251 659 1320 λέγω,
681 1253 730 1304 εἰ
758 1252 854 1304 καὶ
886 1248 1292 1318 ἔταυτολόγησα
1339 1247 1448 1318 (27)
1487 1246 1764 1310 πολλάκις,

177 1345 282 1400 οὐκ
307 1345 506 1400 ἄτοπον
538 1345 712 1397 εἰπεῖν
739 1342 1062 1412 ἐπίσταμαι.
1098 1341 1311 1394 Γελοῖον
1350 1341 1448 1411 μὲν
1479 1339 1589 1412 γὰρ
1622 1341 1766 1410 πρᾶ-

178 1435 300 1507 γμα
329 1436 478 1489 ἑστιν
508 1435 642 1507 ὸρᾷν
673 1435 765 1488 τὸν
794 1433 966 1504 ἣλιον,
989 1433 1084 1486 καὶ
1117 1431 1216 1502 τὴν
1251 1431 1482 1502 σελήνην
1501 1471 1516 1495 ,
1553 1430 1647 1483 καὶ
1697 1429 1764 1483 τὰ

178 1527 316 1582 ἄλλα
339 1527 450 1598 (28)
471 1526 648 1598 ἄστρα
675 1526 774 1596 τὴν
794 1525 965 1596 αὐτὴν
994 1523 1112 1576 ὁδὸν
1143 1524 1250 1586 ἀεὶ,
1286 1523 1382 1576 καὶ
1422 1522 1520 1585 τὰς
1556 1523 1763 1594 τροπὰς

177 1616 287 1670 τῶν
309 1616 469 1690 ὡρῶν
499 1615 804 1679 ποιεῖσθαι,
842 1615 938 1668 καὶ
965 1615 1056 1668 τὸν
1100 1613 1426 1685 ψηφιστικὸν
1473 1614 1642 1687 ἄνδρα
1663 1654 1676 1676 ,
1713 1614 1762 1666 εί

177 1709 426 1778 ἐξετάζοι
456 1709 517 1762 τὸ
548 1708 658 1780 (29)
687 1709 756 1763 τὰ
773 1707 856 1771 δὶς
885 1706 978 1760 δύο
1007 1706 1150 1760 πόσα
1184 1706 1322 1773 ἐστὶ,
1355 1705 1442 1759 διὰ
1471 1706 1532 1759 τὸ
1566 1705 1762 1760 πολλά-

176 1819 265 1867 κις
299 1802 603 1876 εἰρηκέναι,
630 1801 712 1854 ὅτι
749 1801 1015 1872 τέσσαρα,
1049 1797 1353 1852 παύσεσθαι
1373 1797 1464 1850 τοῦ
1489 1797 1650 1852 πάλιν
1676 1798 1762 1851 λέ-

1881 610 1962 657 tes
1988 602 2264 669 adiurare,
2297 611 2352 656 et
2394 599 2661 656 sumtibus
2697 618 2760 656 ac
2797 603 3053 658 amuletis
3088 606 3194 659 uti.
3230 604 3465 672 Angelos

1876 704 2058 750 autem
2091 705 2146 750 et
2176 695 2408 749 virtutes
2444 711 2568 750 esse
2591 739 2604 760 ,
2656 711 2794 765 quos
2841 696 3118 752 Davidiete
3163 699 3466 766 pwphetia

1874 802 2059 842 sermo
2095 797 2282 856 portas
2310 787 2466 857 jubet
2504 787 2779 851 attollere,
2820 797 2876 842 ut
2907 789 3146 843 introeat
3188 789 3277 844 ille
3316 790 3465 844 redi-

1873 882 2032 936 vivus
2062 899 2127 937 ex
2158 881 2411 947 mortuis,
2457 880 2721 936 Dominus
2749 882 3011 937 virtutum
3039 883 3338 936 secundum
3369 897 3463 937 vo-

1877 975 2144 1029 luntatem
2181 974 2385 1038 Patris,
2416 971 2576 1028 Jesus
2611 973 2887 1039 Christus,
2925 974 3093 1029 verba
3129 973 3352 1030 Davidis
3384 974 3462 1030 si-

1873 1068 2081 1123 militer
2115 1068 2516 1123 demonstrant.
2558 1068 2692 1135 Quae
2721 1070 2943 1138 quidem
2984 1069 3184 1122 iterum
3220 1082 3460 1122 comme-

1872 1160 2102 1215 morabo
2134 1170 2358 1228 propter
2394 1176 2489 1215 eos
2525 1161 2616 1232 qui
2654 1161 2770 1215 heri
2809 1161 3091 1216 nobiscum
3130 1177 3239 1217 non
3272 1169 3456 1223 erant,

1869 1265 2100 1321 quorum
2130 1252 2298 1306 etiam
2323 1267 2490 1306 causa
2527 1253 2694 1306 multa
2720 1253 2980 1307 hesterno
3005 1253 3096 1306 die
3132 1254 3280 1306 dicta
3307 1268 3458 1306 sum-

1868 1343 2059 1396 matim
2097 1342 2301 1400 refero.
2340 1344 2418 1398 Ac
2444 1359 2588 1399 nunc
2621 1344 2845 1413 quidem
2881 1344 2926 1399 si
2959 1343 3012 1398 id
3053 1345 3213 1399 vobis
3239 1345 3455 1408 dixero,

1867 1434 1970 1488 etsi
2025 1448 2166 1503 saepe
2199 1436 2392 1489 eadem
2432 1434 2740 1499 inculcavi,
2800 1435 2935 1489 nihil
2991 1444 3174 1490 tamen
3225 1435 3455 1490 absurdi

1867 1525 2140 1580 dicturum
2161 1540 2282 1580 esse
2305 1525 2540 1580 conlido.
2567 1525 2879 1580 Ridiculum
2899 1528 3046 1581 enim
3070 1527 3256 1592 fuerit,
3279 1527 3454 1582 solem

1865 1626 1920 1670 et
1954 1616 2134 1671 lunam
2175 1618 2365 1672 videre
2387 1632 2451 1672 ac
2474 1629 2707 1673 cmteras
2733 1619 2922 1673 stellas
2949 1618 3199 1674 eamdem
3238 1632 3458 1685 semper

1866 1709 2010 1763 viam
2049 1710 2330 1776 insistere,
2368 1710 2704 1778 easdemque
2741 1718 3136 1780 tempestatum
3178 1709 3331 1764 vices
3367 1721 3456 1762 re-

1866 1803 2100 1859 ducere:
2141 1803 2418 1858 rationum
2460 1811 2900 1870 eomputatorem
2933 1842 2948 1866 ,
3013 1804 3055 1856 si
3111 1811 3337 1872 rogetur
3369 1801 3456 1856 bis

175 1908 320 1960 γειν,
469 1890 732 1963 τέσσαρα,
763 1892 856 1944 ml.
892 1870 960 1943 τὰ
996 1888 1130 1944 ἄλλα
1163 1887 1367 1958 ὁμοίως
1407 1888 1509 1941 ὃσα
1548 1888 1756 1956 παγίως

1867 1893 1972 1946 duo
2008 1903 2135 1961 quot
2171 1891 2409 1958 faciant,
2448 1892 2551 1946 etsi
2607 1906 2750 1960 saepe
2789 1891 3012 1957 dixerit,
3051 1870 3309 1961 quatuor,
3343 1908 3454 1947 non

170 1982 540 2054 ὁμολογεῖται,
565 1983 654 2035 ἀεὶ
682 1979 943 2044 ὡσαύτως
972 1977 1226 2047 λέγεσθαι
1247 1979 1340 2030 καὶ
1356 1977 1754 2048 ὁμολογεῖσθαιο

173 2075 266 2130 τὸν
305 2075 364 2130 δὲ
415 2075 522 2128 ἀπὺ
553 2073 660 2127 τῶν
700 2071 932 2146 Γραφῶν
975 2070 1083 2125 τῶν
1137 2068 1490 2143 προφητικῶν
1544 2069 1758 2142 ὁμιλίας

171 2168 504 2239 ποιούμενον
533 2168 647 2238 ὲᾷν,
668 2168 763 2220 καὶ
783 2165 856 2237 μὴ
873 2165 970 2229 τὰς
985 2163 1155 2227 αὐτὰς
1187 2164 1275 2217 ἀεὶ
1308 2161 1487 2230 λέγειν
1511 2162 1756 2234 Γραφὰς,

174 2261 292 2315 ἀλλ’
311 2259 562 2331 ἡγεῖσθαι
585 2259 778 2312 ἑαυτὸν
814 2256 1018 2326 βέλτιον
1049 2256 1146 2325 τῆς
1175 2255 1397 2328 Γραφῆς
1427 2255 1760 2324 γεννήσαντα

173 2354 368 2407 εἰπεῖν.
392 2353 578 2404 Ἔστιν
605 2345 699 2403 οὖν
720 2352 748 2403 ὁ
767 2346 924 2417 λόγος
950 2347 1017 2400 δι’
1033 2339 1094 2400 οὗ
1123 2347 1220 2417 ὲσή
1231 2364 1364 2417 pave
1388 2345 1496 2417 (50)
1515 2345 1604 2399 τὸν
1626 2346 1758 2398 Θεὸν

168 2444 388 2516 δηλοῦν,
423 2445 506 2498 ἂτι
540 2445 635 2509 καὶ
666 2441 887 2512 ἄγγελοί
920 2442 1057 2494 εἰσιν
1086 2441 1144 2493 ὲν
1175 2439 1423 2514 οὐρανῷ,
1464 2440 1562 2494 καὶ
1599 2439 1758 2494 δυνά-

177 2555 299 2607 μεις
326 2579 340 2600 .
368 2517 555 2601 οὗτοςῖ
599 2555 618 2587 ι
654 2538 862 2589 Αἰνεῖτε
893 2534 984 2587 τὸν
1017 2532 1223 2604 Κύριον
1261 2533 1326 2586 ὲκ
1359 2531 1467 2586 τῶν
1488 2533 1755 2606 οὐρανῶν,

168 2633 375 2688 αίνιῖτε
404 2630 566 2684 αὑτὸν
595 2631 653 2683 ὲν
685 2630 795 2692 τοῖς
825 2626 1089 2696 ὑψίστοις.
1124 2627 1334 2679 Αἰνεῖτε
1365 2627 1525 2680 αὑτὸν
1558 2627 1757 2691 πάντες

168 2727 223 2780 οἱ
256 2721 478 2792 ἄγγελοι
516 2719 711 2784 αὑτοῦ,
749 2720 948 2773 αἱνεῖτε
992 2716 1154 2770 αὑτὸν
1190 2719 1359 2770 πᾶσαι
1398 2720 1453 2770 αἱ
1500 2717 1755 2788 δυνάμεις

169 2815 358 2872 αὑτῶ.
395 2836 414 2868 ι

241 2980 355 3034 Καὶ
385 2981 641 3047 Μνασέας
666 2984 724 3039 δέ
756 3003 842 3050 τις
872 2987 1095 3060 ὀνόματι
1125 2992 1236 3046 τῶν
1270 2993 1628 3049 συνελθόντων
1657 2997 1757 3049 αύ-

168 3075 286 3138 τοις
431 3073 658 3148 δευτέρᾳ
695 3078 880 3151 ἡμέρᾳ
923 3080 1081 3136 εἴπεο
1131 3085 1242 3139 Καὶ
1286 3088 1446 3156 ἡμεῖς
1493 3087 1755 3160 χαίρομεν

169 3164 336 3219 πάλιν
371 3169 708 3242 πειρωμένου
744 3188 837 3224 σου
870 3172 938 3226 τὰ
971 3175 1110 3229 αὐτὰ
1146 3176 1322 3246 λέγειν
1358 3179 1426 3231 δι’
1458 3181 1626 3250 ἡμᾶς.

242 3255 417 3326 Κάγὼ
449 3254 602 3312 εἷπον
627 3276 640 3290 ⁸
691 3262 1192 3336 Ἀκούσατε,”φίλοι
1212 3309 1227 3332 ,
1262 3269 1368 3323 τίνι
1400 3249 1590 3343 Γραφῇ
1635 3291 1754 3326 πει·
1782 3249 1826 3306 C

169 3341 402 3414 θόμενος
451 3347 623 3402 ταῦτα
669 3351 914 3422 πράττω.
977 3355 1183 3427 Ἰησοῦς
1232 3341 1512 3426 ἐκέλευσεν
1533 3341 1755 3434 ἀγαπᾷν

166 3437 265 3490 καὶ
292 3439 420 3502 τοὺς
451 3439 677 3514 ἐχθρούς
699 3461 713 3475 ·
746 3445 884 3519 ὅπερ
914 3450 1008 3504 καὶ
1039 3450 1126 3505 διὰ
1165 3452 1385 3508 ’Ἡσαΐου
1419 3458 1755 3529 ἐκεκήρυκτο

315 3594 358 3627 ³³
396 3594 540 3652 Psal.
570 3614 796 3667 CXLVIII,
829 3602 884 3657 1.

167 3753 332 3808 niaco
362 3754 629 3831 fugatum,
664 3756 735 3809 ita
769 3756 1073 3831 vinciretur
1098 3799 1114 3823 ,
1147 3768 1206 3812 ut
1247 3760 1428 3815 redire
1466 3777 1575 3816 non
1609 3777 1738 3831 pos-

164 3835 276 3879 set.
307 3843 326 3875 ι
369 3825 787 3904 Incantationes
808 3829 931 3895 illae,
960 3845 1080 3898 qua:
1103 3831 1357 3904 dicuntur
1385 3825 1738 3904 κατάδεσμοι,

168 3909 236 3949 eo
260 3904 513 3971 spectant
536 3898 677 3971 apud
733 3898 1008 3957 Platonem
1043 3917 1104 3953 ιι.
1132 3899 1211 3954 De
1245 3901 1398 3969 Περ..
1430 3919 1484 3971 p.
1527 3898 1656 3966 564',
1687 3898 1743 3958 et

169 3965 316 4034 apud
347 3966 484 4021 alios
521 3965 820 4037 scriptores
846 4013 862 4038 ,
924 3981 986 4025 ut
1021 3965 1326 4025 daamones
1354 3965 1654 4027 evocentur
1693 3988 1746 4029 et

167 4049 359 4112 eorum
386 4038 593 4092 auxilio
617 4039 684 4092 ad
705 4041 993 4096 arbitrium
1025 4041 1166 4112 magi
1192 4051 1452 4108 utantur;
1481 4045 1621 4112 apud
1653 4044 1747 4097 Ju-

167 4107 373 4160 stinum
407 4117 591 4164 autem
626 4123 691 4165 eo
725 4118 936 4167 tantum
990 4107 1324 4172 referuntur,
1384 4107 1446 4167 ut
1469 4107 1747 4170 damiones

169 4177 520 4252 expellantur
568 4188 634 4252 et,
665 4196 745 4252 ne
777 4192 1010 4237 noceant
1060 4185 1532 4250 constringautur.
1565 4186 1748 4252 Quare

169 4261 278 4326 non
311 4248 569 4326 videntur
624 4251 764 4326 i_dem
806 4269 927 4307 esse
961 4268 1036 4326 ac
1054 4248 1417 4326 περιάμματα
1453 4258 1517 4308 de
1543 4248 1748 4326 quibus

169 4316 444 4393 Eusebius
479 4336 559 4393 _l_ll
617 4320 925 4378 Demonstr.
989 4316 1289 4392 Evangell,
1341 4340 1393 4393 ρ.
1456 4316 1598 4389 ΕΤ,
1652 4337 1747 4380 aut

170 4389 825 4466 cxwtﬁwvﬁﬁapvﬁpara
869 4396 1009 4466 apud
1048 4389 1374 4466 Tal—ianum;
1444 4397 1558 4450 hme
1598 4399 1743 4451 enim

167 4461 552 4534 aegrotandum
580 4461 1130 4534 Corporibus'apponi
1163 4467 1411 4520 solebant
1435 4467 1499 4518 ad
1528 4469 1747 4521 morbos

170 4530 466 4603 sanandos.
507 4531 614 4603 sed
648 4530 980 4601 persuadere
1005 4530 1150 4588 inihi
1185 4551 1291 4589 non
1325 4551 1548 4603 possum
1580 4556 1749 4591 κατα-

1868 1994 2049 2039 tamen
2076 1984 2284 2039 idcirco
2311 1984 2566 2038 desinere
2589 1994 2829 2053 quatuor
2861 1983 3070 2051 dicere,
3095 1994 3151 2039 et
3170 1984 3278 2037 alia
3304 1983 3455 2052 ejus-

1866 2077 2061 2140 modi,
2132 2090 2498 2146 quacumque
2547 2084 2699 2128 certo
2759 2087 3196 2140 asseverantur,
3261 2077 3454 2130 eodem

1867 2180 2091 2234 semper
2120 2169 2282 2220 inodo
2311 2166 2422 2220 diei
2444 2176 2498 2220 et
2529 2167 2873 2220 asseverari:
2909 2180 3032 2219 eum
3064 2176 3245 2220 autem
3271 2167 3361 2234 qui
3384 2180 3452 2219 ex

1865 2255 2170 2327 Scripturis
2208 2260 2547 2327 propheticis
2591 2257 2902 2315 disserendi
2940 2259 3211 2313 rationem
3262 2258 3451 2327 depro-

1863 2357 2000 2410 mat,
2028 2348 2224 2403 missas
2260 2347 2574 2418 Scripturas
2611 2349 2820 2413 facere,
2851 2364 2953 2403 nec
2980 2348 3199 2404 easdem
3237 2362 3452 2413 semper

1866 2438 2096 2505 referre,
2135 2438 2231 2494 sed
2271 2440 2468 2494 melius
2496 2441 2704 2510 aliquid
2740 2440 3024 2509 Scriptura
3053 2438 3361 2508 pariturum
3391 2453 3452 2494 se

1867 2531 2210 2584 existimare.
2251 2531 2429 2584 Verba
2469 2545 2676 2597 autem,
2729 2531 2930 2602 quibus
2969 2530 3140 2585 Deum
3170 2532 3454 2586 declarare

1863 2622 1975 2674 dixi
2015 2622 2237 2693 angelos
2277 2623 2434 2694 183
2465 2633 2520 2678 et
2548 2625 2783 2679 virtutes
2823 2625 2878 2679 in
2912 2623 3057 2680 ctelo
3093 2638 3238 2690 esse,
3277 2628 3352 2678 lta
3391 2640 3453 2679 se

1865 2712 2100 2768 habent:
2138 2737 2156 2767 ι
2179 2714 2420 2770 Laudate
2449 2715 2739 2770 Dominum
2766 2717 2834 2770 de
2862 2716 3043 2782 caelis,
3073 2716 3295 2772 laudate
3323 2732 3450 2772 eum

1863 2807 1916 2860 in
1953 2808 2209 2863 excelsis.
2246 2808 2496 2864 Laudate
2533 2825 2654 2864 eum
2691 2824 2884 2864 omnes
2922 2811 3104 2880 angeli
3140 2812 3281 2881 ejus,
3335 2810 3453 2865 lau-

1862 2900 1988 2955 date
2012 2917 2135 2956 eum
2170 2917 2362 2958 omnes
2394 2903 2625 2957 virtutes
2660 2902 2778 2971 ejus
2812 2903 2880 2958 ³².
2921 2921 2942 2956 ι

1935 2993 2032 3046 Hic
2067 3009 2206 3047 unus
2234 3009 2300 3047 ex
2331 2995 2433 3056 his,
2458 2995 2551 3062 qui
2595 2995 2864 3064 posuidie
2892 3011 3018 3049 cum
3048 2995 3129 3049 eis
3169 3007 3439 3052 venerant

1862 3082 2114 3140 Mnaseas
2145 3086 2387 3150 nomine,
2442 3087 2627 3151 nobis,
2673 3087 2872 3155 inquit,
2929 3098 3245 3157 pergratum
3293 3090 3433 3146 facis

1861 3179 2005 3250 quod
2043 3179 2234 3233 eadem
2265 3188 2450 3233 nostra
2485 3194 2644 3233 causa
2675 3179 2883 3237 referre
2913 3182 3190 3239 instituas.

1933 3275 2003 3328 At
2024 3289 2160 3344 ego:
2193 3274 2407 3338 Audite,
2466 3273 2714 3342 inquam,
2776 3275 2966 3340 amici,
3016 3291 3138 3346 quae
3170 3291 3256 3331 me
3295 3276 3449 3334 Seria

1830 3368 2018 3437 'ptura
2056 3374 2115 3420 ut
2144 3366 2215 3420 ita
2248 3366 2510 3429 facerem,
2544 3367 2844 3424 induxerit.
2879 3367 3148 3439 Praecepit
3192 3370 3352 3426 Jesus
3390 3381 3451 3427 ut

1859 3460 2025 3515 etiam
2053 3457 2306 3515 inimicos
2337 3458 2628 3530 diligamus
2661 3475 2672 3511 :
2713 3459 2857 3530 quod
2889 3459 3034 3516 idem
3090 3471 3146 3517 et
3197 3464 3266 3518 ab
3309 3462 3446 3520 Isaia

1925 3765 2038 3835 (9.6)
2073 3767 2528 3847 ’Ezépaz.__Ante
2556 3773 2722 3847 hane
2756 3787 2964 3847 vocem‘
2983 3775 3066 3829 vel
3098 3776 3444 3847 post_legen-

1851 3837 1980 3889 dum
2028 3840 2126 3912 vel,
2159 3841 2592 3912 subaudiendum
2646 3844 2878 3898 κελεύει.
2934 3837 3112 3912 δειψεέ
3145 3863 3172 3899 a
3222 3837 3446 3902 Jusvtino

1855 3909 2220 3978 praetermissa
2254 3911 2516 3978 ejusmodi
2549 3916 2734 3969 verba.
2777 3916 2913 3969 Vide
2947 3933 3004 3968 ιι.
3025 3909 3106 3970 ’89
3136 3927 3187 3970 et
3217 3918 3310 3973 90.
3344 3919 3445 3973 Su-

1855 3992 1952 4053 pra
1991 3977 2242 4053 Justinus
2277 3977 2468 4053 nempe
2500 4000 2554 4037 ιι.
2587 3985 2677 4049 56,
2720 3987 2971 4053 probavit
2998 3987 3280 4041 Christum
3315 4004 3443 4044 esse

1859 4047 2056 4116 llegem
2087 4051 2271 4116 gloria:
2306 4063 2361 4105 et
2401 4047 2687 4107 Dominum
2720 4047 2987 4111 virtutum
3013 4067 3067 4110 et
3120 4059 3442 4114 t'mlestibus

1856 4120 2195 4190 principibus
2225 4124 2444 4190 prtecipi
2501 4135 2558 4177 ut
2590 4135 2776 4190 portas
2806 4143 2936 4181 suas
2992 4129 3271 4185 attollant.
3329 4129 3440 4185 Sed

1857 4189 2056 4241 ibidem
2093 4207 2197 4244 non
2242 4189 2477 4260 legimus
2526 4189 2639 4249 huic
2670 4198 2876 4250 verba:
2933 4215 2951 4248 ι
3012 4195 3258 4252 Laudate
3309 4216 3436 4254 eum

1853 4273 2044 4329 omnes
2079 4261 2255 4327 angeli
2309 4265 2465 4329 ejus,
2507 4266 2727 4321 laudate
2783 4283 2906 4321 eum
2965 4284 3156 4323 omnes
3210 4269 3441 4326 virtutes

1851 4327 1989 4393 ejus,
2031 4347 2048 4380 ι
2085 4332 2286 4399 quibus
2318 4327 2497 4390 tamen
2535 4335 2784 4391 Justinus
2841 4355 2960 4392 tnox
3002 4339 3146 4393 dicet
3187 4353 3247 4394 se
3279 4357 3439 4395 usum

1851 4399 2040 4464 fuisse,
2078 4412 2136 4453 ut
2164 4405 2424 4478 probaret
2456 4407 2679 4474 angelos
2707 4424 2848 4472 esse,
2887 4411 3086 4478 quibus
3118 4411 3438 4466 mandatum

1852 4481 1936 4523 est
1972 4481 2031 4523 ut
2057 4483 2243 4538 portas
2273 4475 2607 4532 attollerent.
2657 4478 2778 4532 Non
2838 4475 3017 4532 tamen
3069 4496 3297 4536 mancus
3345 4492 3441 4536 aut

1858 4541 2070 4620 hiulcus
2095 4542 2194 4620 _il_le
2222 4544 2374 4620 locus
2398 4557 2502 4620 est,
2549 4564 2730 4620 neque
2760 4550 2901 4603 alius
2931 4551 3204 4620 assignari
3239 4561 3436 4618 potest,

170 4599 406 4670 δέσμους
429 4602 570 4690 apud
593 4599 863 4690 Iustinum
888 4609 1132 4659 carmina
1162 4621 1303 4690 esse:
1326 4599 1458 4660 Nam
1487 4609 1546 4661 ιο
1584 4607 1751 4690 Justi-
1781 4601 1833 4662 D
1861 4611 1912 4662 in
1949 4625 2056 4679 quo
2087 4613 2143 4690 id
2172 4599 2502 4690 przestiteritf
2544 4599 3440 4690 ιιιέἱῖτξυξῖιῖιιῖιῖεὲὲῖιᾶἔτὲδ

175 4685 286 4757 nus.
346 4673 570 4757 opponit
631 4672 950 4757 θυμιάματα
1005 4687 1059 4731 et
1105 4677 1480 4757 καταδέσμους
1509 4680 1737 4757 _verbis,

169 4742 375 4807 quibus
395 4740 614 4798 Judaaos
641 4740 718 4798 uti
746 4740 938 4801 solitos
979 4762 1102 4802 esse
1142 4740 1378 4802 dixerat.
1405 4750 1461 4800 2°
1509 4740 1740 4804 Testari-'-

168 4820 257 4888 t_u_r
310 4811 546 4888 Irenagus
591 4825 645 4868 et
674 4815 941 4888 0rigenes
981 4816 1201 4872 Judasos
1255 4835 1351 4888 per
1399 4835 1594 4874 nomen
1650 4823 1740 4874 Dei

169 4882 426 4946 Abrahae,
461 4883 613 4959 Isaac
639 4896 693 4940 et
717 4882 886 4941 Jacob
911 4889 1185 4958 adjurare.
1217 4882 1312 4944 H'is
1341 4905 1470 4959 ergo
1498 4892 1744 4946 ethnico-

169 4967 290 5005 rum
327 4953 664 5009 canninibus
695 4971 805 5010 non
835 4953 1149 5013 utebantur.
1173 4960 1228 5014 5°
1253 4953 1459 5014 Prtetér
1500 4965 1742 5016 carmina

171 5023 578 5099 adhibebantur
599 5030 844 5096 quaedam
875 5031 1136 5084 veneficia
1170 5032 1234 5082 ad
1261 5031 1609 5099 expellendos
1638 5034 1747 5086 da:-

167 5107 384 5170 t‘uones,
423 5105 481 5147 ut
514 5097 775 5152 discimus
807 5114 871 5153 ex
907 5100 1142 5164 .lustino,
1174 5103 1263 5170 qui
1317 5097 1366 5155 in
1404 5103 1556 5170 Apol.
1599 5120 1658 5167 ιι,
1692 5121 1744 5156 ιι.

167 5162 242 5228 ὓ,
303 5173 538 5239 testatur
597 5171 961 5224 dazmoniacos
1017 5171 1082 5224 ab
1121 5162 1241 5225 aliis
1301 5162 1748 5239 adjuratoribus,

171 5236 615 5306 incantatorihus
661 5242 716 5292 e't
747 5240 1002 5296 veneﬁcis
1052 5257 1157 5295 non
1211 5236 1431 5296 sanatos
1456 5285 1469 5306 ,
1507 5246 1613 5298 ὑπὸ
1643 5244 1750 5296 τῶν

171 5305 348 5387 ωωρ
381 5307 600 5387 πάντων
620 5311 979 5387 ,ὲπορκιστῶν
1003 5313 1106 5387 -καὶ
1136 5314 1387 5387 ἐπᾳστῶν
1417 5305 1508 5366 καὶ
1534 5333 1753 5387 φαρμα-
1780 5331 1786 5335 ·

170 5377 382 5452 κεντῶν
414 5377 498 5452 μὴν
521 5371 788 5445 ἱαθέντας,
822 5384 1069 5452 quotidie
1103 5399 1132 5436 a
1162 5371 1492 5439 Christianis
1540 5371 1753 5440 sanari.

174 5449 266 5506 Sic
289 5449 542 5521 etiamin
571 5454 721 5506 Actis
745 5457 803 5507 ὃ.
836 5449 1008 5507 Pionii
1036 5471 1049 5508 :
1091 5473 1108 5505 ι
1173 5455 1327 5508 Sit-ut
1360 5458 1413 5509 in
1455 5460 1709 5511 omnibus
1739 5497 1753 5521 ,

172 5522 348 5597 inquit
364 5519 670 5597 S._marty_r,
702 5525 794 5592 qni
827 5525 994 5597 Deum
1031 5540 1169 5594 pura
1206 5537 1384 5580 mente
1419 5519 1752 5597 suspiciunt,

172 5591 347 5658 angeli
384 5591 578 5661 adesse
609 5591 907 5658 festinant;
945 5593 1018 5649 ita
1034 5591 1335 5661 'venelicis,
1371 5598 1457 5651 vel
1502 5591 1753 5652 incauta?-

173 5661 403 5740 toribus,
429 5663 515 5714 vel
557 5660 942 5740 furorem__sub
987 5660 1394 5740 vaticinationis
1429 5671 1612 5739 specie
1663 5685 1759 5740 per

170 5736 504 5811 gleriahrnra
557 5735 919 5811 vendentibus
968 5737 1259 5811 dmmones
1296 5735 1696 5811 obsequuntur.
1735 5759 1754 5792 ι

168 5801 560 5890 sanatam;
601 5804 836 5876 aliquam
867 5822 987 5865 esse
1021 5809 1187 5864 credo
1214 5801 1484 5879 ejusmodi
1535 5828 1760 5885 φαρμα-

166 5892 318 5940 τειας
343 5892 600 5946 spectem.

1846 4692 2048 4756 pentur
2087 4681 2323 4756 librarii,
2361 4689 2505 4756 quod
2561 4692 2855 4744 omiserint
2914 4691 3030 4744 haec
3074 4681 3281 4756 verbav;
3341 4697 3438 4747 sed

1847 4753 1949 4830 ipsi
1982 4750 2333 4830 Justinohoc
2365 4750 2744 4824 tribuendum,
2776 4761 2868 4830 qui
2897 4761 2949 4814 in
2981 4750 3279 4816 scribendo
3303 4759 3440 4816 Dia-

1848 4822 1966 4903 logo
2000 4826 2263 4878 nonnulla
2303 4829 2574 4903 interdum
2603 4822 2829 4892 omittit,
2858 4846 2980 4900 quae
3018 4844 3438 4903 posma_oppor-

1850 4901 1983 4971 tune
2017 4908 2337 4971 occurrunt,
2369 4900 2483 4954 sive
2518 4901 2567 4952 id
2607 4911 2724 4954 arte
2760 4912 2816 4955 et
2842 4904 2964 4956 data
3006 4917 3172 4971 opera
3207 4900 3437 4967 factum,

1849 4966 1963 5017 sive
1993 4968 2136 5033 quod
2179 4971 2441 5041 memoria
2478 4986 2869 5040 nonnunquam
2908 4966 3118 5035 efﬂuat,
3151 4988 3215 5026 ac.
3246 4966 3434 5041 postea

1855 5051 1939 5087 res
1970 5040 2368 5100 praetermissos
2405 5053 2645 5094 revocet.

1923 5106 2036 5182 (27)
2078 5106 2585 5180 Ἐτίιυτολόγησα.
2633 5110 2874 5182 Uterque
2914 5115 3088 5168 codex
3127 5130 3228 5167 ms.
3265 5124 3321 5168 et
3364 5113 3433 5168 Β.

1854 5177 2164 5254 Stephanus
2189 5177 2622 5254 ὲπαυτοὶξόγησα.

1926 5249 2038 5315 (28)
2072 5252 2273 5304 Ἄλλη.
2309 5249 2687 5308 ΙΙειιιοιῖοςιςιη
2714 5294 2729 5317 ,
2761 5271 2881 5320 qum
2930 5256 3120 5310 deerat
3153 5255 3206 5309 in
3246 5254 3431 5318 editis,

1857 5321 2226 5392 Stippeditavit
2265 5334 2495 5392 uterque
2529 5327 2702 5379 codex
2732 5342 2834 5377 ms.

1930 5394 2056 5464 (29)_
2084 5390 2374 5454 ’E£8td(0¢
2409 5390 2494 5447 τό.
2554 5396 2863 5464 Legendum
2893 5396 3199 5462 ἐξετάζοιτο
3230 5406 3280 5450 et
3310 5411 3442 5450 mox

1857 5458 1918 5510 οὐ
1952 5460 2276 5516 παύσεσθαι.
2330 5466 2532 5519 Ibidem
2574 5458 2765 5519 statuit
2809 5467 2891 5518 Cl.
2928 5458 3206 5522 Thirlbins
3261 5484 3280 5517 ι
3318 5483 3436 5519 om-

1863 5531 1992 5604 nino
2038 5533 2322 5603 legendum
2353 5534 2606 5604 λέγεσθαι
2635 5537 2725 5589 καὶ
2760 5537 3050 5590 ποιεῖσθαι.
3082 5559 3099 5590 ι
3149 5536 3255 5590 Sed
3288 5538 3434 5590 hunc

1863 5601 2039 5657 locum
2090 5601 2270 5659 minus
2318 5601 2607 5670 intellexit,
2642 5624 2878 5674 eumque
2919 5612 3050 5663 satis
3101 5607 3302 5662 refellit
3338 5624 3435 5674 ap-

1863 5675 2039 5747 posita
2077 5687 2214 5747 post
2247 5680 2469 5730 verbum
2520 5677 2860 5747 ὁμολογεῖται
2911 5680 3210 5732 distinctio.

1937 5744 2049 5814 (30)
2077 5745 2396 5816 Ἐσήμανε.
2432 5744 2735 5818 Lege-udum
2765 5751 3030 5818 ὲσήμανα.
3066 5749 3261 5818 Liquet
3288 5751 3432 5805 enim

1864 5813 2140 5890 Iustinum
2175 5813 2238 5872 ea
2277 5813 2522 5887 repetere
2545 5835 2662 5888 qua:
2694 5813 3124 5890 pridite'dixcrul.
3151 5813 3233 5874 'lta
3266 5825 3431 5876 etiam

1870 5888 2118 5942 emendat
2150 5890 2230 5945 Cl.
2259 5891 2554 5951 'l‘hirlbius.
