4108 6470
154 456 257 514 εει

1183 453 1531 511 DIALOGUS
1561 452 1708 509 CUM
1742 449 2116 506 TRYPHONE
2148 448 2410 505 JIIDJEO.

3302 452 3407 507 ηδε

149 572 439 638 δεδήλωκε.
474 571 580 626 Καὶ
608 571 689 624 ὅτι
718 571 813 639 οὐχ
840 571 869 623 ὁ
891 568 1078 640 Πατὴρ
1108 564 1195 641 ἧν,
1228 568 1333 621 ἀπὸ
1363 568 1472 621 τῶν
1504 568 1735 641 Γραφίῦν

1843 563 2006 618 Deum
2041 564 2291 617 innixum
2319 551 2487 617 fuisse
2514 562 2791 630 Scriptura
2825 563 3181 618 demonstrat.
3235 563 3410 620 Porro

153 659 545 729 ἀπεδείξαμεν.
598 662 705 714 Καὶ
741 659 829 712 ἐπὶ
863 657 1009 711 λίθου
1044 658 1315 727 καταχέας
1362 657 1536 711 ἔλαιον
1568 660 1624 711 ὲν
1654 658 1731 727 τῷ

153 750 311 820 αὑτῷ
347 752 497 817 τόπῳ
543 745 734 801 Ἰακὼὸ
760 787 774 810 ,
812 744 1009 815 στήλην
1052 744 1129 813 τῷ
1160 742 1375 812 ὀφθέντι
1420 742 1566 813 αὐτῷ
1613 742 1731 813 Θεῷ

152 846 504 914 ἀληλειφέναι
541 844 632 895 ὑπ⁴
663 839 823 894 αὑτοῦ
848 840 941 891 τοῦ
976 838 1227 907 ὀφθέντος
1253 836 1400 905 αὑτῷ
1429 834 1564 888 Θεοῦ
1596 852 1733 907 μαρ-

153 940 423 1009 τυρεῖται.
459 934 565 988 Καὶ
596 934 674 984 ὅτι
707 932 851 994 λίθος
883 929 1117 1001 Χριστὸς
1147 928 1233 980 διὰ
1267 926 1473 979 πολλῶν
1503 926 1736 997 Γραφῶν

155 1026 503 1097 συμϐολικῶς
536 1024 867 1096 ὲκηρύσσετο
890 1063 903 1085 ,
952 1022 1151 1092 ὁμοίως
1193 1020 1552 1090 ἀπεδείξαμεν
1574 1038 1586 1050 ·
1640 1022 1734 1075 καὶ

152 1120 241 1171 δτι
275 1120 338 1172 τὸ
369 1118 576 1188 χρίσμα
610 1118 716 1169 πᾶν
767 1114 874 1167 εἴτε
911 1114 1088 1166 ἐλαίου
1113 1153 1127 1178 ,
1172 1114 1278 1165 εἴτε
1319 1114 1552 1181 στακτῆς
1576 1154 1589 1175 ,
1626 1113 1734 1166 εἴτε

155 1210 266 1263 τῶν
306 1210 482 1262 ἄλλων
508 1207 615 1260 τῶν
657 1207 756 1276 τῆς
798 1206 1097 1268 συνθέσεως
1146 1204 1237 1257 τοῦ
1287 1206 1457 1275 μύρου
1497 1208 1733 1276 χρισμά-

156 1317 290 1362 των,
334 1298 523 1350 τούτου
554 1293 642 1366 ἦν,
675 1296 874 1365 ὁμοίως
903 1295 1256 1365 ἀπεδείξαμεν
1282 1296 1410 1365 (57),
1442 1298 1534 1348 τοῦ
1565 1297 1735 1364 Λόγου

158 1390 408 1457 λέγοντος
428 1407 441 1419 ·
478 1408 493 1439 ι
532 1387 628 1440 Διὰ
657 1386 813 1439 τοῦτο
837 1388 1015 1457 ἔχρισὲ
1048 1405 1105 1439 σε
1133 1392 1161 1441 ὁ
1198 1389 1327 1451 Θεὸς
1352 1430 1365 1452 ,
1399 1392 1426 1441 ὁ
1462 1390 1591 1452 Θεός
1621 1406 1734 1451 σου,

161 1484 339 1535 ἔλαιον
378 1480 745 1548 ἀγαλλιάσεως
775 1480 923 1549 παρὰ
970 1482 1094 1542 τοὺς
1130 1481 1385 1550 μετόχους
1430 1498 1542 1533 σου.
1586 1501 1602 1531 ι
1630 1482 1739 1534 Καὶ

159 1574 270 1643 γὰρ
312 1574 361 1623 οἱ
408 1568 643 1638 βασιλεῖς
688 1570 883 1629 πάντες
926 1568 1018 1619 καὶ
1055 1570 1101 1619 οἱ
1152 1568 1360 1637 χριστοὶ
1401 1566 1507 1620 ἀπὸ
1548 1568 1737 1619 τούτου

164 1665 425 1735 μετέσχον
479 1662 572 1712 καὶ
626 1660 861 1728 βασιλεῖς
909 1658 1185 1711 καλεῖσθαι
1231 1661 1325 1713 καὶ
1381 1660 1625 1731 χριστοί·
1678 1662 1736 1713 ὃν

162 1757 363 1827 τρόπον
403 1754 495 1806 καὶ
539 1752 696 1813 αὐτὸς
744 1752 852 1803 άπὸ
904 1750 997 1802 τοῦ
1045 1751 1253 1821 Πατρὸς
1299 1752 1455 1804 ἔλαϐε
1491 1751 1551 1803 τὸ
1591 1751 1740 1820 βασι-

162 1834 287 1909 λεὺς
318 1847 425 1915 (58)
450 1886 463 1907 ,
496 1846 588 1896 καὶ
616 1845 847 1914 Χριστος
872 1886 885 1908 ,
928 1845 1019 1896 καὶ
1066 1844 1277 1914 ἱερεὺς,
1327 1845 1420 1897 καὶ
1478 1845 1701 1911 ἄγγελος
1723 1884 1737 1906 ,

162 1941 257 1992 καὶ
301 1942 401 1993 ὅσα
452 1940 584 1992 ἄλλα
628 1937 848 1989 τοιαῦτα
892 1937 999 2006 ἔχει
1032 1936 1063 2007 ἣ
1100 1937 1241 2006 ἔσχε.
1289 1936 1505 2000 Ῥάξὶδος
1543 1938 1573 2006 ἡ
1614 1937 1734 1987 Ἀα-
1765 1924 1807 1979 Β

167 2030 274 2103 ρὼν
331 2031 552 2098 βλαστὸν
606 2029 911 2099 κομίσασα,
958 2031 1212 2100 ἀρχιερέα
1256 2020 1429 2081 αὑτὸν
1470 2028 1733 2093 ἀπέδειξε.

174 2122 398 2176 Ῥάὸδον
443 2124 504 2174 ὲκ
548 2121 701 2192 ῥίζης
754 2122 947 2175 Ἰεσσαὶ
986 2122 1307 2189 γενήσεσθαι
1347 2122 1436 2175 τὸν
1478 2122 1735 2191 Χριστὸν,

180 2214 415 2276 Ἡσαΐας
463 2214 849 2284 προεφήτευσε.
898 2214 1005 2265 Καὶ
1054 2212 1247 2264 Δαϐίδ·
1289 2232 1305 2262 ι
1356 2214 1440 2274 Ὠς
1481 2213 1540 2264 τὸ
1587 2212 1739 2277 ξύλον

161 2304 223 2356 τὺ
270 2305 665 2373 πεφυτευμένον
716 2304 864 2374 παρὰ
898 2304 995 2366 τὰς
1042 2304 1302 2366 διεξόδους
1344 2306 1449 2355 τῶν
1492 2306 1696 2357 ὑδάτων
1722 2344 1736 2367 ,

160 2395 192 2448 ὃ
224 2396 315 2449 τὸν
350 2397 557 2465 καρπον
591 2395 753 2448 αὑτοῦ
783 2396 971 2448 δώσειν
1011 2399 1070 2448 ἐν
1116 2396 1288 2466 καιρῷ
1331 2396 1494 2449 αὐτοῦ
1516 2438 1528 2458 ,
1562 2397 1740 2449 καὶτὸ

164 2484 361 2552 φύλλον
394 2485 556 2537 αὑτοῦ
593 2486 692 2538 οὐκ
736 2485 1173 2557 ἁπορῤυήσεσθαι
1197 2486 1324 2555 (59),
1360 2508 1375 2537 ι
1416 2488 1576 2554 φησιν
1604 2483 1740 2541 εἶναι

163 2576 253 2628 τὸν
292 2576 521 2629 δίκαιον.
578 2578 687 2629 Καὶ
718 2577 791 2639 ὡς
846 2578 1015 2645 φοίνιξ
1060 2579 1295 2631 ἀνοίσειν
1333 2582 1359 2631 ὀ
1399 2580 1600 2642 δίκαιος
1662 2581 1733 2631 εἴ·

165 2684 351 2737 ρηται.
398 2668 529 2720 Ἀπὸ
574 2668 731 2733 ξύλου
772 2669 849 2738 τῷ
902 2670 1149 2740 ’Λεραὰμ
1199 2670 1352 2741 ὤφθη
1392 2674 1419 2722 ὁ
1456 2671 1619 2734 Θεὸς,
1666 2673 1741 2736 ὡς

165 2759 506 2830 γέγραπται,
538 2761 673 2830 πρὸς
701 2763 767 2831 τῇ
797 2761 917 2833 δρυῒ
942 2766 1006 2832 τῇ
1037 2764 1277 2833 Μαμὸρῇ
1310 2764 1439 2833 (40).
1486 2764 1742 2834 Ἐϐδομή-

164 2865 329 2903 κοντα
362 2850 506 2913 ίτέας
548 2852 641 2903 καὶ
683 2851 886 2903 δώδεκα
931 2854 1114 2922 πηγὰς
1151 2849 1307 2923 εὗρεν
1341 2858 1368 2907 ὁ
1398 2855 1521 2918 λαὸς
1553 2856 1741 2919 διαϐάς

163 2940 257 2993 τὸν
298 2940 566 3013 Ἰορδάνην
592 2942 723 3011 (41).
770 2945 857 2995 Ἐν
892 2945 1071 3015 ῥάϐδῳ
1117 2948 1208 2999 καὶ
1259 2947 1534 3018 βακτηρίῳ
1564 2968 1739 3019 παρα-

166 3032 465 3103 κεκλῆσθαι
506 3035 609 3087 ὑπὺ
636 3035 728 3087 τοῦ
776 3036 909 3089 Θεοῦ
956 3038 1117 3091 Δασιδ
1146 3037 1313 3115 λέγει.
1363 3040 1524 3093 Ξύλον
1567 3042 1741 3095 Ἐλισ-

170 3130 323 3191 σαῖος
372 3128 485 3199 (42)
531 3127 821 3198 βαλὼνέίς
855 3130 947 3181 τὸν
987 3130 1258 3201 Ἰορδάνην
1301 3133 1565 3202 ποταμὸν,
1614 3136 1743 3206 ἀνή-

1833 655 2043 711 Patrem
2069 673 2178 711 non
2225 657 2391 715 fuisse
2417 671 2483 710 ex
2522 655 2820 725 Seripturis
2871 656 3405 724 demonstravimus;

1832 762 1886 804 et
1913 767 2033 805 cum
2058 751 2223 806 Iacob
2249 750 2413 820 lapidi
2449 750 2625 803 olemu
2652 745 3012 803 infudissetiu
3044 748 3231 803 eodem
3266 750 3407 807 loco.

1834 844 2202 897 testimonium
2235 843 2441 911 accepit
2479 839 2639 911 184
2663 841 2728 894 ab
2760 840 2877 909 ipso
2930 840 3047 903 illo,
3083 842 3174 909 qui
3218 842 3266 895 ei
3315 856 3409 911 ap-

1835 951 1897 1003 pa
1909 944 2109 993 ruerat.
2136 934 2266 999 Deo,
2286 933 2427 1002 quod
2448 934 2659 1000 cippum
2686 931 2793 985 Deo
2812 932 2916 985 sibi
2941 932 3054 986 viso
3082 932 3410 989 inunxisset.

1839 1026 2123 1079 Christum
2154 1033 2331 1077 autem
2359 1022 2552 1091 lapidis
2586 1023 2803 1075 nomine
2829 1022 2881 1075 in
2918 1022 3243 1077 testimoniis
3266 1022 3409 1077 mul-

1838 1120 1909 1172 tis
1962 1118 2260 1185 Scripturze
2315 1131 2513 1170 arcane
2572 1114 2868 1183 designari.
2927 1124 2982 1169 et
3048 1116 3411 1184 quodcunque

1838 1221 2169 1283 unguentum
2199 1213 2315 1266 sive
2345 1212 2471 1275 olei,
2498 1211 2612 1264 sive
2653 1220 2863 1274 stactie,
2900 1211 3015 1264 sive
3046 1212 3282 1264 aliarum
3344 1228 3411 1264 ex

1838 1307 2097 1373 unguenti
2150 1304 2547 1371 compositione
2609 1304 2951 1365 unctionnm,
3016 1302 3186 1369 ipsius
3244 1304 3412 1355 l'ui~se

1839 1398 2091 1452 similiter
2120 1395 2633 1457 demonstravimus,
2656 1393 2935 1463 Scriptura
2954 1396 3169 1449 dicente
3199 1411 3212 1445 :
3240 1418 3256 1445 ι
3278 1395 3411 1449 Pro-

1840 1501 2021 1559 pterea
2054 1490 2209 1542 unxit
2237 1500 2309 1552 te,
2338 1489 2507 1550 Deus,
2539 1487 2679 1541 Deus
2714 1499 2836 1541 tuus
2885 1488 3005 1541 oleo
3034 1488 3413 1542 exsultationis

1841 1599 2001 1651 Supra
2032 1591 2318 1634 consortes
2363 1589 2482 1633 tuos
2510 1579 2573 1633 ".
2628 1598 2646 1631 ι
2694 1578 2825 1631 Nam
2883 1594 3036 1646 reges
3094 1589 3145 1632 et
3220 1571 3409 1631 chriin

1843 1690 2032 1729 clunes
2065 1673 2133 1727 ab
2172 1688 2239 1728 eo
2271 1672 2599 1735 habuerunt,
2626 1680 2680 1723 ut
2713 1682 2767 1724 et
2800 1686 2956 1740 rcges
2979 1681 3031 1723 et
3066 1671 3253 1724 chriSti
3312 1686 3410 1722 vo-

1841 1777 2135 1831 carentur;
2190 1765 2655 1833 quemadmodum
2687 1772 2741 1815 et
2770 1764 2882 1831 ipse
2920 1780 2948 1815 a
2981 1762 3141 1815 Patre
3180 1762 3409 1829 accepit,

1843 1870 1901 1913 ut
1922 1858 2036 1913 Rex
2069 1867 2122 1912 et
2148 1858 2406 1912 Christus
2434 1865 2576 1909 esset
2602 1866 2656 1908 et
2682 1854 2949 1909 Sacerdos
2975 1866 3028 1908 ct
3050 1854 3309 1923 Angelus,
3359 1865 3413 1907 et

1842 1966 2185 2021 qnmcunque
2212 1950 2378 2003 habet
2408 1961 2499 2002 aut
2536 1950 2749 2003 habuit.
2785 1949 3018 2002 Aaronis
3088 1949 3233 2016 virga
3288 1963 3410 2000 cmn

1842 2046 2097 2101 fruticata
2160 2055 2324 2108 esset,
2361 2044 2812 2111 pontilicemeum
2850 2042 3161 2095 declaravit.
3196 2042 3411 2109 Virgam

1841 2140 2078 2194 eradice
2133 2136 2287 2192 Jesse
2332 2136 2665 2190 nasciturum
2715 2150 2835 2189 esse
2900 2134 3173 2189 Christum
3246 2136 3415 2189 lsaias

1841 2232 2109 2301 przedixit.
2138 2230 2201 2283 Et
2236 2230 2401 2282 David
2438 2247 2450 2280 :
2484 2248 2501 2279 ι
2533 2226 2811 2295 Tanquam
2840 2227 3066 2296 lignum,
3096 2230 3237 2295 quod
3263 2229 3419 2297 [lan-

1845 2336 2014 2379 tatnm
2048 2333 2131 2378 est
2164 2338 2321 2376 secus
2348 2326 2607 2375 decursus
2638 2314 2928 2389 aquarum,
2983 2322 3126 2389 quod
3176 2320 3412 2377 fructum

1843 2433 1998 2471 sumn
2025 2416 2176 2468 dabit
2208 2414 2259 2467 in
2298 2424 2539 2481 tempore
2571 2428 2691 2477 suo,
2722 2422 2775 2465 ct
2801 2412 2983 2465 folium
3033 2412 3147 2479 ejus
3179 2430 3285 2467 non
3315 2418 3414 2470 de-

1841 2510 1989 2571 ﬂuet,
2039 2528 2059 2560 ι
2096 2508 2171 2560 ait
2207 2522 2325 2559 esse
2350 2505 2554 2573 justum
2584 2504 2647 2555 ³⁵.
2693 2504 2905 2557 Dictum
2954 2505 3117 2557 etiam
3149 2504 3276 2559 illud
3309 2516 3413 2570 est,

1843 2603 1959 2657 fore
1990 2614 2045 2653 ut
2071 2599 2254 2667 justus
2292 2609 2347 2649 ut
2383 2597 2555 2664 palma
2600 2594 2811 2650 llureat.
2851 2596 2925 2649 Ex
2968 2596 3115 2664 ligno
3150 2598 3297 2653 visus
3334 2610 3416 2651 est

1843 2695 2078 2750 Abrahre
2132 2693 2302 2751 Deus,
2354 2688 2808 2757 quemadmodum
2860 2689 3119 2756 scriptum
3175 2700 3295 2752 est,
3347 2692 3413 2742 ad

1844 2802 2106 2856 quercum
2140 2782 2403 2837 Mambre.
2434 2782 2789 2851 Septuaginta
2827 2783 3024 2834 salices
3050 2790 3101 2833 et
3135 2783 3416 2835 duodecim

1846 2880 2027 2931 fontes
2053 2878 2256 2930 invenit
2286 2875 2513 2944 populus
2546 2876 2867 2927 transmisso
2890 2873 3155 2938 Jordane;
3188 2874 3239 2926 in
3265 2873 3415 2942 virga

1844 2980 1899 3024 et
1932 2968 2129 3023 baculo
2162 2968 2331 3022 David
2373 2966 2800 3020 consolationem
2840 2980 2897 3018 se
2926 2982 2952 3015 a
2987 2965 3097 3019 Deo
3142 2967 3416 3030 accepisse

1845 3060 1997 3116 dicit.
2034 3059 2206 3128 Ligno
2256 3058 2483 3110 Elisaaus
2520 3057 2571 3108 in
2608 3054 2830 3107 ﬂuvium
2886 3056 3173 3110 Jordauem
3226 3058 3411 3119 missu,

1848 3155 2049 3209 ferrum
2082 3152 2292 3206 securis
2326 3149 2621 3211 revocavit,
2662 3164 2897 3216 quacum
2940 3150 3165 3216 profecti
3200 3150 3415 3204 fuerant

166 3235 331 3286 νεγκε
370 3221 461 3272 τὸν
510 3221 721 3292 σίδηρον
762 3223 858 3292 τῆς
903 3222 1121 3292 ἁξίνης,
1172 3225 1229 3276 ὲν
1349 3228 1740 3295 πεπορευμένοι

1852 3248 1947 3301 lilii
1986 3244 2405 3314 prOphetarum,
2444 3251 2499 3293 ut
2534 3241 2674 3310 ligna
2714 3240 2985 3293 caederent
3030 3240 3094 3292 ad
3138 3240 3418 3295 aedificano

168 3306 317 3381 ἦσαν
347 3315 396 3363 oi.
438 3313 540 3364 υἱοὶ
578 3312 685 3365 τῶν
723 3314 1048 3385 προφητῶν,
1089 3315 1250 3382 κόψαι
1283 3314 1409 3378 ξύλα
1435 3319 1511 3379 είς
1549 3319 1747 3370 οἰκοδο-

167 3401 276 3471 μὴν
314 3402 406 3455 τοῦ
440 3403 609 3468 οἴκου,
646 3407 703 3456 ὲν
795 3405 884 3457 τὸν
936 3407 1097 3475 νόμον
1132 3409 1225 3459 καὶ
1258 3407 1324 3460 τὰ
1356 3410 1745 3477 προστάγματα

164 3493 262 3545 τοῦ
292 3493 427 3547 Θεοῦ
457 3496 633 3563 λέγειν
659 3498 753 3551 καὶ
781 3498 1007 3567 μελετᾷν
1034 3500 1312 3552 ἐϐούλοντο
1334 3519 1346 3531 ·
1379 3501 1453 3564 ὡς
1482 3501 1572 3553 καὶ
1602 3504 1744 3571 ἡμᾶς

169 3587 635 3657 βεϐαπτισμένους
664 3593 782 3653 ταῖς
818 3590 1141 3660 βαρυτάταις
1166 3594 1457 3664 ἁμαρτίαις
1490 3594 1553 3657 ἃς
1582 3596 1745 3666 ἐπρά-

168 3679 341 3750 ξαμεν
364 3722 378 3745 ,
416 3682 500 3733 διὰ
532 3682 623 3734 τοῦ
655 3684 1025 3755 σταυρωθῆναι
1070 3687 1163 3738 ἐπὶ
1201 3686 1293 3739 τοῦ
1343 3686 1496 3750 ξύλου
1538 3689 1633 3740 καὶ
1676 3689 1742 3740 δι’

166 3773 360 3837 ὓδατος
410 3776 623 3841 ἁγνίσαι
672 3778 699 3827 ὁ
746 3777 980 3846 Χριστος
1024 3778 1178 3847 ἡμῶν
1226 3778 1601 3849 ὲλυτρὼσατο,
1651 3783 1742 3834 καὶ

167 3862 319 3917 οἷκον
359 3866 520 3935 εὐχῆς
561 3868 651 3919 καὶ
692 3870 1110 3938 προσκυνήσεως
1140 3869 1378 3940 ἐποίησε.
1411 3872 1519 3924 Καὶ
1552 3874 1743 3941 ῥάϐδος

167 3952 236 4025 ἦν
279 3959 312 4026 ἡ
362 3958 578 4021 δείξασα
633 3961 829 4012 Ἰούδαν
874 3961 1082 4029 πατέρα
1127 3961 1233 4013 τῶν
1273 3963 1380 4014 ἀπὸ
1419 3962 1613 4034 Θάμαρ
1658 3965 1738 4016 διὰ

169 4048 316 4118 μέγα
352 4050 645 4120 μυστήριον
674 4051 783 4121 (45)
818 4052 1200 4120 γεννηθέντων.

242 4160 330 4213 87.
374 4162 481 4212 Καὶ
513 4163 540 4213 ὸ
568 4162 817 4231 Τρύφων,
850 4164 1092 4226 εἰπόντος
1126 4181 1224 4234 μου
1256 4162 1423 4215 ταῦτα
1445 4206 1457 4227 ,
1484 4164 1584 4235 ἔφη
1606 4180 1619 4193 ⁸
1651 4166 1739 4236 Μή

174 4266 241 4317 με
288 4249 474 4301 λοιπὸν
527 4251 870 4321 ὑπολάμϐανε
922 4253 1245 4323 ἀνατρέπειν
1297 4253 1626 4324 πειρώμενον
1677 4256 1743 4310 τὰ

170 4342 275 4394 ὑπὸ
306 4342 399 4394 σοῦ
432 4343 722 4413 λεγόμενα,
756 4346 1115 4398 πυνθάνεσθαι
1142 4348 1239 4399 ὃσα
1270 4346 1334 4399 ἂν
1362 4347 1740 4418 πυνθάνωμαι,

169 4431 305 4485 ἄλλα
339 4432 619 4501 βούλεσθαι
653 4436 939 4503 μανθάνειν
977 4437 1101 4506 περὶ
1131 4438 1330 4489 τούτων
1366 4438 1540 4489 αὐτῶν
1574 4432 1647 4490 ὧν
1679 4440 1743 4491 ἂν

1853 3342 1973 3390 dam
2006 3339 2248 3397 domum,
2281 3336 2329 3388 in
2368 3350 2472 3402 qua
2508 3334 2675 3401 legem
2709 3343 2762 3384 et
2798 3332 3049 3385 mandata
3096 3332 3185 3386 Dei
3223 3335 3418 3401 pradi-

1853 3447 1978 3483 carc
2013 3442 2065 3480 et
2104 3427 2351 3480 meditari
2403 3427 2690 3487 volebant;
2740 3424 3195 3491 quemadmodum
3231 3436 3281 3478 et
3319 3440 3417 3479 nos

1852 3522 2090 3590 peccatis
2142 3518 2521 3589 gravisSimis,
2564 3532 2685 3585 qua:
2734 3516 3088 3576 admisimus,
3141 3515 3418 3568 demersus

1846 3613 2098 3668 Christus
2134 3621 2317 3665 noster
2350 3620 2458 3663 tum
2495 3626 2591 3678 per
2624 3610 2825 3678 lignum
2848 3648 2861 3669 ,
2896 3608 2947 3659 iu
2984 3622 3090 3674 quo
3122 3608 3418 3661 cruciﬁxus

1846 3718 1947 3769 cst,
1986 3716 2094 3757 tum
2138 3720 2232 3772 per
2281 3718 2501 3772 aquam,
2550 3718 2653 3770 qua
2702 3703 3007 3765 expiantur,
3050 3699 3300 3752 liberavit
3353 3715 3417 3752 ae

1851 3800 2070 3851 donmm
2118 3794 2448 3864 precationis
2501 3802 2553 3845 et
2610 3792 2942 3845 adoratiunis
2994 3790 3194 3841 elicuit.
3258 3788 3417 3859 Virga

1848 3891 2013 3943 etiam
2050 3900 2187 3951 erat,
2224 3906 2342 3956 qum
2378 3887 2566 3939 .ludam
2599 3901 2786 3938 eorum
2814 3894 3021 3952 patrem
3044 3897 3163 3935 esse
3196 3882 3417 3935 demon-

1849 3981 2063 4041 stravit,
2101 3997 2235 4049 quus
2268 3997 2331 4033 ex
2370 3980 2609 4031 Thamar
2644 3993 2749 4030 non
2782 3976 2900 4028 sine
2937 3990 3130 4043 magno
3161 3976 3418 4043 mysterio

1847 4084 2133 4143 genuerat.

1918 4165 2005 4219 87.
2046 4162 2239 4232 Objicit
2299 4162 2505 4231 Trypho
2549 4164 2660 4213 hn'c
2705 4160 2886 4224 verba,
2932 4178 2949 4209 ι
3001 4156 3067 4211 Ει
3115 4158 3422 4222 requiescet

1849 4271 2013 4324 super
2044 4270 2190 4317 eum,
2221 4263 2327 4307 etc.
2368 4253 2717 4319 implicantur
2751 4266 2781 4300 a
2803 4248 3032 4303 Iustino.
3058 4277 3128 4286 ——
3156 4247 3251 4300 llic
3278 4248 3417 4317 Try-

1849 4349 1979 4419 pho,
2008 4362 2132 4400 cum
2168 4346 2283 4399 haec
2316 4346 2576 4397 dixissem
2600 4382 2612 4402 ,
2653 4340 2730 4393 Ne
2771 4355 2877 4402 nne,
2917 4340 3084 4406 inquit
3112 4379 3126 4400 ,
3162 4339 3418 4406 deinceps

1851 4439 2135 4493 existimes
2179 4444 2425 4488 evertere
2474 4443 2771 4485 lentanlcm
2816 4447 2933 4498 quze
2973 4446 2999 4481 a
3050 4440 3098 4482 le
3125 4429 3402 4492 dicuntur,

170 4529 381 4595 ὶρωτῶ.
416 4529 547 4581 Εἰπὲ
586 4526 678 4582 οὖν
712 4546 838 4599 μοι,
869 4529 955 4582 διὰ
987 4529 1079 4581 τοῦ
1126 4530 1343 4582 Ἡσαΐου
1376 4532 1618 4595 εἰπόντος
1649 4532 1740 4585 τοῦ

1854 4530 2167 4600 percontari
2205 4526 2467 4597 quidquid
2511 4532 2860 4595 percontatus
2900 4523 3072 4589 fuero,
3106 4526 3198 4576 sed
3232 4525 3295 4576 de
3334 4524 3421 4577 his

276 4684 323 4715 ³³
360 4681 501 4737 Psal.
532 4698 673 4746 κων,
703 4682 757 4736 8.
834 4682 878 4714 ³⁸
920 4682 1064 4737 Psal.
1102 4698 1143 4748 1,
1175 4682 1228 4735 5.

240 4840 358 4906 (57)
404 4837 839 4902 Ἀπεδείξαμεν.
894 4836 1120 4891 Videtur
1178 4837 1289 4889 lucc
1343 4832 1589 4888 Justinus
1643 4835 1736 4906 de-

169 4921 508 4964 monstrasse
543 4925 594 4961 u.
629 4910 718 4970 65,
749 4908 835 4961 ubi
860 4906 1044 4960 Jesum
1077 4922 1197 4960 esse
1231 4907 1507 4960 Christum
1544 4905 1739 4972 prohat

170 4981 259 5033 his
284 4978 488 5041 verbis,
527 4998 545 5029 ι
582 4978 745 5033 Unait
785 4988 857 5039 te,
898 4980 1058 5038 Deus,
1091 4977 1231 5030 licus
1264 4987 1404 5039 tuus,
1444 4992 1462 5024 ι
1500 4988 1553 5027 ct
1582 4974 1740 5027 Chri-

171 5055 389 5102 stianos
427 5051 491 5101 ab
520 5064 584 5101 eo
619 5050 993 5101 denominatos
1026 5049 1243 5099 asserit.

241 5120 359 5183 (58)
406 5118 475 5172 Τὸ
505 5118 820 5183 βασιλεύς.
860 5117 1059 5183 Supple
1088 5111 1225 5168 εἶναι
1262 5115 1342 5168 vel
1373 5114 1647 5182 λέγεσθαι.

242 5190 359 5258 (39)
398 5188 709 5245 Δὼσεινηη
742 5184 1251 5253 ἀπορῤυήσεσθαι.
1290 5188 1444 5258 Nulla
1482 5185 1577 5258 hic
1608 5201 1738 5238 con-

170 5256 357 5314 textus
388 5261 728 5325 corruptela;
762 5264 855 5312 sed
893 5267 1100 5309 tantum
1129 5257 1448 5310 Subauditur
1478 5256 1581 5323 ἔφη
1607 5295 1620 5317 ,
1658 5267 1742 5308 at-

172 5346 281 5398 que
332 5330 436 5383 hoc
482 5331 704 5381 verbum
755 5330 909 5382 satis
937 5326 1038 5383 fuit
1080 5328 1244 5398 semel
1292 5340 1543 5398 ponere,
1582 5329 1741 5392 idque

172 5395 481 5454 iiummeris
541 5401 679 5464 apud
748 5399 971 5453 Cra-cos
1030 5407 1085 5448 et
1154 5397 1376 5449 Latinus
1440 5395 1740 5462 scriptores

171 5470 446 5537 exemplis
492 5470 896 5537 comprobatum
928 5476 1031 5519 est.
1068 5465 1374 5535 cheudum
1406 5467 1617 5519 videtur
1645 5466 1741 5517 civ—

172 5539 240 5593 01':
251 5558 365 5593 σειν

408 5607 486 5676 Τῇ
518 5606 788 5677 Μαμϐρῆ.
824 5606 1007 5659 Codex
1054 5618 1281 5676 uterque
1324 5604 1631 5677 ms.7hah_et
1672 5605 1739 5657 ad

173 5674 479 5748 marginem
512 5681 570 5731 ὲν
597 5674 662 5749 τῇ
688 5674 963 5748 Μαμϐρῇ.
1008 5676 1099 5733 Sic
1131 5674 1294 5731 etiam
1331 5680 1395 5729 lt.
1434 5674 1743 5742 Stephanus

171 5755 241 5801 ad
276 5750 504 5803 calcem.
1161 5759 1171 5771 ‘

247 5819 363 5887 (41)
403 5817 719 5885 Ἰορδάνην.
759 5817 905 5871 Mare
948 5815 1222 5881 Rubrum,
1270 5831 1373 5871 non
1425 5814 1739 5882 Jordancm,

174 5900 232 5943 ut
268 5892 523 5945 observat
553 5888 758 5941 'l'hirlb.

428 5978 696 6044 PATROL.
728 5981 844 6041 Gn.
874 5981 979 6045 VI.

1910 4832 2021 4899 (49.)
2059 4831 2258 4884 Ξύλον
2290 4832 2652 4897 Ἐλισσαῖος.
2693 4832 2903 4886 Similia
2940 4834 3109 4890 habes
3139 4836 3277 4903 apud
3312 4834 3423 4889 ire-

1842 4918 2016 4974 nzeum
2071 4902 2165 4955 lib.
2212 4918 2288 4962 tv,
2326 4918 2377 4955 c.
2415 4904 2500 4961 t7.
2542 4904 2680 4974 et_in
2724 4903 3082 4972 Fragmcutis,
3111 4902 3234 4974 pag.
3286 4907 3416 4960 347.

1839 4970 2111 5025 Justinum
2140 4976 2302 5025 etiam
2334 4974 2571 5025 imitatur
2596 4970 2961 5026 Tertullianus
2988 4976 3079 5027 Iili.
3106 4970 3236 5028 Ᾰάὶ.
3260 4976 3418 5039 Jud.,

1843 5060 1894 5096 (ξ.
1932 5042 2018 5103 15,
2051 5057 2172 5095 cum
2218 5043 2463 5110 pluribus
2502 5043 2627 5111 ligni
2666 5044 2843 5095 crucis
2887 5044 3075 5110 liguris
3121 5061 3417 5097 recensen-

1844 5115 1956 5175 dis,
2010 5122 2120 5164 tum
2171 5114 2406 5165 maxime
2454 5113 2554 5165 hoc
2596 5113 2772 5166 Eliszci
2820 5116 3105 5167 miraculo.
3158 5113 3274 5167 Vlli-
3304 5116 3414 5170 Jul.

1842 5183 2012 5235 Firm.
2048 5181 2126 5233 De
2154 5200 2337 5236 errore
2362 5182 2574 5249 profari.
2612 5186 2737 5245 relig

1912 5254 2025 5319 (45)
2067 5255 2169 5306 Διὰ
2196 5252 2350 5321 μέγα
2377 5252 2732 5321 μυστήριον.
2772 5253 3047 5306 Thirlhius
3095 5254 3213 5306 loco
3251 5255 3419 5309 allato

1844 5337 1908 5376 ex
1948 5324 2085 5376 lreu.
2118 5324 2153 5377 Ι,
2188 5340 2263 5385 ιν,
2300 5343 2349 5377 c.
2376 5323 2467 5379 25.
2507 5325 2593 5376 ubi
2624 5325 2737 5375 [nec
2766 5326 2833 5377 de
2860 5326 3142 5377 vocatione
3175 5328 3414 5389 gentium

1844 5406 1898 5445 ct
1952 5396 2339 5459 reprobatione
2388 5393 2695 5447 Judzcorum
2748 5395 3159 5462 intelliguntur,
3217 5398 3416 5447 addit:

1851 5482 1868 5512 ι
1920 5464 2116 5516 Nescio
2160 5480 2226 5516 an
2271 5466 2374 5518 hoc
2408 5470 2477 5517 sit
2513 5465 2831 5534 mysteriqu
2881 5467 3024 5531 quod
3062 5466 3175 5516 vult
3210 5475 3415 5527 uoster,

1849 5545 1999 5586 certe
2038 5548 2140 5606 non
2168 5535 2416 5588 absimile
2447 5544 2530 5606 est
2560 5535 2677 5602 ejus
2712 5538 3011 5606 mysteriis.
3048 5553 3066 5606 ι
3104 5536 3418 5606 Sedtamen

1846 5619 1953 5658 non
1982 5604 2079 5656 soli
2109 5603 2352 5659 Justinus
2386 5616 2439 5658 et
2474 5604 2731 5668 lremeus,
2767 5603 2875 5658 'sed
2909 5605 3063 5657 multi
3096 5606 3183 5655 alii
3225 5603 3421 5656 Patres

1848 5674 1921 5725 ita
1950 5688 2245 5738 censuere,
2283 5685 2340 5728 ut
2387 5676 2574 5727 videre
2618 5686 2699 5728 est
2734 5679 2875 5742 apud
2932 5685 3416 5735 cetutlmululm'cs,

1848 5759 2077 5809 quorum
2104 5746 2403 5801 doctissimi
2449 5745 2649 5814 quique
2684 5747 3011 5801 sententiam
3048 5745 3271 5797 Patrum
3318 5761 3418 5797 se-

1850 5826 2109 5881 quuntur.

3100 5975 3180 6035 22
