4144 6420
242 347 390 402 1289

954 334 1414 405 QUIESTIONES
1446 333 1532 389 ET
1569 333 2086 390 RESPONSIONES
2124 332 2214 386 AD
2248 331 2736 393 ORTHODOXOS.

3339 341 3475 397 1290

238 465 516 530 εαζόντων
536 463 633 534 τὴν
659 462 818 530 ἁγίαν
843 460 936 512 καὶ
956 458 1218 529 όμότιμον
1243 455 1467 528 Τριάδα,
1506 455 1598 507 ἐπὶ
1622 453 1699 524 τῷ
1727 471 1800 523 με

1921 458 1974 506 et
2003 435 2120 523 pari
2153 452 2361 506 honore
2392 452 2626 534 dignam:
2650 450 2994 516 Trinitatem,
3030 457 3188 525 cujus
3218 458 3472 527 baptizati

239 556 395 624 γέθει
419 554 526 608 τῶν
549 540 706 608 θείων
732 550 966 622 δωρεῶν,
988 545 1058 621 ἧς
1082 547 1158 617 τῷ
1188 547 1408 616 ὀνόματι
1433 544 1813 617 βαπτισθέντες

237 631 660 716 ἐδικαιώθησαν,
701 642 953 703 λαϐόντες
984 640 1084 708 τῆς
1129 638 1238 690 τῶν
1279 637 1542 708 οὐρανίων
1565 637 1660 690 καὶ
1686 638 1812 689 αίω-

238 738 374 790 νίων
408 735 624 804 ἀγαθῶν
655 733 939 804 μετουσίας
959 730 1057 801 τὴν
1081 729 1287 782 ἐλπίδα.
1331 731 1427 781 Ὃν
1459 728 1566 798 γὰρ
1590 727 1812 780 ἐθεάσα-

235 845 304 881 το
334 829 365 880 6
404 827 686 900 προφήτης
732 824 975 892 ἄνθρακα
1007 823 1118 885 τοῖς
1146 819 1467 891 ἀκαθάρτοις
1513 818 1673 872 αὑτοῦ
1703 819 1811 889 χεί-

233 908 360 974 λεσι
401 917 836 990 προσαγόμενον,
900 917 977 978 εἰς
1019 915 1283 984 κάθαρσιν
1324 913 1562 984 ἀνομιῶν
1617 931 1676 966 τε
1719 914 1816 966 καὶ

236 1010 547 1081 ἁμαρτιῶν,
582 1011 803 1080 μήνυμα
829 1004 942 1076 εἶχε
969 1007 1066 1076 τῆς
1103 1005 1432 1074 Δεσποτικῆς
1468 1005 1668 1078 σαρκὸς
1709 1021 1808 1057 κα-

235 1099 569 1172 θαριξούσης
594 1099 653 1151 τὸ
681 1097 915 1160 συνειδὸς
939 1097 1048 1149 τῶν
1073 1095 1355 1148 ἐσθιόντων
1381 1095 1550 1166 αὐτὴν
1577 1096 1682 1148 ἀπὸ
1707 1096 1808 1150 πά-

232 1209 345 1262 σης
371 1191 637 1253 ἀσεϐείας.
664 1189 762 1243 Διὰ
787 1187 843 1242 δέ
865 1189 965 1258 τῆς
1005 1187 1144 1240 κατὰ
1186 1186 1274 1240 τὸν
1320 1189 1602 1258 προφήτην
1656 1187 1808 1252 Ἱεζε-

233 1284 368 1353 κιὴλ
393 1271 652 1344 ὀπτασίας
689 1281 758 1334 τὰ
795 1280 1054 1350 μέλλοντα
1093 1279 1281 1349 ἐδήλου
1322 1277 1692 1350 συμϐήσεσθαι
1730 1279 1808 1348 τῷ

233 1373 703 1443 Ναϐουχοδονόσορ
727 1372 939 1442 βασιλεί
963 1371 1293 1434 Βαϐυλῶνος,
1337 1370 1688 1440 ψυχαγωγίαν
1723 1369 1807 1422 όν-

231 1480 304 1514 τα
331 1463 439 1515 τῶν
466 1464 522 1515 ἐν
545 1464 608 1531 τῇ
635 1462 977 1533 αίχμαλωσίᾲ
1003 1463 1060 1515 ἐν
1085 1461 1362 1516 Βαϐυλῶνι
1388 1461 1555 1514 ὄντων
1595 1463 1804 1531 Ἰσραη-

229 1555 417 1607 λιτῶν.
453 1553 740 1607 Ἐθεάσατο
764 1553 820 1606 δέ
858 1554 886 1606 ό
912 1555 1198 1626 προφήτης
1215 1554 1648 1625 τετραπρόσωπα
1670 1554 1801 1618 ζῶα,

229 1643 550 1714 ὁμοιώματα
578 1642 766 1713 ἔχοντα
794 1642 1078 1714 ἀνθρώπου
1107 1661 1166 1696 τε
1205 1644 1298 1697 καὶ
1332 1644 1570 1708 λέοντος,
1605 1645 1802 1716 μόσχου

231 1751 295 1786 τε
320 1732 410 1786 καὶ
437 1734 612 1787 ἀετοῦ.
649 1735 810 1802 Λέγει
850 1735 905 1787 δὲ
941 1736 1033 1788 καὶ
1064 1737 1092 1788 6
1126 1738 1404 1808 προφήτης
1444 1737 1640 1806 Δανιὴλ
1677 1740 1804 1809 περὶ

1916 545 1968 597 in
1990 544 2210 598 nomine
2230 543 2516 612 justillcati
2565 528 2804 607 fuerunt,
2825 560 2920 613 spe
2949 555 3171 616 accepta
3222 564 3281 603 se
3311 551 3468 605 caele-

1915 637 2079 691 stium
2112 643 2165 689 et
2193 645 2518 690 aeternorum
2575 635 2837 691 bonorum
2892 639 3186 712 participes
3237 641 3469 698 futuros.

1912 727 2080 793 Quem
2109 729 2254 782 enim
2290 727 2421 780 vidit
2445 726 2703 796 prOpheta
2725 727 3012 781 carbonem
3046 730 3203 799 labiis
3225 731 3340 785 suis
3364 748 3470 786 non

1910 819 2062 888 puris
2075 819 2350 871 admotum
2365 817 2430 870 ad
2453 819 2896 887 expurgationem
2924 818 3104 889 458.
3121 818 3470 889 iniquitatnim

1910 920 1963 966 et
1985 917 2351 980 peccatorum,
2376 911 2423 965 is
2451 911 2712 969 indicium
2760 905 2992 965 habebat
3031 910 3323 968 Dominicaa
3351 930 3474 969 car-

1910 1003 2018 1066 nis,
2051 1019 2171 1072 quae
2209 1003 2573 1059 conscientias
2630 999 3026 1060 comedentium
3084 1015 3348 1075 expurgat
3405 1007 3473 1064 ab

1908 1096 2055 1149 omni
2091 1095 2400 1167 iniquitate.
2433 1095 2538 1149 Per
2557 1095 2792 1149 oblatam
2823 1103 3002 1148 autem
3037 1095 3302 1151 Ezechieli
3346 1114 3474 1167 pro—

1908 1188 2080 1256 pheta
2109 1187 2372 1246 visionem
2404 1202 2466 1241 ea
2501 1186 2905 1249 indicabantur,
2946 1202 3067 1255 quae
3106 1187 3471 1244 Nabuchodo-

1908 1293 2072 1333 nosor
2093 1277 2206 1354 regi
2240 1277 2530 1348 Babylonis
2551 1285 2809 1335 eventura
2839 1287 2994 1332 erant
3026 1281 3079 1333 in
3111 1281 3364 1336 solatium
3393 1280 3472 1336 ls-

1908 1370 2240 1434 raelitarum,
2275 1370 2365 1438 qui
2388 1368 2657 1439 Babylone
2687 1369 2883 1438 captivi
2913 1383 3086 1426 erant.
3125 1371 3271 1427 Vidit
3293 1385 3470 1430 autem

1905 1461 2165 1530 propheta
2192 1461 2531 1532 quadruplici
2581 1461 2718 1516 facie
2749 1463 3016 1518 instructa
3062 1468 3336 1534 animalia,
3392 1474 3469 1525 si-

1905 1552 2264 1607 militudinem
2320 1551 2576 1608 habentia
2626 1554 2862 1610 hominis
2911 1564 2966 1610 et
2998 1556 3192 1623 leonis.
3226 1561 3379 1615 vituli
3418 1572 3470 1616 et

1905 1645 2116 1714 aquilae.
2148 1643 2412 1699 Memorat
2444 1653 2620 1699 autem
2648 1653 2702 1699 et
2730 1645 2798 1699 de
2818 1645 3320 1705 Nabuchodonosor
3343 1667 3470 1721 pro-

1905 1736 2065 1806 pheta
2101 1735 2286 1791 Daniel
2309 1752 2518 1806 ungues
2549 1737 2670 1806 ejus
2689 1738 2925 1793 crevisse
2959 1747 3018 1793 ut
3047 1734 3264 1809 aquilze,
3289 1745 3470 1800 crines

229 1821 328 1874 τοῦ
382 1821 877 1896 Ναϐουχοδονόσορν,
908 1825 988 1877 ὅτι
1038 1825 1350 1911 ηὐξήθησαν
1377 1827 1484 1897 (64)
1512 1831 1559 1880 οἱ
1618 1829 1800 1900 ὄνυχες

1906 1837 1965 1882 ut
2005 1813 2198 1892 leonis,
2247 1828 2468 1882 herbam
2513 1838 2733 1899 pastum
2773 1845 2896 1884 esse
2930 1841 2988 1884 ut
3019 1832 3272 1898 vitulum,
3299 1843 3352 1889 et
3373 1853 3470 1892 cor

228 1915 399 1968 αιύτοῦ
423 1918 496 1980 ὡς
523 1917 701 1982 ἀετοῦ,
732 1918 823 1970 καὶ
853 1919 908 1971 αἱ
936 1920 1117 1990 τρίχες
1142 1919 1307 1973 αὑτοῦ
1334 1921 1410 1984 ὡς
1436 1921 1647 1986 λέοντος
1665 1965 1679 1984 ,
1709 1926 1804 1976 καὶ

228 2005 424 2078 χόρτον
463 2005 744 2077 ἐψώμισαν
785 2009 948 2062 αὑτὸν
999 2011 1076 2073 ὡς
1117 2011 1208 2062 τὸν
1249 2011 1465 2082 μόσχον,
1492 2014 1586 2065 καὶ
1609 2014 1805 2084 καρδία

229 2096 516 2167 ἀνθρώπου
546 2098 696 2169 ἐδόθη
728 2097 894 2168 αὐτῷ.
937 2099 1031 2152 Ἐκ
1055 2090 1258 2169 ταύτης
1299 2100 1356 2154 δὲ
1402 2102 1502 2171 τῆς
1542 2103 1804 2167 ὀπτασίας

227 2188 584 2258 ψυχαγωγίαν
635 2191 755 2246 τινὰ
811 2191 1050 2262 ἐντίθησι
1103 2195 1215 2256 τοῖς
1281 2192 1662 2265 Ἰσραηλίταις,
1706 2195 1801 2248 τοῦ

229 2279 368 2350 πρὸς
391 2281 486 2352 τήν
516 2280 625 2352 (65)
653 2281 918 2350 κραταίαν
954 2299 1013 2334 τε
1056 2285 1150 2336 καὶ
1186 2284 1408 2356 ἰσχυρὰν
1451 2287 1652 2358 σφόδρα
1695 2286 1803 2339 τῶν

227 2371 584 2431 Βαϐυλωνίων
613 2371 928 2431 δυναστείαν
970 2373 1447 2445 ἀποϐλεψαμένους
1473 2379 1568 2431 καὶ
1596 2380 1653 2430 ἐν
1680 2377 1805 2430 ἀπο·

223 2457 425 2529 γνώσει
442 2463 785 2527 καθεστῶτας
809 2463 902 2516 τοῦ
946 2463 1014 2536 μή
1047 2465 1298 2519 δύνασθαι
1322 2467 1400 2522 ἔτι
1423 2470 1488 2521 ἐκ
1514 2468 1609 2538 τῆς
1634 2470 1804 2523 τοιαύ-

224 2570 328 2623 της
369 2554 740 2623 αἰχμαλωσίας
787 2559 970 2624 τυχεῖν
1010 2555 1336 2627 ἐλευθερίας.
1395 2559 1510 2612 Ἵνα
1563 2555 1655 2612 οῦν
1697 2560 1803 2613 ἀπὸ

223 2643 429 2713 ταύτης
454 2645 551 2714 τῆς
576 2643 934 2713 ἀπογνώσεως
971 2649 1278 2718 μεταστήσῃ
1305 2649 1430 2710 τοὺς
1469 2648 1802 2718 Ἰσραηλίτας

224 2735 257 2785 6
284 2732 434 2797 Θεὸς,
466 2737 560 2787 καὶ
589 2735 983 2807 παρασκευάσῃ
1019 2737 1214 2800 αὐτοὺς
1242 2737 1374 2809 πρὸς
1403 2739 1497 2809 τὴν
1524 2738 1686 2792 αὐτοῦ
1715 2739 1803 2792 δυ-

225 2824 480 2877 ναστείαν
507 2824 856 2889 ἀποϐλέπειν,
884 2825 1122 2877 δείκνυσι
1149 2825 1224 2896 τῷ
1243 2829 1495 2899 προφήτῃ
1523 2829 1729 2899 ήμὲρου
1743 2843 1802 2879 τε

225 2918 324 2968 καὶ
352 2918 628 2990 ἀνημέρου
653 2916 789 2980 ξὼου
819 2916 914 2986 τὴν
946 2915 1211 2982 σύζευξιν,
1243 2921 1336 2971 καὶ
1363 2918 1686 2990 βαρυσιῦμου
1708 2924 1801 2976 καὶ

226 3008 474 3061 πετεινοῦ
502 3008 598 3080 τὴν
626 3008 920 3079 σύμπηξιν.
957 3009 1197 3080 Ἥμερον
1231 3010 1328 3079 μὲν
1357 3011 1464 3080 γὰρ
1492 3010 1630 3074 ζῶον
1656 3015 1691 3078 ό.
1711 3012 1804 3066 ἄν-

226 3099 465 3170 θρωπος,
512 3102 783 3173 ἀνήμερον
827 3100 884 3152 δὲ
923 3102 952 3152 ὁ
1002 3099 1140 3152 λέων
1164 3119 1176 3131 ·
1225 3103 1319 3154 καὶ
1350 3101 1674 3174 βαρύσωμον
1705 3107 1802 3176 μὲν

1905 1918 2141 1974 hominis
2179 1920 2227 1973 ei
2281 1917 2468 1971 datum
2497 1934 2638 1974 esse.
2684 1918 2796 1974 l‘lac
2820 1931 2998 1975 autem
3027 1923 3236 1980 visione
3264 1927 3466 1997 aliquid

1904 2008 2086 2064 solatii
2140 2008 2314 2076 injicit
2352 2006 2631 2073 lsraelitis,
2685 2011 2777 2079 qui
2828 2022 3100 2079 potentem
3151 2030 3215 2071 ac
3275 2016 3469 2072 fortem

1902 2101 2059 2154 valde
2083 2097 2504 2190 Babydoniorum
2538 2099 2874 2155 dominatum
2908 2104 3280 2173 intuebantur,
3301 2125 3468 2181 seque

1902 2208 1968 2247 ex
2013 2193 2107 2246 tali
2149 2193 2458 2263 captivitate
2505 2194 2727 2248 liberari
2763 2210 2927 2264 posse
2969 2197 3352 2269 desperabant.
3400 2201 3469 2258 Ut

1901 2301 2032 2355 ergo
2053 2286 2123 2340 ab
2172 2286 2274 2339 hac
2325 2285 2704 2356 desperatione
2734 2286 3010 2344 lsraelitas
3053 2302 3266 2348 revocet
3299 2293 3464 2360 Deus,

1908 2391 2113 2446 eosque
2138 2375 2371 2432 adducat
2393 2387 2451 2431 ut
2474 2377 2541 2431 ad
2595 2379 2766 2446 ipsius
2806 2381 3103 2449 potentiam
3135 2386 3462 2453 respiciant,

1901 2467 2179 2536 prophetae
2212 2466 2453 2521 ostendit
2481 2467 2620 2522 lenis
2643 2477 2697 2522 et
2732 2468 2830 2522 feri
2849 2471 3100 2527 animalis
3122 2473 3465 2542 conjunctio-

1901 2573 2046 2622 nem,
2082 2573 2282 2628 corpus
2334 2575 2496 2629 grave
2521 2562 2760 2630 gerentis
2780 2569 2834 2615 et
2859 2563 3100 2617 volatilis
3118 2576 3466 2635 coagmenta-

1901 2652 2123 2706 tionem.
2152 2651 2296 2706 Lene
2329 2652 2474 2706 enim
2524 2652 2725 2707 animal
2777 2654 2962 2718 homo,
3016 2654 3191 2710 ferum
3244 2658 3358 2723 leo;
3410 2669 3466 2714 et

1902 2745 2051 2813 gravi
2085 2759 2314 2813 corpore
2344 2745 2544 2797 animal
2566 2747 3022 2808 vitulus,volatile
3044 2755 3097 2802 et
3119 2749 3232 2804 leve
3261 2752 3462 2821 aquila.

1900 2835 2102 2889 Partim
2139 2836 2303 2905 igitur
2340 2839 2677 2894 demonstrat
2707 2839 2931 2895 immitis
2957 2843 3104 2911 regni
3128 2841 3193 2915 in
3217 2858 3466 2898 mansueo

1899 2927 2166 2992 tudinem,
2190 2930 2389 2998 partim
2424 2930 2608 3000 gravis
2632 2931 2909 2986 servitutis
2933 2932 2988 2985 in
3017 2933 3320 2988 libertatem
3351 2951 3468 2989 mu-

1902 3019 2183 3075 tationem.
2226 3020 2364 3092 Jugo
2408 3023 2551 3076 enim
2599 3022 2880 3092 subjectus
2927 3025 3156 3089 vitulus,
3215 3026 3381 3081 libera
3432 3043 3461 3081 a

1900 3111 2032 3182 jugo
2065 3113 2264 3182 aquila.
2303 3111 2554 3168 Ostendit
2583 3124 2758 3170 autem
2793 3117 3070 3185 propheta:
3098 3118 3260 3172 etiam
3289 3129 3462 3173 rotam

225 3189 364 3254 ζῶον
388 3193 418 3243 6
440 3192 662 3262 μόσχος,
694 3193 933 3245 πετεινὸν
959 3193 1014 3246 δέ
1043 3195 1136 3246 καὶ
1159 3190 1357 3260 κοῦφον
1384 3191 1522 3255 ζῶον
1559 3197 1588 3247 6
1623 3195 1795 3260 ἀετός.

1901 3175 1993 3255 inv
2016 3175 2160 3268 rota,
2221 3215 2318 3273 per
2390 3204 2504 3259 haec
2560 3175 2810 3261 indicans
2881 3175 3191 3263 iudazorum
3269 3209 3466 3264 abdu—

235 3283 326 3334 Ἐν
355 3282 578 3346 ἐκείνοις
608 3284 704 3353 μὲν
727 3279 820 3337 οῦν
847 3283 1117 3356 δηλοῖ-τὴν
1140 3285 1241 3356 τῆς
1282 3284 1554 3354 βασιλείας
1583 3286 1644 3350 ἐξ
1669 3288 1801 3359 ἀνη-

224 3377 394 3448 μέρου
424 3377 502 3440 είς
525 3376 836 3448 ἡμερότητα
866 3377 1217 3446 μετάστασιν,
1263 3377 1322 3429 ἐν
1363 3376 1568 3441 τούτοις
1612 3379 1669 3431 δέ
1699 3381 1797 3451 τῆς

1897 3297 2134 3351 ctionem
2163 3296 2217 3350 in
2269 3297 2636 3365 captivitatem
2695 3306 2749 3352 et
2791 3299 3191 3356 restitutionem
3250 3302 3305 3354 in
3367 3318 3464 3373 pa-

1900 3389 2080 3438 triam.

225 3471 521 3543 βαρύτητος
565 3471 664 3540 τῆς
717 3471 956 3534 δουλείας
985 3474 1064 3534 εἰς
1107 3470 1203 3542 τὴν
1249 3471 1557 3543 ἐλευθερίαν
1613 3473 1930 3543 μεταϐολήν.
1971 3478 2266 3546 ’Υπόζυγος
2317 3480 2424 3550 γὰρ
2489 3483 2516 3532 6
2548 3481 2776 3550 μόσχος,
2830 3483 2994 3550 ζυγοῦ
3036 3484 3091 3536 δὲ
3130 3483 3407 3555 ἐλεύθερος
3433 3485 3464 3537 ό

219 3567 392 3629 ἀετός.
445 3567 694 3620 Δείκνυσι
739 3567 794 3618 δὲ
839 3566 916 3636 τῷ
959 3569 1205 3638 προφήτῃ
1256 3569 1352 3620 καὶ
1397 3568 1589 3637 τροχὸν
1638 3570 1695 3621 ἐν
1719 3569 1797 3639 τῷ
1830 3572 2030 3643 τροχῷ,
2064 3574 2278 3644 μηνύων
2304 3574 2368 3626 δι’
2425 3575 2602 3628 αὐτῶν
2658 3576 2755 3645 τὴν
2782 3577 2888 3631 τῶν
2943 3577 3210 3632 Ἰουδαίων
3242 3581 3464 3648 ἀπαγω-

221 3659 323 3729 γὴν
351 3662 429 3722 είς
456 3659 826 3729 αἰχμαλωσίαν
852 3662 946 3714 καὶ
973 3659 1273 3732 ἀπαγωγὴν
1297 3659 1407 3730 (66)
1436 3662 1513 3724 είς
1538 3661 1606 3714 τὰ
1630 3661 1753 3715 ῐδια.

306 3754 652 3806 ἘΡΩΤΗΣΙΣ
679 3753 811 3807 ME'.
843 3755 941 3808 Διὰ
967 3755 1018 3807 τί
1059 3755 1151 3808 ἐπὶ
1193 3753 1285 3806 τοῦ
1332 3753 1589 3826 Ἰεζεκιήλ
1628 3773 1794 3809 κατα-

218 3847 479 3918 κέχρηται
505 3849 534 3900 ό
563 3847 704 3921 θεῖος
730 3847 956 3918 ὁρισμὸς
982 3847 1060 3918 τῷ
1085 3848 1180 3901 τοῦ
1207 3847 1488 3920 ἀνθρώπου
1506 3847 1794 3919 (67)προσ-

224 3941 428 4012 ρήματι
447 3980 462 4004 ,
508 3941 646 4010 ὅπερ
674 3941 766 3993 ἐπὶ
792 3939 902 3992 τῶν
927 3939 1101 3994 ἄλλων
1122 3956 1127 3959 '
1147 3939 1441 4011 προφητῶν
1476 3941 1575 3993 οὑκ
1610 3942 1793 4013 ἐποίη-

223 4046 281 4081 σε
301 4046 313 4091 ;
341 4031 452 4084 Καὶ
469 4032 521 4083 εί
535 4030 634 4101 τὴν
657 4031 997 4101 παγκόσμιον
1023 4024 1316 4084 ἀνάστασιν
1340 4032 1432 4085 ἐπ)⁵
1461 4031 1569 4096 τῶν
1616 4029 1793 4102 ξηρῶν

217 4120 417 4174 όστέων
448 4124 476 4176 ό
503 4122 664 4185 αὐτὸς
713 4124 998 4193 προφήτης
1039 4121 1312 4186 τεθέαται,
1360 4123 1451 4175 καὶ
1491 4125 1538 4176 εί
1577 4122 1654 4192 τῷ
1681 4123 1793 4175 ὄντι

221 4216 524 4288 ἀνέστησαν
547 4215 612 4268 τὰ
637 4215 802 4267 όστέα
827 4212 1101 4284 ἄνθρωποι
1129 4214 1405 4285 γενόμενοι
1447 4215 1661 4279 τέλειοι,
1688 4232 1788 4267 κα·-

223 4304 381 4378 θὼςή
411 4308 502 4360 τοῦ
531 4307 693 4360 αὐτοῦ
723 4308 1003 4377 προφήτου
1031 4305 1268 4360 διδάσκει
1298 4306 1509 4376 βίϐλος;

303 4397 698 4452 Ἀ-ΠΟΚΡΙΣΙΣ.
743 4397 958 4469 Ἐπειδὴ
1005 4396 1196 4466 ἔμελλε
1233 4396 1324 4449 διὰ
1368 4397 1462 4450 τοῦ
1510 4399 1788 4470 προφήτου

1975 3751 2255 3818 ΩΠᾹΞΒΤ.
2291 3753 2450 3810 XLV.
2499 3754 2678 3821 Quare
2709 3759 2764 3812 in
2797 3757 3080 3814 Ezechiele
3119 3761 3292 3816 utitur
3316 3765 3459 3820 divi-

1900 3860 2033 3899 num
2069 3847 2349 3900 oraculum
2375 3846 2469 3900 ﬁlii
2495 3847 2729 3903 hominis
2760 3850 3140 3917 appellatione,
3177 3854 3321 3922 quod
3344 3844 3460 3926 qui-

1898 3935 2020 3990 dem
2043 3937 2097 3989 in
2117 3935 2237 3991 aliis
2254 3937 2529 4006 prophetis
2553 3953 2663 3992 non
2682 3937 2807 3992 fecit
2827 3940 2869 3969 ⁵⁸
2883 3940 2905 3991 ?
2919 3937 3184 3997 Praeterea
3209 3960 3279 4001 an
3306 3962 3462 4016 gene-

1899 4031 2068 4085 ralem
2117 4030 2284 4084 totius
2314 4031 2501 4085 mundi
2533 4033 2987 4089 resurrectionem
3027 4035 3083 4090 in
3115 4037 3284 4092 aridis
3314 4039 3458 4094 ossi-

1898 4124 2002 4178 bus
2031 4123 2172 4177 idem
2193 4123 2454 4192 propheta
2473 4123 2648 4177 vidit?
2670 4126 2754 4179 An
2779 4140 2968 4180 revera
2996 4142 3121 4182 ossa
3143 4143 3458 4186 resurrexe-

1894 4223 2042 4279 runt,
2074 4214 2299 4285 perfecti
2325 4215 2573 4269 homines
2597 4216 2762 4281 facta,
2793 4225 2854 4270 ut
2881 4216 3038 4271 dccet
3064 4220 3309 4286 ejusdem
3339 4237 3459 4290 pro-

1893 4305 2068 4373 pheta:
2087 4304 2225 4358 liber
2245 4304 2268 4356 ι
3485 4292 3506 4303 ‘

1962 4394 2160 4450 RESP.
2194 4393 2330 4461 Quia
2354 4395 2616 4465 propheta
2647 4395 2894 4452 Ezechiel
2939 4413 3035 4467 per
3066 4399 3329 4455 visionem
3359 4402 3456 4456 de-

233 4488 484 4561 Ἰεξεκιὴλ
519 4490 636 4542 κατ’
677 4490 941 4542 ὀπτασίαν
975 4487 1386 4560 προγράφεσθαι
1427 4489 1532 4542 τῶν
1583 4489 1791 4559 νεκρῶν

1901 4489 2139 4558 pic-turus
2194 4494 2313 4541 erat
2361 4497 2696 4542 mortuorum
2756 4491 3234 4557 resurrectionem,
3289 4508 3449 4562 quam

221 4584 255 4652 ἡ
279 4582 588 4645 ἀνάστασις,
622 4581 887 4652 μέλλουσα
909 4580 1154 4650 γίνεσθαι
1195 4582 1288 4634 ἐπὶ
1333 4583 1671 4652 πραγμάτων
1702 4582 1787 4636 διὰ

219 4673 310 4726 τοῦ
340 4673 466 4727 Υίοῦ
497 4672 591 4726 τοῦ
623 4672 908 4743 ἀνθρώπου
961 4670 1099 4726 κατὰ
1139 4673 1200 4725 τὸ
1233 4673 1516 4744 είρημὲνον
1535 4691 1547 4703 ·
1591 4676 1787 4744 Ἔρχε-

222 4781 310 4816 ται
341 4763 665 4832 ὴμέρα,καὶ
704 4763 820 4816 νῦν
856 4763 1047 4827 ἐστιν,
1098 4763 1197 4816 ὅτε
1235 4763 1455 4830 πάντες
1481 4768 1532 4817 οἱ
1559 4765 1629 4817 ἐν
1666 4766 1788 4830 τοῖς

218 4855 522 4924 μνημείοις
553 4854 908 4907 ἀκούσονται
951 4849 1059 4920 τῆς
1098 4851 1298 4921 φωνῆς
1339 4854 1443 4907 τοῦ
1493 4854 1625 4907 Υἱοῦ
1655 4853 1786 4926 (68)

221 4947 324 5000 τοῦ
353 4947 662 5013 ἀνθρώπου
685 4985 698 5009 ,
733 4946 829 4998 καὶ
855 4948 910 4998 οἱ
945 4947 1310 5011 ἀκούσαντες
1353 4945 1647 5011 (ﬁamus.
1689 4947 1786 5000 Διὰ

221 5039 374 5093 τοῦτο
403 5040 644 5092 καλεῖται
673 5036 750 5108 τῷ
777 5038 870 5092 τοῦ
916 5038 1043 5090 Υίοῦ
1076 5037 1356 5108 ἀνθρώπου
1389 5037 1628 5108 ὀνόματι.
1672 5038 1786 5092 Κα-

287 5218 331 5249 ⁸⁸
353 5217 547 5272 Ezech.
580 5230 789 5278 xxxvn,
821 5215 876 5276 3,
912 5215 960 5267 4.
1039 5214 1083 5244 ⁸⁸

291 5337 398 5407 (64)
479 5334 861 5402 Ηὺξήθησαν.
921 5331 1157 5404 Uterque
1227 5333 1348 5388 cod.
1404 5349 1530 5389 ms..
1582 5331 1778 5402 ηὑξὺν-

222 5407 413 5547 Θηῗὲἒῦ.
435 5475 718 5547 Τοῦίπρὸς
743 5475 880 5547 τήν.
909 5473 1218 5547 Legendnm
1248 5475 1372 5536 τοὺς
1397 5473 1532 5547 πρός
1562 5473 1772 5547 τὴνηη,

1896 4578 2065 4634 Filius
2088 4579 2322 4634 hominis
2335 4579 2513 4649 reipsa
2538 4579 2881 4648 perfecturus
2909 4590 2993 4636 est
3019 4582 3317 4637 secundum
3340 4584 3453 4638 haec

1892 4671 2054 4725 verba
2080 4689 2093 4724 :
2138 4669 2284 4723 Venit
2309 4672 2508 4734 hora,et
2529 4687 2666 4724 nunc
2697 4681 2796 4736 est,
2823 4672 3034 4741 quando
3065 4673 3124 4739 ii,
3155 4676 3244 4743 qui
3267 4676 3318 4728 in
3340 4692 3452 4730 mo-

1893 4762 2150 4816 numentis
2179 4771 2320 4826 sunt,
2355 4762 2566 4815 audient
2612 4779 2784 4816 vocem
2825 4763 2959 4817 Filii
2996 4766 3242 4831 hominis,
3267 4780 3318 4821 et
3363 4771 3452 4838 qui

1893 4854 2176 4918 audierint,
2205 4855 2370 4906 vivent
2390 4854 2465 4920 “;
2497 4863 2782 4924 propterea
2815 4867 3038 4912 vocatur
3081 4857 3177 4912 filii
3213 4859 3448 4915 hominis

1892 4946 2271 5015 appellatione.
2301 4945 2762 5011 Quemadmodum
2802 4947 2963 5004 Jesus
2995 4949 3159 5014 Nave,
3188 4966 3310 5004 cum
3345 4953 3448 5006 soli

1892 5047 1945 5092 et
1981 5039 2120 5092 luna:
2156 5047 2402 5106 potenter
2447 5039 2810 5108 imperaturus
2845 5048 2990 5094 esset
3034 5050 3093 5094 ut
3148 5051 3356 5097 starent
3380 5045 3443 5107 ⁸⁷,

1155 5211 1311 5266 Joan.
1349 5231 1402 5276 v,
1426 5215 1517 5268 25.
1597 5215 1638 5244 "
1671 5213 1786 5269 Jos.
1813 5230 1868 5277 ι,
1903 5213 1990 5266 ιε.

1879 5333 2090 5414 petitio,
2150 5341 2207 5386 ut
2252 5333 2579 5402 respondeat
2635 5332 2724 5387 his
2778 5334 2960 5390 verbis
3015 5336 3204 5406 τροχὸν
3256 5339 3314 5389 ἐν
3367 5339 3443 5410 τῷ

1880 5419 2078 5472 τροχῳ-

1951 5469 2059 5543 (67)
2095 5474 2176 5543 Τῷ
2203 5473 2308 5526 τοῦ
2333 5471 2664 5540 ἀνθρώπου.
2717 5471 2988 5542 Scriptum
3027 5474 3202 5528 fuerat
3233 5469 3311 5539 τῷ
3347 5477 3440 5530 τοῦ

223 5541 708 5617 ἀποϐλεψαμένους.
739 5545 795 5617 In
824 5562 932 5617 quo
957 5541 1098 5617 inest
1127 5557 1289 5617 casus
1316 5541 1563 5617 mutatio,
1618 5541 1776 5611 cujus

1901 5541 2605 5617 riogﬁvgpibirootutpatet
2631 5558 2698 5596 ex
2727 5541 3105 5617 responsione.

223 5613 460 5671 exempla
487 5613 594 5669 non
623 5616 787 5671 semel
820 5613 872 5668 in
904 5614 1118 5669 Justino
1141 5613 1565 5668 observavimus.

1950 5612 2057 5680 (68)
2091 5612 2217 5684 Τόῦ-
2232 5614 2386 5684 Υιρῦ.
2417 5612 2543 5666 Haec
2565 5613 2777 5684 desunt,
2805 5615 2860 5668 in
2904 5621 3135 5684 utroque
3172 5612 3292 5668 cod.
3336 5631 3439 5674 ms.

291 5681 398 5762 (66)
423 5687 773 5762 Ἀπίαῃωγήν.
795 5683 1116 5762 Sy_lbur_g_ius
1141 5683 1423 5762 legendum
1453 5684 1777 5762 ρυῑειέπαν-

1901 5692 1929 5735 rt
1954 5683 2126 5762 .apud
2189 5682 2253 5737 R.
2289 5681 2640 5754 Stephanum.
2675 5681 2783 5738 Sed
2824 5699 2854 5738 a
2919 5681 3206 5753 Sylburgio
3257 5684 3441 5741 addita

225 5753 456 5828 αγωγήν,
494 5755 598 5809 Sed
644 5753 909 5808 Servanda
953 5756 1164 5808 videtur
1214 5753 1463 5821 ejusdem
1501 5753 1653 5808 vocis
1691 5768 1777 5807 re-
1878 5753 2047 5807 l‘uére.

501 5850 765 5908 ΡΑτιιοι..
788 5901 790 5903 .
813 5848 928 5907 Gn.
978 5848 1084 5906 Vl.

3051 5843 3114 5903 Η
