4144 6418
718 341 849 396 1291

1486 333 1847 394 APPENDIX.
1878 367 1950 380 -
1986 335 2167 395 PARS
2204 337 2246 396 l.
2288 338 2347 393 S.
2384 335 2647 394 JUSTINI
2682 326 2912 395 OPERA
2952 337 3223 397 SPURIA.
3300 380 3302 382 τ

3840 343 3990 401 {293

711 456 924 525 accepit
963 464 1159 513 nomen
1194 452 1347 518 Jesu,
1382 452 1527 524 quod
1550 459 1821 514 creatura
1875 452 2133 517 mandato
2160 454 2283 509 obe-

2393 451 2570 525 Θάπερ
2615 452 2821 524 Ἰησοῦς
2850 455 2886 533 ὁ·
2928 453 3022 508 τοῦ
3050 454 3207 526 Ναυῆ
3254 454 3471 540 μέλλων
3508 457 3631 513 κατ’
3686 457 3985 513 αὖθεντίαν

710 547 912 601 diendo
941 555 1195 602 venerata
1222 552 1310 600 est
1328 564 1340 612 ;
1358 536 1444 599 ita
1466 553 1520 601 et
1542 544 1805 609 Ezechiel,
1820 546 2019 615 accipit
2039 546 2165 601 Filii
2190 547 2289 601 hoe

709 641 873 695 minis
898 654 1095 694 nomen
1127 647 1181 694 et
1230 649 1325 709 per
1374 640 1641 696 visionem
1690 641 1983 696 resuscth
2038 649 2288 698 mortuos

708 738 979 804 potestate
1035 732 1398 803 cognominis.
1447 730 1505 785 In
1564 731 1845 803 Ezechiele
1872 734 2287 801 autembrnnia

706 827 849 881 visio
880 826 1123 891 fuerunt,
1163 832 1216 879 et
1264 839 1395 879 ossa
1430 831 1485 878 et
1528 839 1717 878 eorum
1746 825 2103 880 resurrectio.
2137 822 2290 881 lianc

704 923 890 971 autem
924 916 1189 973 visionem
1220 915 1365 971 Deus
1395 914 1675 986 pr0phetaa
1720 916 1979 981 ostendit,
2008 916 2282 987 pmipue

703 1014 924 1083 quidem
980 1030 1078 1084 per
1109 1028 1228 1068 eam
1273 1013 1659 1067 demonstrans
1704 1008 1943 1065 futuram
1981 1027 2077 1082 per
2104 1010 2285 1076 'Chri-

704 1114 847 1163 stum
864 1107 1103 1160 omnium
1128 1105 1435 1175 generalem
1462 1104 1920 1161 resurrectionem
1946 1118 2014 1156 ex
2032 1105 2284 1171 mortuis;

702 1198 896 1253 deinde
914 1213 1044 1271 vero
1054 1197 1120 1250 ad
1134 1195 1954 1267 solatiumlsraelitarum,559
1967 1198 2059 1267 qui
2081 1198 2150 1253 ob
2172 1215 2288 1254 ser-

702 1291 933 1345 vitutem
953 1290 1318 1359 desperabant
1344 1304 1403 1344 se
1424 1289 1625 1349 liberos
1638 1303 1705 1357 ex
1738 1286 2157 1359 Babyloniorum
2186 1290 2289 1345 do-

703 1382 913 1435 minatu
940 1382 1175 1437 futuros.
1206 1379 1342 1434 Nam
1373 1379 1533 1451 quasi
1574 1386 1790 1433 mortua
1814 1394 2047 1450 corpora
2078 1381 2147 1447 in
2175 1397 2289 1441 mo-

701 1474 981 1528 numentis
1006 1474 1264 1543 jacentia,
1294 1486 1447 1542 spem
1477 1471 1901 1527 resurrectionis
1931 1487 2042 1528 non
2082 1473 2283 1528 haben-

702 1563 798 1626 tia,
827 1563 898 1617 ita
926 1564 1030 1617 sibi
1076 1578 1201 1618 esse
1223 1561 1502 1633 Babylone
1549 1561 1899 1625 videbantur,
1933 1562 2140 1632 absque
2170 1564 2277 1617 ulla

701 1670 798 1725 spe
831 1656 1059 1711 reditus.
1093 1654 1346 1712 Deelarat
1367 1655 1470 1708 hoc
1492 1652 1633 1708 idem
1666 1653 1953 1725 propheta,
1986 1652 2114 1710 dum
2156 1654 2233 1709 ait
2267 1674 2279 1709 :

702 1745 774 1800 Et
814 1746 1019 1802 locutus
1046 1756 1131 1800 est
1176 1746 1434 1800 Dominus
1466 1744 1534 1798 ad
1565 1762 1646 1799 me
1690 1745 1867 1800 dicem
1893 1760 1912 1798 :
1962 1744 2079 1800 Fili
2114 1746 2285 1801 homi-

699 1844 804 1901 nis,
840 1856 963 1894 ossa
988 1841 1098 1894 hac
1136 1839 1305 1893 omnis
1340 1835 1527 1892 domus
1555 1835 1731 1892 Israel
1761 1817 1878 1892 est.‘
1897 1836 2011 1907 Ipsi
2036 1838 2226 1893 dicunt
2261 1859 2279 1895 :

2392 544 2529 616 ἡλίῳ
2556 545 2650 600 καὶ
2668 544 2871 619 ’σελήνῃ
2899 548 3386 621 προστάσσεινδτὴν
3416 543 3603 604 στάσιν
3646 549 3785 623 (69),
3835 552 3984 624 λαμ-

2392 637 2544 691 ϐάνει
2601 637 2697 691 τοῦ
2741 638 2914 709 Ἰησοῦ
2942 639 3004 692 τὸ
3033 640 3139 695 ὑπὸ
3163 640 3263 713 τῆς
3288 636 3519 706 κτίσεως
3645 644 3984 717 ὑπακοῇτώ

2392 730 2811 803 προστάγματος
2850 730 3165 804 ⁴τιμώμενον
3223 716 3364 805 (Ἰωξ
3418 732 3594 798 οὕτως
3623 735 3721 788 καὶ
3746 738 3777 789 ὁ
3818 716 3984 802 Ἰεζε-

2391 823 2515 894 κιὴλ
2564 822 2828 901 λαμβάνει
2875 823 2983 878 τοῦ.
3018 821 3155 883 Υἱοῦ
3190 824 3285 878 τοῦ
3331 824 3617 897 ἀνθρώπου
3661 828 3743 884 ,τὸ
3783 829 3983 899 ὄνομα,

2390 916 2482 969 καὶ
2510 915 2597 970 διὰ
2616 916 2716 986 τῆς
2744 916 3009 980 ὀπτασίας
3041 916 3247 987 ἐγείρει
3282 918 3410 982 τοὺς
3438 916 3665 993 νεκροὺς
3820 920 3983 975 δυνά-

2392 1025 2480 1077 μει
2506 1007 2601 1061 τοῦ
2656 1010 3067 1081 προσρήματος.
3099 1002 3209 1063 Ἦν
3235 996 3295 1063 δὲ
3321 1011 3416 1064 ἐπὶ
3455 1004 3550 1064 τοῦ
3605 1011 3872 1084 Ἰεζεκιὴλ
3913 1014 3983 1066 τὰ

2389 1100 2565 1175 πάντα
2588 1100 2839 1168 ὀπτασία,
2868 1102 2962 1155 καὶ
2989 1101 3058 1155 τὰ
3083 1098 3243 1155 ὀστέα
3267 1103 3406 1174 καὶὴ
3428 1103 3631 1157 τούτων
3648 1104 3978 1169 ἀνάστασις.

2388 1192 2635 1245 Δείκνυσι
2662 1193 2718 1245 δὲ
2735 1191 2815 1263 τῷ
2837 1195 3099 1269 προφήτῃ
3115 1194 3319 1265 ταύτην
3345 1195 3443 1264 τὴν
3470 1195 3739 1255 ὀπτασίαν
3766 1181 3804 1249 ό
3822 1195 3978 1260 Θεὸς.

2388 1284 2811 1355 προηγουμένως
2857 1285 2955 1355 μὲν
2986 1286 3203 1357 μηνύων
3238 1286 3306 1339 δι’
3343 1286 3510 1357 αὐτῆς
3557 1287 3659 1359 τὴν
3710 1288 3981 1359 ἐσομένην

2386 1376 2472 1430 διά
2498 1377 2735 1449 Χριστοῦ
2766 1377 2984 1433 πάντων
3017 1380 3287 1450 κοσμικὴν
3332 1380 3628 1439 ἀνάστασιν
3657 1379 3764 1451 τὴν
3794 1382 3866 1435 ὲκ
3892 1398 3979 1435 νε-

2387 1468 2534 1539 κρῶν
2553 1487 2567 1499 ·
2599 1469 2790 1523 ἔπειτα
2814 1471 2875 1523 δὲ
2902 1470 2992 1524 διὰ
3014 1472 3112 1543 τὴν
3140 1470 3517 1542 ψυχαγωγίαν»
3544 1472 3654 1526 τῶν
3703 1473 3978 1545 Ἰσραηλιο

2385 1562 2493 1616 τῶν
2539 1560 2646 1623 τῶν
2693 1562 3039 1631 ἀπογνόντων
3088 1564 3313 1627 ἑαυτοὺς
3339 1563 3418 1635 τῷ
3447 1550 3845 1631 δεδουλῶσθαι,
3886 1566 3974 1635 ,ὅτι

2386 1638 2677 1726 ἐλεύθεροι
2712 1653 2923 1707 ἔσονται
2951 1653 3052 1725 τῆς
3104 1655 3213 1708 τῶν
3262 1655 3617 1713 Βαϐυλωνίων
3675 1655 3973 1726 βασιλείας.

2385 1742 2652 1818 Καθάπερ
2701 1746 2813 1818 γὰρ
2861 1747 2930 1800 τὰ
2980 1747 3151 1817 νεκρά
3196 1746 3430 1818 σώματα
3451 1751 3510 1802 ὲν
3538 1752 3651 1811 τοῖς
3684 1729 3976 1821 timui-etot;

2382 1838 2627 1909 κείμενα,
2657 1839 2845 1892 ἐλπίδα
2871 1839 2971 1892 οὐκ
3002 1839 3193 1910 ἔχοντα
3218 1840 3511 1909 ἐγέρσεως,
3544 1841 3719 1904 οὕτως
3746 1842 3975 1903 ἑαυτοὺς

700 1928 1044 1985 Επαταετιιηι
1069 1948 1194 1985 ossa
1210 1940 1419 1995 nostra,
1452 1930 1609 1998 periit
1640 1946 1754 1999 spes
1778 1939 1962 1985 nostra
1979 1931 2048 1995 ⁵⁸,
2077 1938 2132 1987 et
2160 1946 2281 2001 quae

2386 1930 2696 2000 ὲλογίσαντο
2740 1926 2880 1984 εἶναι
2920 1932 2979 1984 ὲν
3017 1929 3294 1984 Βαϐυλῶνι
3329 1931 3499 2001 χωρὶς
3546 1932 3731 2002 πάσης
3758 1912 3975 1994 ἐλπίδος

700 2034 1026 2094 sequuntur.

2378 2022 2479 2092 τῆς
2516 2022 2798 2075 ἐπανόδου.
2850 2022 3012 2093 Δηλοῖ
3048 2022 3105 2076 δὲ
3146 2020 3359 2095 τᾲῦτο¹ὁ
3378 2022 3551 2090 ,αὐτὸς
3594 2024 3899 2095 προφήτης
3916 2022 3975 2075 ἔν

698 2109 780 2179 οἷς
814 2116 963 2183 λέγει
986 2131 1001 2145 ’
1045 2113 1154 2166 Kal
1192 2110 1462 2179 ἐλάλησε
1495 2112 1712 2179 Κύριος
1760 2110 1912 2179 πρὸς
1945 2108 2023 2179 μὲ
2068 2109 2293 2180 λέγων·
2339 2113 2435 2164 Υἱὲ
2460 2111 2775 2181 ἀνθρώπου
2794 2153 2811 2179 ,
2855 2114 2932 2167 τὰ
2969 2112 3119 2166 ὀστᾶ
3145 2113 3333 2177 ταῦτα
3385 2111 3502 2179 πᾶς
3528 2110 3695 2180 οἶκος
3735 2113 3974 2182 Ἰσραήλ

698 2209 886 2261 ἐστιν.
942 2205 1122 2259 Αὐτοὶ
1181 2203 1431 2273 λέγουσι
1451 2220 1465 2232 ·
1526 2202 1690 2271 Ξηρὰ
1747 2192 1983 2273 γέγονεν’
2005 2201 2080 2255 τὰ
2130 2202 2284 2257 ὀστᾶ
2317 2203 2517 2273 ὴμῶν-ν
2535 2204 2806 2259 ἀπώλετο
2828 2206 2865 2273 ἡ
2891 2205 3067 2271 ἐλπὶς
3302 2206 3397 2266 καὶ
3427 2205 3497 2259 τὰ
3523 2205 3671 2276 ἑξῆς.

770 2319 1054 2388 QUAEST.
1079 2318 1267 2374 XLVI.
1310 2318 1368 2372 Si
1399 2318 1545 2373 bona
1577 2326 1706 2373 sunt
1736 2318 1922 2372 omnia
1944 2332 2067 2387 quae
2089 2323 2146 2370 In
2176 2317 2281 2370 hac

698 2418 811 2469 vita
856 2424 1015 2480 sunt,
1044 2427 1215 2484 quare
1254 2404 1349 2482 qui
1387 2412 1468 2467 eis
1514 2411 1827 2473 abstinent,
1876 2410 1937 2463 in
1979 2407 2281 2478 Seripturis

698 2502 1026 2567 laudantur,
1055 2512 1109 2557 et
1139 2501 1231 2571 qui
1270 2515 1335 2555 ea
1387 2500 1829 2569 complectuntur
1857 2500 2282 2568 vituperantur?

702 2594 800 2651 Sin
836 2603 1017 2651 autem
1049 2596 1193 2649 mala
1221 2600 1370 2659 sunt,
1404 2606 1575 2663 quare
1608 2592 1751 2645 maia
1778 2590 1905 2645 vitae
1936 2598 2139 2646 nostra:
2168 2591 2282 2644 alli-

700 2699 820 2760 gata
848 2697 998 2751 sunt,
1028 2686 1191 2757 idque
1217 2700 1342 2759 cum
1372 2685 1549 2740 bonus
1578 2685 1649 2740 sit
1673 2684 1941 2746 Creatori!

771 2863 971 2919 RESP.
1002 2862 1123 2918 Non
1156 2864 1382 2918 omnino
1410 2862 1685 2917 laudabile
1709 2870 1793 2917 est
1823 2862 1946 2917 vita:
1974 2861 2136 2917 bonis
2156 2862 2282 2916 abs-

700 2960 895 3024 tinere,
938 2973 1040 3012 nec
1090 2956 1315 3011 omnino
1345 2954 1704 3025 vituperabile
1733 2961 1817 3010 est
1848 2968 1912 3008 ea
1953 2954 2281 3023 complecti;

702 3051 799 3107 sed
825 3058 1145 3118 utrumque,
1176 3048 1223 3101 si
1252 3046 1600 3102 convenienti
1635 3046 1847 3101 ratione
1878 3044 1990 3110 fiat,
2028 3052 2081 3099 et
2112 3044 2283 3099 absti-

2467 2320 2819 2374 ἘΡΩΤΗΣΙΣ
2852 2321 3001 2386 MCT.
3044 2321 3106 2373 Εί
3149 2322 3291 2376 καλὰ
3337 2318 3406 2376 τὰ
3445 2323 3540 2377 τοῦ
3584 2324 3700 2395 βίου
3751 2325 3970 2390 πάντα,

2383 2410 2472 2464 διὰ
2501 2412 2553 2464 τί
2582 2413 2636 2465 οἱ
2656 2413 2859 2466 τούτων
2879 2414 3206 2485 ἀπεχόμενοι
3233 2414 3291 2466 ὲν
3322 2413 3565 2485 Γραφαίς
3590 2414 3971 2482 ἐπαινοῦνται,

2386 2504 2479 2556 καὶ
2510 2506 2559 2557 oi
2581 2504 2927 2575 ἀντεχόμενοι
2956 2506 3134 2559 αὐτῶν
3166 2505 3575 2574 διαϐάλλονται;
3604 2509 3668 2561 El
3700 2509 3759 2561 δὲ
3790 2508 3973 2580 φαῦλα

2384 2595 2661 2664 τυγχάνει,
2691 2594 2778 2649 διὰ
2808 2596 2861 2648 τί
2892 2596 2960 2650 τὰ
2995 2594 3173 2666 φαῦλα
3204 2600 3268 2668 τῇ
3304 2597 3547 2670 ἡμετέρᾳ
3573 2596 3687 2671 ζωῇ
3715 2617 3975 2673 συμπαρ-

2380 2683 2631 2747 έζευκται
2657 2726 2672 2750 ,
2707 2687 2801 2739 καὶ
2832 2686 3005 2741 ταῦτα
3030 2687 3234 2756 ἀγαθοῦ
3265 2687 3361 2741 τοῦ
3390 2689 3732 2761 Δημιουργοῦ
3768 2692 3975 2765 τυγχάι

2389 2791 2564 2840 νοντος
2586 2794 2600 2842 ;

2468 2869 2868 2923 ἈΠΟΚΡΙΣΙΣ.
2900 2870 3012 2941 Οὐχ
3042 2868 3230 2935 ἁπλῶς
3262 2871 3541 2925 ἐπαινετὸν
3570 2872 3634 2925 τὸ
3662 2872 3971 2945 ἀπέχεσθαι

2381 2960 2495 3014 τῶν
2522 2962 2617 3015 τοῦ
2652 2962 2766 3033 βίου
2815 2963 3026 3026 καλῶν,
3074 2962 3197 3016 οὕτε
3242 2963 3429 3027 ἁπλῶς
3472 2964 3671 3035 ψεκτὸν
3702 2966 3767 3020 τὸ
3812 2968 3974 3023 ἀντέ-

2383 3054 2571 3126 χεσθαι
2622 3055 2801 3108 αὐτῶν
2822 3073 2834 3085 ·
2866 3055 2981 3109 ἀλλ’
3016 3058 3275 3127 ἑκάτερον
3304 3058 3567 3128 πρέποντι
3596 3058 3742 3131 λδγῳ
3777 3064 3969 3131 γιγνό-

702 3159 833 3198 nere
862 3130 917 3196 et
950 3139 1264 3210 complecti,
1290 3139 1505 3194 laudem
1541 3146 1803 3193 meretur.
1841 3135 1947 3191 Sed
1984 3137 2030 3192 si
2061 3146 2282 3190 contra-

2387 3159 2547 3213 μενον
2571 3184 2586 3209 ,
2633 3144 2726 3196 καὶ
2768 3143 2832 3195 τὸ
2864 3146 3161 3216 ἀπέχεσθαι
3194 3150 3287 3202 καὶ
3324 3150 3387 3203 τὸ
3426 3130 3744 3221 ἀντέχεσθαι
3784 3130 3972 3208 αὐτῶν

700 3237 782 3291 ria
815 3233 946 3288 [iant
978 3233 1213 3295 ratione,
1239 3238 1535 3301 utramque
1556 3230 1826 3300 vituperio
1856 3229 2104 3299 dignum.
2135 3228 2281 3282 Nihil

2388 3235 2535 3287 ἐστιν
2575 3236 2855 3289 ἐπαινετόν
2877 3252 2891 3266 ⁸
2928 3238 3185 3302 ἐναντίως
3214 3240 3269 3293 δὲ
3298 3243 3648 3313 γιγνόμενον,
3678 3244 3973 3316 ἀμφότερά

701 3326 887 3382 autem
916 3324 1157 3381 essentia
1191 3322 1393 3376 malum
1423 3323 1548 3376 vitae
1574 3329 1779 3375 nostra:
1814 3320 2132 3389 adjunctum
2161 3336 2284 3375 esse

702 3419 947 3474 declarat
972 3416 1159 3471 divina
1196 3412 1481 3485 Scriptura
1503 3453 1516 3475 ,
1551 3411 1679 3465 dum
1706 3420 2087 3467 creaturarum
2119 3426 2283 3482 gene-

699 3510 971 3565 rationem
1019 3506 1205 3561 laudat
1248 3506 1335 3560 his
1381 3504 1600 3561 verbis:
1646 3504 1888 3575 Viditque
1924 3503 2065 3557 Deus
2107 3504 2284 3557 omnia

700 3614 1023 3673 quacunque
1053 3598 1269 3667 fecerat,
1300 3605 1349 3650 et
1377 3604 1527 3651 erant
1560 3595 1697 3649 bona
1725 3595 1875 3649 valde
1894 3595 1959 3650 ⁸³.
1984 3595 2155 3650 Nobis
2186 3610 2284 3649 au-

701 3700 814 3748 tem
846 3700 1041 3762 sponte
1073 3688 1518 3760 pervertentibus
1556 3683 1905 3751 hona,‘ﬁunt
1935 3687 2097 3740 mala.
2140 3684 2286 3740 Nihil

700 3786 848 3839 enim
889 3783 1022 3836 mali
1056 3790 1142 3836 est
1169 3782 1227 3836 in
1266 3779 1501 3836 sanitate
1524 3823 1539 3847 ,
1575 3780 1622 3833 si
1651 3792 1772 3850 quae
1803 3779 1881 3833 illi
1915 3779 2057 3833 bona
2097 3778 2286 3834 insunt

700 3890 813 3930 non
839 3882 1243 3945 pervertantur.
1287 3872 1467 3938 Quare
1506 3871 1636 3925 mali
1682 3871 1820 3925 nihil
1867 3879 1985 3934 est,
2031 3870 2139 3925 nisi
2189 3885 2285 3939 per

702 3968 837 4024 boni
882 3966 1311 4037 perversionem.
1363 3963 1510 4017 Nihil
1572 3964 1737 4033 igitur
1786 3964 1914 4017 mali
1964 3962 2282 4032 adjunctum

702 4046 827 4115 vita:
876 4066 1097 4114 nostra.
1139 4057 1275 4117 Nam
1306 4073 1427 4127 quae
1457 4057 1597 4110 mala
1638 4062 1800 4120 sunt,
1829 4056 1899 4109 ob
1937 4070 2098 4110 usum
2128 4068 2159 4107 a
2192 4069 2284 4107 ra-

705 4154 853 4208 tione
878 4153 1118 4207 alienum
1148 4150 1291 4203 mala
1326 4158 1483 4213 sunt,
1518 4162 1629 4202 non
1668 4155 1898 4214 natura;
1930 4146 2071 4201 bene
2102 4153 2282 4199 autem

700 4246 786 4301 vel
816 4246 957 4300 male
984 4246 1061 4298 uti
1095 4244 1149 4297 in
1175 4242 1347 4296 libero
1376 4240 1614 4311 positum
1650 4245 1734 4294 est
1760 4238 2007 4293 arbitrio.

772 4447 1053 4517 QUEST.
1105 4443 1317 4500 XLVII.
1372 4429 1429 4497 Si
1473 4459 1670 4500 sensus
1703 4443 1987 4498 elementis
2020 4457 2131 4496 non
2165 4453 2278 4509 est,

2392 3328 2505 3379 ἐστι
2524 3326 2717 3396 ψεκτά.
2743 3329 2865 3381 Ὅτι
2889 3328 2945 3382 δὲ
2961 3331 3111 3383 οὐδὲν
3129 3330 3330 3400 φαῦλον
3351 3334 3470 3387 κατ’
3493 3334 3678 3388 οὐσίαν
3712 3353 3974 3410 συμπαρ-

2387 3416 2639 3481 έζευκται
2672 3422 2738 3489 τῇ
2769 3419 3013 3493 ἡμετέρᾳ
3044 3421 3186 3493 ζωῇ,
3237 3423 3389 3495 δηλοῖ
3413 3428 3447 3496 ἡ
3473 3425 3592 3479 θεία
3618 3427 3833 3501 Pamph,
3857 3430 3974 3483 τῶν

2384 3507 2448 3577 δη
2458 3525 2577 3577 μιου
2587 3525 2688 3578 ργη
2697 3511 2879 3578 μάτων
2926 3511 3224 3566 ἐπαινοῦσα
3274 3513 3373 3585 τὴν
3420 3514 3630 3582 γένεσιν
3648 3556 3662 3580 ,
3693 3515 3929 3585 λέγουσα
3949 3534 3967 3549 ο

2385 3600 2495 3654 Kal
2534 3597 2698 3654 οἶδεν
2734 3605 2766 3654 ό
2802 3602 2945 3669 Θεὸς
2981 3603 3178 3657 πάντα
3229 3604 3346 3658 ὅσα
3374 3606 3653 3675 ἐποίησε,
3697 3609 3798 3662 καί
3834 3609 3970 3664 ἰδοὺ

2386 3691 2543 3744 καλὰ
2582 3692 2739 3745 λίαν.
2790 3694 3262 3765 Παρατρεψάντων
3301 3695 3356 3748 δὲ
3401 3697 3558 3767 ἡμῶν
3593 3698 3861 3763 ἑκουσίως
3898 3700 3970 3753 τὰ

2387 3781 2525 3834 καλὰ
2545 3821 2560 3845 ,
2592 3782 2768 3851 φαῦλα
2797 3784 3103 3857 ὑφίσταται.
3136 3787 3249 3838 Οὐκ
3279 3784 3396 3839 ἐστι
3424 3786 3531 3856 γὰρ
3558 3778 3761 3857 φαῦλον
3790 3791 3850 3843 ὲν
3885 3790 3968 3860 τῷ

2386 3875 2563 3942 ὑγιεῖ,
2613 3874 2721 3928 τῶν
2768 3877 2825 3929 ὲν
2866 3876 3014 3947 αὐτῴ
3058 3877 3235 3931 καλῶν
3274 3878 3625 3951 ἀνατρέπτων
3669 3882 3963 3951 μενόντων.

2388 3966 2549 4019 Ὥστε
2581 3967 2745 4037 μηδὲν
2770 3963 2907 4019 εἶναι
2935 3966 3135 4037 φαῦλον
3163 3968 3313 4040 παρά
3349 3968 3448 4040 τὴν
3481 3971 3845 4043 παρατροπὴν
3868 3972 3964 4026 τοῦ

2385 4055 2570 4110 καλοῦ.
2601 4057 2765 4111 Οὐδὲν
2791 4053 2884 4110 οὖν
2905 4059 3384 4130 συμπαρέζευκται
3405 4059 3604 4130 φαῦλον
3620 4063 3688 4132 τῇ
3718 4063 3966 4134 ἡμετέρᾳ

2384 4149 2531 4220 ζωῇο
2561 4149 2629 4201 τὰ
2657 4149 2767 4221 γὰρ
2806 4148 2983 4219 φαῦλα
3018 4151 3212 4221 χρήσει
3250 4152 3429 4223 ἀλόγῳ
3461 4151 3566 4205 είσὶ
3611 4153 3823 4221 φαῦλα,
3870 4157 3964 4209 καὶ

2384 4239 2445 4290 οὐ
2495 4239 2681 4308 φύσει·
2719 4239 3042 4310 προαιρετὸν
3083 4240 3140 4293 δὲ
3177 4240 3240 4293 τὸ
3279 4241 3578 4312 κεχρῆσθαι
3618 4242 3651 4312 ἢ
3698 4242 3883 4307 καλῶς
3928 4247 3959 4315 ἢ

2386 4331 2619 4400 φαύλως.

2467 4445 2815 4499 ἘΡΩΤΗΣΙΣ
2847 4446 2974 4499 MZ'.
3023 4447 3085 4499 Εί
3122 4449 3234 4510 τοῖς
3271 4448 3556 4519 στοιχείοις
3580 4450 3639 4503 οὐ
3668 4454 3959 4523 πρόσεστιν

702 4557 874 4612 quare
917 4539 1133 4609 Moyses
1180 4536 1380 4590 caelum
1408 4544 1462 4591 et
1494 4543 1697 4591 terram
1725 4536 1927 4605 populo
1956 4544 2124 4589 testes
2156 4549 2282 4604 pro-

2386 4538 2667 4607 αῐσθησις,
2695 4537 2783 4591 διὰ
2824 4540 2877 4591 τί
2909 4539 3149 4609 Μωῦσῆς
3193 4540 3291 4611 μὲν
3331 4542 3556 4614 οὐρανὸν
3602 4544 3695 4597 καὶ
3739 4547 3844 4618 γῆν
3881 4548 3957 4615 τῷ

702 4633 856 4687 ducit
882 4632 963 4697 ⁸⁰;
990 4629 1166 4684 Isaias
1197 4637 1376 4684 autem
1408 4628 1659 4682 eumdem
1703 4627 1961 4697 populum
1995 4626 2278 4689 incusans,

702 4724 905 4779 caelum
936 4733 989 4776 et
1022 4729 1224 4775 terram
1259 4720 1447 4774 audire
1469 4718 1721 4788 jubet“?

775 4811 974 4867 RESP.
1016 4811 1147 4879 Quae
1172 4813 1311 4866 ccelo
1339 4822 1393 4866 et
1423 4818 1585 4865 terra:
1613 4811 1891 4873 dicuntur,
1918 4810 2004 4863 his
2024 4809 2282 4864 dicuntur

700 4907 795 4975 qui
848 4906 1064 4959 ratione
1118 4903 1336 4973 praediti
1376 4910 1505 4957 sunt
1535 4903 1590 4955 in
1622 4903 1763 4956 coelo
1796 4912 1849 4956 et
1878 4914 2055 4969 terra;
2091 4916 2284 4971 quem-

703 4998 1003 5053 admodum
1032 5011 1155 5066 quae
1179 4996 1385 5050 civitati
1412 4994 1671 5048 dicuntur
1698 5034 1714 5059 ,
1749 4994 1960 5049 civibus
1990 4993 2278 5058 dicuntur;

704 5091 854 5144 velut
886 5087 1019 5142 illud
1050 5108 1063 5142 :
1094 5078 1413 5153 Jerusalem,
1447 5086 1769 5151 Jerusalem,
1793 5102 1908 5156 qua:
1935 5082 2128 5139 cecidis
2158 5101 2282 5154 pro-

703 5183 918 5252 phetas,
961 5191 1011 5235 et
1080 5180 1291 5250 lapides
1337 5196 1423 5233 eos
1471 5180 1561 5249 qui
1624 5179 1692 5230 ad
1734 5189 1781 5233 te
1835 5179 1985 5232 missi
2046 5187 2168 5231 sunt
2212 5178 2279 5229 ³³.

2386 4628 2499 4699 λαῷ
2532 4630 2957 4702 διαμαρτύρεται
2980 4670 2993 4694 ,
3036 4632 3262 4696 Ἡσαΐας
3284 4633 3359 4686 νδὲ
3392 4636 3713 4707 κατηγορῶν
3741 4638 3837 4691 τοῦ
3864 4640 3956 4691 αὑ-

2384 4722 2477 4773 τοῦ
2505 4721 2654 4785 λαοῦ,
2691 4721 2897 4785 τούτοις
2930 4721 3147 4775 ἀκούειν
3172 4722 3551 4790 ὲγκελεύεται;

2470 4810 2865 4863 ἈΠΟΚΡΙΣΙΣ.
2907 4810 2987 4864 Τά
3012 4810 3278 4883 λεγόμενα
3318 4813 3454 4885 πρὸς
3485 4815 3575 4867 τὸν
3604 4816 3831 4888 οὐρανὸν
3862 4820 3953 4871 καὶ

2386 4901 2481 4971 τὴν
2508 4902 2609 4972 γῆν
2632 4902 2767 4973 πρὸς
2796 4903 2921 4965 τοὺς
2942 4904 2998 4955 ὲν
3020 4903 3207 4966 αὐτοῖς
3234 4903 3447 4972 λέγεται
3480 4905 3750 4974 λογικοὺς,
3780 4909 3857 4971 ὡς
3888 4910 3953 4962 τὰ

2386 4991 2651 5062 λεγόμενα
2680 4993 2814 5064 πρὸς
2843 4992 2939 5064 τὴν
2970 4995 3122 5047 πόλιν
3150 4995 3285 5065 πρὸς
3306 4996 3429 5058 τοὺς
3452 4996 3673 5061 πολίτας
3705 4998 3947 5066 λέγεται·

2386 5085 2461 5148 ὡς
2506 5085 2596 5151 τὸ,
2651 5085 3074 5155 Ἰερουσαλὴμ,
3119 5086 3544 5157 Ἰερουσαλὴμ,
3588 5091 3628 5159 ἡ
3677 5090 3952 5144 ἀποκτεί-

2388 5194 2585 5230 νουσα
2626 5176 2768 5242 τοὺς
2812 5162 3119 5246 προφήτας
3138 5218 3154 5244 ,
3216 5178 3315 5230 καὶ
3354 5180 3757 5235 λιθοϐολοῦσα
3816 5181 3953 5247 τοὺς

780 5364 824 5396 ⁸⁸
852 5363 1052 5418 Ezech.
1078 5378 1286 5427 xxxvii,
1321 5362 1409 5416 11.
1487 5360 1531 5392 "
1560 5358 1696 5415 Gen.
1730 5376 1769 5425 ι,
1794 5359 1881 5413 51.
1960 5360 2004 5390 ⁸³
2036 5358 2191 5414 Deut.
2226 5373 2283 5412 xx

2389 5396 2403 5423 ,
2438 5358 2489 5411 i.
2568 5358 2611 5390 ἰ
2642 5358 2745 5415 lsa.
2782 5375 2821 5425 ι,
2854 5358 2909 5413 2.
2986 5360 3031 5391 "
3062 5359 3252 5414 Matth.
3286 5374 3446 5425 χχιιι,
3477 5360 3562 5414 57.

781 5541 889 5614 (69)
930 5540 1045 5614 Tﬁr
1076 5538 1314 5594 στάσιν.
1375 5539 1487 5614 Sic_
1514 5546 1743 5614 uterque
1797 5538 1920 5593 cod.
1970 5554 2075 5614 _ms_.
2133 5536 2280 5592 haud

710 5609 880 5682 paulo
896 5612 1090 5665 melius
1110 5626 1273 5682 quam
1291 5611 1434 5682 quod
1454 5609 1519 5663 R.
1538 5609 1856 5682 Stephanus
1875 5609 2099 5682 scripsit
2118 5612 2279 5679 apoc-

709 5679 954 5745 τάσσειν,
979 5682 1077 5751 τὴν
1118 5679 1328 5751 ἱιλῆσινῖ
1372 5680 1661 5751 Reperitur
1686 5679 1999 5741 τὴνκλίόσιν
2031 5679 2099 5735 ad
2131 5692 2278 5733 mar-

711 5754 892 5821 ginem
925 5752 1210 5822 utriusque
1238 5752 1443 5809 codicis
1478 5767 1580 5807 ms.

2454 5540 2562 5613 (70)
2600 5539 2945 5610 Τιμώμενον.
2968 5540 3147 5595 Facile
3170 5541 3452 5611 suppletur
3468 5540 3665 5613 ῥνομα,
3696 5555 3761 5613 ac
3785 5542 3952 5595 multo

2383 5609 2634 5673 facilius,
2685 5609 2845 5682 quam
2896 5612 2942 5665 si
3004 5609 3255 5682 legamus
3278 5609 3417 5665 cum
3468 5609 3536 5664 Β.
3574 5609 3866 5682 Stephano
3897 5621 3951 5667 et

2384 5683 2505 5738 aliis
2529 5680 2861 5740 editionibus
2887 5682 2982 5754 τὴν
3011 5680 3202 5753 κλῆσιν
3229 5682 3490 5751 λαμϐάνει
3518 5681 3610 5734 τοῦ
3651 5680 3845 5754 Ἰησοῦ.
