4144 6424
202 419 356 476 1295

921 415 1382 485 ΟΗΕΒΤΙΟΝΕΞ
1413 416 1501 470 ΕΤ
1539 415 2065 471 RESPONSIONES
2099 415 2193 470 AD
2223 412 2710 483 ORTHODOXOS.

3319 415 3458 469 1204

194 531 702 603 ἀπεσταλμένους
727 533 875 601 πρὸς
907 534 1101 602 αὐτήν
1138 533 1269 604 (71).
1301 534 1376 587 Οὐ
1407 533 1512 606 γὰρ
1555 536 1589 602 ἡ
1630 534 1783 596 πόλις

1889 533 2008 586 Non
2040 532 2194 586 enim
2227 530 2419 586 civitas
2448 532 2650 587 occidit
2678 539 2732 584 et
2778 527 3051 599 lapidibus
3108 528 3316 591 obruit,
3363 531 3457 584 sed

195 624 493 677 ἀπέκτεινε
525 624 618 681 καὶ
648 619 1044 696 ὲλιθοόόλησεν,
1071 625 1207 679 ἀλλά
1233 625 1282 678 oi
1318 623 1545 682 πολῖται.

291 716 640 769 ἘΡΩΤΠΣΙΣ
671 716 814 770 MH'.
848 717 946 770 Διά
967 717 1020 769 τί
1051 717 1080 768 6
1108 716 1316 790 Κύριος
1339 716 1494 785 ἔλεγε
1523 718 1658 788 πρὸς
1688 717 1785 788 τὴν

199 810 430 881 Μαρίαν
459 809 572 881 (72)
606 809 742 880 μετά
775 799 877 881 τὴν
897 809 1114 881 ἔγερσιν
1137 828 1151 840 °
1178 810 1274 876 Μή
1294 829 1413 880 μου
1441 810 1660 865 ἀπτουο
1689 811 1785 864 οὖ-

197 900 437 969 πωγὰρ
463 898 803 967 ἀναϐέϐηκα
838 898 990 967 πρὸς
1017 900 1124 953 τὸν
1150 899 1392 968 Πατέρα,
1411 918 1550 968 μου.
1591 901 1652 953 Ei
1690 901 1784 970 μὲν

199 987 304 1046 οὖν
334 992 438 1064 πρὸ
471 992 568 1062 τῆς
590 991 907 1062 ἀναλήψεως
937 992 1114 1045 οὐδενὶ
1137 991 1265 1061 ἐξῆν
1298 991 1462 1044 αὐτοῦ
1489 986 1782 1056 ῐπτεσθαι,

200 1083 332 1147 πῶς
358 1083 494 1154 μετὰ
524 1083 718 1156 μικρὸν
745 1086 856 1149 τοῖς
888 1083 1159 1156 μαθηταῖς
1187 1084 1284 1137 καὶ
1305 1083 1383 1154 τῷ
1414 1083 1583 1156 Θωμᾷ
1613 1087 1787 1137 ποιεῖν

198 1175 476 1248 ἒπέτρεψε
507 1162 696 1240 τοῦτο;
731 1177 781 1228 εἰ
809 1175 865 1229 δὲ
899 1171 1046 1245 ἐξῆν,
1082 1173 1262 1237 πῶςὸ
1294 1173 1482 1245 ἔμελλε
1516 1175 1656 1246 μετά
1696 1191 1785 1245 μι-

199 1269 342 1340 κρὸν
371 1271 482 1341 τοῖς
517 1267 730 1330 πολλοῖς
755 1266 1066 1339 ἐπιτρέπειν
1088 1305 1103 1330 ,
1130 1267 1473 1337 ἀπηγόρευσε
1495 1270 1562 1340 τῇ
1601 1269 1787 1341 Μαρία

199 1359 318 1430 ’πρὸ
348 1357 542 1440 μικροῦ
559 1375 577 1424 ;

299 1445 702 1502 ’AIIOKPIZIZ.
736 1448 808 1502 T6
829 1489 844 1513 ,
875 1448 970 1515 Μή
997 1466 1112 1518 μου
1142 1450 1335 1510 ἅπτου
1355 1491 1369 1514 ,
1407 1451 1623 1524 εἴρηται
1652 1453 1786 1522 πρὸς

209 1540 317 1609 τὴν
349 1539 567 1616 Μαρίαν
597 1538 700 1592 ὑπὸ
721 1539 974 1610 Σωτῆρος
1003 1541 1144 1595 κατὰ
1174 1543 1272 1614 τὴν
1313 1542 1516 1597 ἔννοιαν
1543 1543 1635 1596 τοῦ
1656 1586 1671 1610 ,
1695 1546 1784 1616 Μή

211 1649 308 1702 μοι
341 1619 670 1700 ἀκολούθει,
693 1631 834 1685 ὥστε
875 1633 964 1700 διὰ
1010 1635 1211 1698 παντὸς
1245 1636 1478 1689 συνεῖναί
1513 1655 1603 1708 μοι
1649 1639 1787 1692 κατὰ

200 1725 310 1795 τὴν
353 1724 461 1796 πρδ
492 1723 585 1777 τοῦ
618 1725 851 1796 σταυροῦ
897 1743 999 1796 μου
1035 1727 1328 1798 διαγωγήν.
1371 1729 1650 1800 Ἐδοῦλετο
1679 1730 1787 1802 γὰρ

203 1815 364 1870 κατὰ·
389 1816 583 1887 μικρὸν
613 1815 893 1881 ἀπεθίζειν
927 1818 1053 1882 τοὺς
1087 1820 1332 1890 μαθητὰς
1355 1821 1454 1892 τῆς
1479 1821 1571 1875 τοῦ
1607 1811 1788 1894 σώμα-

1886 641 2055 680 εινεε.

1959 713 2238 783 QUIEST.
2272 713 2502 770 XLVIII.
2545 714 2726 781 Quare
2749 713 3012 770 Dominus
3034 712 3250 770 dicebat
3277 710 3462 766 Maria:

1889 821 2009 880 post
2033 807 2519 865 resurrectionem:
2549 807 2673 862 Noti
2695 824 2776 862 me
2799 817 3037 877 tangere;
3062 806 3296 861 nondum
3321 807 3460 859 enim

1889 901 2099 956 escendi
2128 901 2197 955 ad
2235 896 2450 954 Patrem
2481 918 2652 955 meum
2669 900 2754 954 u?
2781 899 2838 954 Si
2866 901 3084 971 quidem
3115 906 3242 954 ante
3265 913 3462 954 asceu«

1890 995 2098 1050 sionem
2125 993 2330 1047 nemini
2360 993 2560 1048 licebat
2587 1008 2710 1048 eum
2735 1001 2990 1062 tangere;
3019 1007 3117 1047 cur
3139 991 3302 1062 paulo
3338 997 3469 1060 post

1888 1087 2172 1158 discipulis
2198 1097 2252 1142 et
2277 1083 2496 1158 Thema:
2524 1084 2774 1154 permisit
2801 1091 2861 1138 ut
2895 1083 2946 1137 id
2982 1082 3258 1138 facerent?
3279 1080 3458 1146 Quod.

1889 1181 1936 1234 si
1963 1180 2018 1234 id
2041 1179 2261 1245 licebat,
2279 1177 2556 1248 quomodo
2577 1173 2723 1246 quod
2747 1175 2909 1245 paulo
2942 1182 3063 1244 post
3093 1187 3462 1231 concessurus

1887 1279 2002 1327 erat
2033 1269 2388 1341 pluribus,‘id
2422 1268 2586 1338 paqu
2612 1277 2740 1321 ante
2767 1267 2940 1320 vetuit
2969 1265 3154 1322 Mariae
3172 1267 3196 1316 ἲ

1957 1449 2154 1504 RESP.
2196 1448 2327 1504 Noli
2356 1466 2436 1503 me
2467 1458 2675 1519 tangere
2701 1448 2903 1502 dictum
2944 1453 3030 1501 est
3056 1446 3240 1502 Mariae
3271 1463 3302 1502 a
3339 1447 3460 1508 Sal-

1887 1552 2076 1603 vatore
2104 1542 2331 1598 in'hanc
2371 1540 2700 1596 sententiam
2733 1556 2746 1590 :
2779 1537 2901 1594 Noli
2947 1555 3033 1595 me
3059 1541 3354 1608 assectari,
3386 1542 3459 1595 ita

1887 1646 1948 1690 ut
1972 1640 2186 1691 mecum
2216 1647 2430 1704 semper
2470 1632 2548 1689 sis
2572 1675 2586 1699 ,
2618 1631 2758 1686 utin
2787 1645 2849 1685 ea
2871 1671 2885 1694 ,
2919 1646 3079 1700 quam
3114 1639 3240 1686 ante
3283 1647 3460 1686 meam

1887 1743 2108 1784 crucem
2150 1725 2354 1789 habui,
2400 1724 2526 1779 vitae
2571 1723 2986 1791 consuetudine.
3039 1722 3268 1778 Volebat
3313 1725 3460 1779 enim

1872 1811 2152 1892 paulatim
2190 1818 2492 1888 discipulos
2525 1832 2845 1872 assuescere
2869 1856 2884 1881 ,
2925 1823 2982 1870 ut
3012 1817 3182 1885 ipsius
3213 1819 3462 1886 corporis

198 1919 300 1970 τος
331 1906 494 1960 αὑτοῦ
519 1907 644 1972 θέας
676 1924 733 1961 τε
760 1908 854 1960 καὶ
881 1911 1181 1979 παρουσίας
1197 1927 1212 1939 ‘
1238 1911 1317 1964 διδ
1347 1910 1470 1989 οὔτε
1490 1913 1780 1985 διαπαντὸς

1888 1919 2102 1991 aspectu
2133 1918 2186 1966 et
2209 1910 2500 1981 praesentia
2527 1917 2808 1976 carerent;
2832 1918 3163 1978 quapropter
3187 1924 3289 1962 nec
3314 1925 3461 1963 sem-

198 2001 385 2068 ὼρᾶτο
401 2001 511 2063 τοῖς
547 1999 816 2072 μαθηταῖς
849 2005 907 2054 ὲν
939 2005 1058 2066 ταῖς
1091 2003 1195 2073 ήμέ
1206 2021 1324 2074 ραις
1365 2000 1553 2080 ἐνἀἷς
1583 2005 1780 2077 δι’ἐτριέ

203 2083 302 2144 ϐεν
337 2093 429 2144 ἐπὶ
461 2092 559 2162 τῆς
597 2092 699 2162 γῆς
747 2093 882 2163 μετὰ
921 2083 1018 2164 τὴν
1055 2094 1382 2159 ἀνάστασιν,
1431 2096 1553 2150 οὔτε
1603 2097 1778 2164 πάντη

199 2181 435 2237 ἀθέατον
461 2184 642 2246 αὐτοῖς
667 2182 860 2235 ἑαυτὸν
887 2184 1218 2256 κατέστησεν
1236 2225 1250 2248 ,
1285 2185 1399 2239 ἀλλ’
1437 2188 1502 2239 ὲκ
1537 2186 1779 2258 διαλείμ-

208 2293 386 2345 ματος
411 2275 694 2346 ἀμφότερα
719 2275 972 2339 ἐποιεῖτο,
1005 2277 1098 2328 καὶ
1128 2277 1190 2330 τὸ
1210 2277 1442 2349 ὁρᾶσθαι
1464 2280 1665 2342 αὐτοῖς,
1690 2281 1781 2331 καὶ

203 2367 268 2422 τὸ
304 2367 378 2438 μὴ
407 2365 654 2438 ὁρᾶσθαι.

289 2457 638 2521 ἝΡΩΤΗΣΙΣ
679 2457 809 2511 MQ'.
846 2459 941 2522 Τίς
981 2463 1014 2530 ἡ
1046 2459 1316 2526 ἀπόδειξις
1359 2461 1452 2514 τοῦ
1510 2463 1645 2531 μόνα
1693 2463 1784 2518 δύο

199 2549 376 2621 θηρία
405 2567 464 2602 τε
497 2551 591 2604 καὶ
621 2551 792 2622 κτήνη
814 2591 828 2614 ,
858 2553 1022 2624 ἄρσεν
1071 2553 1162 2605 καὶ
1205 2551 1339 2622 θῆλυ
1359 2596 1373 2618 ,
1400 2557 1458 2607 ἐν
1490 2558 1554 2626 τῇ
1589 2573 1785 2626 κοσμο-

205 2640 362 2710 ποιίᾳ.
396 2642 706 2712 παρῆχθαι;
751 2644 968 2716 Ἐπειδὴ
1011 2645 1170 2698 τοῦτό
1213 2665 1356 2710 τινες
1397 2646 1505 2700 τῶν
1548 2648 1784 2702 εὐσεϐῶν

203 2731 461 2801 εἰρήκασι
491 2732 624 2802 πρὸς
646 2733 902 2787 σύστασιν
925 2735 1020 2788 τοῦ
1051 2737 1124 2807 μὴ
1146 2736 1205 2800 ἐξ
1235 2737 1446 2805 ἀλόγων
1471 2736 1632 2808 δορᾶς
1659 2740 1785 2802 τοὺς

203 2820 559 2892 δερματίνους
613 2824 841 2894 χιτῶνας
888 2828 999 2890 τοῖς
1047 2827 1281 2897 πρώτοις
1324 2827 1632 2900 ἀνθρώποις
1682 2831 1785 2884 ὑπὸ

200 2909 304 2964 τοῦ
342 2911 475 2965 Θεοῦ
507 2913 761 2968 δίδοσθαι.

292 3013 689 3070 ἈΠΟΚΡΙΣΙΣ.
734 3019 796 3070 Εἰ
837 3020 896 3070 ὲν
937 3019 1154 3091 ἑκάστῳ
1189 3021 1332 3089 γένει
1365 3025 1480 3075 ὲστί
1510 3042 1631 3076 τινα
1661 3043 1788 3092 γεν-

205 3104 353 3175 ἀρχη
373 3145 386 3168 ,
431 3106 525 3158 καὶ
565 3106 634 3159 τὰ
676 3109 775 3179 μὲν
820 3111 1057 3182 γενάρχη
1093 3113 1241 3166 ἐστὶν
1273 3114 1406 3183 ἔργα
1435 3114 1600 3178 Θεοῦ,
1633 3117 1700 3169 τὰ
1730 3117 1788 3170 δὲ

213 3195 322 3247 ὑπὸ
349 3196 417 3248 τὰ
451 3197 688 3270 γενάρχη
721 3201 856 3252 εἰσὶν
901 3201 1037 3273 ἔργα
1069 3203 1283 3272 φύσεως
1322 3207 1408 3259 διὰ
1457 3210 1662 3278 σπορᾶς
1695 3211 1786 3262 καὶ

204 3288 473 3353 γενέσεως
515 3291 834 3358 ὑφεστῶτα,
878 3294 1118 3362 δηλονότι
1157 3297 1388 3350 ἑκάστου
1419 3300 1608 3367 γένους
1650 3302 1786 3373 πλὴν

205 3378 307 3448 τῆς
357 3382 490 3450 μιᾶς
518 3379 686 3453 ζυγῆς
715 3385 1107 3456 ἀῤῥενοθήλεος
1139 3389 1238 3441 οὐκ
1271 3392 1522 3460 ἐποίησεν
1562 3395 1589 3446 6
1631 3393 1780 3457 Θεός.

204 3470 452 3535 Χιτῶνας
481 3472 536 3524 δὲ
561 3473 919 3545 δερματίνους
949 3478 1204 3550 ἐποίησεν
1237 3482 1263 3533 6
1295 3481 1426 3544 Θεὸς
1447 3483 1544 3534 οὐκ
1576 3483 1785 3554 ἀνθρω-

209 3560 399 3624 πίνως,
435 3563 570 3616 ἀλλὰ
591 3565 1018 3639 δημιουργικῶς.
1047 3571 1119 3622 Οὐ
1149 3571 1255 3642 γὰρ
1292 3570 1404 3634 ζῶα
1435 3573 1660 3641 σφάξας,
1693 3575 1785 3627 καὶ

207 3652 412 3705 τούτων
459 3654 528 3706 τὰ
568 3655 810 3727 δέρματα
863 3661 1144 3732 συρράψας
1171 3703 1184 3724 ,
1220 3663 1450 3733 χιτῶνας
1492 3665 1781 3734 ἐποίησεν,

208 3745 324 3797 ἀλλ’
357 3748 553 3810 αὐτοὺς
581 3751 705 3813 τοὺς
735 3752 968 3821 χιτῶνας
995 3755 1391 3827 ἐδημιούργησε
1427 3760 1551 3820 τοὺς
1587 3758 1786 3830 δερμα-

209 3838 407 3901 τίνους.
447 3841 580 3892 Ἀλλ’
617 3842 745 3906 ἴσως
788 3846 1042 3915 ὲρεῖτις,
1084 3850 1164 3899 ὅτι
1208 3849 1266 3901 Εἰ
1294 3850 1721 3922 ἐδημιούργησεν
1758 3854 1786 3904 ὁ

210 3931 343 3993 Θεὸς
362 3932 486 3995 τοὺς
507 3933 858 4004 δερματίνους
882 3937 1110 4008 χιτῶνας
1139 3940 1275 4010 μετὰ
1299 3940 1394 4003 τὰς
1415 3943 1554 3993 ἑπτὰ
1576 3942 1786 4012 ἡμέρας

211 4024 311 4094 τῆς
342 4025 720 4096 δημιουργίας,
750 4027 866 4090 πῶς
900 4028 1043 4097 λέγει
1072 4033 1104 4101 ἡ
1138 4032 1256 4084 θεία
1279 4032 1488 4103 Γραφὴ,
1517 4033 1598 4085 ὅτι
1625 4035 1785 4086 κατέ-

213 4133 421 4169 παυσεν
447 4119 475 4168 6
507 4117 639 4180 Θεὸς
674 4119 730 4171 ὲν
769 4123 834 4190 τῇ
880 4122 1058 4193 ἡμέρᾳ
1098 4127 1160 4194 τῇ
1195 4125 1394 4195 ἐϐδόμῃ
1427 4125 1533 4178 ἀπὸ
1573 4125 1788 4178 πάντων

212 4208 320 4262 τῶν
347 4209 521 4279 ἔργων
554 4203 629 4262 ὧν
663 4212 865 4282 ἤρξατο
895 4216 1103 4278 ποιεῖν;
1141 4217 1464 4269 Κατέπαυσε
1499 4217 1596 4287 τὴν
1631 4217 1785 4287 ποίη-

217 4319 320 4363 σιν,
349 4303 594 4355 τουτέστι
629 4303 723 4357 τοῦ
749 4310 919 4358 ποιεῖν
953 4309 1019 4364 τὰ
1054 4309 1127 4379 μὴ
1157 4309 1316 4362 ὄντα·
1348 4309 1415 4362 τὰ
1448 4311 1503 4362 δὲ
1547 4310 1786 4379 δέρματα

213 4394 251 4446 ἃ.
276 4393 369 4446 νῦν
399 4399 570 4458 ποιεῖ,
605 4398 665 4448 οὐ
694 4397 789 4450 νῦν
819 4398 1046 4470 ἄρχεται
1083 4406 1275 4465 ποιεῖν,
1308 4403 1418 4456 ἀλλ’
1444 4405 1501 4455 ἐν
1537 4407 1601 4474 τῇ
1640 4405 1788 4474 ποιή-

217 4500 296 4537 σει
322 4485 429 4538 τῶν
463 4486 612 4549 ζώων
641 4490 730 4541 καὶ
759 4490 825 4542 τὰ
849 4491 1093 4561 δέρματα
1129 4495 1306 4546 αὐτῶν
1337 4495 1574 4563 ἐγίνοντο
1601 4496 1784 4548 πάλαι.

1875 2006 1977 2076 per
2007 2003 2294 2074 discipulis
2323 2002 2618 2057 videndum
2664 2017 2722 2056 se
2754 2001 3057 2072 praebebat,
3084 2002 3350 2070 quandiu
3404 2001 3459 2054 in

1881 2096 2045 2151 terris
2074 2101 2198 2166 post
2222 2093 2390 2166 560
2416 2093 2870 2148 resurrectionem
2915 2100 3165 2147 moratus
3197 2104 3282 2149 est
3303 2135 3318 2157 ,
3357 2110 3461 2149 nec

1880 2189 2103 2242 omnino
2159 2186 2639 2257 inaspectabilem;
2717 2185 2812 2240 sed
2885 2184 3212 2255 interposito
3277 2188 3458 2257 spatio

1883 2289 2174 2349 utrumque
2219 2278 2454 2334 iaciebat
2477 2318 2490 2340 .
2526 2284 2584 2331 ut
2614 2284 2668 2330 et
2700 2275 2809 2331 illis
2844 2275 3122 2331 videretur
3151 2285 3204 2332 et
3232 2293 3340 2332 non
3375 2279 3456 2331 via-

1881 2373 2122 2429 deretur.

1953 2461 2232 2530 QUEST.
2268 2461 2454 2516 XLIX.
2497 2461 2783 2528 Quomodo
2828 2461 3195 2516 demonstrari
3247 2471 3458 2532 potest,

1883 2555 2043 2610 binas
2107 2555 2466 2610 .ntnmferas
2490 2563 2548 2608 et
2572 2554 2843 2625 pecudes,
2887 2555 3190 2609 masculum
3217 2564 3273 2609 et
3302 2555 3460 2609 femi-

1885 2661 2032 2712 nam,
2056 2647 2111 2701 in
2142 2645 2329 2701 mundi
2363 2645 2636 2700 creatione
2665 2661 2786 2700 esse
2815 2645 3142 2713 productas?
3173 2645 3288 2700 Hoc
3313 2647 3458 2702 enim

1887 2739 2098 2809 piorun‘
2125 2738 2373 2793 nonnulli
2402 2738 2679 2802 dixerunt,
2714 2746 2770 2791 ut
2801 2738 3117 2808 probarent,
3152 2753 3258 2791 non
3285 2752 3317 2793 e
3346 2740 3462 2808 pel-

1887 2831 2032 2886 libus
2065 2831 2378 2884 .znimalium
2422 2829 2653 2883 rationis
2681 2827 2987 2898 expertium
3013 2829 3269 2897 pelliceas
3315 2828 3464 2882 tuni-

1887 2937 1982 2978 cas
2013 2922 2207 2992 primis
2242 2921 2556 2976 hominibus
2585 2936 2616 2974 a
2643 2921 2752 2976 Deo
2777 2934 2898 2974 esse
2931 2919 3107 2974 datas.

1960 3014 2158 3069 RESP.
2211 3014 2268 3068 Si
2318 3014 2372 3066 in
2403 3027 2733 3082 unoquoque
2779 3026 3014 3081 genere,
3066 3010 3287 3080 quidam
3334 3018 3464 3065 sunt

1890 3105 2106 3176 generis
2133 3103 2410 3174 principes
2433 3141 2450 3165 ,
2498 3110 2550 3156 et
2588 3101 2804 3170 generis
2835 3100 3111 3171 principes
3158 3100 3251 3156 Dei
3296 3117 3462 3171 opera

1891 3204 2019 3252 sunt
2038 3237 2054 3262 ,
2084 3212 2204 3266 qua:
2232 3210 2362 3251 vero
2392 3193 2494 3248 sub
2521 3192 2737 3262 generis
2763 3193 3133 3262 principibus,
3163 3208 3330 3262 opera
3361 3209 3460 3246 na-

1888 3298 2044 3353 turae,
2065 3298 2183 3344 satu
2198 3297 2254 3363 ct
2278 3289 2627 3358 generatione
2649 3286 2996 3344 subsistentia
3015 3329 3029 3347 ,
3055 3287 3222 3354 liquet
3249 3287 3302 3339 in
3327 3302 3464 3338 ιιι.ο⁴

1889 3398 2107 3453 quoque
2133 3397 2331 3452 genere
2374 3396 2471 3450 par
2499 3395 2666 3433 unum
2694 3420 2708 3443 ,
2749 3379 3052 3433 masculum
3079 3385 3134 3432 et
3164 3378 3424 3432 feminam
3444 3417 3463 3441 ,

1889 3491 1990 3529 nec
2017 3474 2316 3545 quidquam
2349 3471 2583 3541 amplius
2631 3485 2660 3523 a
2708 3469 2819 3525 Deo
2856 3478 3100 3524 creatum
3133 3470 3320 3525 fuisse.
3354 3468 3466 3524 Tu-

1890 3570 2045 3622 nicas
2074 3575 2254 3621 autem
2282 3565 2545 3635 pelliceas
2567 3563 2710 3618 Deus
2738 3562 2886 3629 iecit,
2916 3578 3026 3616 non
3055 3563 3294 3616 humana
3324 3573 3463 3626 arte,

1891 3660 1984 3713 sed
2037 3658 2277 3714 creantis
2317 3657 2495 3711 modo.
2543 3655 2661 3711 Non
2697 3655 2842 3710 enim
2873 3654 3242 3709 animantibus
3271 3655 3460 3713 caesis.

1888 3766 2188 3820 eorumque
2215 3750 2447 3819 pellibus
2473 3748 2742 3810 consutis,
2768 3747 2986 3801 tunicas
3014 3747 3345 3811 elaboravit,
3371 3747 3463 3800 scd

1891 3844 2104 3898 tunicas
2128 3843 2274 3912 ipsas
2299 3841 2556 3911 pelliceas
2581 3839 2804 3894 creavit.
2835 3837 2991 3892 Dicat
3017 3846 3200 3894 autem
3231 3836 3467 3893 fortasse

1890 3937 2160 4005 quispiam
2195 3951 2205 3984 ε
2241 3932 2297 3988 Si
2324 3934 2467 3987 Deus
2509 3933 2764 4002 pelliceas
2803 3931 2968 3985 hasce
2997 3930 3212 3984 tunicas
3237 3930 3464 3992 creavit,

1891 4036 2012 4096 post
2042 4037 2246 4096 septem
2273 4026 2571 4084 creationis
2598 4024 2716 4079 dies
2742 4040 2755 4076 :
2784 4024 3057 4104 quomqu
3083 4039 3255 4079 sacra:
3275 4025 3470 4078 dicunt

1893 4120 2148 4183 Littera,
2181 4117 2561 4188 conquievisse
2589 4115 2759 4171 Deum
2807 4117 2862 4170 in
2909 4117 3172 4186 Septimo,
3207 4117 3275 4171 ab
3317 4117 3467 4169 omni

1890 4212 2036 4281 quod
2075 4218 2291 4279 patrare
2334 4215 2575 4278 coeperat
2617 4210 2819 4277 opere?
2868 4205 3195 4276 Conquievit
3240 4223 3276 4285 av
3315 4222 3468 4260 crea-

1892 4306 2060 4365 tione,
2093 4302 2194 4355 hoc
2221 4308 2306 4356 est
2331 4301 2398 4355 ab
2422 4301 2501 4356 eis
2525 4316 2645 4371 qua:
2672 4316 2779 4354 non
2811 4307 2939 4354 sunt
2966 4299 3252 4365 creandis;
3300 4300 3468 4371 pelles

1891 4411 2020 4448 vero
2045 4410 2183 4463 quas
2213 4408 2358 4446 nunc
2385 4401 2553 4456 creat,
2584 4409 2695 4447 non
2725 4406 2872 4445 nunc
2900 4406 3087 4447 creare
3117 4391 3338 4460 incipit,
3371 4393 3468 4446 sed

1894 4490 1947 4541 in
1977 4487 2336 4540 animantium
2371 4486 2648 4540 creatione
2670 4526 2684 4549 ,
2717 4486 2884 4554 pelles
2913 4501 3129 4554 quoque
3152 4501 3342 4540 eorum
3367 4483 3471 4536 du-

215 4577 368 4630 Κατά
399 4578 569 4631 ταῦτα
597 4580 651 4632 δὲ
677 4581 768 4634 καὶ
798 4582 877 4648 τὸ,
905 4585 1210 4638 Ἔπλασεν
1238 4589 1325 4639 ἔτι
1346 4587 1562 4654 Κύριος
1589 4591 1620 4639 ό
1647 4589 1784 4653 Θεὸς

1893 4581 2021 4634 dum
2045 4589 2242 4634 creata:
2268 4579 2503 4633 fuerant.
2523 4577 2898 4641 Consimiliter
2926 4587 2978 4633 et
3008 4577 3144 4632 illud
3174 4593 3234 4632 se
3264 4578 3427 4632 habet
3452 4596 3464 4626 :

216 4668 329 4720 ἀπὸ
362 4667 470 4734 τῆς
505 4668 615 4738 γῆς
654 4669 847 4724 πάντα
877 4673 947 4726 τὰ
985 4675 1173 4742 κτήνη
1197 4719 1212 4741 ,
1242 4677 1339 4728 καὶ
1383 4675 1454 4728 τὰ
1479 4677 1652 4743 θηρία
1682 4675 1787 4743 τῆς

218 4756 357 4827 γῆς’
398 4759 491 4811 καὶ
540 4761 759 4830 ἢγαγεν
802 4765 953 4816 αὐτὰ
993 4764 1141 4831 πρὸς
1179 4766 1285 4817 τὸν
1337 4765 1539 4834 Ἀδὰμ,
1588 4767 1681 4818 καὶ⁴
1723 4767 1788 4818 τά

221 4845 373 4919 ἐξῆςο
413 4852 474 4903 τὸ
501 4852 606 4923 γὰρ
634 4855 717 4905 ἔτι
757 4855 852 4924 τὴν
889 4856 1144 4926 δευτέραν
1179 4859 1430 4927 σημαίνει
1459 4858 1662 4911 τούτων
1693 4860 1786 4926 γέ-

220 4959 360 4995 νεσιν
390 4943 521 5013 (7'5).

289 5100 333 5129 ⁸³
362 5097 516 5152 Joan.
557 5117 644 5164 xx,
682 5101 765 5154 17.
855 5102 898 5131 ⁵⁸
931 5102 1065 5156 Gen.
1103 5119 1163 5164 ιι,
1195 5102 1283 5155 19.

293 5221 398 5289 (171)
455 5221 609 5286 Πρὸς
651 5220 864 5286 αὐτὴν.
917 5221 1179 5275 Observat
1233 5219 1554 5290 Sylburgius
1613 5221 1781 5273 multo

226 5291 414 5361 melius
447 5291 546 5359 legi
588 5291 722 5361 πρὸς
750 5293 998 5361 σεαυτήν.

292 5359 400 5429 (72)
432 5357 582 5425 Πρὸς
617 5357 1008 5429 τὴνκΜαρίάν.
1047 5357 1285 5428 Uterque
1321 5362 1487 5415 codex
1522 5361 1656 5430 πρὸς
1688 5361 1781 5430 τὴν

229 5430 431 5501 μητέρα
461 5431 693 5552 Μαιρίαν.
740 5431 845 5484 Sed
890 5432 1036 5494 haec,
1072 5439 1129 5483 ut
1162 5430 1497 5500 Evangelicaa
1522 5431 1782 5500 .hisloria!

229 5501 515 5552 contraria.
589 5543 600 5552 .
633 5500 938 5552 Stenhanus
969 5503 1021 5552 in
1055 5508 1368 5552 contextum
1405 5503 1647 5552 recinere
1684 5519 1782 5552 no-

227 5500 515 5564 contraria,
538 5500 600 5552 R.
633 5500 938 5568 Stephanus
969 5503 1021 5554 in
1055 5508 1368 5554 contextum
1405 5503 1647 5569 recipere
1684 5519 1782 5556 no-

227 5571 341 5624 luit.
377 5569 528 5623 Unde
555 5570 619 5622 ad
644 5573 940 5640 marginem
968 5573 1253 5638 utriusque
1284 5571 1490 5626 codicis
1513 5573 1625 5626 haec
1654 5583 1780 5626 nota

229 5642 508 5713 apposita:
545 5642 684 5713 Ὅρα
725 5641 775 5693 τί
824 5658 986 5709 φησιν
1021 5641 1264 5694 ἐνταῦθα.
1307 5643 1380 5694 Οὐ
1418 5643 1526 5713 γὰρ
1563 5643 1659 5711 τὴν
1690 5642 1780 5694 τοῦ

228 5710 674 5783 Κυρίουλμητερα
707 5713 838 5783 φησι
881 5713 940 5763 τὸ
989 5714 1118 5783 παρ’
1161 5714 1291 5782 ἡμῖν
1340 5710 1505 5783 λὶερδν
1538 5710 1782 5780 Εὐαγγέ-

227 5779 361 5853 λιον,
383 5779 651 5853 Δἀλλά-τὴν
686 5781 1044 5853 Μαγδαληνὴν
1070 5779 1305 5852 Μαρῖαμ
1339 5779 1502 5850 λέγει.
1536 5784 1626 5853 Μή
1655 5779 1782 5835 ποτε

230 5845 315 5901 οὖν
344 5850 404 5923 οῦ
425 5849 517 5901 τοῦ
541 5845 855 5923 διδασκάλου
904 5845 1020 5905 ἐστῖ
1063 5845 1246 5923 τοῦτο,
1267 5845 1428 5907 ’ἀλλά
1469 5853 1574 5904 τῶν
1615 5845 1785 5923 ’μετα-

237 5917 537 5986 γραφόντων
570 5921 851 5994 προσθήκη
878 5924 968 5976 καὶ
999 5923 1086 5976 διὰ
1115 5919 1271 5974 τᾌῦτο
1295 5923 1412 5976 οὐδὲ
1443 5926 1498 5976 εν
1540 5917 1689 5976 λύσει
1721 5927 1786 5994 τῇ

1893 4671 2172 4725 Formavit
2198 4682 2451 4742 prwterea
2485 4671 2742 4724 Dominus
2777 4670 2918 4724 Deus
2950 4669 3013 4723 de
3050 4670 3206 4722 Immo
3249 4669 3468 4737 pecudes

1891 4783 2090 4828 omnes,
2117 4775 2166 4819 et
2196 4765 2337 4827 feras
2367 4774 2521 4818 terra:
2546 4782 2562 4818 :
2589 4774 2638 4816 et
2666 4763 2892 4816 adduxit
2923 4780 3011 4816 eas
3039 4763 3106 4815 ad
3130 4763 3386 4827 Adam“,
3415 4773 3470 4817 et

1892 4873 2013 4926 qua:
2062 4865 2386 4927 sequuntur.
2431 4856 2566 4910 Nam
2597 4856 2824 4911 verbum
2852 4864 3135 4922 prwterea,
3170 4855 3468 4910 secundam

1895 4953 2090 5003 horum
2120 4943 2369 5020 designat
2402 4947 2756 5002 creationem.

1889 5221 2059 5292 ταύτῃ
2101 5221 2192 5272 τοῦ
2222 5221 2543 5292 ςητήματος
2583 5219 2935 5292 πρόσκειται;
2982 5219 3119 5292 Vide
3151 5219 3276 5288 quid
3326 5220 3470 5272 dicat

1890 5293 1986 5343 hoc
2027 5289 2180 5344 loco:
2214 5289 2519 5342 Nonenim
2568 5298 2791 5341 matrem
2835 5290 3048 5342 Domini
3087 5291 3216 5342 dicit
3257 5307 3466 5342 sacrum

1891 5361 2029 5426 apud
2062 5378 2154 5414 nos
2193 5359 2554 5428 Evangelium,
2587 5359 2676 5410 sed
2708 5357 3078 5429 Magdalenem
3101 5359 3356 5414 Mariam.
3386 5366 3466 5413 An

1891 5449 1993 5484 non
2025 5432 2161 5495 forte
2189 5432 2353 5499 igitur
2382 5446 2712 5499 nequaquam
2743 5431 2796 5481 id
2827 5447 2859 5482 a
2892 5429 3155 5500 Magistro
3187 5432 3465 5498 scriptum,

1889 5502 1979 5555 sed
2013 5501 2075 5554 ab
2102 5504 2190 5562 iis,
2223 5502 2312 5569 qui
2337 5501 2805 5568 transcripserunt,
2841 5500 3114 5567 additum,
3144 5501 3282 5554 unde
3309 5518 3472 5570 neque

1890 5575 1944 5624 in
1975 5571 2073 5624 hac
2115 5570 2712 5641 quaestionissolutione
2743 5572 3041 5636 reperitur!

1962 5643 2071 5712 (73)
2121 5640 2236 5708 Τὴν
2278 5640 2562 5707 δευτέραν
2605 5642 2880 5708 σημαίνει
2935 5643 3160 5694 τούτων
3198 5641 3466 5712 γένεσιν.

1892 5712 2167 5779 Quantum
2201 5713 2364 5778 hujus
2403 5712 2689 5780 scriptoris
2721 5712 3045 5766 sententiam
3081 5711 3357 5780 intelligo,
3392 5715 3470 5765 sic

1891 5783 2107 5837 videtur
2149 5782 2410 5852 explicari
2472 5797 2652 5852 posse.
2715 5781 2860 5836 Duos
2906 5782 3156 5851 agnoscit
3198 5783 3471 5852 nascendi

1893 5854 2105 5912 modos.
2140 5851 2374 5906 alterum
2407 5851 2743 5922 principibus
2769 5853 3006 5922 generis,
3032 5867 3172 5922 quos
3195 5851 3339 5907 Deus
3362 5853 3473 5908 for-

1895 5927 2091 5989 mavit,
2128 5926 2360 5980 alterunt
2411 5925 2502 5989 iis,
2540 5925 2632 5993 qui
2665 5939 2728 5977 ex
2759 5924 2976 5994 generis
3010 5924 3351 5994 principibus
3381 5941 3473 5995 ge-
