4144 6422
734 392 874 449 1295

803 503 1081 572 QUAEST.
1115 504 1174 556 L.
1205 504 1342 570 Quia
1372 505 1501 559 olim
1529 505 1748 573 quidem
1775 504 1951 576 pueri,
1985 516 2133 558 nunc
2159 516 2293 557 vero
2328 513 2373 570 Α

732 608 785 655 et
831 614 932 653 nos
984 597 1121 652 dum
1160 596 1391 669 hymnos
1428 603 1745 663 cantamus,
1791 611 1925 652 voce
1977 594 2197 652 Osanna
2247 605 2304 649 et

732 693 972 750 Alleluia
1000 692 1237 758 utimur,
1268 705 1389 761 quae
1417 689 1611 745 harum
1638 700 1722 745 est
1750 688 2164 760 interpretatio?

801 805 999 861 RESP.
1032 805 1408 875 Interpretatio
1432 804 1583 859 verbi
1611 803 1845 858 Alleluia
1868 844 1883 869 ,
1917 810 2000 859 est
2020 843 2036 867 ,
2065 801 2304 856 Laudate

729 911 849 951 cum
876 908 1037 951 cantu
1058 896 1113 951 id
1132 897 1270 969 quod
1297 909 1409 961 est;
1442 897 1593 953 verbi
1622 906 1801 953 autem
1834 896 2074 962 Osanna,
2098 898 2296 968 magni-

733 988 859 1042 tudo
890 1007 1154 1059 suprema.

803 1099 1082 1167 QUEST.
1134 1100 1222 1157 LI.
1294 1100 1351 1155 Si
1400 1101 1757 1155 immutabilis
1816 1098 1987 1167 Deus,
2030 1097 2305 1169 quomodo

732 1180 1087 1265 blasphemiis
1136 1194 1409 1264 appetitus
1438 1200 1491 1247 et
1521 1193 1777 1248 laudibus
1804 1192 2114 1248 celebratus
2160 1205 2306 1244 mer-

732 1288 920 1343 cedem
972 1287 1220 1358 utrisque
1267 1285 1482 1340 actione
1510 1292 1870 1354 utrorumque
1898 1294 2039 1354 saepe
2083 1282 2303 1354 dignam

732 1375 1022 1446 rependit?

802 1487 1001 1544 RESP.
1035 1484 1261 1544 Manens
1293 1486 1436 1542 Deus
1467 1488 1523 1541 in
1553 1487 1776 1558 proprio
1805 1500 1969 1543 sensu
1997 1495 2055 1541 et
2089 1484 2307 1555 iustitia

732 1580 1176 1645 immutabiliter,
1210 1579 1505 1649 unicuique
1531 1594 1631 1648 pro
1656 1578 1867 1639 meritis
1894 1577 2103 1644 reddit;
2130 1588 2307 1646 neque

730 1672 786 1727 id
834 1681 1014 1727 tamen
1063 1677 1307 1725 mutatus
1340 1670 1505 1736 facit,
1536 1672 1695 1740 quasi
1722 1670 2028 1737 invenerit,
2059 1668 2153 1724 sed
2181 1682 2305 1723 cum

730 1779 948 1835 semper
975 1763 1247 1828 habuerit,
1277 1746 1474 1816 retinet
1498 1762 1585 1818 his
1613 1763 1671 1836 i_n
1696 1762 1864 1817 rebus
1892 1759 2308 1816 immutabilita-

1467 384 1824 443 APPENDIX.
1856 412 1921 430 λ-
1948 384 2129 442 PARS
2163 386 2204 441 ι.
2245 386 2305 442 S.
2346 382 2607 442 JUSTIN]
2646 382 2871 441 OPEBA
2912 382 3180 439 SPURIA.

3849 380 3985 437 ωε

2482 501 2831 553 ἘΡΩΤΗΣΙΣ
2864 502 2944 553 N‘.
2988 498 3208 569 Ἐπειδὴ
3232 496 3399 550 πάλαι
3436 496 3535 568 μὲν
3562 496 3612 549 οἱ
3643 494 3859 558 παῖδες,
3896 492 3987 546 νῦν

2403 591 2461 644 δὲ
2492 593 2651 661 ἡμεῖς
2692 590 2985 661 ὑμνοῦντες
3014 592 3083 660 τῇ
3129 588 3389 644 Ὡσαννὰ
3428 588 3599 656 φωνῇ,
3649 585 3747 638 καὶ⁵
3892 580 3983 636 τοῦ

2417 684 2763 752 Ἀλληλούῑα
2778 681 3113 754 κεχρήμεθα,
3130 680 3215 744 τίς
3230 681 3377 733 ἐστιν
3397 679 3430 748 ὴ
3457 676 3662 730 τούτων
3682 672 3984 746 ἑρμηνείας

2487 794 2884 848 ἈΠΟΚΡΙΣΙΣ.
2916 792 3207 864 Ἐρμηνεία
3224 791 3339 846 ἐστὶ
3368 789 3462 843 τοῦ
3493 790 3593 861 μὲν
3633 789 3987 856 malum!

2404 887 2463 940 τὸ
2500 886 2824 956 Ὑμνήσατε
2836 886 2985 955 μετὰ
3004 884 3228 954 μέλους
3255 882 3319 936 τὸ
3344 880 3441 937 ὃν·
3474 880 3570 935 τοῦ
3597 880 3658 935 δὲ
3697 878 3986 941 Ὡσαννὰ.

2400 979 2785 1050 pem/locum
2813 976 3225 1047 ὑπερκειμένη.

2487 1090 2837 1144 ἘΡΩΤΗΣΙΣ
2883 1089 3013 1142 NA’.
3081 1088 3143 1142 Εί
3208 1088 3479 1159 ἄτρεπτον
3519 1085 3581 1139 τὸ
3635 1085 3830 1151 Θεζον,
3876 1083 3987 1148 πῶς

2409 1180 2894 1255 βλασφημούμενον
2958 1180 3051 1234 καὶ⁵
3110 1178 3528 1251 εὐφημούμενον
3590 1174 3693 1239 τὰς
3753 1174 3983 1247 ἀμοιϐὰς

2406 1274 2734 1345 ἀμφοτέροις
2777 1274 2877 1343 τῆς
2917 1271 3191 1343 ἑκατέρων
3235 1269 3486 1340 πράξεως
3527 1268 3793 1331 πολλάκις
3832 1266 3986 1332 ἀξίας

2405 1367 2686 1447 ἀπέδωκεν
2706 1382 2722 1431 ;
2962 1442 2967 1448 ‘

2487 1474 2889 1539 ‘AIIOKPIXIZ.
2921 1472 3115 1528 Μένων
3138 1475 3167 1526 6
3188 1471 3321 1537 Θεὸς
3348 1473 3406 1525 ὲν
3432 1474 3502 1543 τῇ
3524 1470 3704 1541 οίκείᾳ
3733 1468 3988 1539 αἰσθήσει

2408 1583 2466 1619 τε
2499 1567 2591 1618 καὶ
2620 1565 2933 1636 δικαιοσύνῃ
2965 1564 3247 1636 ἀτρέπτως
3270 1604 3284 1628 ,
3324 1563 3540 1634 ἑκάστῳ
3573 1563 3641 1615 τὰ
3682 1562 3808 1615 κατ’
3834 1560 3983 1627 ἀξίαν

2406 1658 2758 1713 ἀποδίδωσιν·
2804 1658 2865 1711 οὐ
2914 1657 3018 1728 μὴν
3065 1654 3207 1710 κατὰ
3246 1656 3601 1728 παρατροπὴν
3640 1653 3805 1708 τοῦτο
3851 1654 3988 1706 ποιεί

2408 1749 2616 1822 εὑρὼν,
2651 1748 2768 1802 ἀλλ’
2796 1749 2884 1803 ἀεὶ
2912 1746 3194 1822 ἐσχηκὼς,
3237 1748 3352 1819 ἔχει
3396 1747 3456 1801 τὸ
3492 1748 3553 1800 ὲν
3590 1746 3809 1809 τούτοις
3835 1746 3987 1816 ἀτρε-

729 1864 862 1920 tem,
892 1870 1121 1925 eamque
1152 1856 1391 1910 retinens
1420 1854 1609 1911 eodem
1639 1850 1831 1909 ordine
1872 1854 2039 1910 habet
2064 1854 2311 1925 blasphe-

2412 1861 2543 1898 πτον
2560 1860 2573 1873 ·
2601 1842 2695 1896 καὶ
2719 1841 2856 1913 έχων
2884 1842 2942 1895 ὲν
2968 1842 3057 1915 ἴση
3080 1841 3231 1908 τάξει
3259 1841 3372 1912 ἔχει
3391 1839 3517 1913 περί
3542 1855 3604 1891 τε
3632 1837 3989 1909 βλασφήμως

730 1964 851 2003 mos
879 1957 933 2003 et
952 1964 1049 2003 eos
1069 1948 1163 2019 qui
1189 1948 1621 2018 percalluerunt,
1648 1956 1742 2002 aut
1766 1948 2049 2018 injustitia:
2071 1946 2305 2005 crimine

728 2041 978 2096 obstricti
1008 2050 1159 2107 sunt,
1189 2056 1310 2113 quae
1342 2041 1564 2112 quidem
1593 2042 1770 2098 aliena
1800 2050 1927 2097 sunt
1957 2049 2199 2111 peccata.

802 2151 1083 2219 QUAEST.
1114 2152 1224 2209 ιιι.
1258 2152 1313 2208 Si
1344 2155 1567 2225 pictatis
1594 2154 1778 2209 studio
1806 2161 1986 2208 motus
2022 2152 2153 2207 Saul
2180 2167 2308 2208 ven-

730 2247 1002 2316 triloquas
1045 2248 1296 2314 sustulit,
1344 2248 1476 2315 quid
1507 2263 1631 2302 eum
1660 2246 1877 2317 impulit
1921 2255 1981 2301 ut
2026 2262 2057 2301 a
2103 2246 2308 2301 ventri-

732 2339 893 2409 loqua
926 2346 1193 2409 quareret
1236 2338 1689 2410 praedictionem?
1735 2339 1818 2393 An
1854 2340 2016 2394 etiam
2062 2339 2152 2392 illa
2207 2336 2306 2392 Sa-

731 2432 963 2489 muelem
992 2447 1182 2487 revera
1214 2431 1437 2485 eduxit?
1469 2430 1526 2485 id
1565 2430 1712 2485 enim
1756 2440 1949 2485 narrat
1986 2428 2305 2501 Scriptura,

730 2539 896 2592 quam
939 2524 1159 2594 quidem
1189 2538 1317 2577 vera
1346 2521 1561 2588 dicere,
1594 2522 1689 2578 sed
1719 2530 1900 2577 tamen
1929 2536 2044 2576 rem
2088 2522 2309 2592 impiam

730 2631 856 2672 esse
885 2615 1239 2672 manifestum
1267 2623 1373 2671 est.

802 2728 999 2786 RESP.
1054 2730 1159 2795 Qui
1204 2728 1392 2784 divino
1439 2728 1620 2785 studio
1662 2727 1865 2799 aliquid
1895 2726 2061 2793 facit,
2105 2728 2153 2783 is
2184 2741 2310 2782 cum

733 2821 844 2877 Deo
873 2838 979 2877 non
1010 2828 1235 2893 pugnat.
1267 2822 1547 2892 Concepta
1597 2830 1780 2876 autem
1823 2819 1954 2874 Saul
2001 2819 2068 2875 de
2110 2818 2312 2875 Davide

735 2917 1069 2985 suspicione,
1100 2930 1328 2986 regnum
1376 2931 1535 2970 suum
1589 2915 1644 2968 in
1694 2915 1847 2968 illum
1875 2912 2047 2975 aDeo
2073 2912 2312 2968 transla~

737 3016 850 3059 tum
880 3007 971 3070 iri,
1003 3008 1463 3063 omnibus-modis
1492 3005 1840 3061 machinatus
1878 3004 2037 3078 461
2087 3012 2170 3059 est
2211 3020 2310 3059 ne-

736 3116 855 3155 cem
889 3099 1103 3165 Davidi,
1153 3115 1221 3154 ne
1248 3101 1455 3154 exitum
1482 3100 1537 3154 in
1565 3115 1629 3154 eo
1658 3097 2155 3154 sortiretur‘divina
2195 3114 2314 3157 sen-

737 3193 929 3246 tentia.
962 3192 1195 3247 Sustulit
1234 3201 1413 3268 autem
1441 3193 1837 3262 ventriloquas,
1880 3205 2106 3260 sperans
2141 3190 2313 3266 Deum

2410 1930 2503 1989 ml.
2527 1936 2651 1998 τοὺς
2685 1935 2789 1988 ὑπὸ
2814 1933 3171 2006 ἀναισθησίας
3218 1931 3617 2003 κατεχομένους
3663 1929 3700 2000 ἢ
3750 1929 3987 1992 ἀδικίας,

2410 2029 2553 2099 ἅπερ
2582 2027 2698 2081 ἐστὶ
2726 2026 2792 2081 τὰ
2817 2027 3073 2099 ἀλλότρια
3099 2027 3230 2099 (74).

2493 2152 2840 2205 ἘΡΩΤΗΣΙΣ
2885 2151 3008 2204 ΝΒ’.
3054 2150 3117 2204 Et
3162 2147 3375 2202 εὐσεϐεῖ
3412 2146 3561 2218 ζήλῳ
3594 2145 3919 2216 κινούμενος
3960 2146 3991 2195 6

2410 2243 2583 2297 Σαοὺλ
2607 2244 2710 2308 τὰς
2743 2242 3220 2315 ἐγγαστριμύθους
3250 2240 3447 2305 ἀνεῖλε,
3478 2238 3567 2292 διὰ
3601 2239 3654 2292 τί
3690 2236 3988 2308 συνηλάθη,

2408 2336 2551 2390 ὥστε
2584 2337 2735 2407 παρά
2775 2334 3216 2406 ὲγγαστριμύθου
3252 2333 3482 2405 ζητῆσαι
3520 2331 3831 2404 πρόρρησιν
3846 2346 3867 2397 νς
3898 2330 3993 2382 καὶ

2408 2429 2455 2479 εί
2501 2427 2579 2496 τῷ
2627 2428 2742 2479 ὄντι
2785 2428 2968 2499 ἐκείνη
2996 2426 3105 2481 τὸν
3150 2425 3401 2496 Σαμουὴλ
3442 2417 3760 2495 ἀνήγαγεν,
3804 2408 3992 2491 ἐπειδὴ

2408 2519 2565 2573 τοῦτό
2587 2537 2747 2590 φησιν
2778 2522 2810 2592 ἡ
2844 2521 3069 2592 Γραφή;
3099 2521 3195 2574 καὶ
3214 2520 3298 2573 ὅτι
3327 2516 3580 2588 ἀληθεύει
3613 2516 3713 2587 μὲν
3745 2514 3912 2586 αὕτη,
3934 2513 3994 2566 τὸ

2407 2609 2465 2662 δὲ
2492 2612 2724 2682 πρᾶγμα
2750 2610 2946 2675 ἀσεϐὲς
2963 2650 2978 2675 ,
3007 2610 3185 2682 δῆλον.

2493 2732 2891 2786 ἈΠΟΚΡῙΣ1Σ.
2939 2733 2996 2785 '0
3037 2732 3185 2805 ζήλῳ
3225 2732 3357 2804 θείῳ
3394 2726 3562 2785 ποιῶν
3603 2746 3691 2794 τι,
3730 2723 3892 2791 οὗτος
3932 2728 3995 2780 οὐ

2410 2823 2697 2895 θεομαχεῖ·
2735 2825 2992 2877 ὑπόνοιαν
3019 2824 3074 2877 δὲ
3106 2827 3133 2878 ὁ
3161 2824 3335 2878 Σαοὺλ
3376 2820 3626 2893 ἐσχηκὼς
3658 2821 3739 2884 είς
3764 2820 3859 2874 τὸν
3900 2820 3995 2871 Δα-

2411 2915 2495 2968 ϐὶδ
2513 2956 2527 2980 ,
2552 2916 2627 2979 ὡς
2655 2917 2733 2979 είς
2759 2915 2919 2968 αὐτὸν
2951 2916 3248 2987 μετέθηκεν
3274 2918 3304 2969 ὁ
3329 2913 3463 2978 Θεὸς
3492 2912 3587 2985 τὴν
3629 2911 3797 2965 αὑτοῦ
3842 2910 3996 2981 βασι-

2410 3006 2558 3061 λείαν
2581 3048 2595 3071 ,
2627 3008 2904 3071 παντελῶς
2938 3009 3249 3080 ἐμηχανᾶτο
3280 3008 3521 3078 ἀναιρεῖν
3551 3004 3643 3058 τὸν
3676 3002 3876 3067 Δαόὶδ,
3911 3004 3998 3055 ἵνα

2412 3101 2491 3162 είς
2523 3099 2683 3171 ἔργον
2719 3101 2792 3171 μὴ
2819 3100 2952 3172 ὲκὸῇ
3000 3101 3087 3154 ἐπ’
3118 3101 3279 3154 αὑτὸν
3318 3101 3362 3171 ή,
3394 3097 3514 3152 θεία
3544 3096 3743 3169 ψῆφος.
3789 3095 3999 3149 Ἀνεῖλε

2409 3190 2467 3244 δὲ
2484 3191 2581 3256 τὰς
2602 3191 3089 3263 ἐγγαστριμύθους,
3115 3192 3290 3262 τούτῳ
3316 3190 3695 3262 προσδοκήσας
3713 3188 3999 3255 διαλλάξαι

737 3284 842 3339 sibi
875 3285 977 3339 hoc
1022 3284 1164 3339 facto
1214 3287 1624 3340 reconciliatum
1657 3285 1756 3348 iri,
1796 3294 1847 3339 et
1872 3284 2151 3354 propriam
2180 3299 2310 3339 sen-

2413 3283 2505 3337 τὸν
2538 3284 2700 3349 Θεὸν,
2732 3284 2871 3337 ὥστε
2903 3283 3230 3356 ἀναστρέψαι
3261 3282 3365 3355 τὴν
3384 3281 3999 3354 ἀποδοκιμάσασανάἒΰ-

731 3376 965 3431 tentiam
991 3418 1005 3442 ,
1045 3392 1166 3449 quae
1197 3378 1349 3431 illum
1376 3392 1543 3448 regno
1565 3376 1839 3447 dejecerat
1865 3406 1879 3440 ,
1911 3376 2309 3444 rescissurum;

737 3468 795 3522 in
827 3484 935 3537 quo
958 3469 1177 3537 quidem
1200 3485 1307 3523 non
1332 3470 1663 3539 impietatem
1695 3469 2162 3538 ventriloquarum
2186 3468 2309 3524 ode-

738 3567 843 3627 rat,
894 3560 989 3615 sed
1037 3578 1263 3632 regnum
1300 3563 1539 3616 amabat.
1574 3559 1640 3613 Et
1670 3563 1799 3631 quia
1842 3562 1991 3616 illius
2021 3562 2314 3617 consilium

739 3668 851 3707 non
881 3655 1145 3724 probabat
1175 3655 1318 3711 Deus
1340 3695 1356 3720 ,
1391 3655 1684 3725 dereliquit
1727 3654 1879 3709 illum
1916 3669 1980 3709 ea
2011 3658 2310 3724 requirere,

736 3761 859 3817 qua:
906 3762 1015 3801 non
1062 3749 1207 3803 bono
1251 3753 1432 3802 animo
1492 3747 1811 3802 sustulerat.
1872 3745 2081 3800 Caatera
2132 3755 2312 3801 autem

734 3840 919 3894 omnia
943 3855 971 3893 a
994 3841 1339 3910 ventriloqua
1368 3840 1510 3895 facta
1536 3848 1663 3897 sunt
1684 3840 1949 3895 daemonis
1972 3839 2308 3909 operatione,

735 3934 830 4002 qui
879 3933 1170 4004 przestigiis
1219 3932 1421 3989 delusit
1467 3935 1657 3989 ocdlos
1694 3934 2034 3989 cernentium
2085 3931 2313 3989 Samue-

738 4029 865 4091 lem,
889 4029 981 4099 qui
1006 4028 1224 4083 Samuel
1256 4043 1362 4082 non
1396 4038 1533 4083 erat.
1566 4026 1781 4083 Veritas
1812 4036 1994 4083 autem
2022 4028 2311 4083 verborum

739 4133 771 4169 a
803 4116 912 4172 Deo
937 4119 1167 4179 exstitit.
1202 4119 1295 4189 qui
1320 4118 1468 4173 dedit
1494 4118 1726 4174 datmoni
1758 4119 1813 4172 in
1844 4118 2018 4189 ﬁgura
2045 4116 2313 4175 Samuelis

740 4225 1005 4281 apparere
1027 4213 1405 4282 ventriloquaa,
1421 4227 1484 4265 ac
1508 4213 1555 4267 ei
1579 4226 1692 4265 rem
1720 4212 1961 4267 futuram
1984 4219 2310 4267 monstrare.

741 4301 807 4355 Et
829 4304 957 4372 quia
980 4301 1286 4359 Samuelem
1318 4320 1427 4359 non
1456 4303 1630 4358 audiit
1663 4302 1818 4367 Saul,
1850 4317 1976 4357 cum
2004 4303 2055 4358 ei
2083 4318 2313 4373 regnum

742 4395 985 4450 ablatum
1015 4397 1083 4450 iri
1111 4397 1339 4461 diceret,
1376 4396 1472 4452 sed
1500 4404 1553 4451 et
1575 4403 1701 4466 post
1731 4394 1977 4450 divinum
2007 4394 2310 4460 decretum,

743 4487 887 4559 quod
936 4504 1057 4543 eum
1103 4504 1272 4560 regno
1313 4489 1652 4559 depellehat,
1706 4487 1885 4541 adhuc
1930 4486 2038 4542 sibi
2082 4502 2313 4559 regnum

2411 3378 2503 3431 τὸν
2525 3378 2624 3448 τῆς
2650 3377 2925 3449 βασιλείας
2951 3376 3155 3430 οἰκείαν
3182 3376 3381 3448 ψῆφον,
3404 3376 3465 3429 ού
3485 3375 3583 3447 τὴν
3602 3375 3861 3430 ἀσέϐειαν
3888 3376 4006 3430 τῶν

2412 3469 2861 3541 ἐγγαστριμύθων
2911 3468 3081 3541 μισῶν
3106 3510 3120 3534 ,
3162 3469 3296 3521 ἀλλά
3335 3469 3437 3541 τὴν
3479 3467 3757 3538 βασιλείαν
3796 3468 3993 3539 φιλῶν.

2411 3565 2523 3617 Καὶ
2556 3564 2740 3635 ἐπειδὴ
2775 3564 2836 3617 ού
2868 3562 3227 3635 προσεδέξατο
3244 3564 3271 3615 6
3292 3561 3426 3626 Θεὸς
3450 3562 3544 3615 τὸν
3578 3561 3781 3616 σκοπὸν
3802 3563 3999 3627 αὑτοῦ,

2412 3655 2497 3708 διὰ
2544 3655 2703 3708 τοῦτο
2755 3656 2915 3709 αὐτὸν
2957 3654 3313 3725 ἐγκατέλιπεν
3370 3652 3718 3725 ὲπιδεηθῆναι
3766 3647 3845 3709 ὧν
3895 3656 4002 3710 οὐκ

2412 3746 2600 3818 ἀγαθῷ
2630 3746 2816 3818 σκοπῷ
2854 3749 3146 3819 ἐποιήσατο
3172 3746 3269 3818 τὴν
3296 3746 3593 3817 ἀναίρεσιν.
3639 3745 3719 3797 Τά
3767 3744 3825 3799 δὲ
3860 3746 3999 3801 ἄλλα

2414 3841 2590 3894 πάντα
2634 3839 2737 3892 ὑπὸ
2776 3841 2875 3911 τῆς
2924 3838 3360 3911 ἐγγαστριμύθου
3411 3839 3669 3908 γεγονότα
3714 3838 3859 3891 κατά
3898 3839 4001 3910 τὴν

2413 3934 2691 4006 ἐνέργειαν
2720 3932 2812 3987 τοῦ
2857 3934 3107 4006 δαίμονος
3138 3933 3233 3986 τοῦ
3282 3932 3382 3995 τὰς
3424 3932 3575 4003 ὄψεις
3617 3934 3998 4002 φαντάσαντος

2411 4028 2519 4082 τῶν
2555 4026 2804 4100 ὁρώντων
2838 4028 2928 4080 τὸν
2973 4028 3072 4079 οὐκ
3108 4026 3235 4078 ὄντα
3263 4023 3536 4095 Σαμουήλ.
3577 4024 3640 4076 Ἠ
3672 4023 3729 4076 δὲ
3768 4023 3996 4096 ἀλήθεια

2412 4123 2519 4175 τῶν
2547 4122 2805 4193 ῥημάτων
2833 4120 3053 4189 γέγονεν
3081 4120 3145 4172 ὲκ
3172 4117 3265 4171 τοῦ
3298 4116 3433 4171 Θεοῦ
3465 4115 3558 4169 τοῦ
3585 4110 3880 4181 δεδωκότος
3918 4118 3996 4188 τῷ

2412 4215 2624 4285 δαίμονι
2653 4215 2711 4267 ὲν
2745 4215 2981 4284 σχήματι
3027 4212 3119 4267 τοῦ
3157 4210 3413 4282 Σαμουὴλ
3450 4209 3679 4281 ὀφθῆναι
3719 4213 3787 4282 τῇ
3828 4212 3994 4280 ἐγγα-

2415 4309 2710 4380 στριμύθῳ,
2744 4309 2836 4361 καὶ
2859 4305 3026 4372 δεῖξαι
3053 4306 3144 4359 τοῦ
3171 4305 3455 4377 μέλλοντος
3481 4302 3576 4374 τὴν
3600 4302 3857 4375 δήλωσιν.
3881 4305 3991 4359 Καὶ

2413 4402 2597 4473 ἐπειδὴ
2628 4401 2723 4454 τοῦ
2767 4400 3019 4473 Σαμουὴλ
3049 4401 3150 4452 οὐκ
3174 4399 3407 4471 ήκουσεν
3447 4399 3475 4450 ὁ
3516 4396 3687 4450 Σαοὺλ
3713 4396 3810 4450 τοῦ
3843 4399 3991 4468 είρη-

2414 4494 2569 4558 κότος
2602 4492 2752 4565 αὐτῷ
2787 4493 2890 4563 τῆς
2930 4490 3206 4563 βασιλείας
3239 4490 3338 4562 τὴν
3378 4489 3697 4561 ἀφαίρεσιν,
3727 4488 3865 4542 ἀλλά
3900 4488 3991 4542 καὶ

742 4580 1089 4647 vindicabat;
1139 4589 1428 4651 propterea
1498 4580 1780 4653 indignum
1841 4582 1997 4637 illum
2048 4580 2314 4651 judicavit

2419 4586 2555 4658 μετά
2579 4586 2677 4657 τὴν
2702 4585 2854 4639 θείαν
2878 4584 3055 4655 ψῆφον
3083 4581 3560 4653 ἀποδοκιμάσασαν
3584 4579 3748 4634 αὑτὸν
3770 4579 3873 4650 τῆς
3894 4578 3986 4650 βα-

744 4672 921 4737 Deus,
970 4674 1057 4727 cui
1087 4688 1185 4744 per
1210 4673 1462 4729 homines
1496 4673 1599 4730 sibi
1634 4673 1882 4731 addictos
1919 4674 2314 4745 praenuntiaret

2420 4650 2647 4742 σιλείας,
2675 4677 2755 4731 ἔτι
2777 4650 3111 4731 ἀντεποιεῖτο
3148 4674 3246 4744 τῆς
3278 4650 3571 4745 βασιλείας,
3596 4670 3663 4724 δι’
3682 4668 3982 4743 ἀύτῶνίἹὸ)

730 4784 833 4822 ~res
877 4767 954 4820 illi
1008 4775 1297 4822 eventuras
1324 4806 1339 4832 ,
1381 4767 1839 4837 quemadmodum
1878 4778 1933 4823 et
1968 4768 2159 4822 Achab
2198 4767 2312 4838 regi

745 4860 965 4914 lsraelis
996 4858 1143 4924 fecit,
1160 4859 1251 4929 qui
1282 4868 1532 4930 negatam
1555 4863 1803 4915 veritatis
1828 4861 2106 4931 prophetis
2132 4859 2312 4924 ﬁdem,

746 4953 902 5009 falsis
943 4953 1223 5024 prophetis
1261 4953 1539 5021 adhibuit;
1585 4953 1729 5009 unde
1775 4954 1922 5008 misit
1965 4954 2015 5008 ei
2061 4954 2314 5024 spiritum

744 5047 1066 5104 mendacem
1087 5088 1103 5114 ,
1134 5047 1591 5118 quemadmodum
1631 5047 1709 5102 ait
1742 5047 1882 5118 liber
1917 5044 2228 5118 Regnorum
2243 5046 2312 5112 ",

821 5317 867 5349 ⁸⁸
898 5313 965 5368 lll
998 5313 1128 5386 Reg.
1158 5332 1274 5373 un
1294 5354 1309 5379 ,
1340 5313 1411 5369 20
1448 5320 1504 5366 et
1535 5327 1689 5382 seqq.

750 5501 925 5556 nernti
974 5506 1101 5556 sunt
1123 5502 1582 5571 ,rcongruentem.
1611 5495 1798 5571 Itaque
1837 5491 2135 5571 secundam
2168 5488 2316 5571 illam

749 5574 1083 5633 creationem
1116 5559 1202 5624 his
1234 5559 1436 5631 verbis,
1469 5559 1743 5640 P‘ormavit
1778 5559 2319 5640 pralereaDominus

749 5644 912 5706 Deus,
938 5630 1005 5697 de
1028 5640 1376 5711 generatione
1400 5630 1467 5693 ex
1493 5630 1829 5711 principibus
1862 5632 2076 5705 generis
2110 5630 2315 5711 intelli-

749 5716 848 5786 git.
880 5700 972 5769 Sic
995 5700 1159 5786 etiam
1202 5710 1453 5786 pelliceas
1484 5700 1701 5786 tunicas
1728 5700 1896 5786 Deum
1926 5718 2035 5757 non
2067 5700 2318 5786 artiﬁcis,

752 5771 847 5841 sed
868 5784 1136 5840 creatoris
1158 5771 1315 5852 m'ore
1331 5779 1530 5852 iecisse
1552 5778 1733 5852 docet,
1755 5777 1845 5852 ita
1860 5783 2043 5828 tamen
2069 5781 2129 5852 ut
2147 5771 2321 5852 pelles

754 5855 979 5913 minime
1018 5862 1151 5911 tunc
1181 5869 1212 5910 e
1265 5850 1437 5907 nihilo
1468 5850 1678 5907 eductae
1708 5841 1948 5912 luerim,
1994 5841 2090 5901 sed
2122 5857 2190 5898 ex
2227 5841 2319 5907 iis,

2419 4769 2633 4833 ἀνάξιον
2673 4767 2838 4819 αὑτὸν
2870 4766 3081 4838 ἔκρινεν
3108 4766 3137 4818 ὁ
3169 4763 3301 4827 Θεὸς
3328 4763 3422 4816 τοῦ
3456 4761 3539 4815 διὰ
3563 4761 3671 4815 τῶν
3699 4763 3985 4832 ἀνακειμέ-

2420 4877 2525 4913 νων
2550 4858 2697 4929 αύτῷ
2726 4857 3071 4931 προμηνῦσαι
3121 4853 3268 4925 αὐτῷ
3310 4853 3378 4907 τὰ
3411 4854 3656 4924 ’ἐσόμενα
3677 4893 3692 4919 ,
3740 4853 3983 4925 καθάπερ

2422 4953 2685 5024 πεποίηκε
2731 4954 2824 5007 καί
2860 4952 2953 5003 ἐπὶ
2978 4949 3072 5003 τὸν
3106 4946 3308 5019 ’Δχαάὅ
3347 4946 3567 5017 βασιλέα
3594 4945 3687 4999 τοῦ
3738 4944 3982 5017 Ἰσραὴλ,

2422 5045 2511 5099 τὸν
2538 5046 2915 5116 ἀπιστήσαντα
2951 5045 3063 5106 τοῖς
3095 5041 3193 5111 τῆς
3227 5038 3483 5111 ἀληθείας
3526 5039 3865 5110 προφήταις,
3895 5046 3983 5090 καί

2423 5501 2545 5557 quae
2584 5499 2709 5539 cum
2738 5480 3068 5539 animalibus
3103 5484 3302 5531 creatae
3329 5475 3398 5529 ab
3441 5473 3599 5529 initio
3628 5472 3868 5537 fuerant,
3896 5468 3986 5525 de-

2425 5568 2817 5699 suzggiaﬁaep
2844 5623 2973 5699 sagi
3008 5625 3097 5699 τιτι⁵
3123 5617 3429 5684 ἀλλότρια.
3477 5611 3829 5699 Aliena
3871 5627 3991 5696 esse

2425 5683 2541 5754 hace
2573 5683 2799 5769 peccata
2826 5695 2979 5769 dicit,
3005 5691 3134 5762 quia
3164 5699 3525 5757 nequaquam,
3543 5694 3606 5739 ut
3630 5683 3989 5754 blasphemia,

2426 5770 2482 5825 in
2518 5763 2685 5823 Deum
2715 5767 2922 5821 directe
2954 5763 3223 5817 feruntur.
3302 5828 3315 5832 Δ
3399 5826 3413 5832 _
3586 5831 3591 5832 ί
3702 5824 3725 5832 _
3758 5822 3772 5832 _
3878 5820 3902 5832 ,

2498 5822 2608 5911 (73)
2639 5838 2718 5891 Δι’
2745 5835 2958 5891 αὐτῶν.
2988 5832 3178 5890 Melius
3208 5828 3380 5883 multo
3399 5826 3672 5898 legeretur
3696 5822 3786 5879 διὰ
3814 5822 3988 5879 τοῦτο.
