4144 6424
179 378 341 436 1297
904 376 1370 446 ρυὶΕΞΤΙΟΝΕΒ
1403 376 1493 432 ΕΤ
1538 375 1760 432 RESPO

1863 375 2058 431 [ONES
2093 374 2183 428 AD
2220 370 2708 428 ORTHODOXOS.
3308 369 3448 424 {-298

171 494 558 550 πιστεύσαντα
615 498 728 559 τοῖς
787 495 1289 568 ψευδοπροφήταις·
1339 495 1407 549 δι’
1464 495 1530 566 ῆν
1597 495 1761 548 αἰτίαι¹

1876 503 1931 550 et
1959 493 2193 550 credidit
2216 493 2421 550 Achab.
2434 500 2484 547 et
2514 491 2781 561 deceptus
2809 489 2944 542 abiit
2974 488 3029 542 in
3050 487 3326 543 desertam
3362 500 3448 540 re-

171 589 439 660 ἔπεμψεν
464 588 613 660 αὐτῷ
631 588 848 659 πνεῦμα
874 589 1067 659 ψευδὲς
1084 628 1098 653 ,
1129 587 1308 651 καθώς
1334 603 1496 658 φησιν
1516 590 1550 658 ἡ
1581 588 1758 658 βίόλος

1863 588 2100 658 gionem,
2134 600 2235 640 nec
2260 585 2452 640 vivens
2484 598 2736 638 reversus
2770 588 2874 638 est.

169 684 300 738 τῶν
338 669 631 738 Βαισιλειῶν
664 702 679 716 ο
720 684 812 738 καὶ
854 683 1149 747 πιστεύσας
1196 686 1225 736 ό
1262 683 1466 754 ’Δχαάΰ
1527 684 1621 737 καὶ
1659 683 1953 754 πλανηθεὶς
1983 725 1998 749 ,
2042 680 2288 753 ἀπῆλθεν
2332 683 2412 746 είς
2461 679 2560 752 τὴν
2607 679 2814 750 ἔρημον
2840 717 2856 743 ,
2899 679 2995 732 καὶ
3037 678 3146 743 ζῶν
3187 677 3287 730 οὐκ
3326 675 3452 729 ἀνέ-

164 801 252 837 κα
265 799 446 837 μψεν..

351 799 446 836 εν.,

254 782 625 931 "gemam
662 877 782 930 NI".
825 876 888 930 Et
921 875 1087 948 ἄρσεν
1136 876 1229 928 καὶ
1275 875 1406 948 θῆλυ
1448 878 1630 931 ἕνεκεν
1669 877 1761 948 τῆς

1944 863 2230 933 ΩΗᾹΣΞΤ.
2260 863 2395 918 LIII.
2434 863 2492 918 Si
2550 861 2830 917 masculus
2875 867 2930 915 et
2976 859 3176 916 femina
3227 873 3450 935 propter

169 972 534 1036 παιδοποιίας
565 971 807 1041 ἐκτίσθη,
837 970 936 1042 τῆς
965 971 1311 1035 ἀναστάσεως
1341 969 1761 1043 γινομένης,ἆρα

1870 959 2165 1016 liberorum
2189 956 2625 1027 procreationem
2653 951 2859 1008 conditi
2896 963 3057 1020 sunt,
3091 967 3158 1008 an
3197 969 3322 1009 cum
3357 956 3450 1009 lict

171 1060 504 1116 ἀνίστανται
539 1063 590 1115 οἱ
612 1061 889 1135 ἄνθρωποι
918 1063 1018 1135 τὴν
1054 1060 1162 1114 τῶν
1187 1061 1516 1115 παιδοποιῶν
1562 1063 1761 1134 μορίων

1868 1051 2219 1114 resurrectio,
2278 1055 2566 1118 resurgent
2619 1046 2868 1101 homines
2915 1062 3040 1100 cum
3079 1047 3446 1101 membrorum

169 1152 454 1225 διαφορὰν
478 1155 732 1226 ,ἔχοντες
765 1150 860 1208 καὶ
883 1157 931 1208 εί
962 1153 1141 1219 τοῦτο,
1175 1153 1292 1217 πῶς
1319 1155 1420 1208 οὐκ
1437 1154 1554 1208 ἔστι
1586 1171 1761 1226 περιτ-

1869 1143 2188 1213 genitalium
2241 1139 2594 1197 discrimine?
2623 1139 2702 1192 Ac
2744 1139 2790 1193 si
2831 1139 2907 1192 ita
2939 1154 3026 1194 res
3062 1139 3200 1206 erit,
3229 1153 3298 1192 an
3337 1155 3447 1193 non

171 1241 283 1296 τὸν
303 1243 368 1296 τὸ
396 1242 536 1314 μέλη
567 1242 868 1312 ἐπάγεσθαι
897 1245 1188 1316 ἀπρακτα;

253 1335 666 1404 ’AHUKPIZIE.
715 1337 777 1389 Εί
811 1336 906 1390 καὶ
930 1337 1069 1408 πρὸς
1115 1338 1455 1404 παιδοποιίαν
1505 1339 1607 1392 οὐκ
1656 1337 1771 1391 ἐστι

169 1428 437 1499 χρήσιμα
453 1429 533 1483 ’τὰ
577 1429 869 1501 γεννητικὰ
922 1430 1087 1502 μόρια
1136 1431 1272 1501 μετά
1299 1432 1399 1504 τὴν
1439 1432 1766 1497 ἀνάστασιν,

168 1517 320 1574 ἀλλὰ
355 1520 494 1592 πρὸς
523 1521 829 1591 ἀνάμνησιν
871 1522 966 1575 τοῦ
1006 1522 1095 1576 διά
1131 1521 1241 1576 τῶν
1282 1524 1536 1580 τοιούτων
1564 1525 1769 1597 μορίων

165 1608 468 1680 εἰληφέναι
519 1612 648 1674 τοὺς
702 1611 1024 1683 ἀνθρώπους
1057 1611 1154 1684 τὴν
1200 1613 1414 1682 γένεσίν
1458 1630 1518 1666 τε
1555 1614 1647 1668 καὶ
1671 1612 1769 1684 τὴν

171 1701 430 1774 αὔξησιν,
455 1705 549 1757 καὶ
572 1705 671 1775 τὴν
712 1704 972 1776 διαμονὴν
999 1705 1144 1777 (76),
1181 1706 1297 1759 ἐστὶ
1328 1708 1596 1778 χρήσιμα.
1635 1708 1762 1760 Eic-

1863 1250 2330 1308 supervacaneum
2362 1233 2608 1290 membra
2637 1232 2851 1287 aetione
2877 1231 3137 1286 destituta
3157 1230 3375 1286 induci?

1934 1328 2136 1385 RESP.
2173 1329 2291 1384 Etsi
2347 1328 2417 1383 ad
2481 1328 2776 1383 liberorum
2841 1327 3272 1396 procreationem
3319 1326 3446 1381 usui

1865 1435 1975 1474 non
2009 1424 2172 1473 erunt
2210 1417 2456 1473 membra
2490 1416 2748 1488 genitalia
2774 1423 2896 1486 post
2940 1414 3399 1471 resurrectionem
3427 1456 3443 1481 ,

1865 1517 1921 1565 at
1953 1517 2114 1578 certe
2147 1509 2274 1564 usui
2318 1517 2480 1564 erunt
2537 1519 2595 1564 ut
2650 1508 3003 1565 recordemur
3049 1507 3311 1563 homines
3348 1523 3447 1577 per

1863 1603 2134 1675 ejusmodi
2158 1604 2400 1662 membra
2430 1603 2708 1673 accepisse
2734 1601 3144 1678 generationem
3174 1607 3227 1656 et
3261 1601 3444 1655 incre-

1865 1704 2109 1753 mentum
2152 1707 2207 1752 et
2235 1697 2669 1752 diuturnitatem.
2696 1693 2807 1749 Nos
2855 1694 3002 1749 enim
3068 1692 3346 1765 adducunt
3383 1701 3445 1746 ut

175 1793 439 1865 αγόμεθα
492 1793 601 1866 γὰρ
643 1795 710 1848 δι’
739 1795 919 1850 αὐτῶν
950 1798 1030 1860 είς
1055 1796 1261 1852 ἔννοιαν
1292 1799 1390 1870 τῆς
1435 1796 1761 1871 τηλικαύτης

1867 1783 2275 1845 consideremus
2323 1785 2592 1844 summam
2623 1785 2850 1850 Christi,
2884 1800 3007 1856 qua:
3031 1785 3147 1840 hazc
3173 1784 3445 1847 condidit,

173 1885 422 1956 Χριστοῦ
463 1881 689 1954 σοφίας,
725 1887 822 1958 τῆς
854 1887 1028 1970 ταῦτα
1060 1889 1238 1960 (77)...
1277 1889 1634 1964 τοῦ-θανάτου
1670 1893 1766 1947 αὐ-

173 1977 508 2048 ξανομένης,
545 1978 814 2048 φυλακῆς,
841 1979 937 2033 τοῦ
986 1981 1180 2049 γένους
1222 1982 1377 2052 ἡμῶν
1411 1984 1469 2036 ἐν
1501 1983 1766 2054 ἀθανασίᾳ

171 2069 245 2137 τῇ
282 2067 636 2138 διαδοχῇίτῶν
666 2069 1023 2139 τικτομένων.

252 2159 616 2215 ἘΡΩΤΗΣΙΣ
631 2161 753 2215 ΝΔ’.
775 2161 838 2214 El
855 2161 952 2231 τὴν
977 2163 1292 2233 παράϐασιν
1307 2165 1393 2217 διά
1416 2164 1516 2234 τὴν
1535 2165 1762 2235 μέλλου-

175 2264 281 2302 σαν
295 2246 406 2321 (78)
423 2248 626 2321 ταύτην
640 2250 941 2319 ἐπάγεσθαι
967 2251 1045 2322 τῷ
1060 2251 1174 2322 λαῷ
1197 2253 1465 2328 τιμωρίαν
1481 2258 1509 2308 ὁ
1525 2257 1764 2328 Μωῦσῆς

176 2327 579 2411 προεφήτευσε,
612 2341 699 2396 διὰ
731 2343 784 2395 τί
817 2342 935 2413 μετ’
961 2343 1106 2414 ᾠδῆς
1134 2345 1273 2398 αὐτὰ
1297 2345 1470 2415 ἔλεγε,
1496 2327 1764 2416 χαύνωσιν

177 2430 387 2500 μᾶλλον
417 2431 562 2502 ἥπερ
603 2432 873 2501 ὠφέλειαν
927 2433 1142 2488 εἰδότων
1186 2435 1292 2490 τῶν
1329 2437 1588 2507 ᾀσμάτων
1650 2441 1762 2502 τοῖς

174 2519 491 2592 ἀνθρώποις
513 2520 938 2595 ἐνεργάζεσθαις

265 2612 675 2671 ἈΠΟΚΡΙΣΙΣ.
707 2607 863 2670 Κατά
884 2617 954 2672 τά
983 2620 1042 2672 ὲν
1060 2623 1191 2683 ιταίς
1228 2620 1391 2690 ᾠδαῖς
1414 2623 1760 2694 ἐμφερόμενα

171 2704 514 2780 διηγήματα,
535 2705 819 2784 ⁸ἁρμοδίως
841 2709 890 2760 οἱ
920 2707 1120 2779 ῥυθμοὶ
1149 2708 1256 2763 τῶν
1289 2711 1463 2781 μελῶν
1496 2712 1758 2780 ἐγίνοντο,

185 2795 419 2866 ἄγοντες
435 2797 545 2868 ,τὰς
568 2797 743 2867 ψυχὰς
774 2800 855 2863 εἰς
881 2798 977 2869 τὴν
1005 2803 1322 2872 πρέπουσαν
1341 2806 1451 2868 τοῖς
1479 2795 1761 2876 ᾀδομένοις

178 2889 420 2962 αἵρεσιν·
449 2891 482 2961 ἢ
515 2891 625 2963 γὰρ
656 2891 864 2964 γοερῶς
888 2893 1020 2965 (79).

248 2982 605 3037 ἘΡΩΤΗΣΙΣ
618 2985 756 3037 'NE'.
783 2985 903 3038 Τῶν
929 2987 1188 3040 ἐναντίων
1208 2985 1322 3060 (80)
1349 2990 1382 3058 ἡ
1400 2988 1494 3042 τοῦ
1515 2988 1757 3043 τοιούτου

179 3074 391 3142 ἀγαθοῦ
422 3076 716 3146 γεγένηται
742 3076 988 3149 alipedis;

1867 1879 2190 1951 sapientiam
2221 1879 2615 1947 hominumque
2648 1878 3010 1933 crescentium
3036 1893 3103 1932 ex
3132 1877 3249 1947 ipsa
3268 1883 3445 1942 morte

1866 1969 2293 2037 multitudinem,
2317 1976 2396 2024 ‘ac
2429 1969 2646 2040 generis
2698 1967 2872 2022 nostri
2899 1969 2955 2021 in
3011 1967 3445 2032 immortalitate,

1864 2064 2206 2118 nascentium
2234 2063 2608 2125 successione,
2627 2059 3119 2114 conservationem.

1935 2152 2214 2222 QUEST.
2240 2151 2374 2209 LIV.
2408 2153 2465 2208 Si
2518 2153 2662 2218 hanc
2694 2167 2912 2224 poenam
2945 2149 3161 2221 Moyses
3190 2156 3259 2205 ob
3282 2165 3440 2204 man-

1863 2245 1976 2307 dati
2003 2245 2533 2317 praetergressionem
2549 2242 2751 2313 popqu
2775 2239 3039 2295 inuictum
3065 2241 3132 2295 iri
3159 2241 3438 2310 praedixit,

1864 2354 2035 2409 quare
2066 2338 2180 2393 haec
2222 2337 2466 2392 carmine
2494 2334 2816 2401 edisseruit,
2860 2349 2983 2388 cum
3029 2333 3316 2388 cantilenae
3339 2333 3442 2388 ho-

1863 2429 2037 2483 mines
2060 2427 2236 2498 magis
2260 2423 2504 2482 emollire
2528 2422 2738 2481 seleant
2773 2439 2936 2494 quam
2973 2424 3268 2493 adjuvare?

1933 2608 2135 2666 RESP.
2155 2609 2237 2664 Ad
2253 2624 2339 2674 ea,
2364 2621 2486 2678 qua:
2515 2605 2572 2658 in
2593 2601 2834 2659 carmine
2861 2611 3210 2667 enarrantur,
3225 2617 3446 2657 accom-

1862 2703 2067 2776 modati
2112 2709 2270 2758 erant
2296 2714 2557 2774 versuum
2579 2695 2794 2752 numeri
2822 2703 2876 2752 et
2905 2696 3118 2752 animas
3147 2696 3216 2751 ad
3243 2711 3442 2752 conve-

1861 2794 2108 2853 nientem
2125 2794 2216 2858 iis,
2249 2807 2372 2864 qua:
2393 2792 2754 2857 canebantur,
2787 2791 3116 2848 sententiam
3145 2789 3440 2848 ducebant.

1863 2886 1961 2942 Vel
1990 2886 2138 2941 enim
2167 2884 2434 2940 dolenter.

1913 2975 2215 3045 ,QUEST.
2243 2973 2354 3032 LV.
2382 2973 2496 3030 Cur
2524 2972 2661 3030 tanti
2681 2973 2810 3028 boni
2841 2973 2910 3026 ab
2944 2973 3273 3029 adversariis
3298 2972 3440 3033 facta

1861 3069 2137 3126 inventio?

261 3166 669 3220 ἊΠΟΚΡΙΣΙΣ.
691 3167 870 3220 Πολλὰ
899 3168 997 3238 μὲν
1026 3167 1250 3241 εὕρηται
1284 3170 1377 3223 καὶ
1401 3171 1506 3224 ὑπὸ
1535 3171 1642 3226 τῶν
1667 3173 1760 3225 εὑ-

1934 3161 2137 3225 BESP.‘
2167 3160 2333 3216 Multa
2355 3160 2573 3230 quidem
2600 3166 2656 3214 et
2676 3173 2705 3211 a
2729 3156 2835 3228 piis
2867 3156 3088 3211 inventa
3115 3162 3244 3211 sunt
3265 3168 3447 3209 reme-

183 3255 361 3311 σιδῶν
421 3255 687 3327 ίαματικά
750 3255 857 3310 τῶν
911 3258 1238 3330 σωματικῶν
1279 3259 1623 3330 νοσημάτων,
1666 3262 1759 3314 καὶ

183 3346 292 3400 ὑπὸ
338 3345 653 3417 Σολομῶνος
711 3348 805 3402 τοῦ
866 3342 1128 3418 βασιλέως
1161 3351 1293 3419 μὲν,
1330 3351 1541 3414 οὐδεὶς·
1565 3351 1621 3405 δὲ
1651 3351 1758 3405 τῶν

182 3437 383 3506 ἔξωθεν
427 3439 548 3510 τῆς
575 3439 857 3503 εὐσεϐείας
911 3436 1022 3510 εἶχε
1085 3441 1183 3512 τὴν
1239 3442 1542 3514 κατάληψιν
1590 3445 1760 3515 ίατρι-

186 3531 289 3601 κήν
323 3528 454 3601 (SI).

258 3621 610 3675 ἘΡΩΤΗΣΙΣ
641 3623 782 3690 NCT.
817 3625 880 3677 Et
904 3623 972 3678 τά
1025 3624 1358 3679 τελευτῶντα
1394 3625 1571 3698 βρέφη
1607 3625 1761 3680 ἔπαι-

189 3713 332 3792 νονῆ
358 3715 568 3790 μέμψιν
593 3716 694 3780 οὐκ
717 3714 929 3786 ἔχουσιν
963 3717 1022 3782 ἐξ
1055 3717 1252 3790 ἔργων,
1279 3718 1362 3781 τίς
1388 3719 1421 3789 ή
1445 3718 1676 3789 διαφορά
1692 3720 1762 3772 μὲν

187 3806 257 3877 τῇ
284 3807 574 3861 ἀναστάσει
597 3807 706 3861 τῶν
737 3809 843 3861 ὑπὸ
885 3808 1060 3862 ἄλλων
1096 3810 1194 3880 μὲν
1230 3809 1633 3880 βαπτισθέντων
1667 3812 1762 3865 καὶ

193 3897 355 3968 μηδὲν
387 3896 711 3970 πραξάντων
735 3941 749 3964 ,
803 3901 898 3954 καὶ
935 3901 1043 3954 τῶν
1079 3901 1154 3973 μὴ
1198 3901 1634 3972 βαπτισθέντων,
1666 3903 1760 3957 καὶ

187 3989 384 4061 ὁμοίως
413 3991 577 4062 μηδὲν
603 3991 956 4064 πραξάντων;

261 4082 661 4139 ἈΠΟΚΡΙΣΙΣ.
714 4084 862 4156 Αῦτη
901 4087 1058 4140 ἐστὶν.
1100 4089 1134 4158 ἡ
1166 4087 1409 4159 διαφορά-
1430 4088 1537 4141 τῶν
1569 4088 1761 4158 βαπτι-

193 4171 432 4230 σθέντων
449 4176 586 4248 πρὸς
617 4177 686 4232 τά
713 4178 786 4250 μὴ
822 4177 1209 4248 βαπτισθέντα,
1236 4181 1329 4232 τοῦ
1363 4182 1543 4251 τυχεῖν
1570 4181 1669 4251 μὲν
1693 4181 1761 4234 τὰ

193 4266 557 4337 βαπτισθέντα
599 4266 708 4321 τῶν
751 4268 840 4322 διὰ
877 4269 970 4322 τοῦ
1009 4269 1381 4342 βαπτίσματος
1406 4271 1658 4341 ἀγαθῶν,
1692 4272 1761 4326 τὰ

192 4357 246 4412 δὲ
386 4358 767 4429 βαπτισθέντα,
806 4362 880 4434 μὴ
911 4366 1091 4434 τυχεῖν
1110 4381 1122 4392 ·
1151 4363 1427 4432 ἀξιοῦνται
1458 4366 1515 4419 δὲ
1540 4366 1650 4420 τῶν
1670 4366 1756 4420 διὰ

192 4449 282 4502 τοῦ
303 4449 673 4523 βαπτίσματος
709 4453 949 4522 ἀγαθῶν,
980 4458 1048 4527 τῇ
1080 4457 1257 4517 πίστει
1288 4457 1396 4511 τῶν
1429 4458 1758 4530 προσφερόν-

191 4555 293 4594 των
323 4541 466 4595 αὐτὰ
495 4542 574 4613 τῷ
606 4542 959 4615 βαπτίσματι.

266 4700 310 4732 ιο
331 4697 401 4755 III
421 4669 554 4771 Reg.
586 4717 660 4766 ιν,
686 4699 780 4755 35.

261 4853 366 4928 (76)
400 4855 720 4928 Διαμοινήν.
754 4853 991 4928 Uterque
1036 4857 1162 4911 cod.
1195 4873 1298 4911 ms.
1336 4865 1391 4911 et
1428 4855 1496 4912 Β.
1533 4856 1762 4928 Stepha-

195 4925 595 5006 ηυξ-διανομήν,
619 4926 724 5006 sed
748 4933 897 5006 recte
927 4927 1318 5006 “emendavit
1348 4925 1689 5006 Sylburgiu's.

261 4995 368 5067 (77)
399 4995 514 5064 Τῆς
530 4995 738 5050 ταῦτα.
769 4996 888 5061 Non
921 4996 1140 5051 diIIicile
1169 5007 1253 5052 est
1310 4995 1475 5053 totam
1508 4995 1651 5055 hanc
1682 5000 1763 5053 la~

196 5081 380 5140 curiam
432 5067 685 5140 explere,
707 5067 968 5140 nimirum
995 5069 1040 5122 si
1075 5067 1361 5140 addamus,
1393 5071 1676 5140 κτισάσης,
1707 5081 1761 5125 et

198 5151 313 5209 mox
335 5136 576 5209 legamus
607 5139 700 5209 καί
724 5137 825 5209 τῆς
850 5138 1266 5209 ἀνθρωπότητος
1294 5140 1380 5191 διὰ
1407 5139 1500 5192 τοῦ
1531 5136 1760 5194 θανάτου

197 5206 586 5279 αύξανομένης,
608 5207 855 5279 φυλακῆς
879 5206 1060 5279 τεξτοῦ
1087 5206 1300 5277 γένους.
1329 5210 1458 5264 Tria
1486 5212 1630 5264 enim
1662 5227 1761 5265 no-

199 5276 289 5352 bis
304 5277 374 5330 ait
400 5276 820 5352 inimenIOr'ram'
849 5277 1041 5349 redigi,
1073 5276 1266 5352 nempe
1294 5281 1574 5335 hominum
1604 5297 1760 5352 gene-

198 5349 472 5424 rationem,
504 5347 895 5424 incrementum
919 5347 1438 5424 etiperpetuitatem.
1537 5411 1550 5424 .
1607 5347 1659 5424 Ἀ

264 5417 367 5490 (78)
400 5416 881 5490 Τὴν-παράϐασιν
907 5416 1019 5474 διέί
1054 5416 1169 5487 τὴν
1198 5416 1567 5490 μέλλουσα-ιλ.
1618 5416 1758 5476 Con-

197 5488 608 5558 traria-omnino
635 5495 771 5558 opus
799 5498 884 5544 est
924 5488 1213 5547 sententia.
1248 5489 1365 5546 Non
1396 5494 1540 5547 enim
1573 5499 1754 5549 trans-

201 5557 523 5630 gressionem
559 5558 632 5612 ob
672 5557 875 5628 poenas
893 5571 1210 5617 eventuram
1242 5563 1488 5631 praedixit
1503 5562 1744 5634 Moyses,

202 5627 290 5684 sed
314 5627 494 5687 potius
523 5639 714 5687 nautas
755 5637 975 5687 propter
1027 5634 1519 5687 transaressionem
1550 5635 1744 5687 divinm

202 5639 290 5684 sed
314 5639 494 5697 potius
523 5639 714 5701 prunas
755 5639 975 5699 propter
1027 5639 1519 5699 transgressionem
1550 5639 1748 5690 divinae

201 5696 713 5820 ξὲῗὸυῶθὲιέυω
745 5716 874 5772 ergo
899 5720 910 5755 :
949 5702 1030 5765 ,Εἰ
1051 5702 1145 5755 διὰ
1173 5702 1270 5772 τὴν
1301 5704 1632 5776 παράϐασιν,
1658 5708 1756 5777 τὴν

204 5777 508 5840 μέλλουσαν,
534 5777 642 5825 etc.

267 5837 369 5911 (79)
401 5840 468 5897 Ἦ
490 5839 600 5909 γὰρ
623 5839 855 5911 γυερῶς.
876 5839 1106 5900 Frustra
1145 5859 1395 5901 mancam
1427 5847 1754 5902 sententiam

1863 3256 1954 3334 dia
1983 3255 2234 3326 corporis
2270 3247 2612 3313 morborum,
2647 3264 2711 3303 ac
2741 3255 2903 3308 certe.
2925 3264 2956 3302 a
2998 3263 3123 3320 rege
3157 3246 3318 3319 5.62
3341 3245 3440 3301 Sa-

1861 3348 2079 3402 lomone
2110 3349 2177 3400 ".
2222 3345 2292 3399 At
2343 3359 2505 3399 nemo
2537 3357 2604 3398 ex
2663 3341 2771 3405 his,
2821 3341 2987 3410 quia
3032 3341 3234 3411 pietate
3279 3339 3444 3394 alieni

1863 3448 2013 3509 sunt,
2046 3439 2328 3517 scientiam
2355 3437 2874 3496 habuitanimarum
2907 3433 3296 3492 curandarum.

1935 3619 2214 3689 QUIEST.
2255 3617 2388 3674 LVI.
2428 3616 2486 3673 Si
2514 3617 2812 3674 morientes
2868 3615 3109 3671 infantes
3161 3627 3264 3669 nec
3325 3614 3444 3667 lau-

1863 3714 1986 3771 dem
2045 3728 2147 3769 nec
2176 3711 2506 3783 vituperium
2546 3710 2750 3764 habent
2791 3724 2859 3764 ex
2891 3706 3150 3780 operibus
3173 3749 3188 3774 ,
3229 3699 3445 3775 ecquod

1861 3813 1918 3868 in
1971 3807 2374 3878 resurrectione
2418 3803 2720 3859 discrimen
2772 3801 2919 3858 inter
2956 3814 3053 3856 eos
3082 3800 3174 3870 qui
3207 3798 3276 3852 ab
3316 3799 3443 3853 aliis

1861 3899 2124 3979 baptizati
2152 3897 2300 3975 nihil
2329 3902 2581 3967 egerunt,
2611 3900 2666 3949 et
2691 3906 2787 3948 eos
2811 3893 2904 3962 qui
2927 3906 3038 3946 non
3068 3890 3328 3962 baptizati
3357 3890 3442 3943 ni-

1859 3995 1937 4050 hil
1970 3993 2175 4065 pariter
2201 3988 2474 4063 egerunt?

1938 4083 2136 4139 RESP.
2172 4083 2287 4137 Hoc
2324 4077 2620 4135 discrimen
2642 4084 2728 4132 est
2751 4078 2893 4131 inter
2909 4076 3214 4145 baptizatos
3244 4080 3300 4129 et
3332 4089 3446 4127 non

1862 4180 2194 4252 baptizatos,
2227 4176 2375 4247 quod
2412 4169 2676 4244 baptizati
2706 4171 2850 4226 bona
2880 4170 3154 4255 baptismo
3183 4168 3442 4238 adjuncta

1860 4274 2297 4337 consequantur,
2359 4277 2471 4317 non
2533 4259 2795 4331 baptizati
2843 4274 2953 4315 non
3010 4266 3437 4329 consequantur.

1860 4362 2011 4417 Bona
2056 4365 2271 4413 ’autem
2338 4355 2613 4426 baptismo
2687 4353 2946 4422 adjuncta
3029 4355 3441 4421 consequuntur

1859 4429 1958 4525 per
2015 4451 2175 4506 fidem
2215 4461 2406 4503 eorum
2463 4446 2556 4516 qui
2617 4445 2741 4500 illos
2798 4444 2864 4498 ad
2929 4443 3259 4513 baptismum
3311 4439 3443 4496 olle»

1789 4541 1832 4596 D
1861 4553 2013 4600 runt.

1869 4859 2087 4930 explere
2151 4865 2440 4922 tentarem,
2475 4875 2599 4914 cum
2649 4859 2787 4914 nihil
2830 4858 2941 4930 jam
2984 4864 3260 4920 occurrat,
3293 4855 3444 4930 quod

1869 4929 2241 4998 conjecturam
2265 4929 2470 4984 fulciat.
2505 4930 2597 4984 Sic
2627 4934 2810 4984 tamen
2832 4928 2839 4930 ἡ
2861 4929 3080 5000 Langus
3110 4928 3438 5000 explendum

1869 4996 2103 5122 putavit,
2145 5015 2253 5054 non
2302 5001 2645 5069 improbante
2677 4996 3018 5072 Sylburgio':
3070 4996 3214 5052 Nam
3247 4998 3322 5052 vel
3348 4996 3441 5049 du-

1889 5078 2035 5122 enter
2091 5072 2273 5122 aravia
2325 5071 2506 5122 nonali
2561 5070 2776 5122 delicta.
2816 5082 2865 5122 et
2895 5088 3010 5122 auaa
3055 5087 3116 5122 ea
3150 5077 3439 5122 consecuta:

1889 5078 2060 5142 enterr
2091 5072 2273 5139 gravia
2325 5071 2506 5138 populi
2561 5070 2776 5134 delicta,
2816 5082 2865 5124 et
2887 5070 3010 5142 'quaa
3055 5087 3121 5142 ea
3150 5077 3439 5122 consecuta:

1869 5151 2012 5201 sunt,
2044 5141 2334 5195 horrendas
2361 5156 2539 5208 pwnas
2572 5151 2878 5195 recensent:
2909 5141 3005 5195 'vel
3049 5141 3290 5192 hilariter
3311 5155 3437 5192 sua-

1865 5227 1948 5264 ves
1977 5212 2073 5266 Dei
2099 5213 2488 5282 consolationes
2510 5221 2559 5266 et
2590 5215 2764 5282 τείρεα
2793 5212 3082 5267 exhibitam
3115 5210 3304 5278 populo
3331 5223 3437 5275 po:-

1867 5283 2054 5335 nitenti
2091 5281 2454 5336 liberationem
2480 5281 2761 5348 celebrant.

1937 5351 2216 5425 (80)7Τῶν’
2243 5353 2550 5425 ἐναντίωσίς.
2608 5353 2897 5425 Supplevit,
2935 5349 3154 5425 Langus
3204 5364 3435 5425 acs‘upf

1861 5419 2200 5491 plere'facile
2227 5426 2311 5478 est
2334 5419 2537 5492 aliquid
2571 5419 2741 5493 quod
2760 5419 3086 5479 medicinam
3111 5423 3290 5490 magni
3322 5421 3434 5474 ﬁeri

1860 5494 2120 5563 declaret,
2154 5494 2299 5547 hanc
2327 5495 2384 5548 in
2414 5493 2675 5550 modum:
2710 5493 2770 5549 Si
2827 5503 3003 5547 tantas
3033 5495 3154 5546 vitae
3189 5493 3436 5563 [minume

1859 5565 2115 5620 utilitates
2144 5565 2328 5621 attulit
2355 5564 2637 5628 medicina,
2666 5579 2772 5619 cur
2824 5566 2960 5618 tanti
3009 5563 3131 5616 boni
3155 5562 3219 5615 ab
3250 5562 3436 5614 adver-

1856 5637 2014 5698 sariis
2044 5635 2190 5705 facta
2209 5636 2473 5705 inventio?
2752 5677 2759 5686 .

1933 5701 2053 5778 (81)
2085 5704 2390 5778 Ἰατρικήν.
2425 5704 2739 5774 Supplendo
2761 5705 2949 5778 ψυχῶν
2995 5704 3128 5757 nihil
3158 5709 3301 5778 put0_
3339 5701 3432 5755 dce

1860 5773 2105 5833 futurum
2155 5773 2452 5846 quominus
2507 5773 2800 5844 genuinam
2840 5773 3158 5830 habeamus
3185 5789 3248 5826 ac
3292 5773 3433 5827 inte-

1860 5863 2012 5919 gram
2039 5847 2327 5920 scriptoris
2359 5848 2704 5904 sententiam.
