4144 6424
721 379 858 434 1505
1453 376 1816 432 APPENDIX.
1850 408 1917 416 —
1955 375 2137 432 PARS
2175 375 2215 430 Ι.
2260 377 2282 432 ε

2381 378 2615 434 'US'I'INI
2654 380 2881 435 OPERA
2923 382 3188 440 SPURIA.
3825 382 3968 438 {litt-5

717 493 1010 561 unicuique
1037 489 1389 560 rependitur;
1418 506 1520 545 nec
1544 499 1669 562 post
1694 493 2151 562 resurrectionem
2187 509 2282 548 ve-

2382 513 2540 567 γησιν
2567 498 2835 570 περιέχων
2862 498 2954 551 τοῦ
2987 498 3084 572 ήδη
3118 500 3398 568 γεγονότος
3430 498 3776 571 πράγματος.
3823 497 3961 551 Οὔτε

713 600 836 639 rum
871 590 956 638 est
998 583 1131 636 illud
1162 601 1174 636 :
1211 580 1422 636 Habent
1451 582 1671 654 Moysen
1718 593 1768 638 et
1815 584 2118 653 prophetas,
2142 585 2282 652 ipsos

2382 585 2489 657 γὰρ
2521 586 2626 658 πρὸ
2655 586 2755 657 τῆς
2783 587 3127 652 ἀναστάσεως
3153 589 3260 642 τῶν
3291 591 3504 661 ἑκάστῳ
3543 587 3957 660 βεϐιωμένωνὴ

715 679 937 732 audiant
965 678 1028 731 “.
1061 674 1360 754 lllaautem
1388 673 1455 729 de
1489 673 1699 730 Lazaro
1730 683 1785 731 et
1829 675 1996 731 divite
2043 677 2282 731 narratio

2382 676 2734 742 ἀνταπόδοσις
2767 677 3000 746 γίνεται,
3031 678 3151 733 οὔτε
3189 679 3325 752 μετά
3357 681 3455 751 τὴν
3485 681 3788 734 ἀνάστασιν
3831 679 3964 750 άλη-

713 771 892 840 imago
935 778 1038 832 est,
1079 783 1188 838 qua
1233 765 1495 825 docemur
1532 784 1640 823 non
1672 783 1833 838 posse
1863 769 2133 834 homines,
2162 777 2282 838 post

2382 769 2471 834 θὲς
2483 770 2563 834 τὸ,
2597 772 2849 840 Ἔχουσι
2867 772 3121 827 Μωῠσέα
3147 773 3244 827 καὶ
3268 773 3409 839 τοὺς
3426 773 3760 843 προφήτας
3783 773 3963 827 ἀκου-

710 875 992 930 egressum
1029 859 1224 912 animae
1266 874 1334 913 ex
1362 874 1614 929 corpore,
1641 859 1982 929 providentia
2032 861 2142 915 ulla
2190 869 2282 916 aut

2381 862 2662 917 σὰτωσαν
2684 861 2900 918 αὐτῶν.
2930 865 3085 918 Ἔστι
3121 865 3180 918 δὲ
3209 866 3271 918 τὸ
3299 866 3424 938 περὶ
3455 861 3549 925 τοῦ
3579 863 3838 936 Λαζάρου
3865 863 3960 917 καὶ

711 951 894 1006 studio
921 951 1217 1022 quidquam
1243 951 1434 1005 auxilii
1457 956 1745 1025 consequi.

2381 953 2474 1007 τοῦ
2507 954 2762 1008 πλουσίου
2794 957 3040 1027 διήγημα
3059 956 3408 1023 ὑποτύπωσις
3433 958 3590 1027 λόγου
3604 957 3958 1011 διδασκαλίαν

708 1043 921 1115 ἔχοντος
960 1043 1054 1097 τοῦ
1103 1045 1177 1115 μὴ
1201 1043 1462 1099 δύνασθαι
1506 1047 1650 1125 μετὰ.
1691 1049 1790 1118 τὴν
1822 1049 1887 1101 ἐκ
1928 1047 2021 1100 τοῦ
2076 1047 2325 1118 σώματος
2359 1048 2534 1116 ἔξοδον
2582 1048 2682 1119 τῆς
2719 1049 2928 1121 ψυχῆς,
2974 1049 3116 1104 κατὰ
3175 1051 3428 1122 πρόνοιάν
3476 1068 3595 1105 τινα
3642 1052 3678 1122 ἢ
3720 1048 3957 1118 σπουδὴν

707 1137 972 1206 ὠφελείας
1007 1135 1140 1199 τινὸς
1164 1139 1344 1205 τυχεῖν
1364 1139 1489 1201 τοὺς
1516 1138 1855 1209 ἀνθρώπους.

744 1231 1052 1299 ὨΗᾸΞΞΤ.
1080 1232 1215 1291 LXI.
1250 1232 1308 1290 Si
1341 1235 1493 1294 solus
1532 1235 1857 1293 immortalis
1889 1246 1973 1293 est
2017 1237 2161 1294 Deus
2187 1252 2274 1294 se-

705 1326 948 1380 cundum
998 1325 1320 1396 Apostolnm
1345 1329 1410 1391 θ’,
1441 1329 1743 1400 ,ίιυοηιοάο
1791 1329 2091 1385 secundum
2129 1345 2278 1385 eum—

706 1418 828 1472 dem
867 1433 1055 1473 verum
1104 1426 1190 1473 est
1223 1419 1356 1473 illud
1400 1437 1416 1472 °.
1452 1419 1644 1475 Omnes
1686 1421 1894 1492 quidem
1922 1439 2024 1476 non
2045 1421 2277 1476 dormie-

705 1527 822 1564 mus
847 1510 926 1562 "?

779 1604 979 1662 RESP.
1019 1606 1181 1662 Solus
1264 1607 1466 1662 habere
1546 1606 2010 1661 immortalitatem
2081 1606 2286 1662 dicitur

709 1699 874 1763 Deus,
919 1698 1050 1768 quia
1096 1714 1206 1754 non
1247 1715 1314 1754 ex
1365 1699 1644 1768 voluntate
1668 1698 1898 1753 alterius
1919 1698 2067 1753 illam
2095 1699 2280 1763 habet,

2451 1238 2814 1293 'EPDTHXIZ.
2851 1238 2969 1290 ΞΑ’.
3000 1238 3064 1290 El
3109 1237 3266 1307 μόνος
3294 1236 3555 1302 ἀθάνατός
3591 1239 3739 1299 ἐστιν
3765 1240 3795 1291 ό
3821 1236 3953 1301 Θεδς

2381 1332 2520 1386 κατά
2562 1332 2654 1385 τὸν
2698 1328 3037 1392 Ἀπόστολον,
3091 1329 3206 1392 πῶς
3254 1328 3447 1400 ἀληθὲς
3487 1331 3607 1382 κατ’
3657 1327 3825 1382 αὑτὸν
3873 1329 3954 1393 τὸ,

2389 1424 2616 1490 Πάντες
2635 1424 2750 1493 μὲν
2777 1425 2848 1477 οὐ
2870 1425 3382 1492 κοιμηθησόμεθας

2460 1602 2862 1656 ἈΠΟΚΡῙΣΙΣ.
2893 1601 3072 1663 Μόνος
3099 1599 3239 1672 ἔχων
3276 1599 3377 1671 τὴν
3400 1599 3696 1653 ἀθανασίαν
3739 1599 3957 1667 λέγεται

2386 1699 2416 1751 ὁ
2446 1697 2596 1759 Θεὸς,
2625 1695 2705 1748 ὄτι
2731 1695 2832 1747 οὐκ
2857 1695 2922 1745 ἐκ
2943 1692 3247 1764 θελήματος
3271 1693 3428 1747 ἄλλου
3459 1691 3662 1764 ταύτην
3693 1693 3830 1764 ἔχει,
3856 1710 3955 1747 κατ

708 1799 769 1843 ut
797 1790 979 1845 caeteri
1021 1805 1216 1846 omnes
1246 1786 1603 1855 immortales,
1632 1788 1725 1846 sed
1769 1806 1835 1850 ex
1865 1805 1962 1846 sua
1995 1789 2168 1860 ipsius
2195 1806 2282 1847 es-

2385 1791 2558 1862 θάπερ
2585 1790 2633 1842 οί
2655 1787 2832 1841 λοιποὶ
2857 1787 3053 1849 πάντες
3083 1785 3358 1850 ἀθάνατοι,
3390 1785 3505 1840 ἀλλ’
3529 1787 3596 1840 ἐκ
3619 1787 3720 1858 τῆς
3749 1787 3959 1849 οἰκείας

708 1882 910 1937 scntia.

779 1971 1060 2039 QUAEST.
1094 1969 1254 2028 LXII.
1301 1971 1359 2026 Si
1415 1979 1614 2044 quarto
1653 1972 1743 2028 die
1778 1973 1997 2029 condita
2044 1975 2281 2029 lumina-

707 2066 812 2128 ria,
854 2072 1021 2134 atque
1075 2080 1150 2119 ex
1189 2063 1278 2120 bis
1327 2065 1664 2120 conStitutus
1713 2064 1926 2121 dierum
1975 2079 2276 2131 numerus,

708 2156 985 2227 quomodo
1031 2164 1145 2212 tres
1189 2157 1331 2220 dies,
1379 2171 1504 2226 quae
1552 2157 1904 2212 luminarium
1947 2157 2278 2212 creationem

705 2257 1127 2316 praecesserunt,
1185 2245 1451 2300 incertum
1505 2261 1618 2301 non
1679 2247 1918 2303 efﬁciunt
1965 2262 2279 2307 .numerum

707 2339 943 2403 dierum,
1006 2354 1127 2409 qua:
1180 2338 1529 2396 luminarinm
1587 2339 1933 2396 creationem
1977 2341 2281 2396 subsecuta:

708 2441 833 2486 sunt
859 2430 885 2483 ?

781 2519 982 2579 RESP.
1011 2519 1092 2574 Ex
1122 2521 1398 2578 creatione
1427 2522 1569 2577 lucis
1596 2522 2094 2592 separatioexstitit
2142 2525 2282 2580 lucis

707 2619 762 2668 et
783 2612 1153 2674 tenebrarum,
1183 2617 1237 2665 et
1267 2615 1334 2667 e‘x
1367 2614 1710 2682 separatione
1746 2615 1894 2671 lucis
1926 2623 1981 2670 et
2030 2617 2280 2672 tenebra-

715 2720 836 2760 rum
866 2703 984 2759 dies
1016 2711 1073 2759 et
1098 2709 1206 2760 nox
1234 2706 1624 2774 constiterunt.
1651 2707 1956 2778 Antequam
1986 2718 2164 2765 autem
2195 2709 2281 2765 lu-

711 2796 946 2852 minaria
981 2796 1194 2861 ﬁerent,
1227 2797 1371 2854 diem
1401 2798 1667 2855 eﬁiciebat
1687 2800 1946 2857 deﬁnitus
1979 2817 2010 2856 a
2039 2801 2152 2857 Deo
2175 2802 2276 2858 do-

710 2879 951 2944 minatus
985 2889 1150 2950 lucis,
1183 2897 1238 2945 et
1276 2871 1680 2946 tenebi-as'sive
1709 2901 1925 2948 noctem
1965 2893 2278 2949 dominatus

709 2981 1076 3036 tenebrarum.
1105 2979 1402 3050 Postquam
1426 2990 1608 3039 autem
1635 2984 1778 3040 facta
1817 2993 1946 3041 sunt
1965 2986 2276 3051 luminaria,

708 3071 1045 3128 dominatum
1087 3081 1437 3142 acceperunt,
1468 3074 1602 3128 illud
1633 3076 1850 3145 quidem
1885 3076 2025 3134 lucis
2054 3083 2108 3132 et
2149 3075 2276 3143 diei,

712 3164 814 3220 hoc
838 3175 1020 3221 autem
1052 3165 1403 3222 tenebrarum
1431 3173 1486 3221 et
1509 3168 1706 3223 noctis.
1738 3167 1937 3224 Lucem
1959 3167 2104 3222 enim
2125 3166 2284 3222 Crea-

711 3267 799 3314 tor
832 3275 976 3318 .cum
1025 3259 1254 3318 deﬁnito
1288 3261 1435 3318 illius
1469 3260 1747 3316 dominatu
1793 3263 2042 3318 attribuit
2087 3262 2280 3332 majori

713 3351 993 3415 luminari,
1025 3359 1081 3407 et
1108 3353 1298 3422 quales
1329 3367 1480 3407 nunc
1511 3352 1630 3409 dies
1659 3353 1818 3409 eﬂicit
1851 3355 1944 3408 lux
1971 3366 2096 3408 cum
2120 3353 2283 3408 lumi-

711 3445 854 3507 nari,
885 3445 1023 3500 tales
1048 3448 1210 3498 etiam
1239 3443 1526 3510 efﬁciebat,
1561 3452 1851 3517 antequam
1895 3445 2086 3501 ﬁerent
2120 3446 2283 3500 lumi-

713 3535 888 3601 naria,
922 3535 1219 3592 secundum
1257 3534 1348 3590 Dei
1383 3538 1785 3607 praescriptum,
1810 3537 1911 3606 qui
1932 3535 2084 3596 illius
2108 3537 2283 3592 domi--

713 3631 904 3682 natum
944 3625 1230 3700 duodecim
1264 3627 1415 3684 horis
1454 3627 1792 3684 deﬁniverat.
1824 3628 2024 3684 Eadem
2063 3630 2147 3685 lex
2180 3630 2280 3684 soli

715 3724 979 3795 imprimit
1018 3723 1298 3779 deﬁnitam
1333 3725 1403 3780 ab
1436 3724 1594 3780 initio
1618 3723 1907 3780 duodecim
1959 3723 2110 3778 boris
2166 3739 2280 3778 mo-

714 3816 943 3871 tionem.

790 4098 1067 4165 QIMEST.
1133 4097 1314 4154 LXIII.
1375 4099 1511 4166 Quia
1599 4100 1752 4154 varie
1803 4100 2052 4155 nonnulli
2113 4099 2280 4152 inter-

715 4193 912 4263 pretati
948 4200 1074 4247 sunt
1105 4207 1207 4247 nec
1241 4191 1478 4247 dilucide
1524 4192 1656 4247 illud
1689 4213 1704 4247 ι
1742 4192 1807 4247 In
1865 4192 1974 4247 sole
2000 4192 2173 4260 posuit
2199 4200 2281 4244 ta-

719 4285 1056 4340 bernaculum
1124 4284 1239 4354 ejus
1281 4286 1372 4350 “;

716 4379 906 4434 edoce.

2382 1883 2588 1945 οὐσίας.

2450 1970 2799 2024 ἘΡΩΤΗΣΙΣ
2839 1969 2956 2022 EB’.
2997 1969 3060 2022 Ei
3091 1970 3156 2040 τῇ
3215 1969 3446 2043 τετάρτῃ
3480 1969 3664 2041 ἡμέρᾳ
3699 1969 3812 2022 τῶν
3845 1988 3956 2039 φυ-

2383 2063 2596 2135 στὴρων
2628 2065 2660 2133 ή
2685 2061 2900 2131 ποίησις
2925 2061 3146 2130 γέγονεν
3162 2100 3179 2126 ,
3213 2061 3274 2126 ἐξ
3308 2059 3488 2114 αὐτῶν
3511 2059 3569 2113 δὲ
3595 2059 3707 2113 τῶν
3731 2059 3957 2131 ἡμερῶν

2377 2158 2407 2209 ό
2432 2154 2662 2227 ἀριθμὸς
2707 2153 3036 2218 συνίσταται,
3088 2153 3204 2217 πῶς
3243 2153 3302 2206 αἱ
3340 2151 3446 2226 πρὸ
3485 2151 3587 2222 τῆς
3613 2151 3955 2222 παραγωγῆς

2379 2249 2484 2302 τῶν
2512 2249 2812 2319 φωστήρων
2842 2250 2988 2319 τρεῖς
3014 2247 3218 2321 ἡμέραι
3241 2243 3535 2318 ἀμφίϐολον
3565 2244 3656 2298 τὸν
3685 2243 3828 2315 μετά
3858 2243 3955 2314 τὴν

2381 2341 2716 2412 παραγωγὴν
2756 2339 2865 2394 τῶν
2903 2340 3201 2412 φωστήρων
3238 2327 3468 2409 ἀρίθμδν
3509 2334 3618 2389 τῶν
3641 2335 3868 2407 ἡμερῶν
3891 2338 3954 2390 οὗ

2377 2431 2710 2485 δεικνύουσιν
2735 2449 2750 2498 ;

2449 2516 2848 2580 ’ΔΠΟΚΡΙΣῙΣ
2895 2525 2992 2578 Ἐκ
3037 2525 3135 2596 τῆς
3183 2522 3519 2597 παραγωγῆς
3563 2521 3659 2577 τοῦ
3709 2521 3891 2592 φωτὸς
3926 2523 3962 2574 δ

2377 2621 2738 2693 διαχωρισμδς
2782 2620 2970 2689 γέγονε
3015 2619 3192 2692 ςρωτὸς
3238 2620 3332 2672 καὶ
3361 2618 3614 2682 σκότους·
3645 2615 3739 2670 καὶ
3765 2620 3833 2671 ἐκ
3858 2615 3955 2669 τοῦ

2377 2710 2742 2781 διαχωρισμοῦ
2763 2710 2939 2778 φωτὸς
2971 2710 3064 2763 καὶ
3092 2708 3318 2773 σκάτους
3348 2709 3590 2781 ή-ήμέρα
3622 2708 3834 2779 ὑπέστη
3859 2708 3954 2762 καὶ

2377 2805 2410 2874 ἡ
2442 2802 2554 2868 νύξ.
2589 2801 2704 2872 Πρὸ
2725 2802 2781 2854 δὲ
2820 2802 2921 2870 τῆς
2969 2800 3077 2854 τῶν
3123 2798 3426 2873 φωστὴρων
3447 2803 3723 2871 ποιήσεως
3748 2801 3782 2870 ή
3811 2800 3953 2853 κατὰ

2377 2895 2467 2948 τὸν
2498 2895 2621 2966 ὅρον
2644 2893 2738 2948 τοῦ
2763 2894 2896 2948 Θεοῦ
2928 2895 3249 2967 ἐπικράτεια
3484 2893 3655 2948 ἐποίει
3691 2895 3795 2965 τὴν
3825 2894 3956 2964 ὴμέ-

2382 3005 2509 3057 ραν,
2553 2989 2645 3040 καὶ
2682 2988 2715 3057 ἠ
2757 2987 3077 3059 ἐπικράτεια
3115 2975 3467 3052 τοῦσκότους
3508 2987 3569 3041 τὸ
3603 2987 3796 3050 σκότος
3834 2989 3958 3058 ἦτοι

2379 3081 2476 3151 τὴν
2507 3079 2695 3134 νύκτα.
2726 3081 3036 3151 Γενομένων
3059 3080 3116 3135 δὲ
3139 3080 3246 3134 τῶν
3279 3081 3610 3152 φωστήρων,
3641 3079 3956 3150 ἐτάχθησαν

2383 3175 2734 3241 ἐξουσιάζειν,
2764 3177 2793 3230 ό
2827 3177 2926 3247 μὲν
2961 3174 3055 3229 τοῦ
3098 3173 3272 3245 φωτὸς
3300 3175 3394 3228 καὶ
3434 3173 3534 3244 τῆς
3564 3173 3794 3245 ἡμέρας,
3826 3175 3860 3244 ἠ
3891 3173 3954 3227 δέ

2382 3268 2472 3322 τοῦ
2520 3270 2742 3333 σκότους
2781 3269 2875 3322 καὶ
2915 3269 3011 3340 τῆς
3058 3255 3270 3331 νυκτός.
3314 3267 3375 3321 '0
3400 3265 3507 3338 γὰρ
3532 3266 3866 3338 δημιουργὸς
3892 3265 3955 3320 τὸ

2383 3361 2496 3430 φῶς
2530 3361 2665 3432 μετὰ
2696 3363 2792 3432 τῆς
2816 3361 3131 3433 ὡρισμένης
3156 3359 3321 3414 αὑτοῦ
3348 3358 3700 3431 ἐπικρατείας
3839 3357 3956 3430 μεί-

2382 3455 2493 3518 ξονι
2520 3455 2626 3507 τῶν
2651 3455 2951 3526 φωστήρων
2988 3450 3352 3524 ἐκληρώσατο·
3396 3453 3490 3505 καὶ
3527 3449 3784 3514 τοιαύτας
3811 3449 3954 3521 ἡμέ-

2384 3565 2482 3620 ρας
2513 3548 2578 3611 ἆς
2611 3551 2754 3601 ποιεῖ
2776 3546 2871 3600 νῦν
2895 3547 2956 3600 τὸ
2981 3545 3098 3616 φῶς
3129 3545 3266 3617 μετά
3295 3543 3390 3598 τοῦ
3423 3543 3729 3615 φωστῆρος,
3770 3541 3957 3602 τοιαύ-

2379 3658 2478 3704 τας
2506 3641 2676 3694 ἐποίει
2697 3642 2791 3694 καὶ
2822 3639 2928 3708 πρδ
2952 3638 3051 3707 τῆς
3078 3638 3346 3708 ποιήσεως
3370 3635 3476 3688 τῶν
3502 3633 3689 3704 φωστή
3699 3651 3831 3705 ρων,
3857 3634 3951 3686 καὶ

2379 3733 2470 3786 τὸν
2499 3735 2623 3804 ὅρον
2667 3732 2777 3803 (90)
2820 3731 2914 3786 τοῦ
2957 3729 3090 3784 Θεοῦ
3123 3728 3353 3799 τοῦῠτὴν
3382 3727 3737 3798 ἐπικράτειαν
3783 3724 3954 3778 αὑτοῦ

2380 3827 2660 3899 ὁρίσαντος
2704 3825 3050 3896 δωδεκάωρον
3083 3821 3210 3893 (91).
3248 3821 3487 3900 Ἐκεῖνος
3509 3822 3538 3873 ὁ
3583 3819 3705 3891 ὅρος
3739 3818 3950 3885 ἐπείγει

2380 3919 2472 3971 τὸν
2518 3918 2668 3988 ἥλιον
2711 3917 2849 3990 πρὸς
2878 3916 2976 3988 τὴν
3015 3916 3073 3982 ἐξ
3101 3914 3274 3986 ἀρχῆς
3303 3912 3573 3984 ἔμμετρον
3599 3909 3953 3980 δωδεκάωρον

2381 4009 2610 4080 κίνησιν.

2450 4101 2799 4154 ἘΡΩΤΗΣΙΣ
2825 4099 2941 4152 ΞΓ.
2980 4097 3196 4169 Ἐπειδὴ
3219 4095 3488 4169 διαφόρως
3501 4095 3642 4156 τινὲς
3672 4095 3950 4167 ἡρμήνευ-

2384 4214 2480 4251 σαν
2510 4196 2606 4249 καὶ
2635 4192 2964 4264 ἀσαφῶςκτό·
2991 4192 3089 4244 Ἐν
3120 4190 3201 4256 τῷ
3230 4190 3386 4258 ἡλίῳ
3405 4189 3573 4258 ἔθετο
3617 4187 3684 4241 τὸ
3715 4187 3949 4254 σκήνω-

1448 4286 1596 4340 illius
1667 4286 2099 4356 explanationem
2180 4297 2281 4338 nos

2381 4305 2461 4358 μα
2486 4285 2692 4342 αὐτοῦ·
2724 4284 2821 4353 τὴν
2850 4285 3142 4340 σαφήνειαν
3170 4281 3334 4336 αὐτοῦ
3361 4279 3586 4346 δίδαξον.

789 4469 985 4525 RESP.
1016 4470 1260 4528 Diximus
1292 4486 1453 4541 supra
1483 4473 1657 4527 solere
1679 4469 2014 4540 Scripturam
2041 4470 2277 4524 divinam

2455 4463 2852 4541 ‘AIIDKPIZIX.
2887 4449 3123 4533 Εἴπομεν
3153 4464 3211 4515 ἐν
3237 4460 3348 4524 τοῖς
3373 4459 3644 4530 ἀνωτέρω,
3677 4457 3759 4512 ὅτι
3787 4457 3948 4529 οὐρα-

717 4577 914 4618 vocare
945 4563 1135 4624 caelos,
1162 4561 1246 4617 vel
1279 4578 1376 4618 eos
1396 4562 1489 4632 qui
1523 4562 1830 4617 substantia
1853 4562 1993 4617 tales
2020 4569 2168 4624 sunt,
2195 4560 2279 4615 Vel

719 4655 863 4709 aeris
896 4659 1092 4724 spatia.
1113 4653 1248 4709 Illud
1280 4654 1446 4725 igitur
1472 4673 1486 4707 :
1523 4653 1589 4709 In
1617 4655 1724 4708 sole
1752 4655 1928 4722 posuit
1967 4653 2280 4706 tabernacu-

720 4745 828 4798 lum
868 4745 1003 4814 ejus,
1030 4746 1172 4800 idem
1204 4754 1288 4801 est
1340 4762 1403 4801 ac
1430 4747 1611 4802 leos
1653 4741 1834 4817 posuit
1870 4744 2278 4800 tabernaculum

720 4837 870 4893 solis.
905 4837 1038 4891 Nam
1068 4839 1231 4907 hujus
1260 4838 1390 4893 dicti
1421 4857 1486 4894 ex
1511 4839 1859 4895 Hebraeorum
1891 4840 2072 4908 lingua
2100 4838 2152 4891 in
2180 4833 2281 4905 Sy-

716 4929 903 4985 rorum
920 4930 1159 5000 linguam
1177 4932 1463 4986 translatio
1487 4932 1565 4986 sic
1582 4947 1640 4986 se
1657 4932 1815 4987 habet
1844 4951 1854 4984 :
1879 4930 1943 4984 In
1963 4930 2090 4997 ipsis
2109 4929 2282 4996 posuit

720 5019 1118 5074 tabernaculum
1169 5022 1317 5075 solis.
1368 5021 1424 5077 Id
1449 5023 1623 5092 ipsum
1673 5031 1850 5076 autem
1894 5019 2132 5074 ostendit
2185 5034 2282 5088 per

721 5113 884 5166 alium
927 5109 1194 5182 psalmum
1233 5115 1492 5183 propheta
1541 5114 1705 5168 David
1749 5125 1801 5168 et
1832 5115 1940 5168 ait:
1983 5111 2280 5166 Extendens

720 5205 904 5258 cuzlttm
930 5207 1063 5259 sicut
1090 5206 1276 5275 pellem
1303 5207 1346 5238 “
1386 5207 1653 5274 (extensio
1677 5207 1816 5260 enim
1847 5206 2062 5275 pellium
2101 5207 2282 5260 taber-

721 5298 974 5351 naculum
1009 5297 1212 5366 eliicit),
1248 5299 1510 5354 varietate
1543 5298 1751 5354 scilicet
1771 5298 2200 5354 substantiarum
2227 5305 2280 5353 et

722 5405 922 5444 usuum
951 5390 1267 5446 discrimine
1313 5392 1697 5447 demonstrans
1741 5407 1835 5447 eos
1875 5405 1997 5445 esse
2041 5398 2277 5446 creatos.

795 5571 835 5604 ⁶¹
861 5567 993 5624 Luc.
1021 5585 1132 5634 ιτι,
1161 5567 1250 5623 29.
1331 5568 1376 5599 "
1407 5566 1426 5619 I
1458 5558 1599 5622 Tim.
1626 5584 1699 5635 vr,
1736 5567 1819 5622 l6.
1898 5566 1982 5621 “l
2013 5564 2138 5620 Cor.
2169 5582 2237 5619 xv
2289 5566 2375 5619 51.

793 5723 901 5860 (9οζ
925 5725 1034 5777 Καὶ
1067 5726 1169 5777 τὸν
1192 5725 1348 5793 ὅροιν.
1373 5725 1496 5795 Leg.
1532 5726 1667 5778 κατὰ
1698 5725 1786 5778 τὸν
1818 5726 1957 5796 ὅρον.

793 5794 873 5860 (91
935 5793 1336 5860 Δωδεκάωρον.
1397 5797 1472 5849 Ita
1515 5795 1837 5860 Sylhurgius
1890 5812 1954 5860 pr

793 5793 900 5860 (91)
935 5793 1336 5866 Δωδεκάειφον.
1397 5793 1472 5849 Ita
1515 5793 1859 5866 Sylhurgius‘
1890 5809 1989 5864 pro
2040 5809 2104 5849 eo

2380 4560 2503 4620 νοὺς
2533 4538 2724 4626 οἶδενή
2759 4555 2877 4608 θεία
2903 4553 3112 4626 Γραφὴ-
3137 4553 3321 4607 καλεῖν
3350 4551 3382 4623 ἦ
3415 4553 3540 4614 τοὺς
3572 4549 3692 4603 κατ’
3735 4549 3946 4612 οὐσίαν,

2379 4651 2455 4714 ὼς
2479 4651 2569 4702 τὸν
2600 4649 2812 4719 πρῶτον
2844 4647 3069 4719 οὐρανὸν
3101 4645 3278 4700 καὶτὸ
3303 4645 3603 4716 στερέωμα,
3643 4643 3678 4715 ἢ
3707 4641 3776 4697 τὰ
3807 4643 3949 4696 κατὰ

2379 4742 2471 4794 τὸν
2517 4742 2652 4813 ἀέρα
2691 4741 3046 4812 διαστήματα.
3083 4731 3156 4791 Τὸ
3193 4732 3305 4790 οὖν’
3341 4724 3446 4791 Ἕν
3475 4734 3555 4800 τῷ
3597 4735 3748 4804 ἡλίῳ
3779 4734 3946 4790 ἔθετο

2382 4833 2448 4887 τὸ
2475 4833 2760 4902 σκήνωμα
2786 4831 2991 4894 αὐτοῦ,
3018 4828 3107 4882 ῖνα
3139 4829 3269 4904 εῐπη
3288 4871 3302 4892 ,
3331 4824 3468 4891 Τοὺς
3499 4828 3764 4905 οὐρανοὺς
3796 4826 3945 4881 ἔθετο

2384 4928 2647 4996 σκήνωμα
2689 4924 2782 4978 τοῦ
2816 4923 2984 4994 ἡλίου.
3038 4923 3101 4975 Ἦ
3127 4921 3234 4992 γὰρ
3280 4921 3345 4974 ἐκ
3387 4919 3485 4990 τῆς
3525 4919 3634 4972 τῶν
3682 4919 3946 4991 Ἑϐραίων

2386 5019 2626 5089 γλώττης
2654 5019 2731 5080 εἰς
2749 5018 2864 5088 ’τὴν
2892 4997 3002 5068 τῶν
3028 5015 3096 5066 Σύ
3107 5032 3211 5086 ρων
3242 5013 3481 5082 γλῶτταν
3517 5013 3806 5084 μεταγωγὴ
3848 5013 3946 5083 τῆς

2386 5109 2580 5176 λέξεως
2601 5109 2769 5171 οὕτως
2793 5107 3096 5176 γεγένηται’
3119 5107 3222 5160 Ἐν
3233 5105 3434 5171 αὐτοῖς
3449 5105 3615 5159 ἐθετο
3643 5105 3750 5159 τοῦ
3767 5106 3946 5172 ἡλίου

2386 5202 2451 5255 τὸ
2488 5202 2790 5270 σκήνωμα.
2831 5199 3064 5271 Δηλοῖδὲ
3099 5198 3165 5250 δι’
3202 5198 3387 5269 ἐτέρου
3424 5195 3639 5267 ψαλμοῦ
3679 5197 3708 5248 ὁ
3734 5188 3943 5266 προφῆ-

2384 5310 2480 5363 της
2522 5292 2682 5345 Δαὸὶδ
2707 5291 2836 5345 αὐτὸ
2864 5287 3020 5344 τοῦτο
3039 5331 3053 5354 ,
3097 5290 3188 5343 καί
3222 5305 3404 5359 φησιν·
3446 5289 3506 5341 '0
3532 5288 3811 5341 ἐκτείνων
3840 5286 3944 5339 τὸν

2384 5386 2639 5455 οὐρανὸν
2682 5384 2821 5439 ὡσεὶ
2871 5383 3033 5452 δέριν
3078 5384 3130 5453 (ή
3171 5382 3278 5454 γάρ
3331 5382 3548 5445 ἐκτασις
3574 5380 3680 5433 τῶν
3721 5379 3939 5449 δέρεων,

2454 5568 2495 5597 ⁸³
2518 5563 2661 5621 Psal.
2704 5579 2832 5617 xvm
2880 5563 2929 5617 6.
3007 5562 3050 5593 ⁸⁵
3074 5559 3217 5614 Psal.
3250 5575 3366 5624 cm,
3401 5560 3454 5613 Ξ.

2193 5793 2277 5847 md
2315 5792 2452 5861 apud
2468 5789 2536 5860 Β.
2561 5789 2889 5861 Stephanum
2937 5797 2990 5844 et
3019 5789 3073 5844 in
3112 5797 3342 5859 utroque
3371 5788 3492 5844 cod.
3534 5802 3638 5843 ms.
3663 5785 3934 5858 legebatur

793 5809 900 5860 (ιιι)
935 5809 1336 5861 Δωσεκαωρον.
1397 5809 1472 5849 tta
1515 5809 1837 5864 bVImll’glUS
1890 5809 1989 5864 pro
2040 5809 2104 5849 ΕΟ
2193 5809 2277 5847 I00
2315 5809 2452 5861 apud
2470 5809 2536 5860 ῃ.
2563 5809 2889 5859 atepnanum
2937 5809 2990 5844 ει

723 5865 1010 5928 δικάωρον.
1052 5865 1168 5922 Mox
1199 5866 1340 5921 idem
1369 5856 1610 5921 erratum
1652 5867 1974 5922 occurrebat
2007 5872 2058 5920 et
2089 5879 2118 5918 a
2138 5809 2442 5932 (gylburgio
2467 5861 2671 5930 pariter
2704 5860 2998 5917 sublatum.
