4144 6468
171 395 202 448 1
217 392 342 450 305

916 382 1379 452 QUIESTIONES
1415 383 1503 437 ET
1539 383 2058 456 RESPONSIONES
2090 386 2182 439 AD
2217 385 2704 456 omuonoxos.

3316 391 3446 447 1506

163 509 290 580 τὴν
337 509 544 579 σκηνὴν
586 505 877 575 ἀποτελεῖ),
918 505 984 574 τῇ
1019 502 1257 573 ποικιλίᾳ
1298 496 1390 556 οὖν
1434 500 1540 554 τῶν
1577 502 1760 557 ούσιῶι

1873 504 2008 559 Nam
2043 505 2285 560 increata
2313 512 2510 558 natura
2541 519 2649 559 non
2681 502 2860 559 differt
2890 511 3086 558 natura
3117 506 3187 561 ab
3206 505 3449 562 increata

166 599 286 652 καὶ
307 600 386 669 τῇ
416 596 641 668 διαφορᾷ
669 595 776 648 τῶν
804 591 1004 663 χρειῶν
1040 591 1296 644 δεικνύων
1326 589 1433 662 (92)
1467 592 1663 655 αὐτοὺς
1693 586 1768 644 εἷ-

163 709 278 746 ναι
337 687 649 761 γεννητούς.
700 688 764 740 Ἦ
794 685 900 757 γὰρ
947 683 1239 756 ἀγέννητος
1273 683 1433 754 φύσις
1489 681 1626 756 πρὸς
1669 684 1768 755 τὴν

1875 602 2089 651 natura.
2125 596 2282 662 Quod
2309 605 2489 650 autem
2515 605 2739 667 propter
2769 613 2929 654 usum
2959 599 3066 658 tale
3081 606 3167 655 est
3190 607 3283 654 aut
3314 597 3445 666 tale,

1875 688 2110 745 alienum
2141 696 2223 743 est
2244 688 2312 742 ah
2336 688 2575 743 increata
2599 695 2814 744 natura.

147 756 503 856 ’ἀγέννητον
522 785 680 854 φύσιν
702 780 842 836 κατὰ
868 756 1027 850 φύσιν
1053 779 1150 834 οὐκ
1177 778 1288 850 ἔχει
1320 779 1597 852 διαφοράν.
1633 772 1709 834 Τὸ
1733 781 1790 834 δὲ
1815 783 1907 836 καὶ
1933 783 2123 853 χρείας
2147 784 2311 838 ἕνεκα
2340 784 2540 837 τοιόνδε
2581 784 2614 854 ἢ
2641 783 2841 838 τοιόνδε
2888 782 3162 856 ἀλλότριόν
3217 756 3333 836 ἐστι
3351 783 3451 854 τῆς

167 880 494 950 ἀγεννήτου
518 877 747 946 φύσεως.

252 969 620 1022 ἘΡΩΤΗΣΙΣ
645 968 758 1023 ΞΔ’.
788 968 851 1020 Εί
889 967 1076 1039 ὥσπερ
1106 968 1134 1020 6
1178 969 1361 1030 Ἰωνᾶς
1397 970 1460 1022 ἐν
1491 970 1556 1038 τῇ
1603 967 1777 1038 κοιλίᾳ

165 1060 280 1113 τοῦ
303 1061 518 1130 ,κήτους
547 1060 608 1112 16
633 1061 958 1131 τριήμερον,
985 1057 1155 1122 οὓτως
1187 1060 1281 1112 καὶ
1309 1061 1337 1112 6
1366 1059 1600 1133 Χριστὸς
1625 1059 1683 1111 ὲν
1706 1061 1772 1130 τῇ

170 1149 396 1221 καρδίᾳ
425 1149 523 1219 τῆς
545 1150 665 1221 γῆς,
702 1148 820 1212 πῶς
845 1149 907 1202 οὐ
929 1149 1147 1218 δοκήσει
1178 1147 1271 1202 106
1307 1150 1511 1221 Κυρίου
1541 1150 1569 1200 ὁ
1616 1148 1776 1203 θάνα-

167 1260 277 1306 τος
307 1243 568 1312 γέγονεν;
598 1243 783 1306 Ἰωνᾶς
819 1241 928 1312 γὰρ
958 1241 1032 1314 μὴ
1069 1241 1266 1306 θανὼν,
1301 1243 1559 1317 ἐνομίσθη
1587 1242 1774 1296 τεθνά-

168 1350 299 1387 ναι.
339 1334 406 1386 Ei
428 1333 483 1386 δὲ
516 1332 638 1386 κατ’
669 1332 924 1404 ἀλήθειαν
957 1335 985 1386 6
1006 1331 1210 1404 Κύριος
1239 1333 1332 1388 τοῦ
1360 1333 1589 1388 θανάτου
1617 1335 1772 1403 ἐγεύ-

172 1439 348 1487 σατο,
384 1422 502 1486 πῶς
532 1421 593 1476 τὸ
616 1423 754 1476 κατὰ
780 1423 871 1488 τὸν
906 1423 1089 1477 Ἰωνᾶν
1122 1424 1424 1497 ὑπόδειγμα
1460 1428 1522 1480 οὐ
1561 1418 1769 1496 διέψευὲ

173 1528 310 1566 σται
325 1525 344 1576 ;

241 1602 678 1677 Δ,ἈΠΟΚΡΙΣῙΣ
709 1603 782 1658 Οὐ
823 1603 1036 1676 θανάτῳ
1077 1605 1168 1658 τὸν
1211 1605 1440 1661 θάνατον
1482 1612 1766 1682 συμπαρέ-

170 1693 373 1766 6αλεν,
413 1694 548 1749 ἀλλὰ
586 1693 686 1766 τὴν
721 1697 1022 1768 τριήμερόν
1045 1698 1102 1750 ὲν
1129 1697 1208 1768 τῷ
1252 1698 1409 1770 τάφῳ
1445 1701 1766 1772 παραμονὴν

1949 964 2227 1033 ΩΗᾸΕΒΤ.
2260 965 2443 1022 LXIV.
2475 965 2532 1021 Si
2563 947 3015 1037 quemadmodum
3036 963 3204 1022 Jonas
3229 967 3286 1021 in
3310 981 3447 1022 ven-

1879 1066 1962 1112 tre
1993 1058 2096 1112 ceti
2121 1072 2218 1127 per
2243 1056 2509 1119 triduum,
2543 1055 2619 1109 ita
2647 1064 2701 1109 et
2720 1056 2974 1122 Christus
3000 1057 3056 1113 in
3069 1057 3234 1111 corde
3255 1065 3445 1124 terra,

1875 1149 2154 1220 quomodo
2212 1163 2323 1202 non
2387 1148 2572 1218 specie
2624 1155 2835 1202 tantum
2897 1155 3129 1203 mortem
3180 1147 3445 1206 Dominus

1875 1242 2058 1298 obiit?
2087 1239 2223 1295 Nam
2255 1239 2445 1305 Jonas,
2487 1256 2612 1294 cum
2639 1249 2890 1295 mortuus
2923 1256 3032 1295 non
3080 1248 3248 1307 esset,
3297 1254 3446 1297 mor-

1874 1337 2002 1391 tuus
2059 1342 2182 1382 esse
2224 1327 2571 1382 existimatus
2602 1333 2705 1381 est.
2739 1326 2893 1393 Quod
2946 1329 2992 1380 si
3024 1343 3151 1383 vere
3180 1327 3444 1385 Dominus

1874 1418 2104 1475 mortem
2132 1419 2402 1490 gustavit,
2436 1418 2709 1490 quomodo
2732 1435 2840 1474 non
2871 1419 3067 1476 falsum
3096 1420 3247 1477 Jonas
3267 1436 3444 1478 exem-

1871 1512 2061 1583 plum?

1946 1603 2108 1676 465
2125 1602 2323 1660 RESP.
2336 1602 2456 1658 Non
2480 1609 2708 1658 mortem
2729 1618 2852 1657 cum
2877 1611 3050 1659 morte
3065 1603 3313 1668 contulit,
3341 1601 3440 1659 sed

1872 1694 2178 1750 triduanam
2210 1693 2265 1749 in
2312 1695 2563 1765 sepulcro
2592 1693 3276 1764 permansionem-Domini
3313 1710 3439 1751 cum

169 1785 279 1838 106
324 1786 576 1856 Σωτῆρος
625 1789 690 1857 τῇ
732 1788 1016 1860 τριημέρῳ
1062 1791 1120 1844 ὲν
1159 1789 1239 1860 τῷ
1263 1793 1418 1863 κήτει
1472 1795 1760 1865 παραμονῇ

1871 1788 2128 1843 triduana
2170 1788 2226 1842 in
2271 1797 2395 1843 ceto
2442 1787 2828 1858 permansione
2868 1785 3038 1841 Jonae.
3083 1786 3353 1843 Praeterea
3390 1786 3439 1842 si

168 1876 276 1929 τοῦ
317 1877 494 1929 Ἰωνᾶ.
525 1856 731 1942 ’Δλλως
757 1856 818 1943 τε
913 1856 1056 1933 κατά
1073 1879 1141 1933 τὰ
1160 1856 1405 1954 ὅμοιατῆν
1428 1881 1498 1936 τὰ
1512 1856 1766 1938 acc-1.16166
1798 1856 1838 1909 Β

187 1969 389 2049 Ἰψνᾶν
417 1969 530 2031 τοῖς
559 1969 698 2023 κατὰ
725 1969 815 2049 τὸν
842 1971 1088 2044 Σωτῆρα,
1117 1973 1302 2027 οὐκέτι
1325 1973 1557 2043 ἠδύνατο
1582 1975 1766 2030 ἐκεῖνα

167 2045 390 2126 τούτων
435 2056 575 2114 εἶναι
615 2045 785 2126 τύπος
829 2064 861 2133 ἢ
900 2063 1084 2120 εἰκών.
1115 2065 1236 2138 Χρὴ
1262 2060 1480 2138 οὖνντην
1505 2066 1764 2138 ἀλήθειαν

171 2140 347 2208 πλέον
373 2172 426 2208 τι
452 2154 545 2207 τοῦ
583 2154 755 2208 τύπου
782 2154 946 2226 ἔχειν,
976 2156 1117 2211 κατὰ
1140 2156 1202 2210 τὸ
1228 2157 1538 2229 εἰρημένον·
1569 2148 1765 2212 Πλέον

185 2245 366 2302 Ἰωνᾶ
399 2240 534 2302 ὧδε.
578 2233 913 2319 ’Υπόδειγμα
951 2249 1008 2303 δὲ
1056 2250 1283 2320 ἀψευδὲς
1310 2253 1508 2305 νοεῖται
1536 2249 1596 2304 τὸ
1623 2252 1763 2306 κατὰ

171 2336 273 2392 τὸν
313 2322 500 2390 Ἰωνᾶν
527 2333 622 2390 τοῦ
651 2339 792 2392 κατὰ
817 2337 909 2391 τὸν
937 2339 1164 2410 Σωτῆρα
1190 2339 1379 2395 τοῦτον
1406 2340 1497 2393 τὸν
1523 2341 1722 2413 τρόπον
1743 2358 1756 2372 °

171 2430 284 2494 δτι,
316 2428 511 2502 ὥσπερ
539 2432 568 2483 6
605 2432 789 2494 Ἰωνᾶς
828 2435 1048 2503 σημεῖον
1091 2432 1325 2496 πίστεως
1352 2428 1464 2504 εἶχε
1489 2433 1583 2487 τοῦ
1609 2434 1762 2505 παρὰ

169 2519 274 2574 τοῦ
312 2519 449 2572 Θεοῦ
478 2521 847 2592 ἀποσταλῆναι
876 2522 1038 2576 αὐτὸν
1073 2524 1292 2595 κήρυκα
1329 2524 1431 2594 τῆς
1455 2505 1762 2598 καταστρο-

173 2610 286 2680 φῆς
312 2610 422 2664 τῶν
438 2611 732 2667 Νινευῖτῶν
756 2611 854 2688 την
880 2614 1174 2684 τριήμερω
1197 2616 1266 2672 ⁴ἐκ
1293 2615 1385 2668 τοῦ
1411 2616 1608 2687 κήτους
1632 2617 1760 2670 ἀνα-

173 2702 388 2775 γωγὴν,
415 2704 587 2769 οὕτως
616 2706 710 2760 καὶ
737 2708 764 2758 6
791 2704 982 2777 Σωτὴρ
1013 2709 1236 2777 σημεῖον
1261 2707 1496 2772 πίστεως
1524 2703 1637 2779 εἶχε
1662 2709 1758 2763 τοῦ

174 2795 333 2866 παρὰ
358 2795 453 2848 106
481 2795 615 2849 Θεοῦ
642 2797 1012 2868 ἀποσταλῆναι
1041 2798 1204 2852 αὐτὸν
1231 2799 1450 2870 κήρυκα
1475 2801 1574 2871 τῆς
1604 2801 1758 2870 βασι-

175 2884 332 2948 λείας
382 2885 492 2941 τῶν
541 2887 810 2962 οὐρανῶν,
863 2889 962 2961 τὴν
1013 2891 1313 2962 τριήμερον
1351 2894 1416 2946 ἐκ
1449 2892 1544 2946 106
1585 2893 1758 2964 τάφου

176 2973 494 3031 ἀνάστασιν.
544 3049 547 3053 η

262 3067 614 3124 ἘΡΩΤΗΣΙΣ
649 3070 768 3124 ΞΕ¹.
829 3072 1042 3145 Ἐπειδὴ
1083 3089 1228 3136 τινες
1268 3074 1368 3145 τὴν
1415 3075 1510 3128 τοῦ
1547 3077 1754 3149 Κυρίου

1867 1880 2074 1938 similes
2122 1879 2356 1936 fuissent
2397 1895 2488 1935 res
2536 1879 2688 1934 λοιπε
2731 1880 2895 1935 rebus
2942 1879 3278 1944 Salvatoris,
3325 1893 3438 1934 non

1865 1969 2175 2040 potuissent
2213 1969 2317 2039 illae
2360 1969 2587 2022 istarum
2633 1968 2805 2039 ﬁgura
2848 1985 2991 2025 esse.
3031 1969 3258 2041 Oportet
3304 1986 3438 2042 ergo

1865 2063 2150 2126 veritatem
2184 2058 2418 2130 amplius
2451 2061 2657 2132 aliquid
2694 2061 2924 2129 habere,
2961 2078 3124 2132 quam
3169 2063 3434 2134 ﬁguram,

1865 2155 2168 2211 secundum
2219 2155 2352 2209 illud
2402 2155 2609 2209 dictum
2657 2175 2669 2210 :
2719 2153 2899 2224 Major
2938 2171 3096 2225 quam
3146 2154 3316 2210 Jonas
3359 2166 3439 2210 est

1863 2247 1946 2301 hic
1968 2248 2033 2304 “.
2060 2245 2254 2302 Jonam
2285 2257 2466 2303 autem
2494 2247 2794 2303 Salvatoris
2828 2249 3117 2320 imaginem
3145 2264 3254 2304 non
3284 2265 3438 2304 men-

1862 2336 2052 2393 dacem
2083 2338 2253 2394 fuisse
2296 2338 2400 2393 hoc
2439 2339 2601 2393 modo
2632 2339 2984 2410 intelligitur,
3016 2341 3145 2411 quia
3175 2339 3436 2410 quemad-

1863 2430 2086 2485 modum
2127 2429 2292 2486 Jonas
2338 2430 2552 2501 ‘signum
2604 2431 2832 2496 habuit,
2884 2446 2980 2488 cur
3017 2418 3220 2488 miSsus
3258 2447 3287 2486 a
3324 2430 3436 2488 Deo

1861 2523 2165 2578 eversionis
2195 2521 2562 2577 Ninivitarum
2591 2539 2772 2594 praeco
2799 2524 3135 2588 crederetur,
3167 2524 3372 2579 exitum
3403 2534 3435 2580 e

1861 2623 1982 2668 ceto
2011 2621 2136 2686 post
2175 2613 2455 2681 triduum;
2487 2616 2561 2668 ita
2594 2623 2648 2670 et
2680 2613 2932 2670 Salvator
2957 2615 3172 2687 signum
3206 2615 3431 2678 habuit,

1860 2719 1962 2758 cur
1990 2706 2195 2762 missus
2219 2721 2250 2760 a
2274 2705 2387 2762 Deo
2411 2707 2566 2777 regni
2597 2707 2861 2762 caelorum
2894 2722 3072 2777 praeco
3092 2707 3430 2773 crederetur,

1859 2797 2331 2853 resurrectionem
2363 2813 2428 2854 ex
2454 2799 2710 2873 sepulcro
2739 2807 2864 2868 post
2893 2799 3157 2855 triduum.

1927 3056 2209 3124 QUsEST.
2245 3057 2413 3116 LXV.
2461 3060 2732 3127 Quoniam
2788 3063 3040 3120 nonnulli
3080 3064 3430 3121 traditionem

178 3161 479 3233 παράδοσιν
505 3164 571 3234 τῇ
598 3164 819 3237 τετράδι
846 3164 1067 3236 λέγουσι
1102 3167 1412 3236 γεγονέναι,
1442 3169 1507 3220 ὲκ
1530 3170 1629 3239 τῆς
1656 3187 1754 3223 πο-

1857 3149 2074 3205 Domini
2113 3150 2202 3205 die
2229 3159 2428 3221 quarto
2471 3153 2663 3212 dicunt
2696 3156 2976 3225 evenisse,
3023 3172 3090 3211 ex
3132 3171 3332 3228 magno
3374 3157 3431 3214 id

179 3253 403 3332 σότητος
443 3255 602 3338 τούτο
634 3257 742 3310 τῶν
781 3258 902 3312 τότε
949 3259 1306 3331 πραχθέντων
1346 3260 1750 3338 στοχαζόμενοι,

177 3345 319 3418 τίςή
345 3337 620 3415 ἀπόδειξις
657 3351 758 3421 τῆς
799 3351 1012 3424 ἡμέρας
1055 3341 1174 3426 ἐνῇ
1201 3354 1236 3422 ἠ
1265 3337 1750 3424 παράδοσιςνγέγο-

177 3451 267 3488 νεν
288 3452 304 3500 ;

263 3527 661 3582 ἈΠΟΚΡΙΣΙΣ.
707 3529 1004 3594 Ἀπόδειξις
1031 3529 1126 3584 τοῦ
1154 3531 1229 3602 μὴ
1262 3533 1327 3602 τῇ
1353 3532 1589 3602 τετράδι,
1616 3531 1750 3586 ἀλλὰ

178 3623 244 3693 τῇ
274 3621 497 3693 πέμπτῃ
530 3622 925 3692 παραδεδόσθαι
951 3624 1045 3677 τὸν
1069 3625 1330 3696 Χριστὸν,
1374 3625 1516 3696 αὕτη
1563 3625 1712 3679 ἐστίν
1731 3644 1743 3656 ·

191 3711 279 3765 Ἐν
318 3714 385 3783 τῇ
427 3710 584 3766 νυκτὶ
678 3713 970 3786 παρεδόθη,
1000 3717 1058 3769 ἑν
1091 3716 1262 3789 ταύτῃ
1291 3717 1397 3772 ύπὺ
1421 3716 1532 3771 τῶν
1557 3718 1748 3790 ἀρχιε-

183 3803 316 3874 ρέων
349 3803 439 3857 καὶ
481 3804 871 3877 πρεσϐυτέρων
917 3808 1112 3878 ἐκρίθη
1163 3809 1258 3862 καὶ
1316 3799 1643 3881 κατεκρίθη·
1670 3809 1747 3881 τῷ

181 3894 319 3966 πρωῒ
358 3895 412 3949 δὲ
445 3896 692 3966 ἐχομένῳ
716 3897 815 3968 τῆς
843 3899 1036 3963 νυκτὸς
1062 3899 1265 3973 ταύτης
1296 3902 1618 3974 παρέδωκαν
1643 3903 1744 3956 αύ-

180 3989 266 4041 τδν
291 3988 363 4058 τῷ
390 3989 624 4060 Πιλάτῳ.
668 3990 755 4042 Ἐν
791 3982 825 4067 ᾖ
871 3990 927 4042 δὲ
955 3991 1140 4062 ἡμέρᾳ
1181 3993 1488 4064 Μρέλαὸεν
1529 3996 1692 4050 αὑτὸν
1717 3998 1746 4050 6

182 4080 416 4145 Πιλάτος,
446 4082 506 4134 ὲν
533 4081 705 4153 ταύτῃ
732 4082 894 4137 αὐτὸν
922 4085 1015 4138 καὶ
1044 4086 1384 4157 ὲσταύρωσε·
1419 4088 1744 4161 παραλαϐὼν

181 4171 235 4225 δὲ
259 4173 412 4226 αὐτὸν
437 4173 515 4245 τῷ
540 4162 683 4245 πρωῒ
706 4174 806 4244 τῆς
834 4176 1214 4248 Παρασηυῆς,
1241 4183 1307 4251 τῇ
1337 4180 1472 4253 ἕκτῃ
1497 4180 1617 4252 ὥρᾳ
1644 4181 1743 4253 τῆς

183 4264 340 4334 αὐτῆς
381 4266 738 4337 Παρασκευῆς
790 4267 1151 4340 ἐσταύρωσεν.
1203 4272 1277 4324 Ού
1319 4272 1423 4343 χρὴ
1473 4269 1567 4326 οὖν
1621 4276 1742 4336 ταῖς

185 4356 451 4427 γραφικῶς
490 4357 826 4438 ᾠρισμέναις
854 4357 1027 4432 ὥραις
1071 4363 1419 4434 προστιθέναι
1448 4364 1590 4419 κατὰ
1619 4382 1738 4417 στο-

186 4449 380 4519 χασμὸν
416 4449 480 4501 τὸ
514 4449 831 4503 ἀσύστατον.
879 4451 1016 4522 Φησὶ
1055 4452 1162 4524 γὰρ
1199 4454 1477 4520 Ματθαῖος
1503 4457 1530 4508 6
1558 4457 1737 4526 Εὐαγ-

1856 3258 2040 3300 rerum
2067 3252 2200 3298 tunc
2225 3252 2502 3318 gestarum
2535 3261 2763 3302 numero
2803 3249 3158 3319 conjicientes
3176 3245 3430 3322 ,ecquod

1857 3345 2240 3408 argumentum
2273 3346 2359 3393 est
2391 3338 2524 3405 diei,
2557 3355 2663 3408 qua
2691 3339 2836 3395 facta
2859 3338 3123 3397 traditio?

1923 3517 2124 3573 RESP.
2162 3518 2282 3575 Non
2315 3531 2534 3592 quarto,
2566 3521 2659 3593 sed
2685 3523 2877 3594 quinto
2904 3524 2992 3581 die
3012 3526 3272 3581 traditum
3303 3542 3429 3583 esse

1851 3597 2160 3668 Dominum‘
2181 3614 2263 3670 sic
2289 3599 2725 3671 demonstratur.
2757 3617 2817 3672 In
2849 3616 2958 3688 Qua
2991 3625 3151 3673 nocte
3189 3601 3426 3676 traditus

1848 3713 1963 3770 est,
1998 3704 2054 3757 iu
2090 3719 2154 3782 ea
2183 3719 2214 3758 a
2256 3705 2602 3776 principibus
2641 3708 2989 3763 sacerdotum
3019 3717 3074 3764 et
3109 3710 3428 3766 senioribus

1844 3793 2125 3865 judicatus
2167 3803 2222 3852 et
2251 3797 2651 3855 condemnatus
2686 3805 2804 3866 est;
2841 3813 3002 3855 mane
3024 3795 3209 3856 autem
3230 3843 3244 3868 ,
3276 3799 3439 3871 quod"

1849 3889 1990 3943 hanc
2019 3896 2236 3945 noctem
2271 3891 2627 3946 subsecutum
2667 3898 2780 3956 est,
2813 3891 3156 3947 tradiderunt
3182 3885 3304 3948 eiim
3328 3883 3426 3950 "Pi-

1848 3980 1978 4042 lato,
2012 3980 2129 4046 Qua
2157 3989 2341 4038 autem
2368 3982 2456 4038 die
2482 3983 2636 4037 illum
2663 3983 2876 4053 accepit
2899 3981 3129 4050 Pilatus,
3155 3975 3342 4039 eadem
3367 3992 3425 4041 et

1845 4073 2150 4140 cruciﬁxit;
2185 4089 2309 4128 cum
2341 4082 2523 4130 autem
2551 4075 2704 4129 illum
2740 4075 3019 4146 acceperit
3045 4090 3207 4132 mane
3250 4065 3421 4131 Para-

1845 4182 2067 4233 sceves,
2105 4175 2257 4222 sexta
2290 4167 2425 4222 hora
2460 4167 2706 4238 ejusdem
2745 4166 3098 4238 Para‘sceves’
3120 4167 3414 4225 eruci'ﬁxit.

1841 4255 1961 4313 Non
1991 4267 2204 4331 oportet
2224 4275 2355 4332 ergo
2381 4261 2531 4316 horis
2551 4275 2582 4314 a
2616 4260 2900 4331 Scriptura
2923 4259 3166 4319 deﬁnitis
3187 4261 3418 4318 diiﬂc‘ule

1842 4357 1983 4406 tates
2014 4352 2363 4422 conjicienda
2395 4351 2668 4422 aﬂingere,
2708 4368 2829 4424 quae
2857 4353 3104 4422 expediri
3136 4369 3247 4409 non
3283 4369 3417 4431 pos-

1840 4443 1968 4501 sint.
2003 4443 2096 4498 Sic
2126 4445 2269 4500 enim
2298 4444 2373 4498 ait
2404 4445 2690 4502 Matthzeus
2713 4444 3060 4523 Evangelista
3087 4465 3101 4500 :
3136 4444 3296 4499 Mane
3317 4463 3417 4510 αι-

186 4537 414 4608 γελιστὴς
440 4537 640 4602 οὕτως⁹
667 4542 896 4612 Πρωΐας
921 4540 988 4593 δὲ
1006 4542 1351 4619 γενομένης,
1375 4547 1736 4614 συμϐούλων

1855 4546 1942 4589 rem
1963 4536 2128 4604 facto,
2156 4537 2435 4591 consilium
2462 4539 2694 4591 inierunt
2725 4551 2904 4592 omnes
2941 4537 3201 4606 principes
3221 4528 3414 4590 sacer-

185 4631 384 4699 ἕλαὸον
426 4630 645 4697 πάντες
676 4635 730 4686 οὶ
777 4634 1072 4701 ἀρχιερεῖς
1113 4635 1209 4688 καὶ
1257 4638 1311 4688 οὶ
1355 4638 1741 4705 πρεσϐύτεροι

189 4722 285 4777 τοῦ
321 4723 468 4777 λαοῦ
509 4724 660 4781 κατὰ
686 4725 792 4778 τοῦ
834 4723 1053 4791 Ἰησοῦ,
1100 4725 1257 4792 ὅπως
1313 4727 1740 4783 θανατώσωσιν

187 4814 376 4867 αὐτόν·
405 4814 506 4867 καὶ
529 4814 826 4882 δήσαντες
852 4798 1407 4888 αὐτὸν,ἀὲιήγαγπον,
1446 4821 1544 4873 καί
1585 4837 1734 4889 παρ-

185 4904 389 4971 έδωκαν
461 4907 647 4960 αὑτὸν
702 4909 931 4971 Ποντίῳ
1002 4909 1236 4975 Πιλᾴτῳ
1291 4911 1373 4978 τῷ
1460 4915 1726 4984 ἡγεμόνι.

198 4997 444 5061 Ὡσαύτως
478 5000 534 5053 δὲ
563 5000 655 5053 καί
694 4985 944 5071 Ἰωάννης
996 5003 1025 5054 6
1077 5003 1482 5075 Εὑαγγελιστής
1535 5023 1728 5078 φησιν·

1837 4629 2023 4682 datum
2044 4669 2059 4693 ,
2091 4638 2140 4682 et
2168 4631 2397 4684 seniores
2424 4630 2607 4700 populi
2630 4670 2644 4694 ,
2678 4627 2928 4684 adversus
2956 4628 3142 4682 Iesum
3161 4670 3175 4697 ,
3208 4638 3266 4682 ut
3292 4645 3411 4683 eum

1837 4725 1996 4778 morti
2029 4724 2315 4788 traderent,
2346 4731 2397 4777 et
2423 4707 2656 4778 “vinctum
2684 4723 3188 4786 eum'abduxerunt,
3219 4732 3267 4776 et
3298 4723 3420 4774 ιηα

1835 4813 2083 4869 diderunt
2116 4805 2523 4869 Pontio'Piiato
2558 4813 2777 4885 prasidi
2812 4816 2880 4869 ⁸⁷.
2917 4812 3210 4880 Similiter“
3226 4820 3408 4867 autem

1833 4916 1892 4963 ει,
1915 4907 2157 4965 Joannes
2182 4907 2533 4979 Evangelista
2562 4909 2702 4963 dixit
2733 4928 2744 4963 :
2777 4906 2990 4961 Ducunt
3011 4905 3202 4960 Iesum
3223 4921 3258 4958 α
3282 4903 3407 4960 Cai-

1835 5000 1939 5069 pha
1971 5001 2029 5054 in
2057 5003 2395 5068 prwtorium;
2416 5011 2531 5054 erat
2562 5011 2737 5054 autem
2769 5016 2922 5054 mane
2950 4999 3030 5064 “;
3061 5002 3118 5052 et
3145 5011 3400 5052 rursum:

193 5092 410 5160 Ἀτουσι
431 5090 538 5146 τὸν
552 5093 785 5159 Ἰησοῦν
818 5092 936 5147 ἀπὸ
964 5094 1071 5148 τοῦ
1097 5095 1330 5164 Καῖάφα
1355 5100 1440 5164 εὶς
1471 5099 1534 5150 τὸ
1565 5114 1731 5167 πραι-

1855 5090 2048 5147 Pilatus
2079 5109 2200 5163 ergo
2229 5100 2347 5146 cum
2366 5092 2784 5152 audissethunc
2810 5104 3134 5155 smmum,
3152 5085 3403 5156 produxit

188 5185 392 5251 τώριον·
421 5180 500 5254 ἦν
539 5183 608 5238 δὲ
635 5187 800 5253 πρωῢ
851 5187 944 5239 καὶ
985 5187 1145 5240 πάλιν
1167 5204 1179 5218 ⁸
1226 5189 1278 5240 '0
1311 5189 1566 5259 Πιλάτος
1593 5189 1726 5256 οὖν,

1855 5185 1978 5239 'oras
2009 5183 2192 5253 Iesum
2215 5226 2231 5250 ,
2265 5185 2498 5254 seditque
2518 5200 2613 5254 pro
2645 5182 2925 5247 tribunali,
2945 5181 3000 5235 in
3017 5180 3129 5234 loco
3156 5179 3252 5248 qui
3275 5176 3405 5230 dici-

188 5277 426 5341 ἀκούσας
470 5279 697 5330 τούτων
741 5266 866 5330 τῶν(
921 5278 1134 5346 λόγων,
1187 5278 1413 5349 ἢγαγεν
1469 5279 1586 5345 ἐξω
1621 5283 1726 5336 τὸν

1855 5265 1917 5331 ιιν
1946 5277 2318 5335 LithostrotUs
2339 5317 2354 5344 ,
2400 5276 2672 5355 Hebraice.
2700 5287 2877 5330 autem
2924 5271 3229 5340 Gabbatha.
3267 5268 3401 5323 Erat

201 5368 421 5436 Ἰησοῦν,
443 5369 541 5422 καὶ
571 5367 849 5423 ἐκάθισεν
874 5368 971 5422 ἐπὶ
1002 5370 1105 5424 τοῦ
1128 5370 1402 5438 βήματος
1427 5373 1512 5436 είς
1540 5373 1724 5426 τόπον

1855 5371 2004 5426 uilem
2035 5372 2328 5428 Parasceve
2373 5370 2624 5437 Pascha,
2667 5373 2799 5424 hora
2848 5370 3011 5440 ferme
3050 5373 3200 5421 sexta
3223 5363 3290 5421 ⁸⁸.
3343 5362 3401 5418 Si

311 5548 554 5606 “Matth.
586 5567 680 5619 xu,
705 5554 790 5607 Η.
867 5550 908 5580 ⁸⁷
942 5551 1127 5605 Matth.
1171 5568 1340 5615 xxvii,
1374 5554 1423 5605 Ι.
1501 5554 1546 5584 ⁸⁸
1585 5553 1743 5607 Joan.

1855 5568 1927 5616 ut,
1968 5553 2058 5607 28.
2123 5554 2167 5586 ⁸⁹
2195 5553 2352 5610 Joan.
2397 5573 2509 5621 xu,
2548 5559 2630 5612 15.

255 5737 342 5805 (9‘2)
369 5729 671 5792 Δεικνύων.
699 5736 794 5792 νει
833 5739 1112 5811 legendum
1138 5739 1370 5794 δεικνύει
1412 5739 1497 5795 vel
1527 5741 1758 5808 subaudi

245 5807 388 5863 fertur
417 5809 482 5862 ad
515 5807 816 5863 superiora.

1855 5744 1975 5811 lum
1996 5745 2131 5810 ἐστὶ,
2164 5746 2446 5809 existimat.
2476 5744 2818 5817 Sylburgius.
2857 5741 2961 5796 Sed
3003 5737 3136 5794 ιιιυά
3170 5738 3394 5794 verbum

192 5823 388 5864 ιειειιιιι
417 5823 482 5862 au
515 5823 791 5878 superiora
801 5850 816 5862 .
