4146 6436
205 398 350 454 15ίὸ

912 393 1374 463 ΩΗᾹΞΒΤΙΟΝΕΒ
1411 395 1499 453 ΕΤ
1537 392 2061 475 RESPONSIONES
2093 392 2184 447 AD
2217 391 2704 455 OR'I‘HODOXOS.

3313 395 3454 452 1314

215 516 476 584 ωοιήσας,
513 513 635 568 ἐπεὶ
679 513 839 566 καλὸν
883 515 939 565 ὀ-
970 513 1132 578 Θεός;
1177 513 1240 564 Ei
1280 513 1336 566 δὲ
1378 513 1440 564 οὐ
1485 511 1742 588 φθονερὸς

1883 519 1968 566 est
1993 510 2175 576 Deus,
2214 523 2323 563 non
2355 507 2519 562 fecit?
2556 505 2714 572 Quod
2744 505 2791 562 si
2835 518 2948 558 non
2982 504 3235 572 invidus,
3267 513 3332 574 at,
3355 523 3452 588 po.

210 607 349 660 ἀλλὰ
414 607 668 670 ἀδύνατος
721 605 816 670 ὢν,
870 605 1027 659 τοῦτο
1089 607 1188 658 οῦκ
1243 606 1465 675 ἐποίησε
1516 605 1690 672 δυοῖν.
1720 646 1731 657 .
1761 646 1774 657 .

207 701 426 769 ἀνάγκη
458 699 552 771 (2).

296 791 689 844 ‘AIIOKPIXIE.
725 790 848 853 Τοῖς
892 787 1268 860 χαριζομένοις
1294 791 1406 852 τοῖς
1454 786 1777 861 πλησίον,ιᾶ

205 881 461 934 δύνανται
490 884 658 935 ποιεῖν
681 881 1062 952 ἧέπίστανται
1103 881 1263 934 καλά.
1300 880 1374 932 Τὸ
1409 878 1518 951 7&9
1551 879 1775 950 πλησίον

203 973 343 1025 Θεοῦ
382 974 444 1026 οὐ
487 973 674 1044 χρῄζει
715 971 848 1026 Θεοῦ
876 974 954 1036 είς
1009 974 1286 1042 παροχήν·
1336 972 1448 1042 ἕχει
1494 973 1604 1042 7&9
1639 972 1775 1042 πρὸς

203 1065 370 1117 αὑτὸν
400 1067 457 1116 ἐν
486 1065 654 1118 ἅπασι
685 1063 745 1116 τὸ
777 1065 907 1118 ίσον.
933 1065 1052 1116 Ἔτι
1077 1065 1133 1116 δὲ
1162 1066 1210 1116 εί
1241 1065 1394 1129 θεοὺς
1425 1064 1583 1135 μόνον
1603 1066 1773 1118 ἐποίει

201 1159 231 1209 6
262 1157 411 1218 Θεὸς,
440 1156 530 1209 τὸν
571 1156 770 1226 κόσμον
801 1158 899 1210 οὐκ
941 1155 1014 1208 ἂν
1050 1157 1242 1211 ἐποίει.
1287 1157 1622 1225 Ἀναγκαίως
1666 1157 1773 1228 7&9

199 1247 395 1318 χρῄζει
420 1249 449 1299 6
477 1239 678 1317 κόσμος
701 1247 808 1299 τῶν
838 1246 1017 1318 μερῶν
1057 1247 1162 1300 τῶν
1192 1247 1314 1302 καθ’
1347 1249 1645 1320 ὑπέρϐασιν
1678 1250 1773 1302 καὶ

199 1340 467 1393 ὑπόϐασιν
511 1338 709 1403 θέσεως
754 1340 824 1408 (3)
855 1338 1095 1409 ἀλλήλων
1136 1339 1514 1412 διαφερόντων.
1559 1343 1677 1394 Ἔτι
1715 1342 1770 1394 δὲ

197 1433 250 1484 εἰ
281 1433 387 1485 τῶν
414 1432 685 1486 ἀδυνάτων
711 1431 914 1500 γίνεται
950 1432 1119 1495 οὐδὲν,
1151 1432 1407 1490 ἀδύνατον
1433 1434 1490 1486 δέ
1523 1435 1770 1503 γενέσθαι

196 1522 333 1576 Θεόν
363 1523 631 1593 (άκτιστος
660 1522 767 1592 7&9
809 1523 902 1575 καὶ
941 1524 1198 1595 ἀποίητος
1227 1527 1256 1577 6
1285 1523 1436 1595 Θεός)
1456 1541 1470 1554 ο
1517 1525 1633 1588 πῶς
1669 1526 1770 1580 οὑκ

193 1615 347 1669 ἐστιν
382 1615 573 1684 ἄλογον
614 1617 735 1668 τότε
775 1615 950 1684 λέγειν
984 1616 1073 1669 τὸν
1101 1616 1233 1668 Θεὸν
1283 1616 1512 1686 ἄφθονον
1542 1616 1648 1687 (4),
1687 1618 1768 1672 ὅτι

192 1709 270 1762 τὰ
300 1709 372 1780 μὴ
404 1708 720 1778 ἐνδεχόμενα
750 1713 920 1774 ποιεῖς
953 1709 1070 1762 Ἔτι
1104 1709 1161 1763 δὲ
1192 1709 1352 1762 καλόν
1384 1711 1528 1762 ἐστιν
1558 1711 1586 1762 ό
1613 1709 1764 1774 Θεὸς,

190 1800 278 1853 ὅτι
307 1794 694 1881 ἄκτιστόςέστι
724 1801 816 1858 καὶ
845 1801 1067 1871 κτίστης
1086 1816 1098 1830 ·
1130 1801 1280 1853 οὐδὲν
1310 1800 1368 1853 δὲ
1391 1795 1506 1853 τῶν
1537 1801 1766 1854 κτιστῶν

1878 604 2052 660 tentia
2081 601 2380 662 destitutus
2408 602 2464 655 id
2497 615 2606 656 non
2654 597 2814 666 fecit;
2844 613 2913 654 ex
2951 596 3167 656 duobus
3194 598 3341 654 enim
3370 583 3453 654 aI-

1877 701 2146 756 terutrum
2175 693 2326 748 dictu
2353 693 2746 748 necessarium.

1941 786 2143 841 .RESP.
2175 785 2293 842 Non
2338 785 2536 842 similis
2577 793 2661 840 est
2695 783 3188 842 Deus.hominibus
3225 796 3290 839 ea
3319 797 3454 854 pro-

1874 877 2507 950 ximogratiﬁcantihus,
2529 893 2652 948 qua
2683 883 2914 950 possunt
2947 883 3042 931 aut
3071 876 3257 932 sciunt
3287 875 3452 932 bene.

1875 972 2076 1028 facere.
2117 971 2252 1026 Nam
2273 971 2433 1042 quod
2476 972 2786 1050 proximum
2819 968 2914 1024 Dei
2947 975 3060 1032 est,
3087 983 3204 1032 non
3243 967 3452 1037 indiget

1877 1065 1986 1128 Deo
2019 1065 2088 1120 ad
2125 1064 2448 1120 beneﬁcium
2487 1063 2904 1134 accipiendum;
2941 1061 3108 1135 habet
3133 1060 3282 1116 enim
3322 1075 3449 1116 cum

1873 1175 1938 1215 eo
1970 1160 2025 1215 in
2069 1158 2752 1228 omnibusaaqualitatem.
2789 1154 2996 1210 Deinde
3042 1169 3173 1212 vero
3218 1154 3266 1209 si
3315 1153 3449 1213 deos

1873 1259 2082 1306 tantum
2125 1249 2346 1306 fecisset
2391 1243 2555 1312 Deus,
2602 1248 2866 1303 mundum
2901 1245 3284 1306 nonl‘ecisset.
3319 1244 3448 1300 Om-

1872 1345 2002 1401 nino
2024 1345 2168 1402 enim
2197 1343 2404 1414 indiget
2432 1342 2671 1398 mundus
2697 1341 2966 1412 partibus,
2995 1354 3118 1409 qua:
3139 1339 3337 1394 altiore
3362 1340 3447 1393 vel

1871 1435 2129 1492 inferiore
2158 1435 2328 1505 gradu
2360 1449 2390 1487 a
2416 1450 2473 1489 se
2500 1434 2734 1490 invicem
2769 1439 3154 1503 secernantur.
3177 1430 3444 1494 Praeterea

1870 1528 1920 1591 si.
1952 1527 2292 1596 impossibile
2322 1526 2460 1580 nihil
2505 1525 2593 1589 lit,
2638 1524 2981 1596 impossibile
3027 1530 3211 1580 autem
3254 1531 3342 1579 est
3386 1531 3446 1592 ut

1869 1619 1962 1673 ﬁat
1993 1618 2135 1674 Deus
2170 1618 2469 1688 (increatus
2497 1617 2649 1673 enim
2673 1623 2730 1672 et
2767 1615 3006 1673 infectus
3039 1615 3228 1692 Deus),
3259 1631 3443 1672 nomne

1868 1725 1898 1764 a
1924 1711 2155 1767 ratione;
2178 1709 2415 1764 alienum
2450 1717 2536 1764 est
2569 1707 2737 1764 Deum
2783 1707 3028 1763 invidum
3067 1706 3273 1782 dicere,
3310 1709 3441 1778 quia

1867 1799 2233 1878 impossibilia
2268 1817 2380 1856 non
2410 1799 2574 1856 fecit?
2606 1798 2850 1872 Denique
2894 1800 3100 1857 bonum
3148 1807 3234 1854 est
3273 1795 3441 1864 Deus,

191 1893 318 1944 κατ’
363 1891 550 1944 οὐσίαν
609 1892 828 1945 δύναται
882 1891 1133 1961 γενέσθαι
1189 1893 1467 1961 ἄκτιστον,
1524 1894 1761 1946 τουτέστι

1867 1896 1994 1964 quia
2022 1895 2302 1949 increatus
2321 1905 2404 1950 est
2429 1905 2483 1949 et
2507 1901 2753 1962 creator;
2778 1894 2913 1948 nihil
2931 1904 3124 1950 autem
3142 1909 3217 1948 ex
3240 1893 3445 1948 creatis

190 1983 344 2044 Θεὸς.
377 1984 558 2036 Ἔοικε
595 1983 650 2038 δὲ
680 1983 817 2053 αῦτη
848 1986 879 2054 ἡ
915 1984 1176 2056 ἐρώτησις
1220 1984 1297 2055 τῷ
1335 1985 1542 2054 λέγοντι
1583 1984 1758 2055 λόγῳο

192 2074 373 2138 Καλός
401 2077 545 2128 ἐστιν
574 2077 602 2128 6
630 2076 902 2146 ὀφθαλμὸς
932 2077 1026 2129 καὶ
1053 2078 1377 2148 τιμιώτερος
1418 2077 1525 2129 τῶν
1553 2078 1727 2132 ποδῶν
1746 2096 1761 2111 ο

187 2167 307 2220 ἀλλ’
339 2167 648 2236 είηᾶφθονόςη
668 2170 814 2221 ἐστιν
834 2170 861 2220 ὁ
888 2167 1041 2233 Θεὸς,
1064 2169 1152 2223 διὰ
1175 2170 1228 2222 τί
1257 2172 1356 2223 οὐκ
1386 2171 1610 2242 ἐποίησε
1637 2173 1762 2236 τοὺς

187 2258 360 2322 πόδας
404 2256 749 2328 όφθαλμούς;
793 2260 1024 2328 Συνάγει
1064 2257 1174 2333 γὰρ
1209 2263 1303 2315 καὶ
1344 2263 1374 2313 6
1414 2261 1568 2330 λόγος
1609 2256 1763 2327 οὗτος

186 2351 300 2421 τὴν
335 2352 501 2422 αὐτὴν
549 2351 737 2420 ἄλογον
787 2353 1047 2417 ἀτοπίαν,
1091 2353 1152 2406 τὸ
1194 2353 1228 2426 ἢ
1273 2354 1363 2408 διὰ
1401 2355 1592 2424 φθόνον
1627 2355 1660 2426 ἢ
1693 2355 1764 2409 δι’

185 2443 491 2514 ἀδυναμίαν
532 2445 605 2516 μὴ
643 2445 994 2516 πεποιηκέναι
1040 2445 1132 2499 τὸν
1175 2446 1307 2500 Θεὸν
1353 2447 1517 2512 πόδας
1569 2448 1764 2518 ὀφθαλ-

190 2552 349 2603 μους.

275 2711 621 2763 ἘΡΩΤΗΣΙΣ
653 2712 767 2765 Ol".
796 2713 858 2765 Εί
885 2713 1005 2766 τότε
1025 2715 1087 2767 τὸ
1106 2715 1268 2768 καλὸν
1302 2715 1548 2785 φαίνεται
1577 2717 1756 2785 καλὸν,

183 2804 278 2854 ὅτε
310 2805 652 2874 συγκρίνεται
683 2805 760 2874 τῷ
793 2805 967 2876 κακῷ,
998 2808 1158 2861 καλὸν
1198 2809 1253 2862 δὲ
1282 2811 1310 2862 6
1346 2812 1565 2882 κόσμος,
1605 2812 1762 2882 δῆλον

183 2896 272 2948 ὃτι
303 2896 467 2948 κακὸν
496 2898 524 2948 6
555 2897 629 2969 μὴ
657 2900 878 2968 κόσμος,
901 2901 1142 2953 τουτέστι
1176 2901 1236 2955 τὸ
1264 2903 1370 2973 πρὸ
1397 2904 1622 2974 κόσμου.
1654 2907 1763 2960 Καὶ

184 2990 238 3041 εὶ
280 2991 375 3059 μὲν
409 2991 689 3062 ἀμφότερα
732 2994 795 3044 ἐκ
826 2992 980 3059 Θεοῦ,
1011 2995 1252 3048 τουτέστι
1297 2995 1358 3047 τὸ
1403 2997 1508 3068 πρὸ
1557 2999 1759 3068 κόσμου

185 3084 283 3135 καὶ
311 3084 339 3133 6
367 3084 598 3153 κόσμος,
636 3085 753 3149 πῶς
786 3086 882 3156 οὐχ
929 3086 1162 3158 ἑκάτερα
1201 3087 1260 3151 ἐξ
1292 3088 1478 3151 αὐτοῦ,
1517 3091 1761 3148 τουτέστι

1864 1999 2040 2057 potest
2085 1989 2324 2043 essentia
2359 1987 2475 2042 ﬁeri
2527 1987 2874 2054 increatum,
2918 1985 2987 2044 id
3015 1996 3099 2041 est
3137 1985 3301 2040 Deus.
3349 1983 3444 2037 Vi-

1862 2080 2023 2135 detur
2051 2087 2233 2136 autem
2269 2081 2384 2136 haec
2424 2079 2784 2150 interrogatio
2812 2078 3014 2134 similis
3041 2093 3164 2134 esse
3191 2077 3321 2131 huic
3356 2092 3442 2131 ra-

1863 2173 2204 2227 tiocinationi
2231 2192 2243 2227 :
2275 2171 2580 2227 Prmelarus
2616 2181 2702 2228 est
2726 2171 2926 2226 oculus
2949 2181 3004 2227 et
3033 2170 3322 2241 pretiosior
3348 2185 3443 2239 pe-

1863 2262 2052 2332 dibus;
2098 2265 2192 2326 sed
2237 2265 2285 2320 si
2323 2264 2466 2319 Deus
2513 2262 2732 2320 invidus
2763 2277 2874 2318 non
2905 2269 3025 2327 est,
3067 2277 3240 2332 quare
3276 2262 3447 2333 pedes

1863 2371 1971 2412 non
2005 2355 2129 2411 fecit
2160 2356 2383 2410 oculos?
2421 2354 2557 2408 Nam
2589 2363 2642 2410 et
2671 2355 2785 2408 hac
2816 2354 3166 2410 ratiocinatio
3195 2353 3443 2408 eamdem

1864 2465 1894 2502 a
1921 2450 2132 2503 ratione
2149 2449 2379 2503 alienam
2404 2448 2796 2504 absurditatem
2816 2447 2921 2504 sibi
2953 2447 3198 2512 ascribit,
3223 2461 3439 2516 nempe,

1862 2529 1947 2597 vel
1996 2543 2066 2597 ob
2109 2541 2370 2597 invidiam
2404 2541 2486 2597 vel
2533 2539 2604 2596 ob
2637 2541 2896 2610 potentia:
2944 2541 3231 2610 penuriam
3276 2541 3445 2611 pedes

1862 2634 2012 2690 Deus
2035 2636 2226 2690 oculos
2253 2650 2365 2688 non
2399 2634 2548 2689 fecit.

1933 2725 2212 2793 QUEST.
2263 2724 2495 2781 LXXIII.
2543 2726 2601 2782 Si
2645 2727 2855 2780 bonum.
2891 2735 3023 2781 tunc
3067 2736 3293 2797 apparet
3338 2728 3441 2783 bo-

1862 2824 2012 2886 num,
2046 2819 2265 2891 quando
2315 2819 2595 2875 confertur
2633 2835 2757 2879 cum
2808 2822 2972 2886 malo,
3012 2821 3214 2878 bonum
3256 2829 3439 2877 autem

1862 2913 2132 2981 mundus,
2175 2912 2348 2983 liquet
2378 2919 2581 2967 malum
2614 2929 2736 2970 esse
2765 2929 2876 2967 non
2924 2914 3210 2978 mundum,
3266 2905 3320 2968 id
3358 2926 3443 2969 est

1861 3008 1916 3062 id
1963 3006 2108 3078 quod
2173 3015 2300 3061 ante
2355 3005 2640 3060 mundum.
2703 3005 2860 3073 Quod
2925 3005 2974 3061 si
3030 3015 3323 3076 utrumque
3374 3020 3441 3061 ex

1866 3100 1993 3165 Deo,
2025 3101 2077 3155 id
2109 3110 2196 3155 est
2221 3099 2368 3172 quod
2404 3107 2530 3154 ante
2583 3099 2848 3154 mundum
2891 3107 2945 3154 et
3000 3097 3271 3167 mundus,
3302 3113 3440 3170 quo-

181 3175 249 3227 τὸ
280 3177 441 3229 καλὸν
470 3179 562 3230 καὶ
605 3178 665 3230 τὸ
697 3177 927 3246 φαῦλον;
975 3179 1039 3231 Et
1078 3179 1134 3232 δὲ
1174 3178 1399 3250 θάτερον
1438 3181 1534 3251 μὲν
1575 3181 1636 3246 ἐξ
1664 3183 1760 3236 αὐ-

1863 3193 2023 3249 nodo
2051 3208 2162 3247 non
2206 3199 2502 3263 utrumque
2546 3208 2612 3247 ex
2647 3208 2732 3259 eo,
2776 3192 2830 3247 id
2864 3203 2950 3249 est
2989 3192 3194 3247 bonum
3234 3200 3288 3247 et
3323 3206 3440 3248 ma-

181 3266 304 3329 τοῦ,
334 3268 516 3339 ἕτερον
541 3269 597 3325 δὲ
625 3271 724 3322 οὑκ
757 3269 813 3336 ἐξ
843 3270 1028 3333 αὑτοῦ,
1062 3269 1178 3334 πῶς
1205 3273 1305 3324 οὐκ
1335 3271 1478 3324 ἐστιν
1517 3275 1755 3345 αὐτόμα-

1863 3286 2004 3340 lum?
2039 3283 2194 3351 Quod
2235 3284 2280 3340 si
2324 3284 2550 3339 alterum
2578 3299 2646 3338 ex
2674 3299 2761 3348 eo,
2798 3285 3030 3339 alterum
3066 3297 3193 3339 vero
3233 3297 3442 3353 nequa-

181 3377 278 3412 τον
319 3360 412 3413 καὶ
447 3361 519 3431 μὴ
554 3361 646 3413 ὑπ’
680 3361 842 3413 αὑτὸν
867 3362 928 3414 τὸ
960 3361 1034 3432 μὴ
1067 3361 1126 3426 ἐξ
1155 3363 1355 3428 αὑτοῦ;
1389 3363 1513 3429 Πῶς
1552 3365 1608 3417 δὲ
1636 3366 1759 3437 άλη-

183 3451 334 3505 θεύει
363 3453 391 3503 ὁ
417 3453 608 3520 λέγων,
637 3454 718 3506 ὅτι
750 3453 844 3520 Ἐξ
870 3455 1055 3508 αὐτοῦ
1079 3454 1152 3508 τὰ
1179 3455 1405 3519 πάν-τίη
1433 3457 1490 3510 ἐν
1514 3457 1620 3529 7&9
1646 3463 1760 3524 τοῖς

184 3547 321 3598 πᾶσι
356 3547 446 3598 καὶ
475 3545 541 3598 τὰ
585 3544 771 3617 πρώην
801 3547 901 3598 οὐκ
945 3545 1093 3608 ὄντα,
1126 3549 1218 3601 καὶ
1248 3549 1314 3602 τὰ
1343 3549 1436 3602 νῦν
1463 3550 1589 3603 ὄντα
1609 3591 1622 3614 ,
1661 3568 1758 3605 πεο

185 3637 446 3707 ριέχεται.

269 3815 665 3871 ἈΠΟΚΡΙΣΙΣ.
711 3818 784 3871 Τὸ
823 3819 990 3871 κακὸν
1034 3817 1185 3873 οὐδὲν
1215 3819 1399 3892 ἔτερόν
1443 3825 1556 3877 ἐστι
1606 3827 1757 3896 παρὰ

181 3904 280 3975 τὴν
313 3907 579 3977 ἐκτροπὴν
606 3909 699 3961 τοῦ
728 3906 925 3960 καλοῦο
957 3907 1036 3959 διὸ
1070 3907 1291 3980 ὕστερόν
1323 3914 1436 3965 ἐστι
1467 3914 1559 3967 τοῦ
1590 3915 1755 3969 καλοῦ

182 3997 243 4047 τὸ
274 3997 438 4049 κακόν
457 4015 469 4026 ·
502 3997 742 4068 ἐκτροπή
777 3999 884 4070 γάρ
917 4001 1032 4052 ἐστι
1060 4001 1152 4054 τοῦ
1183 4004 1369 4057 καλοῦ.
1413 4007 1569 4061 Ἀλλὰ
1599 4008 1756 4061 τοῦτο

181 4090 338 4160 δῆλον
369 4093 449 4145 ὅτι
479 4093 577 4145 οὐκ
609 4095 671 4145 ἐκ
692 4095 790 4163 τῆς
819 4096 1153 4167 συγκρίσεως
1181 4097 1275 4150 τοῦ
1301 4100 1473 4153 κακοῦ
1503 4102 1561 4154 τὸ
1593 4101 1754 4155 καλὸν

183 4183 428 4249 φαίνεται
470 4183 653 4248 καλὸν,
687 4185 802 4238 ἀλλ’
840 4188 904 4240 ἐκ
944 4190 1044 4260 τῆς
1085 4189 1293 4254 οἰκείας
1324 4191 1554 4260 φύσεως.
1587 4193 1659 4246 T6
1699 4195 1755 4248 δὲ

183 4274 288 4344 πρὸ
321 4273 413 4327 τοῦ
452 4277 657 4346 κόσμου
701 4277 775 4348 μὴ
803 4279 861 4332 ὂν
889 4281 1071 4355 πάντη
1099 4283 1174 4354 μὴ
1211 4279 1278 4354 ἦν
1307 4284 1404 4356 (5),
1435 4284 1557 4338 οὔτε
1595 4286 1756 4347 καλὸν

178 4358 248 4433 ἦν
278 4363 399 4418 οὕτε
429 4369 596 4420 κακόν
617 4385 628 4397 ο
661 4368 740 4422 διὸ
772 4370 848 4440 τῷ
891 4371 1032 4426 οῦτω
1079 4375 1152 4446 μὴ
1199 4375 1310 4430 ὄντι
1341 4378 1491 4431 οὐδὲν
1534 4380 1757 4450 συγκρί-

181 4471 346 4507 νεται.
377 4457 497 4513 Ἔτι
525 4458 579 4511 δὲ
608 4459 668 4511 τὸ
699 4462 875 4534 πάντη
913 4463 985 4534 μὴ
1016 4463 1074 4517 ὂν
1101 4465 1225 4520 οὗτε
1256 4469 1320 4521 ἐκ
1340 4468 1433 4521 τοῦ
1454 4469 1610 4534 Θεοῦ,
1631 4470 1753 4524 οὔτε

182 4547 241 4612 ἐξ
268 4549 446 4612 ἄλλου,
477 4548 598 4603 οὔτε
641 4554 942 4626 αὐτόματόν
970 4559 1101 4610 ἐστι.
1140 4560 1254 4630 Πρὸ
1301 4560 1394 4614 τοῦ
1423 4562 1628 4633 κόσμου
1658 4559 1752 4616 οὖν

181 4639 328 4692 οὐδὲν
367 4641 550 4712 ἕτερον
595 4643 732 4715 πλὴν
768 4645 902 4698 Θεοῦ
932 4643 1030 4718 ἦν’
1062 4650 1237 4704 τοίνυν
1281 4653 1381 4723 τῆς
1415 4656 1748 4726 συγκρίσεως
1782 4661 1824 4714 D

179 4733 284 4786 τῶν
309 4735 478 4788 ὄντων
505 4736 667 4808 οὔσης
701 4738 833 4808 πρὸς
863 4739 930 4792 τὰ
954 4740 1100 4805 ὄντα,
1130 4745 1229 4798 οὐκ
1264 4746 1373 4814 ἄρα
1406 4748 1754 4816 συγκρίνεται

178 4825 207 4876 6
234 4826 436 4896 κόσμος
465 4827 540 4899 τῷ
576 4829 649 4900 μὴ
683 4832 892 4902 κόσμῳ,
919 4833 1037 4886 οὐδὲ
1064 4836 1122 4886 ἐν
1152 4835 1231 4907 τῷ
1270 4837 1462 4909 κόσμῳ
1502 4840 1744 4910 περιέχε-

178 4933 266 4970 ται
293 4919 352 4970 τὸ
383 4920 457 4990 μὴ
488 4921 707 4992 κόσμος.
749 4925 821 4977 Τὸ
855 4925 962 4998 γάρ
997 4927 1072 4998 μὴ
1103 4929 1306 4999 κόσμος
1334 4930 1484 4984 οὐδέν
1513 4935 1626 4985 ἐστι
1646 4951 1658 4963 ”
1691 4934 1751 4987 τὸ

178 5010 232 5063 δὲ
263 5014 647 5084 περιεχόμενόν
678 5016 795 5069 ἐστὶ
822 5018 896 5073 τί.
933 5019 1041 5072 Καὶ
1069 5020 1154 5072 ὅτε
1183 5019 1414 5093 λέγομεν
1441 5025 1504 5076 ἐκ
1533 5024 1624 5078 τοῦ
1673 5026 1747 5097 μὴ

248 5255 292 5286 ⁷⁸
319 5253 477 5310 Rom.
504 5273 582 5322 xl,
613 5259 702 5314 56.

251 5460 328 5530 (2)
360 5461 535 5517 Δυοῐν
560 5463 809 5535 ᾴνάγκη.
842 5463 978 5518 Cum
1028 5467 1218 5535 paucis
1243 5466 1564 5535 supplendis
1613 5485 1739 5524 sen-

179 5546 296 5609 sum
327 5533 671 5588 commodum
703 5533 1277 5609 habeamus—necesse
1301 5533 1408 5591 neu
1438 5547 1520 5593 est
1551 5541 1741 5609 longas

179 5602 430 5681 ambages
471 5605 742 5681 persequi.
775 5605 864 5681 Sic
905 5621 1036 5681 ergo
1067 5608 1282 5681 videtur
1330 5609 1522 5662 lacuna
1556 5602 1742 5666 emén-

178 5670 294 5724 dari
327 5670 488 5753 posse
509 5694 538 5753 ⁸ε
567 5670 722 5753 ῥυοίν
753 5676 861 5746 γὰρ
907 5670 1148 5753 θάτερον
1181 5679 1359 5753 λέγειν
1404 5681 1637 5753 ἀνάγκη.
1678 5681 1740 5753 Et

179 5756 296 5863 meo:
322 5744 720 5867 igeipienda
748 5744 1062 5817 responsio}
1087 5751 1198 5820 Οὐχ
1216 5744 1397 5820 ὅμοιος
1413 5744 1741 5826 τοίςὰνθρὼ-

179 5826 295 5873 ποις
322 5826 349 5865 ο
374 5826 518 5877 Θεος.

1859 3393 2054 3449 quam,
2099 3377 2375 3447 quomodo
2420 3391 2531 3431 non
2578 3376 2804 3431 fortuito
2850 3384 2935 3430 est
2980 3391 3045 3429 ac
3091 3389 3439 3446 nequaquam

1860 3471 1965 3527 sub
1992 3487 2056 3526 eo
2092 3470 2144 3524 id
2175 3469 2321 3540 quod
2363 3484 2431 3524 ex
2461 3469 2582 3540 ipso
2610 3483 2720 3523 non
2762 3471 2882 3523 est?
2921 3469 3208 3534 Quomodo
3254 3477 3439 3525 autem

1860 3581 2047 3621 verum
2078 3563 2208 3618 dicit
2239 3565 2333 3634 qui
2363 3561 2475 3616 ait:
2511 3561 2599 3616 Em
2621 3563 2735 3630 ipso
2771 3561 3050 3615 omnia"?
3077 3559 3131 3613 In
3181 3562 3438 3616 omnibus

1858 3657 2002 3711 enim
2029 3663 2082 3710 et
2110 3671 2230 3726 qua:
2251 3663 2376 3709 ante
2403 3669 2512 3710 non
2541 3662 2726 3720 erant,-
2749 3662 2804 3709 et
2831 3669 2952 3724 qua:
2979 3667 3123 3706 nunc
3151 3660 3279 3707 sunt
3313 3669 3437 3708 con.

1858 3749 2120 3803 tinentur.

1930 3840 2127 3898 BESP.
2162 3841 2361 3896 Malum
2409 3840 2545 3895 nihil
2587 3839 2734 3894 aliud
2777 3846 2860 3895 est
2907 3853 3071 3909 quam
3121 3838 3440 3908 depravatio

1857 3934 1986 3988 boni
2021 3955 2032 3989 :
2075 3950 2244 4004 quare
2277 3935 2421 3988 bono
2451 3932 2729 4003 posterius
2757 3940 2841 3986 est
2879 3933 3114 3997 malum,
3159 3937 3244 3985 est
3287 3930 3435 3984 enim

1857 4027 1987 4082 boni
2029 4026 2364 4096 depravatio.
2405 4025 2474 4079 At
2522 4025 2656 4080 illud
2692 4024 3042 4080 manifestum
3073 4031 3158 4078 est
3204 4038 3313 4077 non
3363 4037 3430 4077 ex

1857 4120 1984 4174 mali
2015 4118 2423 4189 comparatione
2454 4118 2658 4172 bonum
2688 4131 2948 4187 apparere
2976 4115 3200 4179 bonum,
3235 4114 3332 4169 sed
3365 4129 3432 4168 ex

1857 4211 2076 4282 pmpria
2127 4221 2343 4264 natura.
2395 4209 2552 4276 Quod
2604 4216 2787 4262 autem
2837 4215 2964 4261 ante
3012 4206 3273 4261 mundum
3320 4220 3433 4258 non

1856 4311 1996 4370 erat,
2023 4303 2076 4358 id
2107 4319 2232 4358 cum
2261 4304 2485 4358 omnino
2521 4316 2630 4358 non
2660 4310 2827 4366 esset,
2873 4316 3050 4371 neque
3077 4301 3282 4355 bonum
3312 4307 3432 4354 erat

1857 4410 2034 4466 neque
2070 4397 2310 4463 malum;
2344 4409 2514 4465 quare
2553 4409 2676 4448 cum
2725 4409 2810 4461 eo,
2851 4393 2998 4464 quod
3033 4407 3143 4447 non
3185 4407 3306 4447 esse
3354 4391 3432 4444 ita

1857 4496 2095 4553 constat,
2129 4489 2267 4542 nihil
2310 4494 2680 4557 comparatur.
2728 4485 2932 4540 Deinde
2961 4500 3089 4539 vero
3118 4483 3262 4554 quod
3307 4497 3428 4536 om-

1859 4582 1988 4636 nino
2019 4597 2131 4636 non
2177 4589 2284 4645 est,
2327 4595 2504 4649 neque
2541 4595 2608 4634 ex
2643 4579 2753 4633 Deo
2786 4587 2907 4642 est,
2952 4594 3127 4648 neque
3174 4594 3242 4632 ex
3295 4576 3428 4640 alio,

1854 4691 2032 4745 neque
2087 4674 2331 4728 fortuito.
2376 4672 2516 4727 Ante
2565 4671 2828 4726 mundum
2874 4671 3037 4741 igitur
3078 4670 3242 4743 469
3289 4669 3430 4724 nihil

1855 4768 2002 4821 aliud
2019 4774 2134 4822 erat
2151 4773 2347 4835 praeter
2379 4763 2579 4831 Deum;
2605 4771 2796 4819 etcum
2825 4777 2889 4816 ea
2918 4778 3036 4833 quae
3059 4771 3186 4824 sunt
3219 4776 3340 4816 cum
3359 4763 3428 4817 iis

1854 4875 1974 4930 qua:
1995 4866 2122 4914 sunt
2139 4865 2545 4928 comparentur,
2566 4870 2906 4927 nequaquam
2929 4853 3176 4925 profecto
3206 4869 3426 4924 compa-

1852 4960 2005 5004 ratur
2035 4949 2272 5004 mundus
2317 4965 2442 5004 cum
2479 4965 2586 5004 non
2621 4947 2850 5011 mundo,
2881 4963 2980 5001 nec
3009 4945 3214 5000 mundo
3254 4947 3427 5000 conti-

1854 5050 2015 5098 netur
2040 5057 2150 5097 non
2196 5042 2458 5100 mundus.
2485 5041 2620 5096 Nam
2653 5057 2762 5096 non
2793 5041 3032 5096 mundus
3062 5039 3231 5106 nihil;
3278 5038 3428 5108 quod

1918 5471 1994 5540 (5)
2038 5473 2363 5544 Ὑπόσασιν
2407 5471 2647 5544 θέσεως.
2695 5472 2832 5529 Rob.
2883 5473 3193 5544 Stephanus
3228 5482 3281 5528 et
3331 5489 3425 5528 co-

1843 5539 1997 5616 dices
2028 5557 2162 5616 mss.
2188 5543 2398 5616 θυσίαςΣ
2429 5539 2750 5616 Emendavit
2787 5539 3132 5616 Sylbur'gius.

1921 5612 1997 5682 (4)
2037 5613 2341 5680 Ἀφθονον.
2376 5611 2528 5680 Legit
2558 5613 2776 5686 Langus
2823 5611 3084 5686 ξρθονερὸν
3110 5617 3212 5679 ὅτι,
3246 5630 3422 5685 neque

1846 5683 2004 5756 aliter
2037 5698 2233 5756 sensus
2264 5691 2518 5756 constare
2552 5683 2744 5756 possit.

1919 5753 1996 5835 (β)
2041 5753 2241 5835 II,de
2282 5754 2368 5835 μὴ
2414 5753 2510 5835 ἦν.
2553 5753 2665 5817 ⁷510,
2705 5757 3168 5813 Claromontanus
3222 5755 3414 5812 codex.

1847 5822 1990 5881 Editi
2022 5825 2197 5896 πάντη
2237 5822 2310 5896 μὴ
2344 5825 2403 5879 ὃν
2429 5822 2543 5896 ἦν..
