4146 6444
157 408 183 460 1
194 406 295 464 3H

888 395 1350 465 QUIESTIONES
1382 396 1467 450 ET
1506 392 2028 451 RESPONSIONES
2067 392 2157 450 AD
2190 388 2673 448 ORTHODOXOS.

3268 390 3407 448 1518
3451 426 3456 431 -

154 515 300 590 μετά
323 511 420 568 τοῦ
443 512 694 583 σώματος
716 511 1069 576 κατάστασιν,
1094 510 1298 581 ταύτην
1330 509 1509 581 ἔχουσι
1529 509 1622 562 καὶ
1645 527 1732 579 με·

1837 522 2082 577 corpore,
2117 504 2365 561 eumdem
2397 506 2565 559 etiam
2604 502 2808 559 habent
2837 516 2961 556 cum
2993 517 3023 556 e
3056 514 3285 572 corpore
3306 510 3410 561 nii-

151 609 223 662 τά
263 606 360 678 τὴν
389 604 636 659 ἐντεῦθεν
669 603 775 657 ἀπὸ
807 601 902 656 τοῦ
949 601 1199 671 σώματος
1226 601 1421 666 ἔξοδον.
1473 599 1732 654 Ἐνταῦθα

154 703 257 772 μὲν
290 701 396 771 γὰρ
428 698 497 750 τά
523 699 621 766 τῆς
662 694 906 758 ὲνώσεως
959 695 1136 748 πάντα
1172 693 1327 747 κοινά
1383 694 1617 766 ὑπάρχει
1662 692 1734 744 δι-

151 793 328 846 καίων
371 809 431 843 τε
472 791 566 842 καὶ
604 786 823 851 ἀδίκων,
873 787 966 840 καὶ
1014 785 1235 856 οὐδεμία
1281 785 1426 837 ἐστὶν
1461 788 1518 837 ὲν
1549 785 1731 847 αὐτοῖς

148 882 388 953 διαφορά
429 879 569 934 κατά
621 878 804 931 τοῦτο·
855 871 964 928 οἷον
1003 876 1064 929 τὸ
1101 875 1350 943 γενέσθαι
1385 874 1570 928 καὶτὸ
1596 859 1732 927 ἀπο-

151 974 429 1044 θνήσκειν,
487 971 580 1024 καὶ
622 970 685 1023 τὸ
731 968 991 1036 ὑγιαίνειν
1036 968 1129 1020 καὶ⁸
1175 965 1236 1018 τὸ
1277 969 1470 1030 νοσεῖν,
1530 970 1626 1018 καὶ
1671 965 1732 1017 τὸ

154 1060 405 1114 πλουτεῖν
452 1060 638 1112 καὶτὸ
683 1057 959 1121 πένεσθαι,
1002 1055 1096 1110 κα)⁵
1138 1056 1206 1108 τὰ
1251 1055 1383 1108 ἀλλα
1423 1054 1493 1108 τὰ
1523 1054 1733 1118 τούτοις

157 1137 561 1222 ὅμοιαίΜετά
587 1151 643 1202 δὲ
672 1149 770 1220 τὴν
808 1150 874 1201 ὲκ
910 1146 1005 1200 τοῦ
1049 1146 1305 1217 σώματος
1353 1144 1528 1210 ἔξοδον
1573 1145 1732 1210 εὐθὺς

159 1239 370 1308 γίνεται
426 1238 534 1291 τῶν
587 1237 809 1290 δικαίων
849 1255 908 1290 τε
971 1237 1092 1289 καὶ,
1124 1236 1321 1310 ἀδίκων
1376 1238 1409 1306 ἡ
1458 1235 1728 1308 διαστολή.

159 1333 418 1398 Ἀγονται
473 1328 580 1402 γὰρ
621 1329 725 1381 ὑπὸ
763 1327 868 1380 τῶν
918 1327 1162 1394 ἀγγέλων
1201 1328 1280 1389 εἰς
1326 1325 1508 1390 ἀξίους
1555 1326 1733 1379 αὐτῶν

153 1423 356 1485 τόπους
372 1441 385 1452 ο
409 1424 465 1475 αἱ
493 1422 591 1492 μὲν
614 1421 718 1473 τῶν
738 1419 957 1473 δικαίων
989 1416 1156 1489 ψυχαὶ
1182 1415 1263 1481 είς
1277 1419 1368 1471 τὸν
1387 1420 1731 1490 παράδεισον,

152 1516 283 1568 ἔνθα
310 1515 563 1585 συντυχία
583 1532 640 1566 τε
659 1513 752 1566 καὶ
769 1512 865 1566 θέα
889 1511 1133 1579 ἀγγέλων
1151 1527 1212 1562 τε
1232 1512 1324 1563 καὶ
1347 1510 1698 1582 ἀρχαγγέλων
1716 1550 1730 1572 ,

152 1606 277 1658 κατ’
309 1605 570 1657 ὀπτασίαν
594 1603 706 1675 (11)
736 1603 792 1656 δὲ
808 1603 901 1656 καὶ
925 1602 1018 1657 τοῦ
1049 1601 1298 1672 Σωτῆρος
1326 1601 1559 1672 Χριστοῦ
1593 1602 1734 1654 κατὰ

151 1697 217 1750 τὸ
249 1697 565 1770 εἰρημένον·
624 1695 1057 1764 Ἐκδημοῦντες
1084 1693 1153 1745 ἐκ
1191 1693 1298 1746 τοῦ
1330 1691 1603 1761 σώματος
1634 1693 1733 1746 καὶ

155 1787 556 1856 ἐνδημοῦντες
589 1787 739 1853 πρὸς
780 1786 887 1838 τὸν
920 1786 1169 1853 Κύριον·
1204 1785 1259 1838 αἱ
1291 1783 1347 1837 δὲ
1386 1783 1492 1840 τῶν
1535 1784 1735 1838 ἀδίκων

151 1881 326 1952 ψυχαὶ
353 1882 432 1943 είς
458 1880 584 1944 τεὺς
622 1881 681 1931 ὲν
711 1878 790 1948 τῷ
816 1879 916 1952 ᾄδῃ
943 1879 1159 1941 τόξους,
1196 1876 1333 1930 κατά
1365 1877 1426 1929 τὸ
1449 1877 1734 1948 εἰρημένον

158 1989 226 2024 πε
234 1973 289 2043 pl.
303 1970 396 2024 τοῦ
409 1970 872 2042 Ναϐουχοδονόσορ
891 1969 1151 2038 βασιλέως
1165 1968 1498 2034 Βαϐυλῶνος
1518 1969 1569 2019 Ὁ
1587 1967 1735 2036 ᾅδης

159 2061 424 2116 κάτωθεν
449 2058 773 2128 ἐπικράνθη
799 2058 1191 2124 συναντήσας
1213 2074 1335 2121 σοι,
1362 2058 1455 2109 καὶ
1485 2055 1555 2108 τά
1570 2056 1698 2136 ἑξῆς
1717 2074 1730 2085 ’

154 2154 247 2206 καί
285 2156 416 2205 εἰσιν
466 2155 522 2205 ἐν
554 2155 664 2214 τοῖς
693 2151 862 2215 ἀξίοις
902 2150 1080 2203 αὐτῶν
1115 2150 1302 2211 τόποις
1333 2149 1735 2220 φυλαττόμεναι

154 2243 262 2306 ἕως
301 2243 400 2311 τῆς
429 2242 641 2312 ἡμέρας
668 2242 770 2311 τῆς
801 2243 1147 2303 ἀναστάσεως
1181 2240 1274 2292 καὶ
1305 2240 1731 2303 ἀνταποδόσεως.

242 2329 590 2382 ἘΡΩΤΗΣΙΣ
613 2332 746 2397 οςν.
767 2331 826 2382 Εἰ
856 2331 958 2402 πρὸ
986 2331 1085 2400 τῆς
1101 2331 1448 2392 ἀναστάσεως
1469 2329 1568 2382 οὐκ
1587 2329 1736 2384 ἔστιν

153 2425 191 2493 ἡ
221 2423 328 2474 τῶν
364 2421 539 2494 ἔργων
570 2423 855 2485 ἀντίδοσις,
884 2425 1034 2475 ποῖον
1065 2422 1144 2492 τῷ
1176 2422 1345 2493 λῃστῇ
1369 2423 1736 2493 προσγέγονεν

153 2515 369 2582 ὄφελος,
405 2514 539 2584 πρὸς
568 2513 657 2565 τὸν
697 2510 1209 2584 παράδεισοναὺτοῦ
1245 2514 1338 2582 τῆς
1372 2513 1548 2582 ψυχῆς
1585 2516 1736 2567 είσα-

157 2606 404 2676 χθείσης,
441 2605 537 2658 κα)⁸
564 2605 791 2676 μάλιστα
820 2606 900 2657 ὅτι
929 2607 955 2657 ὁ
991 2606 1087 2675 μὲν
1112 2605 1437 2678 παράδεισος
1460 2606 1735 2677 αἰσθητὸς,

154 2699 260 2752 οὐκ
282 2698 511 2770 αἰσθητὴ
543 2699 598 2751 δέ
623 2699 737 2751 ἐστι
768 2698 868 2766 τῆς
898 2697 1073 2768 ψυχῆς
1094 2700 1126 2769 ἡ
1146 2698 1302 2750 οὐσία
1327 2715 1340 2761 ;

256 2792 658 2866 ἈΠΟΚΙξΙΣΙΣλ
705 2790 932 2859 Ὄφελος
976 2789 1164 2858 γέγονε
1201 2789 1277 2860 τῷ
1325 2790 1494 2862 λῃστῇ
1528 2792 1606 2852 εἰς
1647 2790 1736 2842 τὸν

156 2884 486 2954 παράδεισον
516 2883 806 2936 εἰσελθόντι
837 2882 900 2935 τδ
924 2882 1105 2954 ἔργοις
1151 2882 1341 2952 μαθεῖν
1373 2883 1468 2953 τῆς
1503 2883 1737 2944 πίστεως

155 2976 222 3027 τὸ
255 2975 549 3044 ὠφέλιμον,
583 2975 648 3027 δι’
681 2970 746 3044 ἧς
779 2974 982 3043 ἠξιώθη
1021 2973 1113 3026 τοῦ
1146 2974 1603 3044 συναθροίσματος
1630 2972 1737 3025 τῶν

158 3067 332 3134 ἁγίων
367 3068 422 3118 ὲν
451 3059 494 3134 ᾧ
528 3065 851 3134 φυλάττεται
890 3065 993 3128 ἓως
1014 3066 1113 3135 τῆς
1147 3064 1356 3136 ὴμέρας
1386 3065 1481 3134 τῆς
1506 3063 1738 3116 ἀναστά-

1834 599 2131 671 graverint.
2157 598 2257 652 Hic
2277 597 2424 661 enim
2445 611 2567 666 qua:
2592 595 2661 655 ad
2691 595 2951 649 unionem
2983 596 3179 652 animae
3201 603 3255 651 et
3283 612 3409 652 cor-

1836 693 1986 763 poris
2031 697 2315 761 spectant,
2361 688 2674 746 communia
2719 693 2850 742 sunt
2885 687 3053 756 justis
3089 695 3145 742 et
3186 687 3409 762 iniustis

1834 783 2022 837 omnia
2043 825 2057 847 ,
2077 796 2254 850 neque
2282 780 2454 833 ullum
2485 786 2570 833 est
2592 779 2736 832 inter
2763 779 2887 834 illos
2914 778 3018 832 hac
3048 778 3104 832 in
3129 794 3188 833 re
3214 779 3410 834 discri-

1834 891 1959 930 men
1982 893 1997 941 ;
2024 875 2186 944 quale
2213 881 2299 928 est
2327 872 2483 927 nasci
2513 879 2568 926 et
2598 871 2760 938 mori,
2799 871 2980 926 valere
3019 878 3073 925 et
3105 881 3369 941 aegrotare
3391 911 3406 930 .

1833 967 2058 1022 divitem
2087 980 2210 1021 esse
2237 975 2291 1019 et
2311 977 2628 1034 pauperem,
2668 973 2722 1023 et
2754 963 2860 1016 alia
2884 962 2970 1018 his
2996 963 3216 1017 similia.
3247 963 3412 1034 570

1832 1059 1902 1109 At
1932 1063 2055 1125 post
2087 1049 2376 1110 eicessum
2401 1068 2432 1108 e
2464 1067 2698 1122 corpore
2729 1052 2913 1107 statim
2949 1050 3007 1104 ﬁt
3031 1050 3321 1120 iustorum.
3353 1059 3408 1105 et

1834 1147 2164 1216 injustorum
2200 1144 2501 1200 distinctio.
2550 1144 2805 1213 Aguntur
2828 1143 2974 1197 enim
3006 1143 3076 1196 ab
3115 1142 3323 1211 angelis
3353 1142 3413 1197 in

1834 1239 1953 1293 loca
1987 1237 2090 1292 sibi
2119 1235 2501 1290 convenientia
2524 1233 2838 1302 ;.justorum
2871 1232 3090 1302 quidem
3123 1233 3318 1298 animae
3351 1233 3408 1286 in

1833 1328 2172 1399 paradisum,
2204 1310 2298 1379 ubi
2338 1324 2683 1379 consuetudo
2709 1330 2795 1379 est
2816 1333 2870 1377 et
2900 1332 3156 1393 aspectus
3184 1321 3407 1393 angelo-

1836 1435 1956 1474 rum
1987 1425 2042 1473 et
2065 1416 2539 1485 archangelorum,
2570 1427 2636 1468 ac
2670 1414 2847 1483 ipsius
2875 1414 3070 1477 etiam,
3108 1429 3205 1483 per
3231 1412 3407 1488 visio-

1834 1526 1994 1574 nem,
2026 1507 2327 1562 Salvatoris
2357 1505 2564 1562 Christi
2612 1499 2915 1561 secundum
2953 1506 3106 1559 illum
3151 1505 3407 1573 dictum:

1835 1599 2241 1668 Peregrinantes
2303 1613 2346 1656 a_
2400 1612 2615 1665 corpore
2640 1604 2726 1649 εει
2766 1603 3052 1663 prasente:
3098 1595 3172 1652 ad
3221 1593 3412 1666 Domi-

1837 1703 1962 1739 num
1983 1685 2062 1751 ⁸⁰,;
2087 1684 2414 1754 injustorum
2437 1669 2618 1738 autem
2650 1683 2842 1738 animm
2869 1682 2925 1738 in
2950 1683 3248 1739 inferorum
3267 1685 3408 1760 loca,

1838 1774 2140 1832 secundum
2179 1776 2233 1830 id
2269 1775 2412 1845 quod
2444 1774 2651 1829 dictum
2685 1781 2769 1828 est
2807 1774 2875 1829 de
2903 1772 3410 1829 Nabuchodonosor

1838 1883 1964 1938 rege
1993 1866 2283 1942 Babylonis
2310 1885 2322 1920 :
2359 1865 2608 1934 Inferna:
2637 1864 2815 1919 subter
2832 1859 3185 1937 'epacerbatus
3228 1875 3307 1920 est
3352 1866 3407 1919 in

1838 1953 2113 2016 oceanum
2137 1972 2284 2032 tuum
2315 1960 2358 1990 "
2383 1978 2398 2026 ;
2431 1974 2495 2013 ac
2526 1959 2580 2012 in
2612 1958 2750 2012 locis
2781 1973 2840 2012 se
2873 1957 3056 2028 dignis
3082 1957 3406 2025 custodiun-

1838 2056 2131 2119 turusque
2165 2047 2232 2102 ad
2267 2048 2408 2102 diem
2455 2045 2879 2102 resurrectionis
2917 2053 2971 2099 et
3016 2046 3410 2102 remuneratio—

1837 2155 1940 2195 IIIS.

1908 2338 2189 2406 QUEST.
2231 2335 2466 2390 LXXVI.
2512 2335 2572 2389 Si
2613 2341 2740 2390 ante
2785 2334 3246 2390 resurrectionem
3295 2351 3410 2392 non

1837 2441 1923 2488 est
1944 2446 2176 2502 operum
2202 2443 2435 2493 merces,
2472 2427 2605 2498 quid
2635 2426 2887 2481 utilitatis
2917 2427 3149 2482 accessit
3181 2426 3404 2492 latroni,

1837 2524 1984 2594 quod
2009 2524 2130 2590 ejus
2160 2521 2337 2576 anima
2365 2520 2421 2574 in
2452 2517 2767 2588 paradisum
2795 2517 3109 2572 introducta
3135 2518 3239 2583 sit,
3280 2533 3405 2571 cum

1837 2614 2137 2684 praesertim
2167 2612 2458 2682 paradisus
2483 2611 2585 2665 sub
2608 2623 2828 2664 sensum
2852 2607 3033 2672 cadat,
3068 2608 3262 2663 anima:
3282 2624 3411 2664 vero

1840 2706 2146 2760 substantia
2172 2703 2553 2772 nequaquam?

1908 2793 2280 2864 RESPnUtile
2313 2794 2415 2847 fuit
2444 2779 2642 2847 latroni
2670 2793 2726 2866 in
2757 2791 3072 2862 paradisum
3106 2791 3411 2845 introeunti

1839 2904 1898 2942 re
1925 2888 2138 2942 discere
2166 2887 2450 2940 utilitatem
2484 2885 2630 2948 ﬁdei,
2664 2901 2787 2955 qua:
2811 2885 3036 2954 dignum
3064 2884 3213 2937 illum
3235 2881 3414 2937 eﬂ‘eci’.

1838 2993 1980 3037 cmtu
2005 2990 2346 3044 sanctorum,
2383 2981 2478 3034 ubi
2510 2979 2820 3034 custoditur
2848 2993 3021 3047 usque
3051 2978 3118 3031 ad
3150 2976 3293 3030 diem
3322 2993 3410 3032 re-

1840 3075 2198 3132 surrectionis
2228 3082 2280 3128 et
2312 3073 2791 3128 remunerationis.
2826 3070 3001 3124 Habet
3041 3078 3220 3123 autem
3254 3085 3414 3139 para-

161 3157 303 3222 σεὼς
335 3175 396 3210 τε
424 3159 519 3211 καὶ
559 3159 962 3221 ἀνταποδόσεως
985 3175 996 3188 ’
1035 3157 1149 3228 ἔχει
1178 3174 1238 3209 τε
1277 3155 1371 3209 τοῦ
1414 3156 1734 3227 παραδείσου

1845 3168 1948 3222 disi
1973 3182 2192 3221 sensum
2228 3165 2528 3220 secundum
2560 3165 2708 3217 illam
2753 3162 3022 3217 sentiendi
3056 3161 3368 3230 facultatem
3396 3201 3412 3225 ,

153 3251 259 3319 τὴν
295 3249 561 3320 αἴσθησιν,
616 3249 755 3302 κατά
784 3239 882 3320 τὴν
924 3249 1318 3319 ἑννοηματικὴν
1357 3248 1468 3318 (12)
1513 3247 1738 3318 λεγομέ-

156 3357 259 3411 νην
307 3341 574 3412 αἴσθησιν,
615 3341 735 3394 καθ’
779 3341 1088 3413 ἢν”ὁρῶσιν
1134 3343 1189 3393 αἱ
1233 3341 1401 3410 ψυχαὶ
1445 3340 1640 3402 ἑαυτάς
1684 3358 1742 3392 τε

157 3435 260 3487 καὶ
289 3433 356 3487 τὰ
388 3434 480 3485 ὑπ’
518 3433 686 3496 αὐτάς
708 3451 721 3462 ·
758 3433 838 3484 ἔτι
876 3432 932 3485 δὲ
974 3434 1065 3485 καὶ
1097 3433 1222 3496 τοὺς
1250 3431 1513 3500 ἀγγέλους
1544 3449 1602 3483 τε
1650 3433 1742 3483 καὶ

156 3527 288 3587 τοὺς
328 3525 603 3594 δαίμονας.
652 3525 725 3576 Οὐ
760 3522 867 3594 γὰρ
909 3527 1017 3576 νοεῖ
1059 3522 1179 3575 οὒτε
1226 3525 1328 3592 ὁρᾷ
1371 3521 1512 3592 ψυχὴ
1543 3521 1738 3592 ψυχὴν,

155 3616 286 3670 οὔτε
309 3616 535 3683 ἅγγελος
556 3616 801 3683 ἄγγελον,
820 3614 941 3668 οὔτε
959 3615 1163 3684 δαίμων
1178 3615 1428 3684 δαίμονα,
1451 3613 1582 3665 ἀλλὰ
1601 3613 1739 3665 κατά

158 3709 263 3779 τὴν
292 3708 546 3779 ῥηθεῖσαν
575 3707 969 3777 ὲννοηματικὴν
1007 3705 1254 3775 αἴσθησιν
1286 3705 1482 3774 ὁρῶσιν
1516 3705 1739 3768 ἑαυτούς

160 3817 222 3851 τε
253 3801 346 3852 καὶ
377 3799 633 3869 ἀλλήλους
655 3840 668 3862 ,
704 3798 782 3850 ἐτι
813 3798 867 3851 δὲ
900 3798 990 3850 καὶ
1017 3796 1083 3849 τὰ
1119 3796 1404 3867 σωματικά
1435 3797 1626 3850 πάντα.

245 3911 737 3963 ἘΡΩΤΗΣΙΣΟΖἏ
769 3911 830 3962 Ei
862 3913 926 3980 τῇ
966 3911 1219 3980 συνεργίᾳ
1251 3910 1359 3962 τῶν
1379 3909 1472 3961 τοῦ
1494 3908 1739 3978 σώματος

163 4001 464 4071 αἰσθήσεων
495 4001 603 4054 τῶν
627 4001 897 4070 αἰσθητῶν
926 4005 957 4072 ἠ
991 4002 1135 4072 ψυχὴ
1148 4002 1407 4071 λαμϐάνει
1435 4001 1531 4072 τὴν
1558 4000 1741 4069 αἴσθη-

165 4110 271 4156 σιν,
305 4092 536 4162 αἰσθητά
578 4093 634 4157 δὲ
681 4092 748 4145 τὰ
781 4093 918 4148 καλά
965 4095 1056 4146 καὶ
1089 4093 1157 4145 τά
1177 4093 1354 4161 φαῦλα
1391 4091 1734 4160 τυγχάνουσι·

165 4185 284 4247 πῶς
316 4187 415 4238 οὐκ
447 4185 818 4255 ἀναισθητεῖή
864 4186 1007 4257 ψυχὴ
1048 4185 1380 4260 χωρισθεῖσα
1421 4183 1515 4236 τοῦ
1552 4183 1738 4255 σώμα-

163 4293 288 4339 τος;
319 4277 382 4328 Εἰ
411 4265 466 4328 δὲ
488 4277 820 4346 ἀναισθητεῖ,
846 4277 1000 4348 δῆλον
1022 4279 1102 4329 ὅτι
1135 4279 1460 4348 νενεκρωται
1480 4294 1491 4305 ·
1528 4276 1736 4347 νεκρῶν

162 4367 272 4436 γὰρ
303 4368 393 4420 καὶ
428 4366 644 4430 ζώντων
689 4368 950 4439 διαφορὰν
982 4369 1305 4442 ἀναισθησία
1335 4369 1601 4440 διακρίνει
1644 4371 1736 4422 καὶ

163 4457 433 4527 αἴσθησις.

1843 3275 1962 3327 quae
1995 3259 2198 3310 dicitur
2232 3255 2566 3326 perceptiva,
2594 3271 2691 3323 per
2713 3269 2874 3323 quam
2907 3253 3092 3307 vident
3119 3253 3311 3306 anima:
3333 3268 3415 3307 se-

1843 3351 2103 3420 metipsas
2124 3356 2178 3402 et
2210 3349 2498 3422 quaeipsis
2529 3347 2792 3401 inferiora
2829 3357 2993 3407 sunt,
3032 3346 3210 3399 adhuc
3246 3346 3414 3400 etiam

1843 3443 2062 3512 angelos
2092 3449 2146 3496 et
2175 3441 2470 3495 daemones.
2508 3438 2628 3492 Non
2665 3439 2809 3491 enim
2853 3437 3107 3507 intelligit
3146 3443 3240 3490 aut
3266 3436 3415 3492 videt

1841 3535 2020 3587 anima
2045 3535 2304 3596 animam,
2333 3548 2504 3601 neque
2536 3532 2761 3601 angelus
2786 3531 3061 3600 angelum,
3099 3545 3274 3598 neque
3304 3527 3414 3584 dae-

1842 3643 1969 3679 mon
2001 3626 2300 3680 daamonem
2322 3665 2335 3686 ,
2370 3625 2464 3678 sed
2509 3623 2806 3678 secundum
2841 3622 2987 3674 illam
3027 3621 3296 3675 sentiendi
3335 3622 3413 3674 fa-

1841 3719 2122 3780 cultatem,
2149 3733 2268 3784 qua:
2289 3717 2492 3770 dicitur
2515 3715 2849 3784 perceptiva,
2878 3714 3062 3767 vident
3091 3716 3414 3784 semetipsas

1840 3824 1904 3863 ac
1933 3825 2052 3862 sese
2086 3808 2339 3867 invicem,
2361 3806 2539 3859 adhuc
2568 3806 2730 3859 etiam
2763 3813 2816 3858 et
2845 3818 3105 3874 corporea
3137 3799 3340 3858 omnia.

1911 3915 2189 3983 QUIEST.
2250 3914 2530 3983 LXXVII;
2561 3913 2620 3968 Si
2663 3929 2924 3968 sensuum
2964 3913 3215 3982 corporis
3254 3912 3412 3982 adju-

1839 4016 2024 4063 mento
2060 4009 2240 4060 anima
2284 4022 2373 4061 res
2420 4007 2522 4061 sub
2570 4021 2792 4060 sensum
2835 4006 3093 4060 cadentes
3139 4005 3408 4076 percipit,

1841 4098 2046 4152 cadunt
2082 4106 2261 4152 autem
2291 4097 2394 4151 sub
2424 4112 2644 4152 sensum
2670 4097 2811 4150 bona
2841 4105 2894 4150 et
2921 4097 3061 4149 mala
3087 4113 3100 4152 :
3139 4097 3411 4167 quomodo

1842 4205 2008 4244 sensu
2038 4204 2146 4242 non
2177 4195 2328 4242 caret
2373 4187 2554 4240 anima
2590 4202 2619 4238 a
2649 4202 2880 4255 corpore
2922 4188 3214 4256 separata?
3253 4187 3409 4253 Quod

1837 4286 1887 4340 si
1920 4294 2088 4349 caret,
2139 4293 2352 4339 mortua
2377 4292 2462 4339 est
2490 4283 2758 4338 videlicet.
2806 4283 2940 4336 Nam
2983 4291 3325 4337 mortuorum
3357 4292 3410 4338 et

1837 4378 2132 4443 viventium
2163 4377 2456 4430 discrimen
2486 4376 2538 4428 in
2564 4374 2848 4450 sentiendo
2869 4373 2953 4428 vel
2976 4389 3084 4428 non
3120 4373 3406 4430 sentiendo

1836 4469 2095 4537 positum.

246 4550 643 4602 ’AIIUKPIEIE.
680 4552 854 4604 Πᾶσαι
877 4554 931 4604 αἱ
966 4554 1174 4606 κτισταί
1203 4572 1260 4606 τε
1287 4558 1380 4608 καὶ
1405 4558 1615 4625 λογικαὶ
1642 4559 1732 4611 οὑ-

1908 4557 2103 4611 RESP.
2137 4557 2344 4612 Creatae
2369 4566 2422 4612 et
2454 4557 2664 4610 ratione
2693 4563 2908 4610 utentes
2935 4569 3124 4610 omnes
3153 4555 3407 4608 substan-

164 4639 277 4693 σίαι
303 4640 493 4702 διπλᾶς
539 4640 718 4710 ἔχουσι
756 4642 1165 4714 καταληπτικὰς
1194 4644 1467 4716 δυνάμεις,
1504 4649 1739 4719 αἰσθητι-

161 4733 266 4804 κήν
296 4750 358 4784 τε
390 4733 482 4786 καὶ
522 4735 776 4804 νοητικήν
805 4735 948 4806 (15)·
984 4737 1076 4788 καὶ
1110 4739 1424 4808 ὲννοητικὴν
1458 4740 1553 4809 μὲν
1585 4739 1740 4808 λεγο-

165 4824 354 4895 μένην,
389 4824 507 4878 καθ’
539 4826 602 4894 ἢν
634 4826 1137 4896 καταλαμϐάνουσιν
1162 4830 1329 4891 αὑτάς
1359 4846 1416 4883 τε
1457 4832 1548 4883 καὶ
1579 4831 1740 4902 ἀλλή-

163 4917 293 4979 λας’
339 4917 591 4987 νοητικὴν
623 4919 700 4984 δὲ,
733 4920 851 4971 καθ’
885 4919 950 4989 ἢν
989 4919 1232 4989 δέχονται
1264 4920 1360 4990 τὴν
1411 4921 1610 4988 γνῶσιν
1643 4923 1737 4974 τοῦ

164 5009 302 5080 ὑπὲρ
334 5008 520 5072 αὑτάς.
567 5012 640 5062 Οὐ
687 5012 941 5081 συνεργίᾳ
970 5007 1061 5064 οὖν
1098 5010 1190 5064 τοῦ
1226 5011 1472 5083 σώματος
1486 5013 1734 5086 αίψυχαὶ

237 5189 282 5222 ⁸⁸
315 5187 357 5241 ll
382 5185 517 5246 Cor.
547 5207 599 5253 v,
641 5191 694 5244 8.
766 5189 809 5221 ⁸⁸
845 5187 952 5245 lsa.
984 5207 1094 5255 xiv,
1120 5191 1171 5246 9.

233 5368 511 5438 (ll)Kat‘
545 5371 858 5423 ὀπτασίαν.
922 5368 1076 5423 Visio
1133 5369 1224 5421 illa
1277 5369 1505 5432 Christi,
1557 5383 1722 5439 quam

165 5440 416 5494 concedit
436 5439 651 5507 piorum
690 5441 975 5494 animabus
997 5456 1027 5493 e
1057 5454 1288 5507 corpore
1329 5442 1553 5504 solutis,
1585 5455 1721 5508 non
1829 5444 2144 5508 sequentem

1828 5503 2026 5561 anima:
2055 5503 2377 5575 semetipsas
2405 5516 2457 5557 ct
2483 5505 2623 5558 inter
2659 5520 2716 5559 se
2745 5503 3078 5575 percipiunt.

165 5524 227 5563 ea
263 5519 346 5563 est
379 5509 723 5576 intelligenda
755 5525 862 5578 qua
893 5510 1265 5577 perfruuntur,
1299 5511 1391 5578 qui
1414 5525 1537 5563 cum
1566 5507 1726 5563 Chri-

166 5588 252 5632 sto
275 5580 330 5631 in
359 5579 500 5631 caelo
523 5586 682 5650 sunt,
704 5581 797 5634 sed
829 5579 1004 5650 qualis
1047 5595 1141 5648 per
1168 5580 1552 5650 revelationem
1589 5595 1725 5650 non-

1838 4652 1929 4705 tize
1959 4652 2098 4705 duas
2133 4651 2333 4705 habent
2379 4647 2743 4720 cognoscendi
2790 4646 3109 4710 facultates,
3142 4648 3410 4714 percepti-

1837 4757 1959 4794 vam
1993 4749 2048 4796 et
2092 4741 2477 4795 intellectivain
2521 4759 2533 4794 :
2586 4739 2952 4809 perceptivam
3001 4737 3249 4805 quidem,
3302 4752 3408 4805 qua

1839 4843 1891 4888 et
1921 4834 2250 4902 semetipsas
2279 4840 2332 4886 et
2359 4847 2488 4887 sese
2515 4830 2749 4885 invicem
2783 4827 3288 4897 comprehendunt;
3321 4827 3404 4879 in-

1839 4925 2168 4978 tellectivam
2203 4931 2381 4977 autem
2403 4963 2418 4986 ,
2459 4937 2566 4992 qua
2605 4937 2796 4976 eorum
2822 4961 2837 4985 ,
2893 4935 3014 4989 quae
3060 4935 3226 4990 supra
3259 4921 3406 4988 ipsas

1842 5025 1993 5080 sunt,
2023 5016 2391 5086 cognitionem
2427 5014 2723 5084 accipiunt.
2749 5011 2876 5067 Non.
2899 5012 3065 5083 igitur
3092 5012 3406 5081 adjumenlo

1905 5365 2015 5437 (12)
2059 5363 2545 5437 Ἐννοηματικήν.
2588 5363 2646 5416 In
2695 5362 2860 5432 Resp.
2913 5362 2987 5437 ad
3036 5362 3402 5437 quaastionem

2194 5436 2507 5504 ὲννοητικήν
2538 5442 2694 5486 vocat
2745 5432 3240 5504 eamrfacultatem,
3299 5448 3404 5499 qua

1897 5577 2008 5648 (l5)
2045 5571 2407 5648 Αὶσθηέικῄν
2462 5591 2526 5627 τε
2581 5575 2682 5648 καὶ
2717 5571 3050 5648 νοητικήν.-
3079 5571 3397 5648 Legendum

168 5663 444 5720 nunquam
486 5641 650 5720 etiam
672 5641 675 5642 ν
698 5651 752 5702 in
780 5641 882 5703 hac
911 5650 1022 5701 vita
1047 5641 1266 5703 'sanctis
1319 5651 1530 5720 obtigit.
1587 5649 1724 5702 Nam

1837 5641 2232 5720 attonsum}:
2259 5647 2352 5720 atat
2380 5645 2650 5720 vonjrtxﬁv,
2682 5641 2740 5720 ut
2766 5651 2911 5720 patet
2937 5659 3003 5697 ex
3037 5641 3125 5698 his
3162 5641 3283 5720 qua:
3313 5656 3399 5720 se-

168 5718 221 5770 in
250 5712 414 5787 Resp.
437 5718 504 5772 ad
523 5727 713 5788 quaest.
740 5720 808 5774 85
830 5720 1039 5772 animas
1060 5720 1336 5788 iustorum
1367 5712 1474 5774 non
1508 5720 1564 5772 in
1585 5720 1724 5774 ccelo

1837 5712 2236 5788 quun'turfNon
2264 5718 2376 5785 jam
2406 5712 2551 5769 enim
2587 5712 2908 5788 αἰσθητικήν
2937 5721 2989 5768 et
3032 5712 3286 5784 νοητικήν
3313 5712 3398 5764 dt-

169 5788 420 5848 collocat.
445 5790 540 5845 sed
573 5791 627 5844 in
654 5791 927 5860 paradiso.
960 5804 1085 5844 cum
1122 5788 1347 5846 Henoch
1377 5797 1431 5846 et
1466 5789 1604 5845 Elia.

1831 5784 1925 5854 cit,
1958 5788 2052 5845 sed
2082 5784 2392 5858 ἐννοητικήν
2421 5794 2474 5840 et
2503 5784 2778 5856 νοητικήν.
