4146 6426
757 340 897 419 ista

1487 350 1851 412 APPENDIX.
1874 330 1960 397 “-
1992 351 2173 408 rans
2208 352 2252 410 l.
2291 349 2349 409 s.
2389 346 2651 409 msrm
2690 350 2921 408 ornas
2957 332 3228 407 SPURIA.

3887 346 4018 402 £520

754 468 1227 549 corporisanima:
1250 488 1342 531 res
1368 474 1473 531 sub
1495 487 1719 530 sensum
1757 470 2015 527 cadentes
2034 468 2291 526 sentiunt
2312 510 2326 533 ,

2438 466 2537 521 τῶν
2562 464 2832 544 αἰσθητῶν
2859 464 3193 536 λαμϐάνουσι
3219 462 3318 535 τὴν
3347 462 3621 536 αἴσθησιν,
3654 460 3803 518 ἀλλὰ
3825 462 4016 537 αὐτὴή

754 570 1002 639 εοιὶὶρειι
1030 568 1212 623 anima
1240 562 1466 623 sensum
1501 572 1727 637 praestat
1752 579 1850 619 sua
1891 562 2216 635 praesentia,
2245 557 2329 631 at}

752 676 862 733 que
884 660 1047 717 emcit
1078 662 1139 715 ut
1167 658 1371 725 animal
1391 654 1664 714 sentiendi
1695 650 1800 711 vim
1824 654 2052 727 habeat;
2078 661 2135 709 et
2155 667 2331 723 quan-

753 757 872 808 tum
898 750 1121 823 quidem
1154 751 1220 805 ad
1246 749 1448 805 animal
1466 750 1678 812 attinet,
1701 746 1973 805 sentiendi
1999 746 2110 799 vim
2134 745 2325 811 habet,

752 834 1019 917 quantum
1042 844 1108 900 ad
1138 844 1397 905 animam,
1429 828 1797 911 cognoscendi
1824 838 2079 917 faeulmte
2101 832 2327 907 praedita

752 921 871 1000 est:
906 948 1011 996 nec
1043 916 1284 1003 unquam
1324 931 1561 985 moritur
1589 922 1792 984 anima.
1826 916 1972 983 Mors
2020 925 2165 983 enim
2208 926 2329 980 ani-

751 1026 916 1105 malis
944 1033 1057 1088 est.
1092 1040 1202 1078 non
1238 1012 1461 1100 animai;
1503 1021 1837 1099 Adjumento
1880 1020 2049 1093 igitur
2080 1019 2329 1090 corporis

753 1114 961 1189 indiget
980 1117 1046 1171 ad
1064 1128 1149 1180 ea,
1184 1131 1306 1187 quae
1343 1115 1447 1170 sub
1475 1124 1697 1171 'sensum
1724 1112 1948 1177 cadunt,
1977 1112 2329 1183 percipienda

754 1206 955 1289 animal
977 1217 1032 1265 et
1070 1209 1323 1263 animalis
1348 1198 1612 1289 conditio,
1640 1197 1752 1262 non
1776 1194 1907 1261 vero
1938 1206 2141 1261 anima.
2167 1200 2329 1261 Aliud

752 1285 899 1357 enim
923 1309 1009 1359 est
1037 1300 1260 1365 animal,
1295 1292 1442 1356 aliud
1467 1282 1684 1368 anima;
1710 1305 1765 1354 et
1786 1298 1934 1353 aliud
1957 1298 2103 1369 quod
2135 1311 2332 1354 secun-

751 1390 1415 1466 dum.participationem,
1449 1392 1597 1448 aliud
1628 1391 1776 1464 quod
1804 1390 2105 1447 secundum
2139 1405 2334 1447 essen—

753 1486 919 1557 tiam.
1044 1480 1049 1485 ’

824 1572 1107 1644 ΟΗΔΕΞΤ.
1141 1573 1427 1630 LXXVIII.
1472 1572 1531 1629 Si
1568 1572 1873 1631 secundum
1908 1572 2007 1629 eor
2035 1588 2196 1629 suum
2224 1571 2332 1627 Da-

754 1652 934 1723 videm
970 1654 1095 1723 esse
1139 1664 1284 1722 Deus
1313 1665 1725 1745 pronuntiavit:
1764 1678 1866 1720 cur
1887 1655 2077 1735 postea
2109 1663 2329 1719 adulte-

2427 557 2597 629 ψυχὴ,
2630 556 2881 627 αἴσθησιν
2917 558 3231 629 παρέχουσα
3273 558 3340 626 τῇ
3396 555 3566 626 αὐτῆς
3598 553 3910 627 παρουσία,
3939 557 4017 609 αἰ-

2430 652 2684 723 σθητικὸν
2720 651 2782 704 τὸ
2812 650 2948 715 ζῶον
2997 652 3169 703 ποιεῖ’
3208 649 3302 703 καὶ
3347 650 3421 714 ῶς
3474 648 3574 721 μὲν
3602 649 3748 723 πρὸς
3794 647 3863 701 τὸ
3892 647 4019 714 ζῶόν

2431 744 2576 796 ἐστιν
2612 728 2948 812 αἰσθητικὸν,
2984 740 3060 805 ὡς
3091 740 3149 794 δὲ
3190 742 3325 812 πρὸς
3360 742 3561 814 ἑαυτήν
3596 742 3755 796 ἐστιν
3784 742 4021 813 αἰσθητι-

2431 834 2659 906 κή(14)ο
2692 837 2786 889 καὶ
2818 834 3073 888 οὐδέποτε
3105 835 3314 902 γίνεται
3332 834 3503 907 νεκρά
3528 838 3562 907 ή
3592 835 3768 907 ψυχή.
3806 835 4020 907 Νέκρω-

2431 927 2516 999 an;
2555 927 2652 981 τοῦ
2686 926 2927 999 ἐμψύχου
2975 926 3083 998 γάρ
3124 927 3379 998 ὑπάρχει,
3430 928 3524 999 καὶ
3570 928 3633 981 οὺ
3667 922 3777 999 τῆς
3821 927 4017 1000 ψυχῆς.

2431 1019 2731 1091 Συνεργίας
2772 1015 2867 1072 οὖν
2911 1020 3089 1073 δέεται
3122 1017 3218 1071 τοῦ
3264 1012 3513 1090 σώματος
3543 1018 3685 1091 πρὸς
3716 1020 3821 1090 τὴν
3854 1019 4017 1072 κατά-

2430 1109 2589 1181 ληψιν
2612 1110 2723 1164 τῶν
2749 1110 3021 1181 αἰσθητῶν
3046 1103 3108 1163 τὸ
3138 1107 3382 1181 ἔμψυχον
3410 1111 3505 1164 καὶ
3534 1112 3567 1183 ὴ
3602 1112 3877 1183 ἐμψυχία,
3907 1111 4019 1181 ούχί

2432 1201 2465 1271 ή
2496 1201 2640 1273 ψυχὴ
2660 1198 2817 1273 (14⁸),
2838 1202 2933 1255 καὶ
2959 1201 3086 1256 ἄλλο
3100 1201 3163 1256 τὸ
3180 1190 3331 1256 ’κατὰ
3354 1202 3664 1273 μετουσίαν,
3684 1203 3784 1257 καὶ
3804 1202 3939 1257 ἄλλο
3965 1202 4020 1255 τὸ

2433 1294 2552 1346 κατ’
2567 1292 2775 1347 οὐσίαν.

2509 1570 2861 1631 ἘΡΩΤΗΣΙΣ
2886 1576 3012 1628 OH'.
3050 1576 3111 1628 Ei
3144 1575 3285 1629 κατὰ
3312 1576 3413 1647 τήν
3441 1576 3637 1629 ἑαυτοῦ
3674 1576 3920 1648 καρδίαν
3951 1573 4020 1631 εἴ·

2432 1687 2518 1725 ναι
2546 1669 2637 1723 τὸν
2680 1668 2843 1724 Δαϐὶδ
2885 1669 2914 1721 6
2954 1668 3084 1731 Θεὸς
3130 1670 3462 1745 ἀπεφήνατο,
3510 1668 3628 1731 πῶς
3654 1669 3809 1739 ,μετὰ
3850 1669 4022 1723 ταῦτα

754 1758 900 1816 rium
937 1767 991 1816 et
1022 1758 1226 1815 caedem
1262 1760 1405 1815 idem
1437 1744 1702 1829 propheta
1738 1747 2108 1827 patravitiEt
2134 1757 2181 1813 si
2215 1756 2332 1812 htec

2438 1762 2681 1835 μοιχείαν
2709 1763 2802 1815 καὶ
2828 1762 2985 1830 φόνον
3016 1763 3043 1815 6
3060 1760 3223 1824 αὐτὸς
3249 1763 3533 1834 προφήτης
3562 1762 3869 1832 εἰργάσατο
3885 1780 3901 1825 ;
3920 1763 4023 1815 Kal

753 1866 785 1905 a
813 1850 924 1906 Deo
947 1859 1005 1906 ut
1034 1841 1177 1904 mala
1197 1850 1322 1905 odio
1344 1823 1617 1905 habentur
1638 1864 1655 1916 ,
1675 1823 1835 1922 δᾷι
1853 1856 1961 1903 cur
1988 1864 2056 1904 ex
2085 1848 2333 1903 adultera

2438 1823 2485 1909 εἰ
2522 1823 2695 1909 ταῦτα
2723 1823 2992 1908 ὑπὸ-Θεοῦ
3026 1854 3102 1918 ὡς
3147 1823 3327 1923 φαῦλα
3362 1823 3728 1924 μεμίσηνται,
3759 1854 3852 1908 διὰ
3881 1823 3939 1909 τί
3967 1856 4025 1908 ἐκ

752 1958 923 2014 genus
936 1943 1212 2013 prophetae
1224 1939 1369 1997 Deus
1383 1942 1801 2012 deduxit,atqu‘e
1815 1930 1873 1995 ut
1888 1927 2153 1995 Dominus
2172 1939 2334 1994 Chri-

754 2043 874 2091 stus
891 2051 957 2090 ex
977 2026 1169 2090 eadem
1186 2042 1293 2104 per"
1302 2032 1670 2103 genealogiam
1686 2038 2090 2094 recenseretur,
2119 2028 2336 2085 effecit?

754 2130 881 2187 Haec
921 2138 1102 2187 autem
1155 2144 1279 2186 cum
1321 2132 1397 2186 ita
1438 2145 1497 2185 se
1526 2130 1804 2192 habeant,
1834 2127 2112 2198 quomodo
2141 2140 2331 2182 verum

754 2224 889 2279 dicit
920 2222 1207 2295 Scriptura
1233 2238 1356 2294 qua:
1385 2222 1519 2281 dicit
1545 2243 1557 2277 :
1591 2218 1728 2276 Filii
1752 2220 2120 2275 adulkrarum
2140 2220 2333 2287 imper-

755 2317 880 2386 fecti
903 2298 987 2372 "i
1242 2300 1245 2301 ν
2087 2385 2091 2389 1

823 2406 1025 2463 RESP.
1066 2408 1135 2461 At
1165 2407 1309 2463 enim
1335 2407 1427 2478 qui
1455 2421 1557 2477 per
1575 2405 1955 2478 ptenitentiam
1988 2403 2211 2475 propria
2241 2402 2336 2457 tle-

752 2500 884 2556 licta
917 2499 1232 2555 emendavit
1274 2496 1445 2552 David
1470 2539 1486 2563 ,
1532 2497 1697 2552 etiam
1731 2495 1802 2551 ob
1834 2508 1954 2551 eam
1998 2508 2113 2557 rem
2144 2507 2338 2549 secun-

754 2592 884 2647 dum
925 2605 1022 2645 eor
1054 2589 1149 2644 Dei
1200 2591 1454 2644 inventus
1492 2596 1616 2651 est,
1662 2580 1761 2658 qui
1808 2601 1918 2641 non
1946 2586 2068 2642 vult
2104 2592 2335 2640 mortem

754 2683 1065 2756 peccatoris
1092 2722 1108 2745 ,
1158 2681 1253 2737 sed
1304 2689 1364 2735 ut
1407 2688 1766 2735 convertatur
1800 2685 1857 2733 et
1906 2678 2053 2731 vivat
2081 2675 2151 2732 ⁸³.
2181 2674 2260 2729 Ac
2285 2674 2335 2729 ei

753 2762 999 2848 quidem,
1037 2790 1195 2845 quem
1227 2757 1681 2845 per’adulterium
1702 2787 1767 2825 ex
1782 2769 1930 2825 Uriaa
1947 2768 2117 2823 uxore
2142 2781 2334 2823 susce-

756 2877 911 2939 perat
932 2910 946 2932 ,
980 2877 1212 2922 mortem
1244 2865 1443 2921 inflixit
1474 2865 1618 2921 Deus
1638 2904 1653 2930 ,
1684 2864 1812 2935 quia
1842 2863 1945 2933 ﬁlii
1965 2860 2333 2916 adulterorum

2432 1947 2533 2017 τῆς
2562 1946 2866 2017 μοιχαλίδος
2913 1946 2972 1998 τὸ
3003 1944 3161 2014 γένος
3191 1948 3219 1998 6
3247 1945 3381 2009 Θεὸς
3415 1945 3508 1998 τοῦ
3542 1947 3831 2018 προφήτου
3874 1948 4025 2000 συνέ-

2434 2055 2621 2109 στησε,
2650 2040 2744 2092 καί
2774 2038 2868 2091 τὸν
2899 2038 3177 2109 Δεσπότην
3208 2037 3445 2110 Χριστὸν
3476 2037 3535 2104 ἐξ
3568 2037 3743 2108 αὐτῆς
3774 2039 4026 2107 γενεαλο-

2434 2130 2647 2199 γεῖσθαι
2691 2129 2957 2201 circique;
3014 2128 3216 2182 Τούτου
3268 2128 3325 2182 δέ
3375 2128 3589 2200 ἔχοντος
3643 2128 3843 2193 οὕτως,
3911 2130 4025 2194 πῶς

2434 2226 2468 2294 ἡ
2498 2222 2689 2293 Γραφὴ
2720 2220 2975 2295 ἀληθεύει
3017 2220 3276 2290 λέγουσα,
3303 2222 3390 2275 ὅτι
3433 2221 3618 2275 Τέκνα
3640 2222 3878 2293 μοιχῶν
3905 2222 4029 2276 ἀτέ-

2434 2318 2625 2368 λεστα
2642 2330 2661 2375 ;

2520 2406 2925 2475 ἈΠΟΚΡΙΣΙΣ.
2962 2405 3072 2458 Καὶ
3098 2404 3208 2476 γὰρ
3230 2405 3259 2456 6
3286 2403 3373 2457 διὰ
3416 2403 3704 2474 μετανοίας
3735 2403 3808 2458 τά
3851 2405 4029 2456 οἰκεῖα

2439 2496 2731 2568 σφάλματα
2774 2495 3209 2568 διορθωσάμενος
3240 2494 3406 2549 Δαϐἰδ
3435 2496 3529 2548 καὶ
3566 2493 3704 2564 μετὰ
3735 2492 3906 2546 τοῦτο
3939 2494 4026 2545 εύ-

2440 2589 2571 2661 ρέθη
2600 2589 2677 2652 ὡς
2703 2588 2844 2642 κατὰ
2875 2589 3103 2660 καρδίαν
3129 2586 3297 2653 Θεοῦ,
3331 2586 3424 2641 τοῦ
3461 2587 3535 2658 μὴ
3570 2582 3908 2657 βουλομένου
3943 2586 4029 2637 τὸν

2438 2681 2666 2735 θάνατον
2701 2681 2808 2735 τῶν
2843 2680 3204 2754 ἁμαρτωλῶν,
3234 2680 3317 2744 ὡς
3345 2682 3408 2732 τὸ
3440 2678 3767 2748 ἐπιστρέψαι
3800 2680 3902 2731 καὶ
3933 2678 4030 2748 ζῇν

2441 2775 2626 2831 αὐτόν.
2685 2775 2796 2828 Καὶ
2834 2773 2895 2827 ὃν
2940 2773 3039 2844 μὲν
3079 2771 3340 2843 μοιχικῶς
3370 2771 3660 2841 ἐγέννησεν
3703 2770 3770 2822 ἐκ
3808 2770 3911 2840 τῆς
3940 2768 4031 2821 τοῦ

2438 2868 2659 2942 Οὐρίου,
2676 2867 2863 2920 τοῦτον
2886 2865 3221 2919 ἐθανάτωσεν
3252 2864 3281 2916 6
3309 2863 3459 2926 Θεὸς,
3481 2862 3569 2916 διὰ
3586 2862 3647 2916 τὸ
3675 2859 3817 2915 εἶναι
3846 2860 4033 2915 τέκνα

755 2960 1067 3029 imperfecti.
1096 2957 1200 3025 Qui
1247 2966 1428 3011 autem
1474 2962 1599 3026 post
1634 2954 1788 3009 illum
1826 2952 1995 3025 geniti
2032 2951 2221 3015 fuere,
2266 2951 2336 3006 iis

2438 2954 2661 3028 μοιχῶν
2687 2954 2983 3011 ἀτέλεστα
3000 2970 3014 2984 ·
3040 2954 3165 3017 τοὺς
3193 2953 3250 3006 δὲ
3288 2952 3423 3023 μετὰ
3442 2951 3632 3004 τοῦτον
3662 2951 4033 3023 γεννηθέντας

756 3060 990 3107 mortem
1019 3066 1129 3106 non
1153 3049 1351 3105 inﬂixit
1384 3048 1550 3113 Deus,
1572 3048 1702 3118 quia
1730 3046 1881 3101 illam
1910 3044 2110 3111 David,
2144 3044 2335 3100 occiso

755 3142 889 3198 Uria
911 3184 925 3207 ,
972 3158 1199 3198 uxorem
1241 3143 1652 3212 perhumaniter
1681 3147 2080 3210 assmnpserat.
2114 3137 2335 3193 Habens
2363 3174 2407 3230 ο

756 3243 941 3291 autem
970 3235 1237 3289 honorem
1269 3234 1609 3304 paenitentiae
1638 3233 1801 3296 Deus,
1838 3233 1895 3287 in
1935 3231 2063 3287 ﬁliis
2096 3246 2165 3285 ex
2191 3228 2339 3284 Urize

756 3343 929 3383 uxore
957 3326 1156 3399 genitis
1185 3341 1357 3396 genus
1389 3325 1608 3381 Davidis
1639 3324 1945 3388 consuluit,
1974 3330 2030 3380 et
2056 3321 2337 3377 Christum

755 3430 823 3475 ex
870 3418 965 3473 illa
1013 3419 1084 3473 ob
1128 3416 1379 3473 eamdem
1430 3432 1654 3473 causam
1702 3417 1971 3488 originem
2016 3413 2217 3469 ducere
2243 3428 2340 3468 vo-

758 3512 880 3566 luit.

830 3601 1380 3673 QUIESTILXXIX.
1407 3602 1486 3661 ‘Si
1517 3602 1764 3657 omnium
1807 3616 1997 3671 regum
2040 3598 2260 3655 lsraelis
2286 3606 2342 3653 et

756 3698 912 3755 Iuda:
940 3696 1339 3755 calidissimum
1369 3695 1591 3767 pietatis
1617 3693 1858 3750 studium
1885 3692 2065 3748 Josias
2094 3691 2342 3746 declara-

760 3791 859 3855 vit,
902 3790 996 3861 qui
1026 3788 1317 3843 columnas
1349 3769 1775 3841 simulacrorum
1812 3782 2107 3846 contrivit,
2136 3790 2340 3836 etcum

761 3882 874 3957 aris
908 3881 1335 3936 simulacrorum
1370 3891 1501 3931 ossa
1529 3874 1829 3931 inﬁdelium
1853 3875 1909 3927 in
1938 3874 2153 3928 cineres
2182 3871 2341 3927 rede~

759 3975 857 4045 git,
883 3972 978 4042 qui
1008 3972 1161 4025 lucos
1190 3969 1398 4025 erroris
1430 3966 1677 4023 funditus
1700 3962 1920 4031 excidit,
1954 3973 2010 4020 et
2042 3979 2139 4020 eos
2162 3963 2255 4034 qui
2284 3963 2341 4018 in

760 4065 996 4120 excelsis
1042 4062 1336 4117 adolebant
1370 4070 1423 4117 et
1453 4059 1876 4123 sacriﬁcabant,
1932 4056 2003 4112 ab
2039 4056 2146 4111 hoc
2188 4055 2342 4109 cultu

764 4155 1016 4219 abduxit,
1047 4161 1101 4207 et
1137 4146 1330 4207 divino’
1363 4150 1535 4205 cultui
1560 4149 1729 4205 decus
1769 4156 1823 4204 et
1858 4148 2122 4203 honorem
2156 4145 2342 4201 conci-

762 4246 941 4311 liavit,
976 4243 1315 4316 perfecitque
1339 4252 1399 4297 ut
1430 4242 1712 4313 splendide
1741 4241 1877 4311 legis
1904 4239 2023 4295 dies
2056 4236 2249 4303 festos,
2281 4242 2343 4290 ut

762 4342 999 4392 testatur
1029 4334 1315 4405 Scriptura
1345 4332 1392 4364 "
1411 4373 1427 4396 ,
1458 4332 1691 4403 populus
1722 4329 2022 4385 celebraret
2048 4344 2063 4394 ;
2102 4338 2227 4379 cum
2254 4332 2340 4377 ta-

765 4444 889 4483 men
937 4426 1237 4482 infidelium
1294 4423 1474 4495 gladio
1519 4426 1688 4478 vitam
1749 4420 2014 4477 violenter
2061 4418 2339 4484 amiserit,

2438 3050 2541 3102 οὐκ
2588 3046 2920 3113 ἐθανάτωσε,
2954 3045 3041 3099 διὰ
3086 3044 3147 3098 τὸ
3194 3044 3378 3097 λαϐεῖν
3426 3042 3587 3097 αὑτὸν
3632 3042 3841 3114 ταύτην
3894 3042 4034 3113 μετὰ

2440 3140 2539 3212 τὴν
2589 3139 2869 3211 ἀναίρεσιν
2928 3137 3024 3191 τοῦ
3088 3137 3286 3208 Οὐρίου
3341 3138 3421 3199 εἰς
3465 3137 3699 3203 γυναῖκα
3746 3133 4031 3197 ἐπιεικῶς.

2442 3232 2628 3303 Τιμῶν
2669 3231 2727 3285 δὲ
2772 3230 2871 3302 τὴν
2907 3230 3192 3302 μετάνοιαν
3220 3229 3249 3281 6
3280 3228 3432 3294 Θεὸς,
3466 3229 3525 3281 ἐν
3556 3229 3668 3289 τοῖς
3695 3226 3762 3278 ἐκ
3791 3226 3894 3297 τῆς
3938 3226 4033 3278 τοῦ

2441 3324 2635 3395 Οὐρίου
2666 3322 2973 3393 γεννηθεῖσι
3008 3321 3368 3391 συνεστήσατο
3390 3317 3484 3372 τοῦ
3505 3316 3677 3371 Δαϐὶδ
3703 3318 3764 3370 τὸ
3812 3318 3982 3385 γένος
4006 3318 4035 3368 6

2447 3416 2580 3481 Θεὸς
2626 3405 2738 3487 (15)
2774 3417 2868 3470 καὶ
2896 3416 2986 3468 τὸν
3018 3413 3254 3486 Χριστὸν
3282 3412 3368 3466 διὰ
3398 3412 3497 3482 τὴν
3540 3410 3711 3483 αὐτὴν
3754 3411 3943 3464 αἰτίαν
3976 3410 4035 3474 ἐξ

2440 3508 2611 3579 αὐτῆς
2640 3508 2981 3578 κατάγεσθαι
3009 3510 3281 3580 ἐποίησεν.

2524 3601 3028 3670 ἘΡΩΤΗΣΙΣΟΘἎ
3048 3601 3112 3654 Et
3140 3600 3355 3653 πάντων
3382 3598 3491 3653 τῶν
3518 3596 3786 3668 βασιλέων
3815 3596 4035 3667 Ἰσραὴλ

2442 3692 2536 3746 καί
2581 3691 2751 3746 Ἰούδα
2784 3694 2874 3746 τὸν
2904 3693 3033 3764 περὶ
3065 3692 3350 3745 εὐσέϐειαν
3382 3690 3542 3761 ζῆλον
3580 3692 3611 3743 6
3660 3688 3878 3751 Ἰωσίας
3907 3687 4036 3759 θερο

2445 3783 2673 3855 μότατον
2705 3783 3036 3850 ἐπεδείξατο,
3060 3782 3157 3845 τὰς
3182 3781 3380 3852 στήλας
3399 3781 3505 3834 τῶν
3540 3778 3775 3833 εἰδώλων
3810 3778 4033 3849 συντρί-

2396 3926 2411 3933 η
2441 3875 2571 3945 ψας,
2606 3875 2701 3927 καί
2735 3876 2832 3928 σὺν
2864 3877 2975 3938 τοῖς
3005 3873 3298 3937 εἰδωλικοῖς
3328 3871 3734 3944 θυσιαστηρίοις
3766 3870 3876 3924 τῶν
3900 3870 4034 3934 ,Ἐλ-

2440 3963 2616 4033 λήνων
2648 3961 2716 4015 τά
2752 3964 2916 4017 ὀστέα
2940 3962 3247 4035 τεφρώσας,
3277 3964 3375 4016 καὶ
3406 3962 3475 4015 τὰ
3509 3961 3645 4033 άλση
3677 3962 3781 4033 τῆς
3822 3961 4034 4031 πλάνης

2441 4054 2610 4125 ἄρδην
2639 4038 2897 4125 ἐκκόψας,
2930 4054 3024 4107 καὶ
3065 4055 3189 4118 τοὺς
3222 4056 3281 4107 ἐν
3313 4056 3427 4117 τοῖς
3461 4053 3684 4123 ὑψηλοῖς
3716 4052 4033 4124 θυμιῶντας

2442 4145 2535 4199 καὶ
2565 4144 2809 4209 θύοντας,
2837 4144 2930 4199 τοῦ
2964 4145 3134 4199 ταῦτα
3168 4145 3405 4199 ἐκτελεῖν
3431 4146 3769 4216 ἀποστήσας,
3803 4146 3905 4210 καί
3933 4146 4032 4217 τὴν

2444 4237 2595 4291 θείαν
2642 4237 2932 4307 ἀνυψώσας
2987 4238 3277 4311 λατρείαν,
3324 4240 3418 4292 καὶ
3463 4236 3730 4309 λαμπρῶς
3785 4237 3890 4301 τὰς
3935 4236 4028 4290 τοῦ

2444 4328 2608 4399 νόμου
2635 4329 2847 4398 ἑορτάς,
2883 4330 2959 4392 ὠς
3008 4332 3330 4403 μαρωρεῖή
3364 4328 3579 4401 Γραφὴ,
3605 4329 3696 4382 τὸν
3740 4329 3873 4382 λαὸν
3911 4332 4029 4382 ἐπι-

2442 4421 2656 4474 τελέσαι
2693 4422 2951 4492 ποιήσας·
2991 4406 3082 4475 ιιαὶ
3105 4421 3247 4490 ξίφει
3284 4421 3381 4492 μὲν
3417 4417 3714 4491 Ἐλληνικῷ
3747 4418 3849 4489 τὴν
3883 4417 4025 4489 ζωὴν

765 4521 995 4594 ejusque
1025 4518 1122 4572 ﬁlii
1161 4518 1363 4589 captivi
1396 4515 1734 4588 Babylonem
1767 4512 1990 4569 abducti
2024 4510 2249 4576 iuerint,
2284 4518 2337 4566 et

2442 4515 2648 4577 ἐκεῖνος
2680 4513 2866 4585 βιαίως
2908 4512 3161 4578 ἀπέθετο,
3196 4513 3246 4565 οἱ
3272 4513 3328 4565 δὲ
3358 4510 3546 4565 τούτου
3593 4509 3783 4574 παῖδες
3826 4509 4027 4580 αἰχμά-

769 4612 827 4665 in
854 4611 1069 4681 longam
1105 4609 1424 4664 servitutem
1461 4605 1771 4662 inﬁdelibus
1802 4602 2022 4658 traditi:
2067 4600 2341 4672 quomodo

770 4704 840 4759 ob
862 4704 978 4757 haec
1007 4717 1114 4755 non
1146 4717 1274 4756 vere
1306 4699 1546 4755 dixerint
1574 4697 1843 4763 inﬁdeles,
1879 4702 2169 4768 propterea
2194 4691 2341 4764 quod

767 4798 956 4852 eorum
1019 4809 1177 4850 sacra
1229 4794 1498 4865 violavit,
1553 4791 1761 4847 idcirco
1807 4800 1917 4845 tam
1953 4788 2214 4843 acerbum
2262 4785 2341 4841 illi

767 4897 1021 4943 eventum
1056 4884 1351 4956 obtigisse?
1375 4882 1609 4940 Ubinam
1637 4889 1821 4937 autem
1853 4879 2188 4950 reperiemus
2215 4890 2341 4931 eum

770 4990 852 5035 tot
903 4989 1050 5035 recte
1108 4977 1381 5033 factorum
1428 4975 1732 5032 mercedem
1790 4971 2102 5043 accepisse?
2134 4970 2241 5024 Aut
2272 4968 2339 5022 ad

768 5088 931 5144 quam
955 5081 1299 5142 posterorum
1325 5069 1615 5125 utilitatem
1646 5068 2004 5134 calamitates,
2036 5080 2155 5136 quae
2178 5064 2342 5119 Josia:

769 5172 896 5237 post
942 5172 1021 5217 tot
1068 5178 1132 5217 ac
1177 5172 1328 5217 tanta
1376 5168 1525 5217 recte
1571 5158 1717 5214 facta
1757 5168 2086 5222 evenerunt,
2143 5157 2341 5212 litteris

771 5260 1039 5313 mandata:
1067 5257 1229 5310 sunt?

2441 4608 2602 4660 λωτοι
2632 4608 2711 4671 εἰς
2743 4605 3036 4661 Βαϐυλῶνα
3073 4604 3417 4677 ἀπήχθησαν,
3460 4604 3556 4657 καὶ
3597 4602 3736 4675 πρὸς
3781 4602 4022 4655 δουλείαν

2443 4698 2766 4769 ἐξεδόθησαν
2826 4698 3174 4769 πολυχρόνιον
3236 4696 3496 4766 Ἕλλησι·
3560 4694 3677 4758 πῶς
3745 4695 3839 4747 ἐπὶ
3903 4697 4022 4748 τού-

2442 4807 2555 4853 τοις
2587 4792 2687 4843 οὐκ
2729 4790 2795 4844 ἂν
2836 4790 3039 4843 εἴποιεν
3070 4788 3734 4860 άληθεύοντεςἝλληνες,
3780 4788 3863 4841 ὅτι
3906 4789 4018 4842 ἀνθ’

2444 4871 2519 4932 ὧν
2551 4880 2630 4941 εἰς
2657 4878 2726 4931 τὰ
2752 4876 3067 4949 σεϐάσματα
3094 4878 3272 4931 αὐτῶν
3313 4878 3758 4949 ἐπλημμέλησεν,
3792 4880 3825 4949 ὴ
3853 4880 4017 4941 cium;

2448 4972 2596 5042 αὐτῷ
2629 4964 2799 5040 πικρὰ
2847 4972 3176 5041 συνήντησεν
3203 4969 3459 5035 ἔκϐασις;
3495 4969 3604 5022 Ποῦ
3638 4969 3693 5023 δὲ
3724 4974 3818 5023 καί¹
3861 4972 4017 5042 εὑρή-

2448 5082 2609 5135 σομεν
2638 5064 2799 5116 αὑτὸν
2835 5063 3067 5133 ἀμοιϐάς
3092 5062 3361 5117 τοσούτων
3396 5061 3835 5133 κατορθωμάτων
3871 5061 4018 5126 δεξά-

2449 5172 2643 5227 μενον;
2674 5156 2784 5209 Καὶ
2814 5155 2950 5227 πρὸς
2979 5157 3132 5207 ποῖον
3161 5154 3271 5207 τῶν
3313 5154 3499 5208 ἔπειτα
3546 5154 3738 5223 ὄφελος
3779 5155 3835 5206 αἰ
3886 5149 4019 5223 μετὰ

2442 5248 2710 5302 τοσούτων
2738 5247 3179 5319 κατορθωμάτων
3213 5247 3442 5318 μέγεθος
3470 5250 3585 5311 τοῖς
3615 5246 3747 5317 περὶ
3779 5248 3872 5300 τὸν
3912 5246 4019 5297 ἰω-

2448 5342 2567 5394 σίαν
2612 5339 3005 5409 συναντήσασαι
3046 5340 3321 5410 συμφοραὶ
3371 5342 3555 5410 γραφῇ
3602 5338 4017 5411 παρεδόθησανς

843 5484 886 5516 ⁵·
922 5483 1051 5554 Sap.
1083 5498 1167 5545 tn.
1197 5483 1284 5537 16.
1362 5483 1407 5517 ⁸³
1438 5482 1635 5539 Ezech.
1672 5497 1867 5549 χχχιιι,
1904 5483 1989 5537 ll.
2065 5481 2115 5513 ”
2142 5480 2186 5534 ll
2219 5479 2337 5534 Par:

2438 5502 2463 5536 ι.
2498 5496 2664 5535 xxxw
2697 5496 2796 5551 per
2823 5487 3017 5535 totum.

843 5615 1314 5687 (14)Αισθητική.
1348 5615 1495 5672 Idem
1554 5617 1755 5687 vulnus
1791 5631 1819 5669 a
1851 5615 2090 5672 librariis
2134 5613 2339 5669 factum

772 5686 943 5744 modo
964 5687 1221 5751 vidimus,
1255 5688 1401 5757 quod
1444 5686 1663 5757 quidem
1715 5688 1831 5755 pari
1880 5686 2092 5740 ratione
2133 5700 2332 5740 sanan-

771 5760 923 5820 dum,
956 5759 1211 5829 nimirum
1241 5756 1579 5829 restituendo
1606 5757 1907 5829 ὲννοητική.

844 5829 980 5897 ti“)
1012 5828 1157 5899 Οὑχί
1190 5830 1227 5898 ὴ
1257 5827 1446 5899 ψυχή.
1481 5826 1791 5902 Legendum
1941 5828 2059 5898 οὐχὶ
2091 5828 2122 5898 ή
2154 5826 2330 5896 ψυχή·

2448 5614 2573 5669 ἄλλο
2606 5615 2706 5687 μὲν
2727 5616 2836 5687 γάρ
2867 5615 2928 5668 τὸ
2955 5614 3217 5687 ἔμψυχον,
3249 5614 3377 5687 άλλο
3401 5614 3459 5668 δὲ
3486 5616 3535 5687 fit
3554 5614 3725 5687 ψυχὴ,
3770 5614 3856 5667 καὶ
3894 5613 4018 5669 ἄλλο

2440 5687 2500 5756 τὸ
2544 5684 2707 5746 κατὰ.
2756 5684 2903 5754 etc.,
2960 5684 3150 5756 sicq'ue
3207 5684 3403 5755 legisse
3449 5684 4013 5755 videtur'intcrpres.

2442 5754 2600 5811 Ευιτ.
2644 5756 2889 5809 ΡΑτιιοιη

2510 5825 2619 5898 (15)
2659 5827 2713 5880 '0
2742 5828 2904 5892 Θεός.
2938 5825 3062 5881 Haec
3098 5841 3323 5896 prorsus
3357 5824 3606 5882 delenda.
