4146 6436
910 380 1376 448 ΩΙΜΞΞΤΙΟΝΕΞ
1406 383 1494 440 ΕΤ
1528 384 2047 442 RESPONSIONES
2082 388 2172 441 AD
2211 387 2698 446 ORTHODOXOS.

3294 394 3428 449 (522

264 496 663 552 ’ΔΠΟΚΡΙΣΙΣ
694 496 752 549 '0
797 497 986 568 καιρὸς
1029 500 1128 570 τῆς
1159 502 1390 573 ἀμοιϐῆς
1414 502 1521 557 τῶν
1568 504 1625 555 ἐν
1675 502 1734 557 εὖ

1938 505 2133 559 RESP.
2182 505 2420 577 Tempus
2464 506 2732 563 mercedis
2777 507 2991 561 illorum
3035 507 3127 577 qui
3174 508 3423 577 pietatem

180 586 369 659 ϐεϐαίᾳ
414 586 528 657 μετ’
579 585 781 658 ἀρετῆς
840 588 1303 661 κατορθωσάντων
1354 591 1452 661 οὐχ
1498 594 1527 645 ὁ
1573 593 1761 664 παρών

177 678 350 741 ἔστιν,
378 676 549 731 ἀλλ’-ὀ
591 675 819 746 μέλλων,
856 677 983 730 καθ’
1018 678 1079 731 ὃν
1120 681 1174 732 αἱ
1208 681 1432 750 ἀμοιϐαὶ
1465 683 1759 754 ἀναφαίρε-

175 789 261 827 τοι
308 771 481 826 εἰσαεὶ
540 769 904 841 προσμένουσι
960 772 1073 833 τοῖς
1124 771 1501 843 ἐκδεχομένοις
1558 774 1748 838 αὑτάς.

189 862 475 936 Ὀδυνηρὸν
504 862 561 914 δὲ
593 861 743 924 τέλος
777 860 995 925 ἐδέξατο
1027 862 1124 931 τῆς
1156 862 1300 932 ζωῆς
1343 864 1551 929 Ἰωσίας
1583 865 1669 919 διὰ
1699 866 1758 919 τὸ

177 938 520 1029 παρακοῦσαι
546 954 705 1006 αὐτὸν
738 952 835 1006 τοῦ
866 954 1288 1025 προστάγματος
1326 955 1588 1027 Ἰερεμίου
1618 958 1759 1029 εἰρη-

174 1044 333 1113 κότος
364 1045 514 1117 αὐτῷ
549 1046 614 1099 ἐκ
643 1046 1063 1115 προστάγματος
1097 1044 1253 1111 Θεοῦ,
1294 1047 1367 1117 μὴ
1408 1046 1640 1112 ἐξελθεῖν
1676 1050 1756 1111 εἰς

175 1142 498 1211 συνάντησιν
556 1138 650 1192 τοῦ
706 1138 972 1208 βασιλέως
1029 1138 1303 1207 Αἰγύπτου
1366 1142 1445 1203 εἰς
1499 1142 1751 1210 πόλεμον,

173 1230 357 1298 καθώς
407 1248 570 1304 φησιν
618 1230 729 1302 (16)
778 1230 834 1305 ὁ.
867 1230 1155 1303 Ἱερεμίας.
1211 1231 1326 1285 Ἵνα
1379 1229 1471 1285 οὖν
1518 1233 1753 1305 καθαρὸν

172 1326 336 1380 αὐτὸν
360 1324 768 1397 ἁμαρτημάτων
798 1324 1092 1396 παραλάϐῃ
1126 1326 1190 1377 ἐκ
1220 1324 1315 1377 τοῦ
1346 1325 1459 1394 βίον
1486 1327 1519 1379 ὁ
1552 1327 1753 1380 Δεσπό-

172 1437 274 1491 της
313 1418 464 1481 Θεὺς,
498 1417 584 1471 διά
628 1416 785 1470 τοῦτο
838 1416 1215 1488 συνεχώρησεν
1266 1416 1560 1488 Ἐλληνικῴ
1611 1417 1751 1486 ξίφει

170 1512 328 1576 δίκας
366 1511 548 1580 δοῦναι
592 1510 797 1580 ταύτης
834 1510 936 1579 τῆς
975 1509 1439 1582 παρακοῆςνπρὸς
1485 1510 1583 1582 τὴν
1609 1511 1752 1564 διδα-

174 1603 400 1659 σκαλίαν
440 1575 547 1655 τῶν
590 1602 716 1672 ἐξῆς
751 1555 1088 1674 ἀνθρώπων,
1135 1555 1462 1673 cod/{carpi}
1507 1555 1750 1655 ἀπειθεῖν

169 1698 285 1759 τοῖς
315 1696 642 1767 προφήταις,
673 1694 767 1747 καὶ
798 1694 915 1757 τοῦ,
952 1696 1019 1748 Εἰ
1047 1696 1079 1747 ό
1107 1693 1337 1762 δίκαιος
1378 1694 1550 1763 μόλις
1574 1692 1748 1754 σώζε-

170 1802 289 1847 ται,
306 1789 351 1840 Δὁ
377 1784 723 1855 ἁμαρτωλὸς
748 1786 844 1839 καὶ
868 1785 1095 1853 ἀσεϐὴς
1122 1786 1240 1838 ποῦ
1267 1784 1572 1853 sparsim”
1598 1787 1659 1838 Οἱ
1692 1786 1747 1839 δὲ

1865 612 1929 650 ae
1969 599 2225 651 virtutem
2255 597 2545 652 coluerunt
2566 638 2579 658 .
2611 612 2715 652 non
2754 613 2995 666 prmsens
3027 607 3138 651 vita
3183 607 3295 662 est,
3328 601 3424 656 sed

1862 687 2065 753 futura,
2116 689 2170 742 in
2220 704 2327 757 qua
2369 688 2478 752 his,
2515 688 2608 758 qui
2634 690 3165 753 remunerabuntur,
3204 692 3423 759 praemia

1860 779 2255 847 permanebunt
2287 794 2567 849 nunquam
2602 777 2916 833 auferenda.
2952 777 3086 833 Vita:
3118 788 3295 833 autem
3324 779 3424 833 tri-

1859 878 1997 923 stem
2025 869 2229 924 exitum
2255 869 2445 928 habuit
2476 868 2655 925 Josias
2684 870 2749 931 ⁸⁵,
2783 870 2907 938 quia
2944 884 3051 924 non
3083 870 3261 939 paruit
3282 886 3423 939 prae-

1858 967 2014 1029 cepto
2044 957 2323 1020 Jeremire,
2365 960 2456 1030 qui
2493 961 2539 1015 ei
2576 960 2670 1014 Dei
2711 962 2870 1029 jussu
2921 962 3201 1026 edixerat,
3249 980 3316 1017 ne.
3365 964 3420 1017 in

1855 1064 2148 1106 occursum
2179 1050 2321 1121 regis
2345 1048 2565 1121 Egypti
2597 1051 2662 1105 ad
2686 1051 2885 1106 bellum
2920 1053 3212 1121 gerendum
3246 1053 3424 1123 prodi-

1855 1152 1958 1205 ret,
1999 1143 2457 1213 quemadmodum
2501 1146 2577 1195 ait
2615 1142 2902 1211 Jeremias.
2940 1144 3009 1198 Ut
3042 1144 3208 1215 igitur
3232 1161 3356 1200 eum
3388 1161 3420 1202 a

1854 1236 2097 1304 peccatis
2151 1250 2343 1304 purum
2394 1234 2696 1302 susciperet
2742 1248 2805 1287 ex
2854 1234 2956 1289 hac
3008 1235 3117 1289 vita
3158 1235 3420 1291 Dominus

1854 1326 2019 1390 Deus,
2055 1335 2340 1397 propterea
2378 1325 2645 1395 permisit,
2676 1332 2734 1377 ut
2768 1323 3066 1380 inﬁdelium
3096 1327 3274 1397 gladio
3302 1341 3420 1398 p09—

1851 1435 1951 1475 nas
1977 1419 2131 1474 daret
2162 1418 2328 1489 hujus
2378 1416 2798 1481 inobedientiaa,
2839 1417 2905 1472 ad
2940 1425 3280 1488 posterorum
3320 1418 3418 1475 do-

1850 1520 2163 1567 crumentum
2207 1526 2274 1564 ne
2310 1511 2593 1581 prophetis
2635 1508 2861 1565 obedire
2914 1508 3255 1573 detrectent,
3301 1518 3415 1568 tutu

1849 1604 2012 1658 etiam
2046 1611 2105 1656 ut
2133 1603 2261 1656 illud
2290 1601 2739 1657 conﬁrmaretur:
2775 1599 2833 1655 Si
2852 1600 3032 1671 justus
3050 1601 3135 1656 vix
3154 1604 3412 1665 solvatur.

1848 1704 2088 1765 peccator
2117 1705 2166 1749 et
2196 1696 2387 1762 impius
2429 1693 2517 1747 ubi
2540 1693 2875 1777 ‘compqrebit
2910 1694 2991 1748 ⁸⁸2
3021 1693 3175 1761 Quod
3220 1695 3264 1750 si
3320 1695 3413 1773 ﬁlii

1848 1786 2010 1843 Josia:
2042 1794 2424 1857 permanentes
2461 1786 2515 1839 in
2551 1769 2751 1855 pietate
2783 1784 2955 1855 patris
2987 1786 3072 1845 sui
3100 1786 3244 1856 capti
3280 1769 3410 1840 fuis-

170 1878 279 1931 υἰοὶ
306 1876 398 1931 τοῦ
444 1878 668 1939 Ἰωσίου,
700 1877 771 1941 εἰ,
802 1877 1095 1947 μεινάντων
1120 1876 1296 1930 αὐτῶν
1322 1878 1381 1931 ἐν
1412 1879 1477 1948 τῇ
1505 1877 1743 1949 εὐσεϐείᾳ

1855 1889 1997 1944 sent,
2021 1880 2200 1933 locum
2228 1878 2451 1933 haberet
2488 1877 2787 1932 inﬁdelium
2812 1877 3008 1932 oratio.
3046 1876 3151 1932 Sed
3182 1878 3228 1932 si
3252 1892 3281 1931 a
3306 1879 3416 1947 pie~

168 1968 265 2022 τοῦ
309 1969 513 2039 πατρὸς
553 1968 767 2034 αὐτῶν,
816 1969 1147 2040 αἰχμάλωτοι
1184 1969 1448 2037 ἐγένοντο,
1491 1964 1633 2041 εἶχεν
1682 1970 1743 2023 ἂν

1852 1978 1964 2026 tate
1994 1970 2165 2041 patris
2197 1970 2601 2033 discesserunt,
2632 1984 2695 2023 ac
2745 1968 3160 2031 simulacrorum
3204 1970 3410 2024 cultum

167 2060 354 2132 χώραν
373 2063 401 2114 ὁ
415 2060 521 2115 τῶν
537 2062 800 2133 Ἑλλήνων
820 2062 993 2131 λόγος,
1013 2063 1093 2115 ὅτι
1110 2061 1223 2115 ἀνθ’
1240 2054 1315 2115 ὧν
1329 2060 1743 2133 ἐπλημμέλησεν

1854 2058 2087 2129 amplexi
2116 2068 2277 2121 sunt,
2329 2069 2394 2113 ac
2440 2057 2731 2114 simulacra
2764 2058 3008 2113 colentes
3040 2059 3185 2129 capti
3244 2052 3369 2113 sunt
3392 2097 3406 2119 .

166 2152 199 2205 ὁ
244 2152 451 2217 Ἰωσίας
484 2154 564 2217 εἰς
595 2153 663 2207 τά
695 2152 800 2205 τῶν
830 2152 1063 2207 εἰδώλων
1094 2152 1429 2224 σεϐάσματα,
1449 2154 1498 2206 οἱ
1528 2153 1631 2206 υἱοὶ
1650 2153 1743 2205 αὺ-

1854 2149 2140 2207 manit'este
2178 2148 2409 2205 mendax
2440 2147 2616 2203 oratio
2642 2149 2962 2203 inﬁdelium.

166 2242 265 2297 τοῦ
304 2244 632 2316 αἰχμάλωτοι
672 2245 939 2313 ἐγένοντο.
999 2246 1062 2297 Εἰ
1095 2246 1152 2299 δέ
1192 2245 1508 2318 ἀπέστησαν
1542 2246 1639 2315 μὲν
1680 2244 1777 2315 τῆς
1813 2242 2089 2307 εὐσεϐείας
2121 2243 2212 2297 τοῦ
2246 2244 2450 2315 πατρὸς
2487 2240 2684 2305 αὐτῶν,
2718 2240 2976 2295 ἀνέλαϐον
3036 2241 3091 2310 δὲ
3121 2239 3228 2295 τῶν
3261 2240 3417 2295 εἰδώ-

166 2337 278 2391 λων
309 2336 409 2408 τὴν
439 2337 710 2407 λατρείαν,
749 2336 843 2389 καὶ
886 2330 1395 2407 εἰδωλολιβροῦντες
1436 2335 1943 2409 ᾐχμαλωτίσθησαν,
1976 2335 2253 2409 προδήλως
2282 2334 2479 2407 ψευδὴς
2506 2338 2535 2389 ὀ
2559 2336 2713 2404 λόγος
2740 2334 2847 2388 τῶν
2892 2334 3170 2406 Ἑλλήνων.

252 2430 601 2483 ἘΡΩΤΗΣΙΣ
635 2431 715 2483 II'.
759 2431 822 2485 Εἰ
860 2428 1227 2501 μακροθυμεῖν
1255 2432 1401 2501 ἡμᾶς
1430 2430 1567 2501 πρὸς
1598 2430 1733 2484 πάν-

163 2539 268 2586 τας
299 2522 334 2594 ή
375 2522 565 2593 Γραφὴ
614 2521 883 2585 διδάσκει,
918 2521 1035 2586 πῶς
1089 2521 1191 2575 οὐκ
1245 2523 1501 2575 ἔπταισεν
1565 2522 1738 2575 Ἐλισ-

166 2616 322 2677 σαῖος
367 2611 687 2677 θανατώσας
737 2612 805 2665 δι’
852 2613 992 2685 ἀρᾶς
1038 2614 1163 2678 τοὺς
1210 2612 1534 2685 ὑϐρίσαντας
1582 2615 1741 2668 αὑτὸν

164 2704 383 2769 παῖδας,
417 2705 509 2758 καὶ
544 2702 776 2776 μάλιστα
810 2704 1067 2776 βρέφεσιν
1112 2708 1497 2781 ἀπειροκάκρις
1546 2721 1738 2776 μνησι-

162 2796 449 2868 κακήσαςν,
472 2795 566 2849 καὶ
597 2795 688 2850 τὸν
714 2796 801 2849 διά
833 2797 940 2850 τῶν
977 2796 1178 2869 θηρίων
1222 2790 1405 2861 αὐτοῖς
1433 2796 1553 2851 ἀντὶ
1579 2796 1739 2874 ψιλῆς

162 2886 266 2959 τῆς
292 2888 371 2952 εἰς
394 2887 554 2941 αὑτὸν
583 2886 789 2958 ὕϐρεως
812 2890 1058 2959 ἐπήγαγε
1088 2889 1313 2964 θάνατον
1338 2904 1353 2954 ;

261 3063 664 3117 ‘AIIOKPIEIZ.
722 3063 848 3117 Ὅτε
902 3063 988 3117 διὰ
1056 3064 1154 3133 τῆς
1208 3062 1581 3135 μακροθυμίας
1609 3064 1738 3129 ⁵τῶν

163 3154 537 3229 ὑϐριζομένων
564 3156 625 3209 οὐ
654 3142 863 3223 γίνεται
898 3158 931 3226 ἡ
968 3154 1270 3225 διόρθωσις,
1300 3154 1417 3207 τότε
1461 3155 1495 3225 ὴ
1542 3155 1738 3208 ἀποτο-
1763 3147 1803 3203 C

166 3248 272 3319 μία
296 3246 397 3318 τῆς
425 3245 806 3319 μακροθυμίας
848 3244 1330 3318 τοῖςάδιορθιὶγτοις
1361 3244 1593 3317 μάλιστά
1622 3244 1735 3299 ἐστι

162 3339 570 3411 χρησιμωτέρα.
604 3340 679 3391 Οὐ
709 3339 815 3410 χρὴ
844 3334 936 3393 οὖν
974 3336 1274 3393 διαϐάλλειν
1314 3338 1405 3390 τὸν
1450 3337 1735 3409 προφήτην

162 3432 260 3485 ἐπὶ
286 3434 353 3504 τῇ
384 3431 676 3503 ἀποτομία.
707 3430 971 3503 Εὑρηκὼς
998 3430 1108 3503 γάρ
1130 3430 1227 3502 τὴν
1253 3429 1631 3502 μακροθυμίαν
1661 3429 1736 3500 μὴ

162 3522 509 3595 παρέχουσαν
562 3526 674 3587 τοῖς
731 3523 1104 3596 ἁμαρτάνουσι
1154 3522 1255 3593 τῆς
1308 3522 1581 3593 ἁμαρτίας
1636 3520 1735 3593 τὴν

162 3615 437 3691 αἴσθησιν,
478 3615 572 3670 καὶ
617 3615 801 3687 ἐπειδὴ
849 3616 946 3679 τὰς
974 3614 1155 3684 φωνάς
1183 3614 1405 3678 ταύτας,
1433 3614 1499 3678 ἃς
1539 3613 1735 3684 ἀτιμά-

161 3706 350 3771 ζοντες
391 3705 481 3759 τὸν
523 3705 806 3777 προφήτην
856 3704 1039 3773 ἔλεγον
1082 3704 1132 3757 οἰ
1177 3704 1383 3767 παῖδες,
1440 3703 1591 3775 παρά
1626 3702 1733 3755 τῶν

162 3797 367 3868 γονέων
412 3797 591 3852 αὐτῶν
635 3796 987 3868 ἐδιδάχθησαν
1020 3797 1105 3850 ἀεὶ
1133 3796 1269 3867 πρὸς
1297 3797 1423 3859 τοὺς
1454 3796 1735 3867 προφήτας

160 3888 419 3959 ἀπεχθῶς
444 3888 753 3958 ἐσχηκότων
793 3886 871 3957 (τὸ
897 3890 1026 3957 γάρ,
1065 3885 1389 3948 Ἀνὰϐαινε,
1442 3883 1732 3954 φαλακρέ,

163 3979 305 4052 πρὸς
349 3979 644 4051 διασυρμδν
695 3978 877 4047 ελεγον
913 3980 1014 4049 τῆς
1060 3977 1153 4032 τοῦ
1204 3978 1356 4032 Ἠλία
1397 3978 1731 4050 ἀναλήψεως,

160 4072 364 4126 ὡσανεὶ
390 4070 548 4125 τοῦτο
584 4071 849 4141 λέγοντες,
870 4070 1216 4142 ,Λαμϐανέτω
1249 4070 1343 4124 καὶ
1387 4072 1447 4124 σέ
1496 4069 1731 4140 πνεῦμα,

162 4166 262 4218 καὶ
289 4164 499 4239 ῥιψάτω
529 4180 589 4217 σε
616 4166 693 4228 εἰς
720 4164 843 4235 ὅρος
872 4163 1091 4229 ἄϐατον,
1113 4163 1189 4227 ὡς
1217 4163 1460 4216 κάκεῖνον
1491 4162 1729 4236 ἔρριψεν,

161 4257 233 4310 ῐν*
254 4255 651 4327 ἀπαλλαγῶμεν
668 4256 761 4310 καὶ
781 4255 894 4321 σοῦ,
917 4255 991 4317 ὡς
1016 4240 1271 4309 κάκείνου
1296 4252 1581 4325 ἀπηλλάγη
1590 4252 1728 4324 μεν),

158 4347 252 4402 διὰ
278 4345 436 4414 τοῦτο
461 4348 528 4419 τῇ
557 4345 831 4419 ἀναιρέσει
872 4346 979 4399 τῶν
1008 4345 1212 4399 παίδων
1238 4345 1579 4416 ἐμαστίγωσε
1608 4345 1733 4407 τοὺς

158 4444 360 4513 γονεῖς,
381 4442 466 4495 ἰνα
500 4440 713 4512 μάθωσι
744 4439 819 4512 μὴ
846 4437 1130 4510 ἀτιμάζειν
1156 4439 1280 4501 τοὺς
1310 4438 1610 4509 προφήτας.
1640 4436 1731 4490 καὶ

159 4535 230 4589 δι’
260 4532 439 4588 αὐτῶν
465 4532 557 4586 τὸν
589 4531 741 4587 Θεόν.

246 4623 595 4679 ἘΡΩΤΗΣΙΣ
620 4622 748 4677 ΠΔ’.
766 4622 828 4676 Εἰ
859 4623 1006 4677 πᾶσα
1032 4620 1204 4693 πλάνη
1233 4624 1299 4693 τῇ
1324 4622 1557 4693 Χριστοῦ
1588 4639 1728 4694 παρ-

156 4716 714 4788 ουσίας-κατήργηται,
756 4714 873 4779 πῶς
914 4714 1005 4768 διά
1046 4714 1154 4769 τῶν
1186 4713 1530 4785 καλουμένων
1561 4714 1728 4781 ἐγγα-

159 4807 475 4881 στριμύθων
513 4808 563 4860 οἰ
595 4806 845 4878 δαίμονες
878 4806 1234 4877 φθέγγονται;
1263 4802 1387 4867 Πῶς
1430 4801 1486 4857 δὲ
1513 4801 1610 4856 οὐκ
1632 4804 1729 4856 εὑ-

1912 2427 2188 2497 QUASST.
2223 2418 2433 2484 LXXX.
2472 2428 2528 2483 Si
2561 2428 2875 2499 patientiam
2900 2441 3000 2482 nos
3028 2426 3282 2483 omnibus
3310 2445 3410 2484 ex-

1840 2522 2030 2577 hibere
2059 2520 2343 2591 Scriptura
2374 2520 2563 2587 docet,
2589 2520 2862 2591 quomodo
2893 2534 3003 2574 non
3031 2520 3275 2590 peccavit
3304 2519 3410 2575 Eli-

1842 2629 2004 2677 steus,
2023 2613 2115 2684 qui
2140 2628 2362 2684 pueros,
2379 2626 2409 2667 a
2438 2611 2642 2682 quibus
2665 2610 2828 2682 472
2846 2610 3228 2665 contumeliam
3245 2624 3404 2666 acce-

1842 2713 2016 2777 perat,
2033 2705 2197 2760 morti
2217 2719 2313 2775 per
2334 2703 2775 2773 imprecationem
2804 2701 3048 2766 tradidit,
3065 2702 3407 2774 maximeque

1842 2796 2140 2866 inexpertis
2172 2796 2302 2850 mali
2340 2794 2641 2850 infantibus
2678 2794 3029 2860 succensuit,
3076 2793 3266 2864 eisque
3309 2810 3405 2865 per

1842 2886 2008 2952 feras,
2036 2886 2106 2942 ob
2138 2886 2310 2943 levem
2342 2886 2445 2957 ipsi
2475 2886 2676 2941 factam
2710 2885 2967 2955 injuriam
2990 2924 3007 2951 ,
3056 2892 3286 2941 mortem
3317 2887 3403 2940 in-

1841 2978 2001 3033 tulit?

1910 3068 2106 3127 RESP.
2141 3068 2277 3123 Cum
2311 3069 2571 3139 patientia
2602 3084 2812 3133 eorum,
2847 3072 2939 3141 qui
2972 3069 3225 3141 injuriam
3258 3070 3403 3124 acci-

1836 3162 2013 3233 piunt,
2045 3177 2152 3216 non
2177 3169 2462 3231 promovet
2488 3161 2946 3226 emendationem,
2976 3171 3106 3216 tunc
3139 3159 3402 3217 severitas

1835 3254 2095 3324 patientia
2130 3254 2316 3307 utilior
2338 3263 2459 3317 est,
2505 3254 2591 3309 his
2617 3255 2917 3325 praesertim
2959 3253 3052 3324 qui
3086 3269 3194 3307 non
3228 3251 3402 3307 corri-

1834 3354 2054 3415 guntur,
2073 3344 2191 3399 Non
2214 3345 2375 3416 igitur
2395 3346 2785 3415 vituperandus
2806 3346 2877 3400 ob
2901 3344 3243 3400 severitatem
3271 3357 3401 3413 pro-

1836 3438 2020 3507 pheta.
2056 3418 2190 3490 Nam
2220 3450 2343 3490 cum
2380 3436 2675 3505 reperisset
2706 3434 2967 3504 patientia
3009 3447 3121 3487 non
3151 3430 3400 3501 praestari

1836 3530 2190 3600 peccantibus
2256 3542 2479 3583 sensum
2545 3527 2783 3596 peccati;
2848 3540 3081 3595 cumque
3139 3530 3401 3593 praeterea

1836 3621 1993 3691 pueri
2024 3624 2186 3675 v‘oces
2220 3620 2341 3673 illas
2364 3658 2378 3682 ,
2406 3634 2544 3689 quas
2574 3634 2670 3689 per
2700 3618 2959 3688 probrum
2990 3618 3045 3671 in
3079 3616 3400 3686 prOphetam

1835 3713 2125 3775 dicebant,
2161 3727 2191 3765 a
2225 3711 2539 3780 parentibus
2578 3725 2793 3780 semper
2825 3709 3118 3780 prOphetas
3147 3708 3273 3762 odio
3302 3708 3401 3761 hat:

1838 3806 2096 3860 Dentibus
2126 3803 2448 3859 didicissent
2474 3801 2629 3872 (illud
2655 3801 2800 3855 enim
2833 3819 2849 3857 :
2884 3798 3138 3864 Ascende,
3155 3800 3297 3851 calve
3327 3796 3398 3861 ",

1831 3897 2055 3969 iocandi
2075 3910 2240 3951 causa
2265 3895 2519 3950 dicebant
2536 3893 2591 3948 in
2618 3892 2749 3955 Eliae
2778 3888 3401 3963 assumptiouem,quasi

1835 3989 2122 4044 dicerent:
2162 3986 2421 4043 Assumat
2458 3994 2513 4041 et
2559 3975 2629 4040 ιε’
2660 3984 2890 4055 spiritus
2933 3990 2989 4038 et
3035 3982 3288 4054 projiciat
3340 3980 3399 4035 in

1834 4089 2069 4137 montem
2096 4079 2468 4140 inaccessum,
2510 4075 2966 4148 quemadmodum
2999 4082 3053 4130 et
3093 4074 3243 4128 illum
3270 4086 3401 4143 pro-

1830 4169 1983 4240 iecit,
2018 4175 2077 4223 ut
2105 4167 2566 4239 quemadmodum
2606 4168 2675 4221 ab
2703 4167 2799 4221 illo
2814 4205 2840 4232 ,.
2861 4165 2935 4219 ita
2967 4166 3130 4221 etiam
3173 4180 3203 4219 a
3241 4172 3293 4220 te
3329 4163 3399 4218 ii-

1834 4262 1948 4316 beri
1978 4268 2031 4315 et
2065 4261 2229 4315 soluti
2261 4259 2480 4329 simus),
2500 4266 2782 4330 prOpterea
2814 4247 3105 4329 puerorum
3142 4272 3274 4314 nece
3302 4271 3397 4311 ca-

1833 4352 2053 4425 stigavit
2081 4358 2356 4422 parentes,
2382 4358 2443 4405 ut
2472 4349 2747 4406 discerent
2766 4349 3151 4404 contumeliam
3170 4348 3399 4418 prophe-

1833 4444 1903 4500 tis
1933 4455 1984 4499 et
2012 4459 2107 4515 per
2144 4444 2267 4499 illos
2299 4443 2408 4499 Deo
2440 4460 2551 4501 non
2587 4442 2791 4501 Iacere.

1902 4618 2184 4689 QUAEST.
2246 4618 2483 4674 LXXXI.
2548 4617 2605 4674 Si
2655 4618 2905 4675 seductio
2958 4618 3135 4673 omnis
3189 4616 3395 4673 Christi

1831 4714 2122 4785 praesentia
2148 4714 2363 4767 sublata
2390 4720 2506 4780 est,
2538 4711 2812 4782 quomodo
2836 4726 2933 4782 per
2960 4726 3055 4766 eos
3074 4750 3088 4771 .
3133 4710 3225 4781 qui
3263 4726 3396 4766 ven-

1831 4806 2051 4875 triloqui
2102 4804 2392 4868 dicuntur,
2440 4804 2712 4861 dtcmones
2744 4804 3071 4874 loquuntur?
3112 4802 3394 4870 Quomodo

157 4899 292 4970 τελῆ
340 4900 433 4953 καὶ
476 4899 929 4971 καταφρονήσεως
976 4897 1125 4962 ἀξιον
1174 4896 1264 4951 τὸν
1309 4896 1728 4967 Χριστιανισμὸν

1843 4905 2013 4951 autem
2040 4912 2149 4950 non
2188 4895 2351 4950 vilem
2386 4903 2442 4953 et
2476 4896 2875 4965 aspernabilem
2907 4894 3144 4950 elﬁciunt
3174 4894 3392 4965 religio-

157 4992 514 5067 παριστῶσιν,
548 4993 673 5047 ὅταν
700 4990 758 5044 ἐν
792 4990 1003 5061 σώμασι
1030 4986 1366 5062 Χριστιανῶν
1394 4986 1460 5041 τά
1492 4988 1589 5059 μὲν
1628 4987 1727 5057 τῆς

1843 5004 1958 5044 nem
1992 4988 2363 5043 Christianam
2385 5026 2401 5051 ,
2436 5001 2562 5042 cum
2602 4988 2659 5041 in
2701 4988 3022 5057 corporibus
3051 4988 3393 5045 Christiano-

154 5088 375 5160 ἀπάτης
402 5084 790 5141 ἐπιδείκνυνται
818 5080 971 5155 ἔργα,
1004 5082 1074 5135 τά
1098 5081 1155 5135 δὲ
1180 5080 1279 5152 τῆς
1314 5072 1566 5151 μαντείας
1592 5080 1727 5133 ἀπο-

1843 5096 1949 5136 rum
2004 5088 2059 5137 et
2114 5080 2451 5137 seductionis
2502 5079 2669 5134 edunt
2716 5093 2913 5150 opera,
2955 5090 3008 5134 et
3040 5079 3393 5137 divinationis

158 5182 487 5254 φθέγγονται
523 5180 676 5249 λόγια
695 5195 711 5245 ;

1843 5172 2111 5229 πυῐειίιηι
2134 5187 2418 5244 responsa.

202 5342 205 5343 ν
257 5273 642 5329 ΔΠΟΚΡΙΣΙΣ.
687 5270 749 5324 Εἰ
793 5268 934 5324 κατά
974 5269 1037 5321 τὸ
1083 5268 1368 5340 εἰρημένον
1419 5264 1627 5320 οὐδέπω
1653 5262 1721 5317 τά

1896 5265 2093 5321 RESP.
2130 5264 2187 5320 Si
2215 5265 2515 5322 secundum
2542 5265 2840 5337 Scriptura:
2868 5264 3074 5320 dictum
3098 5284 3110 5319 :
3139 5264 3385 5320 Nondum

164 5365 339 5421 πάντα
385 5362 532 5434 αὑτῷ
579 5361 988 5431 ὑποτεταγμένα
1034 5362 1189 5425 εἰσὶν,
1222 5359 1382 5433 ἀχρις
1419 5357 1485 5413 ἀν
1518 5373 1723 5427 καταρ-

1843 5357 2001 5411 ιηιιιὶα
2027 5356 2076 5412 ei
2103 5355 2339 5427 subjecta
2365 5366 2488 5412 sunt
2514 5355 2583 5424 ⁸⁸,
2604 5354 2779 5412 donec
2808 5354 3151 5427 abrogaverit
3172 5370 3389 5410 omnem

157 5460 306 5532 γήσῃ
332 5459 509 5513 πᾶσαν
541 5455 714 5529 ἀρχὴν
745 5458 839 5510 καὶ
863 5452 1127 5521 ἐξουσίαν,
1156 5455 1231 5518 ὡς
1262 5450 1406 5527 εἶναι
1428 5451 1607 5523 δῆλον,
1638 5451 1721 5503 ὅτι

1843 5450 2189 5521 ιιίηςίροιιιιιι
2215 5457 2270 5505 et
2292 5456 2646 5521 potestatem;
2669 5446 3019 5504 manifestum
3042 5454 3123 5505 est
3147 5446 3389 5503 nondum

230 5636 281 5671 ⁸⁸
312 5633 555 5691 ΠΡεηὶ.
590 5650 757 5701 xxxv,
789 5632 883 5691 30.
958 5633 1005 5665 ⁸⁸
1038 5631 1059 5686 ι
1091 5633 1237 5689 Petr.
1272 5650 1345 5697 IV,
1380 5632 1465 5687 l8.
1543 5632 1587 5671 ετ
1622 5629 1689 5684 IV
1727 5630 1743 5683 l

1851 5674 1863 5685 .
1905 5647 1965 5695 ιι,
1997 5629 2109 5685 23.
2166 5630 2210 5663 ⁸⁸
2234 5628 2397 5689 Hebr.
2434 5647 2493 5697 ιι,
2524 5630 2577 5689 8.

229 5817 337 5892 (16)
358 5816 560 5883 Καθὼς
588 5832 799 5886 φησιν.
840 5815 961 5873 [hec
990 5814 1331 5888 conjiciendo
1365 5814 1623 5870 dicuntur
1648 5812 1714 5867 ab

1843 5827 1854 5866 :
1890 5810 2176 5882 scriptore.

478 5915 753 5974 ΡΔτιιοι..
796 5914 913 5975 Gn.
966 5912 1065 5973 Vl.

2994 5900 3073 5962 ω
