4146 6426
180 429 319 486 1325

878 401 1346 492 ρυΕδΤΙΟΝΕὸ
1381 422 1466 477 ΕΤ
1499 415 2022 478 HESPONSIONES
2055 416 2148 471 AD
2185 406 2667 470 ORTHODOXOS

3300 411 3437 466 1526

181 559 354 618 ρισμα
394 543 576 597 Αασεῖν
631 543 929 606 Ἐλισσαῖος
971 541 1238 611 ἠκούσθη,
1285 541 1401 603 πῶς
1443 539 1568 592 οὕτε
1598 539 1757 592 sane

1873 535 2066 590 ionum
2113 533 2453 604 duplicatum
2502 530 2732 586 Elisazus
2776 528 3118 598 impetravit,
3164 526 3441 599 quomodo

177 636 305 692 οὔτε
331 637 493 692 διπλᾶ
535 637 791 708 θαύματα
833 637 1123 706 ἐποίησεν;
1177 631 1288 689 οἷον
1331 635 1486 688 ὑετὸν
1514 637 1753 705 ἐπέχειν,

182 729 279 782 καὶ
305 727 447 800 λιμῷ
491 727 700 790 πιέζειν
728 727 827 799 τὴν
862 728 986 798 γῆν,
1032 727 1205 797 πυρὸς
1241 725 1381 779 κατὰ
1416 725 1614 778 θυσιῶν
1645 725 1753 795 (20)

182 820 434 894 οὐρανίου
463 819 654 890 φοράν,
683 819 876 892 ίερέων
919 818 1260 890 ἀνομούντων
1290 815 1524 885 σφαγάς,
1558 833 1755 885 πεντη-

184 895 498 984 κονταρχων
542 910 652 982 (21)
702 913 882 966 όλο....
931 912 1025 965 καὶ
1069 911 1136 963 τὰ
1178 910 1368 973 λοιπάς
1426 910 1612 972 Πόθεν,
1665 905 1757 964 οῦν

195 1002 494 1065 Ἐλισσαῖος
534 1001 878 1072 δειχθήσεται
915 1001 1013 1070 τὴν
1059 999 1252 1051 ἑαυτοῦ
1291 999 1505 1071 αἴτησιν
1536 1001 1629 1052 καὶ
1663 998 1757 1070 τὴν

181 1094 279 1149 τοῦ
321 1093 474 1147 Ἠλία
505 1093 797 1163 ὑπόσχεσιν
828 1091 1227 1163 κομισάμενος;

272 1267 670 1321 ’ΔΠΟΚΡΙΣΙΣ.
709 1267 823 1319 Οὐκ
842 1265 1080 1337 ᾐτήσατο
1121 1264 1419 1327 Ἐλισσαῖος
1457 1263 1517 1316 τὸ
1540 1260 1760 1316 διπλοῦν

182 1357 281 1411 τοῦ
330 1357 637 1429 πνεύματος
667 1357 805 1429 πρὸς
833 1358 1052 1428 ποίησιν
1080 1355 1186 1408 τῶν
1217 1355 1395 1409 αὐτῶν
1434 1354 1637 1408 διπλῶν
1673 1354 1761 1426 έρ-

183 1464 323 1517 γων,
366 1448 500 1502 ἀλλά
535 1449 673 1519 πρὸς
723 1448 782 1501 τὸ
826 1449 1030 1519 ἰσχύειν
1071 1447 1257 1508 ἁπλῶς
1292 1446 1533 1498 ἐκτελεῖν
1565 1446 1666 1498 ὃσα
1695 1441 1761 1516 ἦν

185 1541 348 1612 χρεία
379 1539 471 1593 τοῦ
499 1539 747 1608 γενέσθαι
785 1541 875 1593 ὑπ’
903 1539 1067 1594 αὑτοῦ
1102 1538 1237 1609 μετά
1267 1535 1509 1607 μείζονος
1545 1554 1764 1609 περιου-

189 1631 316 1695 σίας
345 1632 646 1702 δυνάμεως.
689 1632 799 1702 Τῆς
843 1632 899 1684 δὲ
934 1633 1202 1702 αἰτήσεως
1242 1631 1322 1682 ὅτι
1365 1628 1464 1682 οὑκ
1503 1627 1760 1698 ἀπέτυχε,

190 1719 533 1793 μαρτυροῦσι
560 1722 627 1775 τά
650 1721 717 1773 δι’
741 1719 905 1774 αὑτοῦ
940 1719 1201 1786 γεγονότα
1229 1717 1478 1788 θαύματα
1499 1736 1512 1749 ·
1549 1711 1623 1771 ὧν
1645 1717 1766 1772 τινά

193 1813 292 1884 μὲν
321 1812 502 1875 διπλᾶ,
544 1813 668 1869 ,τινὰ
695 1812 752 1866 δὲ
789 1810 938 1864 ἀπλὶ
966 1810 1262 1877 ἐξετέλεσε.
1297 1810 1368 1863 Τὸ
1410 1811 1519 1882 γάρ
1556 1812 1763 1882 ἐγείραι

188 1903 285 1958 δύο
315 1905 562 1976 νεκροὺς,
585 1904 683 1958 ἕνα
722 1904 820 1975 μὲν
852 1903 1052 1968 ζῶντος
1084 1901 1270 1965 αὑτοῦ,
1301 1902 1399 1956 ἕνα
1429 1903 1485 1956 δὲ
1513 1901 1766 1974 τελευτή-
1799 1895 1839 1950 Β

195 2013 407 2062 σαντος,
432 1998 490 2051 τὸ
523 1997 743 2051 διπλοῦν
768 1997 954 2066 ἐδήλου
983 1995 1081 2066 τῆς
1106 1997 1161 2048 ὲν
1190 1998 1299 2058 τοῖς
1323 1996 1526 2059 λοιποῖς
1552 1995 1764 2066 θαύμα-

195 2105 301 2154 σιν,
338 2090 387 2142 εί
423 2089 692 2154 ἐϐούλετο,
730 2089 1047 2160 περιουσίας
1081 2087 1177 2158 τῆς
1209 2089 1266 2140 ὲν
1308 2087 1457 2158 αὐτῷ
1483 2087 1630 2151 θείας
1673 2087 1766 2142 τοῦ

192 2183 508 2255 Πνεύματος
539 2184 776 2255 χάριτος.
811 2183 919 2236 Καὶ
948 2183 1039 2234 ἐπὶ
1067 2181 1164 2251 μὲν
1201 2180 1294 2234 τοῦ
1335 2180 1488 2234 Ἠλία
1513 2181 1649 2250 πρὸς
1672 2181 1769 2253 τὴν

193 2276 386 2350 χρείαν
434 2276 643 2345 ἐγίνετο
692 2275 785 2330 τοῦ
831 2273 1011 2329 ἐλαίου
1044 2277 1076 2346 ἡ
1109 2275 1369 2338 ἐπίδοσις,
1429 2274 1522 2326 ἐπὶ
1573 2275 1628 2327 δὲ
1676 2274 1768 2329 τοῦ

209 2369 513 2427 Ἐλισσαίου
547 2369 642 2423 καὶ
677 2368 818 2440 ὑπὲρ
856 2367 952 2439 τὴν
978 2367 1183 2439 χρείαν.
1215 2367 1323 2420 Καὶ
1364 2369 1391 2419 ό
1434 2367 1530 2436 μὲν
1587 2366 1770 2430 Ἠλίας

195 2463 310 2535 πῦρ
336 2465 644 2546 κατήγαγειν
665 2463 730 2530 ὲκ
750 2460 852 2515 τοῦ
867 2458 1095 2533 οὐρανοῦ
1125 2459 1261 2532 πρὸς
1295 2460 1392 2530 τὴν
1425 2461 1635 2530 ἄμυναν
1665 2459 1770 2513 τῶν

195 2554 429 2627 ἐχθρῶν,
461 2557 487 2607 ό
507 2554 562 2607 δὲ
609 2554 906 2616 Ἐλισσαῖος
938 2554 1135 2616 ἵππους
1163 2553 1255 2606 καὶ
1297 2552 1571 2614 ἀναϐάτας
1603 2552 1771 2622 πυρὸς

197 2645 511 2718 κατήγαγεν
533 2647 597 2699 ὲκ
618 2644 708 2699 τοῦ
731 2645 960 2718 οὐρανοῦ
983 2646 1120 2718 πρὸς
1151 2644 1399 2716 βοήθειαν
1426 2644 1502 2715 τῷ
1535 2644 1768 2716 Ἰσραήλ.

285 2739 634 2792 ΈΡΩΤΗΣῘΣ
662 2739 788 2792 ΙΙΕ’.
828 2739 890 2792 Εἰ
927 2738 1046 2791 τότε
1088 2737 1204 2790 ἐστὶ
1246 2735 1423 2790 τελεία
1459 2736 1768 2802 ἀνάστασις,

195 2830 288 2884 ὅτε
319 2829 349 2883 ὁ
369 2829 570 2893 τέλειος
602 2828 880 2882 ἀνίσταται
912 2827 1221 2901 ἄνθρωπος,
1249 2828 1364 2891 πῶς
1383 2827 1528 2896 λέγει
1553 2827 1691 2897 μετά
1715 2827 1773 2882 τὸ

197 2921 514 2978 δεσποτικὸν
558 2918 739 2984 πάθος
769 2921 802 2990 ἠ
831 2908 1044 2992 Γραφὴ,
1083 2920 1166 2974 ὅτι
1201 2919 1370 2974 πολλά
1402 2918 1626 2990 σώματα
1667 2919 1773 2973 τῶν

197 3011 614 3084 κεκοιμημένων
661 3012 830 3080 ἁγίων
865 3010 1071 3083 ἠγέρθη
1091 3026 1104 3073 ;
1127 3009 1260 3087 ὅπερ
1277 3010 1372 3062 οὐκ
1389 3005 1538 3064 εἶπεν
1553 3009 1645 3063 ἐπὶ
1665 3009 1774 3063 τῶν

129 3125 140 3133 δ
197 3104 376 3161 ἄλλων
405 3097 480 3158 ὧν
517 3105 544 3156 ὁ
576 3103 779 3176 Κύριος
813 3103 1032 3174 ἡγειρεν
1057 3119 1071 3132 ο
1102 3096 1211 3156 οἷον
1238 3100 1330 3152 ὲπ).
1367 3100 1638 3172 Λαζάρου,
1679 3102 1774 3154 καὶ

200 3199 297 3252 ἐπὶ
325 3192 417 3251 τοῦ
451 3196 566 3249 υἱοῦ
595 3195 693 3266 τῆς
728 3195 924 3266 χήρας,
951 3195 984 3264 ἢ
1023 3193 1147 3266 περ).
1179 3192 1278 3262 τῆς
1308 3190 1572 3263 θυγατρὸς
1621 3191 1774 3245 Ἰαείο

201 3304 323 3359 ρου,
356 3286 468 3340 ἀλλ’
495 3283 776 3348 ἀπολύτως
795 3285 875 3337 ὅτι
905 3284 1052 3337 τόνδε
1084 3283 1115 3354 ἦ
1147 3282 1303 3352 τήνδε
1340 3282 1619 3353 ἀνέστησε.
1651 3281 1773 3345 Πῶς

199 3374 295 3433 οῦν
318 3377 410 3430 ἐπὶ
443 3376 658 3431 τούτων’
685 3375 844 3446 μόνον
886 3375 1152 3445 σωμάτων
1182 3373 1530 3437 ἀναστάσεως
1563 3373 1772 3444 μέμνη-

201 3489 315 3537 ται,
350 3471 442 3526 καὶ
476 3469 668 3539 ἐπάγει
693 3470 774 3522 ότι
804 3467 1231 3538 ἐνεφανίσθησαν
1261 3466 1474 3529 πολλοῖς
1499 3483 1512 3531 ;
1541 3467 1677 3537 ὅπερ
1701 3465 1775 3536 τῷ

202 3561 443 3632 πλείστῳ
486 3561 641 3632 μέρει
683 3558 984 3629 φαντασίας
1036 3558 1289 3611 ὑπόνοιαν
1329 3556 1528 3610 δίδωσι.
1569 3558 1680 3610 Καὶ
1727 3559 1776 3610 εἰ

202 3652 282 3724 τῷ
319 3653 428 3708 ὖντι
459 3653 639 3725 ἄψυχα
670 3652 782 3724 (22.)
805 3651 1106 3720 ἀνέστησαν
1149 3649 1396 3721 σώματα,
1443 3649 1536 3702 καὶ
1572 3651 1620 3701 εί
1654 3646 1777 3701 ἐπες

202 3746 430 3812 σίωσαν,
453 3745 490 3817 ἦ
519 3744 718 3808 εὐθέως
739 3743 1113 3814 ἐτελεύτησαν,
1147 3742 1178 3814 ἦ
1210 3743 1456 3814 μένουσιν
1490 3744 1546 3795 ὲν
1579 3741 1778 3795 ἀθανα-

205 3837 319 3910 σίᾳ,
358 3837 452 3892 καὶ
495 3838 639 3900 ὅποι,
675 3837 770 3890 καὶ
813 3836 866 3888 τί
890 3838 1002 3899 τοῖς
1032 3836 1150 3906 μετ’
1183 3835 1421 3898 ἐκείνους
1443 3834 1517 3910 ex
1547 3832 1656 3886 τῶν
1690 3835 1774 3886 ἐπ’

203 3930 390 3994 αὐτοῖς
415 3929 714 4000 γεγονότων
739 3928 800 3982 τὸ
826 3929 1016 3998 ὄφελος
1050 3927 1252 3992 δίδωσι,
1287 3927 1513 3992 δίδαξον.

292 4021 690 4076 ἈΙΙΟΚΡΙΣΙΣ.
715 4021 779 4074 Et
805 4019 1014 4073 τελείαν
1049 4019 1342 4072 ἀνάστασιν
1364 4019 1564 4091 ταύτην
1586 4017 1778 4072 καλοῦ-

206 4129 308 4186 μεν
349 4112 459 4167 τῶν
502 4110 874 4183 ἀνισταμένων
905 4109 1227 4183 ἀνθρώπων,
1261 4111 1369 4164 τῶν
1401 4110 1587 4182 ψυχῶν
1619 4111 1780 4163 είσοι-

204 4205 507 4277 κιζομένων
541 4203 700 4258 πάλιν
731 4205 811 4268 είς
855 4202 922 4257 τὰ
960 4202 1182 4274 σώματα
1227 4203 1337 4256 τῶν
1386 4201 1777 4274 ἀνισταμένων,

203 4299 365 4369 δῆλον
404 4299 486 4351 ὅτι
525 4297 722 4361 πάντες
745 4296 799 4349 οἴ
828 4313 887 4349 τε
922 4295 1268 4371 ἀναστάντες,
1303 4296 1354 4349 οἵ
1394 4311 1454 4348 τε
1499 4277 1780 4367 μέλλοντες

205 4391 526 4447 ἀνίστασθαι
555 4390 659 4444 ὑπὸ
691 4378 786 4443 τοῦ
817 4390 1024 4461 Κυρίου
1071 4390 1266 4443 τέλειοι
1305 4390 1604 4460 ἀνέστησαν
1646 4389 1778 4461 (25).

219 4483 500 4538 Ἀδύνατον
543 4483 650 4553 γὰρ
679 4482 928 4552 γενέσθαι
954 4481 1162 4554 νεκρῶν
1193 4481 1506 4547 ἀνάστασιν,
1545 4483 1644 4553 τῆς
1675 4481 1778 4551 ψυ-

1857 642 2036 697 neque
2065 625 2374 694 simplicia,
2416 637 2596 691 neque
2641 620 2880 691 duplicia
2923 619 3095 674 edidit
3137 620 3440 685 miracula,

1859 719 2022 788 quale
2043 726 2129 773 est
2158 716 2399 788 pluviam
2431 714 2679 770 inhibere
2703 752 2720 778 ,
2753 711 2896 768 fame
2927 720 3131 768 terram
3163 726 3440 782 premere.

1857 811 2101 866 cmlestis
2141 808 2284 879 ignis
2326 806 2383 860 in
2417 806 2668 862 victimas
2698 805 2922 875 lapsus,
2956 803 3302 859 sacerdotum
3331 803 3438 858 ini-

1859 915 2094 972 quorum
2126 897 2326 962 caedes,
2357 894 2818 967 quinquagenarii
2849 892 3091 966 przefecti
3120 894 3266 965 ignis
3287 893 3443 948 holo-

1861 997 2114 1044 caustum
2144 987 2275 1042 facti
2305 994 2360 1043 et
2384 985 2618 1056 reliqua.
2662 984 2818 1040 Unde
2855 983 3023 1054 igitur
3056 982 3312 1038 Elisaaum
3355 982 3448 1039 de-

1862 1078 2260 1134 monstrabitur
2284 1086 2336 1133 et
2359 1078 2636 1147 propriam
2662 1075 2977 1148 petitionem
2997 1073 3190 1130 etEliae
3217 1076 3449 1144 promis-

1863 1157 2074 1225 sionem
2106 1167 2456 1238 reportasse?
3200 1219 3211 1251 ἱ

1935 1260 2136 1318 RESP.
2186 1261 2304 1318 Non
2352 1261 2510 1332 petiit
2551 1258 2782 1316 Elisaeus
2833 1259 3168 1330 duplicatum
3217 1259 3446 1330 spiritus

1864 1357 2067 1412 donum
2088 1396 2102 1421 ,
2153 1365 2213 1410 ut
2239 1353 2432 1409 eadem
2472 1368 2640 1424 opera
2668 1353 2753 1409 bis
2783 1353 3005 1420 ederet,
3037 1351 3132 1408 sed
3164 1361 3222 1406 ut
3257 1362 3449 1423 posset

1866 1449 2190 1519 simpliciter
2231 1445 2494 1518 perlicere
2537 1460 2880 1517 quascunque
2925 1461 3066 1516 Opus
3110 1452 3231 1501 erat
3271 1445 3342 1499 ab
3380 1459 3448 1501 eo

1869 1542 1986 1597 ﬁeri
2018 1558 2141 1596 cum
2172 1541 2426 1596 uberiore
2459 1541 2750 1609 potestatis
2787 1542 3008 1595 virtute.
3042 1537 3316 1602 Petitione
3348 1554 3450 1592 au-

1869 1643 1976 1690 tem
2012 1634 2165 1688 illum
2194 1634 2419 1690 minime
2447 1635 2716 1690 excidisse
2737 1675 2753 1710 ,ξ
2783 1642 3058 1688 testantur
3087 1633 3156 1687 ab
3195 1647 3261 1688 eo
3289 1632 3450 1687 editae

1870 1743 1958 1782 res
1989 1727 2324 1783 admirandae
2345 1770 2359 1791 ,
2385 1741 2526 1798 quas
2560 1727 2761 1798 partim
2789 1723 3089 1795 simplices,
3123 1713 3324 1796 partim
3355 1725 3443 1780 du-

1870 1818 2042 1889 plices
2066 1821 2340 1889 praestitit.
2367 1818 2510 1874 Nam
2535 1820 2681 1890 quod
2705 1818 3114 1874 duoscxcitavit
3136 1817 3446 1884 defunctos,

1869 1912 2099 1967 alterum
2127 1911 2308 1966 adhuc
2341 1912 2522 1976 vivus,
2553 1912 2785 1968 alterum
2810 1911 2925 1980 jam
2953 1919 3200 1966 mortuus
3231 1929 3245 1968 :
3277 1911 3453 1982 dupli-

1869 2014 2046 2058 catam
2095 2004 2150 2058 id
2188 2005 2299 2058 vim
2342 2004 2399 2058 in
2446 2003 2675 2074 reliquis
2709 2001 3024 2080 miraculis,
3058 2001 3104 2058 si
3146 2017 3212 2058 ea
3245 2003 3323 2056 uti
3354 2019 3450 2058 vo.

1869 2094 2086 2158 luisset,
2118 2093 2476 2149 exuberantis
2510 2093 2566 2146 in
2593 2108 2660 2148 eo
2681 2092 2878 2148 divinae
2907 2107 3005 2162 per
3042 2089 3306 2163 Spiritum
3333 2110 3453 2165 gra-

1870 2185 1996 2250 tiae,
2043 2185 2362 2264 declaravit.
2403 2185 2584 2255 Atque
2623 2183 2752 2240 Eliaa
2792 2185 3012 2255 quidem
3063 2193 3340 2257 tempore,
3381 2185 3450 2240 ail

1871 2277 2247 2333 necessarium
2279 2294 2462 2343 usum,
2497 2276 2677 2333 Elisaai
2709 2293 2860 2340 vero,
2900 2292 3068 2346 supra
3102 2292 3300 2353 usum',
3342 2278 3450 2334 olei

1873 2368 1974 2424 fuit
2007 2371 2430 2426 incrementum.
2477 2369 2543 2424 Et
2579 2369 2726 2426 Elias
2769 2370 2950 2440 ignem
2985 2369 3050 2424 ad
3087 2370 3272 2426 hostes
3311 2371 3451 2426 ulci-

1873 2461 2137 2526 scendos,
2169 2460 2398 2516 Elisaeus
2429 2469 2610 2517 autem
2642 2476 2814 2532 equos
2838 2469 2891 2516 et
2920 2461 3135 2532 equites
3166 2462 3355 2534 igneos
3382 2464 3452 2522 ad

1873 2550 2092 2621 Israelis
2115 2551 2379 2607 auxilium
2403 2551 2469 2607 de
2491 2552 2631 2606 casio
2655 2549 2901 2607 deduxit.

1946 2728 2227 2799 QUAEST.
2287 2729 2548 2787 LXXXV.
2576 2729 2634 2786 Si
2671 2739 2805 2787 tunc
2833 2730 3074 2802 perfecta
3118 2734 3455 2790 resurrectio

1874 2829 1989 2890 est,
2020 2838 2146 2880 cum
2191 2823 2470 2895 perlectus
2503 2825 2742 2896 resurgit
2777 2825 2974 2894 homo,
3013 2826 3291 2897 quomodo
3320 2827 3456 2882 dicit

1878 2914 2162 2985 Scriptura
2195 2923 2318 2985 post
2346 2915 2684 2971 Dominicam
2704 2915 3026 2973 Passionem
3046 2920 3218 2974 multa
3241 2927 3458 2976 sancto-

1879 3022 1998 3060 rum
2048 3007 2435 3072 dormientium
2484 3024 2719 3078 corpora
2759 3009 2933 3067 fuisse
2977 3011 3256 3077 excitata,
3305 3011 3455 3084 quod

1877 3098 2098 3169 quidem
2126 3115 2235 3155 non
2267 3099 2404 3154 dixit
2433 3100 2499 3157 de
2531 3101 2676 3165 aliis,
2712 3086 2852 3173 quies
2881 3103 3144 3160 Dominus
3173 3105 3456 3174 excitavit,

1878 3190 2028 3244 velut
2059 3189 2125 3246 de
2153 3189 2361 3246 Lazaro
2390 3199 2454 3246 et
2476 3191 2586 3247 ﬁlio
2612 3193 2786 3252 viduae
2817 3201 2872 3248 et
2899 3191 3034 3248 Jairi
3066 3195 3177 3249 lilia
3196 3235 3210 3260 ,
3243 3196 3340 3252 sed
3367 3197 3460 3254 ab-

1877 3282 2055 3338 solute
2090 3283 2236 3340 bunc
2276 3292 2369 3339 aut
2411 3284 2558 3338 illam
2595 3285 2763 3341 fuisse
2803 3286 3122 3341 excitatum.
3168 3287 3459 3354 Quomodo

1875 3388 2006 3444 ergo
2038 3375 2093 3428 in
2127 3373 2210 3430 his
2245 3383 2456 3430 tantum
2485 3386 2780 3447 corporum
2813 3379 3240 3436 resurrectionis
3272 3381 3461 3436 memi-

1877 3465 1989 3528 nit,
2037 3463 2297 3534 additque
2349 3468 2675 3536 apparuisse
2730 3468 2952 3533 multis,
3011 3467 3158 3539 quod
3206 3470 3461 3528 maximae

1876 3555 2015 3625 parti
2033 3554 2402 3635 suspicionem
2421 3556 2819 3626 pbantasmatis
2838 3558 3060 3628 praebet.
3078 3560 3256 3632 Atque
3270 3570 3462 3632 utrum,

1875 3661 2069 3703 revera
2103 3647 2344 3703 animata
2367 3650 2772 3706 resurrexerint
2794 3650 2961 3724 474
2997 3643 3250 3723 corp‘ora,
3275 3661 3462 3710 utrum

1887 3739 2293 3811 supervixerint
2323 3751 2419 3796 aut
2450 3742 2637 3798 statim
2663 3741 2921 3810 obierint,
2957 3758 3027 3799 an
3054 3744 3111 3800 in
3138 3745 3463 3801 immortali-

1878 3841 1989 3890 tate
2019 3841 2298 3898 maneant,
2328 3843 2382 3890 et
2411 3833 2526 3900 ubi,
2553 3842 2607 3891 et
2629 3851 2751 3906 qua:
2770 3850 2834 3891 ex
2860 3835 2967 3902 his,
2989 3852 3110 3908 qua:
3139 3838 3247 3896 illis
3269 3853 3459 3895 evene-

1877 3934 2030 3990 runt,
2062 3926 2130 3980 ad
2154 3933 2405 3996 posteros
2427 3927 2742 4001 pervenerit
2769 3928 3000 3995 utilitas,
3023 3929 3212 3986 edoce.

1954 4005 2152 4072 RESP.
2187 4017 2244 4072 Si
2279 4019 2578 4090 perfectam
2615 4021 2766 4074 illam
2803 4019 3038 4075 dicimus
3068 4020 3352 4078 hominum
3378 4039 3461 4080 re-

1878 4112 2223 4184 surgentium
2249 4113 2726 4178 resurrectionem,
2751 4127 2878 4167 cum
2910 4113 3103 4170 animm
3124 4129 3186 4167 ru
3197 4129 3343 4169 rsum
3371 4116 3460 4174 in-

1878 4207 2246 4284 troducuntur
2288 4205 2343 4260 in
2381 4220 2612 4276 corpora
2656 4206 3094 4276 resurgentium,
3131 4205 3304 4276 liquet
3336 4223 3462 4279 per-

1881 4299 2056 4354 fectus
2084 4297 2457 4354 resurrexisse
2500 4311 2720 4362 omnes,
2758 4297 2862 4368 qui
2898 4297 2966 4352 ad
3013 4298 3184 4354 vitam
3219 4303 3461 4358 revocati

1880 4399 2011 4448 sunt
2041 4408 2073 4446 a
2105 4390 2358 4457 Domino,
2402 4391 2659 4461 idemque
2687 4389 2981 4446 dicendum
3012 4387 3080 4445 de
3115 4390 3186 4446 iis
3207 4432 3224 4459 ,
3248 4392 3342 4463 qui
3375 4409 3462 4449 re-

1879 4487 2247 4540 vocabuntur.
2274 4482 2420 4540 Fieri
2451 4484 2599 4540 enim
2633 4499 2743 4540 non
2777 4491 2957 4554 potest
2986 4492 3329 4540 mortuorum
3380 4501 3462 4543 re-

204 4577 308 4654 χῆς
342 4577 416 4649 μὴ
449 4574 875 4646 είσοικιζομένης
903 4575 984 4638 είς
1007 4575 1066 4627 τὸ
1092 4575 1289 4628 οἰκεῖον
1324 4575 1500 4645 σῶμα.
1536 4574 1656 4628 Κᾶν
1684 4571 1772 4628 οῦν

1881 4579 2173 4642 surrectio,
2203 4562 2312 4634 nisi
2340 4578 2526 4632 anima
2548 4577 2934 4634 introducatur
2956 4577 3012 4633 in
3035 4578 3323 4649 proprium
3343 4594 3464 4636 cor-

205 4667 340 4740 ετπῃ
369 4669 404 4739 ἡ
429 4666 548 4720 θεία
590 4666 800 4738 Γραφὴ,
837 4668 920 4720 ὅτι
954 4668 982 4720 ὁ
1023 4667 1166 4722 δεῖνα
1200 4667 1397 4737 ἀνέστη
1438 4669 1500 4720 ἐκ
1551 4665 1659 4720 τῶν
1690 4684 1776 4720 νε-

205 4761 377 4834 κρῶν,
407 4761 442 4833 ἢ
473 4746 556 4814 ότι
587 4758 813 4837 σώματα
837 4759 1135 4831 ἀνέστησαν
1161 4761 1224 4812 ὲκ
1261 4758 1370 4811 τῶν
1403 4759 1632 4831 νεκρῶν,
1671 4760 1776 4831 χρὴ

205 4855 355 4926 ἡμᾶς
398 4853 463 4909 δι’
495 4852 762 4925 ἑκατέρας
792 4853 973 4925 φωνῆς
997 4852 1096 4924 τὴν
1125 4851 1335 4906 τελείαν
1373 4855 1511 4906 νοεῖν
1546 4853 1780 4908 ἀνάστα-

205 4964 315 5009 σιν,
337 4946 436 5018 τὴν
467 4945 607 5000 κατά
638 4945 890 4999 ἀπόδοσιν
919 4944 1097 5016 ψυχῆς
1127 4944 1204 5016 τῷ
1231 4945 1441 5017 σώματι
1464 4947 1772 5018 γινομένην⁹

205 5042 302 5094 κάὶ
343 5039 590 5110 καθάπερ
619 5040 747 5092 ὅταν
777 5039 906 5109 εἴπῃ
949 5039 982 5108 ἡ
1019 5037 1138 5091 θεία
1182 5037 1392 5110 Γραφή·
1451 5041 1502 5092 Ὁ
1547 5041 1779 5109 ἐγείρας

206 5135 315 5190 τὸν
333 5133 551 5201 Κύριον
575 5131 744 5202 ἡμῶν
770 5130 1002 5198 Ἰησοῦν
1024 5130 1280 5199 Χριστὸν
1301 5131 1368 5184 ἐκ
1396 5132 1512 5185 τῶν
1550 5132 1778 5201 νεκρῶν

207 5222 548 5293 ᾰυοποιήσει
579 5223 682 5288 τὰς
703 5223 908 5291 ψυχὰς
936 5219 1034 5275 καί
1070 5220 1141 5275 τὰ
1167 5219 1409 5298 σώματα
1441 5222 1626 5294 ἡμῶν,
1652 5223 1774 5277 οὔτε

311 5339 358 5372 ⁸³
391 5336 550 5392 Rom.
581 5350 700 5400 rm,
726 5335 815 5390 11.

1880 4689 2005 4744 pus.
2040 4669 2145 4727 Ubi
2178 4671 2342 4741 igitur
2368 4670 2504 4726 dicit
2536 4668 2823 4741 Scriptura
2857 4669 3009 4724 illum
3041 4669 3343 4738 hominem,
3377 4674 3462 4730 vel

1881 4780 2114 4837 corpora
2144 4765 2517 4820 resurrexisse
2549 4777 2580 4817 a
2609 4763 2867 4828 mortuis,
2893 4769 3110 4834 oportet
3139 4771 3198 4818 ut
3227 4772 3460 4836 utraque

1879 4877 2014 4916 voce
2043 4859 2341 4932 perfectam
2371 4851 2745 4928 intelligamus
2776 4857 3262 4923 resurrectionem,
3294 4873 3460 4928 quam

1880 4951 2062 5005 anima
2095 4949 2316 5020 corpori
2366 4948 2624 5004 restituta
2666 4944 2862 5011 elﬁcit;
2904 4954 2957 5002 et
2996 4948 3460 5016 quemadmodum

1881 5039 2066 5094 divina
2095 5039 2381 5110 Scriptura
2401 5055 2523 5096 cum
2541 5030 2712 5092 dicit}
2740 5036 2844 5104 Qui
2871 5033 3148 5091 suscitavit
3175 5037 3462 5093 Dominum

1882 5142 2123 5186 nostrum
2148 5131 2334 5186 Jesum
2362 5129 2632 5187 Christum
2660 5140 2690 5182 ο
2731 5129 2954 5183 mortuis
2973 5169 2987 5194 ,
3017 5130 3302 5198 viviﬁcabit
3343 5132 3461 5185 ani.

1878 5241 1996 5281 mas
2017 5237 2066 5281 et
2095 5242 2317 5296 corpora
2346 5237 2530 5281 nostra
2560 5224 2640 5288 υ,
2671 5236 2771 5278 nec
2796 5217 3169 5292 imperfectam
3200 5223 3334 5279 dicit
3375 5241 3463 5281 re-

277 5454 386 5527 (29)
420 5454 580 5527 Κατᾲ
606 5445 852 5527 θυσιῶν.
891 5452 976 5527 Β.
1111 5454 1221 5527 ᾐκαὶ
1249 5451 1772 5527 θυσιῶν.,Εηιρηᾶει-

1873 5457 1948 5509 cit
1971 5457 2212 5527 Langus.

209 5524 295 5580 vit'
325 5524 682 5598 Sylburgius,
750 5525 845 5595 qui
889 5525 978 5598 ita_
1016 5525 1277 5598 scribere
1319 5524 1534 5598 maluit,
1573 5541 1774 5595 quam,

207 5594 417 5668 quod‘a
447 5594 732 5650 Schildero
755 5594 982 5668 proponi
1009 5596 1224 5668 a_it,_értt
1255 5594 1470 5668 θυσιῶν.

281 5663 978 5737 (21)”m11xqrzlipiaw.
1023 5666 1348 5737 Sylburgius
1381 5667 1640 5737 lacunam
1681 5682 1777 5737 ex-

208 5735 318 5809 plet
362 5737 590 5808 legendo
645 5735 1009 5791 ὁλοκαύτωσιν
1033 5777 1046 5801 ,
1072 5735 1076 5736 ί
1106 5737 1191 5791 vel
1240 5735 1543 5808 ὁλόκληρον
1609 5735 1777 5788 ἐκπύ-

209 5819 394 5949 μνὲἔλ
422 5881 681 5953 Ἀψνκα
715 5877 909 5938 Melius
931 5879 1166 5954 ἔμψυχα,
1217 5877 1479 5948 animata,
1503 5877 1778 5952 ut_conje-

1871 5539 1896 5591 tv
1943 5529 2050 5599 (25)
2088 5528 2308 5600 Τέλειος
2345 5527 2716 5598 ἀνέστησαν.
2755 5529 2973 5600 Langus
3003 5529 3186 5590 addit.
3218 5529 3311 5600 καὶ
3336 5529 3460 5581 ἀνα-

1876 5598 2168 5672 στήσεσθαι
2193 5598 2468 5672 μέλλουσι,
2522 5601 2667 5670 quod
2703 5598 2924 5672 quidem
2953 5600 3199 5672 libenter?
3227 5599 3458 5672 adopta-

1876 5668 1990 5724 rem
2014 5668 2512 5742 (aceuraliorenim
2541 5668 2736 5728 'esset'
2767 5669 3204 5742 sententia),nisi
3252 5670 3456 5742 scirem

1875 5740 2464 5815 nonnullahinterdum
2495 5743 2776 5815 _antiquos
2811 5739 3109 5813 scriptores
3143 5739 3457 5798 subintelli-

1875 5811 2049 5883 genda
2081 5812 2407 5882 relinquere.
2463 5883 2474 5890 _
2495 5809 2512 5817 ⁵
