4146 6434
743 408 882 463 1327

1482 399 1848 458 APPENDIX.
1885 430 1955 440 —
1992 398 2176 453 PARS
2218 397 2260 452 1.
2304 397 2363 455 S.
2398 391 2663 451 JUSTINI
2701 391 2931 447 OPERA
2972 389 3246 446 SPURlA.

3868 384 4007 440 139.8

739 525 1138 583 surrectionem
1161 566 1176 588 ,
1225 536 1326 577 nec
1353 522 1722 591 suspicionem
1750 518 1843 573 dat
1874 516 2271 587 phantasmatis
2292 554 2307 579 ,

2412 511 2579 581 ἀτελῆ
2621 509 2769 578 λέγει
2800 507 2895 577 τὴν
2923 506 3235 568 ἀνάστασιν,
3281 502 3405 556 οὕτε
3438 503 3749 572 φαντασίας
3794 501 4005 556 δίδωσιν

739 618 836 673 sed
867 615 1163 683 perfectam
1194 614 1615 670 resurrectionis
1650 611 1810 665 ﬁdem
1844 610 2001 675 facit;
2040 610 2120 663 sic
2151 608 2311 662 etiam

737 724 865 764 cum
914 712 990 764 ait
1027 728 1040 763 :
1077 708 1327 762 Excitata
1360 718 1479 761 sunt
1508 723 1572 761 επ
1612 709 1834 761 mortuis
1882 704 2050 757 multa
2092 718 2313 771 corpora

738 812 1077 866 sanctorum,
1119 801 1207 871 qui
1244 800 1570 855 dormierunt
1610 803 1685 865 ",
1719 801 2017 873 perfectam
2062 796 2196 851 dicit
2230 811 2315 849 reo

739 893 1156 950 surrectionem.
1184 891 1310 947 Haec
1351 901 1530 948 autem
1562 902 1878 948 sanctorum
1914 892 2246 947 resurrectio
2261 898 2313 943 et

737 986 1055 1041 hominibus
1094 986 1146 1039 in
1183 986 1285 1041 hac
1324 987 1433 1039 vita
1479 986 1805 1057 degentibus
1852 997 1905 1040 et
1956 985 2212 1039 omnibus
2258 984 2311 1037 in

738 1079 956 1134 inferno
974 1078 1259 1134 animabus
1283 1085 1603 1149 argumento
1618 1078 1846 1139 exstitit,
1861 1086 2090 1131 mortem
2107 1074 2312 1130 Christi

737 1171 982 1226 omnium
1028 1170 1311 1225 hominum
1353 1171 1547 1224 mortis
1576 1170 1811 1240 pretium
1842 1168 2031 1223 fuisse.
2071 1166 2314 1237 Quapro-

736 1269 859 1332 pter
885 1276 987 1317 nec
1015 1277 1210 1317 rursus
1234 1262 1511 1325 obierunt,
1545 1262 1638 1316 sed
1668 1271 1988 1332 permanent
2010 1260 2062 1313 in
2097 1259 2314 1312 immor-

736 1354 971 1418 talitate,
1008 1361 1069 1407 ut
1097 1352 1286 1407 Enoch
1328 1361 1383 1408 et
1415 1352 1595 1413 Elias,
1628 1361 1681 1407 et
1712 1368 1835 1406 cum
1859 1354 1938 1407 eis
1964 1358 2093 1406 sunt
2123 1350 2177 1403 in
2218 1365 2315 1420 pa-

735 1446 924 1501 radiso
955 1452 1342 1515 exspectantes
1376 1446 1523 1499 illam
1554 1445 1683 1500 Jesu
1714 1445 1919 1499 Christi
1962 1442 2315 1498 resurrectio-

735 1559 895 1611 nem,
938 1559 1060 1615 quae
1097 1543 1212 1613 jam
1257 1551 1463 1599 aeterna
1502 1552 1589 1598 est
1638 1554 1693 1600 et
1742 1561 1839 1616 per
1883 1544 2311 1599 immutationem

734 1636 901 1699 facta.
936 1636 1241 1692 secundum
1282 1652 1445 1707 quam
1468 1677 1482 1701 ,
1512 1645 1571 1692 ut
1608 1639 1685 1692 ait
1730 1638 1949 1694 divinus
1978 1637 2269 1707 Apostolus
2294 1677 2310 1703 ,

736 1747 916 1785 omnes
951 1729 1352 1784 immutabimur
1382 1731 1449 1785 ἰ.
1480 1728 1614 1785 Nam
1643 1730 1709 1785 ad
1737 1738 1995 1787 aeternam
2044 1740 2098 1785 et
2140 1730 2315 1784 incor-

734 1821 1051 1893 ruptibilem
1100 1822 1304 1885 vitam,
1336 1821 1579 1876 nondum
1610 1822 1937 1891 cujusquam
1982 1821 2187 1876 exstitit
2224 1835 2312 1876 re-

736 1914 1031 1979 surrectio,
1064 1922 1426 1984 praeterquam
1458 1912 1760 1969 Salvatoris
1794 1902 2021 1970 Christi.
2074 1912 2227 1969 Unde
2258 1921 2313 1969 et

734 2006 1115 2076 primogenita:
1148 2016 1479 2061 mortuorum
1505 2006 1553 2039 "
1580 2016 1635 2063 et
1663 2007 1911 2077 primitia:
1940 2006 2312 2060 dormientium

738 2096 786 2128 ”
815 2097 1121 2167 appellatus
1151 2104 1255 2153 est.

809 2187 1092 2255 QUIEST.
1126 2188 1413 2245 LXXXVL
1449 2189 1580 2256 Qua:
1612 2198 1695 2245 est
1737 2190 2118 2260 interpretatio
2144 2204 2311 2245 voca-

736 2279 993 2333 bulorum
1023 2278 1251 2332 istorum
1286 2296 1299 2332 :
1332 2276 1503 2342 Mina,
1534 2278 1670 2346 rphi,
1704 2278 1866 2337 nebei,
1890 2294 2093 2348 gomor,
2126 2277 2309 2339 sidus,

738 2369 1041 2433 basilicum,
1065 2378 1329 2435 sanctum,
1350 2378 1540 2435 stater,
1566 2369 1821 2423 drachma
1838 2410 1852 2437 ,
1882 2370 2172 2440 quadrans,
2198 2386 2313 2423 mo-

736 2463 877 2527 nile,
904 2461 1249 2527 didrachma,
1282 2462 1571 2523 talentum,
1607 2463 1775 2523 assis,
1808 2462 2103 2533 seraphim,
2140 2459 2311 2529 be‘zel,

2414 604 2685 663 ὑπόνοιαν,
2714 600 2845 653 ἀλλά
2878 598 3089 651 τελείαν
3125 595 3473 659 ἀναστάσεως
3509 594 3611 665 τὴν
3644 593 3843 646 πίστιν
3864 608 3880 622 ·
3918 592 4002 645 οὔ·

2412 711 2518 757 τως
2550 694 2643 747 καὶ
2676 694 2801 746 ὅταν
2844 691 2997 761 λέγῃ·
3064 688 3308 760 Ἠγέρθη
3352 688 3553 741 πολλὰ
3590 685 3856 757 σώματα
3891 686 4003 739 τῶν

2413 785 2853 855 κεκοιμημένων·
2881 783 3065 851 ἁγίων
3090 783 3159 835 ἐκ
3195 779 3443 849 νεκρῶν,
3469 779 3568 851 τὴν
3598 780 3829 833 τελείαν
3861 780 4001 847 λέγει

2414 879 2724 932 ἀνάστασιν.
2763 877 2954 943 Γέγονε
2985 876 3041 928 δὲ
3068 875 3270 928 τούτων
3297 874 3404 927 τῶν
3436 874 3611 941 ἁγίων
3630 877 3665 946 ἡ
3703 875 4001 937 ἀνάστασις

2413 971 2682 1036 ἀπόδειξις
2707 970 2835 1039 (9.4).
2862 963 3013 1021 Εἶναι
3042 968 3133 1021 τὸν
3156 967 3249 1020 τοῦ
3276 965 3512 1038 Χριστοῦ
3536 966 3778 1022 θάνατον
3813 967 3998 1021 τοῦ....

2413 1080 2488 1116 ων
2519 1061 2838 1133 ἀνθρώπων,
2868 1064 2979 1124 τοῖς
3010 1064 3067 1115 ὲν
3098 1059 3174 1130 τῷ
3201 1059 3519 1130 παρόντι....
3555 1058 3771 1123 πάσαις
3796 1062 3922 1123 ταῖς
3949 1061 4003 1116 ὲν

2413 1155 2490 1226 τῷ
2522 1155 2619 1226 ᾆδη
2654 1153 2868 1223 ψυχαῖς.
2904 1154 2981 1205 Δι’
3015 1154 3081 1223 ἢν
3113 1152 3292 1205 αἰτίαν
3324 1152 3442 1204 οὐδὲ
3481 1150 3859 1222 ἐτελεύτησαν
3904 1151 4001 1205 πάρ

2413 1248 2515 1312 λιν,
2548 1246 2681 1299 ἀλλά
2730 1248 2978 1317 μένουσιν
3021 1248 3078 1298 ἐν
3124 1244 3413 1315 ἀθανασίᾳ,
3462 1244 3717 1315 καθάπερ
3754 1245 3785 1296 ό

2414 1341 2509 1394 καὶ
2535 1343 2563 1392 ὁ
2608 1341 2811 1402 Ἠλίας,
2854 1339 2945 1392 καί
2985 1340 3092 1390 εἰσι
3127 1337 3222 1390 σὺν
3254 1338 3436 1401 αὐτοῖς
3465 1338 3522 1389 ἑν
3560 1336 3641 1408 τῷ
3676 1337 4001 1408 παραδείσῳ

2415 1433 2773 1504 ἀναμένοντες
2802 1431 2899 1501 τὴν
2942 1430 3041 1503 ἤδη
3081 1430 3306 1484 αἰωνίαν
3335 1429 3444 1501 (25)
3475 1429 3579 1499 τῆς
3614 1428 3715 1482 τοῦ
3756 1428 3997 1500 Χριστοῦ

2415 1524 2762 1585 ἀναστάσεως
2792 1522 3081 1593 γινομένην
3111 1522 3250 1575 κατά
3283 1518 3603 1590 ἐναλλαγὴν,
3639 1519 3767 1573 καθ’
3802 1521 3897 1591 ἦν,
3928 1518 4000 1583 ὦς

2415 1633 2581 1689 φησιν
2628 1617 2657 1668 ό
2696 1616 2835 1678 θεῖος
2885 1614 3197 1679 ἀπόστολος,
3230 1614 3457 1680 Πάντες
3495 1614 3995 1683 ἀλλαγησόμεθα.

2413 1711 2507 1773 Εἰς
2535 1708 2644 1779 γὰρ
2670 1706 2934 1761 ἀθάνατόν
2968 1723 3029 1758 τε
3074 1708 3166 1759 καὶ
3207 1706 3479 1778 ἄφθαρτον
3519 1703 3662 1776 ζωὴν
3718 1703 3881 1757 οὔπω
3911 1706 3995 1773 γέ-

2414 1802 2538 1871 γονέ
2566 1817 2710 1863 τινος
2740 1801 2773 1871 ἡ
2802 1800 3115 1861 ἀνάστασις,
3143 1796 3279 1867 πλὴν
3305 1796 3400 1850 τοῦ
3429 1797 3680 1868 Σωτῆρος
3710 1794 3961 1868 Χριστοῦ
3979 1814 3991 1826 ·

2413 1893 2495 1947 διὸ
2526 1892 2619 1946 καὶ
2670 1891 3009 1963 πρωτότοκος
3050 1889 3158 1942 τῶν
3204 1875 3431 1961 νεκρῶν,
3482 1889 3576 1942 καὶ
3606 1887 3842 1961 ἀπαρχὴ
3889 1888 3995 1941 τῶν

2414 1984 2827 2056 κεκοιμημένων
2852 1981 3230 2054 ἀνηγόρευται.

2502 2181 2850 2237 ἘΡΩἹἩΣΙΣ
2869 2181 3001 2249 Πςν.
3023 2179 3089 2233 Τί
3114 2177 3471 2251 ἑρμηνεύεται
3500 2178 3538 2247 ἡ
3559 2174 3705 2247 μνᾶ,
3748 2174 3817 2229 τό
3848 2169 3993 2244 οἶφι,

2413 2277 2478 2331 τὸ
2515 2276 2711 2339 νέϐελ,
2760 2277 2826 2328 τὸ
2858 2276 3060 2344 γόμορ,
3090 2274 3156 2326 τὸ
3184 2274 3424 2335 σίκλον,
3454 2271 3520 2325 τὸ
3541 2266 3901 2335 βασιλικὸν,
3931 2266 3996 2320 τό

2413 2369 2602 2439 ἅγιον,
2635 2371 2668 2422 ό
2706 2366 2958 2436 στατὴρ,
3006 2369 3043 2435 ή
3070 2366 3325 2435 δραχμὴ,
3362 2367 3395 2419 ό
3438 2361 3796 2436 κοδράντης,
3839 2364 3877 2414 ό
3906 2364 3998 2428 ἐρ-

2407 2462 2647 2531 μίσκος,
2676 2460 2739 2514 τὸ
2765 2459 3112 2529 δίδραχμον,
3143 2460 3208 2511 τὸ
3228 2456 3543 2519 τάλαντον,
3569 2454 3636 2507 τὸ
3664 2451 3994 2531 ἀσσάριον,

735 2551 960 2606 sabaoth
982 2591 998 2616 ,
1030 2550 1272 2617 Adonai,
1324 2538 1537 2621 ephod?
1576 2530 1945 2622 Utrorumque
1976 2552 2119 2606 enim
2154 2552 2311 2606 nobis

2412 2530 2480 2606 ω
2510 2554 2818 2622 “papam,
2842 2551 3127 2620 τὸ;,ϐεζὲλ,
3156 2551 3222 2604 τὸ
3250 2548 3507 2613 σαϐαὼθ,
3535 2548 3600 2601 τὸ
3635 2530 3903 2609 nam,
3931 2544 3995 2597 τι)

734 2642 1051 2698 necessaria
1079 2650 1165 2699 est
1193 2643 1435 2714 cognitio
1464 2663 1476 2698 :
1513 2650 1744 2713 utraque
1790 2657 2029 2713 namque
2056 2643 2110 2696 in
2164 2640 2315 2697 Scri-

735 2732 915 2803 pturis
937 2736 1313 2789 continentur.

804 2823 1007 2881 RESP.
1042 2824 1304 2897 Exposita
1342 2834 1427 2882 est
1454 2826 1523 2881 ab
1564 2824 1798 2897 Origene
1820 2865 1834 2890 ,
1880 2824 1998 2879 viro
2032 2822 2314 2879 Hebraicze

734 2916 936 2988 lingua
963 2916 1163 2988 perito,
1196 2918 1464 2981 omnium,
1509 2933 1629 2988 qua)
1660 2918 1714 2971 in
1757 2916 1929 2971 sacris
1969 2914 2202 2987 Scriptis
2230 2916 2311 2973 fe-

734 3014 971 3072 runtur,
1002 3004 1396 3061 Hebraicorum
1426 3008 1708 3061 nominum
1737 3014 1790 3062 et
1820 3021 2200 3061 mensurarum
2231 3007 2315 3061 iu-

709 3096 1081 3167 ‘terpretatio.
1107 3097 1240 3152 Eam
1261 3099 1307 3153 si
1337 3098 1704 3161 consulueris,
1733 3098 2000 3163 omnium,
2026 3096 2094 3154 de
2113 3097 2313 3169 quibus

735 3188 1060 3257 quaesivisti,
1092 3188 1338 3243 invenies
1367 3190 1827 3259 explanationem.

806 3276 1088 3345 QUEST.
1123 3278 1434 3337 LXXXVII.
1475 3280 1532 3335 Si
1585 3290 1711 3336 ante
1765 3279 1965 3336 caedem
2018 3281 2308 3354 Baptista),

734 3370 1021 3426 miraculis
1041 3371 1293 3439 edendis,
1316 3380 1379 3426 ut
1399 3373 1476 3427 ait
1500 3372 1786 3429 Matthzeus
1815 3375 1884 3439 ’⁷,
1917 3373 2180 3431 Dominus
2201 3375 2313 3430 cui-

734 3463 878 3525 tuit;
912 3470 967 3517 et
986 3464 1181 3518 borum
1215 3463 1359 3518 fama
1380 3464 1448 3519 ad
1474 3481 1687 3530 omnes,
1713 3468 1805 3536 qui
1837 3466 1891 3521 in
1922 3465 2107 3521 Judaza
2132 3474 2310 3536 erant,

737 3555 988 3626 pervenit
1022 3555 1344 3625 :,quomodo
1388 3567 1514 3626 post
1562 3555 1927 3615 Praecursoris
1977 3574 2196 3624 necem,
2248 3572 2310 3614 ea

736 3663 859 3719 quae
888 3661 920 3701 a
950 3646 1171 3703 Christo
1200 3648 1603 3704 exhibebantur
1645 3652 1911 3707 miracula
1942 3653 2170 3707 audiens
2203 3644 2313 3706 He-

735 3739 899 3795 rodes
926 3754 1049 3795 cum
1078 3737 1301 3804 Judaais,
1333 3740 1472 3795 dixit
1491 3740 1754 3797 Joannem
1785 3758 1907 3798 esse
1937 3745 2029 3813 qui
2060 3745 2126 3797 ad
2148 3745 2312 3798 vitam

735 3844 988 3887 reversus
1020 3847 1086 3887 ea
1121 3841 1405 3901 praestaret
1435 3832 1633 3904 signa?
1655 3833 1780 3891 Hrec
1804 3835 1948 3891 enim
1975 3835 2133 3892 nobis
2153 3850 2315 3893 enar-

737 3929 823 3975 rat
853 3922 1049 3978 beatus
1082 3920 1301 3979 Marcus
1330 3921 1398 3976 ⁸⁸.

804 4120 971 4195 475
1012 4117 1211 4176 RESP.
1259 4116 1452 4172 Omnia
1503 4136 1543 4175 a.
1579 4120 1799 4179 Christo
1841 4123 2084 4180 exhibita
2134 4126 2308 4193 mira,

736 4214 845 4268 non
880 4227 1072 4267 omnes
1107 4212 1200 4283 qui
1235 4212 1525 4267 audierunt
1557 4214 1746 4269 eodem
1784 4223 2027 4285 tempore
2070 4208 2319 4274 audiris?

737 4320 833 4369 se,
867 4303 962 4359 sed
996 4303 1097 4359 hos
1125 4294 1366 4377 quidem
1394 4306 1567 4375 prius,
1611 4305 1734 4362 illos
1779 4316 1960 4362 autem
2002 4300 2307 4378 posterius,

737 4404 1011 4451 testantur
1043 4412 1324 4452 sermones
1368 4413 1581 4461 eorum,
1613 4400 1706 4469 qui
1734 4397 1997 4454 Joannem
2033 4411 2311 4458 auctorem

736 4502 860 4541 esse.
893 4486 1147 4541 dixerunt
1178 4489 1457 4559 signorum
1488 4505 1519 4543 a
1550 4489 1770 4545 Christo
1800 4499 1923 4561 post
1950 4490 2177 4548 Joannis
2207 4509 2312 4548 cae-

2412 2646 2634 2717 égoodd;
2686 2647 3007 2719 ἀμφοτέρων
3053 2643 3160 2714 (26)
3192 2642 3299 2715 γάρ
3320 2643 3450 2713 ἡμῖν
3477 2639 3751 2709 ἀναγκαία
3780 2642 3815 2711 ἡ
3848 2640 3995 2709 γνῶ-

2416 2754 2521 2800 σις,
2553 2736 2738 2806 ἐπειδὴ
2772 2737 3005 2806 ἑκάτερα
3031 2737 3098 2805 τῇ
3132 2734 3321 2805 Γραφῇ
3356 2732 3687 2804 περιέχεται.
3864 2722 3871 2737 ³

2494 2828 2895 2882 ἈΠΟΚΡίΣΙΣη
2922 2827 3146 2897 Εἴρηται
3174 2824 3251 2895 τῷ
3293 2826 3551 2897 Ὤριγένει
3579 2823 3735 2895 ἀνδρὶ
3763 2825 3997 2877 ἐπιστα-

2418 2920 2563 2991 μένῳ
2593 2921 2691 2992 τὴν
2731 2919 2839 2973 τῶν
2886 2918 3151 2991 Ἐϐραίων
3192 2913 3469 2971 διάλειιτον
3514 2916 3733 2969 πάντων
3783 2914 3897 2967 τῶν
3940 2916 3997 2967 ὲν

2412 3014 2530 3075 ταῖς
2559 2998 2732 3074 θείαις
2758 3012 2999 3083 Γραφαῖς
3025 3009 3339 3082 φερομένων
3379 3006 3685 3079 Ἑϐραϊκῶν
3712 3006 3999 3077 ὀνομάτων

2414 3103 2448 3176 ἢ
2490 3104 2703 3175 μέτρων
2733 3105 2766 3173 ἡ
2804 3103 3087 3174 ἑρμηνεία.
3150 3102 3395 3171 Ἐκείνην
3434 3099 3698 3172 ζητήσας,
3734 3100 4000 3171 εὑρήσεις

2338 3218 2382 3275 C
2416 3198 2477 3250 ἑν
2507 3196 2643 3268 αὐτῇ
2673 3196 2774 3267 τὴν
2807 3194 3024 3248 πάντων
3058 3194 3352 3265 ἑρμηνείαν
3381 3186 3456 3246 ὧν
3488 3192 3778 3264 ἐζήτησας.

2497 3288 2843 3343 ἘΡΩΤΗΣΙΣ
2870 3288 2989 3340 IlZ'.
3028 3287 3089 3339 Et
3120 3286 3228 3358 πρὸ
3259 3286 3358 3356 τῆς
3388 3284 3480 3338 τοῦ
3514 3284 3811 3355 βαπτιποῦ
3836 3286 3998 3339 ἀναι-

2414 3382 2640 3453 ρέσεως,
2669 3379 2730 3449 τῇ
2779 3381 2993 3452 ποιήσει
3036 3379 3143 3432 τῶν
3188 3378 3477 3450 θαυμάτων
3503 3378 3533 3430 ό
3568 3378 3860 3450 ,Δεσπότης
3886 3378 4001 3433 διέ-

2414 3491 2643 3547 πρεπεν,
2693 3472 2768 3535 ὦς
2801 3489 2963 3544 φησιν
2986 3471 3017 3525 ό
3053 3470 3351 3535 Ματθαῖος,
3387 3469 3481 3523 καὶ
3524 3469 3734 3533 πάντας
3774 3470 3811 3541 ἠ
3858 3471 3994 3543 περὶ

2411 3567 2599 3622 τούτου
2647 3567 2802 3636 φήμη
2854 3565 2980 3629 τοὺς
3030 3565 3088 3617 ἑν
3134 3566 3200 3635 τῇ
3260 3562 3485 3634 Ἰουδαία
3531 3550 3821 3628 κατέλαϐε,
3873 3563 3999 3627 πῶς

2416 3649 2555 3733 μετά
2585 3662 2681 3731 τὴν
2718 3658 2811 3712 τοῦ
2854 3656 3166 3731 Προδρόμου
3197 3657 3494 3729 ἀναίρεσιν,
3541 3656 3753 3710 ἀκούων
3785 3656 3856 3710 τὰ
3888 3658 4000 3712 ὑπὸ

2411 3753 2505 3806 τοῦ
2534 3750 2770 3825 Χριστοῦ
2802 3751 3059 3820 γινόμενα
3094 3747 3345 3819 Θαύματα
3375 3751 3404 3803 ὁ
3457 3748 3705 3821 Ἡρώδης
3746 3751 3847 3804 σὺν
3878 3756 3997 3815 τοῖς

2425 3845 2693 3907 Ἰουδαίοις
2724 3844 2905 3912 ἔλεγεν
2936 3843 3016 3895 ὅτι
3054 3842 3309 3911 Ἰωάννης
3346 3842 3463 3894 ἐστὶ
3496 3842 3633 3913 πρὸς
3664 3843 3812 3914 ζωὴν
3856 3846 3994 3899 ὑπο.

2415 3938 2672 4012 στρέψας,
2699 3938 2790 3989 καὶ
2820 3936 2985 3989 ποιῶν
3007 3934 3074 3987 τὰ
3099 3936 3332 4005 σημεῖα;
3365 3934 3548 3988 Ταῦτα
3576 3934 3686 4009 γάρ
3712 3938 3848 4009 ἡμῖν
3878 3938 3995 4011 διη-

2411 4034 2586 4100 γεῖται
2616 4032 2644 4084 ὁ
2679 4030 2943 4102 μακάριος
2972 4030 3218 4098 Μάρκος.

2481 4124 2884 4177 ἈΠΟΚΡΙΣΙΣ.
2920 4123 3042 4174 Ὅτι
3084 4120 3159 4193 μὴ
3208 4121 3384 4175 πάντα
3426 4120 3495 4175 τά
3532 4119 3637 4174 ὑπὸ
3666 4120 3762 4174 τοῦ
3791 4119 3993 4192 Σωτῆ-

2415 4231 2508 4287 ρος
2551 4215 2808 4284 γεγονότα
2843 4213 3095 4284 θαύματα
3139 4211 3339 4278 πάντες
3375 4213 3423 4264 οί
3459 4210 3792 4276 ἀκούσαντες
3824 4215 3885 4266 ὲν
3909 4208 3991 4267 ἑνὶ

2414 4306 2587 4378 καιρῷ
2617 4308 2872 4377 ἤκουσαν,
2932 4303 3045 4357 ἀλλ’
3073 4306 3121 4357 οἱ
3144 4304 3240 4374 μὲν
3266 4304 3547 4375 πρότερον,
3564 4300 3712 4355 ἄλλοι
3741 4301 3798 4355 δὲ
3830 4301 3987 4357 ὓστε-

2417 4416 2529 4472 ρον,
2568 4396 2929 4470 μαρτυροῠσιν
2960 4398 3013 4449 αἱ
3044 4396 3219 4466 φωναὶ
3246 4396 3353 4449 τῶν
3368 4394 3665 4466 εἰρηκότων
3685 4395 3777 4447 τὸν
3797 4394 3984 4449 Ἰωάν-

2414 4508 2511 4561 νην
2548 4486 2688 4543 εἷναι
2723 4490 2960 4561 ἐργάτην
2987 4488 3096 4543 τῶν
3129 4486 3421 4559 θαυμάτων
3452 4487 3560 4540 τῶν
3608 4490 3988 4559 γεγενημένων

737 4578 862 4632 dem
899 4578 1165 4634 factorum
1205 4597 1218 4631 :
1252 4597 1360 4635 non
1390 4583 1532 4636 enim
1571 4582 1677 4636 hoc
1705 4582 1995 4647 dixissent,
2027 4584 2074 4638 si
2101 4584 2246 4638 edita
2277 4600 2308 4639 a

2416 4584 2521 4638 ὑπὸ
2539 4582 2633 4636 τοῦ
2667 4584 2917 4656 Σωτῆρος
2948 4582 3085 4654 μετά
3128 4582 3227 4653 τὴν
3248 4582 3533 4654 ἀναίρεσιν
3564 4580 3659 4636 τοῦ
3706 4584 3983 4639 Ἰωάννου·

742 4667 1024 4723 Salvatore
1050 4678 1175 4725 ante
1208 4672 1409 4725 easdem
1441 4670 1667 4728 Joannis
1709 4674 1972 4728 miracula
2004 4673 2309 4731 audissent.

734 4761 856 4817 Non
889 4777 1020 4833 ergo
1048 4764 1377 4830 mirandum,
1412 4766 1457 4820 si
1502 4777 1554 4820 et
1584 4764 1857 4831 Herodes,
1886 4775 2009 4838 post
2047 4765 2311 4823 Joannem

741 4855 1052 4919 sublatum,
1094 4871 1261 4925 oprra
1305 4856 1700 4927 discipulorum
1740 4858 1868 4914 Jesu
1890 4898 1905 4922 ,
1939 4874 2061 4929 qua!
2098 4860 2153 4914 in
2180 4858 2310 4915 Jesu

740 4947 964 5003 nomine
1008 4946 1243 5013 ﬁebant,
1280 4948 1473 5003 audiit.
1506 4948 1645 5004 Tum
1690 4963 1925 5019 namque
1968 4948 2210 5006 Herodes
2243 4949 2311 5005 de

811 5101 857 5134 ”
890 5099 1083 5156 Matth.
1149 5116 1341 5168 xxvu,
1390 5100 1478 5157 52.

742 5170 789 5205 ⁸⁸
813 5170 980 5226 Marc.
1014 5187 1091 5236 v1,
1128 5172 1215 5226 14.

815 5327 927 5398 (24)
967 5327 1303 5394 Ἀπόδειξις.
1357 5325 1548 5398 Totam
1581 5322 1724 5382 hanc
1756 5327 2007 5398 lacunam
2040 5329 2119 5383 sic
2144 5344 2309 5383 cona-

742 5393 845 5480 P'or
870 5393 1127 5480 capiere:
1169 5393 1467 5480 massae};
1526 5395 1644 5480 [τοῦ
1673 5397 1889 5480 λύτρον]
1924 5393 2076 5480 εἶναιῆ
2092 5400 2181 5480 τόν
2212 5398 2305 5452 τοῦ

742 5467 981 5539 Χριστοῦ
1012 5468 1237 5539 θάνατον
1278 5468 1371 5539 τοῦ
1411 5467 1662 5539 ἱθανάτου
1695 5467 1937 5539 πάντ]ων
1984 5468 2304 5538 ἀνθρώπων,

742 5486 790 5520 Λ
831 5486 981 5521 ιστου
1012 5486 1237 5524 υανατον
1278 5486 1371 5521 του
1412 5486 1662 5521 ’σανατου
1695 5486 1937 5539 πανηων
1984 5486 2304 5538 ανυρωπων,

740 5486 855 5601 “cog;
884 5540 942 5591 ἑν
972 5538 1051 5609 τῷ
1076 5539 1305 5613 παρόντι
1506 5538 1621 5611 καὶ]
1677 5540 1898 5601 πάσαις,
1931 5546 2037 5593 etc.
2094 5539 2307 5609 Longas

742 5610 1001 5664 ambaacs
1032 5620 1251 5664 secutus
1272 5615 1355 5664 est
1424 5625 1617 5664 annus.
1654 5609 1744 5663 Sic
1771 5624 1900 5663 vero
1925 5609 2173 5663 lacunam
2211 5625 2307 5663 ex-

742 5610 1009 5681 ambagcs
1032 5609 1251 5664 secutus
1272 5609 1617 5681 esti'Langus;
1654 5609 1744 5663 Sic
1771 5624 1902 5681 uero
1925 5609 2173 5681 lacunam
2211 5625 2309 5681 er-

742 5679 852 5745 plct
906 5678 1269 5749 Sylburgius:
1333 5680 1407 5732 Τὸ
1452 5678 1690 5749 ἀσφαλὲς
1745 5679 1844 5749 τῆς
1880 5679 2192 5749 ᾲζωοποιίαςὲ
2222 5678 2310 5731 πί-

743 5695 852 5745 plet
906 5695 1269 5801 hylam-frus:
1334 5695 1407 5732 ⁷ιο
1452 5695 1690 5749 ασφαΑες
1745 5696 1844 5749 της
1888 5695 2192 5742 ςωοποιιαςι
2222 5695 2307 5731 πι-

743 5764 932 5833 στωμα
970 5750 1079 5833 τΙὸνΛ
1141 5749 1323 5833 ριστοῦ
1378 5749 1614 5833 θάνατον
1643 5749 1733 5803 τοῦ
1762 5747 2123 5833 ἀποθανόντος
2168 5749 2307 5833 ὑπὲρ

2413 4675 2513 4727 οὐκ
2545 4674 2609 4728 ἂν
2642 4675 2748 4745 γάρ
2781 4674 2963 4743 ἔλεγον
2995 4673 3173 4737 τοῦτο,
3199 4675 3248 4727 εί
3277 4671 3415 4745 ἦσαν
3435 4673 3773 4738 ἀκούσαντες
3794 4677 3861 4729 τά
3885 4676 3985 4747 trp)

2413 4766 2513 4837 τῆς
2542 4767 2870 4838 ἀναιρέσεως
2902 4766 3149 4819 Ἰωάννου
3183 4766 3443 4835 γεγονότα
3470 4764 3725 4837 θαύματα
3756 4767 3863 4820 ὑπὸ
3894 4767 3983 4820 τοῦ

2413 4859 2681 4930 Σωτῆρος.
2717 4859 2892 4913 Οὐδὲν
2916 4856 3007 4913 οὖν
3047 4855 3115 4931 ἦν
3149 4859 3457 4930 θαυμαστὸν
3479 4858 3529 4912 ει
3557 4860 3650 4913 καὶ
3673 4862 3703 4914 ό
3744 4860 3983 4933 Ἡρώδης

2414 4951 2552 5022 μετὰ
2582 4952 2677 5023 τὴν
2703 4953 2981 5024 ἀναίρεσιν
3011 4953 3103 5007 τοῦ
3137 4953 3384 5007 Ἰωάννου
3417 4953 3603 5008 ἀκούει
3624 4954 3694 5009 τά
3713 4954 3853 5029 ἔργα
3881 4955 3982 5009 τῶν

1580 5100 1627 5134 ⁸⁵
1659 5102 1681 5155 l
1716 5101 1842 5157 Cor.
1903 5117 1994 5167 xv,
2051 5104 2141 5157 51.
2216 5104 2311 5159 ’⁸1

2413 5119 2461 5161 c.
2519 5122 2560 5172 ι,
2608 5106 2663 5162 5.
2753 5108 2851 5163 θοι
2900 5107 3027 5164 Cor.
3082 5125 3173 5177 xv,
3209 5077 3322 5165 '20.
3421 5109 3693 5165 "Matth.
3754 5127 3835 5177 ιι,
3888 5110 3978 5167 26.

2412 5346 2546 5390 nam
2578 5331 2672 5382 καὶ
2699 5329 2915 5393 πάσαις.

2483 5400 2593 5481 ςῖὅ)
2622 5400 2737 5467 Τὴν
2769 5400 2897 5481 ἤδη.
2915 5402 3177 5481 αζωνίαν.
3206 5398 3408 5481 βοιιιῐιί
3429 5399 3709 5481 Christum
3736 5413 3869 5481 esse
3887 5400 3979 5462 ait,

2413 5471 2571 5538 cujus
2606 5472 2938 5525 resurrectio
2968 5474 3405 5528 immutationem
3450 5471 3751 5542 perfectam
3780 5472 3979 5526 habue-

2414 5542 2525 5594 rit:
2554 5543 2758 5613 nemini
2791 5543 2937 5613 enim
2998 5553 3123 5598 ante
3164 5543 3471 5613 generalem
3525 5542 3981 5613 murrae-tionem

2370 5612 2636 5680 ~prtemia
2668 5612 2902 5684 rependi
2959 5611 3204 5684 putabat.
3251 5611 3552 5668 Delendum
3602 5613 3822 5668 videtur
3847 5612 3980 5666 κατά

2417 5691 2543 5752 ante
2572 5682 2893 5752 ἐναλλαγήν.

2481 5750 2593 5822 (26)
2635 5750 3010 5821 Ἀμφοέέρων.
3056 5751 3261 5824 Nempe
3313 5751 3627 5824 Grecorum
3655 5762 3711 5811 et
3750 5750 3979 5810 Βουτοῖ.

742 5816 959 5873 πάντων
985 5816 1284 5891 ἀνθρώπων
1318 5824 1430 5884 τοῖς
1452 5823 1508 5875 ἑν
1546 5820 1624 5892 τῷ
1650 5820 1876 5893 παρόντι
1903 5836 1960 5872 τε
1991 5818 2144 5872 αἰῶνι
2185 5816 2311 5891 σύμ-

2412 5816 2981 5881 οῐιίιιιίνυοοῦυιοῐύω
3005 5864 3019 5889 ,
3045 5839 3165 5894 qua:
3186 5816 3479 5879 recensuit.
