4146 6434
177 368 206 421 1
219 367 332 423 529

896 363 1358 432 QUAESTIONES
1395 363 1480 419 ET
1522 361 2044 419 RESPONSIONES
2083 362 2174 416 AD
2212 359 2702 417 ORTIIODOXOS.

3320 361 3458 418 1330

173 481 449 554 μαθητῶν
480 482 572 537 τοῦ
611 482 819 554 Ἰησοῦ,
855 485 924 538 τά
963 485 1049 537 ἐπ’
1083 483 1308 554 ὀνόματι
1342 484 1434 537 τοῦ
1470 479 1647 554 Ἰησδῦ
1679 501 1743 552 γε

1874 481 2097 536 nomine
2120 479 2250 535 Jesu
2285 482 2530 550 accepit,
2563 495 2686 534 cum
2732 479 2778 534 is
2813 478 3114 548 discipulos
3149 493 3279 534 suos
3309 480 3452 535 able-

171 576 403 642 γονότα.
439 576 572 630 Τότε
605 576 716 647 γὰρ
753 576 985 646 ἤκουσεν
1027 575 1057 628 6
1094 574 1340 646 Ἡρώδης
1370 574 1432 629 τὸ
1465 575 1635 645 ὄνομα
1671 573 1765 628 τοῦ

169 668 384 739 Ἰησοῦ,
422 671 509 724 ὅτε
564 670 879 724 ἀπέστειλεν
911 672 939 724 6
971 670 1180 742 Ἰησοῦς
1216 671 1344 733 τοὺς
1379 669 1625 742 μαθητὰς
1665 670 1766 724 αύ-

168 760 275 815 τοῦ
301 763 382 826 εἰς
414 761 512 826 τὰς
544 761 736 834 κώμας
783 763 874 818 καὶ
908 763 1090 827 πόλεις
1129 762 1420 836 κηρύττειν
1455 761 1553 834 τὴν
1603 763 1767 832 μετά-

169 871 356 920 νοιαν,
391 854 484 907 καὶ
519 854 842 927 θεραπεύειν
873 856 974 920 τὰς
1006 856 1215 921 νόσους,
1269 855 1414 910 καθά
1445 872 1576 926 φησι
1609 856 1766 927 Μάρ-

168 963 278 1009 κος
339 948 369 999 6
412 947 823 1019 εὐαγγελιστής.
847 948 958 1000 Καὶ
990 949 1098 1019 γάρ
1131 947 1294 1012 αὐτὸς
1319 950 1348 1002 6
1381 947 1634 1020 Ἰωάννης
1657 948 1763 1019 πρὸ

164 1037 280 1108 τῆς
330 1038 601 1110 ὲγέρσεως
647 1038 742 1093 τοῦ
793 1039 908 1092 υἱοῦ
949 1039 1050 1110 τῆς
1093 1042 1267 1113 χήρας
1299 1040 1399 1093 οὐκ
1423 1035 1490 1111 ἦν
1522 1040 1762 1102 ἀκούσας

165 1126 360 1207 στάντα
388 1129 488 1181 ὅσα
518 1129 774 1200 ἐποίησεν
798 1131 826 1182 6
867 1130 1073 1200 Ἰησοῦς
1105 1133 1163 1184 ὲν
1198 1133 1264 1201 τῇ
1297 1131 1554 1201 Γαλιλαίᾳ
1579 1148 1638 1185 τε
1667 1133 1760 1184 καὶ

263 1221 647 1293 ,Ἰερουσαλὴμ
671 1261 686 1284 ,
722 1221 899 1275 καίτοι
952 1221 1162 1275 πολλῶν
1192 1222 1360 1277 όντων
1394 1222 1502 1276 τῶν
1529 1223 1629 1294 ήδη
1663 1240 1758 1292 γε·

159 1314 494 1384 γενημένων
525 1315 628 1366 ὑπὸ
648 1315 742 1367 τοῦ
775 1315 1030 1386 Σωτῆρος
1063 1315 1376 1387 θαυμάτων,
1413 1317 1506 1370 καὶ
1537 1317 1641 1389 πρὸ
1664 1317 1755 1370 τοῦ

161 1405 439 1478 βληθῆναι
463 1407 552 1460 τὸν
575 1406 830 1476 Ἰωάννην
855 1409 935 1471 εἰς
963 1407 1227 1479 φυλακὴν,
1248 1410 1340 1462 καὶ
1370 1409 1507 1478 μετὰ
1533 1409 1595 1462 τὸ
1622 1410 1752 1482 βλη-

159 1497 335 1567 Θῆναι
357 1498 517 1551 αὑτὸν
534 1498 890 1568 εὶςιρυλακήν.
919 1501 1050 1553 Τότε
1071 1500 1177 1572 γὰρ
1195 1501 1479 1555 ἀπέστειλε
1496 1503 1621 1566 τοὺς
1645 1519 1750 1574 μα.-

156 1587 344 1659 θητὰς
375 1589 539 1643 αὑτοῦ
565 1592 593 1643 6
625 1590 878 1660 Ἰωάννης
915 1591 1049 1664 πρὸς
1069 1593 1158 1650 τὸν
1193 1592 1400 1662 Ἰησοῦν
1437 1593 1626 1664 μαθεῖν
1646 1634 1660 1658 ,
1685 1598 1752 1649 Et

152 1679 355 1747 αὐτὸς
367 1676 464 1734 ald
479 1680 971 1751 προσδοκώμενος
990 1683 1220 1747 ἐλθεῖν;
1236 1683 1377 1737 καθὰ
1393 1701 1524 1754 φησι
1541 1685 1750 1748 Λουκᾶς

160 1771 316 1841 μὲνό
335 1771 722 1844 εὐαγγελιστὴς
751 1773 844 1829 τοῦ
861 1773 994 1845 (27).
1031 1815 1043 1830 .
1083 1813 1099 1831 .
1133 1775 1524 1846 εύαγγελιστὴς
1553 1779 1745 1831 ἐκεῖνο.

1869 570 2016 641 gavit
2047 571 2101 624 in
2139 571 2288 625 vicos
2320 578 2374 626 et
2402 571 2619 640 oppida,
2645 570 2710 624 ad
2745 570 3117 638 paenitentiam
3151 568 3455 638 praedican-

1867 661 1993 716 dam
2028 669 2082 714 et
2112 662 2333 715 morbos
2357 660 2663 722 curandos,
2696 661 2838 714 sicut
2871 661 2947 713 ait
2971 659 3184 717 Marcus
3217 677 3452 731 evange-

1871 754 2099 809 lista’a'.
2127 753 2267 819 Quin
2282 762 2335 808 et
2367 753 2482 822 ipse
2511 751 2771 816 Joannes,
2796 761 2921 806 ante
2954 753 3337 808 resuscitatum
3373 753 3453 807 vi-

1864 848 1986 905 duae
2017 843 2218 910 ﬁlium,
2255 863 2365 899 non
2411 845 2658 900 audierat
2701 845 2884 899 omnia
2919 860 3259 915 quaecunque
3289 841 3452 902 Jesus

1862 940 1921 996 in
1955 939 2179 994 Galilzea
2222 949 2276 996 et
2318 938 2713 1008 Hierosolymis
2760 941 2962 991 fecerat
2999 957 3011 992 :
3046 937 3296 1006 quamvis
3333 937 3448 1006 jam

1862 1033 2032 1086 multa
2067 1042 2254 1087 essent
2300 1047 2330 1085 a
2379 1031 2663 1084 Salvatore
2705 1029 2851 1084 edita
2891 1031 3184 1095 miracula,
3225 1040 3350 1085 ante
3396 1037 3450 1085 et

1860 1133 1985 1193 post
2039 1124 2347 1192 conjectum
2397 1124 2450 1177 in
2501 1123 2808 1177 custodiam
2861 1122 3149 1179 Joannem.
3195 1123 3271 1178 Eo
3300 1124 3445 1178 enim

1859 1223 2104 1288 tempore
2135 1217 2439 1288 discipulos
2490 1233 2620 1271 suos
2665 1215 2905 1272 Joannes
2958 1217 3025 1270 ad
3070 1216 3255 1271 Jcsum
3297 1217 3448 1272 misit

1856 1318 2236 1382 percontatum
2279 1326 2292 1361 :
2335 1309 2479 1363 Tune
2531 1309 2619 1362 ille
2668 1326 2721 1363 es
2763 1310 2915 1378 cujus
2965 1308 3215 1362 adventus
3263 1319 3340 1362 est
3393 1309 3446 1361 in

1853 1402 2283 1469 exspectatione?
2335 1409 2496 1472 prout
2555 1402 2688 1455 dicit
2750 1402 3085 1472 evangelista
3152 1400 3327 1456 Lucas
3375 1400 3440 1454 ⁸⁸.

1855 1497 2198 1565 Quapropter
2243 1493 2346 1549 hoc
2392 1510 2566 1559 unus,
2609 1493 2742 1548 illud
2777 1493 2917 1548 alius
2963 1492 3130 1548 refert
3172 1491 3448 1563 evangeli-

1853 1597 2060 1642 τίεται]
2071 1629 2084 1641 .

236 1868 593 1923 ἘΡΩΤΗΣῘΣ
622 1870 754 1923 ΠΗ¹.
791 1870 853 1924 Εἰ
891 1868 1073 1934 καθὼς
1105 1872 1138 1941 ἡ
1169 1870 1287 1923 θεία
1319 1871 1558 1925 διδάσκει
1603 1873 1745 1944 Γρα-

1922 1854 2202 1922 ΩΗᾹΣΞΤ.
2247 1855 2578 1912 LXXXVIII.
2627 1857 2720 1921 Si,
2773 1869 2832 1913 ut
2863 1857 3048 1914 divina
3093 1858 3261 1911 tradit
3293 1858 3444 1912 Sari--

155 1959 262 2032 φὴ,
296 1961 391 2015 καὶ
412 1963 574 2032 ἡμεῖς
606 1962 1072 2034 πεπιστεύκαμεν,
1106 1963 1379 2036 ἁμαρτίαν
1409 1964 1688 2035 γεννηθεὶς
1719 1967 1747 2019 6

153 2044 401 2125 Χριστὸς
445 2055 547 2109 οὐκ
577 2055 834 2128 ἐποίησε,
868 2056 984 2121 πῶς
1015 2057 1177 2110 πάλιν
1204 2056 1456 2127 ἀληθεύει
1492 2060 1523 2130 η
1554 2058 1745 2131 Γραερὴ

157 2145 289 2216 μεθ’
329 2146 494 2218 ὅρκου
549 2145 753 2217 βοῶσα,
790 2147 1108 2215 ὅτιοὺδεὶς
1164 2150 1473 2218 γεννηθεὶς
1537 2130 1608 2214 δέ
1632 2130 1744 2220 οὐχ

154 2236 451 2306 ἥμαρτεν,
487 2238 629 2294 οὐδὲ
651 2239 935 2310 πεφυκὼς
966 2240 1034 2307 ὃς
1067 2243 1178 2295 οὐκ
1219 2241 1530 2311 ἠνόμησες
1560 2245 1666 2296 πᾶν
1690 2244 1747 2297 δὲ

153 2331 256 2383 καὶ
286 2329 484 2403 βρέφος
530 2331 642 2402 (28)
671 2332 730 2385 τὸ
764 2333 1062 2404 σύγχρονον
1103 2331 1179 2402 τῷ
1220 2333 1374 2404 τόκῳ.
1404 2334 1553 2397 τέλος
1590 2334 1744 2402 δεξά-

155 2437 347 2490 μενον,
383 2422 415 2492 ῆ
456 2421 629 2494 βραχὺ
664 2423 829 2494 μέρος
861 2424 1007 2494 ζωῆς
1040 2424 1438 2494 κομισάμενον,
1469 2427 1745 2497 ἁμαρτίαν

152 2513 254 2566 καὶ
314 2514 576 2586 ἀνομίαν,
636 2515 671 2586 ἢ
735 2516 802 2570 τὰ
857 2515 1058 2571 τούτων
1087 2518 1305 2582 ἐναντία
1355 2521 1573 2591 ποιῆσαι
1618 2519 1746 2591 ἡδύ-

152 2623 290 2660 νατο
307 2623 323 2676 ;

244 2783 636 2838 ΑΠΟΚΡΙΣΙΣ.
688 2785 782 2852 To,
830 2787 1040 2855 Οὐδεὶς
1085 2791 1394 2858 γεννηθεὶς
1427 2791 1491 2859 ὃς
1523 2794 1636 2862 οὐχ
1675 2793 1743 2861 ἥ-

150 2890 399 2942 μαρτεν,
418 2875 559 2930 οὐδὲ
573 2878 856 2947 πεφυκὼς
870 2879 938 2945 ὃς
953 2883 1063 2934 οὐκ
1082 2883 1410 2951 ἠνόμησεν,
1429 2885 1489 2936 ού
1506 2884 1742 2939 δείκνυσι

150 2957 351 3026 ψευδὲς
374 2960 433 3013 τὺ
450 2960 576 3030 περὶ
597 2960 693 3014 τοῦ
719 2963 956 3034 Χριστοῦ
981 2967 1288 3036 εἰρημένον,
1308 2969 1388 3034 τὸ,
1421 2971 1743 3038 Ἀμαρτίαν

150 3050 269 3102 οὐκ
299 3050 570 3119 ἐποίησε.
602 3054 737 3125 Περὶ
790 3055 896 3126 γὰρ
926 3056 1019 3108 τοῦ
1055 3057 1114 3120 ἐξ
1141 3058 1332 3129 ἀνδρὸς
1367 3061 1460 3114 καὶ
1486 3062 1743 3129 γυναικὸς

151 3141 510 3211 γεννηθέντος
542 3144 757 3216 εἴρηται
779 3147 806 3198 6
832 3148 988 3216 λόγος
1019 3143 1194 3214 οὗτος.
1234 3150 1292 3205 Ὀ
1321 3153 1374 3207 δὲ
1415 3155 1646 3225 Χριστὸς
1675 3157 1739 3207 ὲκ

1849 1957 2028 2022 ptura,
2060 1957 2115 2004 et
2147 1964 2248 2004 nos
2282 1948 2581 2012 credimus,
2618 1950 2908 2015 Christus,
2941 1951 3032 2020 qui
3067 1951 3284 2020 genitus
3333 1961 3441 2017 est,

1846 2051 2130 2111 peccatum
2155 2057 2265 2096 non
2292 2042 2441 2106 fecit,
2461 2042 2735 2111 quomodo
2751 2059 2780 2096 e
2798 2042 3018 2098 diverso
3040 2044 3322 2096 veritatem
3346 2044 3447 2097 oh—

1848 2136 2025 2188 tinent
2054 2135 2250 2190 littera:
2277 2151 2469 2198 sacrae,
2497 2135 2861 2206 jurejurando
2893 2136 3111 2204 adjecto
3133 2135 3444 2189 vociferan-

1851 2236 1954 2288 tes,
1990 2242 2094 2280 non
2123 2243 2235 2281 esse
2264 2228 2496 2297 genitum
2525 2243 2838 2300 quemquam
2871 2228 2961 2296 qui
2995 2245 3097 2280 non
3128 2227 3438 2295 peccaverit,

1847 2335 2009 2389 neque
2051 2328 2234 2372 natum
2281 2306 2370 2388 qui
2406 2320 2742 2390 iniquitatem
2789 2321 2843 2373 in
2888 2337 2942 2374 se
2987 2336 3089 2373 non
3123 2319 3444 2373 admiserit?

1847 2408 2134 2476 Quomodo
2161 2417 2215 2464 et
2250 2409 2454 2475 infans,
2481 2411 2608 2479 quia
2640 2410 2904 2480 aequalem
2936 2410 3116 2479 partui
3152 2409 3310 2463 finem
3348 2424 3443 2462 ac-

1847 2503 2012 2572 cepit,
2045 2511 2139 2556 aut
2171 2504 2391 2560 brevem
2429 2505 2552 2558 vita:
2599 2511 2809 2574 partem
2845 2503 3076 2573 adeptus
3106 2509 3212 2566 est,
3245 2516 3441 2572 pecca-

1847 2605 1963 2650 tum
1999 2605 2052 2652 et
2096 2597 2481 2667 iniquitatem,
2521 2605 2612 2651 aut
2647 2612 2770 2669 quae
2823 2596 2910 2652 his
2962 2594 3241 2650 contraria
3287 2604 3437 2659 sunt,

1848 2685 2271 2756 facere-potuit?

1921 2761 2119 2838 RESP.
2155 2782 2279 2838 Ιίωο
2306 2783 2470 2839 verba
2497 2802 2512 2839 :
2555 2782 2726 2837 Nemo
2757 2782 2963 2854 genitus
2991 2783 3080 2852 qui
3126 2799 3228 2836 non
3254 2797 3439 2851 pecca-

1847 2871 1997 2936 verit,
2032 2886 2193 2940 neque
2225 2879 2382 2926 natus
2425 2873 2515 2943 qui
2562 2889 2664 2925 non
2697 2872 2870 2942 inique
2901 2872 3062 2941 egerit
3102 2871 3142 2935 ¹,
3173 2886 3282 2926 non
3314 2869 3437 2924 falsi

1849 2961 2030 3030 arguit
2077 2962 2130 3015 id
2162 2964 2309 3031 quod
2359 2963 2426 3018 de
2479 2963 2704 3018 Christo
2738 2963 2921 3018 dictus
2968 2972 3102 3019 est:
3155 2962 3438 3017 Peccatum

1849 3069 1953 3106 non
1987 3053 2109 3121 fecit
2142 3056 2183 3107 ¹.
2215 3053 2350 3107 Nam
2382 3054 2450 3108 de
2483 3070 2568 3119 eo,
2603 3056 2697 3124 qui
2735 3071 2802 3110 ex
2836 3057 2951 3110 viro
2985 3065 3040 3109 et
3079 3056 3307 3110 muliere
3346 3071 3437 3124 ge-

1847 3144 2001 3196 nitus
2048 3149 2166 3207 est,
2215 3143 2361 3198 dicta
2410 3143 2527 3198 ha‘c
2576 3145 2762 3200 verba.
2816 3144 3070 3200 Christus
3123 3152 3305 3200 autem
3369 3162 3432 3199 ex

152 3205 664 3302 I—Ivedjtarogvdyi'ou
695 3205 914 3308 καὶ
946 3205 1106 3306 άγίας
1134 3205 1394 3314 ἐυγεννήθνη

1847 3232 2056 3304 Spiritu
2092 3245 2284 3290 sancto
2322 3244 2376 3290 et
2424 3244 2616 3290 sancta
2662 3237 2878 3308 genitus
2914 3237 3156 3310 Virgine.
3197 3237 3289 3292 Sic
3337 3253 3436 3292 au-

151 3323 376 3377 Νοεῖται
408 3324 464 3378 δὲ
501 3326 528 3376 6
568 3327 725 3396 λόγος
750 3329 943 3395 οὕτως·
984 3333 1175 3397 Οὐδεὶς
1206 3335 1464 3404 πεφυκὼς
1491 3339 1741 3410 ἁμαρτά-

152 3415 348 3488 νειν,ἢ
397 3418 638 3489 άνομεῖν,
696 3421 754 3484 ὂς
796 3424 893 3494 οὐχ
943 3425 1208 3497 ἥμαρτεν,
1253 3427 1286 3497 ἢ
1344 3429 1443 3482 ούκ
1472 3431 1735 3502 ηνόμησε.

152 3508 373 3579 Πέφυκε
405 3511 460 3564 δὲ
493 3513 825 3584 ἁμαρτάνειν
852 3519 880 3570 6
910 3517 1049 3570 κατὰ
1077 3519 1176 3591 τὴν
1203 3520 1523 3593 αὐθαίρετον
1550 3525 1742 3596 προαί-

157 3617 308 3670 ρεσιν
334 3603 484 3670 ἄγων
506 3605 695 3660 ἑαυτὸν
719 3609 798 3671 είς
846 3609 907 3662 τὸ
949 3611 1206 3681 πράττειν
1239 3611 1274 3666 ἃ
1321 3613 1589 3683 βούλεται,
1631 3618 1740 3670 εἴτε

153 3693 359 3760 ἀγαθὰ,
385 3695 494 3748 εἴτε
524 3697 722 3765 φαῦλα.
761 3700 833 3753 Τὸ
872 3701 927 3754 δὲ
955 3702 1174 3774 βρέφος,
1234 3705 1331 3760 ἅτε
1381 3705 1534 3760 οὔπω
1559 3707 1615 3762 ὃν
1641 3710 1739 3781 τῆς

156 3784 411 3856 τοιαύτης
459 3787 758 3859 δυνάμεως,
794 3793 951 3864 δῆλον
989 3797 1068 3848 ὅτι
1117 3797 1236 3850 οὐδὲ
1273 3799 1516 3868 πέφυκεν
1557 3801 1738 3874 ἁμαρ-

156 3879 354 3932 τάνειν.
403 3881 515 3933 Καὶ
557 3883 646 3935 τό·
687 3885 782 3950 Τίς
811 3883 922 3954 (29)
957 3888 1066 3956 γὰρ
1099 3889 1358 3958 καθαρὸς
1403 3891 1514 3963 (50)
1569 3894 1740 3946 ἔσται

157 3969 275 4022 ἀπὸ
307 3971 534 4037 ρύπου;
574 3975 738 4027 Ἀλλ’
773 3976 992 4042 οὐδεὶς,
1045 3978 1153 4032 ἐὰν
1185 3981 1283 4034 καὶ
1334 3982 1444 4051 μία
1484 3983 1674 4052 ἡμέρα
1706 3987 1738 4038 ό

153 4059 290 4126 βίος
332 4063 520 4117 αὑτοῦ
569 4064 667 4118 ἐπὶ
707 4065 818 4134 τῆς
858 4067 993 4138 γῆς,
1039 4072 1213 4125 οὐδενὶ
1259 4073 1444 4144 τρόπῳ
1477 4073 1734 4145 άρμό[ζει

156 4152 233 4223 τῷ
250 4153 486 4227 βρέφει]⁸
514 4157 574 4209 τὸ
604 4158 712 4228 γὰρ
741 4159 853 4229 βίος
876 4163 997 4214 ἀντὶ
1021 4164 1124 4233 τῆς
1157 4165 1430 4229 πολιτείας
1454 4166 1696 4240 ἐ[λέχθη]
1718 4185 1734 4199 ’

157 4243 233 4315 τῷ
259 4245 314 4299 δὲ
346 4245 537 4318 βρέφει
568 4248 758 4321 ὥσπερ
780 4252 877 4305 οὐκ
908 4253 1024 4308 ἔστι
1051 4256 1294 4310 πολιτεία
1316 4297 1331 4320 ,
1360 4259 1481 4312 οὐδὲ
1515 4258 1647 4329 βίος.

225 4424 572 4481 ἘΡΩΤΗΣΙΣ
596 4430 721 4486 118'.
756 4433 818 4485 Ei
842 4435 905 4489 τὸ
954 4436 1167 4501 σκεῦος,
1209 4439 1344 4510 ὅπερ
1371 4441 1398 4494 ὁ
1441 4440 1644 4514 Πέτρος
1676 4446 1733 4497 ὲν

1842 3335 1950 3380 tem
1984 3325 2303 3397 intelligitur
2335 3328 2467 3382 illud
2502 3329 2708 3383 dictum
2737 3348 2748 3383 :
2776 3329 2946 3385 Nemo
2979 3331 3176 3385 habilis
3213 3331 3278 3384 ad
3316 3345 3436 3400 pec-

1843 3417 2079 3472 candum
2114 3429 2206 3473 aut
2240 3420 2425 3489 inique
2465 3422 2733 3492 agendum
2755 3462 2769 3487 ,
2800 3423 2894 3493 qui
2929 3438 3036 3478 non
3067 3423 3308 3493 peccarit
3339 3431 3432 3477 aut

1843 3508 2030 3579 inique
2066 3512 2258 3581 egerit.
2291 3511 2500 3568 ﬂabilis
2529 3521 2709 3568 autem
2745 3513 2811 3568 ad
2839 3515 3175 3585 peccandum
3206 3525 3309 3580 est,
3334 3516 3430 3586 qui

1842 3617 1943 3672 pro
1977 3603 2148 3660 libero
2178 3605 2406 3660 arbitrio
2440 3606 2547 3661 dux
2584 3608 2688 3662 sibi
2724 3607 2840 3678 ipse
2867 3620 2952 3665 est
2985 3611 3050 3664 ad
3084 3625 3148 3665 ea
3174 3626 3294 3681 qua:
3316 3610 3431 3664 vult

1842 3694 2121 3766 facienda,
2173 3699 2287 3762 sive
2342 3699 2483 3754 bona
2507 3740 2523 3763 ,
2560 3701 2676 3756 sive
2715 3704 2878 3756 mala.
2915 3702 3183 3757 Infantem
3219 3711 3423 3767 autem,

1843 3797 2032 3858 utpote
2071 3792 2314 3844 nondum
2361 3793 2412 3847 vi
2461 3794 2733 3863 ejusmodi
2789 3796 3076 3865 praeditum
3100 3836 3114 3860 ,
3153 3812 3328 3866 neque
3359 3797 3427 3851 ad

1842 3883 2180 3952 peccandum
2216 3885 2450 3939 habilem
2481 3901 2603 3942 esse
2637 3888 2691 3941 in
2737 3897 2986 3959 promptu
3021 3897 3125 3943 est.
3161 3888 3331 3959 Atque
3362 3891 3428 3943 il-

1841 3975 1935 4029 lud
1968 3990 1982 4028 :
2023 3975 2155 4042 Quis
2205 3979 2343 4031 enim
2375 3979 2603 4034 mundus
2634 3982 2734 4035 erit
2763 3998 2795 4034 a
2839 3981 3037 4038 sorde?
3065 3979 3235 4036 Nemo
3265 3993 3424 4048 certe,

1839 4072 2055 4126 etiamsi
2103 4072 2182 4126 vel
2229 4090 2337 4126 una
2368 4074 2479 4127 dies
2526 4076 2596 4128 sit
2636 4076 2743 4128 vita
2786 4076 2932 4130 illius
2971 4092 3127 4145 super
3159 4086 3355 4130 terram
3382 4077 3425 4138 ⁸,

1839 4166 1991 4220 nullo
2030 4165 2192 4220 modo
2239 4168 2497 4221 convenit
2544 4167 2761 4222 infanti.
2792 4166 2918 4220 Vita
2968 4169 3114 4221 enim
3158 4183 3258 4237 pro
3303 4169 3426 4222 vita:

1837 4257 2092 4313 instituto
2123 4260 2298 4329 posita
2346 4271 2449 4316 est.
2488 4259 2673 4315 Infans
2708 4267 2886 4316 autem
2919 4269 2978 4314 ut
3017 4261 3139 4315 vita:
3169 4261 3425 4318 instituto

1835 4358 2007 4414 caret,
2043 4352 2118 4404 ita
2148 4360 2201 4405 t-t
2232 4352 2362 4406 vita.

1907 4443 2187 4510 ΟυιιΕΞΤ.
2229 4444 2512 4500 LXXXIX.
2552 4444 2608 4500 εἳ
2641 4461 2734 4502 vas
2768 4449 2921 4518 illud,
2967 4446 3110 4516 Quod
3141 4445 3334 4500 Petrus
3365 4447 3420 4500 in

157 4520 220 4588 τῇ
249 4520 483 4592 ὀπτασίᾳ
512 4523 783 4589 τεθέαται,
829 4523 939 4598 εἶχε
974 4528 1041 4582 τά
1083 4528 1301 4602 καθαρὰ
1334 4533 1556 4587 πετεινὰ
1593 4535 1729 4604 (51),

1844 4537 2050 4593 visione
2073 4537 2229 4602 vidit,
2258 4540 2460 4592 munda
2481 4539 2663 4593 omnia
2697 4549 2751 4593 et
2774 4538 3054 4592 immunda
3078 4539 3418 4600 continebat,

160 4652 174 4666 .
208 4651 220 4662 .
262 4611 443 4677 καθὼς
510 4617 641 4686 ἡμῖν
693 4621 725 4689 ἡ
775 4620 964 4691 Γραφὴ
1012 4623 1349 4693 παραδίδωσι
1377 4663 1392 4679 .
1432 4666 1444 4678 .
1487 4666 1500 4678 .
1533 4627 1727 4681 πάντα

158 4703 302 4776 φωνὴ
356 4709 724 4781 περιληπτικὴ
769 4713 1094 4785 ἀμφοτέρων
1149 4715 1258 4768 τῶν
1319 4717 1724 4788 προλεχθέντων

159 4795 330 4861 καθὼς
357 4796 619 4870 ἕστηκεν·
651 4796 770 4855 εἶτα
803 4803 962 4857 θῦσαι
986 4806 1079 4857 καὶ
1125 4810 1318 4878 φαγεῖν
1361 4810 1424 4862 ἐκ
1463 4809 1570 4862 τῶν
1617 4809 1723 4863 δει-

220 4951 281 4984 ”'
314 4951 480 5009 Marc.
516 4970 600 5020 ιιι,
635 4956 721 5011 15.
799 4959 843 4991 ⁵³
877 4957 1010 5013 Luc.
1047 4975 1144 5024 vn,
1184 4960 1272 5016 19.
1351 4962 1368 4992 ³
1410 4959 1476 5015 ΙΙΙ
1508 4960 1642 5032 Reg.
1669 4979 1785 5027 vui,

224 5108 328 5189 (Ξῖ)
360 5112 808 5192 Εὐαγγεέιστῂς
828 5115 960 5192 τοῦ.
990 5115 1090 5192 Sie
1112 5118 1360 5192 lacuna-in
1395 5123 1573 5190 explet
1602 5122 1712 5192 Syl-

160 5183 374 5265 bllrgiuS
408 5199 422 5234 :
453 5183 666 5265 A‘ouxajg
694 5185 805 5265 μὲν
818 5187 846 5238 6
874 5187 1264 5265 εὐαγγελιστὴς
1287 5183 1480 5252 τοῦτοί
1497 5183 1722 5265 Μάρκος

159 5253 210 5305 δὲ
233 5253 257 5303 ὁ
283 5251 668 5323 εὐαγγελιστὴς
690 5251 882 5308 ἐκεῖνο.
919 5251 1172 5311 δάι’ριιιη
1200 5251 1299 5314 hoc
1329 5251 1460 5316 loco
1482 5251 1604 5316 non.
1624 5251 1724 5317 [μυί
1772 5263 1777 5271 ’

162 5340 264 5401 eas,
295 5321 636 5401 sed-Marcus
681 5340 805 5378 cum
854 5326 1105 5401 blattham
1154 5332 1498 5397 concilietur,
1535 5335 1718 5401 legun-

161 5395 278 5474 dum
310 5392 492 5474 potius
521 5394 933 5474 videturnand
967 5416 1105 5474 gnat
1131 5402 1364 5465 Λουκᾶς.
1383 5403 1466 5456 ’Ὁ
1487 5392 1723 5474 ’μὲνοῦν

162 5463 531 5588 ἷὸαγγελιστὴς
557 5464 734 5530 τοῦτο,
759 5467 943 5540 ἕτερος
961 5463 1018 5522 δὲ
1049 5472 1240 5524 ἐκεῖνο.
1275 5463 1350 5527 Ita
1381 5463 1723 5532 ititeIlcxerat

202 5549 384 5588 ancus.

202 5549 384 5602 angus.

173 5672 184 5689 ξ
224 5603 332 5689 (εελ
357 5603 485 5659 Πᾶν
508 5605 574 5658 δὲ
609 5609 704 5689 κιεὶ
729 5609 979 5689 ﬁfégoq
1016 5609 1192 5689 Ifrohe
1226 5614 1360 5668 vidit
1399 5615 1721 5689 Sylhurgius

163 5675 428 5749 iegetidtun
454 5692 582 5749 esse
611 5678 725 5742 πῶς
752 5679 807 5732 δὲ
831 5675 1166 5749 καὶβρέφος.

361 5747 467 5820 {fui
494 5747 578 5820 to"
611 5750 718 5814 τίς.
755 5749 828 5803 Ita
859 5744 1143 5820 litiget-litt
1178 5753 1270 5806 καῖ
1297 5755 1358 5807 τὸ
1386 5757 1504 5820 τῆς.

225 5775 327 5814 μυ]
361 5775 467 5799 nuc
496 5775 558 5799 ιυ
615 5775 718 5814 ιις.
755 5775 828 5803 Iul
859 5775 988 5820 ιιι-δ.
1014 5775 1143 5806 (τιιιιι
1178 5775 1270 5806 κα.
1297 5775 1358 5807 το
1386 5775 1415 5807 ’τ
1459 5775 1504 5819 ς.

225 5815 328 5887 (50)
365 5816 457 5882 Τίς
485 5817 593 5886 γὰρ
622 5822 893 5889 καθαρός.
927 5821 1127 5876 Locum
1155 5825 1402 5880 mutilum
1419 5775 1594 5886 Yiac-ile
1623 5847 1717 5885 cx-

1834 4629 2294 4699 qucmadmodum
2327 4631 2486 4685 nobis
2518 4628 2798 4699 Scriptura
2835 4629 3000 4682 tradit
3037 4645 3049 4680 :
3085 4631 3216 4684 illud
3249 4630 3416 4692 enim,

1833 4722 2034 4786 omnia,
2072 4737 2176 4774 vox
2201 4729 2307 4782 cst,
2332 4737 2453 4791 qua:
2482 4730 2642 4790 prout
2679 4720 2853 4790 posita
2885 4730 2989 4787 est,
3019 4730 3272 4791 utraque,
3299 4737 3418 4790 qua)

1830 4813 2098 4877 diximus,
2135 4815 2548 4884 complectitur;
2587 4814 2754 4886 476
2789 4814 2983 4870 deinde
3029 4814 3193 4869 etiam
3241 4815 3289 4871 si
3323 4831 3417 4870 oc-

1827 4965 1918 5019 416.
1995 4968 2016 4997 ³
2051 4966 2151 5022 lsa.
2181 4983 2303 5032 Lm,
2473 4971 2494 5000 ³
2525 4968 2645 5024 Joh.
2684 4986 2795 5036 xw,
2830 4971 2881 5024 ὃ.

1830 5126 1995 5207 plent_
2025 5128 2154 5209 duo“
2178 5128 2477 5209 Scriptum
2503 5133 2707 5209 'verha,
2755 5150 2963 5209 nempe.
2999 5138 3106 5209 γὰρ
3152 5138 3409 5209 καθαρός,

1828 5213 1950 5276 qua:
1984 5201 2036 5252 in
2072 5201 2234 5276 editis
2275 5203 2535 5276 deerant.
2561 5202 2727 5276 Uncis
2761 5201 2959 5262 inclusi
2998 5201 3118 5276 qua:
3161 5211 3227 5262 ad
3275 5201 3410 5264 alias

1828 5268 2055 5348 lacunas
2086 5272 2619 5348 c§plenda_s_addidi.
2639 5276 2758 5348 Alia
2790 5278 2983 5331 lacuna
3016 5268 3138 5348 post
3167 5280 3410 5332 πολιτεία

1828 5339 2078 5422 apposita
2115 5339 2214 5395 fuit
2241 5359 2294 5422 _a
2349 5345 2631 5422 librariis_;_
2654 5347 2749 5400 scd
2781 5363 2906 5401 cum
2959 5339 3113 5422 nihil,
3147 5349 3304 5422 desit
3341 5350 3408 5403 ad

1826 5414 2116 5492 sentcntiae
2146 5414 2378 5478 seriem,
2409 5431 2517 5492 non
2545 5416 2762 5492 videtur
2802 5420 2982 5488 magni
3013 5420 3262 5474 facienda
3296 5421 3410 5492 luec

1826 5481 2176 5559 librariorum
2214 5490 2538 5559 auctoritas,
2571 5489 2664 5557 qui
2705 5481 2930 5545 lacunas
2971 5506 3114 5559 sazpe
3147 5492 3240 5544 ubi
3270 5491 3409 5544 nihil

1824 5551 1999 5630 deest,
2029 5570 2173 5630 sicne
2205 5557 2293 5611 ubi
2332 5551 2601 5627 perpauca
2626 5559 2842 5621 desunt,
2880 5551 3067 5628 longas
3101 5571 3402 5630 apponunt.

1897 5624 2135 5700 φυτὰ-
2164 5624 2390 5695 καθαρὰ
2430 5624 2684 5700 heri-tnui.
2737 5624 3046 5700 Legendum
3094 5624 3306 5685 videtur
3337 5633 3406 5683 τὰ

1824 5691 2040 5835 καθαρά
2068 5696 2244 5778 πάντα
2286 5691 2380 5756 κάξ
2419 5699 2723 5772 ἀκάθαρτα.
2754 5691 2948 5759 Postea
2999 5704 3282 5776 legendum
3316 5703 3406 5756 καὶ

1824 5781 1930 5835 γάρ
2008 5783 2223 5835 ,παντω

1823 5773 1892 5834 γᾶ
1899 5785 1930 5838 ρ
1965 5773 1996 5835 ἡ
2008 5773 2223 5839 ξπάντα.
