4146 6436
731 329 859 387 1551

1476 333 1839 391 APPENDIX.
1882 346 1952 375 —'—
1988 331 2174 390 PARS
2209 322 2251 389 ί.
2288 334 2350 391 S.
2378 336 2660 394 ‘JUSTiNl
2697 337 2928 397 OPERA
2968 334 3238 397 SPURIA;

3861 330 4005 388 I333

724 450 911 503 ciderc
963 456 1016 503 et
1068 452 1354 513 comedere
1398 450 1465 508 de
1516 453 1638 517 his,
1684 467 1807 523 qua:
1854 442 2304 516 ostendebantur,

2413 442 2648 527 χθέντῶν
2673 460 2703 512 6
2733 457 2893 520 αὐτὸς
2912 454 3259 519 Ἂπόστολος,
3286 450 3765 524 ἀπροσδιορίστως
3790 450 4003 504 κελευόι

724 539 869 595 idem
903 544 1186 611 apostolus
1216 544 1335 599 sine
1365 538 1724 615 distinctione
1753 544 1946 614 jussus
1979 544 2258 600 recusavit
2290 564 2304 601 :

729 631 1102 704 Nequaquam,
1134 634 1375 702 Domine,
1401 637 1687 707 inquiens,
1724 652 1993 707 nunquam
2037 654 2309 692 commune

730 733 825 777 aut
873 725 1203 780 immundum
1249 728 1451 792 comedi
1496 722 1569 791 ⁸,’
1598 722 1873 800 quomodo
1920 743 1985 784 ex
2039 728 2309 797 ejusmodi

726 817 913 873 verbis
961 834 1073 873 non
1106 828 1330 890 apparet
1374 820 1557 875 omnia
1604 820 1837 876 rationis
1867 821 2109 891 expertia
2150 821 2218 876 ab
2243 836 2309 877 eo

728 909 906 977 rejici,
944 918 1005 965 ut
1036 911 1347 976 immunda,
1386 927 1621 981 eumque
1651 913 1745 982 qui
1769 913 2113 977 hortabatur,
2149 920 2210 968 ut
2241 913 2310 970 de

727 1002 816 1058 his
858 1002 1061 1069 ederet,
1099 1011 1160 1058 ut
1190 1003 1258 1059 de
1291 1004 1574 1060 immundo
1608 1006 1732 1062 cibo
1781 1014 2003 1076 gustare
2026 1006 2305 1079 iubentem

727 1094 1075 1164 reprehendi.
1783 1121 1787 1127 ·

798 1207 998 1266 RESP.
1032 1210 1113 1265 Ex
1144 1210 1309 1267 Petri’
1338 1212 1697 1284 responsione
1744 1212 2015 1270 discimus
2059 1229 2307 1284 quanam

728 1298 785 1354 in
819 1300 1051 1358 sindone
1080 1311 1265 1359 essent
1305 1304 1585 1372 animalia,
1615 1304 1876 1360 nimirum
1921 1305 2037 1361 sola
2070 1305 2307 1361 immua~

726 1391 796 1446 da
843 1407 1067 1464 :neque
1098 1396 1413 1451 necessario
1458 1412 1562 1451 vox
1612 1398 1793 1451 omnia
1840 1397 2222 1468 wmplectitur
2253 1405 2309 1453 et

726 1482 950 1539 munda.
982 1485 1222 1542 Possunt
1262 1488 1406 1543 enim
1442 1488 1628 1543 omnia
1672 1489 2045 1559 quadrupedia
2078 1498 2131 1544 et
2158 1489 2309 1544 vola-

725 1574 843 1629 tilia
877 1576 984 1631 dici
1017 1592 1081 1634 ea
1112 1578 1275 1633 etiam
1299 1596 1420 1651 quae
1444 1580 1721 1637 immunda
1745 1588 1894 1639 sunt.
1928 1580 2061 1635 illud
2092 1589 2302 1639 autem:

729 1664 1076 1738 Nequaquam
1096 1710 1111 1735 ,
1160 1669 1382 1747 Domine
1415 1689 1435 1727 :
1459 1688 1729 1742 nunquam
1760 1689 2035 1729 commune
2082 1682 2176 1727 aut
2206 1674 2309 1727 im-

727 1754 983 1813 mundum
1032 1763 1254 1828 comedi,
1309 1765 1378 1820 ad
1425 1773 1709 1836 aspectum
1764 1766 2029 1833 omnium,
2082 1782 2205 1838 quae
2256 1767 2308 1823 ei

727 1863 1031 1909 ruonstrata
1068 1856 1122 1909 in
1169 1854 1400 1913 sindone
1451 1855 1694 1923 (uertant,
1734 1874 1844 1913 non
1878 1858 1947 1915 de
1975 1860 2306 1930 quibusdam

723 1946 1023 2017 respondit.
1058 1945 1165 2003 Vas
1211 1949 1377 2019 igitur
1404 1950 1587 2005 omnia
1622 1950 1865 2006 volatilia
1906 1959 1960 2007 et
1998 1953 2309 2023 quadrupe-

723 2035 813 2091 dia
857 2038 1145 2110 complecti
1193 2040 1425 2109 dicitur,
1458 2048 1519 2096 ut
1553 2042 1607 2097 id
1655 2036 1799 2113 (μιυά
1846 2043 2189 2115 immundum
2223 2052 2310 2101 est

706 2134 1123 2197 ‘assumeretur,
1170 2133 1331 2203 quasi
1382 2133 1590 2189 dictum
1635 2142 1806 2201 esset,
1858 2135 1912 2191 in
1960 2152 2071 2207 quo
2120 2136 2307 2193 omnia

724 2230 880 2277 erant
913 2222 1197 2279 immunda
1226 2224 1469 2280 volatilia
1503 2234 1557 2282 et
1593 2227 1779 2281 omnia
1814 2228 2214 2299 quadrupedia.
2239 2228 2309 2283 Et

719 2313 1183 2382 quemadmodum
1212 2330 1336 2371 cum
1375 2314 1663 2389 Scriptura
1697 2318 1882 2374 divina
1905 2320 2038 2377 dicit
2070 2339 2083 2375 :
2118 2320 2304 2380 Omnis

719 2406 821 2460 viri
853 2417 1011 2477 caput
1042 2408 1290 2469 Christus
1331 2420 1410 2465 est
1432 2412 1487 2479 ';
1523 2428 1652 2476 vox,
1700 2414 1893 2479 omnis,
1925 2431 2035 2471 non
2066 2416 2307 2486 comple-

719 2501 886 2555 ctitur
919 2502 1130 2559 ﬁdelem
1164 2511 1219 2562 et
1257 2505 1534 2563 inﬁdelem
1569 2506 1767 2572 virum,
1802 2507 1897 2563 sed
1940 2508 2151 2566 ﬁdelem
2184 2516 2306 2562 tan-

720 2598 875 2659 tum;
910 2594 995 2649 vir
1027 2596 1172 2651 enim
1210 2596 1388 2653 ﬁdelis
1422 2613 1624 2667 corpus
1658 2606 1743 2655 est
1790 2599 2024 2665 Christi,
2061 2606 2117 2655 et
2144 2599 2304 2655 Chri—

720 2690 840 2738 stus
875 2685 1051 2742 ﬁdelis
1088 2688 1203 2746 viri.
1226 2689 1428 2745 dicitur
1460 2698 1626 2761 caput
1655 2706 1667 2741 :
1705 2690 1779 2745 ita
1810 2706 1911 2746 nec
1938 2708 2063 2757 vox,
2100 2693 2300 2757 omnia,

717 2776 1099 2845 complectitur
1134 2778 1339 2834 munda
1385 2786 1439 2837 et
1486 2780 1805 2844 immunda,
1858 2797 1956 2852 per
1994 2797 2115 2851 quae
2166 2797 2304 2852 pra:-

716 2875 1023 2924 nmnstrata
1064 2877 1150 2928 est
1190 2868 1355 2926 Petro
1385 2872 1691 2942 assumptio
1735 2872 2139 2955 immundarum
2171 2888 2303 2943 gen-

717 2959 877 3022 tium,
909 2975 1143 3032 quarum
1176 2962 1343 3017 corda
1379 2978 1476 3035 per
1506 2962 1664 3021 [idem
1701 2964 1909 3020 Christi
1944 2963 2086 3021 Deus
2110 2980 2306 3038 expur-

719 3051 888 3122 gavit.

788 3251 1071 3319 QUIEST.
1112 3252 1223 3313 XC.
1266 3255 1323 3312 Si
1355 3257 1442 3329 pia
1471 3258 1685 3314 ratione
1715 3260 1945 3330 permoti
1972 3262 2301 3332 patriarcha:

714 3354 772 3399 et
808 3346 914 3401 sibi
962 3339 1097 3417 ipsis
1128 3356 1184 3403 et
1228 3349 1419 3405 liberis
1454 3350 1570 3405 suis
1604 3367 1804 3406 uxores
1846 3367 1913 3407 ex
1957 3356 2175 3423 propria
2208 3369 2302 3409 co-

716 3438 972 3507 gnatione
1018 3450 1373 3509 acceperunt,
1423 3443 1700 3512 quomodo
1747 3459 1857 3498 non
1909 3454 2104 3514 praeter
2152 3449 2300 3517 pium

717 3530 1128 3601 progenitorum
1171 3534 1512 3603 propositum
1555 3532 1759 3604 Ioseph
1800 3542 1855 3590 et
1904 3536 2115 3610 Moyses
2158 3537 2301 3594 fece-

718 3630 878 3687 runt,
930 3622 1021 3678 hic
1066 3621 1416 3696 Egyptiam,
1465 3624 1569 3681 iste
1610 3622 2018 3684 Madianitidem
2075 3644 2301 3685 uxorem

716 3718 1005 3775 ducendo?

790 3832 994 3890 RESP.
1047 3834 1105 3889 Si
1157 3834 1317 3889 veriti
1369 3835 1733 3904 patriarchae,
1767 3852 1834 3892 ne
1884 3836 1979 3891 ﬁlii
2014 3852 2044 3890 a
2097 3838 2301 3907 pietate

717 3935 1105 3992 avocarentur,
1137 3928 1365 4005 minime
1394 3928 1475 3984 eis
1509 3931 1901 4000 permiserunt,
1940 3940 2000 3984 ut
2028 3946 2095 3985 ex
2125 3930 2301 4000 genti-

718 4019 823 4073 bus
854 4033 1057 4073 uxores
1087 4018 1384 4085 ducerent,
1413 4017 1629 4090 Moyses
1662 4028 1844 4075 autem
1878 4028 1933 4076 et
1961 4020 2161 4090 Joseph
2196 4020 2300 4075 hoc

718 4118 867 4164 metu
897 4109 1212 4179 superiores
1238 4116 1426 4164 erant:
1462 4110 1599 4164 nihil
1634 4118 1826 4166 contra
1858 4119 2073 4181 patrum
2108 4127 2303 4183 propo-

719 4203 885 4256 situm
923 4201 1101 4256 fecere
1129 4199 1347 4272 Moyses
1380 4207 1435 4257 et
1466 4200 1667 4273 .loseph
1698 4203 1929 4274 gentiles
1961 4219 2161 4259 uxores
2193 4204 2299 4259 du-

717 4294 915 4348 cendo.
948 4291 1082 4346 Nam
1120 4291 1243 4346 illos
1278 4307 1384 4346 non
1434 4291 1599 4345 modo
1632 4307 1833 4347 uxores
1879 4307 1909 4345 a
1943 4292 2144 4362 pietate
2190 4310 2300 4350 non

717 4395 1052 4449 averterunt,
1091 4385 1187 4439 sed
1219 4386 1382 4441 etiam
1405 4402 1534 4444 suas
1563 4386 1667 4457 ipsi
1698 4400 1895 4443 uxores
1929 4387 1994 4443 ad
2023 4389 2299 4459 propriam

716 4482 1123 4536 transtulerunt
1152 4481 1430 4552 pietatem.

790 4678 1073 4747 QUIEST.
1114 4679 1252 4736 XCI.
1301 4679 1359 4734 Si
1391 4678 1565 4734 Adam
1610 4685 1738 4735 ante
1777 4678 2036 4734 delictum
2082 4695 2185 4735 nec
2217 4696 2304 4736 ra-

717 4769 867 4825 tione
894 4770 1109 4839 przediti
1143 4769 1492 4841 cujusquam,
1514 4785 1619 4824 nec
1648 4769 1860 4825 ratione
1883 4772 2123 4827 carentis
2155 4788 2304 4828 mor-

718 4870 827 4916 tem
868 4862 1114 4928 viderat,
1149 4863 1426 4931 quomodo
1478 4878 1641 4932 quam
1690 4879 1801 4916 non
1856 4862 2084 4928 viderat,
2138 4866 2305 4923 minis

722 4954 1087 5015 intentatam,
1140 4951 1303 5021 quasi
1363 4952 1631 5016 vidisset,
1687 4954 1965 5022 pertimuit
2030 4957 2307 5011 mortem?

720 5043 1010 5110 Quomodo
1040 5043 1279 5114 ignotam
1310 5044 1360 5098 ei
1384 5041 1549 5109 Deus,
1586 5052 1646 5097 ut
1679 5053 1887 5110 notam,
1920 5046 2159 5101 minatus
2187 5048 2308 5104 est?

792 5154 991 5210 RESP.
1042 5154 1101 5210 Si
1134 5156 1346 5210 ratione
1390 5155 1680 5225 praeditum
1726 5154 1963 5212 dicimus
2007 5172 2154 5223 eum,
2206 5156 2303 5228 qui

792 5312 811 5342 "
841 5314 960 5365 Act.
1000 5327 1053 5374 κ,
1080 5310 1167 5364 14.
1235 5313 1255 5343 ⁸
1280 5308 1297 5360 Ι
1322 5308 1449 5365 Cor.
1486 5326 1564 5375 x1,
1600 5312 1654 5365 ’5.

798 5463 911 5533 (δὲ)
956 5463 1343 5523 Helenam-rc.
1390 5461 1486 5518 Vel
1531 5463 1663 5517 illud
1705 5463 1930 5519 verbum
1988 5476 2301 5532 expungen-

724 5533 1009 5615 dum,_vel
1048 5534 1304 5604 superius
1345 5534 1717 5604 ἐπιτρέψαντι.
1764 5534 2099 5589 Alterutrum
2155 5533 2301 5587 enim

727 5602 1031 5673 superﬂuit.
1118 5602 1135 5627 "
1476 5602 1486 5604 ἡ
1556 5602 1561 5603 ⁷

730 5743 772 5745 η
799 5674 912 5745 (55)
945 5675 1054 5729 Καὶ
1104 5673 1177 5727 τὰ
1221 5673 1567 5745 τετράποδα.
1610 5673 1957 5745 ῐθοιοιθίιιίἰιὶι
1996 5673 2085 5725 hic
2128 5671 2299 5745 deest.

727 5743 866 5799 Nam
896 5743 1069 5814 supra
1114 5744 1299 5800 omnia
1346 5744 1602 5800 animalia
1649 5746 1735 5802 his
1769 5744 1981 5800 duobus
2011 5744 2303 5815 generibus

2413 546 2593 618 μενος,
2643 548 3019 620 παρῃτήσατο,
3056 543 3372 615 Μηδαμῶς,
3426 547 3626 612 Κύριε,
3666 542 3877 611 λέγων,
3904 542 4000 598 ὅτι

2408 638 2693 693 οὐδέποτε
2712 639 2966 706 scombri)
2980 636 3315 706 ἀκάθαρτον
3329 638 3556 705 ἔφατον
3575 654 3587 667 ·
3615 634 3740 699 πῶς
3770 633 3868 689 διὰ
3895 635 4001 691 τῶν

2408 728 2664 783 τοιούτων
2680 730 2941 799 ῥημάτων
2951 728 3012 781 οὐ
3028 726 3301 805 δείκνυται
3317 727 3490 805 πάντα
3508 726 3609 796 μὲν
3623 718 3998 796 ἀπαγορεύων

2410 820 2478 876 τὰ
2506 820 2674 889 ἄλογα
2698 820 2777 885 ὡς
2797 819 3081 892 ἀκάθαρτα
3101 859 3118 885 ,
3149 816 3493 890 μεμφόμενος
3602 816 3686 887 τῷ
3724 817 3832 886 τὴν
3858 813 3996 886 βρῶ-

2410 933 2494 970 σιν
2541 914 2648 969 ἀπὸ
2700 914 2801 985 τῆς
2846 913 2905 981 ἐξ
2948 911 3127 967 αὐτῶν
3154 910 3503 981 ὲπιτρέψανετι
3525 947 3542 973 ,
3569 908 3648 972 ὡς
3677 906 3997 978 ἀκαθάρτου

2410 1008 2609 1072 ὲδωδῖπς
2635 1006 2947 1061 κελεύσαντι
2982 1004 3093 1076 (53)
3120 1002 3519 1073 άπογεύεσθαις

2487 1209 2892 1265 ἈΠΟΚΡῘΣ1Σ.
2934 1206 3070 1261 Ἀπὸ
3124 1205 3224 1277 τῆς
3269 1202 3364 1258 τοῦ
3400 1203 3608 1273 Πέτρου
3638 1200 3993 1272 ἀποκρίσεως

2414 1302 2754 1375 μανθάνομεν
2786 1300 2905 1353 τίνα
2931 1295 3000 1371 ἦν
3026 1298 3093 1352 τὰ
3118 1299 3305 1351 ἐνόντα
3349 1296 3408 1349 ὲν
3431 1297 3501 1368 τῇ
3530 1292 3756 1357 σινδόνι,
3802 1292 3989 1347 τουτέ-

2411 1413 2497 1451 στι
2524 1396 2592 1451 τὰ
2632 1394 2915 1464 ἀκάθαρτα
2960 1390 3128 1463 μόνα·
3158 1391 3253 1443 καὶ
3294 1387 3396 1461 οὐκ
3442 1385 3506 1453 ἐξ
3534 1385 3789 1456 ἀνάγκης
3831 1386 3869 1455 ἡ
3900 1382 3989 1437 τοῦ

2410 1490 2605 1546 πάντα
2641 1489 2791 1559 φωνὴ
2833 1486 3075 1558 περιέχει
3106 1484 3199 1539 καὶ
3239 1481 3309 1539 τὰ
3342 1480 3591 1545 καθαρά·
3618 1479 3864 1536 ,δυνατὸν
3888 1478 3991 1548 γὰρ

2410 1583 2587 1637 πάντα
2636 1580 2706 1634 τὰ
2754 1577 3053 1651 τετράποδα
3110 1575 3205 1628 καὶ
3250 1574 3319 1628 τὰ
3362 1568 3582 1627 πετεινὰ
3620 1572 3722 1643 τῆς
3756 1570 3866 1640 γῆς
3905 1568 3989 1621 M-

2408 1674 2600 1744 γεσθαι
2643 1672 2737 1727 καὶ
2782 1670 2851 1724 τὰ
2904 1668 3210 1739 ἀκάθαρτα.
3247 1666 3323 1718 Τὸ
3350 1665 3430 1730 δὲ,
3458 1661 3761 1733 οὐδαμῶς,
3776 1662 3985 1728 Κύριε,

2410 1767 2695 1826 οὐδέποτε
2726 1762 2952 1819 κοινὸν
2981 1762 3120 1816 οὔτε
3171 1758 3507 1828 ἀκάθαρτον
3539 1758 3810 1826 ἔφατον,
3856 1751 3988 1823 πρὸς

2337 1822 2384 1883 Β
2409 1822 2507 1934 την
2552 1860 2681 1915 θέαν
2726 1856 2943 1923 πάντων
2984 1854 3094 1908 τῶν
3126 1855 3185 1906 ὲν
3207 1855 3274 1924 τῇ
3308 1822 3503 1909 σινδόνι
3542 1822 3870 1918 δειχθέντων
3896 1822 3989 1897 αὐ-

2406 1954 2485 2025 τῷ
2510 1952 2864 2023 ἀπεκρίνατο,
2895 1947 2990 2003 καὶ
3012 1948 3072 2002 οὐ
3098 1946 3225 2020 περὶ
3256 1943 3435 1999 τινῶν.
3468 1942 3543 1995 Τδ
3565 1936 3658 1994 οῦν
3694 1938 3897 2000 σκεῦος
3930 1939 3987 1990 ὲν

2405 2037 2449 2114 ᾧ
2471 2040 2539 2116 ἦν
2574 2042 2752 2099 πάντα
2799 2040 2869 2094 τὰ
2918 2038 3139 2099 πετεινὰ
3163 2034 3350 2091 καὶτὰ
3374 2031 3678 2103 τετράποδα
3720 2030 3841 2100 (53)
3869 2068 3885 2083 .
3918 2068 3937 2083 .
3967 2064 3983 2082 .

2408 2136 2547 2193 κατὰ
2573 2132 2883 2207 παράληψιν
2908 2131 3121 2204 είρηται
3136 2128 3229 2195 τοῦ
3245 2123 3714 2199 ἀκαθάρτου,Μί
3737 2121 3834 2176 τοῦ
3853 2121 3983 2192 (δι),

2408 2233 2464 2285 ὲν
2488 2224 2532 2299 ᾧ
2549 2227 2617 2302 ἦν
2643 2229 2821 2283 πάντα
2837 2226 2903 2280 τὰ
2916 2225 3200 2295 ἀκάθαρτα
3224 2218 3446 2275 πετεινὰ
3467 2217 3564 2273 καὶ
3596 2216 3779 2270 πάντα
3804 2213 3877 2266 τὰ
3898 2229 3984 2266 τε-

2405 2340 2435 2374 τ
2445 2321 2655 2394 ράποδα
2685 2320 2787 2390 τῆς
2815 2319 2937 2390 γῆς.
2966 2316 3077 2370 Καὶ
3114 2314 3305 2385 ὥσπερ
3330 2313 3456 2366 ὅταν
3478 2310 3612 2381 λέγῃ
3636 2307 3820 2379 ὴηθεία
3849 2306 3987 2376 Γρα-

2408 2414 2503 2485 φὴ,
2544 2412 2777 2478 Παντὸς
2810 2408 3031 2478 ἀνδρὸς
3070 2409 3108 2475 ἡ
3149 2402 3383 2474 κεφαλὴ
3423 2405 3457 2456 ὁ
3494 2399 3755 2469 Χριστός
3796 2398 3982 2457 ἐστιν,

2407 2504 2440 2575 ἠ
2469 2502 2563 2557 τοῦ
2598 2488 2824 2569 παντὸς
2853 2499 3005 2570 φωνὴ
3026 2500 3088 2552 οὐ
3122 2496 3369 2569 περιέχει
3406 2492 3597 2550 πιστόν
3628 2508 3690 2544 τε
3726 2492 3827 2543 καὶ
3861 2489 3986 2543 ἂπιρ

2408 2614 2530 2650 στον
2570 2596 2761 2666 ἄνδρα,
2791 2594 2927 2648 ἀλλὰ
2956 2592 3144 2646 πιστὸν
3172 2590 3328 2662 μόνον
3347 2605 3361 2619 σ
3404 2589 3440 2642 6
3484 2584 3592 2656 γὰρ
3621 2584 3815 2647 πιστὸς
3847 2584 3987 2653 ἁνήρ

2406 2692 2520 2743 ἐστι
2575 2690 2733 2758 σῶμα
2780 2685 2873 2739 τοῦ
2927 2682 3185 2757 Χριστοῦ,
3214 2681 3309 2735 καὶ
3333 2682 3361 2734 6
3402 2678 3633 2749 Χριστὸς
3658 2674 3754 2757 τοῦ
3794 2672 3986 2725 πιστοῦ

2403 2780 2595 2853 ἀνδρὸς
2645 2779 2865 2849 λέγεται
2917 2775 3124 2846 κεφαλή
3154 2776 3168 2793 ‘
3209 2772 3382 2835 οὕτως
3431 2769 3552 2823 οὐδὲ
3601 2769 3635 2837 ὴ
3665 2765 3761 2820 τοῦ
3793 2764 3989 2819 πάντα

2406 2873 2557 2944 φωνὴ
2608 2872 2928 2944 περιεκτική
2957 2872 3071 2923 ἐστι
3118 2863 3376 2938 καθαρῶν
3398 2880 3465 2916 τε
3485 2861 3578 2915 καὶ
3622 2857 3953 2929 ἀκαθάρτων
3972 2898 3986 2919 ,

2402 2966 2541 3020 ἀλλὰ
2582 2965 2690 3019 τῶν
2716 2962 3041 3034 ἀκαθάρτων
3075 2959 3251 3032 μόνων
3270 3000 3284 3025 ,
3314 2958 3380 3011 δι’
3408 2948 3484 3009 ὧν
3529 2949 3888 3039 προεμηνύθη
3913 2948 3989 3018 τῷ

2403 3058 2594 3129 Πέτρῳ
2612 3058 2655 3128 ’ἡ
2694 3052 3008 3129 παράληψις
3056 3052 3164 3108 τῶν
3198 3048 3525 3119 ἀκαθάρτων
3573 3043 3779 3106 ἐθνῶν,
3819 3034 3898 3094 ὧν
3925 3044 3987 3111 τῇ

2322 3184 2364 3242 c
2404 3151 2585 3205 πίστει
2619 3150 2713 3205 τοῦ
2751 3148 2986 3222 Χριστοῦ
3033 3149 3063 3201 6
3101 3144 3234 3208 Θεὸς
3288 3140 3582 3213 ὲκαθάρισε
3608 3136 3708 3199 τὰς
3734 3134 3986 3205 καρδίας.

2479 3263 2832 3321 ἘΡΩΊἩΣΙΣ
2873 3266 2945 3329 μ’.
2976 3260 3037 3316 Εἰ
3065 3256 3277 3312 εὐσεϐεῖ
3303 3250 3547 3325 λογισμῷ
3570 3252 3618 3303 οἰ
3654 3246 3991 3323 πατριάρχαι

2409 3355 2713 3427 κινούμενοι
2742 3356 2952 3417 ἑαυτοῖς
2981 3353 3204 3413 καὶτοῖς
3229 3344 3385 3401 παισί
3416 3346 3513 3409 τὰς
3532 3343 3781 3414 γαμετὰς
3804 3343 3871 3397 ὲκ
3893 3340 3992 3410 τῆς

2406 3450 2609 3512 οἰκείας
2649 3447 2968 3516 συγγενείας
3014 3444 3300 3514 εἰλήφασι,
3330 3440 3447 3502 πῶς
3480 3438 3542 3491 οὐ
3570 3434 3721 3506 παρὰ
3763 3433 3859 3486 τὸν
3901 3433 3992 3485 εὖ.

2407 3542 2539 3614 σεϐῆ
2568 3541 2675 3599 τῶν
2717 3538 2999 3611 προγόνων
3024 3536 3225 3590 σκοπὸν
3260 3531 3461 3603 Ἰωσὴφ
3489 3529 3584 3585 καὶ
3625 3525 3869 3595 Μωῦσῆς
3891 3523 3993 3577 διε-

2406 3633 2700 3706 πράξαντο,
2730 3633 2757 3686 6
2792 3632 2890 3702 μὲν
2914 3628 3236 3704 Αἰγυπτίαν,
3251 3626 3279 3679 6
3299 3624 3356 3681 δὲ
3379 3619 3735 3679 Μαδιανίτιδα
3749 3620 3993 3686 γυναῖκα

2398 3726 2725 3798 γημάμενος
2746 3742 2760 3789 ;

2455 3836 2879 3890 ”ΑΠΟΚΡ1Σ1Σ.
2900 3835 2961 3888 Εἰ
2979 3829 3290 3906 μὲνπατριά
3300 3826 3583 3904 ρχαιφόϐῳ
3593 3823 3697 3878 τοῦ
3708 3823 3785 3897 μὴ
3802 3824 3991 3896 ἐκτρα-

2406 3929 2571 3999 πῆναι
2581 3929 2706 3992 τοὺς
2721 3928 2870 3991 υἱοὺς
2880 3926 3059 3979 αὐτῶν
3069 3924 3169 3995 τῆς
3180 3922 3458 3985 εὐσεϐείας
3472 3922 3574 3974 οὐκ
3587 3919 3890 3991 ἐπέτρεπον
3902 3920 3991 3974 αὐ-

2403 4022 2531 4086 τοὺς
2548 4024 2610 4077 ὲκ
2627 4020 2734 4073 τῶν
2760 4019 2987 4075 ἐθνικῶν
3003 4018 3186 4073 λαϐεῖν
3201 4016 3465 4087 γαμετὰς,
3478 4016 3506 4067 ὁ
3524 4012 3580 4067 δὲ
3595 4011 3842 4081 Μωῦσῆς
3855 4011 3949 4067 καὶ
3962 4013 3990 4065 6

2403 4112 2602 4184 Ἰωσὴφ
2616 4111 2707 4165 τοῦ
2725 4110 2971 4164 τοιούτου
2984 4108 3149 4178 φόϐου
3165 4103 3306 4179 ἦσαν
3320 4103 3602 4175 ἀνώτεροι·
3619 4102 3776 4157 οὐδὲν
3791 4098 3888 4155 οὖν
3901 4120 3989 4156 κα-

2404 4204 2473 4258 τὰ
2504 4203 2813 4274 παράϐασιν
2842 4201 2936 4257 τοῦ
2970 4199 3173 4257 σκοποῦ
3206 4198 3313 4251 τῶν
3347 4195 3598 4267 πατέρων
3627 4193 3988 4265 πεποιηκότες

2406 4297 2687 4366 φαίνονται
2702 4296 2803 4347 ὅτε
2816 4292 3057 4361 Μωῦσῆς
3083 4292 3177 4344 καὶ
3200 4294 3228 4343 ὁ
3250 4288 3470 4358 Ἰωσὴφ,
3491 4286 3749 4349 λαϐόντες
3773 4284 3985 4347 ἐθνικὰς

2403 4388 2668 4459 γαμετάς.
2712 4388 2786 4441 Οὐ
2820 4384 2925 4457 γὰρ
2967 4384 3131 4455 μόνον
3162 4381 3318 4436 αὐ.τοί
3348 4380 3451 4433 οὐκ
3477 4378 3861 4449 ἐξετράπησαν
3891 4375 3983 4443 τῆς

2406 4481 2685 4543 εὐσεϐείας
2736 4478 2839 4531 ὑπὸ
2869 4477 2974 4531 τῶν
3018 4474 3228 4543 ἑαυτῶν
3257 4469 3530 4542 γυναικῶν
3554 4509 3570 4533 ,
3604 4467 3743 4522 ἀλλὰ
3771 4466 3865 4521 καί
3891 4466 3983 4527 τὰς

2331 4543 2375 4598 D
2409 4575 2615 4632 ἑαυτῶν
2642 4575 2903 4643 γυναῖκας
2918 4572 2996 4633 εἰς
3022 4569 3119 4640 τὴν
3138 4565 3343 4620 ἑαυτῶν
3365 4563 3663 4636 μετέφερον
3685 4559 3978 4613 εὐσέϐειαν.

2475 4668 2825 4723 ἘΡΩΤΗΣΙΣ
2855 4667 2973 4733 ιι,Α’.
3020 4664 3081 4716 Εἰ
3111 4662 3217 4733 πρὸ
3249 4659 3347 4731 τῆς
3370 4656 3735 4729 παραϐάσεως
3766 4656 3795 4708 6
3814 4652 3981 4722 Ἀδὰμ

2402 4760 2617 4833 λογικοῦ
2650 4764 2684 4833 ἢ
2732 4760 2927 4827 ἀλόγου
2950 4758 3011 4814 οὐ
3050 4755 3303 4814 τεθέαται
3343 4751 3606 4811 θάνατον,
3644 4747 3765 4812 πῶς
3805 4748 3864 4801 ὃν
3887 4746 3980 4800 οὐκ

2402 4852 2541 4909 εἶδεν
2560 4898 2574 4921 ,
2608 4856 2683 4918 ὡς
2716 4848 2997 4923 ἑωρακὼς,
3028 4845 3388 4916 ἀπειληθέντα
3426 4842 3693 4898 ὲδειλίασε
3722 4841 3977 4901 θάνατον;

2402 4948 2526 5010 Πῶς
2562 4947 2617 4999 δὲ
2666 4944 2853 4999 τοῦτον
2873 4983 2899 5018 ,,
2918 4939 3280 5011 ἀγνοούμενον
3316 4935 3499 5007 αὐτῷ,
3535 4935 3612 5000 ὡς
3644 4933 3977 5005 ἐγνωσμένον

2404 5039 2699 5111 ἠπείλησεν
2727 5041 2755 5093 6
2782 5038 2916 5099 Θεός
2936 5052 2951 5101 ;

2483 5151 2889 5211 ‘AIIOKPIEIE.
2950 5150 3014 5203 Εἰ
3065 5147 3281 5217 λογικὸν
3326 5147 3530 5201 ἐκεῖνον
3580 5140 3856 5213 καλοῦμεν
3894 5138 3977 5193 τὸν

2404 5459 2911 5529 comprehenderat.
2946 5457 3003 5514 Si
3032 5456 3162 5529 quid
3196 5464 3378 5513 tamen
3403 5454 3568 5530 desit,
3604 5455 3762 5514 facile
3782 5454 3978 5530 expleri

2405 5528 2584 5600 potest
2633 5547 2699 5585 ex
2744 5531 2968 5585 Actibus
3004 5528 3377 5600 apostolorum
3399 5567 3413 5590 ,
3440 5528 3532 5600 ubi
3566 5537 3765 5600 praeter
3792 5528 3977 5600 τετρά·

2407 5597 2542 5653 ῖποδα
2566 5608 2923 5655 recensentur
2951 5597 3112 5654 etiam
3146 5598 3216 5651 τὰ
3244 5597 3409 5669 θηρία
3436 5598 3531 5650 καί
3560 5598 3630 5651 τὰ
3656 5598 3881 5669 ἑρπετά.

2476 5671 2592 5740 (54)
2634 5672 2779 5723 Ἀντί
2807 5670 2929 5724 τοῦ.
2958 5670 3180 5723 Frustra
3209 5669 3299 5722 hic
3332 5669 3581 5740 apposita
3618 5670 3834 5735 lacuna,
3859 5681 3978 5723 cum

2409 5738 2603 5811 plenus
2633 5743 2703 5797 sit
2738 5756 2934 5798 sensus
2960 5755 3025 5796 ac
3058 5740 3281 5795 minime
3320 5738 3663 5794 decurtatus.
