4146 6452
139 402 295 459 1333

849 387 1312 468 ΟΗᾸΞΞἹῚΟΝΕΒ
1343 385 1432 442 ΕΤ
1469 381 1990 441 RESPONSIONES
2022 381 2113 435 AD
2150 375 2613 436 OBTIIODOXOS

3261 370 3398 427 i335

135 512 343 585 ἔχοντα
369 510 428 563 ὲν
456 506 631 578 ἐαυτῷ
650 504 756 559 τῶν
786 501 891 556 ὑπὸ
911 501 1020 557 τῶν
1040 500 1173 570 (55),
1209 539 1223 553 .
1257 537 1273 551 .
1309 497 1721 585 σημαινομένων

1827 496 1986 584 liabet
2035 495 2088 548 in
2144 493 2438 562 semetipso
2501 503 2684 546 rerum
2733 486 2916 544 verbis
2968 485 3396 557 signiﬁcatarum

136 582 250 667 τάς
279 602 507 664 ἐννοίας,
533 599 692 670 δῆλον
712 587 799 649 ’ὅτι
819 594 911 648 καὶ
939 595 968 647 ὁ
997 591 1186 662 Ἀδὰμ,
1215 589 1431 658 λογικὸς
1456 587 1551 653 ῶν,
1578 582 1721 656 εἶχεν

138 696 206 747 ὲν
241 691 420 762 ἑαυτῷ
447 691 538 745 τοῦ
565 689 790 743 θανάτου
823 685 920 755 τὴν
944 684 1167 738 ἔννοιαν.
1187 683 1297 735 Καὶ
1317 679 1493 744 καθώς
1515 697 1618 750 περ
1647 680 1720 750 μὴ

138 784 414 857 ἑωρακὼς
451 783 550 854 μὲν
572 784 600 834 ό
623 781 795 852 Ἀδάμ
819 779 1033 848 λογικὸν
1068 778 1160 832 ἐπὶ
1187 781 1252 850 τῇ
1287 775 1480 830 ἑαυτοῦ
1512 773 1722 845 γυμνώ-

139 893 230 928 cet
257 873 664 944 αἰσχυνόμενον,
700 873 857 942 ὅμως.
873 870 930 923 δὲ
957 868 1262 940 γυμνωθεὶς
1289 867 1550 940 ᾐσχύνθη,
1569 870 1724 936 ἐσχη-

137 965 262 1031 κὼς
291 970 348 1019 ὲν
373 965 548 1036 ἐαυτῷ
570 965 666 1034 τῆς
686 963 946 1034 αἰσχύνης
969 963 1028 1015 τὸ
1049 962 1220 1034 ὄνομα
1247 962 1343 1016 καὶ
1368 962 1464 1032 τὴν
1492 961 1717 1023 ἔννοιαν,

137 1056 320 1118 οὕτως
349 1051 490 1126 εἶχεν
524 1058 579 1109 ὲν
607 1054 785 1125 ἑαυτῷ
837 1055 932 1108 καὶ
975 1052 1068 1107 τοῦ
1103 1053 1330 1110 Θανάτου
1354 1052 1454 1122 τὴν
1480 1050 1685 1104 ἔννοιαν
1705 1088 1719 1110 ,

139 1148 251 1202 κᾶν
289 1147 350 1200 τὸ
397 1149 628 1220 πρᾶγμα
675 1149 733 1200 ὲν
767 1144 912 1218 ἄλλῳ
941 1145 1108 1216 μήπω
1139 1139 1208 1211 ἦν
1250 1142 1607 1212 θεασάμενος..
1632 1142 1722 1194 Διδ

137 1237 385 1306 εὐλόγως
409 1237 667 1291 ὲδειλίασε
687 1237 777 1293 τὸν
818 1236 1074 1299 θάνατον,
1106 1234 1259 1299 είδὼς
1293 1234 1453 1288 αὑτὸν
1487 1233 1600 1290 ἀπὸ
1627 1233 1722 1304 τῆς

138 1318 362 1393 ἑννοίας
390 1329 553 1384 αὑτοῦ
579 1328 951 1399 ἀντικείμενον
978 1328 1106 1381 δντα
1132 1327 1227 1398 τῆς
1258 1323 1422 1396 ζωῆς.

229 1502 580 1560 ἘΡΩἹἩΣΙΣ
608 1503 721 1571 ίιΒθ.
771 1500 1050 1572 Ἐπειδὴῆ
1098 1499 1289 1571 Γραφὴ
1337 1498 1485 1567 λέγει
1523 1497 1726 1569 κρίμα-

132 1616 212 1654 τα
245 1601 342 1653 καὶ
390 1595 748 1668 δικαιώματα,
778 1597 872 1649 καὶ
912 1595 1186 1665 μαρτύρια
1220 1592 1314 1645 καὶ
1351 1591 1536 1662 νόμον,
1577 1591 1722 1642 ὲντο-

134 1689 242 1764 λάς
276 1689 371 1742 καὶ
390 1684 802 1760 προστάγματα,
838 1687 883 1738 εί
907 1682 1080 1738 ταύτά
1119 1685 1258 1736 εἰσιν
1307 1681 1593 1754 ἀμφότερα
1630 1680 1722 1733 άλ-

134 1778 349 1854 λήλοιςί
386 1781 421 1852 ἢ
454 1780 711 1850 ἑκάτερον
739 1778 850 1849 ἔχει
870 1776 1025 1846 λόγον
1073 1773 1360 1839 ἰδιάζοντα,
1386 1772 1613 1838 δίδαξον.

225 1945 628 2016 ἈΠΟΚΡΙΣΙΣ.
660 1957 916 2030 Κρίματα
953 1954 1052 2026 μὲν
1083 1952 1230 2024 λέγει
1255 1953 1381 2016 τοὺς
1399 1949 1725 2019 λόγουςτοὺς

133 2040 324 2106 διαστε
333 2051 544 2114 ίλαντας
557 2048 666 2124 τῶν
683 2049 742 2102 οὒ
759 2035 1042 2120 πρακτέων
1069 2044 1138 2098 τὰ
1161 2042 1430 2116 πρακτέα,
1449 2042 1542 2095 καὶ
1560 2058 1610 2094 τι
1618 2042 1725 2111 μὴν

139 2143 248 2214 μὲν
291 2144 391 2217 τὴν
442 2142 534 2196 ἐπὶ
703 2136 1204 2217 ὑπακοῇ-’άτιμίαν
1266 2136 1323 2189 δὲ
1367 2134 1466 2205 τὴν
1521 2133 1615 2185 ἐπὶ
1654 2135 1729 2202 τῇ

136 2214 393 2307 παρακοῇ
419 2232 745 2306 ὡρισμένας
779 2214 1125 2301 ἂκαιῶματα
1165 2227 1222 2282 δὲ
1250 2227 1400 2296 λέγει
1440 2225 1550 2278 τῶν
1603 2241 1723 2296 κρι-

139 2328 330 2397 μάτων
361 2327 460 2398 τὴν
491 2324 779 2396 ὀρθότητα,
815 2320 1224 2393 ἀπονεμητικὴν
1251 2320 1358 2372 τῶν
1413 2318 1531 2370 κατ’
1567 2316 1722 2380 ἀξίαν

134 2418 588 2491 ἑκάστῳ.’Νόμον
616 2417 672 2471 δὲ
698 2409 845 2484 λέγει
873 2413 972 2487 τὴν
995 2413 1273 2484 ἔγγραφον
1298 2409 1586 2480 περίληψιν
1620 2409 1724 2462 πά-

138 2526 242 2583 σης
283 2507 382 2579 τῆς
425 2508 722 2578 Ἰουδαϊκῆς
744 2505 1001 2578 λατρείας
1024 2521 1084 2558 τε
1118 2506 1212 2558 καὶ
1257 2503 1550 2566 πολιτείας·
1582 2521 1722 2574 μαρ-

135 2601 332 2672 τυρίαν
363 2599 418 2654 δὲ
444 2599 600 2653 καλεῖ
625 2599 723 2671 τὴν
753 2599 845 2651 ἐπὶ
868 2600 984 2662 τοῖς
1008 2597 1418 2669 πεπραγμένοις
1464 2596 1571 2648 ὑπό
1614 2595 1723 2648 τῶν

135 2691 448 2763 δεξαμένων
485 2692 587 2767 τδν,
613 2691 723 2763 (56)
802 2732 820 2744 .
893 2729 909 2745 .
988 2732 1001 2745 .
1078 2690 1148 2742 δι*
1179 2689 1426 2759 εὐλογίας
1459 2690 1552 2740 καὶ
1592 2705 1724 2741 κατ-

136 2787 280 2858 άρας
333 2784 685 2857 ἀμοιϐὴν,ἥν
763 2825 776 2836 .
858 2824 872 2839 .
954 2824 966 2836 .
1048 2823 1062 2835 .
1142 2822 1156 2835 .
1239 2823 1252 2834 .
1335 2822 1348 2834 .
1422 2821 1435 2834 .
1512 2781 1725 2857 ditior?)—

137 2875 242 2948 σῆς
268 2876 764 2948 διαμαρτυρόμενος
793 2873 942 2943 ἔλεγε
974 2878 1087 2938 τοῖς
1119 2873 1408 2937 Ἰουδαίοις,
1460 2872 1726 2942 συμϐήσε-

139 2967 270 3023 σθαι
316 2968 498 3030 αὐτοῖς
526 2967 872 3037 πειθομένοις
899 2965 938 3037 ἦ
972 2964 1304 3019 ἀπειθοῦσιν.
1367 2962 1615 3026 Ἐντολὰς
1666 2961 1723 3014 δὲ

138 3057 239 3112 καὶ
271 3056 834 3129 προστάγματα-λέγει
862 3057 953 3110 τὸν
985 3057 1126 3110 κατὰ
1187 3095 1200 3108 .
1281 3095 1294 3108 .
1378 3094 1391 3107 .
1473 3092 1486 3105 .
1549 3052 1734 3120 λόγωνε

139 3146 420 3217 ὀνομάζων
451 3148 578 3210 τοὺς
628 3146 816 3215 λόγους
857 3145 1186 3208 ὲνταλτικῶς
1229 3145 1262 3215 ἢ
1312 3141 1722 3214 προστακτικῶς

137 3238 598 3311 λεχθέντας,κατά
613 3238 710 3309 τὴν
738 3239 976 3310 ἔμφασιν
1012 3239 1111 3307 τῆς
1135 3238 1283 3300 θείας
1315 3235 1600 3296 αὑθεντίας
1626 3233 1720 3288 τοῦ

139 3332 312 3386 ταῦτα
342 3330 725 3402 ἐντειλαμένου.
768 3331 801 3401 ἢ
846 3329 1272 3402 προστάξαντος.

226 3424 587 3479 ἘΡΩΤΗΣΙΣ
602 3424 714 3490 l,I-'".
757 3424 820 3475 El
859 3423 928 3476 τὰ
956 3422 1100 3475 νῶτα
1122 3422 1216 3475 τοῦ
1244 3420 1474 3494 οὐρανοῦ
1520 3421 1723 3492 πεφόρρ

141 3531 310 3569 τωται
335 3514 511 3580 ὕδασι,
542 3514 722 3577 καθὼς
748 3531 909 3582 φησιν
940 3516 972 3584 ὴ
1002 3513 1214 3586 Γραφὴ,
1240 3516 1376 3584 ὅπερ
1401 3515 1546 3576 τινὲς
1589 3513 1722 3582 ἐφα-

145 3626 257 3665 σαιο
269 3606 547 3676 γεγονέναι
578 3607 665 3660 διὰ
691 3607 790 3678 τὴν
814 3604 1037 3678 πυρώδη
1063 3606 1170 3658 τῶν
1199 3607 1384 3678 φωστή
1394 3623 1500 3677 ρων
1517 3606 1722 3672 οὐσίαν,

144 3700 287 3753 ὥστε
307 3702 418 3762 τοῖς
449 3699 816 3770 ἐπικειμένοις
839 3699 929 3752 τὸν
971 3699 1194 3770 οὐρανὸν
1229 3699 1573 3769 πιαινόμενον
1612 3700 1722 3769 (57)

146 3793 323 3855 ῧδασι,
367 3796 434 3865 τῇ
491 3793 826 3865 ὑποκειμένῃ
877 3790 986 3846 τῶν
1031 3793 1332 3862 φωστήρων
1358 3791 1516 3860 φλογὶ
1547 3791 1724 3861 μένειν

147 3886 463 3956 ἀχείρωτον,
508 3885 626 3950 πῶς
653 3887 703 3938 οἱ
727 3885 901 3940 ταῦτα
949 3885 1196 3954 λέγοντες
1234 3885 1574 3956 ἀληθεύουσι,
1615 3885 1724 3939 τῶν

148 3979 448 4049 φωστήρων
495 3977 595 4031 οὐκ
641 3980 698 4030 ὲν
721 3976 798 4047 τῷ
829 3976 1065 4048 οὐρανῷ,
1097 3976 1209 4029 ἀλλ’
1243 3976 1347 4030 ὑπὸ
1383 3977 1476 4030 τὸν
1502 3977 1726 4048 οὐρανὸν

149 4068 477 4138 κινουμένων
501 4085 514 4131 ;
537 4068 600 4121 Εἰ
632 4067 687 4120 δὲ
711 4066 935 4129 τούτους
964 4069 1019 4118 έν
1043 4067 1119 4138 τῷ
1146 4066 1359 4139 οὐρανῴ
1387 4056 1617 4137 λέγομεν
1646 4063 1724 4119 εῖ-

149 4174 256 4219 ναι,
302 4156 417 4219 πῶς
442 4157 542 4227 τὴν
573 4157 854 4228 κινητικὴν
881 4156 1158 4226 ἐνέργειαν
1183 4155 1385 4224 έχουσι,
1430 4155 1524 4208 τοῦ
1569 4157 1726 4227 οὐρα-

143 4246 262 4300 ’νίου
316 4246 562 4317 σώματος
611 4248 672 4300 τὺ
718 4247 969 4319 ἀκίνητον
1015 4247 1257 4317 έχοντος;
1298 4249 1367 4300 Ei‘
1405 4247 1462 4304 δὲ
1512 4249 1606 4302 σὺν
1646 4249 1724 4320 τῷ
1766 4264 1780 4270 ’

149 4338 210 4390 οὺ
221 4337 360 4410 ρανῷ
379 4339 447 4391 τὰ
473 4339 646 4411 ἄστρα
673 4339 936 4411 λαμϐάνει
958 4339 1054 4409 τὴν
1078 4340 1310 4410 κίνησιν,
1339 4339 1454 4402 πῶς
1478 4341 1578 4393 οὐκ
1602 4339 1735 4408 ἀλη-

152 4429 294 4482 θεύει
319 4432 348 4483 ὁ
388 4432 622 4501 σφαῖραν
649 4431 740 4483 τὸν
776 4430 1004 4502 οὐρανὸν
1043 4429 1464 4501 προσαγορεύων
1512 4429 1678 4500 μῦθος
1705 4446 1734 4493 ς,

1824 579 2108 652 notiones,
2161 585 2332 655 liquet
2385 583 2687 645 Adamum,
2740 579 2834 649 qui
2879 579 3090 633 ratione
3139 579 3396 649 pryalilus

1822 688 1972 745 erat,
2004 677 2261 730 habuisse
2312 676 2367 728 in
2415 673 2710 743 semetipso
2757 665 2951 727 mortis
2993 668 3398 725 notionem._Et

1823 765 2276 836 quemadmodum
2306 764 2478 816 Adam
2510 763 2611 817 etsi
2654 760 2925 815 neminem
2955 759 3166 821 ratione
3203 757 3398 828 praedi-

1826 869 1938 912 tum
1971 858 2201 920 viderat,
2234 857 2322 910 cui
2354 869 2453 910 sua
2483 852 2709 909 nuditas
2733 851 2929 923 pudori
2964 857 3130 914 esset,
3167 850 3282 920 ipse
3315 857 3398 902 ta-

1823 965 1944 1004 men
1994 949 2233 1003 nudatus
2278 947 2484 1017 pudore
2513 942 2754 1002 sutiusus
2788 951 2903 1008 est,
2934 957 3058 997 cum
3091 941 3314 996 haberet
3343 941 3397 994 in

1825 1042 2004 1110 seipso
2033 1040 2259 1109 pudoris
2307 1052 2503 1093 nomen
2541 1045 2593 1093 et
2637 1037 2912 1091 notionem
2948 1052 2960 1087 :
2999 1024 3081 1091 sic
3101 1035 3263 1091 etiam
3297 1033 3395 1086 ha-

1824 1133 1939 1187 buit
1961 1132 2124 1206 477
2158 1133 2211 1185 in
2236 1133 2416 1201 seipso
2446 1129 2639 1186 mortis
2673 1130 2974 1192 notionem,
3004 1128 3254 1197 quamvis
3283 1140 3397 1180 rem

1824 1228 1878 1279 in
1933 1226 2039 1280 alio
2090 1225 2329 1279 nondum
2382 1223 2626 1278 vidisset.
2673 1221 2853 1288 Quare
2901 1223 3098 1276 merito
3147 1220 3398 1277 extimuit

1824 1325 2073 1381 mortem,
2119 1330 2242 1370 cum
2277 1329 2395 1370 eam
2434 1315 2559 1368 vitae
2601 1314 2933 1369 contrariam
2970 1327 3092 1369 esse
3121 1327 3188 1366 ex
3220 1310 3395 1381 ipsius

1824 1408 2042 1462 notione
2074 1409 2260 1462 sciret.

1894 1497 2173 1569 QUASST.
2193 1498 2349 1553 XCII.
2374 1495 2825 1568 Quandoquidem
2851 1495 3135 1563 Scriptura
3165 1493 3400 1563 appellat

1819 1591 2024 1660 judicia
2056 1599 2108 1644 et
2159 1591 2597 1660 iustificationes,
2633 1599 2686 1645 et
2741 1587 3056 1642 testimonia
3101 1593 3155 1641 et
3205 1587 3400 1654 legem,

1825 1692 1884 1737 et.
1919 1682 2174 1738 mandata
2207 1692 2259 1736 et
2303 1692 2606 1752 praecepta:
2636 1690 2819 1735 utrum
2847 1681 3007 1734 ambo
3038 1680 3228 1736 eadem
3262 1680 3403 1733 inter

1824 1790 1904 1836 se,
1961 1788 2028 1827 an
2107 1774 2384 1843 propriam
2466 1783 2758 1847 utrumque
2845 1773 3114 1827 rationem
3182 1771 3400 1834 habeat,

1829 1865 2017 1920 edoce.

1897 1957 2098 2012 RESP.
2122 1957 2351 2014 Judicia.
2369 1967 2538 2014 vocat-
2563 1971 2868 2023 sermones,
2929 1955 3022 2028 qui
3046 1953 3318 2009 ifacienda
3372 1969 3399 2006 a

1823 2051 2096 2122 fugiendis
2130 2061 2445 2115 secernunt,
2484 2067 2547 2106 ac
2576 2051 2856 2121 praemium
2891 2047 3216 2102 obedientize
3265 2062 3402 2100 con-

1821 2145 2085 2210 stituunt;
2114 2143 2534 2214 iustificationes
2556 2142 2688 2196 dicit
2705 2141 3035 2212 judiciorum
3069 2141 3400 2209 :equitatem,

1822 2252 1942 2307 quae
1963 2252 2062 2311 pro
2091 2237 2302 2294 meritis
2344 2250 2788 2306 unumquemque
2840 2241 3171 2288 remunerat.
3206 2231 3400 2303 Legem

1821 2330 1955 2384 dicit
1984 2331 2245 2400 scriptam
2273 2329 2451 2384 omnis
2472 2327 2685 2385 Iudaici
2719 2326 2902 2380 cultus
2929 2335 2990 2380 et
3015 2324 3405 2380 instituticom-

1823 2423 2276 2492 prehensionem;
2306 2421 2706 2484 testimonium,
2759 2419 3097 2489 propositam
3143 2417 3252 2479 his.
3309 2417 3402 2483 qui

1824 2514 1995 2582 legem
2028 2515 2410 2582 susceperunt,
2442 2526 2542 2580 pro
2559 2510 2839 2565 actionum
2873 2510 3083 2565 meritis
3131 2509 3400 2569 exbcne-

1823 2604 2061 2660 dictione
2092 2613 2187 2658 aut
2205 2620 2272 2658 ex
2296 2591 2682 2658 maledictione
2704 2603 3031 2665 mercedem,
3065 2617 3230 2670 quam
3265 2600 3404 2672 Moy-

1825 2712 1913 2752 ses
1941 2699 2140 2752 cmlum
2171 2707 2224 2752 et
2268 2706 2471 2752 terram
2505 2702 2866 2762 contestatus,
2893 2680 3097 2750 Iudaeis
3137 2694 3242 2765 ipsi
3273 2693 3396 2749 obe-

1824 2788 2106 2844 dienlibus
2136 2797 2231 2842 aut
2265 2805 2374 2844 non
2403 2789 2786 2847 obedientibus
2811 2795 3130 2843 eventuram
3163 2785 3401 2840 dicebat.

1824 2878 2100 2950 Praecepta
2132 2890 2186 2936 et
2212 2881 2468 2936 mandata
2503 2889 2682 2947 vocat,
2701 2895 2797 2936 eos
2821 2880 2954 2951 legis
2989 2879 3402 2948 sermones,qui

1825 2973 2190 3043 praecipiendo
2224 2983 2278 3029 et
2322 2974 2632 3029 mandando
2667 2973 3112 3045 pronuntiantur,
3141 2987 3250 3024 non
3285 2972 3402 3026 sine

1824 3065 2224 3135 significatione
2253 3067 2452 3122 divina:
2483 3067 2629 3123 illius
2655 3067 2965 3138 potestatis,
3001 3066 3095 3137 qui
3125 3064 3238 3120 haec
3265 3078 3402 3136 prte-

1823 3159 1967 3228 cepit
1999 3165 2052 3213 et
2081 3159 2380 3215 mandavit.

1897 3421 2176 3501 ρωξῑδτ.
2207 3422 2389 3479 XCIII.
2409 3423 2466 3480 Si
2490 3433 2640 3496 terga
2669 3425 2970 3496 caeliiaquis
3001 3433 3127 3480 sunt
3159 3433 3402 3496 gravata,

1827 3516 1966 3569 sicut
1997 3518 2071 3569 ait
2097 3515 2381 3587 Scriptura
2404 3557 2418 3578 ,
2447 3519 2592 3587 quod
2611 3509 2846 3588 quidem
2881 3518 3086 3572 factum
3115 3534 3234 3574 esse
3261 3533 3404 3572 non-

1825 3607 1961 3661 nulli
2015 3608 2292 3670 dixerunt,
2337 3619 2558 3679 propter
2609 3610 2823 3679 igneam
2873 3610 3221 3663 Iuminarium
3275 3610 3406 3663 sub-

1827 3703 2104 3765 stantiam,
2140 3710 2199 3754 ut
2235 3704 2435 3756 caalum
2472 3693 2688 3770 injectis
2719 3701 2824 3757 sibi
2851 3702 3137 3772 irrigatum
3167 3700 3345 3771 aquis,
3374 3715 3404 3754 a

1827 3795 2072 3863 subjecta
2104 3795 2459 3848 Iuminarium
2492 3792 2709 3845 ﬂamma
2747 3800 3090 3862 permaneret
3140 3793 3405 3847 invictum

1825 3894 1879 3941 et
1910 3887 2213 3957 integrum:
2252 3885 2527 3956 quomodo
2573 3886 2667 3955 qui
2699 3885 2800 3940 ista
2851 3885 3106 3954 allegant,
3166 3898 3293 3940 vera
3323 3885 3406 3939 lo-

1826 3987 2090 4048 quuntur,
2119 3993 2240 4032 cum
2275 3979 2446 4032 stellae
2479 3991 2585 4031 non
2642 3977 2698 4031 in
2753 3977 2912 4039 coelo,
2967 3975 3063 4031 sed
3117 3976 3220 4031 sub
3262 3975 3405 4030 catlo

1827 4084 2050 4125 cursum
2091 4058 2252 4123 suum
2274 4074 2494 4124 teneant
2520 4069 2550 4123 ?_
2571 4066 2666 4123 Sin
2711 4068 2834 4124 illas
2856 4066 2912 4123 in
2935 4069 3076 4122 ccelo
3104 4081 3228 4122 esse
3263 4067 3402 4121 dica-

1827 4177 1970 4224 mus,
1989 4161 2262 4230 quomodo
2290 4161 2396 4214 vim
2427 4167 2489 4215 et
2509 4169 2690 4214 actum
2707 4157 2963 4214 motionis
2993 4158 3259 4221 obtinent,
3277 4171 3402 4212 cum

1827 4255 1954 4307 caeli
1972 4269 2171 4322 corpus
2195 4253 2473 4308 immobile
2501 4253 2606 4307 sit?
2635 4251 2792 4315 Quod
2845 4252 2890 4305 si
2941 4266 3048 4304 una
3088 4266 3212 4305 cum
3263 4251 3406 4304 melo

1828 4360 1990 4399 suum
2032 4350 2251 4398 motum
2305 4343 2616 4413 perficiunt,
2663 4340 2939 4411 quomodo
2970 4357 3098 4396 vera
3145 4355 3255 4395 non
3293 4351 3399 4402 est,

1828 4453 1948 4507 qua}
2000 4438 2200 4491 coelum
2245 4437 2464 4506 globum
2503 4435 2750 4489 nominat
2777 4433 2995 4488 fabula?
3039 4433 3134 4488 Sin
3161 4433 3266 4488 hoc
3296 4450 3420 4490 non.

153 4525 216 4576 Et
256 4524 310 4576 δὲ
335 4521 493 4575 τοῦτο
526 4524 621 4592 μὲν
650 4524 918 4594 ἀπρεπὲς,
949 4523 1009 4575 τὸ
1036 4523 1091 4575 δὲ
1123 4522 1415 4592 προλεχθὲν
1452 4522 1579 4594 περὶ
1615 4522 1722 4574 τῶν

1830 4533 2082 4601 quadrat,
2115 4530 2182 4584 de
2223 4529 2397 4584 stellis
2427 4537 2609 4582 autem
2634 4527 2709 4591 id,
2739 4528 2882 4597 quod
2934 4528 3141 4583 dictum
3189 4535 3293 4589 est,
3324 4528 3406 4579 iu-

154 4614 450 4684 ςωστήρων
487 4614 677 4683 νοῆσαι
700 4613 1010 4677 ἀκόλουθον,
1043 4613 1158 4676 πῶς
1187 4615 1286 4667 οὐκ
1318 4614 1588 4683 ἄχρηστος
1619 4611 1724 4664 τῶν

153 4706 266 4759 ἄνω
291 4705 497 4759 ὑδάτων
527 4708 559 4776 ὴ
591 4705 848 4769 σύστασις
880 4723 894 4770 ;
923 4705 1006 4768 τίς
1033 4706 1087 4757 δὲ
1121 4707 1214 4758 καὶ
1243 4704 1380 4776 αὐτὴ
1401 4709 1458 4758 ὲν
1496 4709 1560 4776 τῇ
1598 4723 1724 4757 συν-

155 4800 334 4872 τελείᾳ
354 4801 660 4871 γενήσεται,
690 4799 800 4853 ἄνω
828 4800 924 4869 μὲν
950 4797 1054 4854 τῶν
1087 4799 1310 4852 δικαίων
1331 4840 1344 4863 ,
1369 4799 1517 4852 κάτω
1539 4800 1594 4851 δὲ
1617 4799 1728 4851 τῶν

160 4891 490 4965 ἁμαρτωλῶν
539 4891 647 4956 τὰς
685 4892 794 4944 τῶν
837 4890 1136 4962 μελλόντων
1175 4892 1285 4962 (58)
1340 4891 1570 4963 ἀμοιϐάς
1608 4891 1727 4948 τότε

163 4987 456 5058 μελλόντων
485 4985 800 5056 κομίζεσθαι
822 5002 844 5050 ;.

241 5077 635 5132 ἈΠΟΚΡΙΣΙΣ.
671 5071 786 5130 Κᾶν
819 5076 920 5128 ὑπὸ
973 5076 1064 5130 τὸν
1102 5074 1328 5147 οὐρανόν
1363 5075 1501 5130 εἰσιν
1535 5076 1584 5126 οἱ
1618 5093 1735 5144 φω-.

162 5172 370 5243 στῆρες,
402 5170 517 5223 ἀλλ’
549 5171 583 5239 η
627 5157 894 5239 φοράτῆς
947 5169 1057 5221 τῶν
1099 5168 1360 5239 πυρωδῶν
1392 5168 1580 5231 οὐσίας
1619 5169 1727 5239 (39)

234 5326 341 5394 (55)
375 5325 509 5379 Ὺπὸ
538 5323 674 5379 τῶν.
711 5325 872 5380 Deest
899 5324 1085 5394 λόγων
1108 5332 1202 5377 aut
1234 5324 1514 5394 ῥημάτων.

234 5343 321 5394 too
381 5343 417 5379 ⁷ι
433 5343 509 5378 πο
538 5343 674 5379 των.
712 5343 872 5380 υεθει
902 5343 1074 5391 Λογων
1108 5343 1202 5377 aut
1311 5343 1514 5394 ματων.

233 5343 341 5466 (36)
380 5394 726 5465 Δεξαμένων
777 5397 920 5466 Idri
955 5393 1030 5447 Ita
1063 5393 1190 5464 Reg.
1230 5343 1372 5448 Eiiiti
1423 5393 1730 5466 δεξαμένων

165 5465 279 5539 τήν.
311 5465 634 5539 Addendum
665 5467 848 5539 νόμον.
876 5465 996 5518 Mox
1032 5467 1135 5539 leg.
1170 5468 1234 5534 ἣν
1266 5466 1606 5539 τὸν-οὐρανὸν
1636 5465 1729 5539 καί

165 5535 259 5608 τῆν
297 5540 395 5606 ’τήν
423 5540 452 5591 ὁ
486 5538 724 5658 Μωῦσης
755 5537 1310 5659 διαμαρτυρούμενος.
1345 5535 1474 5590 Plus
1527 5535 1728 5603 negotii

170 5609 381 5659 facessit
410 5623 645 5659 sequens
700 5623 893 5659 acuna.
949 5606 1090 5659 ‘orte
1145 5606 1428 5659 leuendum
1458 5606 1564 5657 τῶν
1592 5603 1728 5657 κατὰ

170 5603 381 5664 facessit
410 5623 645 5677 sequens
680 5603 893 5660 lacuna.
931 5603 1090 5662 Forte
1134 5603 1430 5676 legendum
1458 5606 1564 5677 τῶν
1592 5603 1730 5677 κατὰ

169 5680 320 5802 aegram;
342 5676 530 5747 λόγων.
563 5677 716 5748 Legit
746 5677 1098 5748 Syllmrgius,
1126 5677 1216 5728 τὸν
1265 5679 1406 5728 κατά
1437 5676 1728 5746 πρόσταξιν

227 5767 332 5802 γον.

260 5767 332 5802 ον.

227 5767 346 5878 Ἐξ.)
364 5821 766 5888 Πίαινιτμενον.
799 5817 1054 5890 Displicet
1083 5833 1147 5872 ea
1170 5833 1270 5872 vox
1295 5813 1608 5885 Sylburgio,
1635 5817 1728 5879 qui

1829 4628 2066 4696 telligere
2115 4633 2544 4680 consentaneum
2574 4630 2691 4677 est:
2726 4623 3014 4692 quomodo—
3044 4639 3152 4677 non
3195 4625 3408 4679 inutilis

1829 4733 2065 4789 superna
2089 4718 2178 4770 illa
2197 4718 2280 4771 vis
2294 4717 2594 4786 aquarum?
2616 4716 2755 4781 Quid
2779 4714 3014 4769 veroilla
3039 4714 3201 4768 etiam
3220 4715 3404 4769 futura

1828 4820 1912 4866 est
1938 4813 1991 4863 in
2015 4809 2511 4871 consummatione,
2539 4823 2662 4861 cum
2689 4806 2843 4875 justi,
2872 4805 2927 4858 in
2952 4805 3188 4874 superis,
3214 4821 3407 4875 pecea-

1830 4911 1979 4956 tores
2009 4908 2210 4965 autem,
2242 4901 2296 4953 in
2322 4899 2535 4963 inferis,
2573 4900 2843 4956 factorum
2877 4896 3178 4966 percipient
3207 4912 3412 4952 merce-

1832 4995 1977 5049 dem.

1906 5083 2102 5138 BESP.
2136 5083 2377 5141 Tametsi
2407 5081 2698 5139 luminaria
2742 5083 2846 5139 sub
2875 5083 3015 5138 C(BIO
3050 5089 3198 5143 sunt,
3234 5080 3406 5150 impe-

1834 5186 1924 5232 tus
1957 5184 2137 5229 tamen
2168 5176 2505 5245 agitationis,
2529 5190 2651 5246 qua:
2692 5174 2879 5244 igneas
2906 5173 3242 5228 substantias
3269 5173 3396 5232 ciet.

1833 5331 2017 5385 mallet
2049 5331 2366 5400 ξαινόμενον,
2404 5332 2455 5385 id
2483 5339 2566 5386 est
2594 5332 2957 5400 διαχεόμενον.

1905 5401 2015 5469 (58)
2047 5400 2167 5472 Τῶν
2189 5399 2559 5470 μελλόντων.
2587 5399 2740 5470 Legit
2765 5399 3094 5472 Sylburgius
3120 5399 3417 5470 πρακτέων.

1831 5473 1915 5525 vel
1947 5471 2316 5542 πραχθέντων.
2385 5472 2618 5540 PrOpius
2647 5473 2712 5525 ad
2756 5471 3098 5542 SCripturam
3122 5477 3410 5542 contextus

1833 5539 2181 5601 accedemus,
2218 5543 2263 5596 si
2307 5539 2575 5612 μενόντων
2639 5539 2930 5612 legamus}
2961 5541 3217 5594 Actiones
3251 5539 3408 5612 bona:

1832 5621 1887 5664 et
1928 5613 2082 5666 malae
2112 5609 2455 5680 permanent,
2481 5609 2778 5682 nosque—in
2825 5614 3049 5667 alteram
3086 5612 3249 5664 vitam
3309 5609 3411 5663 mi-

1834 5694 2052 5752 grantes
2077 5683 2430 5736 comitantur.

1907 5754 2012 5808 ‘59i
2040 5753 2282 5815 Οὐσίας.
2313 5752 2456 5809 Idem
2487 5753 2702 5807 οὐσιῶν.
