4146 6422
726 369 877 441 1355,

1456 366 1822 425 APPENDFX.
1858 398 1926 407 —
1967 366 2151 422 psus
2192 366 2233 421 ι.
2274 334 2330 420 ς.
2370 363 2633 421 JUSTINI
2671 362 2897 421 omna
2939 365 3213 423 spuma.

3843 359 3997 417 1556

724 493 916 539 natura
964 500 1179 540 sursum
1234 483 1425 540 tendit.
1457 484 1745 541 Rationem
1789 499 1919 556 ergo
1950 470 2281 557 probabilem

2390 484 2667 556 ἐνεργείας
2715 483 2855 537 κατὰ
2887 481 3046 552 φύσιν
3091 482 3184 536 ἐπὶ
3209 481 3283 536 τὰ
3306 482 3423 537 ἄνω
3462 480 3699 550 γίνεται,
3727 478 3804 531 δι’
3833 476 3997 530 εὔλο-

722 573 1007 632 dederunt.
1035 576 1127 644 qui
1173 576 1240 629 ad
1288 577 1757 631 conservationem
1782 578 2106 632 ﬁrmamenti
2139 585 2289 645 terga

722 666 845 720 caeli
871 666 1026 735 aquis
1061 668 1276 737 gravari
1309 668 1585 724 dixerunt.
1610 669 1797 739 Neque
1828 670 1978 725 hanc.
2012 677 2187 726 sutum
2220 666 2292 723 ob

721 771 942 812 causam
976 772 1129 828 aqua:
1156 760 1279 815 cmli
1312 760 1477 815 dorso
1507 762 1847 826 incumbunt,
1881 768 1940 817 ut
1974 776 2003 815 a
2046 760 2287 829 subjecta

722 848 1069 902 luminarium
1107 850 1321 906 ﬂamma
1346 861 1621 917 servetur,
1654 868 1838 907 verum
1861 854 2024 908 etiam
2052 861 2109 906 ut
2135 852 2290 906 deor-

721 955 863 1003 sum,
890 941 942 994 vi
992 956 1257 1011 aquarum
1291 951 1443 1014 tergo
1471 944 1589 1012 ejus
1626 945 2057 999 incumbentium
2104 944 2286 1014 depri-

721 1040 920 1095 matur,
949 1042 1001 1087 et
1054 1034 1293 1087 violento
1320 1042 1606 1090 ventorum
1634 1036 1835 1103 impetu
1868 1051 1976 1089 non
2004 1036 2281 1106 jactetur.:

720 1138 820 1177 nec
848 1140 957 1177 non
983 1134 1040 1177 ut
1065 1140 1337 1179 summum
1371 1126 1438 1180 ab
1466 1127 1545 1182 eis
1576 1126 1831 1181 deorsum
1864 1126 2067 1181 feratur
2091 1126 2283 1197 frigus,

720 1218 863 1287 quod
902 1234 1115 1273 summo
1142 1219 1277 1274 solis
1308 1220 1478 1273 calori
1511 1221 1842 1290 permistum
1876 1221 2020 1277 acris
2076 1220 2284 1290 perﬁcit

718 1310 1032 1379 temperiem
1062 1310 1127 1363 ad
1160 1314 1624 1367 conservationem
1650 1314 1964 1367 animalium
1989 1320 2042 1368 et
2072 1314 2283 1383 planta—

719 1419 860 1466 rum,
893 1419 1013 1473 qua:
1038 1405 1090 1457 in
1119 1412 1261 1457 terra
1288 1414 1434 1459 sunt.
1471 1404 1527 1458 In
1554 1406 2025 1462 consummatione
2077 1415 2278 1469 autem,

2393 595 2485 646 γον
2518 577 2625 649 (40)
2654 578 2831 630 αἰτίαν
2863 573 3248 631 ἐπιδεδώκασιν
3292 574 3402 648 (ﬂ)
3428 577 3476 629 οί
3500 572 3794 645 εἰρηκότες
3846 570 3992 641 πρὸς

2387 670 2645 743 διαμονὴν
2689 670 2783 725 τοῦ
2841 668 3219 741 περεὼματος
3273 666 3660 741 πεφορτῶσθαι
3709 664 3789 717 τὰ
3837 662 3992 715 νῶτα

2385 759 2480 815 τοῦ
2535 762 2762 832 οὐρανοῦ
2794 765 2906 826 τοῖς
2938 761 3143 816 ὕδασιν.
3177 760 3254 814 Οὐ
3294 760 3454 814 τοῦτο
3488 759 3547 813 δὲ
3599 756 3770 830 μόνον
3832 755 3994 808 ἐστὶν

2385 853 2556 906 αἴτιον
2611 852 2704 906 τοῦ
2754 850 2891 908 εἶναι
2920 853 2986 907 τὰ
3010 850 3179 906 ὕδατα
3206 852 3264 904 έν
3294 855 3406 916 τοῖς
3443 849 3635 913 νώτοις
3682 847 3789 901 τοῦ
3816 847 3993 918 οὐραν-

2385 945 2507 1008 νοῦ,
2531 945 2591 998 τὸ
2615 946 2908 1019 ἀχείρωτον
2956 946 3117 1001 αὐτὸν
3151 943 3291 1001 εἶναι
3332 948 3399 1017 τῇ
3431 942 3780 1015 ὑποκειμένῃ
3818 938 3992 1009 φλογὶ

2383 1036 2492 1089 τῶν
2527 1036 2847 1107 φωστήρων,
2883 1035 3019 1090 ἀλλὰ
3057 1037 3149 1089 καὶ
3179 1036 3240 1113 τὸ
3272 1035 3554 1107 βαρεῖσθαι
3585 1032 3757 1087 αὐτὸν
3791 1030 3895 1084 ἐπὶ
3924 1028 3991 1083 τὸ

2384 1129 2533 1181 κάτω
2566 1128 2669 1181 ὑπὸ
2698 1127 2793 1181 τοῦ
2824 1128 3059 1201 πλήθους
3085 1128 3196 1182 τῶν
3236 1128 3294 1182 ὲν
3322 1128 3511 1191 νώτοις
3530 1124 3702 1181 αὑτοῦ
3738 1122 3984 1184 ὑδάτων,

2383 1216 2477 1269 καὶ
2512 1216 2585 1287 μὴ
2612 1216 2875 1270 δονείσθαι
2908 1216 3011 1270 ὑπὸ
3034 1216 3133 1287 τῆς
3176 1215 3357 1287 βιαίας
3395 1216 3503 1269 τῶν
3530 1216 3756 1286 ἀνέμων
3776 1214 3986 1283 φορᾶς,

2382 1310 2474 1361 καὶ
2516 1309 2575 1361 τὸ
2603 1308 2701 1379 τὴν
2745 1310 2918 1383 ἄκραν
2947 1308 3006 1377 ἐξ
3053 1307 3233 1364 αὐτῶν
3264 1308 3359 1363 ἐπὶ
3381 1308 3441 1362 τὸ
3464 1308 3617 1362 κάτω
3648 1305 3985 1377 πέμπεσθαι

2378 1402 2708 1473 ψυχρότητα·
2744 1402 2837 1471 ἀφ’
2868 1398 2938 1474 ἦς
2963 1402 3215 1474 μιγείσης
3241 1404 3309 1473 τῇ
3356 1402 3504 1473 ἄκρᾳ
3531 1400 3628 1454 τοῦ
3655 1400 3821 1471 ἡλίου
3850 1398 3984 1468 θερ-

719 1513 829 1550 nou
850 1497 903 1549 in
937 1497 1076 1551 caelo
1116 1498 1261 1569 quod
1302 1515 1449 1553 nunc
1477 1508 1581 1562 est,
1610 1510 1664 1555 et
1692 1502 1747 1555 in
1787 1509 1933 1555 terra
1962 1518 2082 1571 qua:
2117 1501 2281 1573 478

2382 1494 2595 1565 μότητι,
2624 1494 2961 1547 ἀποτελεῖται
2988 1494 3095 1547 τῶν
3125 1493 3303 1566 ἀέρων
3334 1494 3369 1564 ἡ
3393 1491 3663 1565 εὐκρασία
3702 1489 3853 1562 πρὸς
3879 1489 3984 1561 τὴν

718 1602 861 1641 nunc
890 1597 992 1651 est,
1023 1588 1273 1645 homines
1305 1590 1574 1645 factorum
1638 1592 1877 1647 referent
1916 1594 2157 1661 praemia,
2184 1595 2278 1648 sed

2381 1583 2635 1654 διαμονὴν
2666 1584 2774 1636 τῶν
2802 1584 2897 1637 ἐπὶ
2925 1582 3031 1653 γῆς
3063 1582 3218 1648 ζώων
3243 1600 3303 1636 τε
3332 1582 3427 1638 καὶ
3453 1580 3654 1653 φυτῶν.
3702 1581 3797 1633 Ἐν
3825 1579 3890 1633 δὲ
3913 1581 3981 1650 τῇ

715 1681 770 1735 in
797 1678 939 1733 caelo
989 1694 1128 1733 novo
1150 1686 1205 1734 et
1255 1680 1309 1734 in
1340 1688 1482 1759 terra
1512 1696 1669 1746 nova,
1705 1684 2002 1737 secundum
2036 1684 2088 1738 id
2130 1686 2278 1754 quod

2381 1673 2656 1747 συντελείᾳ
2676 1676 2778 1729 οὐκ
2819 1676 2879 1728 ὲν
2904 1673 2981 1746 τῷ
3011 1674 3108 1729 νῦν
3128 1674 3342 1747 οὐρανῷ
3366 1676 3460 1730 καὶ
3485 1676 3542 1728 ὲν
3566 1676 3636 1744 τῇ
3663 1670 3767 1726 νῦν
3793 1673 3874 1743 γῇ
3896 1687 3984 1723 κο-

715 1767 919 1824 diclum
946 1776 1029 1823 est
1055 1787 1070 1823 :
1105 1768 1304 1823 C(rlum
1349 1786 1557 1833 novum,
1580 1780 1629 1823 et
1658 1780 1799 1823 terra
1830 1788 1985 1835 nova,
2012 1788 2169 1841 quam
2186 1789 2279 1842 ego

2382 1768 2634 1838 μίζονται
2690 1768 2801 1821 τῶν
2849 1767 3141 1837 πρακτέων
3178 1766 3281 1832 τὰς
3309 1766 3545 1839 ἀμοιϐὰς
3585 1768 3635 1819 oi
3661 1764 3979 1834 ἄνθρωποι,

715 1859 877 1927 facio,
922 1870 1094 1914 manet
1148 1877 1328 1913 coram
1382 1876 1482 1925 me,
1537 1862 1591 1914 in
1626 1862 1877 1916 swcula‘.
1924 1861 1988 1916 Et
2029 1862 2226 1918 iterum
2263 1882 2275 1917 :

2382 1860 2496 1912 ἀλλ’
2525 1861 2582 1913 ὲν
2613 1858 2691 1931 τῷ
2732 1858 2903 1931 καινῷ
2933 1858 3149 1932 οὐρανῷ
3183 1858 3275 1913 καὶ
3308 1860 3366 1913 ὲν
3394 1862 3459 1929 τῇ
3489 1860 3653 1929 καινῇ
3699 1860 3778 1928 γῇ
3832 1856 3982 1911 κατὰ

715 1950 986 2017 Principio
1015 1960 1104 2012 tu,
1161 1950 1420 2017 Domine,
1478 1966 1673 2005 terram
1716 1952 1991 2021 fundasti;
2024 1963 2075 2007 et
2124 1968 2281 2021 opera

714 2058 966 2094 manuum
990 2050 1203 2095 tuarum
1228 2052 1351 2097 sunt
1379 2044 1495 2099 ειείὶ
1515 2059 1533 2097 :
1555 2054 1605 2098 et
1640 2045 1740 2113 ipsi
1759 2044 1967 2113 quidem
2012 2045 2278 2113 peribunt,

714 2144 772 2187 tu
821 2143 997 2187 autem
1041 2151 1360 2204 permanet:
1410 2145 1461 2190 et
1522 2152 1698 2191 omnes
1749 2138 1883 2189 sicut
1924 2139 2282 2192 vestimentum

714 2235 1048 2292 oeterascent,
1077 2236 1127 2279 et
1162 2227 1297 2280 sicut
1322 2228 1641 2296 opertorium
1662 2227 1926 2281 convolve:
1952 2244 2061 2291 eos,
2086 2239 2135 2281 et
2167 2246 2283 2282 mu-

713 2316 967 2371 tabuntur
986 2319 1028 2371 ⁷.
1073 2317 1141 2371 Ει
1186 2333 1446 2376 rursum:
1479 2319 1664 2373 Adhuc
1714 2320 1872 2374 semel
1921 2338 2013 2389 ego
2042 2322 2283 2375 concutio

713 2428 815 2465 non
832 2412 1004 2466 solum
1031 2422 1248 2479 terram,
1272 2430 1449 2467 verum
1465 2413 1626 2467 etiam
1652 2413 1893 2467 σικιννιιῆ
1916 2413 2073 2479 Quod
2102 2422 2279 2467 autem

714 2504 935 2557 concuti
990 2502 1213 2569 dicitur,
1280 2505 1335 2559 id
1389 2503 1807 2558 translationem
1856 2503 1977 2571 ejus
2035 2505 2278 2561 indicat:

712 2603 773 2649 ut
814 2610 877 2651 ea
941 2609 1063 2669 qua:
1106 2610 1217 2653 non
1268 2594 1687 2661 concutiuntur,
1746 2604 2100 2668 permaneant
2179 2596 2280 2651 im-

712 2695 854 2743 lllOla
864 2730 875 2741 .

780 2975 844 3043 Ql
901 2976 1058 3033 EST.
1111 2978 1299 3036 XCIV.
1345 2978 1403 3035 Si
1449 2991 1511 3037 ut
1555 2981 1753 3037 librum
1807 2982 2156 3037 convolutum
2214 2982 2279 3036 iri

710 3070 985 3137 cmlum’,
1009 3079 1063 3125 et
1097 3078 1155 3125 ut
1182 3071 1309 3126 folia
1343 3072 1634 3143 delapsura
1668 3090 1789 3131 esse
1820 3084 1969 3130 astra
1992 3074 2045 3127 in
2081 3084 2279 3129 terram

715 3161 959 3229 praedicit
983 3161 1326 3228 Dominus”,
1359 3174 1413 3219 et
1448 3164 1600 3221 hisce
1628 3175 1995 3221 consentanea
2028 3181 2280 3236 praenun-

2382 1950 2445 2003 τὸ
2470 1951 2777 2022 εἰρημένον,
2812 1949 3000 2023 ὥσπερ
3032 1951 3115 2005 τό·
3150 1951 3213 2009 '0
3250 1950 3509 2019 οὐρανὸς
3527 1950 3764 2016 καινός·
3796 1949 3904 2003 καὶ
3938 1950 3979 2017 ἡ

2382 2040 2457 2111 γῆ
2509 2040 2686 2109 καινή
2731 2040 2812 2109 ἢν
2858 2042 2973 2111 ἐγὼ
3011 2034 3181 2107 ποιῶ,
3219 2041 3390 2111 μένει
3419 2039 3681 2095 ἐνώπιόν
3712 2057 3842 2109 μου
3888 2043 3980 2107 εις

2381 2132 2523 2200 τοὺς
2568 2130 2807 2199 αἰῶνας.
2843 2134 2953 2187 Καὶ
2983 2134 3160 2188 πάλιν·
3210 2133 3346 2188 Κατ’
3386 2133 3577 2202 ἀρχὰς
3621 2130 3731 2198 σὺ,
3766 2133 3974 2200 Κύριε,

2382 2224 2496 2292 τὴν
2522 2222 2639 2294 γῆν
2661 2225 3079 2293 ἐθεμελίωσας,
3112 2226 3213 2280 καὶ
3247 2228 3393 2295 ἔργα
3434 2224 3555 2279 τῶν
3596 2221 3821 2295 χειρῶν
3855 2241 3979 2279 σου

2379 2320 2537 2371 εἰσιν
2561 2320 2614 2371 οἱ
2640 2318 2905 2385 οὐρανοί·
2939 2316 3037 2371 καὶ
3077 2316 3249 2372 αὐτοὶ
3285 2316 3405 2387 μὲν
3441 2318 3843 2380 ἀπολοῦνται,
3891 2317 3977 2371 σὺ

2380 2410 2448 2463 δὲ
2499 2409 2814 2479 διαμένεις·
2845 2410 2947 2463 καί
2975 2408 3201 2477 πάντες
3228 2410 3309 2477 ὡς
3336 2409 3573 2480 ἱμάτιον
3630 2407 3979 2477 παλαιωθή-

2380 2517 2613 2569 σονται,
2668 2503 2764 2556 καὶ
2813 2503 2955 2557 ὡσεὶ
3012 2504 3393 2571 περιϐόλαιον
3437 2503 3667 2569 ἑλίξεις
3716 2502 3975 2569 αὐτοὺς,

2380 2597 2477 2649 καὶ
2530 2595 3003 2667 ἀλλαγήσονται.
3059 2596 3170 2650 Καὶ
3220 2596 3401 2649 πάλιν·
3452 2598 3593 2651 ’Ἔτι
3636 2594 3806 2660 ἅπαξ
3852 2593 3976 2666 ἐγὼ

2379 2687 2521 2740 σείω
2544 2688 2615 2742 οὺ
2636 2689 2831 2757 μόνον
2858 2686 2973 2755 τὴν
3005 2685 3143 2757 γῆν,
3166 2688 3328 2742 ἀλλὰ
3378 2687 3477 2742 καὶ
3529 2685 3640 2740 τὸν
3679 2686 3971 2754 οὐρανόν.

2380 2777 2453 2831 Τὸ
2477 2778 2542 2849 δὴ
2577 2768 2930 2851 σαλευόμενον
2960 2778 3109 2849 δηλοῖ
3153 2779 3254 2851 τὴν
3286 2778 3452 2833 αὐτοῦ
3486 2778 3844 2851 μετάστασιν,
3885 2778 3975 2831 ἵνα

2383 2869 2540 2943 μείνῃ
2570 2869 2640 2924 τὰ
2674 2871 2751 2943 μὴ
2776 2870 3111 2943 σαλευόμενα
3140 2872 3394 2945 ἀκίνητα.

2464 2984 2814 3040 ἘΡΩΤΗΣΙΣ
2844 2990 2952 3055 tua
2990 2989 3054 3042 Et
3102 2988 3179 3052 ὡς
3203 2971 3408 3071 βιϐλίον
3440 2988 3532 3042 τὸν
3564 2987 3797 3060 οὐρανὸν
3822 2988 3970 3043 ἑλίσ-

2382 3076 2590 3142 σεσθαι,
2614 3079 2707 3132 καὶ
2732 3078 2804 3132 τὰ
2829 3080 3007 3149 ἄστρα
3040 3080 3116 3144 ὡς
3144 3077 3316 3149 φύλλα
3344 3079 3565 3135 πίπτειν
3597 3081 3693 3133 ὲπ¹ι
3730 3080 3836 3152 τῆς
3863 3082 3971 3153 τῆς

2382 3168 2634 3239 προλέγει
2666 3169 2764 3241 μὲν
2798 3171 2828 3223 ὁ
2860 3171 3084 3243 Κύριος,
3117 3172 3209 3226 καὶ
3257 3173 3288 3226 ὁ
3341 3173 3629 3244 προφήτης
3657 3171 3716 3225 δὲ
3754 3171 3973 3237 τούτοις

713 3256 869 3309 tiavit
894 3256 1158 3326 propheta
1194 3274 1207 3310 :
1243 3255 1518 3326 quomodo
1571 3272 1683 3311 non
1734 3258 2060 3312 universalis
2094 3258 2278 3310 tinua-

2381 3238 2811 3331 προκατήγγειλε
2854 3238 3141 3334 σύμφωνα·
3176 3263 3294 3329 πῶς
3322 3264 3356 3335 ἡ
3696 3263 3796 3317 τοῦ
3843 3278 3972 3317 στε-

710 3348 881 3403 menti
930 3348 1189 3403 interitus
1251 3364 1349 3419 per
1396 3348 1559 3403 verba
1610 3349 1704 3403 illa
1759 3349 2094 3431 iudicaturi
2148 3348 2279 3414 Quae

710 3441 879 3511 igitur
898 3446 986 3497 est
1030 3440 1321 3495 verborum
1356 3439 1672 3510 hujusmodi
1704 3441 2020 3495 sententia?
2063 3449 2117 3495 et
2140 3456 2279 3510 quo-

712 3534 875 3587 modo
922 3534 1315 3590 elementorum
1362 3540 1543 3604 potest
1617 3533 1792 3589 astrui
1846 3532 2281 3603 incorruptibili-

710 3626 849 3682 tas?

781 3736 979 3797 RESP.
1028 3740 1500 3809 Quemadmodum
1564 3741 1891 3797 ﬁrmamenti
1947 3741 2278 3795 creationem

712 3842 915 3890 sanctae
942 3833 1137 3888 litterae
1173 3848 1271 3905 per
1307 3832 1655 3887 collationem
1696 3832 2071 3887 assimilarunt
2101 3846 2280 3902 quan-

710 3921 891 3989 doque
916 3921 1077 3991 pellis
1101 3919 1431 3984 extensioni,
1458 3919 1741 3976 dicentes:
1767 3920 2067 3975 Extendem
2093 3921 2279 3975 ctelum

710 4014 849 4066 sicut
900 4011 1178 4081 pellent“;
1206 4010 1503 4082 aliquando
1553 4011 1704 4066 fumo
1750 4012 2006 4066 ﬁrmato:
2054 4010 2277 4075 Catum,

711 4105 911 4175 inquit,
940 4104 1100 4159 veluti
1137 4103 1316 4183 fumus
1348 4105 1711 4175 ﬁrmatum“;
1754 4108 2147 4174 nonnunquam
2190 4118 2280 4158 ro-

710 4196 968 4251 tunditati
997 4197 1331 4252 testitudinis
1366 4204 1685 4251 camerata:
1720 4195 2044 4259 Extendem,
2077 4194 2277 4265 inquit,

710 4288 895 4341 caelum
918 4298 1169 4360 tanquam
1210 4288 1564 4355 cameram";
1590 4288 1671 4342 sic
1698 4296 1753 4343 et
1780 4288 1901 4357 ejus
1953 4287 2279 4343 solutionem

712 4396 809 4449 per
843 4379 1307 4451 comparationem
1359 4379 1753 4445 assimilarunt,
1803 4380 2097 4451 aliquando
2142 4380 2281 4435 libro

711 4474 804 4542 qui
827 4462 1189 4537 convolvitur,
1223 4471 1551 4542 quandoque
1568 4472 1838 4527 elemento
1870 4472 2015 4542 quod
2032 4472 2155 4541 igne
2177 4473 2283 4527 sol-

2383 3352 2661 3424 ρεὼματος
2721 3354 2965 3409 ἀπώλεια
2999 3357 3087 3411 διὰ
3139 3357 3251 3411 τῶν
3283 3357 3506 3411 ἐκείνων
3531 3356 3707 3425 λόγων
3736 3356 3850 3428 (42)
3902 3358 3968 3410 οὐ

2377 3448 2688 3513 δείκνυται;
2740 3448 2836 3511 Τίς
2879 3444 2972 3501 οὖν
3000 3451 3034 3520 ή
3072 3448 3183 3502 τῶν
3222 3448 3482 3505 τοιούτων
3517 3449 3785 3520 ῥημάτων
3846 3448 3969 3503 διὰ·

2380 3556 2516 3603 νοια,
2540 3540 2635 3592 καὶ
2674 3538 2793 3603 πῶς
2818 3540 2878 3595 τὸ
2904 3539 3013 3595 τῶν
3044 3542 3325 3612 στοιχείων
3360 3539 3717 3607 συνίστασθαι
3745 3540 3966 3615 ἄφθαρ-

2378 3644 2469 3683 τον
2499 3628 2719 3683 δύναται
2739 3646 2755 3691 ;

2467 3743 2871 3798 ἈΠΟΚΡΙΣΙΣ.
2901 3743 3110 3815 Ὠσπερ
3134 3742 3232 3796 τοῦ
3267 3742 3649 3814 περεώματος
3671 3744 3776 3815 τὴν
3807 3744 3971 3816 ποίη-

2380 3852 2469 3889 σιν
2511 3832 2896 3906 παραδολικῶς
2926 3836 2961 3905 η
3022 3833 3142 3888 θεία
3184 3835 3375 3908 Γραφὴ
3430 3836 3773 3909 παρείκασε,
3836 3838 3971 3891 ποτὲ

2382 3928 2567 3998 μὲντῇ
2599 3926 2819 3982 ἐκτάσει
2856 3926 2959 3996 τῆς
3002 3926 3223 3998 δέρεως,
3271 3926 3527 3997 λέγουσα·
3575 3929 3641 3982 '0
3680 3929 3972 3983 ἐκτείνων

2379 4017 2485 4071 τὸν
2509 4016 2768 4085 οὐρανόν
2801 4018 2944 4073 ὡσεὶ
2985 4017 3167 4086 δέριν·
3200 4020 3333 4073 ποτὲ
3362 4019 3421 4074 δὲ
3470 4020 3548 4091 τῷ
3574 4020 3773 4092 καπνῷ
3813 4022 3969 4074 ἑστε-

2381 4108 2666 4181 ρεωμένῳ·
2705 4110 2758 4161 '0
2794 4110 3082 4179 οὐρανὸς,
3130 4111 3327 4181 φησιν,
3367 4111 3511 4166 ὡσεὶ
3535 4112 3767 4179 καπνὸς
3792 4113 3968 4167 ἐστε-

2371 4197 2591 4267 ρεώθη·
2627 4198 2755 4251 ποτε
2778 4197 2834 4251 δὲ
2859 4197 2937 4267 τῷ
2958 4202 3243 4270 περιφερεί
3290 4199 3391 4270 τῆς
3422 4198 3701 4271 καμάρας·
3772 4199 3837 4253 '0
3874 4214 3967 4253 ta-

2379 4294 2593 4356 νύσιις,
2647 4290 2800 4361 φησὶ,
2854 4287 2953 4343 τὸν
3002 4288 3263 4356 οὐρανὸν
3291 4290 3435 4343 ὡσεί
3467 4290 3763 4359 καμάραν·
3790 4288 3965 4354 οὕτως

2381 4384 2475 4439 καὶ
2504 4381 2602 4453 τὴν
2650 4381 2908 4436 ἀνάλυσιν
2964 4380 3129 4436 αὐτοῦ
3184 4382 3573 4455 παραδολικῶς
3636 4381 3960 4454 παρείκασι,

2381 4476 2511 4529 ποτὲ
2546 4474 2643 4545 μὲν
2677 4473 2865 4544 βιϐλίῳ
2886 4473 3236 4562 ὲλισσομένῳ,
3273 4474 3405 4528 ποτὶ
3448 4475 3508 4529 δὲ
3555 4475 3807 4546 στοιχείῳ
3840 4473 3962 4527 λυο-

711 4565 879 4629 vitor,
902 4564 1045 4619 sicut
1067 4565 1145 4618 ait
1168 4564 1451 4634 apostolus
1466 4562 1663 4620 Petrus
1679 4565 1732 4619 in
1753 4564 1994 4621 secunda
2012 4564 2278 4619 catholica

2387 4568 2530 4639 μένῳ
2559 4568 2711 4639 πυρὶ,
2743 4566 2887 4621 καθὰ
2916 4583 3079 4637 φησιν
3121 4569 3151 4621 ὁ
3199 4566 3498 4632 ἀπόστολος
3544 4566 3758 4639 Πέτρος
3800 4566 3862 4620 ὲν
3895 4567 3962 4637 τῇ

714 4655 953 4725 Ιιὶνίειοιε
978 4656 1022 4687 ιδ
1051 4674 1065 4711 :
1092 4669 1485 4724 nonnunquam
1530 4656 1853 4710 vestimento
1896 4655 2277 4711 veterascenti.

711 4747 849 4802 Nam
896 4747 1212 4803 inductione
1257 4748 1501 4802 melioris
1535 4746 1662 4802 caeli
1694 4762 1887 4802 recens
1916 4746 2069 4810 facti,
2096 4745 2276 4801 ﬁrma-

713 4848 963 4895 mentum
990 4839 1107 4894 tolli
1137 4854 1360 4895 necesse
1391 4846 1505 4906 est,
1530 4848 1789 4909 tanquam
1815 4840 1866 4893 id
1898 4840 2041 4909 quod
2064 4839 2130 4893 ad
2149 4855 2281 4894 con-

715 4933 1052 4987 stitutionem
1083 4932 1229 4985 illam
1269 4933 1402 4986 nulli
1432 4934 1503 4987 sit
1537 4935 1659 4987 usui
1681 4955 1695 4984 :
1730 4942 1791 4987 ut
1821 4950 1886 4988 ex
1920 4932 2280 5001 ejusinteritu

714 5030 848 5078 tunc
909 5023 1103 5079 saltem
1155 5022 1351 5091 jactati
1408 5024 1477 5079 de
1529 5025 1771 5093 ingenito
1845 5033 1901 5080 et
1951 5024 2282 5093 incorrupti-

714 5115 811 5171 bili
863 5116 1008 5171 celo
1063 5115 1362 5171 commenti
1405 5118 1720 5172 inanitatem
1770 5118 2097 5190 intelligant,
2156 5119 2280 5189 qui-

822 5291 843 5321 ⁶
874 5290 977 5347 lsa.
1010 5305 1139 5367 un,
1164 5292 1263 5367 [ζ.
1290 5293 1309 5323 ⁷
1346 5291 1715 5367 Ρεειεςιηὲϐ.
1794 5296 1816 5325 ⁸
1839 5296 2005 5367 Agg._
2038 5312 2099 5367 ιι,
2126 5296 2183 5367 7.
2261 5298 2281 5329 ⁸

2381 5312 2483 5351 me.
2518 5313 2595 5364 vi,
2656 5297 2743 5352 14.
2826 5298 2869 5328 ¹⁶
2897 5294 3063 5351 Marc.
3119 5312 3245 5361 xm,
3294 5296 3389 5355 25.

2378 4660 2605 4731 δευτέρᾳ
2633 4657 2798 4713 αὐτοῦ
2837 4658 3099 4729 καθολικῇ
3133 4659 3413 4730 ἐπιστολῇ·
3473 4659 3608 4713 ποτὲ
3663 4658 3723 4713 δὲ
3763 4660 3959 4731 ίματίῳ

2382 4750 2778 4821 παλαιουμένῳ.
2822 4738 3058 4822 Ἀνάγκη
3091 4751 3199 4824 γὰρ
3231 4754 3299 4823 τῇ
3330 4752 3614 4821 εἰσαγωγῇ
3645 4750 3744 4804 τοῦ
3781 4754 3960 4823 κρείτ-

2380 4860 2532 4907 τονος
2556 4845 2782 4913 οὐρανοῦ
2829 4844 2925 4898 τοῦ
2954 4843 3157 4906 καινῶς
3180 4843 3468 4913 γινομένου
3507 4842 3853 4915 ἀναιρεῖσθαι
3899 4843 3957 4897 τὸ

2383 4937 2687 5009 στερέωμα,
2714 4936 2790 5001 ὡς
2822 4936 3093 5008 ἄχρηστον
3114 4935 3173 4988 ὃν
3206 4935 3347 5007 πρὸς
3387 4935 3607 5007 ἐκείνην
3638 4934 3742 5007 τὴν
3785 4935 3956 4989 κατά·

2386 5043 2591 5090 στασιν,
2626 5028 2713 5079 ἵνα
2736 5029 2804 5099 τῇ
2832 5024 2999 5081 αὐτοῦ
3028 5025 3295 5097 ἀπωλείᾳ,
3345 5024 3449 5080 κᾶν
3487 5026 3609 5079 τότε
3641 5027 3705 5080 τὸ
3737 5026 3957 5097 μάταιον

2382 5117 2477 5171 τοῦ
2519 5119 2646 5190 περὶ
2677 5119 2777 5190 τῆς
2821 5117 3147 5200 ἁγεννησίας
3193 5119 3290 5172 καὶ
3324 5119 3638 5192 ἀφθαρσίας
3669 5118 3766 5173 τοῦ
3797 5120 3955 5191 οὐραο

3490 5298 3533 5330 ¹¹
3567 5295 3718 5354 Psal.
3754 5311 3874 5363 cut,
3903 5295 3953 5351 2.

716 5364 763 5397 ⁸³
793 5362 899 5418 ιω.
925 5378 1001 5427 ιι,
1028 5361 1082 5416 6.
1162 5362 1205 5393 “
1229 5361 1335 5418 lsa.
1366 5378 1459 5421 ιι..
1484 5362 1575 5418 εει
1603 5362 1707 5419 Job
1732 5381 1806 5431 Ix,
1842 5361 1943 5420 8."
1972 5364 2018 5398 ⁸⁸
2051 5365 2092 5417 ll
2125 5366 2269 5421 Petr.
2300 5361 2380 5422 ιιιῖ
2419 5368 2503 5421 10.

788 5620 900 5760 (ιοζ
927 5620 1005 5674 Δι’
1024 5621 1297 5690 εὔλογον.
1337 5623 1660 5695 Sylburgius
1692 5624 1771 5678 διὸ
1794 5624 2033 5693 εῠλογον.

788 5691 870 5760 (tl
944 5690 1376 5750 Ἐπιόεδώκασι.
1414 5694 1558 5751 Idem
1589 5696 1839 5751 observat
1868 5697 2033 5760 legem

787 5690 898 5761 (ll)
944 5690 1394 5750 Ἐπιόεδάηιασιξ
1414 5690 1564 5751 Ideni
1589 5696 1839 5751 observat
1868 5690 2151 5767 legendum
2183 5710 2271 5765 po-

718 5761 827 5817 tius
859 5761 1243 5818 ἀποδεδώκασι.

2459 5625 2567 5700 (42)
2591 5628 2703 5700 ΔιὰΔ
2740 5625 2856 5700 τῶν
2900 5626 3146 5700 ἐκείνων
3174 5624 3293 5681 τῶν
3334 5628 3554 5700 λόγων.
3591 5628 3867 5686 l'sitatius
3897 5625 3960 5683 δι’

2386 5696 2607 5751 ἐκείνων
2638 5698 2745 5751 τῶν
2773 5698 2962 5768 λόγων.
2998 5696 3356 5754 Sunuucws.
