4146 6440
186 378 342 433 I337
952 371 1414 441 QUESTlONES
1447 371 1534 427 ET
1574 365 2095 426 RESPONSIONES
2130 364 2222 420 AD
2259 361 2750 421 ORTHODOXOS.
3315 363 3457 421 1358

190 495 426 567 ωῦ(45)
461 510 529 563 φε
604 535 619 549 .
699 534 712 547 .
795 532 811 547 .
891 532 905 546 .
985 534 999 546 .
1081 535 1094 547 .
1144 495 1258 546 ὅσοι
1283 491 1573 564 ἀγέννητον
1604 507 1662 543 τε
1691 489 1783 542 καὶ

1883 500 2100 556 cunque
2147 483 2450 554 ingenitum
2492 481 2627 536 illud
2661 490 2716 536 et
2768 485 3034 536 aeternum
3099 479 3266 535 stulto
3312 477 3460 536 dixe-

189 588 372 641 ἀῖδιον
450 627 463 638 .
543 628 556 641 .
637 626 651 640 .
727 625 740 638 .
822 627 834 638 .
912 603 1083 657 φρονα
1113 584 1302 638 τοῦτον
1335 583 1634 654 εἰρηκότες.

1883 586 2033 633 tum.
2077 633 2080 636 ,

286 661 638 731 ἜΡΩΤΗΣΙΣ
665 678 780 744 HE’.
824 677 889 730 Εί
921 677 1008 730 διὰ
1035 677 1134 746 τὴν
1169 674 1441 747 ἡμετέραν
1466 673 1656 745 χρείαν
1685 673 1780 725 καὶ

191 769 468 838 ὠφέλειαν
498 757 876 838 η’παραγωγὴ
902 766 1000 836 τῆς
1028 765 1258 828 κτίσεως
1305 765 1516 834 γέγονε,
1567 765 1660 818 καὶ
1690 761 1778 816 διὰ

191 861 302 930 τὴν
332 859 603 931 ἡμετέραν
625 856 822 927 ὁμοίως
853 856 1040 926 χρείαν
1071 855 1141 908 τὰ
1173 856 1270 926 μὲν
1301 855 1600 926 φθείρεται,
1634 854 1704 908 τὰ
1722 855 1778 908 δὲ

195 948 513 1019 ἀφθαρσίαν
550 948 608 1000 ὲν
635 949 700 1017 τῇ
747 945 1026 1016 συντελείᾳ
1078 945 1404 997 ἐνδύσονται·
1441 939 1552 999 οἷον
1611 946 1779 1016 κτήνη

198 1042 308 1112 μὲν
336 1042 429 1094 καὶ
462 1038 680 1092 πετεινά
710 1040 804 1092 καὶ
831 1037 996 1109 θηρία
1024 1037 1323 1108 φθείρεται,
1352 1038 1579 1110 οὐρανὸς
1605 1038 1662 1091 δὲ
1687 1038 1782 1091 καὶ

193 1137 232 1204 ὴ
267 1134 342 1202 γῆ
364 1133 567 1204 φθορᾶς
599 1131 1016 1186 ἀπαλλάττεται*
1055 1130 1240 1184 καὶτὰ
1280 1131 1380 1202 μὲν
1414 1131 1690 1202 φθείρεται
1705 1130 1782 1194 ὡς

197 1224 487 1288 ἀνενδεοῦς
512 1224 668 1294 ἡμῶν
699 1222 1054 1293 ἀνισταμένου
1078 1223 1172 1275 τοῦ
1201 1221 1471 1292 σώματος’
1501 1224 1556 1275 ὲν
1573 1221 1783 1295 ἀφθαρ-

199 1318 296 1390 σίᾳ
325 1319 382 1371 δὲ
409 1317 481 1370 τὰ
505 1317 817 1388 δηλωθέντα
838 1317 1084 1387 διαμενεῖ
1111 1319 1367 1387 στοιχεῖα,
1388 1317 1495 1370 τῶν
1516 1316 1782 1388 πραχθέν-

196 1428 312 1463 των
340 1413 469 1481 ἡμῖν
505 1410 806 1481 μελλόντων
837 1409 996 1480 ἡμῶν
1022 1411 1079 1462 ἐν
1111 1410 1296 1472 αὐτοῖς
1330 1407 1652 1479 κομίζεσθαι
1683 1410 1781 1480 τὴν

195 1499 488 1552 ἀντίδοσιν·
526 1500 633 1571 ἀὴρ
664 1501 761 1552 καὶ
793 1499 1050 1563 θάλαττα,
1100 1499 1218 1562 πῶς
1259 1500 1358 1552 οὐκ
1403 1499 1668 1570 ἀχρηστα,
1733 1502 1781 1552 ει

195 1593 325 1645 τότε
354 1593 502 1664 μένει
530 1593 803 1666 ἄφθαρτα,
838 1594 960 1647 οὔτε
999 1596 1079 1656 είς
1102 1594 1393 1657 ἀναπνοὰς,
1429 1593 1554 1646 οὔτε
1583 1595 1663 1656 είς
1685 1595 1784 1664 ὲμ-

199 1684 420 1755 πορίας,
452 1683 574 1737 οὕτε
614 1685 984 1755 ίχθυοφαγίας,
1031 1685 1063 1755 ἦ
1098 1684 1289 1756 ἐτέρας
1332 1684 1478 1747 τινὸς
1533 1682 1783 1755 βοηθείας

197 1774 262 1839 ἐξ
319 1774 498 1828 αὐτῶν
547 1775 855 1847 χρῃζόντων
905 1775 1062 1846 ἡμῶν
1093 1774 1181 1828 διὰ
1212 1775 1274 1827 τὸ
1311 1773 1574 1838 ἀνενδεὲς,
1601 1772 1784 1837 καθὼς

196 1863 361 1935 ἔφην,
391 1865 484 1918 τοῦ
512 1851 763 1936 σώματος
780 1883 794 1932 ;

1951 665 2231 733 QUASST.
2264 663 2425 721 XCV.
2475 664 2531 718 Si
2579 672 2799 734 propter
2845 679 3006 720 usum
3065 670 3122 720 et
3166 663 3458 719 utilitatem

1880 768 2149 822 nostram,
2175 766 2448 812 creatura:
2478 755 2811 810 iutroductio
2843 754 2985 810 facta
3013 762 3132 822 est,
3155 762 3211 810 et
3237 763 3460 824 prOpter

1880 865 2040 905 usum
2069 848 2256 904 itidem
2284 856 2538 904 nostrum
2571 848 2817 918 quaedam
2853 847 3188 912 interibunt,
3212 857 3265 902 et
3309 861 3459 918 quae-

1880 943 2005 999 dam
2027 942 2084 996 in
2110 941 2581 998 consummatione
2603 941 3172 1012 incorruptibilitatem
3196 940 3420 994 induent
3439 980 3456 1006 ,

1881 1036 2047 1091 veluti
2075 1035 2313 1106 pecudes
2347 1035 2568 1104 quidem
2594 1042 2648 1090 et
2671 1034 2924 1088 volucres
2947 1039 3002 1088 et
3025 1032 3154 1087 ferae
3183 1033 3456 1099 occident,

1881 1129 2080 1185 coelum
2125 1142 2254 1183 vero
2281 1133 2335 1182 et
2364 1135 2511 1182 terra
2543 1126 3457 1198 corruptibilitate-liberabuntur;

1883 1226 2047 1288 atque
2071 1218 2164 1271 illa
2201 1216 2422 1287 quidem
2453 1215 2816 1286 disperibunt,
2849 1222 3138 1287 propterea
3168 1215 3310 1285 quod
3335 1230 3462 1270 cor-

1884 1326 2017 1382 pora
2053 1318 2245 1364 nostra
2285 1308 2427 1364 citra
2457 1308 2814 1379 indigentiam
2862 1322 3080 1362 omnem
3127 1313 3458 1377 resurgent;

1883 1406 1940 1459 in
1976 1402 2496 1473 incorruptibilitate
2522 1408 2706 1457 autem
2743 1401 3003 1472 pmdicta
3032 1401 3301 1456 elementa
3331 1413 3462 1471 per-

1883 1497 2204 1560 manebunt,
2241 1510 2307 1552 eo
2350 1493 2506 1566 quod
2555 1496 2612 1550 in
2643 1496 2724 1550 eis
2755 1493 3254 1550 remunerationem
3288 1491 3464 1548 factm

1883 1604 2007 1645 rum
2040 1587 2377 1658 reportaturi
2393 1601 2586 1641 sumus
2609 1603 2623 1640 :
2657 1584 2934 1656 quomodo
2962 1599 3058 1640 aer
3084 1591 3139 1639 et
3166 1598 3317 1639 mare
3339 1584 3464 1638 inu-

1883 1683 2000 1736 tilia
2030 1695 2141 1734 non
2171 1685 2354 1745 erunt,
2410 1677 2457 1733 si
2507 1684 2624 1732 tum
2665 1677 2968 1732 manebunt
2993 1675 3460 1746 incorruptibilia:

1887 1789 2012 1829 cum
2072 1785 2252 1840 neque
2310 1769 2378 1823 ad
2432 1769 2849 1840 respirationes,
2908 1783 3089 1839 neque
3146 1768 3217 1822 ad
3268 1768 3467 1822 merci-

1812 1861 1855 1914 Β
1884 1865 2069 1920 monia
2131 1860 2489 1931 expedienda,
2525 1865 2717 1931 neque
2763 1860 2832 1915 ad
2882 1868 3166 1931 capturam
3215 1868 3271 1914 et
3311 1874 3464 1916 esum

196 1956 456 2027 piscium,
505 1966 599 2012 aut
645 1959 712 2014 ad
759 1961 996 2030 aliquam
1047 1975 1162 2014 rem
1213 1959 1375 2014 aliam
1435 1972 1572 2030 opus
1626 1957 1707 2013 eis
1757 1958 1995 2013 habituri
2037 1958 2229 2025 simus,
2277 1956 2428 2028 quia,
2481 1962 2542 2010 ut
2585 1954 2735 2020 dixi,
2765 1970 2969 2027 corpus
3013 1955 3118 2011 erit
3173 1962 3327 2010 extra
3382 1959 3466 2011 in-

195 2050 522 2110 digentiam.

368 2068 405 2103 ιι
501 2089 522 2110 ο

259 2068 688 2197 ἕ(ΞᾸΠΙΙΞΞΡΙΣΙΣ.
718 2142 783 2194 El
804 2139 946 2192 κατά
972 2139 1064 2192 τὸν
1092 2137 1384 2191 ἀπόστολον
1403 2136 1614 2190 Παῦλον
1645 2155 1784 2210 παρ-

197 2236 325 2316 ἀγει
371 2235 434 2288 τὸ
481 2235 664 2306 σχῆμα
706 2232 800 2285 τοῦ
857 2232 1062 2302 κόσμου
1105 2229 1293 2284 τούτου
1335 2232 1364 2282 ὁ
1392 2230 1561 2296 Θεὸς,
1623 2231 1784 2300 δῆλον

197 2330 284 2383 ὅτι
317 2327 377 2393 ἐξ
407 2328 651 2398 ἀνάγκης
681 2326 776 2379 καὶ
799 2320 870 2379 τά
896 2325 1030 2378 ἀλλα
1055 2324 1232 2378 πάντα
1269 2322 1338 2377 τά
1369 2323 1462 2377 τοῦ
1505 2324 1784 2395 σχήματος

197 2421 388 2476 ἕνεκεν
408 2421 502 2475 τοῦ
533 2421 736 2491 κόσμου
766 2415 1558 2489 γεγονότα,συμπαραχθήσεται
1579 2415 1657 2486 τῷ
1686 2416 1780 2469 τοῦ

200 2515 408 2584 κόσμου
443 2514 698 2584 σχήματι·
728 2509 1103 2580 είσαχθησεται
1131 2508 1186 2561 δὲ
1216 2507 1400 2570 καινὸς
1433 2508 1662 2579 οὐρανὸς
1688 2507 1783 2562 καὶ

197 2605 296 2677 γῆ,
346 2607 404 2658 ὲν
447 2599 528 2668 οἷς
563 2603 812 2674 μέλλουσι
843 2599 1078 2655 δίδοσθαι
1107 2599 1331 2662 δικαίοις
1361 2615 1421 2652 τε
1451 2601 1544 2652 καὶ
1576 2599 1780 2662 ἀδίκοις

201 2696 311 2750 τῶν
340 2680 627 2767 πρακτέων
653 2695 708 2748 αἱ
745 2692 986 2764 ἀμοιϐαί.
1039 2693 1128 2762 Τῷ
1161 2691 1218 2744 δὲ
1251 2691 1373 2761 ἀέρι
1414 2693 1464 2745 εί
1508 2693 1602 2746 καὶ
1645 2692 1781 2765 πρὸς

200 2788 479 2860 ἀναπνοὴν
505 2787 625 2842 τότε
646 2787 706 2840 οὐ
741 2771 1032 2858 χρῄζομεν,
1065 2783 1201 2836 ἀλλά
1247 2783 1385 2854 πρὸς
1423 2782 1521 2855 τὴν
1565 2784 1780 2855 κίνησίν

201 2899 262 2937 τε
303 2884 397 2936 καὶ
419 2881 647 2952 τοπικὴν
677 2881 1007 2951 μετάστασιν
1063 2877 1373 2946 ἀναγκαίως
1399 2876 1550 2947 αὐτῷ
1577 2879 1778 2950 χρησό-

208 2976 367 3047 μεθα.
407 2975 895 3045 Ἀρπαγησόμεθα
920 2971 1051 3042 τὰρ,
1083 2973 1265 3042 φησὶν,
1291 2972 1361 3025 ἐν
1386 2971 1668 3042 νεφέλαις
1693 2974 1780 3038 είς

202 3066 546 3135 ἀπάντησιν
570 3067 676 3121 τοῦ
703 3067 922 3134 Κυρίου
951 3067 1039 3132 είς
1074 3065 1239 3133 ἀέρα.

288 3159 636 3212 ἘΡΩΤΗΣΙΣ
665 3164 779 3227 ἧς’.
813 3160 878 3212 Εί
927 3159 1001 3231 μὴ
1032 3159 1138 3230 (44)
1173 3159 1313 3212 κατὰ
1344 3159 1571 3230 γνώμην
1600 3159 1782 3222 καλοῖς

207 3250 359 3321 παρά
388 3247 525 3304 Θεοῦ
567 3252 597 3303 ὁ
641 3249 950 3314 ἔπαινος...
994 3267 1106 3316 ται,
1134 3252 1185 3304 οί
1229 3250 1380 3320 παρά
1421 3249 1659 3323 Ἡρώδου
1685 3249 1784 3320 τὴν

207 3343 312 3397 διὰ.
346 3385 359 3399 .
403 3343 656 3406 λαϐόντες
705 3344 1004 3414 ἀναίρεσιν,
1039 3343 1135 3396 καὶ
1176 3343 1246 3412 τά
1283 3343 1379 3394 ἐπὶ
1403 3341 1578 3396 ⁹τοῦ...
1624 3343 1784 3414 ἡνίκα

208 3436 301 3487 ἐπὶ
357 3435 452 3488 τοῦ
508 3436 736 3507 κτήνους
809 3435 1135 3507 καθήμενος.
1175 3475 1187 3488 .
1251 3433 1624 3504 κατελάμϐανε
1691 3433 1782 3486 τὸν

212 3527 378 3598 ὕμνον
402 3525 673 3598 φθεγξά...
695 3546 752 3581 ον
771 3527 954 3598 ἔχουσι
975 3528 1199 3591 δικαίως
1224 3526 1498 3599 χρεωστού
1507 3542 1664 3597 μενον
1685 3525 1778 3579 ἐ...

211 3620 447 3672 κάκεῖνοι
479 3619 578 3691 τὴν
610 3618 821 3690 σφαγὴν
854 3619 919 3687 ην
950 3617 1098 3688 παρὰ
1124 3616 1349 3687 γνώμην
1379 3615 1655 3680 ὲδέξαντο’
1688 3617 1782 3670 καὶ

211 3710 382 3766 ταῦτα
413 3712 474 3765 οὐ
502 3710 696 3784 γνώμῃ
727 3710 921 3780 οἰκείᾳ,
950 3705 1086 3762 ἀλλά
1113 3708 1297 3778 χάριτι
1348 3707 1468 3780 θείᾳ
1488 3709 1546 3762 ὲν
1589 3708 1776 3780 Ἰερου-

215 3805 394 3875 σαλὴμ
411 3802 501 3858 τὸν
530 3802 696 3874 ὕμνον
716 3805 918 3855 ἐκεῖνον
945 3799 1290 3871 ἐφθέγξαντο.

295 3894 695 3948 ἈΠΟΚΡΙΣ1Σ.
729 3894 794 3946 El
839 3892 1084 3963 χάρισμα
1114 3890 1249 3944 Θεοῦ
1284 3891 1402 3944 ἐστι
1419 3891 1480 3944 τὸ
1497 3891 1638 3961 ὑπὲρ
1652 3891 1786 3962 Χρι-

217 3989 340 4043 στοῦ
370 3988 598 4058 πάσχειν
627 3981 812 4057 (ἡμῖν,
844 3987 1027 4056 φησὶν,
1054 3985 1343 4055 ἐχαρίσθη
1378 3987 1450 4038 οὐ
1485 3986 1681 4054 μόνον
1716 3983 1783 4038 τὸ

212 4088 295 4147 είς
314 4081 500 4135 αὑτὸν
520 4079 843 4141 πιστεύειν,
869 4077 1028 4133 ἀλλὰ
1054 4078 1153 4131 καὶ
1177 4078 1241 4131 τό
1255 4077 1407 4146 ὑπὲρ
1424 4077 1611 4132 αὑτοῦ
1677 4074 1788 4128 πάρ

214 4172 738 4242 σχειν),έπασχονδὲ
761 4170 857 4222 καὶ
883 4170 953 4223 τὰ
982 4169 1154 4241 βρέφη
1183 4169 1323 4241 ὑπὲρ
1347 4170 1605 4241 Χριστοῦο
1636 4170 1786 4232 θείας

214 4264 318 4334 ἄρα
333 4261 637 4332 ἠξιώθησαν
661 4261 900 4333 χάριτος.
931 4262 1026 4325 Τίς
1056 4257 1146 4315 οῦν
1166 4263 1266 4315 οὐκ
1290 4263 1590 4315 ἐπαινέσειε
1614 4260 1785 4315 ταῦτα

215 4354 431 4417 δικαίως
453 4357 520 4424 τῇ
548 4352 689 4405 δόσει
726 4353 825 4423 τῆς
869 4351 1018 4416 θείας
1052 4355 1272 4425 χάριτος
1299 4349 1648 4412 ἐπαινεθέντα
1678 4353 1792 4407 ὑπὸ

1961 2136 2163 2195 RESP.
2196 2138 2451 2210 Si,juxta
2475 2140 2782 2210 apostolum
2807 2138 3060 2202 Paulum,
3081 2139 3269 2211 ﬁgura:
3301 2139 3466 2208 hujus

1887 2233 2079 2288 mundi
2137 2233 2298 2288 ﬁnem
2356 2235 2600 2304 imponet
2636 2233 2878 2300 Deus",
2916 2235 3088 2303 liquet
3132 2233 3247 2287 alia
3297 2234 3461 2287 etiam

1885 2325 2091 2389 omnia,
2121 2341 2242 2395 quae
2271 2333 2495 2396 propter
2517 2326 2706 2380 mundi
2738 2326 2966 2397 ﬁguram
3003 2325 3149 2380 facta
3180 2332 3330 2389 sunt,
3365 2341 3464 2380 ne-

1885 2418 2129 2472 cessario
2154 2432 2278 2471 cum
2325 2419 2520 2473 mundi
2556 2421 2726 2489 ﬁgura
2775 2419 3142 2489 praeteritum.
3168 2414 3463 2472 inducetur

1887 2519 2066 2565 autem
2108 2527 2307 2566 novum
2331 2514 2531 2567 cmlum
2555 2520 2610 2568 et
2646 2523 2812 2577 terra,
2847 2514 2902 2567 iu
2952 2513 3155 2583 quibus
3194 2513 3362 2582 justis
3409 2522 3466 2567 et

1885 2602 2105 2672 injustis
2152 2606 2475 2661 meritorum
2526 2607 2747 2676 praemia
2777 2608 3107 2663 tribuentur.
3133 2607 3300 2679 479
3328 2607 3466 2661 Aere

1885 2711 2052 2765 porro
2079 2699 2179 2753 etsi
2210 2705 2340 2752 tunc
2369 2699 2439 2754 ad
2469 2700 2887 2769 respirationem
2920 2717 3031 2755 non
3073 2701 3462 2771 indigebimus,

1886 2788 1953 2842 ad
1997 2799 2204 2844 motum
2235 2801 2414 2846 tamen
2453 2801 2508 2848 et
2561 2793 2667 2847 loci
2711 2795 3094 2859 mutationem,
3150 2795 3465 2849 necessario

1885 2892 2122 2937 nlemur.
2153 2881 2440 2953 Rapiemur
2464 2901 2706 2955 namque,
2743 2885 2946 2958 inquit,
2966 2885 3275 2953 ingnubibus
3303 2887 3361 2941 in
3384 2901 3465 2942 oc-

1889 2990 2108 3030 cursum
2129 2973 2357 3030 'Domim‘
2395 2977 2448 3031 in
2475 2993 2601 3031 aera
2619 2979 2681 3032 η.

1959 3151 2238 3220 ΩΗᾸΕΞΤ.
2278 3154 2462 3212 XCVI.
2490 3155 2544 3211 Si
2571 3157 2661 3224 iis,
2696 3158 2788 3228 qui
2819 3174 2928 3212 non
2958 3174 3027 3215 ex
3048 3158 3216 3213 animi
3243 3166 3465 3214 senten-

1886 3247 1960 3302 tia
2008 3248 2140 3303 boni
2175 3255 2325 3314 sunt,
2362 3249 2484 3306 laus
2526 3264 2557 3303 a
2587 3248 2698 3305 Deo
2739 3265 2848 3305 non
2894 3250 3160 3316 debetur;
3201 3249 3462 3318 infantes,

1884 3339 1980 3410 qui
2024 3341 2094 3396 ab
2133 3339 2347 3396 Herode
2380 3350 2603 3411 propter
2638 3341 2931 3396 Dominum
2978 3342 3151 3396 occisi
3203 3349 3355 3406 sunt,
3409 3348 3465 3398 et

1884 3433 2063 3502 pueri,
2086 3433 2179 3504 qui
2197 3431 2497 3489 Salvatoris
2527 3440 2791 3504 tempore,
2806 3449 2931 3489 cum
2948 3433 3200 3503 jumento
3215 3433 3464 3490 insidens

1890 3529 2082 3584 urbem
2109 3527 2507 3600 ingrederetur,
2530 3529 2794 3600 hymnum
2839 3527 3205 3583 decantarunt
3223 3567 3237 3592 ,
3267 3543 3463 3599 quam-

1893 3634 2021 3674 nam
2067 3620 2270 3675 habent
2310 3619 2508 3675 merito
2538 3617 2780 3675 debitam
2807 3619 3045 3684 laudem,
3077 3620 3124 3675 si
3162 3620 3382 3690 quidem
3403 3619 3461 3675 hi

1882 3719 2080 3784 praeter
2107 3714 2274 3768 animi
2297 3713 2622 3775 sententiam
2642 3713 2836 3780 occisi,
2872 3712 2966 3768 isti
2985 3729 3097 3769 non
3115 3715 3335 3784 propria
3364 3731 3461 3768 vo-

1882 3808 2111 3869 luntate,
2169 3806 2264 3861 sed
2302 3803 2488 3862 divina
2531 3806 2707 3875 gratia
2747 3805 3012 3878 hymnum
3056 3805 3465 3863 decantarunt?

1953 3894 2152 3950 RESP.
2196 3895 2252 3950 Si
2276 3897 2480 3952 donum
2511 3895 2606 3950 Dei
2648 3904 2732 3955 est
2785 3912 2886 3966 pro
2938 3895 3160 3953 Christo
3181 3898 3297 3968 pati
3327 3895 3464 3966 (Νο-

1884 3984 1985 4051 bis,
2013 3986 2210 4056 inquit,
2241 3985 2496 4041 donatum
2525 3993 2604 4040 est
2636 4002 2740 4042 non
2768 3986 2940 4040 solum
2962 3987 3016 4040 in
3041 3985 3210 4041 Deum
3228 3989 3460 4056 credere,

1881 4078 1971 4132 sed
2001 4079 2162 4132 etiam
2182 4092 2282 4159 pro
2301 4095 2360 4133 eo
2386 4079 2780 4151 pati"),'passi
2810 4088 2992 4136 autem
3023 4081 3188 4137 etiam
3222 4081 3462 4138 infantes

1882 4183 1983 4240 pro
2029 4169 2273 4235 Christo,
2302 4171 2485 4226 divina
2525 4171 2772 4243 profecto
2813 4173 3024 4244 dignati
3071 4173 3292 4228 fuerunt
3334 4189 3460 4246 gra-

1881 4266 1977 4321 tia.
2011 4265 2147 4332 Quis
2176 4266 2342 4337 igitur
2368 4265 2494 4322 illos
2527 4267 2866 4344 non'merito
2902 4267 3229 4332 laudaverit,
3261 4267 3461 4324 divina:

1882 4357 2071 4431 gratiae
2092 4360 2383 4430 largitione
2403 4359 2656 4416 laudatos
2690 4375 2719 4414 a
2745 4358 2881 4428 Deo,
2903 4359 2999 4431 qui
3029 4361 3115 4417 his
3144 4362 3335 4426 etiam,
3363 4363 3458 4433 qui

217 4445 302 4499 τοῦ
349 4445 504 4506 Θεοῦ,
562 4443 656 4496 τοῦ
715 4445 807 4497 καὶ
852 4447 963 4507 τοῖς
1016 4445 1167 4516 παρά
1207 4445 1430 4516 γνώμην
1475 4446 1658 4511 καλοῖς
1688 4447 1779 4500 τὸν

1885 4453 2004 4508 sine
2035 4451 2204 4506 libera
2230 4451 2500 4507 electione
2527 4451 2657 4506 boni
2683 4459 2834 4518 sunt,
2861 4452 3080 4509 laudem
3109 4452 3335 4524 largiter
3355 4453 3458 4508 tri-

213 4538 428 4592 ἔπαινον
467 4537 912 4607 δαψιλευομένου;
964 4537 1043 4591 ἔτι
1075 4539 1131 4591 δὲ
1154 4541 1222 4602 εί,
1265 4539 1402 4610 πρὸς
1440 4539 1532 4593 τὸν
1559 4539 1778 4593 ἔπαινον

213 4631 316 4684 τῶν
359 4630 447 4684 διὰ
489 4631 588 4700 τὴν
635 4629 910 4682 εὐσέϐειαν
957 4630 1305 4700 θλιϐομένων,
1357 4621 1776 4685 ἀνταποδίδωσιν

214 4725 241 4776 ὁ
265 4722 392 4784 Θεὸς
413 4722 586 4792 θλίψιν
605 4725 718 4784 τοῖς
746 4720 1010 4790 θλίψασιν,
1041 4723 1253 4792 ἀνάγκη
1276 4723 1380 4793 ἄρα
1396 4724 1487 4776 καὶ
1505 4724 1573 4776 τά
1600 4724 1774 4794 βρέφη

214 4816 277 4869 τὰ
308 4815 667 4885 ἀναιρούμενα
695 4814 799 4867 ὑπὸ
843 4814 1102 4886 Ἡρώδου,
1136 4817 1470 4869 ἐπαινεῖσθαι
1496 4818 1670 4888 τούτῳ
1696 4801 1774 4887 τῷ

216 4907 413 4976 ἐπαίνῳ
443 4905 518 4977 τῷ
545 4906 634 4960 διὰ
653 4905 751 4978 τὴν
770 4907 1048 4977 ἐκδίκησιν
1104 4908 1210 4963 τῶν
1238 4907 1485 4978 θλίψεων.
1513 4911 1769 4977 Δίκαιον,

285 5089 328 5120 ¹⁸
361 5085 532 5142 lCor.
568 5103 665 5152 vn,
701 5087 791 5142 51.
878 5086 921 5118 ¹⁶
952 5085 972 5140 l
1003 5085 1198 5143 Thess.
1239 5101 1312 5156 Iv,
1346 5088 1434 5144 l7.
1512 5088 1553 5118 "
1579 5086 1778 5160 Philip.
1812 5089 1868 5157 I,‘

284 5265 395 5390 (432]
420 5264 529 5320 Τοῦ
560 5265 837 5334 οὐρανοῦ.
888 5264 1207 5334 Explebitur
1233 5264 1429 5318 lacuna
1456 5265 1500 5319 si
1532 5266 1774 5336 legamus

285 5345 335 5390 st
401 5351 477 5390 πο
508 5337 706 5390 verba.
767 5337 1065 5390 φερομένου
1119 5335 1386 5390 δόγματος
1434 5335 1626 5390 νοῶσιν
1659 5337 1772 5390 ὅσοι

218 5335 335 5408 post
363 5335 477 5408 haec
508 5337 669 5392 verba
691 5375 706 5400 ,
767 5337 1072 5408 φερομένου
1119 5335 1386 5408 δόγματος
1434 5335 1626 5408 νοῷσιν
1652 5337 1772 5408 ’ὅσοι

218 5405 497 5476 ἆγέννητόν
540 5423 598 5460 τε
642 5408 734 5461 καὶ
783 5405 950 5460 ἀΐδιον
981 5406 1167 5459 τοῦτον
1200 5405 1446 5477 ἀφρόνως
1478 5406 1775 5477 είρηκότες.

218 5477 365 5546 Legit
395 5477 714 5550 Sylburgius
742 5476 1040 5550 φερομένου
1077 5479 1204 5550 κατ’
1247 5476 1620 5550 Ἀριστοτέλην
1649 5476 1778 5550 δόγ-

221 5495 365 5546 Leglt
395 5495 714 5547 bytnurglus
742 5495 874 5550 φερο
922 5495 1040 5529 ενου
1087 5495 1204 5530 κατ’
1247 5495 1620 5546 τλριστοτεΑην
1651 5495 1778 5546 οογ-

221 5548 702 5636 μαιτοξῃάποδειχθῇ
724 5550 826 5636 καὶ.
848 5495 1230 5636 ἐξελεγχθῶσιν
1246 5549 1372 5636 ’ὅσοι

219 5617 305 5670 και
325 5619 490 5672 ἀΐδιον
523 5621 628 5672 εἰσὶ
653 5617 744 5672 τὸν
771 5618 1000 5689 οὐρανὸν
1033 5617 1172 5671 κατά
1213 5617 1303 5671 τὸν
1333 5619 1542 5687 ἄφρονα
1590 5617 1776 5670 τοῦτον

218 5690 608 5830 εἰᾟῖῗὲῗμή.
645 5757 735 5815 Sic
765 5766 913 5816 totus
944 5758 1158 5815 videtur
1190 5759 1342 5815 locus
1365 5769 1523 5821 posse
1541 5756 1767 5816 sanari:

1883 4544 2038 4599 buit?
2066 4542 2273 4599 Deinde
2312 4559 2466 4608 vero,
2498 4544 2546 4599 si
2579 4545 2648 4600 ad
2684 4543 2902 4600 laudem
2943 4561 3157 4611 eorum,
3197 4545 3292 4617 qui
3331 4561 3458 4616 pro-

1883 4641 2002 4702 pter
2040 4634 2299 4704 pietatem
2346 4633 2705 4700 tribulantur,
2745 4635 2997 4706 rependit
3039 4635 3180 4693 Deus
3220 4636 3458 4691 tribula-

1883 4728 2083 4783 tionem
2111 4721 2217 4792 his,
2254 4729 2346 4799 qui
2387 4745 2484 4784 eos
2525 4719 2892 4796 tribularun't,
2936 4745 3164 4786 necesse
3193 4714 3280 4785 est
3318 4737 3377 4783 ut
3404 4739 3459 4788 et

1881 4821 2050 4876 occisi
2082 4822 2149 4876 ab
2183 4820 2396 4879 Herode
2437 4822 2594 4892 pueri
2643 4822 2938 4876 laudentur
2974 4821 3076 4877 hac
3113 4821 3293 4886 laude,
3336 4837 3458 4893 quae

1880 4927 1978 4983 per
2018 4913 2278 4970 ultionem
2319 4914 2732 4970 tribulationum
2768 4914 3049 4971 tribuitur.
3086 4913 3302 4969 Iustum
3353 4924 3454 4981 est,

1888 5088 1978 5146 29.

1880 5270 1944 5356 ΕΞ
1975 5272 2088 5357 τρῖς
2117 5270 2191 5342 μὴ
2221 5269 2362 5357 me
2386 5269 2609 5357 γνάειιην
2642 5266 3006 5357 x910“,
3026 5265 3214 5357 ἓερῖηδ
3237 5265 3454 5357 ἐξειξῆ

1880 5341 1943 5392 οὐ
1997 5335 2340 5405 δέδοταί,,οί
2398 5335 2586 5402 ἷπαῖδες
2642 5340 2692 5391 oi
2737 5337 2890 5408 παρά
2943 5335 3180 5408 Ἡρώδου
3234 5336 3334 5406 τὴν
3358 5337 3452 5390 διὰ

1884 5409 2068 5492 ξίφους
2086 5411 2205 5492 μοι
2239 5410 2324 5492 διά
2357 5410 2449 5492 τὸν
2477 5409 2704 5492 μόριον)
2737 5408 2991 5492 λαϐόντες
3032 5408 3328 5492 ἀναίρεριν,
3355 5411 3451 5460 καὶ

1882 5476 1974 5554 ἐπὶ
2021 5476 2114 5554 τοῦ
2163 5481 2376 5554 Κυρίου
2401 5476 2696 5554 ἡνίκαὲττῖ
2725 5479 2846 5554 τοῦ·
2871 5479 3113 5554 κτήνους
3134 5476 3450 5554 ¹καθήμενος

1878 5550 1978 5622 τὴν
2006 5553 2160 5605 πόλιν
2184 5545 2580 5622 κατελάμϐανε,
2626 5550 2718 5604 τὸν
2748 5548 2915 5622 ὕμνον
2947 5545 3299 5622 φθεγξάμενα

1879 5617 1974 5692 φή,
2008 5623 2126 5674 τίνα
2157 5623 2339 5692 έχουσι
2385 5617 2609 5692 δικαίως
2640 5617 3079 5692 χρεωστοόμενον
3107 5617 3448 5684 ἔπαινον,⁷εί,

1877 5695 1959 5748 vel
1985 5693 2125 5750 ἐπεί.
2161 5691 2280 5748 Μοι
2313 5691 2603 5750 delendum
2635 5691 2850 5747 videtur
2876 5691 2960 5761 ἢν.
