4146 6440
217 392 343 448 1541
433 454 436 455 ν

941 400 1406 468 QUESTTONES
1440 404 1527 460 ET
1567 403 2092 469 RESPONSIONES
2132 415 2220 472 AD
2259 415 2752 476 ORTHODOXOS.

3321 421 3460 474 1M2

213 500 376 609 αύτὸς
401 501 776 570 διδάσκειτοὺς
803 507 1068 578 μαθητὰς,
1103 510 1414 574 Φθϐεἷσθε,
1437 512 1632 580 λέγων,
1677 513 1785 568 τὸν

1894 521 2191 593 discipulos
2222 525 2384 582 docet
2427 543 2440 578 :
2477 526 2698 612 Heluite
2740 528 2892 582 illum
2934 529 3025 599 qui
3053 537 3215 596 potest
3245 539 3294 582 et
3335 529 3465 582 ani-

213 593 326 660 τὴν
351 596 563 665 ψυχὴν
588 600 686 652 καὶ
705 600 778 653 τό
804 599 972 669 σῶμα
998 602 1067 656 ἐν
1102 602 1318 673 γεέννῃ
1343 605 1642 664 ἀπολέσαι
1673 606 1778 662 δυ-

211 703 472 755 ναμενον
485 705 504 752 ;

293 781 691 838 ἈΠΟΚΡΙΣΙΣ.
742 784 856 838 Οὐκ
907 786 1117 863 εἴρηται
1168 788 1269 858 μὲν
1324 787 1400 859 τῷ
1460 789 1651 861 Κυρίῳ
1701 791 1785 854 τὸ,

224 869 287 948 '0.
297 873 663 941 φοϐούμενος
680 873 756 928 οὐ
777 876 1138 930 τετελείωται
1160 877 1230 929 ἐν
1252 875 1325 944 τῇ
1353 875 1552 948 ἀγάπῃ
1570 894 1583 909 ·
1614 880 1674 931 -ει
1696 880 1788 931 καὶ

210 961 240 1012 6
263 962 499 1033 εἰρηκὼς
536 962 697 1017 τοῦτο
743 964 905 1020 κατάι
935 965 1139 1037 Κύριον
1192 966 1383 1036 εἴρηκε
1410 985 1424 997 ·
1465 947 1529 1021 τὸ
1572 969 1650 1032 δὲ,
1679 973 1789 1024 Φο-

213 1051 410 1108 ϐεῖσθε
443 1053 684 1122 μᾶλλον
721 1048 830 1110 τὸν
881 1055 1219 1127 δυνάμενον
1271 1062 1369 1115 καὶ
1424 1056 1639 1132 ψυχὴν
1687 1065 1785 1118 καὶ

211 1143 380 1214 σῶμα
401 1145 693 1201 ἀπολέσαι
715 1147 786 1200 ἐν·
813 1149 1040 1218 γεέννῃ,
1086 1152 1184 1205 οὐκ
1219 1135 1434 1224 εῐρηταί
1465 1157 1603 1226 πρὸς
1633 1157 1786 1211 ἀναί-

213 1251 360 1305 ρεσιν
377 1237 474 1307 τῆς
500 1237 708 1302 τελείας
748 1241 983 1311 ἀγάπης,
1032 1242 1088 1295 '0
1117 1242 1324 1313 γὰρτῷ
1379 1245 1586 1314 μείζονι
1637 1248 1787 1319 φόϐῳ

210 1325 302 1380 τοῦ
330 1326 463 1382 Θεοῦ
488 1328 576 1381 τὸν
605 1328 860 1384 ἐλάττονα
893 1331 1098 1386 ἐκλύων
1121 1334 1230 1388 τῶν
1263 1335 1566 1407 ἀνθρώπων
1600 1339 1784 1407 φόϐον,

210 1418 275 1486 τῇ
305 1417 502 1490 ἀγάπῃ,
518 1419 612 1472 τοῦ
641 1420 775 1474 Θεοῦ
802 1419 962 1476 τοῦτο
994 1428 1170 1478 ποιεῖ·
1208 1426 1349 1480 ὥστε
1376 1424 1515 1482 εἶναι
1541 1429 1635 1482 τὸν
1670 1431 1786 1500 μεί-

211 1505 338 1573 ζονα
370 1509 532 1578 φόϐον
578 1511 672 1564 τοῦ
726 1511 884 1580 Θεοῦ,
927 1515 1112 1570 ἕνεκεν
1161 1517 1254 1571 τοῦ
1287 1519 1360 1591 μὴ
1395 1521 1647 1574 ἐκπεσεῖν
1677 1522 1785 1575 τῶν

209 1596 595 1669 ἠγαπημένων.
637 1601 798 1656 Ὅσον
823 1603 930 1676 γὰρ
956 1606 1136 1675 τίμιόν
1194 1609 1312 1663 ἐστι
1353 1610 1415 1662 τὸ
1461 1616 1787 1683 πιστευόμες

207 1707 317 1756 νον,
345 1693 597 1748 τοσοῦτον
629 1695 906 1761 ἀγαπᾶται
930 1715 943 1728 ·
983 1701 1076 1754 καὶ
1105 1701 1230 1755 ὅσον
1263 1702 1565 1771 ἀγαπᾶται,
1592 1705 1783 1758 τοσοῦ-

207 1796 300 1835 τον
327 1784 357 1836 6
376 1784 602 1853 ἀγαπῶν
639 1785 737 1858 τὴν
763 1787 1034 1844 ἔκπτωσιν
1076 1792 1241 1846 αὑτοῦ
1288 1793 1555 1864 φοϐεῖται,
1582 1795 1685 1859 ἕως
1719 1795 1784 1849 ἂν

206 1867 325 1949 ᾖεν
353 1875 432 1947 τῷ
458 1877 601 1949 ὑπὲρ
640 1878 736 1933 τοῦ
787 1881 1150 1953 ἀγαπωμένου
1193 1883 1381 1954 ἀγῶνα
1430 1886 1698 1951 Λυθέντος
1728 1887 1785 1940 δὲ

207 1963 301 2018 τοῦ
334 1965 563 2034 ἀγῶνος,
597 1969 692 2021 σὺν
721 1969 913 2043 ἐκείνῳ
940 1971 1121 2027 λύεται
1169 1976 1262 2028 καὶ
1292 1977 1320 2031 6
1352 1975 1515 2045 φόϐος
1545 1977 1644 2046 τῆς
1676 1976 1787 2029 τῶν

206 2050 584 2124 ἀγαπωμένων
617 2057 945 2123 ἐκπτώσεως
967 2099 979 2112 .
1013 2052 1175 2118 Ὥστε
1201 2063 1303 2127 ἕως
1338 2065 1459 2117 τότε
1492 2067 1788 2135 ἀναγκαῖός

208 2143 356 2200 ἔστιν
385 2149 412 2200 6
440 2146 534 2200 τοῦ
561 2147 697 2202 Θεοῦ
724 2149 884 2219 φόϐος
911 2168 924 2183 θ
960 2153 1080 2207 οὐδὲ
1111 2154 1220 2226 γὰρ
1248 2156 1323 2220 ὡς
1344 2157 1405 2210 τὸ
1433 2161 1609 2228 μισεῖν
1632 2160 1787 2212 ἀναι-

208 2240 421 2310 ρετικόν
450 2241 565 2293 ἐστι
588 2242 688 2312 τῆς
716 2243 936 2314 ἀγάπης
967 2246 1246 2315 (ἀδύνατον
1275 2249 1383 2322 γὰρ
1428 2251 1490 2304 τὸ
1512 2250 1604 2304 τὸν
1627 2252 1788 2304 αὑτὸν

207 2332 300 2386 καὶ
340 2333 556 2403 ἀγαπᾷν
601 2333 695 2388 καὶ
741 2335 964 2406 μισεῖν),
992 2335 1166 2402 οὕτως
1209 2340 1305 2394 καὶ
1359 2341 1421 2394 τὸ
1470 2341 1784 2410 φοϐεῖσθαισ

205 2426 618 2500 ινδέχεταιλγάρ
647 2429 740 2482 τὸν
766 2430 928 2483 αὐτὸν
953 2432 1048 2486 καὶ
1101 2433 1322 2503 ἀγαπᾷν
1355 2434 1448 2492 καὶ
1486 2434 1785 2503 φοϐεῖσθαι.

289 2519 638 2592 ἘΡΩΤΗΣΙΣ
655 2519 769 2587 ιβ’.
805 2521 865 2573 Εἰ
898 2521 996 2583 τὰς
1019 2522 1128 2575 τῶν
1157 2521 1368 2592 ἀλόγων
1393 2523 1582 2588 Θυσίας
1609 2525 1639 2576 6
1659 2524 1792 2588 Θεὸς

204 2611 263 2674 ὲν
297 2610 376 2683 τῷ
400 2610 550 2683 νόμῳ
593 2612 892 2683 προσέταξε
939 2612 1205 2680 γίνεσθαι,
1253 2613 1395 2671 ὥστε
1441 2616 1670 2680 ταύταις
1693 2619 1791 2689 τὴν

206 2703 335 2774 περὶ
389 2704 553 2758 αὐτὸν
592 2704 1082 2784 τοὺςιάνθρώπους
1136 2707 1304 2777 τιμὴν
1366 2708 1791 2772 ἐπιδείκνυσθαι,

206 2791 324 2855 πῶς
369 2792 456 2847 διὰ
503 2793 565 2846 τὸ
623 2793 770 2847 θύειν
812 2793 1130 2866 ἀνθρώπους
1181 2796 1444 2868 Ἕλληνες
1490 2798 1793 2852 δείκνυνται

206 2884 386 2941 αὐτῶν
439 2886 819 2958 ἀσεϐέστεροι;
865 2888 1004 2960 ὅπερ
1057 2889 1360 2959 φάσκουσιν
1408 2891 1513 2944 ὑπὸ
1546 2892 1655 2944 τῶν
1688 2910 1794 2945 πα-

205 2977 372 3033 λαιιῖιν
393 2979 672 3049 γεγονέναι
721 2980 879 3051 χάριν
909 2982 1005 3035 τοῦ
1043 2982 1292 3047 πλείονος
1337 2985 1505 3055 τιμῆς
1536 2984 1636 3037 τοῦ
1664 2988 1794 3056 παρ’

206 3070 392 3133 αὐτοῖς
425 3069 536 3141 (48)
588 3070 942 3143 νομιζομένου
995 3073 1119 3130 θεοῦ
1180 3075 1426 3146 μείζονος
1488 3075 1793 3143 ἀξιοῦσθαι,

205 3161 488 3233 τιμώντων
539 3163 702 3219 αὐτὸν
747 3167 815 3237 τῇ
841 3213 843 3215 .
871 3164 982 3219 τῶν
1028 3165 1264 3235 λογικῶν
1293 3167 1473 3240 θυσίᾳ.
1513 3170 1663 3240 Ὅσῳ
1689 3169 1797 3242 γὰρ

205 3253 304 3310 τοῦ
359 3253 553 3324 ἀλόγου
597 3257 658 3310 τὸ
705 3256 922 3326 λογικὸν
963 3257 1313 3329 τιμιώτερον,
1352 3259 1596 3332 τοσούτῳ
1625 3263 1719 3316 καὶ
1763 3264 1796 3331 ἡ

205 3347 399 3401 τούτου
432 3347 588 3402 θυσία
621 3351 921 3422 σεμνοτέρα
946 3351 1179 3422 ἐκείνης.
1206 3353 1315 3405 Καὶ
1339 3351 1500 3406 τοῦτο
1525 3354 1798 3407 δείκνυται

209 3442 276 3494 ὲκ
303 3441 412 3497 τῶν
465 3441 610 3496 κατά
645 3443 738 3496 τὸν
776 3444 981 3512 Ἰεφθάε
1033 3444 1401 3516 σαφέστερονο
1443 3445 1503 3508 ὃς
1531 3447 1630 3517 τὴν
1661 3447 1796 3500 ἰδίαν

210 3533 487 3606 θυγατέρα
525 3535 899 3605 προσκομίσας
934 3535 1143 3601 θυσίαν,
1162 3537 1222 3588 ὲν
1259 3539 1323 3606 τῇ
1355 3537 1491 3608 πρὸς
1519 3538 1798 3609 Ἑϐραίους

209 3627 469 3699 ἐπιστολῇ
515 3628 620 3680 ὑπὸ
640 3626 732 3682 τοῦ
787 3629 1105 3682 Ἀποστόλου
1138 3631 1196 3682 ὲν
1230 3629 1306 3700 τῷ
1350 3630 1638 3699 καταλόγῳ
1685 3629 1793 3683 τῶν

208 3718 452 3772 εὐσεϐῶν
503 3718 922 3790 μνημονεύεται.

293 3811 694 3867 ἈΠΟΚΡΙΣΙΣ.
777 3853 790 3865 .
870 3853 884 3866 .
961 3815 1181 3866 σκοπεῖν
1234 3813 1341 3887 (49)
1388 3813 1486 3884 τὴν
1531 3812 1674 3866 κατά
1708 3814 1800 3866 τὸν

207 3903 375 3974 νόμον
429 3903 548 3974 Θεῷ
595 3905 1046 3977 προσφερομένην
1080 3906 1291 3970 θυσίαν,
1323 3907 1402 3958 ὅτι
1435 3905 1544 3958 τῶν
1588 3905 1798 3973 ἀλόγων

209 3997 362 4052 ἐστὶν
417 3997 646 4069 αἵματα,
697 3997 833 4051 ἀλλά
894 3998 956 4051 τὸ
986 3999 1103 4062 πῶς
1130 3999 1493 4071 προσεδέξατο
1569 3998 1725 4068 ῖύτην
1768 4001 1798 4052 6

209 4089 345 4152 Θεὸς
376 4075 793 4161 προσαγομένην
853 4082 1016 4161 αὐτῷ.
1065 4092 1128 4143 Εἰ
1165 4091 1264 4161 μὲν
1305 4090 1411 4162 γὰρ
1442 4091 1502 4143 τὸ
1530 4085 1578 4143 ιβ
1617 4107 1666 4141 ·α
1693 4089 1800 4144 τῶν

209 4182 424 4250 ἀλόγων
476 4180 630 4245 ζώων
693 4181 755 4234 τὸ
810 4182 1254 4253 προσφερόμενον
1311 4183 1485 4245 οὓτως
1539 4200 1611 4253 πρ
1660 4182 1794 4235 τεδέ-

213 4273 359 4340 ξατο.
411 4266 455 4328 ’.
537 4315 550 4326 .
629 4274 726 4345 τὴν
759 4274 954 4327 ἑαυτοῦ
1004 4273 1182 4345 ψυχὴν
1218 4274 1326 4345 (50)
1367 4277 1740 4346 προσήνεγκεν
1768 4277 1796 4327 6

211 4369 388 4422 τοῦτο.
471 4409 485 4422 .
564 4409 576 4420 .
612 4367 768 4438 δῆλον
805 4369 886 4420 ὅτι
923 4369 954 4438 ἡ
992 4368 1089 4436 μὲν
1132 4367 1291 4421 θυσία
1335 4369 1434 4439 τὴν
1464 4367 1605 4438 πρώ.
1687 4408 1700 4420 .
1779 4408 1792 4420 .

211 4462 321 4514 ἀπὸ
347 4463 446 4532 τῆς
479 4461 726 4524 εὐδοκίας
756 4461 849 4514 τοῦ
878 4462 1082 4531 ταύτην
1113 4461 1285 4524 οὕτως
1333 4459 1792 4531 προσδεξαμένου,

213 4554 310 4607 καὶ
341 4555 368 4607 6
392 4554 523 4616 Θεὸς
550 4553 648 4623 τὴν
683 4553 902 4624 πρώτην
931 4555 1116 4624 τιμήν.
1145 4552 1335 4606 "onst
1365 4553 1440 4614 ὡς
1466 4553 1566 4622 τὴν
1600 4551 1793 4604 ἑαυτοῦ

1893 629 2036 666 mam
2063 623 2113 668 et
2134 631 2328 684 corpus
2361 609 2574 685 perdere
2604 622 2657 672 in
2679 621 2910 690 geliesna
2923 621 3005 674 ἠ

1961 791 2160 850 RESP.
2195 795 2313 852 Non
2347 813 2375 851 a
2408 798 2638 854 Domino
2677 799 2884 853 d7ctum
2927 809 3011 854 est
3041 800 3172 854 illud
3208 818 3223 856 :
3261 800 3364 865 Qui
3393 799 3464 852 ti-

1888 895 2016 950 met,
2049 904 2152 942 non
2178 897 2253 941 est
2282 890 2542 959 perfectus
2582 891 2637 943 in
2682 891 2976 953 churitate;
3011 899 3065 945 et
3099 890 3146 944 si
3179 891 3226 944 is
3259 890 3351 958 qui
3383 888 3456 942 di-

1887 981 1989 1041 xit,
2014 979 2082 1034 de
2110 981 2378 1035 sententia
2416 980 2628 1036 Domini
2663 983 2822 1037 dixit.
2850 981 2965 1037 Hoc
2987 990 3167 1036 autem
3197 999 3212 1035 :
3245 979 3462 1038 letum

1885 1074 2062 1142 potius
2085 1073 2237 1127 illum
2257 1074 2346 1142 qui
2373 1083 2542 1141 potest
2565 1084 2614 1128 et
2638 1076 2868 1128 animam
2889 1084 2939 1130 et
2961 1089 3150 1142 corpus
3171 1071 3383 1141 perdere
3407 1072 3458 1123 in

1884 1165 2138 1237 gehenna,
2159 1180 2268 1220 non
2285 1164 2351 1219 ad
2369 1165 2662 1220 tollendam
2694 1165 3019 1220 eharitatem
3048 1163 3346 1235 perfectam
3376 1165 3462 1216 est

1887 1258 2113 1313 dictum.
2142 1257 2277 1311 Nam
2311 1257 2403 1327 qui
2429 1259 2636 1328 majore
2658 1258 3261 1321 Deitimore,minorem
3282 1255 3461 1310 humi-

1887 1366 2016 1405 num
2051 1351 2298 1405 timorem
2318 1350 2516 1415 abolet,
2557 1351 2826 1406 charitatc
2872 1351 2966 1405 Dei
2998 1350 3051 1404 id
3092 1348 3258 1415 facit;
3295 1347 3368 1401 ita
3404 1354 3460 1400 ut

1887 1440 2063 1509 major
2079 1438 2174 1494 Dei
2205 1440 2369 1495 timor
2392 1441 2485 1504 sit,
2511 1439 2638 1509 quia
2656 1440 2911 1494 timemus
2927 1454 2993 1492 ne
3012 1436 3172 1492 rebus
3196 1431 3466 1488 charissi-

1887 1533 1990 1586 mis
2002 1530 2340 1587 exeidamus.
2364 1529 2640 1597 Quoenim
2660 1530 2953 1601 pretiosius
2969 1535 3053 1584 est
3067 1529 3118 1583 id
3133 1525 3278 1597 quod
3298 1522 3467 1579 credi—

1887 1639 2031 1687 mus,
2069 1638 2134 1679 eo
2174 1620 2346 1693 magis
2387 1632 2623 1687 amatur,
2665 1631 2718 1677 et
2757 1636 2868 1692 quo
2909 1619 3084 1691 magis
3129 1623 3369 1681 amatur,
3398 1628 3467 1668 eo

1886 1716 2058 1787 magis
2080 1716 2240 1772 timet
2285 1719 2334 1774 is
2372 1716 2464 1788 qui
2503 1722 2672 1778 amat,
2717 1729 2784 1768 ne
2827 1713 2921 1766 illo
2949 1709 3187 1774 excidat,
3221 1702 3467 1778 qmndiu

1885 1807 1962 1866 illi
1995 1822 2094 1878 pro
2121 1822 2208 1873 eo,
2235 1807 2382 1880 quod
2421 1814 2588 1871 amat,
2621 1803 3012 1860 decertandum
3048 1808 3152 1857 est.
3186 1797 3256 1853 At
3283 1806 3468 1852 certa-

1887 1902 2036 1956 mine
2075 1901 2293 1965 soluto,
2327 1900 2492 1956 simul
2525 1897 2761 1953 solvitur
2798 1904 2852 1949 et
2884 1894 3068 1958 timor,
3105 1906 3176 1944 ne
3205 1906 3292 1955 eo,
3321 1887 3467 1958 quod

1888 1997 2160 2056 amamus”,
2191 1991 2531 2047 excidamus.
2563 1989 2834 2055 Quocirca
2867 1985 2934 2039 ad
2967 1985 3021 2038 id
3050 1998 3225 2052 usque
3251 1988 3468 2050 tempus

1889 2086 2054 2140 timor
2095 2081 2203 2138 Dei.
2228 2080 2571 2138 necessarius
2604 2086 2722 2146 est;
2769 2092 2878 2132 non
2918 2075 3065 2131 enim
3101 2072 3245 2128 sicut
3281 2069 3467 2124 odium

1887 2177 2068 2232 abolet
2094 2175 2416 2229 charitatem
2435 2172 2574 2244 (ﬁeri
2601 2171 2746 2225 enim
2771 2186 2880 2223 non
2904 2185 2953 2238 p4
2975 2175 3104 2232 test,
3124 2173 3184 2220 ut
3212 2163 3469 2221 eumdem

1887 2276 1943 2325 et
1959 2282 2206 2322 amemus
2231 2275 2284 2320 et
2314 2263 2635 2334 oderimus),
2665 2260 2744 2318 sic
2776 2263 3021 2317 etiamet
3051 2262 3237 2314 timor.
3265 2255 3471 2312 Possu-

1889 2376 2014 2416 mus
2038 2359 2181 2414 enim
2210 2343 2677 2422 eumdemamare
2702 2364 2755 2411 et
2779 2364 3045 2411 metuere.

1963 2516 2241 2584 QUAEST.
2293 2514 2480 2571 XCIX.
2520 2514 2578 2572 Si
2624 2513 2944 2569 animalium
3003 2511 3234 2566 rationis
3279 2523 3475 2578 exper-

1892 2609 2029 2663 tium
2067 2608 2334 2663 sacriﬁcia
2369 2608 2513 2664 Deus
2563 2607 2617 2660 in
2654 2608 2771 2676 lege
2802 2605 2918 2660 ﬁeri
2960 2604 3241 2675 praecepit,
3284 2611 3343 2655 ut
3385 2600 3473 2656 his

1892 2702 2142 2757 homines
2166 2716 2326 2756 suum
2355 2703 2507 2754 illum
2538 2699 2754 2755 colendi
2791 2699 3032 2752 studium
3063 2696 3470 2765 signiﬁcarent:

1893 2793 2170 2866 quomodo
2219 2793 2396 2848 Graeci
2434 2793 2506 2848 ob
2562 2790 2875 2845 immolatos
2917 2788 3166 2842 homines
3221 2785 3476 2840 maxima

1895 2895 2203 2959 arguuntur
2247 2887 2545 2957 impietatis
2581 2903 2594 2939 :
2631 2883 2776 2953 quod
2825 2881 3048 2951 quidem
3090 2881 3346 2949 antiquos
3396 2876 3475 2931 fe-

1895 2978 2040 3034 cisse
2068 2977 2278 3040 dicunt,
2311 2984 2370 3030 ut
2398 2975 2521 3045 plus
2554 2974 2779 3029 honoris
2803 2979 3027 3041 opmato
3061 2970 3205 3040 apud
3235 2983 3329 3024 eos
3362 2967 3475 3023 Deo

1897 3071 2186 3133 haberent,
2238 3069 2368 3124 dum
2424 3067 2577 3122 illum
2625 3067 2839 3120 ratione
2880 3063 3149 3118 utentium
3201 3059 3476 3117 sacriﬁcio

1897 3164 2104 3218 colunt.
2134 3160 2351 3226 Quanto
2386 3159 2530 3214 esim
2569 3157 2622 3212 id
2650 3155 2797 3227 quod
2830 3154 3041 3210 ratione
3075 3152 3359 3223 praeditum
3390 3157 3478 3206 est

1899 3253 2134 3309 rationis
2165 3259 2389 3323 experte
2411 3255 2654 3322 praestat,
2697 3256 2852 3302 tanto
2887 3245 3054 3316 hujus
3099 3245 3317 3298 victima
3347 3258 3475 3313 pre-

1901 3346 2116 3408 tiosior,
2151 3359 2314 3414 quam
2349 3343 2514 3396 illius.
2555 3339 2731 3410 Atque
2755 3338 2810 3393 id
2841 3339 3044 3392 clarius
3070 3335 3479 3392 demonstratur

1898 3453 1962 3494 ex
2001 3438 2106 3500 his,
2141 3453 2262 3506 qua:
2301 3435 2509 3506 Jephtze
2549 3441 2869 3494 evenerunt,
2911 3431 3004 3500 qui
3050 3446 3172 3484 cum
3203 3428 3476 3498 propriam

1900 3530 2064 3582 ﬁliam
2106 3527 2366 3582 obtulerit
2394 3527 2697 3590 victimam,
2746 3525 2802 3578 in
2835 3522 3080 3592 Epistula
3113 3521 3178 3576 ad
3217 3519 3474 3575 Hebraaos

1899 3622 1966 3676 ah
1998 3619 2323 3692 Apostolo"
2350 3619 2492 3673 inter
2524 3617 2644 3688 pius
2673 3623 3011 3672 recensetur.
3058 3637 3066 3644 ο

1967 3799 2166 3855 RESP.
2203 3802 2262 3856 in
2299 3802 2480 3856 oblata
2525 3799 2636 3856 Deo
2673 3769 2978 3855 secundum
3032 3799 3204 3869 legem
3256 3798 3476 3853 victima

1899 3911 2007 3950 non
2045 3895 2180 3950 illud
2211 3895 2672 3950 considerandum
2706 3902 2812 3959 est,
2849 3892 3171 3961 sanguinem
3198 3907 3320 3946 esse
3357 3890 3479 3944 ani-

1898 3987 2124 4039 malium
2156 3987 2387 4042 rationis
2419 3991 2749 4056 expertium,
2785 3985 2882 4039 sed
2917 3985 3192 4054 quomodo
3220 3999 3339 4038 eam
3373 3984 3476 4038 sibi

1898 4079 2138 4133 oblatam
2169 4079 2311 4134 Deus
2351 4080 2676 4148 susceperit.
2709 4079 2844 4132 Nam
2878 4078 2923 4132 si
2971 4077 3214 4131 oblatum
3255 4077 3478 4146 sangui-

1899 4188 2022 4227 nem
2071 4170 2390 4226 animalium
2445 4172 2677 4226 rationis
2719 4172 3029 4241 expertium
3087 4172 3164 4224 ita
3208 4172 3474 4240 suscepit,

1896 4264 2055 4334 quasi
2100 4265 2148 4320 is
2181 4265 2274 4333 qui
2310 4264 2590 4327 oﬁerebat,
2636 4279 2790 4319 suam
2828 4263 3003 4333 ipsius
3048 4263 3284 4316 animam
3323 4263 3479 4317 oﬁ'er-

1896 4364 2013 4423 ret,
2063 4356 2234 4426 liquet
2287 4367 2341 4410 et
2396 4357 2631 4409 victima:
2677 4371 2742 4409 ex
2801 4354 3153 4423 suscipientis
3200 4354 3482 4413 voluntate

1897 4451 2232 4521 pratcipuum
2278 4448 2509 4519 pretium
2571 4448 2876 4502 accessisse
2903 4456 2956 4501 ct
3002 4446 3113 4500 Deo
3142 4447 3478 4515 prazcipuum

1897 4543 2176 4596 honorem.
2197 4539 2356 4612 48],
2385 4539 2539 4605 Quod
2564 4547 2744 4592 autem
2777 4539 2846 4601 is,
2880 4537 2975 4607 qui
3006 4537 3329 4604 sanguinem
3358 4537 3476 4589 ani-

213 4646 412 4718 ψυχὴν,
440 4645 612 4708 οὕτως
641 4644 945 4717 προσέφερε
972 4644 1050 4715 τῷ
1077 4643 1196 4714 Θεῷ
1225 4647 1254 4696 6
1281 4643 1342 4695 τὸ
1371 4638 1509 4714 αἷμα
1535 4644 1645 4697 τῶν
1674 4645 1791 4697 ἀλό-

1899 4634 2121 4687 malium
2150 4631 2380 4684 rationis
2412 4630 2714 4700 expertium
2757 4628 2867 4682 Deo
2907 4627 3187 4690 oﬁcrebat,
3229 4628 3379 4688 illum
3419 4635 3480 4680 ut

213 4755 329 4807 γων
357 4736 746 4809 προσενέγκας,
783 4739 1044 4808 μαρτυρεῖ
1071 4738 1104 4808 ὴ
1156 4735 1278 4789 θεία
1307 4735 1497 4806 Γραφὴ
1526 4736 1758 4805 λέγουσα
1777 4753 1791 4766 ο

228 4830 378 4885 Ἆντὶ
425 4829 536 4898 τῆς
578 4827 806 4898 ψυχῆς,
865 4828 1019 4898 φησὶ,
1067 4826 1186 4881 τῶν
1221 4828 1707 4896 προσφερόντων,
1730 4828 1794 4881 τὸ

215 4919 359 4993 αἷμα
387 4921 503 4975 τῶν
528 4920 750 4978 θυσιῶν
777 4919 973 4974 αὐτῶν
996 4919 1390 4988 προσφέρεται
1413 4923 1499 4985 εἰς
1528 4921 1598 4973 τὰ
1625 4921 1797 4988 ’Ἅγια

217 5016 338 5070 τῶν
361 5015 562 5085 ἁγίων.
596 5015 685 5086 Μὴ
722 5010 814 5067 οῦν
860 5014 967 5066 ἀπὸ
994 5014 1094 5082 τῆς
1135 5013 1348 5082 φύσεως
1389 5012 1482 5064 τοῦ
1521 5029 1796 5083 προσαγο-

219 5109 407 5180 μένου,
452 5107 564 5160 ἀλλ’
609 5107 716 5160 ἀπὸ
760 5106 860 5175 τῆς
898 5106 1190 5165 διαθέσεως
1237 5106 1329 5158 τοῦ
1361 5106 1797 5177 προσδεχομένου

219 5201 434 5273 κριτέον
454 5201 551 5271 τῆς
583 5199 770 5263 θυσίας
790 5199 887 5270 τὴν
915 5199 1087 5265 τάξιν,
1103 5199 1196 5252 καὶ
1220 5197 1314 5251 τοῦ
1348 5198 1482 5252 Θεοῦ
1504 5200 1603 5270 τὴν
1632 5199 1798 5269 τιμὴν

217 5291 314 5345 τοῦ
344 5291 429 5344 διὰ
458 5291 520 5344 τὸ
552 5291 823 5360 φείδεσθαι
857 5290 949 5343 τοῦ
992 5291 1180 5357 γένους
1211 5289 1317 5342 τῶν
1365 5287 1688 5359 ἀνθρώπων,
1725 5287 1799 5358 μὴ

222 5383 577 5454 βουληθέντος
615 5382 886 5435 ἀναλῶσαι
933 5381 1057 5443 τοὺς
1111 5379 1428 5452 ἀνθρώπους
1487 5381 1565 5443 είς
1608 5378 1798 5460 θυσίαν

218 5477 342 5531 καθ’
371 5476 583 5546 ἡμέραν
612 5474 1070 5545 προσαγομένους,
1117 5474 1210 5527 καὶ
1249 5472 1507 5542 ἀφανίσαι
1536 5471 1598 5524 τὸ
1623 5471 1798 5540 γένος,

297 5595 342 5625 ⁸³
376 5592 565 5647 Matth.
598 5609 652 5656 χ,
676 5591 766 5645 28.
843 5594 887 5623 ’⁸⁵
919 5591 1082 5647 llebr.
1108 5607 1186 5655 xi,
1223 5590 1310 5645 52.

299 5713 409 5782 (ιε)
445 5712 553 5766 Τοῦ
570 5712 707 5782 παρ’
735 5711 953 5776 αὐτοῖς.
998 5710 1124 5780 Leg.
1166 5709 1256 5762 τὸν
1283 5707 1632 5780 νομιζόμενον
1663 5707 1820 5772 Θεόν,

229 5793 286 5840 et
311 5781 433 5838 dele
465 5781 730 5852 μείζονος.

302 5854 409 5913 (49)
437 5851 709 5908 Σκοπεῖν.
739 5851 864 5916 Leg.
897 5851 956 5904 οὐ
985 5852 1064 5904 δεῖ
1100 5851 1338 5905 σκοπεῖν.

1386 5592 1434 5627 ’⁸
1465 5589 1594 5645 Lev.
1623 5605 1758 5654 xvu,
1797 5589 1883 5642 Η.

1902 4736 2058 4779 suam
2101 4721 2273 4791 ipsius
2323 4722 2557 4776 animam
2607 4719 2908 4784 oﬁ‘erebat,
2955 4719 3005 4773 id
3052 4726 3284 4772 testatur
3329 4715 3473 4770 Scri-

1903 4827 2099 4888 ptura,
2134 4819 2262 4872 dum
2304 4817 2380 4870 ait
2422 4835 2434 4870 :
2486 4815 2595 4870 Pro
2635 4817 2816 4868 anima
2855 4831 3056 4878 eorum,
3097 4814 3186 4883 qui
3227 4814 3475 4880 o/ferum,

1899 4914 2115 4982 sanguis
2151 4911 2368 4964 illarum
2411 4911 2738 4964 victimarum
2775 4911 2994 4977 o/fertur
3025 4909 3080 4960 in
3127 4907 3322 4960 Sancta
3351 4924 3477 4959 san-

1901 5007 2192 5061 clarum".
2240 5005 2360 5060 Non
2389 5009 2556 5075 igitur
2585 5021 2650 5060 ex
2690 5005 2767 5059 rei
2809 5006 3004 5058 oblata:
3041 5010 3256 5066 natura,
3292 5003 3384 5057 sed
3409 5018 3476 5054 ex

1901 5097 2258 5167 suscipientis
2290 5096 2524 5151 consilio
2547 5105 2599 5150 et
2635 5095 2868 5149 victinue
2900 5093 3140 5164 dignitas
3169 5102 3222 5146 et
3258 5091 3350 5145 Dei
3379 5092 3477 5145 ho-

1901 5205 2002 5245 nor
2027 5188 2434 5255 diiudicandus,
2468 5188 2559 5258 qui
2587 5189 2714 5255 quia
2751 5187 3033 5240 hominum
3063 5184 3250 5255 generi
3285 5197 3475 5252 parre-

1903 5284 2016 5344 bat,
2043 5283 2294 5339 homines
2331 5281 2579 5353 quotidie
2621 5283 2675 5335 in
2719 5280 3052 5336 sacriﬁcium
3100 5278 3313 5331 oblatos
3342 5291 3476 5329 eon-

1905 5390 2143 5440 sumere,
2187 5382 2240 5428 et
2283 5389 2454 5443 genus
2495 5372 2711 5426 abolere
2763 5371 2958 5435 noluit,
3015 5369 3108 5423 sed
3159 5367 3474 5422 hominibus

1906 5466 2126 5538 quidem
2172 5474 2229 5520 ut
2270 5473 2574 5521 crescerent
2619 5472 2674 5519 ct
2708 5469 3109 5533 permanerent,
3154 5476 3340 5516 eorum
3376 5474 3474 5512 au-

1974 5701 2083 5777 (δυ)
2121 5700 2238 5767 Τὴν
2265 5700 2480 5777 ἑαυτοῦ
2502 5697 2731 5777 ⁴ξόὐχῄν.
2768 5693 2894 5766 Leg.
2942 5695 3016 5777 ᾡς
3071 5696 3122 5747 εἰ
3144 5693 3245 5777 τῂν
3279 5686 3475 5777 ἑαυτοῦ

1903 5763 2080 5852 ψυγην
2107 5763 2531 5852 πιροσῄνεγκεινδ
2563 5763 2720 5852 τοῦτο
2758 5763 3098 5852 προσφέρων·
3144 5763 3295 5834 δῆλον
3327 5763 3408 5815 ὅτι
3439 5763 3474 5831 ἠ

1909 5835 2012 5914 μὲν
2035 5835 2192 5896 θυσία
2213 5835 2309 5913 τήν
2349 5835 2570 5912 πρώτην
2597 5839 2749 5904 τάξιν
2783 5835 2989 5890 ἐλαϐεν.
