4146 6430
679 356 704 411 1
715 357 818 411 545

1419 354 1780 410 ΑΡΡΕΝΒΙΧ.
1820 385 1893 397 —-
1926 353 2108 410 PARS
2149 354 2190 410 ῐ.
2233 353 2290 409 S.
2330 350 2595 410 JUSTINI
2635 349 2864 408 OPERA
2905 344 3172 408 SPURIA.

3795 348 3939 405 l5“

586 457 598 467 ⁵
678 485 786 529 tem
804 473 1068 539 wictinils,
1096 480 1155 527 ut
1177 473 1469 527 maximum
1497 475 1728 544 pretium
1755 473 2085 535 obtinerent,
2114 488 2243 529 con-

2356 469 2476 522 ὶλλά
2491 469 2776 532 δεδωκότος
2793 470 2903 530 τοῖς
2925 466 3020 537 μὲν
3036 464 3338 538 ἀνθρώποις
3351 465 3677 533 αὐξάνεσθαί
3690 482 3747 519 τε
3763 465 3861 518 καὶ
3878 465 3939 519 τὺ

681 566 868 622 cessit.
927 565 1072 620 Culti
1118 576 1296 618 autem
1339 565 1482 633 apud
1527 565 1744 619 Graecos
1781 563 1878 627 dii,
1917 573 2108 634 utpote
2137 565 2245 620 da:-

681 671 869 710 mones
906 653 1138 724 improbi
1171 655 1481 709 hominibus
1517 654 1736 717 infensi,
1772 655 2008 709 victimis
2041 657 2245 726 gaude-

679 748 850 811 bant,
901 763 1022 816 qua:
1067 762 1238 817 genus
1291 747 1589 801 humanum
1636 749 1884 804 minuere
1923 756 1979 804 et
2029 750 2247 804 abolere

680 846 933 907 poterant
967 858 978 892 :
1011 839 1152 908 quod
1181 839 1398 908 quidem
1433 841 1727 894 maximum
1759 848 2139 911 argumentum
2163 849 2249 896 est

679 938 735 986 et
771 930 1004 986 efferata:
1040 932 1288 996 deorum,
1321 932 1414 1002 qui
1462 933 1603 1001 apud
1645 931 1862 988 Graacos
1904 933 2248 1000 colebantur,

683 1022 1098 1077 inhunianitatis
1128 1031 1180 1077 et
1211 1023 1523 1079 Graecorum
1553 1027 1871 1096 impietatis,
1911 1027 2002 1096 qui
2032 1027 2249 1092 generis

683 1115 903 1169 humani
926 1116 1219 1171 abolitione
1251 1117 1536 1189 prolixius,
1569 1127 1628 1170 ut
1655 1119 1928 1181 dictitant,
1956 1120 2039 1174 vel
2065 1121 2251 1188 potius

680 1207 1000 1275 turpissime
1032 1207 1166 1276 deos
1195 1223 1324 1263 suos
1353 1209 1538 1264 colere
1585 1208 1967 1264 instituebant.
2007 1209 2120 1265 Cur
2144 1226 2248 1264 au-

680 1296 1006 1366 tem'Jephte
1043 1299 1183 1351 inter
1217 1300 1334 1367 pios
1367 1310 1687 1355 numeratus
1717 1302 1810 1366 sit,
1852 1300 1905 1354 id
1945 1315 2126 1355 causa:
2151 1316 2252 1355 ex-

679 1389 818 1442 stitit
851 1388 1120 1443 :Pctierat
1159 1387 1352 1457 Jephte
1389 1391 1674 1444 victoriam
1717 1407 1782 1446 ex
1825 1392 2095 1458 inimicis;
2141 1407 2250 1462 qua

679 1481 988 1549 impetrata,
1029 1491 1211 1536 votum
1247 1482 1390 1551 grati
1431 1485 1594 1537 animi
1636 1499 1803 1540 causa
1847 1485 2126 1540 indefinite
2154 1501 2252 1541 vo-

677 1573 776 1634 vit,
818 1575 1078 1627 nimirum
1118 1577 1261 1644 quod
1319 1577 1424 1631 sibi
1475 1594 1505 1632 e
1555 1577 1719 1632 domo
1756 1594 1856 1633 sua
1901 1580 2156 1648 prodiens
2184 1594 2250 1633 ex

677 1665 820 1720 bello
849 1683 970 1721 cum
1001 1669 1243 1724 victoriae
1265 1669 1574 1739 insignibus
1600 1671 1892 1724 revertenti
1922 1672 2136 1724 obviam
2166 1686 2252 1726 ve-

680 1757 872 1822 nisset,
904 1757 954 1810 id
986 1773 1045 1812 se
1071 1760 1346 1813 victimam
1375 1759 1709 1817 oblaturum.
1730 1761 2024 1834 _Arripiens
2066 1771 2245 1818 autem

2345 561 2636 630 διαμένειν,
2656 562 2771 622 ταῖς
2792 559 2847 611 δὲ
2867 559 3075 622 θυσίαις
3104 559 3281 612 αὐτῶν
3323 558 3420 630 τὴν
3455 559 3718 630 μεγίστην
3754 557 3934 622 τάξιν.

2346 655 2406 705 Οἱ
2436 653 2491 705 δὲ
2524 655 2648 722 παρ’
2669 651 2892 720 Ἕλλησι
2923 650 3343 722 θρησκευόμενοι
3372 652 3501 717 θεοὶ,
3545 651 3639 705 ἀτε
3677 651 3938 722 δαίμονες

2345 746 2496 809 ὅντες
2540 745 2765 815 πονηροί
2808 761 2866 794 τε
2899 744 2992 795 καὶ
3037 742 3430 814 μισάνθρωποι,
3460 742 3672 805 θυσίαις
3711 742 3935 813 ἔχαιρον

2351 839 2664 907 μειωτικαίς
2688 853 2746 888 τε
2767 836 2861 888 καὶ
2877 836 3254 903 ἀφανιστικαϊς
3268 834 3360 886 τοῦ
3374 835 3564 902 γένους
3580 834 3689 886 τῶν
3721 831 3938 904 ἀνθ

2347 945 2482 981 πωνο
2513 928 2650 996 ὅπερ
2665 928 2780 979 ἐστὶ
2806 926 3000 995 δεῖγμα
3021 925 3272 994 μέγιστον
3308 924 3409 994 τῆς
3432 925 3530 995 μὲν
3557 925 3665 978 τῶν
3691 923 3936 993 Ἐλληνιο

2352 1019 2464 1072 κῶν
2479 1019 2615 1071 θεῶν
2631 1019 2696 1089 θη
2706 1017 2924 1089 ριώδους
2937 1016 3349 1087 ἀπανθρωπίας,
3361 1017 3460 1088 τῆς
3473 1016 3526 1069 δὲ
3540 1017 3646 1070 τῶν
3663 1016 3935 1087 Ἐλλήνων

2348 1110 2655 1181 ἀθεότητος,
2683 1107 2762 1180 τῷ
2803 1108 3092 1179 ἀφανισμῷ
3121 1107 3214 1161 τοῦ
3245 1109 3432 1177 γένους
3451 1108 3557 1161 τῶν
3601 1106 3933 1180 ἀνθρώπων,

2355 1204 2635 1275 μειζόνως,
2668 1203 2744 1266 ὦς
2777 1219 2933 1272 φασι,
2953 1202 3151 1272 μᾶλλον
3171 1200 3226 1254 δὲ
3252 1201 3544 1271 αἰσχίστως
3573 1200 3936 1271 πειρωμένων

2349 1300 2516 1368 τιμᾷν
2538 1297 2663 1359 τοὺς
2691 1296 2898 1368 ἑαυτῶν
2919 1295 3091 1357 θεούς.
3117 1295 3273 1348 Aleia
3299 1294 3356 1347 δὲ
3386 1294 3452 1347 δι’
3480 1296 3544 1364 ην
3563 1297 3592 1347 6
3632 1294 3844 1362 Ἰεφθάε
3878 1295 3938 1346 έν

2350 1364 2430 1456 τῷ
2461 1364 2768 1456 ⁷καταλόγῳ
2794 1364 2901 1439 τῶν
2949 1383 3182 1438 εὐσεϐῶν
3209 1384 3515 1457 ἠριθμήθη,
3563 1385 3711 1438 ἔστιν
3754 1384 3897 1455 αὕτη
3918 1401 3932 1414 ·

2363 1479 2631 1549 ᾘτήσατο
2665 1480 2694 1532 6
2753 1478 2957 1548 Ἰεφθάε
2999 1476 3153 1548 νίκην
3197 1478 3339 1531 κατά
3371 1477 3477 1530 τῶν
3516 1476 3757 1548 ὲχθρῶνο
3792 1477 3937 1547 ὑπὲρ

2349 1569 2410 1623 δὲ
2454 1568 2658 1639 ταύτης
2696 1568 2798 1638 τῆς
2829 1569 2985 1642 νίκης
3019 1569 3404 1642 εὐχαριστικὴν
3454 1569 3617 1640 εὐχὴν
3661 1569 3938 1639 ἀορίστως

2347 1661 2569 1733 ηὔξατο,
2610 1661 2673 1715 τὸ
2705 1665 3072 1734 προσαγαγεῖν
3109 1663 3189 1726 εις
3229 1661 3419 1716 θυσίαν
3443 1661 3504 1713 τὸ
3531 1662 3595 1712 ὲκ
3640 1659 3738 1712 τοῦ
3781 1659 3935 1712 οἴκου

2351 1753 2517 1807 αὐτοῦ
2547 1754 2897 1825 ὲξερχόμενον
2929 1755 3009 1818 εἰς
3034 1755 3336 1826 ἀπάντησιν
3364 1751 3530 1822 αὐτῷ,
3561 1753 3626 1804 ὲκ
3652 1750 3749 1803 τοῦ
3772 1750 3936 1803 πολέ-

679 1846 929 1900 diabolus
964 1846 1305 1903 indefinitum
1335 1849 1468 1904 illud
1500 1859 1708 1915 votum,
1749 1851 1876 1907 inde
1903 1853 2249 1908 machinatur

2356 1863 2454 1917 μου
2485 1845 2831 1918 τροπαιούχῳ
2867 1846 3307 1918 ἐπανερχομένῳ.
3357 1844 3656 1914 Δεξάμενος
3686 1842 3747 1896 δὲ
3769 1845 3796 1897 6
3819 1841 3938 1894 διά-

676 1934 884 2006 Jeplitae
931 1939 1205 2008 laqueum,
1251 1947 1310 1992 ut
1362 1955 1486 1994 eum
1535 1942 1971 2012 transgressione
2014 1943 2244 2001 irretiat.

677 2029 859 2100 Adigit
898 2032 1060 2083 filiam
1104 2031 1244 2099 ejus,
1281 2047 1403 2102 qum
1447 2033 1609 2086 unica
1647 2042 1803 2096 erat,
1849 2035 2064 2088 obviam
2106 2037 2248 2105 patri

677 2138 803 2177 cum
838 2124 1048 2177 cithara
1075 2125 1237 2178 domo
1279 2127 1516 2193 prodire,
1555 2134 1611 2177 ut
1655 2125 1775 2181 filiae
1803 2141 2036 2196 parcens
2056 2126 2249 2197 Iephte

678 2218 863 2263 votum
897 2212 1100 2266 violare
1122 2220 1367 2281 cogatur.
1418 2213 1525 2268 Sed
1569 2222 1774 2280 tamen,
1817 2219 2014 2286 laqueo
2043 2221 2244 2289 posito,

679 2303 928 2357 diabolus
957 2312 1152 2358 venatu
1186 2319 1294 2358 non
1320 2313 1404 2360 est
1432 2307 1656 2379 potitus,
1690 2309 1819 2377 quia
1857 2311 2123 2378 potiorem
2151 2313 2250 2365 ha-

678 2395 795 2449 buit
817 2393 1008 2464 Jephle
1035 2397 1362 2450 solutionem
1392 2398 1521 2462 voti,
1551 2414 1712 2474 quam
1745 2400 1908 2455 vitam
1954 2401 2094 2458 filiae.
2128 2402 2253 2458 Pcr-

678 2486 830 2540 misit
861 2495 1038 2540 autem
1086 2487 1228 2541 Deus
1248 2528 1262 2549 ,
1289 2495 1347 2541 ut
1377 2488 1490 2542 hzcc
1531 2491 1585 2543 in
1615 2490 1848 2545 victima:
1881 2493 2001 2546 loco
2029 2492 2250 2548 offerre-

679 2589 788 2641 tur,
823 2595 928 2632 non
961 2579 1105 2648 quod
1136 2580 1417 2650 sanguinis
1461 2581 1687 2638 humani
1716 2583 1983 2640 effusione
2010 2584 2252 2640 delecta-

680 2679 853 2736 retur,
889 2672 984 2727 sed
1033 2681 1091 2726 ut
1132 2682 1392 2729 venturos
1436 2675 1692 2746 deinceps
1739 2677 1991 2731 homines
2031 2678 2252 2733 doceret

679 2780 959 2835 nunquam
1005 2765 1115 2820 Deo
1170 2767 1448 2823 indefinite
1485 2785 1698 2823 vovere.
1748 2769 1926 2823 Multa»
1954 2771 2097 2824 enim
2149 2771 2250 2824 ab-

680 2857 846 2913 surda
885 2858 939 2912 in
980 2858 1262 2913 indefinito
1291 2859 1560 2928 ejusmodi
1590 2867 1716 2914 voto
1752 2863 2094 2916 occurrentia
2123 2862 2252 2916 reli-

677 2950 892 3019 gionem
933 2951 1229 3016 incutient;
1269 2965 1390 3020 quae
1421 2951 1642 3030 quidem
1672 2956 1731 3004 ut
1767 2959 2039 3007 averteret
2083 2951 2249 3018 Deus,

679 3041 931 3109 permisit
963 3049 1020 3094 ut
1053 3041 1274 3095 victima
1311 3041 1464 3096 fieret
1487 3042 1695 3111 Jephta:
1729 3043 1870 3109 filia;
1899 3045 2042 3114 quod
2074 3045 2252 3114 primo

2352 1938 2506 2003 ϐολος
2543 1938 2605 1992 τὸ
2634 1939 2882 2009 ἀόριστον
2920 1938 3022 2008 τῆς
3066 1939 3250 2008 εὐχῆς,
3313 1938 3624 2007 ἐμηχανᾶτο
3660 1935 3720 1999 ἐξ
3763 1931 3934 1988 αὐτοῦ

2351 2029 2522 2083 θεῖναι
2548 2030 2627 2101 τῷ
2661 2031 2866 2100 Ἰεφθάε
2897 2031 3097 2100 παγίδα
3128 2029 3516 2100 παραϐάσεως,
3543 2030 3637 2083 καὶ
3669 2031 3812 2082 κινεῖ
3833 2028 3935 2100 τὴν

2351 2123 2624 2195 θυγατέρα
2641 2123 2825 2188 αὑτοῦ,
2859 2123 3116 2194 μονογενῆ
3146 2119 3331 2186 οὖσαν,
3353 2123 3492 2192 μετά
3518 2119 3754 2192 κιθάρας
3784 2118 3936 2185 ἐξελ-

2353 2213 2464 2267 θεῖν
2498 2216 2562 2267 ὲκ
2605 2213 2699 2267 τοῦ
2728 2213 2877 2267 οἴκου
2910 2217 2988 2278 εἰς
3022 2215 3343 2284 συνάντησιν
3376 2215 3546 2286 αὐτῷ,
3593 2216 3701 2280 ἵνα,
3739 2231 3936 2284 φεισα-

2354 2307 2628 2377 μένουτοῦ
2669 2306 2877 2374 Ἰεφθάε
2934 2307 3034 2377 τῆς
3078 2306 3364 2380 θυγατρὸς,
3423 2306 3742 2378 ἀναγκασθῇ
3775 2307 3939 2377 ποιή-

2354 2398 2552 2452 σασθαι
2580 2398 2677 2468 τῆς
2710 2399 2874 2468 εὐχῆς
2900 2397 2996 2469 τὴν
3039 2399 3314 2470 ἀθέτησιν.
3381 2399 3516 2451 Ἀλλ’
3551 2399 3702 2468 ὅμως
3731 2397 3939 2466 παγίδα

2354 2489 2466 2554 θεὶς
2493 2491 2801 2559 όδιάϐολος,
2833 2492 2932 2545 τοῦ
2969 2492 3282 2563 θηράματος
3327 2493 3426 2544 οὐκ
3460 2491 3638 2562 ἔτυχε,
3673 2508 3943 2562 προτιμο-

2351 2585 2515 2658 τέραν
2536 2586 2886 2657 ἡγησαμένου
2911 2584 3005 2637 τοῦ
3032 2584 3236 2653 Ἰεφθάε
3258 2583 3358 2652 τῆς
3386 2582 3530 2654 ζωῆς
3545 2583 3645 2654 τῆς
3665 2582 3942 2654 θυγατρὸς

2351 2679 2451 2750 τὴν
2480 2679 2734 2732 ἀπόδοσιν
2765 2679 2864 2746 τῆς
2897 2677 3078 2748 εὐχῆς.
3114 2674 3464 2747 Συνεχώρησε
3493 2674 3550 2727 δὲ
3579 2676 3607 2727 6
3638 2673 3774 2736 Θεὸς
3800 2689 3943 2745 προ-

2354 2772 2671 2842 σενεχθῆναι
2694 2771 2862 2842 αὐτὴν
2895 2772 2975 2832 εἰς
3015 2769 3224 2833 θυσίαν,
3255 2769 3353 2837 οὑχ
3381 2767 3456 2830 ὼς
3484 2764 3828 2836 ἀνθρωπίνου
3857 2765 3944 2819 ατ-

2357 2882 2524 2935 ματος
2557 2863 2801 2936 [ἐκχύσει
2850 2860 2986 2933 (51)]
3030 2860 3383 2934 τερπόμενος,
3435 2858 3571 2914 ἀλλά
3609 2858 3751 2931 πρὸς
3789 2857 3943 2912 διδα-

2356 2957 2578 3010 σκαλίαν
2631 2955 2740 3008 τῶν
2756 2955 2881 3024 ἑξῆς
2897 2951 3217 3024 ἀνθρώπων,
3246 2952 3340 3005 τοῦ
3366 2951 3634 3021 μηδέποτε
3664 2949 3944 3020 ἀορίστως

2354 3045 2610 3111 εὔξασθαι
2636 3046 2713 3116 τῷ
2740 3045 2878 3116 Θεῷ.
2925 3043 3103 3097 Πολλὰ
3130 3044 3240 3115 γάρ
3284 3044 3430 3096 ἐστιν
3462 3042 3635 3095 ἄτοπα
3666 3040 3811 3092 κατά
3836 3039 3942 3111 τὴν

678 3131 1023 3200 propositum
1050 3147 1154 3185 non
1179 3130 1299 3196 fuit,
1332 3146 1434 3185 nec
1464 3130 1594 3195 Deo,
1621 3146 1721 3186 nec
1741 3131 1969 3202 Jephtm.
1995 3131 2093 3188 sed
2124 3148 2253 3204 quo-

2356 3136 2526 3202 οὕτως
2576 3137 2828 3208 ἀόριστον
2880 3136 3047 3207 εὐχὴν
3091 3134 3537 3205 εὐλαϐησόμενα·
3597 3125 3672 3185 ὧν
3727 3131 3824 3184 τοῦ
3860 3131 3944 3202 μὴ

681 3222 973 3277 dammodo
1010 3222 1294 3276 indefinito
1345 3235 1470 3278 voto
1529 3227 1860 3296 supervenit.
1902 3227 2040 3294 Quia
2085 3229 2253 3299 igitur

2358 3231 2610 3299 γενέσθαι
2639 3231 2668 3282 6
2696 3229 2827 3292 Θεὸς
2855 3227 3317 3300 προνοησάμενος,
3359 3225 3701 3297 συνεχώρησε
3749 3224 3944 3278 θυσίαν

680 3310 873 3383 Iephte
901 3315 1120 3382 pietatis
1156 3315 1210 3368 in
1241 3313 1432 3377 Deum,
1467 3317 1587 3371 filia:
1614 3318 2004 3385 immolatione,
2031 3335 2256 3375 servan-

681 3405 956 3460 tissinium
985 3422 1045 3461 se
1075 3407 1350 3474 praestitit,
1383 3418 1668 3478 propterea
1697 3410 1842 3463 illius
1879 3407 2020 3464 facta
2048 3411 2253 3466 mentio

681 3491 738 3544 in
762 3493 928 3560 justis
960 3495 1332 3550 recensendis.

2359 3321 2719 3390 γενέσθαιτοῦ
2756 3319 2963 3389 Ἰεφθάε
2995 3319 3092 3390 τὴν
3113 3318 3388 3389 θυγατέρα
3412 3335 3426 3347 ·
3457 3317 3592 3387 ὅπερ
3622 3317 3724 3369 οὐκ
3754 3310 3825 3386 ἦν
3839 3315 3945 3386 τῆς

2359 3413 2730 3483 προαιρέσεως
2773 3410 3200 3482 προηγουμένως
3239 3407 3362 3462 οὔτε
3390 3407 3483 3461 τοῦ
3525 3405 3659 3460 Θεοῦ
3689 3404 3817 3458 οὔτε
3845 3405 3941 3458 τοῦ

2370 3504 2597 3572 Ἰεφθάε,
2641 3504 2777 3558 ἀλλά
2808 3501 3150 3574 συμϐεϐηκός
3179 3517 3297 3564 πως
3327 3499 3405 3570 τῷ
3456 3499 3691 3569 ἀορίστῳ
3719 3498 3821 3568 τῆς
3853 3497 3941 3550 εὑ-

684 3585 804 3653 χῆς.
849 3586 1064 3657 Ἐπειδὴ
1091 3584 1184 3640 οὖν
1227 3587 1255 3639 6
1309 3588 1516 3657 Ἰεφθάε
1567 3589 1666 3660 τὴν
1710 3592 1790 3654 είς
1818 3591 1950 3645 Θεὸν
1981 3593 2259 3648 εὐσέϐειαν
2293 3595 2576 3663 φυλάττων
2623 3596 2711 3650 διὰ
2763 3596 2860 3668 τῆς
2915 3594 3106 3657 θυσίας
3164 3592 3262 3663 τῆς
3321 3590 3588 3663 θυγατρὸς
3627 3588 3937 3661 ἀνεδείχθη,

683 3675 771 3730 διὰ
800 3678 956 3730 τοῦτο
1009 3679 1176 3733 αὑτοῦ
1221 3679 1440 3748 γέγονεν
1497 3683 1528 3751 ή
1568 3683 1753 3754 μνήμη
1783 3684 1842 3736 ὲν
1865 3682 1942 3754 τῷ
1969 3685 2250 3756 καταλόγῳ
2283 3686 2392 3741 τῶν
2419 3686 2662 3742 δικαίων.

755 3770 1037 3838 ρυλεετ.
1079 3773 1142 3827 C.
1174 3771 1231 3827 Si
1261 3781 1320 3827 ut
1341 3783 1618 3831 constaret
1659 3793 1846 3831 verum
1869 3794 1992 3835 esse
2023 3781 2254 3848 cultum,

684 3865 779 3934 qui
809 3866 876 3918 ab
907 3865 1228 3920 orthodoxis
1269 3867 1576 3930 exhibetur,
1610 3869 2001 3924 miraculorum
2025 3872 2272 3941 gratiam"

2441 3782 2788 3836 ἘΡΩΤΗΣΙΣ
2805 3784 2882 3836 P'.
2917 3783 2981 3835 Εί
3015 3779 3149 3851 πρὸς
3181 3779 3436 3833 σύστασιν
3463 3775 3557 3830 τοῦ
3601 3775 3775 3847 ἀληθῆ
3798 3770 3939 3828 εἶναι

2357 3874 2456 3948 τὴν
2490 3873 2641 3945 παρὰ
2686 3874 2795 3928 τῶν
2851 3872 3146 3944 ὁρθοδόξων
3199 3870 3495 3941 γενομένην
3520 3868 3783 3938 λατρείαν
3838 3866 3939 3937 τὴν

684 3971 878 4012 eorum
914 3956 1177 4013 Ecclesiis
1218 3959 1286 4013 ab
1327 3959 1488 4013 initio
1519 3957 1781 4016 Dominus
1820 3964 2128 4021 concessit:
2163 3981 2253 4020 cur

2357 3967 2464 4020 τῶν
2524 3964 2814 4035 θαυμάτων
2864 3965 3023 4036 χάριν
3069 3965 3128 4016 ὲν
3187 3964 3305 4025 ταῖς
3351 3960 3527 4013 αὐτῶν
3591 3958 3937 4029 Ἐκκλησίαις

685 4057 977 4120 postquam
1031 4049 1129 4106 has
1189 4049 1484 4114 Ecclesias,
1541 4061 1808 4123 occupato
1862 4054 1932 4127 ab
1994 4054 2253 4114 haareticis

2359 4061 2480 4111 κατ’
2511 4057 2684 4128 ἀρχάς
2715 4059 2743 4110 ὁ
2771 4057 3044 4126 Δεσπότης
3081 4052 3396 4125 δεδώρηται,
3428 4052 3514 4106 διά
3544 4051 3614 4114 τί,
3658 4052 3821 4122 ἡνίκα
3851 4053 3938 4105 αἱ-

685 4144 859 4208 cultu,
888 4145 1173 4214 orthodoxi
1211 4145 1570 4214 reliquerunt,
1600 4161 1708 4200 non
1729 4147 1890 4201 simul
1913 4162 2036 4201 cum
2068 4148 2258 4203 ortho-

685 4235 846 4290 doxis
886 4236 1049 4290 etiam
1080 4236 1263 4291 divina
1291 4237 1360 4291 ab
1391 4237 1650 4292 Ecclesiis
1674 4239 1817 4294 dona
1850 4239 2254 4305 abscesserunt,

687 4328 782 4382 sed
826 4330 1032 4385 erroris
1068 4329 1231 4402 682
1272 4332 1452 4386 cultus
1483 4331 1538 4385 in
1577 4329 1849 4386 Ecclesias
1879 4332 2100 4397 invasit,
2138 4349 2258 4403 qua:

685 4435 818 4476 vero
847 4436 877 4474 a
908 4420 1019 4475 Deo
1058 4421 1125 4475 ad
1159 4410 1570 4478 incrementum
1615 4430 1777 4478 rectae
1819 4423 1942 4478 fidei
1989 4439 2254 4480 concessa

688 4513 922 4578 fuerant,
950 4531 1014 4570 ea
1042 4516 1205 4570 etiam
1247 4517 1351 4572 sub
1383 4516 1650 4571 haereticis
1681 4515 1926 4572 eamdem
1961 4516 2016 4572 in
2065 4515 2257 4572 Eccle-

689 4606 786 4661 siis
809 4606 1107 4661 efﬁcaciam
1138 4606 1487 4662 habuerunt?

764 4826 872 4896 (51)
909 4829 1198 4902 Ἐκχὺσει.
1236 4827 1388 4884 lianc
1431 4845 1618 4885 vocem
1661 4831 1868 4886 addidit
1933 4829 2258 4902 Sylburgius

688 4905 749 4952 ut
769 4905 995 4970 sanaret
1025 4900 1202 4952 locum
1224 4907 1563 4970 corruptum.

758 4967 868 5035 (52)
918 4966 1041 5019 Τῶν
1093 4966 1444 5035 ὀρθοδόξωὶρ.
1505 4969 1812 5037 Legendum
1866 4987 1987 5026 esse
2038 4971 2255 5040 ὀρθόδο-

693 5036 772 5118 ξρι
819 5044 967 5116 patet
1025 5053 1090 5092 ex
1138 5040 1494 5109 sequentibus
1521 5036 1700 5095 verbis
1729 5051 1782 5095 et
1808 5057 1874 5096 ex
1900 5050 2012 5096 tota
2035 5036 2257 5096 senten-

694 5119 778 5162 ιιω
817 5123 975 5160 SCI'IC.

762 5175 872 5247 (ὥ)
908 5179 988 5230 Οὐ
1020 5177 1373 5246 συναπέστη
1421 5180 1541 5245 τοῖς
1586 5179 1935 5246 ὀρθοδόξοις.
1973 5178 2258 5234 Manifesta

690 5258 778 5304 est
828 5247 1010 5319 hujus,
1037 5247 1324 5319 scriptoris
1355 5251 1644 5312 sententia,
1675 5266 1869 5319 nempe
1921 5251 2258 5305 orthodoxos

693 5319 766 5373 ab
798 5318 1069 5388 ecclesiis,
1096 5317 1150 5369 in
1179 5319 1381 5388 quibus
1416 5317 2094 5379 ministrabanfhzeretici,
2128 5322 2257 5373 abs-

693 5387 950 5453 cessisse,
969 5403 1068 5441 nec
1100 5387 1279 5443 tamen
1308 5389 1420 5442 fieri
1440 5389 1669 5444 desiisse
1696 5391 1955 5443 miracula
1982 5393 2035 5443 in
2067 5390 2260 5444 iisdem

691 5458 960 5522 ecclesiis,
1001 5458 1144 5525 quod
1169 5459 1388 5526 quidem
1413 5457 1907 5514 Pseudo-Justinus
1935 5460 1991 5514 in
2022 5460 2265 5527 Respon-

694 5528 872 5599 sioue,
904 5543 1012 5580 non
1043 5542 1252 5590 eorum,
1279 5545 1418 5599 quos
1441 5530 1722 5583 haereticos
1749 5540 1926 5591 vocat,
1957 5539 2051 5584 aut
2075 5532 2266 5583 vivon-

694 5597 954 5670 tiunrant
990 5597 1328 5651 mortuorum
1362 5601 1614 5668 precibus
1654 5599 1798 5670 fieri,
1851 5602 1944 5655 sed
1972 5601 2259 5670 apostolis,

698 5667 976 5740 prophetis
1005 5679 1055 5720 et
1109 5667 1438 5740 martyribus
1485 5669 1831 5724 tribuendum
1884 5667 2263 5725 csse-conten-

699 5736 797 5788 dit.
849 5737 906 5789 ln
963 5753 1071 5804 quo
1101 5736 1319 5805 quidem
1380 5741 1489 5794 duo
1533 5741 1690 5793 nobis
1742 5741 2080 5794 observanda
2110 5747 2258 5794 sunt.

707 5807 777 5860 ι’.
815 5806 1157 5864 Ortbodoxos
1209 5819 1366 5864 vocat
1412 5810 1748 5881 Pelagianos,
1811 5811 2094 5865 lizcrcticos
2135 5825 2262 5865 vero

2365 4170 2506 4224 ρετι>
2519 4154 2568 4204 οὶ
2597 4152 2654 4203 ὲν
2683 4151 2869 4213 αὑταῖς
2899 4147 3311 4220 λατρεΰσαντες,
3336 4148 3427 4201 ἀπ’
3449 4145 3624 4199 αὐτῶν
3649 4144 3757 4197 τῶν
3784 4144 3940 4216 όρθο-

2363 4243 2530 4309 δόξων
2556 4242 2663 4310 (52)
2699 4242 3033 4310 ἀπέστησαν,
3087 4241 3149 4293 οὐ
3195 4240 3501 4309 συναπέστη
3551 4241 3662 4301 τοῖς
3721 4237 3936 4307 ὀρθοδό-

2365 4333 2473 4398 ξοις
2492 4334 2600 4403 (55)
2617 4333 2724 4387 ἀπὸ
2741 4332 2847 4386 τῶν
2877 4331 3211 4403 Ἐκκλησιῶν
3240 4333 3334 4384 καὶ
3360 4329 3428 4382 τὰ
3450 4330 3568 4382 θεῖα
3599 4329 3934 4400 χαρίσματα,

2360 4425 2472 4491 ἀλλ’
2489 4427 2522 4496 ή
2540 4425 2639 4496 μὲν
2669 4425 2767 4495 τῆς
2787 4423 2991 4493 πλάνης
3007 4421 3230 4495 λατρεία
3257 4425 3375 4485 ταῖς
3403 4421 3753 4491 Ἑκκλησίαις
3784 4423 3934 4473 έπει-

2365 4512 2624 4588 σέφρησε,
2659 4515 2729 4568 τά
2752 4515 2807 4568 δὲ
2840 4514 2976 4586 πρὸς
2995 4514 3092 4585 τὴν
3119 4513 3347 4585 αὔξησιν
3377 4513 3479 4582 τῆς
3505 4512 3811 4584 ὁρθοδοξίας
3830 4513 3935 4565 ὑπὸ

2359 4607 2454 4661 τοῦ
2481 4607 2617 4661 Θεοῦ
2656 4607 2968 4678 δωρηθέντα
2997 4606 3091 4660 καὶ
3135 4607 3226 4659 ἐπὶ
3253 4605 3362 4658 τῶν
3389 4605 3681 4676 αἱρετικῶν
3707 4606 3808 4677 τὴν
3836 4605 3930 4658 αὖ·

2358 4699 2457 4771 τὴν
2485 4701 2541 4752 ὲν
2560 4701 2678 4763 ταῖς
2711 4697 3050 4767 Ἐκκλησίαις
3077 4693 3220 4768 εἶχεν
3243 4697 3520 4771 ἐνέργειαν
3542 4713 3557 4764 ;

2357 4847 2474 4894 eos,
2509 4833 2599 4901 qni
2621 4832 2806 4900 'pulsis
2836 4829 3146 4899 Pelagianis
3177 4839 3584 4901 successerunt.
3618 4830 3762 4885 Nulli
3787 4833 3928 4886 enim

2356 4899 2609 4956 catholici
2638 4899 2883 4969 episcopi
2914 4901 3014 4954 hac
3047 4908 3207 4954 aetate
3252 4901 3320 4953 ab
3352 4899 3612 4957 Ecclesiis
3649 4903 3929 4956 haeretico-

2360 4988 2481 5026 rum
2503 4972 2795 5042 dominatu,
2817 4971 3095 5042 oppressis
3144 4970 3540 5042 discesserunt.
3596 4973 3664 5024 At
3695 4972 3928 5042 scriptor

2359 5045 2463 5097 iste
2493 5050 2572 5095 tot
2603 5041 2832 5095 maculis
2862 5040 3166 5108 Pelagianae
3221 5041 3445 5094 Ιιιετεείε
3483 5049 3726 5105 notatus,
3762 5040 3930 5096 haere-

2361 5115 2501 5166 ticos
2524 5126 2720 5166 vocare
2760 5129 2868 5165 non
2899 5110 3112 5179 dubitat
3134 5109 3339 5164 Christi
3368 5112 3558 5179 gratia:
3589 5111 3938 5175 defensores,

2357 5192 2412 5238 et
2435 5182 2640 5236 erroris
2663 5183 2868 5234 cultum
2926 5183 2980 5234 in
3024 5178 3302 5235 Ecclesias
3333 5178 3615 5234 inductum
3653 5197 3780 5236 esse
3819 5183 3929 5236 cla-

2361 5253 2538 5314 mitat,
2569 5253 2694 5320 quia
2719 5266 2964 5304 summus
2992 5257 3110 5320 erat
3139 5249 3463 5320 populorum
3495 5265 3620 5304 cum
3655 5252 3929 5320 episcopis

2361 5317 2683 5376 consensus.
2725 5321 2954 5375 Easdem
2995 5317 3166 5375 fuisse
3201 5318 3402 5390 Juliani
3432 5317 3709 5390 Pelagiani
3736 5317 3932 5390 quere-

2362 5394 2444 5448 las
2475 5394 2529 5445 in
2589 5392 2956 5444 admonitione
3004 5390 3130 5445 huic
3176 5389 3323 5459 operi
3373 5379 3591 5459 praefixa
3617 5379 3935 5445 observavi-

2365 5478 2508 5516 mus.
2540 5461 2616 5515 2⁸.
2653 5460 2922 5515 Discimus
2947 5477 3013 5514 ex
3043 5460 3146 5514 hoc
3174 5459 3462 5528 scriptore,
3495 5467 3637 5515 teste
3666 5460 3770 5514 hac
3801 5461 3855 5514 in
3878 5476 3935 5516 re

2364 5532 2590 5585 minime
2613 5539 2896 5600 suspecto.
2932 5531 3192 5584 miracula
3229 5531 3282 5584 in
3316 5529 3600 5600 Ecclesiis,
3634 5546 3702 5585 ex
3733 5531 3936 5599 quibus

2364 5601 2637 5669 Pelagiani
2659 5599 2903 5670 episcopi
2933 5602 3073 5668 pulsi
3100 5602 3248 5665 Sunt,
3278 5599 3422 5654 edita
3447 5599 3639 5662 fuisse,
3673 5601 3934 5670 nimirum

2366 5680 2424 5724 ut
2457 5673 2532 5724 ibi
2555 5669 2753 5725 veritas
2779 5671 3054 5724 miraculis
3087 5671 3414 5736 firmaretur,
3439 5670 3531 5725 ubi
3557 5671 3866 5740 periculum
3886 5669 3938 5725 ei

2365 5751 2682 5797 creaverant
2716 5740 2953 5796 haeretici
2979 5741 3241 5811 episcopi.
