4146 6432
695 424 836 482 1547
1444 413 1802 472 APPENDIX.
1844 443 1913 456 —-
1951 410 2141 466 PARS
2180 408 2218 464 1.
2258 409 2316 463 S.
2356 404 2625 466 JUSTINI
2665 401 2895 460 OPERA
2935 403 3204 462 SPURIA.
3823 402 3967 458 1548

761 541 1041 612 QUAEST.
1069 539 1177 595 Cll.
1210 539 1266 593 Si
1293 538 1430 592 nihil
1459 537 1691 591 Creator
1720 535 1773 588 in
1802 534 2052 603 corporis
2083 531 2255 586 nostri
2288 536 2335 591 Α

2330 576 2335 591 ,
2445 523 2800 578 ἘΡΩΤΗΣΙΣ
2816 523 2935 576 PB'.
2967 523 3028 574 Ei
3056 521 3309 593 περιττὸν
3336 520 3430 572 καὶ
3462 520 3521 572 ὲν
3549 520 3615 590 τῇ
3637 516 3736 570 τοῦ
3773 516 3967 588 σώμα-

689 608 1091 707 compositione
1144 632 1307 695 fecit,
1357 629 1502 700 quod
1557 625 1914 697 superﬂueret
1959 623 2122 696 5,83
2179 633 2272 685 aut

2373 635 2465 681 τος
2498 617 2652 688 ἡμῶν
2678 615 2992 685 κατασκευῇ
3022 615 3050 665 ὁ
3076 612 3404 684 δημιουργὸς
3427 611 3490 663 οὑ
3521 611 3852 682 πεποίηται,
3880 608 3968 664 διὰ

697 703 939 786 deesset:
982 739 1152 796 quare
1175 730 1246 776 ut
1289 737 1417 791 pars
1458 718 1694 781 inutilis,
1739 717 2059 785 praeputium
2097 731 2127 768 a
2172 713 2271 768 Ju-

2372 709 2424 762 τί
2449 708 2524 771 ὡς
2557 706 2810 779 περιττὸν
2858 706 2921 758 τὸ
2957 705 3058 775 τῆς
3102 703 3466 775 ἀκροϐυστίας
3494 704 3662 775 μέρος·
3686 704 3801 757 τῶν
3845 704 3961 757 Ἰου

693 819 827 874 ἀπεὶς
857 794 1256 872 resecabatur?
1280 813 1464 877 Quam
1495 819 1675 865 autem
1707 809 1780 863 oh
1811 807 2121 868 utilitatem,
2159 821 2268 858 non

2371 799 2538 852 δαίων
2593 797 2927 868 ἀπετέμνετο
2949 813 2964 862 ;
2997 797 3091 858 Εἰς
3113 795 3164 848 τί
3191 795 3247 848 δὲ
3273 797 3539 868 χρήσιμον
3568 795 3670 847 οὐκ
3697 795 3758 847 ὲν
3790 794 3967 866 ἑτέρῳ

693 916 752 969 in
785 912 888 966 alia
930 918 1103 980 parte,
1144 907 1237 962 sed
1273 905 1327 959 in
1361 904 1582 976 genitali
1613 901 1860 957 membro
1886 899 2269 954 circumcisio-

2375 892 2559 962 μέρει,
2589 889 2702 943 ἀλλ’
2742 892 2808 942 -ὲν
2832 886 2910 958 τῷ
2953 886 3252 958 παιδοποιῷ
3303 887 3497 958 μορίῳ,
3528 884 3626 957 τὴν
3656 886 3964 957 περιτομὴν

692 1022 842 1070 nem,
876 977 970 1076 qui
1009 1007 1134 1056 ante
1181 998 1471 1053 Dominum
1514 995 1792 1050 Christum
1836 991 2078 1054 fuerunt,
2116 993 2271 1045 recc-

2371 983 2420 1036 οἱ
2473 982 2580 1053 πρὸ
2638 980 2739 1050 τῆς
2787 977 2882 1032 τοῦ
2930 979 3199 1038 Δεσπότου
3254 977 3490 1051 Χριστοῦ
3546 979 3859 1052 παρουσίας
3890 979 3963 1031 εἱ-

695 1099 871 1169 ροι-θῗ
893 1069 1004 1150 bur
1037 1109 1160 1147 cum
1197 1105 1318 1145 eam
1349 1088 1426 1142 illi
1476 1094 1541 1141 ut
1569 1087 1754 1141 utilem
1797 1083 2126 1152 receperint,
2156 1098 2269 1137 non

2372 1071 2604 1144 λήφασι;
2632 1071 2730 1124 Διά
2751 1070 2804 1122 τί
2831 1070 2888 1124 δὲ
2939 1069 3162 1123 ἐκείνοιν
3183 1072 3259 1133 ὠς
3290 1070 3566 1142 χρησίμην
3615 1069 3826 1141 ταύτην
3873 1069 3966 1122 λα-

694 1161 855 1243 etiam
885 1201 985 1241 nos
1021 1181 1287 1253 ejusmodi
1319 1193 1513 1234 manus
1542 1177 1861 1248 operatione
1884 1174 2133 1230 similiter
2159 1175 2267 1228 uti-

2373 1166 2592 1228 6όντων,
2618 1166 2686 1234 τῇ
2711 1163 2935 1234 τοιαύτῃ
2984 1164 3300 1235 χειρουργίᾳ
3327 1162 3528 1235 ὁμοίως
3572 1162 3666 1214 καὶ
3710 1162 3880 1235 ἡμεῖς
3906 1161 3964 1215 οὑ

697 1273 862 1328 mur?

2382 1256 2702 1330 κεχρήμεθα
2722 1273 2736 1323 ;

767 1361 962 1420 RESP.
999 1360 1270 1429 Quoniam
1315 1360 1611 1424 Abraham,
1658 1373 1781 1413 cum
1823 1356 1894 1411 ob
1931 1368 2087 1409 suam
2119 1362 2172 1409 et
2205 1355 2269 1408 li-

2441 1366 2854 1425 "AHOKPIXIE.
2895 1366 3113 1437 Ἐπειδὴ
3141 1365 3230 1420 διὰ
3260 1365 3321 1418 τὺ
3353 1365 3531 1437 γῆρας
3563 1365 3733 1420 αὑτοῦ
3775 1383 3837 1420 τε
3878 1365 3967 1418 καὶ

695 1460 840 1514 herae
874 1457 1064 1512 uxoris
1108 1461 1445 1511 senectutem
1483 1466 1634 1522 spem
1677 1450 2022 1520 deposuisset
2069 1449 2270 1504 libero-

2368 1459 2467 1530 τῆς
2495 1459 2784 1530 ἐλευθέρας
2809 1459 3053 1530 γαμετῆς
3081 1462 3138 1512 ὲν
3171 1456 3474 1528 ἀπογνώσει
3506 1458 3600 1512 τοῦ
3627 1458 3966 1512 παιδοποιεῖν

697 1569 819 1608 rum
875 1549 1382 1620 suscipiendorum,
1437 1545 1767 1617 promissum
1823 1557 1854 1597 a
1899 1541 2010 1596 Deo
2057 1541 2270 1610 accepit

2370 1553 2435 1603 ὲκ
2466 1551 2563 1620 τῆς
2588 1550 2878 1621 ἐλευθέρας
2912 1550 3306 1621 καθισταμένου
3335 1549 3446 1620 (58)
3474 1549 3810 1619 ἐπαγγελίαν
3843 1568 3966 1603 παι-

697 1643 867 1714 prolis
895 1640 1260 1713 ’gcnerandaa,
1310 1632 1375 1694 ac
1425 1638 1533 1692 Deo
1576 1637 1914 1708 promittenti
1948 1635 2176 1690 credidit
2211 1651 2270 1690 se

2368 1638 2612 1702 δοποιίας
2643 1638 2699 1691 ἐδ
2774 1679 2787 1690 .
2862 1650 2882 1694 '.
2955 1638 3049 1691 τοῦ
3079 1639 3211 1692 Θεοῦ
3242 1639 3374 1711 (59),
3393 1641 3486 1692 καὶ
3513 1640 3814 1704 πιστεύσας
3845 1640 3964 1708 Θεῷ

694 1742 894 1808 praeter
934 1735 1111 1789 aetatis
1158 1745 1377 1803 tempus
1412 1740 1622 1800 patrem
1673 1729 1914 1784 futurum
1962 1729 2110 1784 illius
2146 1729 2264 1791 lilii,

2371 1728 2521 1800 παρά
2554 1730 2645 1782 τὸν
2674 1729 2863 1800 χρόνον
2895 1729 2997 1800 τῆς
3032 1731 3246 1801 ἡλικίας
3282 1730 3497 1784 ἔσεσθαι
3535 1732 3718 1805 πατὴρ
3763 1733 3860 1786 τοῦ
3904 1735 3964 1786 ὲκ

696 1829 790 1898 qui
825 1830 872 1883 ei
906 1843 972 1884 ex
1007 1843 1113 1880 anu
1155 1825 1326 1881 sterili
1361 1820 1586 1894 genitus
1618 1831 1742 1889 est;
1783 1821 2007 1878 idcirco”
2034 1821 2182 1893 dedit
2215 1822 2265 1878 ei
2305 1887 2333 1898 _

2324 1888 2341 1898 ‘
2367 1820 2467 1890 τῆς
2516 1821 2889 1892 γεγηρακύίας
2923 1820 3140 1891 στείρας
3179 1821 3327 1896 αὑτῷ
3368 1822 3658 1894 γενομένου
3713 1824 3856 1889 υἱοῦ,
3897 1824 3961 1878 δι’

696 1887 841 1978 [iens
875 1922 1112 1991 sigillum
1147 1918 1310 1988 hujus
1340 1887 1486 1978 fidei,
1511 1887 1987 1970 circumciSionem
2022 1891 2271 1985 praeputii
2302 1887 2333 1940 Ε

2323 1888 2343 1940 3
2377 1949 2392 1962 .
2425 1887 2435 1890 ⁷
2474 1951 2487 1964 .
2529 1887 2536 1888 7
2564 1950 2579 1965 .
2640 1887 2802 1983 ⁷αὐτῷ
2832 1911 2944 1984 (60)
2971 1915 2999 1966 ὁ
3033 1887 3162 1977 Θεὸς
3195 1887 3466 1985 σ’φρταγίδα
3491 1887 3692 1986 ταύτης
3729 1887 3850 1985 (ﬁll
3888 1954 3904 1969 .
3948 1958 3960 1972 .

697 2016 752 2070 in
785 2024 937 2086 parte
969 2011 1148 2067 inutili
1186 2009 1404 2086 quidem
1447 2008 1518 2062 ob
1548 2002 1882 2067 senectutem
1933 2004 2074 2059 facta
2108 2007 2173 2060 ad
2209 2006 2274 2059 li—

2371 2002 2472 2072 τὴν
2506 1997 2803 2074 περιτομὴν
2835 2005 2936 2074 τῆς
2965 2005 3329 2076 ἀκροϐυστίας
3365 1995 3551 2078 μορίου
3600 2007 3693 2061 τοῦ
3745 2009 3833 2062 διὰ
3867 2011 3963 2078 μὲν

697 2089 859 2160 heros
895 2089 1299 2173 suscipiendos,
1328 2100 1426 2165 sed
1466 2101 1659 2154 idonea
1691 2109 1913 2168 propter
1943 2100 2177 2154 Abrahae
2211 2100 2273 2152 11-
2301 2120 2313 2132 -

2373 2091 2432 2145 τὸ
2459 2094 2634 2165 γῆρας
2665 2096 2799 2166 πρὸς
2824 2096 3160 2149 παιδοποιίαν
3198 2097 3470 2169 ἀχρήστου
3514 2101 3830 2168 γενομένου,
3877 2100 3962 2154 διὰ

698 2198 820 2252 dem
858 2196 996 2250 facta
1025 2195 1094 2249 ad
1127 2195 1334 2264 prolem
1368 2191 1754 2263 generandam.
1793 2189 2122 2245 Transmisit
2175 2203 2272 2245 au-

2371 2183 2427 2236 δὲ
2455 2183 2551 2256 τὴν
2586 2185 2768 2239 πίστιν
2794 2186 2885 2241 τοῦ
2927 2187 3177 2258 Ἀϐραὰμ
3206 2189 3284 2252 είς
3308 2189 3650 2256 παιδοποιίας
3669 2192 3954 2259 γεγονότος

699 2300 807 2347 tem
830 2289 974 2343 illam
998 2286 1468 2340 circuntcisioneni
1493 2285 1546 2337 in
1571 2283 1881 2337 universum
1908 2283 2268 2353 genusillius,

2372 2275 2660 2346 χρησίμου.
2707 2278 3040 2351 Παρὲπεμψε
3073 2280 3130 2332 δὲ
3161 2279 3360 2350 ταύτην
3396 2281 3491 2352 τὴν
3533 2281 3836 2353 περιτομὴν
3885 2285 3963 2346 εἰς

697 2381 791 2452 qui
825 2392 976 2451 pater
1003 2376 1202 2449 praeter
1228 2393 1379 2448 spem
1417 2376 1593 2431 factus
1629 2385 1730 2440 est,
1768 2385 1826 2430 ut
1856 2385 2272 2431 monumentum

2371 2364 2492 2420 ὅλον
2523 2365 2583 2418 τὸ
2611 2366 2768 2434 γένος
2792 2367 2934 2420 τὸέκ
2965 2367 3062 2421 τοῦ
3099 2371 3230 2439 παρ’
3272 2369 3459 2423 ἐλπίδα
3493 2372 3697 2443 πατρὸς
3737 2374 3963 2444 γενομέ-

698 2482 842 2529 esset
873 2487 980 2526 non
1017 2470 1247 2524 delebile
1283 2476 1336 2523 et
1366 2467 1488 2523 ﬁdei
1522 2468 1754 2522 Abraha:
1786 2478 1842 2522 et
1871 2466 1962 2522 Dei
1997 2469 2269 2538 potentia},

2373 2473 2485 2520 νου,
2518 2457 2880 2528 ὑφιστάμενον
2906 2461 2985 2523 εἰς
3006 2459 3388 2524 ἀνεξάλειπτον
3416 2461 3760 2534 μνημόσυνον
3776 2464 3877 2534 τῆς
3908 2482 3963 2519 τι

697 2567 789 2639 qui
823 2566 1051 2634 viviﬁcat
1090 2568 1330 2616 ‘morluos
1366 2571 1416 2614 et
1457 2570 1607 2615 uocat
1643 2577 1704 2614 ea
1735 2577 1851 2630 qua:
1878 2577 1979 2614 non
2003 2570 2124 2614 sunt
2155 2571 2275 2614 tan-

2372 2547 2466 2601 τοῦ
2505 2548 2754 2621 Ἀδραάμ
2794 2551 3047 2616 πίστεως,
3091 2553 3186 2605 καὶ
3225 2553 3326 2625 τῆς
3357 2554 3452 2607 τοῦ
3489 2554 3625 2609 Θεοῦ
3657 2556 3962 2627 δυνάμεως,

699 2672 856 2730 quam
893 2674 955 2711 ea
988 2671 1104 2726 qua:
1141 2662 1263 2708 sunt
1293 2653 1358 2705 ’⁸.
1388 2651 1850 2716 Circumcidimur
1886 2658 2065 2706 autem
2095 2660 2148 2705 et
2176 2667 2274 2707 nos

2375 2641 2480 2694 τοῦ
2511 2639 2931 2708 ζωοποιοῦντος
2973 2643 3116 2710 τοὺς
3156 2646 3429 2713 νεκροὺς,
3477 2648 3584 2701 καὶ·
3624 2649 3966 2716 καλοῦντος

700 2747 1126 2802 circumcisione
1182 2743 1389 2799 Christi
1445 2757 1568 2813 per'
1606 2741 1956 2811 baptismum,
2011 2750 2274 2795 exuentes

2372 2731 2444 2785 τὰ
2465 2731 2551 2799 μὴ
2580 2731 2724 2784 ὄντα
2752 2732 2831 2798 ὡς
2864 2732 3026 2800 ὄντα.
3061 2733 3505 2806 Περιτεμνόμεθα
3549 2735 3606 2788 δὲ
3654 2738 3750 2790 καὶ
3799 2739 3964 2809 ἡμεῖς

701 2837 876 2892 Adam
911 2853 1008 2909 per
1053 2851 1213 2906 quem
1253 2841 1572 2906 peccatores
1619 2833 1767 2899 facti,
1798 2833 1997 2886 mortui
2031 2848 2271 2897 eramus,

2371 2823 2438 2894 τῇ
2471 2827 2740 2894 περιτομῇ
2766 2823 2859 2876 τοῦ
2893 2824 3130 2894 Χριστοῦ
3172 2825 3260 2879 διὰ
3298 2826 3391 2880 τοῦ
3423 2826 3823 2900 βαπτίσματος,
3868 2829 3965 2881 ἐκ·

701 2936 756 2982 et
790 2928 1076 2983 induentes
1105 2926 1405 2992 Christum,
1440 2941 1538 2995 per
1575 2939 1738 2995 quem
1767 2923 2054 2993 justiﬁcati
2087 2936 2274 2978 resur;

2371 2914 2620 2984 δυόμενοι
2651 2915 2741 2967 τὸν
2773 2914 2969 2985 Ἀδὰμ,
2995 2915 3061 2968 δι’
3103 2915 3161 2968 ὃν
3202 2918 3514 2989 ἁμαρτωλοὶ
3541 2920 3830 2988 γεγονότες
3881 2938 3967 2971 ερ-

702 3021 880 3092 glmus
913 3036 979 3076 ex
1011 3020 1263 3075 mortuis.
1299 3017 1363 3072 In
1389 3035 1511 3087 quo,
1539 3017 1717 3086 inquit
1750 3015 2046 3087 Apostolus
2081 3015 2147 3080 ⁸⁸,
2171 3017 2275 3068 cir-

2373 3003 2671 3075 θνήκαμεν,
2723 3006 2814 3058 καὶ
2849 3007 3156 3078 ἐνδυόμενοι
3181 3008 3270 3062 τὸν
3291 3009 3546 3080 Χριστὸν,
3577 3011 3726 3083 δι’-,δν
3749 3012 3967 3070 δικαιω-

702 3113 922 3167 cumcisi
947 3114 1074 3166 estis
1103 3111 1496 3166 circumcisione
1525 3120 1628 3165 non
1660 3124 1820 3163 manu
1845 3108 1989 3178 facta
2012 3109 2065 3162 in
2087 3123 2274 3176 exape-

2373 3091 2556 3158 θέντες
2583 3097 2918 3168 ἀνιστάμεθα
2965 3100 3029 3152 ὲκ
3075 3099 3181 3152 τῶν
3225 3101 3455 3173 νεκρῶν.
3520 3104 3609 3157 Ἔν
3646 3096 3713 3172 ᾧ,
3741 3106 3968 3175 ’φησὶνό

705 3205 922 3260 Ιίατίοηρ
954 3206 1187 3266 corporis
1214 3198 1391 3258 vestri.
2297 3224 2342 3282 α

2334 3224 2342 3279 ί
2387 3188 2724 3252 Ἀπόστολος,
2765 3191 3197 3260 περιετμήθητε
3222 3194 3331 3265 (62)
3371 3194 3697 3265 περιτομὴν
3735 3197 3971 3265 ἀχειρο-

2376 3281 2628 3348 ποίητον
2657 3280 2732 3349 τῇ
2760 3282 3091 3337 ἀπεκδύσει
3118 3285 3223 3339 τοῦ
3248 3286 3520 3354 σώματος
3541 3287 3730 3356 ὑμῶν.

773 3364 1053 3433 ρυιΕΞΤ.
1088 3362 1223 3419 Clll.
1268 3361 1325 3416 Si
1359 3363 1452 3433 qui
1489 3362 1678 3432 jussus
1711 3368 1794 3416 est
1825 3376 1889 3415 ea
1929 3360 2126 3429 facere,
2155 3375 2275 3432 quae

2460 3369 2806 3426 ἘΡΩΤΗΣΙΣ
2833 3374 2950 3427 Pl".
2982 3375 3047 3426 Εἰ
3068 3376 3095 3427 ὁ
3120 3378 3475 3448 προσταχθεὶς
3495 3380 3718 3448 ποιῆσαι
3738 3378 3807 3432 τά
3824 3382 3966 3434 κατά

703 3461 761 3516 in
794 3461 970 3530 ipsius
1003 3466 1273 3530 potestate
1307 3459 1409 3512 sita
1453 3468 1603 3520 sunt,
1638 3456 1684 3510 is
1731 3455 1949 3511 laudem
1993 3463 2086 3509 aut
2132 3456 2276 3509 vitu-

2375 3461 2601 3533 δύναμιν
2624 3463 2891 3536 ἔπαινονῆ
2920 3465 3124 3536 μέμψιν
3161 3469 3218 3520 ὲν
3239 3467 3312 3538 τῷ
3331 3469 3604 3541 ποιῆσαιῆ
3633 3470 3708 3542 μὴ
3738 3471 3967 3542 ποιῆσαι

704 3553 913 3622 perium
954 3550 1202 3605 faciendo
1235 3557 1328 3604 aut
1357 3564 1467 3603 non
1507 3547 1758 3603 faciendo
1790 3554 2063 3617 reportat,
2098 3547 2276 3601 mani-

2377 3554 2659 3624 κομίζεται
2680 3595 2693 3619 ,
2723 3556 2883 3626 δῆλον
2907 3558 2990 3610 ὅτι
3014 3559 3042 3610 ὁ
3066 3559 3133 3612 τὰ
3161 3560 3300 3633 ὑπὲρ
3330 3561 3566 3634 ,δύναμιν
3607 3563 3681 3636 μὴ
3711 3566 3966 3637 ποιήσας,

706 3645 903 3700 festum
935 3652 1018 3701 est
1051 3659 1198 3706 eum,
1233 3643 1326 3712 qui
1360 3641 1566 3709 majora
1594 3640 1805 3696 viribus
1837 3642 1954 3695 suis
1988 3655 2096 3694 non
2127 3640 2273 3706 fecit,

2378 3643 2499 3696 ὲπεί
2521 3646 2657 3700 εἰσιν
2683 3646 2938 3711 ἀδύνατα,
2973 3649 3205 3720 ὑπάρχει
3232 3638 3544 3716 ἀνεύθυνος.·
3574 3651 3699 3717 Πῶς
3729 3652 3824 3710 οὖν
3853 3655 3970 3729 (65)

706 3736 975 3809 siquidem
1010 3734 1372 3805 impossibilia
1409 3741 1556 3797 sunt,
1593 3741 1747 3792 extra
1795 3733 2275 3802 reprehensionem

2376 3739 2405 3790 ὁ
2480 3778 2494 3790 .
2572 3778 2586 3791 .
2665 3778 2678 3791 .
2756 3741 2893 3813 ὑπὲρ
2916 3741 3142 3813 δύναμιν
3169 3745 3491 3813 ἐπιτάττων,
3515 3748 3760 3800 τουτέστι
3791 3750 3853 3802 τὸ
3895 3751 3970 3822 μὴ

706 3843 847 3884 esse.
877 3823 1160 3891 Quomodo
1192 3839 1322 3895 ergo
1352 3822 1493 3877 Deus
1539 3837 1601 3877 ea
1631 3837 1752 3893 qua:
1781 3813 1945 3892 supra
1979 3822 2127 3878 vires
2148 3828 2277 3876 sunt

2378 3830 2732 3900 ἁμαρτάνειν,
2779 3831 2871 3884 τὸν
2919 3833 3299 3906 ἁμαρτάνοντα
3342 3836 3636 3891 ὑποϐάλλει
3684 3813 3968 3907 κολάσεσι,

706 3918 1055 3991 pmcipiens,
1116 3916 1169 3969 id
1224 3925 1327 3980 est,
1380 3925 1442 3970 ut
1486 3930 1557 3970 ne
1613 3930 1924 3985 peccemus,
1961 3922 2275 3985 peccantem

2377 3919 2471 3972 τοῦ
2493 3921 2777 3992 ἀνθρώπου
2812 3923 3073 3977 ἀδυνάτου
3097 3924 3248 3988 ὖντος
3269 3926 3404 3996 πρὸς
3429 3926 3527 3998 τὴν
3557 3928 3650 3981 τοῦ
3673 3929 3843 4000 νόμου
3879 3934 3970 3985 ἐκ·

706 4015 931 4084 subjicit
977 4011 1287 4083 suppliciis,
1322 4026 1446 4066 cum
1496 4011 1658 4066 homo
1691 4011 1862 4079 legem
1909 4010 2135 4080 implere
2167 4002 2305 4064 non

2379 4010 2690 4082 πλήρωσιν;
2729 4015 2994 4085 μαρτυρεῖ
3039 4013 3098 4066 δὲ
3144 4013 3349 4079 τούτοις
3397 4017 3490 4068 καὶ
3532 4019 3560 4069 ὁ
3624 4017 3964 4082 Ἆπόστοὶιος·

708 4104 918 4174 possit?
939 4101 1200 4157 Testatur
1233 4103 1334 4156 hoc
1367 4101 1531 4155 etiam
1549 4099 1865 4172 Apostolus,
1894 4099 2080 4155 dicens
2105 4119 2117 4155 :
2155 4098 2276 4154 Non

2373 4103 2456 4155 Οὺ
2484 4101 2952 4170 δικαιωθήσεται,
2985 4104 3178 4174 λέγων,
3231 4107 3300 4171 ἐξ
3340 4109 3528 4178 ἐρτωτ·
3568 4109 3757 4178 νόμου
3799 4109 3969 4166 πᾶσα

704 4193 1088 4266 justi/imbitur
1117 4209 1181 4248 ea:
1204 4193 1442 4261 operibus
1468 4193 1594 4262 legis
1619 4194 1791 4247 omnis
1817 4208 1942 4245 caro
1967 4193 2035 4246 ³⁸.
2379 4193 2556 4261 σάρξ.

779 4283 981 4341 RESP.
1029 4283 1187 4350 Quod
1225 4284 1373 4337 omni
1427 4283 1635 4337 homini
1693 4282 2177 4353 impossibile-est,
2223 4279 2278 4339 id

2466 4287 2864 4340 ἈΠΟΚΡ1Σ1Σ.
2904 4287 2977 4342 Τὸ
3022 4289 3182 4344 παντὶ
3214 4290 3482 4363 ἀνθρώπῳ
3522 4292 3783 4348 ἀδύνατον
3813 4295 3969 4349 τοῦτο

707 4376 870 4430 etiam
902 4373 1065 4428 alicui
1108 4371 1315 4427 homini
1350 4371 1710 4441 impossibile,
1739 4371 1908 4427 veluti
1946 4362 2002 4427 in
2031 4387 2159 4427 aere
2179 4388 2277 4428 vos

2381 4379 2475 4431 καὶ
2501 4381 2606 4431 τινὶ
2655 4379 2956 4452 ἀνθρώπων
3004 4381 3113 4452 (64)
3162 4362 3391 4454 ὑπάρχει
3437 4362 3716 4439 ἀδύνατον·
3759 4381 3872 4441 οἷον
3908 4387 3966 4441 τὸ

711 4468 822 4523 lare
855 4468 1028 4522 instar
1063 4466 1278 4535 aquilae,
1322 4465 1662 4535 impossibile
1711 4473 1795 4520 est
1829 4464 1993 4519 alicui
2044 4465 2274 4529 homini,

2383 4471 2636 4524 πέτεσθαι
2664 4473 2722 4524 ἐν
2749 4472 2826 4542 τῷ
2856 4473 2976 4544 ἀέρι
3007 4474 3085 4537 ὠς
3111 4475 3288 4539 ἀετὸς,
3320 4477 3426 4529 τινὶ
3455 4477 3728 4549 ἀνθρώπῳ
3773 4480 3965 4534 ἀδύνα-

710 4560 835 4629 quia
886 4568 940 4613 et
981 4558 1129 4612 omni
1167 4557 1385 4628 homini,
1418 4557 1785 4626 impossibile;
1826 4566 1880 4611 et
1909 4564 2103 4613 rurSus
2135 4558 2280 4628 quod
2313 4567 2347 4622 ι]

2318 4567 2358 4622 D
2382 4567 2470 4620 τόν
2496 4568 2664 4631 ἐστιν,
2691 4568 2775 4621 ὅτι
2812 4569 2902 4621 καὶ
2944 4570 3106 4623 παντὶ
3151 4571 3423 4642 ἀνθρώπῳ
3472 4574 3620 4628 ἐστὶν
3674 4575 3955 4630 ἀδύνατον·

712 4652 877 4707 alicui
921 4651 1125 4705 homini
1177 4649 1440 4720 possibile
1468 4657 1573 4713 est,
1607 4657 1668 4702 ut
1701 4649 1980 4719 navigare,
2026 4649 2082 4703 id
2119 4646 2279 4706 etiam

2384 4659 2477 4712 καὶ
2509 4659 2797 4727 ἀνάπαλιν,
2832 4663 2894 4715 τὸ
2915 4664 3022 4716 τινὶ
3045 4663 3312 4735 ἀνθρώπῳ
3334 4665 3572 4730 δυνατὸν,
3603 4667 3680 4730 ὡς
3710 4668 3773 4721 τὸ
3793 4669 3959 4732 πλεῖν,

713 4747 863 4802 omni
897 4743 1105 4799 homini
1138 4741 1420 4812 possibile.
1461 4741 1566 4796 Sed
1600 4742 1668 4807 si,
1708 4750 1771 4797 ut
1803 4743 1882 4798 ait
1915 4743 2097 4798 divina
2132 4743 2281 4799 Scri-
2337 4735 2340 4738 ⁴

2337 4735 2340 4738 ⁴
2386 4751 2480 4805 xui.
2509 4751 2671 4804 παντὶ
2699 4752 2970 4825 ἀνθρώπῳ
2996 4733 3218 4809 δυνατὸν
3243 4733 3514 4828 ὑπάρχει.
3572 4759 3711 4811 Ἀλλ’
3749 4761 3820 4825 εἰ,
3873 4778 3960 4813 κα-

711 4845 893 4908 ptura,
928 4834 1178 4890 nonnulli
1211 4850 1423 4900 eorum,
1451 4835 1547 4904 qui
1575 4836 1680 4892 sub
1705 4837 1822 4907 lege
1844 4836 2084 4900 fuerunt,
2118 4836 2282 4906 justi-

2384 4841 2491 4906 θώς
2522 4859 2685 4912 φησιν
2714 4845 2746 4914 ή
2796 4844 2914 4898 θεία
2955 4846 3166 4919 Γραφὴ,
3201 4849 3341 4912 τινὲς
3375 4848 3482 4902 τῶν
3531 4850 3637 4903 ὑπὸ
3673 4851 3764 4903 τὸν
3804 4853 3961 4922 νόμον

711 4931 788 4984 tia
824 4928 1085 4998 iuculpati
1121 4927 1304 4992 fuere,
1339 4927 1509 4996 liquet
1539 4927 1705 4981 etiam
1730 4928 2006 4995 omnibus,
2041 4929 2135 4999 qui
2176 4928 2280 4984 sub

2385 4933 2698 5006 δικαιοσύνῃ
2729 4937 3014 5005 γεγόνασιν
3051 4939 3347 5010 ἄμεμπτοι,
3388 4940 3542 5011 δῆλον
3571 4943 3655 4994 ’ὁτι
3694 4944 3792 4996 καὶ
3832 4946 3960 4997 πᾶσι

713 5023 831 5092 lege
858 5020 1098 5083 fuerunt,
1126 5020 1383 5089 possibile
1407 5017 1576 5074 fuisse
1607 5018 1773 5074 simili
1796 5019 1956 5074 modo
1977 5021 2279 5080 secundum

2385 5027 2497 5088 τοῖς
2523 5025 2628 5078 ὑπὸ
2651 5023 2740 5080 τὸν
2763 5027 2924 5097 νόμον
2949 5027 3160 5098 ὑπῆρχε
3194 5028 3410 5082 δυνατὸν
3445 5029 3522 5099 τῷ
3567 5031 3742 5102 ὁμοίῳ
3781 5033 3960 5103 τρόπῳ

715 5115 849 5185 legis
899 5112 1167 5182 justitiam
1219 5128 1343 5168 esse
1389 5112 1703 5181 inculpatis.
1751 5109 1843 5165 Ait
1891 5112 2034 5167 enim
2089 5113 2280 5169 beatus

2388 5115 2531 5169 κατά
2553 5114 2652 5186 τὴν
2684 5119 2749 5170 ὲκ
2799 5118 2952 5188 δόμου
2981 5118 3322 5190 δικαιοσύνην
3353 5120 3603 5189 γενέσθαι
3632 5123 3957 5194 ἀμέμπτως.

785 5269 832 5302 ²⁹
863 5267 1024 5321 Rom.
1061 5283 1131 5331 ιν,
1171 5268 1257 5322 17.
1333 5266 1377 5297 ³ο
1409 5265 1622 5322 Coloss.
1658 5281 1719 5329 ιι,
1750 5267 1836 5320 11.
1882 5267 1922 5297 ³³
1961 5265 2118 5323 Rom.
2148 5283 2230 5332 ιιι,
2267 5267 2356 5324 20.

787 5423 897 5495 (58)
951 5420 1419 5491 Καθισταμένου.
1474 5416 1572 5472 llic
1633 5420 1879 5489 apposita
1909 5421 2027 5476 sine
2075 5422 2290 5477 ratione
2387 5424 2755 5495 cumLangus
2774 5423 2962 5495 eodem
2985 5422 3397 5495 mogoleqebat.

717 5492 944 5566 lacuna.
1007 5565 1019 5566 ί
1276 5563 1290 5566 _
1346 5563 1367 5566 _
1452 5559 1477 5566 _
1539 5557 1593 5566 __
1763 5560 1773 5566 _
1936 5560 1950 5566 _
2074 5560 2185 5566 η--

2074 5561 2086 5566 Α
2105 5561 2122 5566 Α
2143 5560 2185 5566 __
2460 5494 2570 5566 (6‘2)
2599 5492 3144 5566 Ilsptetyljante._R.
3181 5494 3261 5549 St.
3295 5494 3692 5566 περιτμηθῆτε.

815 5565 900 5633 59)
1060 5603 1124 5644 .-.
1159 5605 1170 5617 .
1197 5563 1301 5616 τοῦ
1333 5559 1500 5613 Θεοῦ.
1521 5557 1731 5628 Liquet
1763 5560 2050 5630 legendum
2073 5560 2290 5626 ἐδέξατο
2393 5626 2431 5650 Α

2393 5626 2431 5650 Α
2461 5557 2570 5650 (65)
2599 5557 2753 5650 ,Πῶς
2797 5557 2964 5623 ὀῦν.”
3032 5563 3241 5620 Vulnus
3302 5557 3606 5620 saiiabitur'
3655 5565 3886 5638 legendo
3936 5567 3963 5623 ὁ

717 5634 826 5691 ἀπὸ
855 5634 949 5687 τοῦ
976 5634 1130 5688 Θεοῦ.
2390 5634 2522 5697 Θεὸς
2552 5635 2652 5701 τά.¹
3713 5634 3732 5638 ⁷

769 5705 904 5780 _(6_0)
960 5703 1041 5757 Δι’
1063 5746 1087 5764 _.
1129 5745 1142 5758 .
1183 5745 1194 5755 .
1235 5743 1248 5756 .
1283 5701 1464 5767 αὐτῷ.
1530 5699 1656 5773 Leg.
1729 5700 1817 5754 διὰ
1870 5698 2033 5754 τοῦτο
2092 5700 2289 5761 ἔδωκεν
2460 5704 2569 5780 (64)
2596 5704 2724 5780 ‘Tzrfl
2755 5704 3096 5780 ἀνθρώπων..
3146 5703 3291 5764 Infra
3336 5705 3442 5759 τινὶ
3493 5704 3791 5780 ἀνθρώπῳ,
3810 5707 3965 5780 quod

720 5769 895 5847 αὑτῷξ
1407 5845 1429 5847 ν
1549 5843 1559 5847 _
1611 5769 1629 5773 ⁷
1787 5839 1830 5847 _
2023 5841 2035 5847 _
2203 5841 2215 5847 _
2393 5769 2566 5846 magis
2593 5769 2885 5847 Sylburgio
2908 5776 3129 5846 placuit.

790 5833 898 5918 (61)
928 5847 1164 5915 Ταύτης.
1191 5843 1337 5900 Adde
1371 5845 1467 5915 τῆς
1502 5843 1752 5908 πίστεως.
1787 5839 1981 5897 Totum
2023 5841 2165 5896 hunc
2203 5841 2285 5896 loo
