4146 6434
226 410 364 466 i359

963 370 1429 474 oomsrtonns
1465 402 1550 458 ET
1585 398 2108 458 nassonsnosss
2138 399 2229 454 AD
2262 397 2751 459 onrnoooxos.

3331 405 3352 456 1
3363 403 3464 458 550

224 528 382 596 Λέγει
410 524 519 597 γὰρ
545 524 574 578 6
611 525 709 597 μὲν
736 524 1003 596 μακάριος
1035 523 1246 585 Παῦλος
1277 523 1305 574 6
1339 519 1636 582 ἀπόστολος
1671 519 1778 589 περ

1901 513 2196 583 Apostolus
2245 514 2313 569 de
2361 515 2543 584 seipso
2589 514 2652 578 ³⁸,
2688 512 2972 571 secundum
3017 514 3316 584 justitiam,
3347 531 3465 584 qua

223 617 437 683 ἑαυτοῦ,
482 620 562 671 ότι
610 617 760 670 κατὰ
786 615 899 684 τὴν
934 614 1326 680 δικαιοσύνην
1348 611 1462 679 τὴν
1500 612 1568 663 ἐκ
1605 610 1790 678 νόμου

224 711 543 782 γενόμενος
580 708 902 779 ἄμεμπτος.
969 707 1026 760 '0
1063 706 1121 759 δὲ
1185 704 1452 775 μακάριος
1509 703 1721 764 Λουκᾶς
1764 703 1794 755 ό

223 799 608 869 ιύαγγελιστὴς
636 798 764 868 περὶ¹
789 797 881 850 τοῦ
922 795 1189 866 Ζαχαρίου
1219 794 1328 866 (65)
1360 793 1452 846 καὶ
1477 793 1574 863 τῆς
1604 807 1790 859 γυναι-

224 894 316 958 κδς
338 893 501 947 αὐτοῦ
543 892 854 954 Ἐλισάόετ,
895 892 978 944 ὅτι
1024 890 1190 958 ἦσαν·
1231 889 1448 943 δίκαιοι
1475 887 1793 956 ἀμφότεροι

221 985 496 1040 ἐναντίον
531 984 638 1038 τοῦ
689 984 856 1046 Θεοῦ,
896 984 1277 1052 πορευόμενοι
1316 983 1386 1035 ἐν
1417 980 1638 1045 πάσαις
1665 977 1792 1043 ταῖς

219 1076 492 1141 ἐντολαῖς
518 1076 614 1128 καὶ
640 1073 990 1143 δικαιώμασι
1014 1073 1120 1128 τοῦ
1139 1072 1379 1140 Κυρίου,
1397 1073 1703 1140 ἄμεμπτοι.
1727 1069 1790 1120 Τί

216 1167 275 1222 δέ
301 1171 414 1221 ἐστι
442 1169 590 1222 πᾶσα
615 1170 648 1239 ἡ
675 1166 813 1220 κατὰ
852 1167 943 1236 16v
981 1166 1143 1236 νόμον
1175 1164 1484 1234 δικαιοσύνη
1508 1182 1522 1230 ;
1557 1163 1629 1216 T6
1652 1166 1787 1232 ἁγα-

218 1261 324 1330 πᾷν
364 1259 456 1314 16v
497 1260 629 1312 Θεὸν
680 1258 778 1329 μὲν
824 1259 961 1330 ὑπὲρ
1002 1258 1213 1320 ἑαυτὸν,
1259 1256 1352 1310 τὸν
1382 1255 1604 1324 πλησίον
1632 1255 1689 1308 δὲ
1715 1255 1790 1318 ὡς

214 1348 422 1404 ἑαυτόνο
468 1352 605 1420 ὅπερ
635 1350 734 1402 οὐκ
775 1348 920 1402 ἐστιν
959 1349 1214 1403 ἀδύνατον
1249 1346 1553 1418 ἀνθρώποις
1600 1346 1790 1417 βουλη-

213 1441 372 1496 θεῖσι.
433 1442 505 1494 Τὸ
554 1437 667 1506 οὖν,
726 1440 828 1505 Ἐξ
867 1441 1054 1510 ἔργων
1084 1442 1270 1509 νόμου
1291 1438 1377 1508 μὴ
1405 1437 1785 1505 δικαιωθῆναι

211 1533 416 1590 πᾶσαν
447 1531 662 1600 σάρκα,
703 1531 762 1584 οὺ
795 1530 883 1583 διὰ
926 1530 987 1582 16
1023 1530 1094 1602 μὴ
1138 1528 1396 1582 δύνασθαι
1437 1527 1503 1580 τὰ
1555 1528 1788 1581 ἀδύνατα

210 1625 376 1693 λέγει,
411 1622 546 1678 ἀλλὰ
577 1623 666 1678 διὰ
696 1621 757 1676 16
789 1623 862 1693 μὴ
894 1621 1174 1692 βούλεσθαι
1212 1620 1278 1674 τὰ
1300 1620 1518 1674 δυνατά.
1554 1619 1631 1689 Τῇ
1679 1617 1786 1690 γὰρ

211 1715 458 1787 βουλήσει
497 1713 634 1786 πρὸς
685 1713 751 1768 τὰ
805 1713 1004 1767 δυνατὰ
1056 1711 1389 1783 κεχρήμεθα,
1432 1711 1492 1764 οὐ
1534 1710 1672 1781 πρὸς
1718 1708 1785 1763 τά

206 1808 464 1866 ἀδύνατα.
522 1807 647 1870 Τοῖς
694 1806 804 1877 γὰρ
850 1805 1096 1868 δυνατοῖς
1147 1805 1240 1858 καὶ
1287 1805 1372 1874 ἐφ’
1405 1791 1534 1874 ἡμῖν
1566 1799 1715 1856 οὖσιν
1755 1804 1783 1854 ό

210 1902 427 1966 ἔπαινος
447 1901 481 1972 ἢ
505 1902 534 1954 6
563 1899 728 1970 ψόγος
750 1899 956 1968 γίνεται
978 1897 1296 1970 πραχθεῖσιν
1318 1897 1352 1967 ἡ
1374 1897 1446 1968 μὴ
1473 1896 1780 1966 πραχθεῖσι.

209 1993 314 2048 Τοῦ
355 1994 429 2048 δὲ·
457 1992 589 2066 (66),
629 1990 717 2045 διὰ
766 1991 826 2044 16
868 1990 942 2062 μὴ
971 1988 1262 2061 αἱρεῖσθαι,
1296 1989 1388 2043 καὶ
1417 1989 1476 2041 οὐ
1507 1988 1591 2042 διὰ
1619 1989 1682 2042 16
1708 1989 1783 2060 μὴ

202 2084 459 2138 δύνασθαι
485 2084 867 2155 ἁμαρτάνομεν
893 2079 1188 2154 ἄνθρωποι,
1217 2080 1334 2136 ἐστι
1359 2080 1514 2133 τοῦτο
1541 2083 1782 2154 σημεῖον,

204 2174 264 2228 16
293 2174 366 2245 μὴ
392 2174 596 2237 πάντας
624 2173 941 2244 ἀνθρώπους
972 2174 1104 2224 πᾶσι
1137 2174 1246 2236 τοῖς
1274 2172 1370 2243 τῆς
1400 2171 1670 2242 ἁμαρτίας
1693 2171 1782 2226 εί-

201 2266 348 2320 δεσιν
376 2267 654 2336 ἐμπεσεῖν,
687 2265 823 2320 άλλὰ
837 2265 1008 2334 ⁸τινὰς
1051 2264 1152 2334 μὲν
1189 2264 1360 2334 τούτῳ
1394 2263 1473 2335 τῷ
1515 2265 1642 2318 εῖδει
1683 2264 1782 2334 τῆς

201 2358 475 2429 ἁμαρτίας
519 2360 796 2428 ἐμπεσεῖν,
849 2356 1000 2420 τινὰς
1034 2357 1088 2410 δὲ
1118 2357 1329 2427 ἐκείνῳ·
1370 2357 1464 2410 καὶ
1498 2357 1648 2420 τινὰς
1685 2357 1780 2426 μὲν

203 2449 431 2513 πλείοσι,
455 2449 604 2513 τινὰς
635 2449 691 2502 δὲ
719 2449 982 2512 ἐλάττοσι,
1008 2447 1158 2512 τινὰς
1178 2447 1234 2500 δὲ
1265 2446 1458 2516 οὐδενὶ,
1495 2446 1634 2502 κατὰ
1657 2449 1780 2512 τοὺς

200 2543 626 2614 προειρημένους
643 2542 899 2606 δικαίους.
930 2543 1105 2613 Ὅπερ
1137 2543 1238 2594 οὐκ
1259 2541 1324 2595 ἂν
1354 2541 1548 2612 συνέϐη
1581 2540 1781 2611 ἀνθρώ-

197 2653 341 2699 ποις,
370 2634 430 2688 τὸ
456 2635 560 2689 τιν).
591 2636 690 2706 μὲν
718 2635 844 2690 εῐδει
871 2633 970 2704 τῆς
1001 2635 1274 2706 ἁμαρτίας
1298 2635 1649 2706 ἁμαρτάνειν,
1677 2633 1776 2685 τινί

191 2726 253 2780 δὲ
303 2727 949 2798 οὺδὲποτεάμαρτάνειν,
988 2724 1350 2797 ειάδυναμίᾳ
1395 2724 1630 2793 φύσεως,
1684 2726 1776 2777 καὶ

191 2820 296 2873 οὐκ
327 2819 550 2890 ἀϐουλίᾳ
579 2818 946 2891 προαιρέσεως
977 2818 1284 2889 ἡμάρτανον
1311 2817 1360 2869 οἱ
1385 2815 1678 2888 ἄνθρωποι.

279 2909 627 2963 ἘΡΩΤΗΣΙΣ
671 2907 798 2960 .PA'.
837 2906 900 2959 Ei
931 2907 1024 2960 ἐπὶ
1054 2905 1161 2960 τῶν
1198 2905 1554 2975 ἐγκλημάτων
1597 2904 1774 2977 χώραν

191 3000 486 3072 μετανοίας
518 3001 631 3062 τοῖς
654 2998 1028 3070 ἡμαρτηκόσιν
1049 2997 1078 3049 6
1099 2998 1261 3068 νόμος
1292 2996 1351 3049 οὐ
1381 2995 1611 3063 δίδωσιν,
1638 2995 1772 3050 ἀλλὰ

193 3093 436 3148 κίνδυνον
469 3092 650 3154 amr;
686 3091 880 3159 ἐπάγει
918 3090 1311 3168 ἀπαραίτητον,
1364 3087 1483 3151 πῶς
1527 3087 1772 3158 μοιχείαν

1893 618 1970 662 est
2015 624 2081 662 ea:
2127 609 2255 677 lege,
2296 608 2471 676 factus
2514 607 3002 677 irreprehensibilie.
3041 605 3239 661 Beatus
3281 617 3460 662 autem

1848 712 1852 717 ‘
1895 698 2071 754 Lucas
2113 699 2444 769 evangelista
2486 699 2530 730 ³³
2575 698 2642 754 de
2682 697 2948 753 Zacharia
2982 704 3037 752 et
3079 698 3311 769 conjuge
3342 697 3464 767 ejus

1893 791 2132 846 Elisabet
2195 809 2208 846 :
2247 789 2416 844 Erant
2440 791 2578 860 justi
2607 788 2758 843 ambo
2785 805 2964 843 coram
2993 790 3239 852 Domino,
3277 787 3465 842 amba.

1893 882 2063 935 iantes
2093 883 2148 934 in
2191 881 2429 935 omnibus
2471 880 2737 934 mandatis
2769 890 2816 935 et
2848 879 3321 949 justiﬁcationibus
3352 879 3460 934 Do-

1893 972 2021 1026 mini
2051 972 2163 1026 sine
2192 973 2422 1042 querela.
2457 971 2596 1040 Quid
2630 982 2809 1027 autem
2851 979 2935 1028 est
2969 972 3223 1027 universa
3259 987 3453 1027 secun-

1891 1063 2020 1116 dum
2073 1062 2243 1133 legem
2275 1063 2521 1132 iustitia?
2553 1061 2784 1133 Diligere
2818 1062 2987 1118 Deum
3021 1078 3186 1133 supra
3218 1063 3460 1134 seipsum

1889 1154 2054 1227 484
2104 1163 2156 1210 et
2211 1155 2517 1226 proximum
2559 1156 2705 1210 sicut
2738 1155 2977 1226 seipsum
3015 1174 3030 1212 :
3064 1157 3208 1226 quod
3240 1157 3460 1228 quidem

1889 1247 2230 1315 impossibile
2283 1263 2392 1302 non
2433 1255 2518 1302 cst
2566 1247 2878 1302 hominibus
2939 1249 3270 1303 volentibus.
3317 1246 3458 1302 Illud

1891 1335 2055 1406 igitur
2095 1353 2108 1388 :
2146 1335 2228 1388 Ex
2271 1335 2512 1404 operibus
2544 1334 2670 1404 legis
2719 1353 2821 1388 non
2860 1334 3246 1408 justiﬁcabitur
3288 1334 3457 1388 omni!

1889 1443 2012 1481 caro
2042 1427 2108 1493 ³⁸,
2137 1437 2249 1482 non
2281 1427 2402 1482 ideo
2431 1427 2584 1491 dicit,
2623 1428 2768 1497 quod
2801 1427 3161 1496 impossibilia
3193 1441 3301 1479 non
3332 1440 3460 1494 pos-

1888 1522 2082 1583 simus,
2119 1519 2213 1575 scd
2245 1520 2392 1590 quod
2424 1519 2706 1590 possibilia
2737 1534 2844 1572 non
2884 1520 3132 1573 velimus.
3166 1516 3457 1574 Voluntate

1889 1626 2119 1681 namque
2152 1611 2218 1665 ad
2250 1612 2531 1682 possibilia
2573 1613 2800 1675 utimur,
2838 1627 2946 1667 non
2978 1612 3044 1664 ad
3072 1610 3454 1681 impossibilm.

1889 1704 1958 1760 lis
1991 1705 2135 1760 enim
2170 1704 2333 1760 factis
2373 1713 2466 1759 aut
2500 1721 2607 1761 non
2643 1704 2824 1770 factis,
2860 1720 2979 1775 qua:
3012 1704 3292 1775 possibilia
3330 1712 3458 1757 sunt

1888 1805 1942 1852 et
1973 1812 2139 1866 penes
2174 1811 2274 1852 nos
2307 1796 2432 1862 sita,
2468 1795 2755 1852 laudamur
2784 1805 2875 1852 aut
2916 1798 3308 1866 vituperamur.
3348 1794 3456 1848 llo-

1887 1890 2059 1947 mines
2101 1899 2281 1945 autem
2328 1905 2578 1961 peccare,
2628 1891 2754 1961 quia
2804 1905 2914 1944 non
2969 1891 3177 1956 volunt,
3230 1889 3456 1944 minimc

1885 2000 2034 2052 vero,
2069 1985 2195 2055 quia
2227 2001 2335 2038 non
2365 1993 2616 2055 possunt,
2655 1983 2788 2038 illud
2823 1991 3146 2056 argumento
3177 1991 3282 2046 est,
3308 1984 3454 2062 quod

1886 2093 1993 2130 non
2028 2091 2218 2132 omnes
2266 2077 2518 2132 homines
2560 2077 2615 2130 in
2659 2078 2841 2132 omnia
2891 2077 3096 2147 peccati
3135 2091 3331 2146 genera
3375 2076 3456 2129 la-

1886 2170 2104 2234 bantur,
2129 2169 2223 2225 sed
2253 2170 2473 2240 quidam
2508 2171 2564 2226 in
2602 2171 2724 2238 hoc,
2759 2171 2850 2225 alii
2875 2172 2929 2225 in
2964 2169 3116 2234 illud,
3141 2169 3362 2241 quidam
3397 2169 3452 2224 in

1885 2261 2059 2331 plura,
2086 2261 2176 2314 alii
2209 2262 2262 2315 in
2296 2261 2576 2332 pauciora,
2605 2261 2826 2334 quidam
2864 2262 2917 2315 in
2949 2261 3118 2325 nulla,
3157 2268 3214 2314 ut
3237 2261 3294 2327 ii,
3316 2275 3453 2330 quos

1879 2351 1990 2420 jam
2037 2352 2296 2416 diximus,
2334 2353 2494 2424 justi._
2537 2353 2690 2420 Quod
2735 2354 2952 2424 quidem
2993 2353 3308 2409 hominibus
3341 2369 3450 2407 non

1882 2445 2143 2522 eveniret,
2185 2452 2244 2498 ut
2294 2446 2386 2499 alii
2439 2455 2646 2501 certum
2695 2445 2968 2516 quoddam
3019 2445 3228 2516 peccati
3279 2461 3451 2515 genus

1880 2537 2240 2604 committant,
2283 2537 2374 2591 alii
2430 2537 2655 2591 omnino
2699 2552 2808 2591 non
2847 2542 3104 2606 peccent;
3153 2534 3197 2590 si
3247 2533 3452 2590 idcirco

1879 2627 2127 2683 homines
2169 2637 2476 2700 peccarent,
2515 2629 2659 2700 quod
2712 2638 2907 2683 natura
2956 2644 3064 2683 non
3106 2626 3303 2698 possit,
3339 2637 3451 2682 non

1879 2729 2058 2776 autem
2104 2722 2249 2790 quod
2282 2722 2513 2780 liberum
2548 2722 2836 2778 arbitrium
2867 2720 3023 2782 nolit.

1944 2895 2220 2966 QUASST.
2257 2900 2388 2957 (ΣΝ.
2431 2901 2486 2956 Si
2523 2903 2578 2957 in
2612 2902 2942 2957 criminibus
2970 2901 3150 2956 loettm
3182 2901 3451 2973 pmniten-

1875 2993 1961 3048 tize
1996 2995 2348 3064 peccantibus
2396 2996 2481 3050 lex
2531 3012 2641 3049 non
2689 2995 2971 3065 relinquit,
3014 2995 3110 3050 sed
3147 2994 3449 3065 periculum

1875 3085 2008 3156 ipsis
2040 3086 2204 3141 infert
2242 3102 2352 3141 non
2385 3087 2678 3144 evitabile;
2713 3086 2998 3158 quomodo
3047 3087 3304 3157 propheta
3343 3083 3450 3138 Da-

191 3185 290 3238 καὶ
319 3185 475 3252 φόνον
507 3184 536 3236 6
567 3182 850 3255 προφήτης
882 3181 1046 3236 Δαόὶδ
1085 3180 1475 3254 ἐργασάμενος,
1508 3177 1568 3232 οὐ
1622 3177 1771 3250 παρά

1880 3177 1984 3243 vid,
2019 3185 2142 3249 post
2180 3179 2504 3262 adulterium
2544 3186 2598 3235 et
2643 3179 2867 3244 caedem,
2904 3195 3013 3234 non
3049 3187 3246 3250 praeter
3274 3179 3448 3249 legem

191 3278 283 3331 τὸν
315 3278 476 3346 νόμον
523 3275 852 3347 συγγνώμης
883 3274 1140 3344 ﬂamen;
1181 3274 1290 3330 Kal.
1328 3275 1377 3328 εί
1422 3274 1519 3345 μὲν
1568 3274 1770 3342 ἀγαθὸν

192 3369 230 3436 ἡ
255 3363 574 3436 συγγνώμη,
604 3364 692 3420 διὰ
722 3366 775 3418 τί
807 3366 865 3419 τὸ
898 3365 1278 3434 ἀσύγγνωστον
1309 3364 1387 3431 τῷ
1426 3367 1574 3436 νόμῳ
1620 3365 1770 3420 συνέ-

189 3457 451 3523 (sonat;
486 3459 535 3510 εί
567 3457 624 3510 δὲ
664 3457 885 3526 φαῦλον,
931 3457 1068 3528 ὅπερ
1110 3457 1210 3510 οὐκ
1238 3452 1411 3528 οἶμαι,
1451 3459 1567 3523 πῶς
1603 3461 1632 3511 6
1665 3459 1770 3514 τῶν

185 3547 411 3618 ἀγαθῶν
437 3550 671 3620 χορηγὸς
699 3549 759 3602 16
788 3547 991 3618 φαῦλον
1028 3548 1105 3620 τῷ
1138 3551 1390 3622 προφήτῃ
1417 3552 1767 3622 κεχάρισται;

276 3641 678 3693 ἈΠΟΚΡΙΣΙΣ.
728 3641 790 3694 Εἰ
823 3640 915 3694 ἐπὶ
944 3639 1051 3693 τῶν
1081 3641 1436 3716 ἐγκλημάτων
1464 3642 1642 3714 χώραν
1675 3661 1770 3715 με·

186 3728 512 3800 τανοίαςτῷ
553 3728 894 3800 ἡμαρτηκότι
938 3729 966 3781 ὁ
1006 3730 1165 3800 νόμος
1208 3729 1268 3783 οὐ
1318 3731 1521 3796 δίδωσι,
1555 3731 1674 3795 πῶς
1712 3734 1769 3786 ἐν

187 3818 256 3886 τῇ
278 3818 633 3898 ἐννενηκοστῇ
659 3802 856 3889 ἐϐδόμῃ
880 3818 1141 3888 ἐρωτήσει
1163 3819 1523 3890 προτέτακται
1546 3821 1644 3891 τῆς
1674 3822 1770 3892 χά-

183 3925 339 3981 ριτυς
355 3908 398 3961 '6
422 3908 608 3978 νόμος,
639 3907 778 3962 ὥστε
821 3927 904 3972 τις
951 3909 1288 3982 ἑτοιμότερος
1333 3911 1426 3964 καὶ
1470 3911 1769 3985 φιλανθρω-

179 3999 418 4070 ,ττότερος
455 4001 534 4061 εἰς
563 3999 753 4067 ἄφεσιν
784 3997 893 4070 (67)
933 4000 1343 4071 ἁμαρτημάτων
1375 4003 1487 4065 τοῖς
1521 4001 1768 4077 ἁμαρτά-

188 4107 392 4154 νουσιν,
423 4089 516 4155 οὒς
539 4089 660 4143 καθ’
695 4088 930 4161 ἑκάστην
962 4091 1180 4161 ἡμέραν
1204 4090 1292 4145 διὰ
1324 4093 1417 4146 τοῦ
1458 4093 1765 4165 βαπτίσμα-

181 4181 282 4245 ’τός
311 4198 369 4234 τε
390 4181 481 4234 καὶ
504 4180 603 4250 τῆς
627 4181 734 4235 τῶν
763 4181 970 4251 ἀλόγων
997 4182 1206 4252 θυσίας,
1229 4184 1328 4256 τῆς
1352 4183 1608 4257 μέμψεως
1633 4186 1767 4239 ἀπο-

187 4273 327 4326 λύει·
363 4273 458 4327 νῦν
499 4273 554 4326 δὲ
595 4275 655 4327 ἐν
673 4275 749 4345 τῇ
785 4275 1120 4347 προκειμένῃ
1171 4277 1435 4349 ἐρωτήσει
1476 4277 1632 4348 ῥανὶς
1669 4277 1766 4349 οὐχ

186 4365 569 4444 ὑπολέλειπται
624 4365 700 4437 τῷ
740 4366 890 4438 νόμῳ
947 4367 1372 4440 φιλανθρωπίας,
1435 4369 1569 4423 ἀλλὰ
1617 4372 1767 4423 συνέ-

1871 3269 2027 3324 venia
2079 3269 2314 3326 donatus
2354 3281 2437 3326 est
2463 3257 2487 3324 ’ἒ
2517 3271 2593 3326 Ac
2626 3272 2674 3327 si
2714 3271 2918 3326 bonum
2970 3280 3051 3326 est
3095 3272 3275 3336 venia,
3311 3287 3449 3340 quo-

1872 3362 2034 3417 modo
2066 3363 2168 3433 legi
2201 3362 2517 3433 adjunctum
2547 3374 2632 3420 est.
2675 3373 2734 3418 ut
2770 3379 2879 3419 non
2928 3365 3205 3438 ignoscat?
3227 3361 3285 3419 Si
3320 3378 3447 3418 vero

1873 3453 2094 3518 malum,
2120 3454 2265 3523 quod
2298 3453 2518 3526 quidem
2541 3469 2650 3509 non
2675 3463 2832 3526 puto,
2871 3453 3142 3525 quomodo
3171 3441 3445 3510 bonorum

1871 3541 2096 3614 largitor
2119 3544 2400 3614 Propheta:
2435 3544 2638 3600 malum
2671 3546 2988 3600 concessit?

1943 3633 2140 3690 RESP.
2178 3632 2236 3689 Si
2282 3637 2338 3690 in
2383 3637 2706 3692 criminibus
2749 3638 2928 3692 locum
2979 3638 3314 3707 paenitentiae
3359 3638 3446 3694 lex

1871 3726 2120 3796 peccanti
2181 3741 2289 3781 non
2345 3727 2640 3797 relinquit,
2695 3727 2970 3798 quomodo
3026 3728 3080 3782 in
3142 3728 3445 3800 interroga-

1870 3818 2019 3873 tione
2039 3819 2105 3874 9'1
2140 3817 2227 3873 lex
2257 3820 2444 3890 gratia:
2478 3821 2784 3890 prazfertur,
2813 3829 2870 3875 ut
2904 3823 2969 3879 ad
3001 3821 3323 3879 dimittenda
3349 3823 3444 3879 de-

1871 3909 2242 3980 linquentibus
2276 3898 2498 3980 peccata
2533 3913 2836 3983 promptior
2867 3921 2922 3968 et
2955 3914 3268 3977 humanior,
3304 3929 3444 3986 quos

1870 3994 2112 4074 quotidie
2159 4004 2483 4073 baptismate
2530 4012 2584 4058 et
2616 4004 2934 4060 animalium
2983 4007 3210 4065 rationis
3243 4023 3441 4079 exper-

1868 4095 2001 4149 tium
2030 4095 2300 4151 sacriﬁcio
2324 4096 2555 4151 exsolvit
2587 4097 2847 4164 crimine;
2883 4113 3029 4154 nunc
3058 4106 3237 4152 autem
3269 4099 3322 4154 in
3353 4114 3438 4164 ea,

1869 4200 1991 4254 quae
2034 4187 2386 4256 proponitur,
2435 4187 2881 4257 interrogatione,
2924 4204 2990 4242 ne
3024 4193 3173 4257 gutta
3221 4179 3439 4258 quidem

1872 4277 2230 4334 humanitatis
2255 4278 2584 4348 relinquitur
2619 4279 2744 4348 legi,
2784 4277 2878 4332 sed
2909 4278 2956 4332 ei
2991 4278 3308 4349 adjungitur
3333 4296 3440 4334 non

1871 4368 2186 4439 ignoscendi
2246 4368 2607 4434 consuetudo,
2657 4369 2958 4439 perieulum
3019 4368 3260 4424 inferens
3317 4385 3442 4448 pec-

185 4457 413 4522 ζευκται
445 4458 595 4528 αὑτῷ
621 4459 682 4512 16
723 4458 1126 4529 ἀσύγγνωστον,
1168 4461 1406 4515 κίνδυνον
1447 4462 1648 4531 ἐπάγον
1689 4461 1764 4532 τῷ

1880 4462 2158 4514 εαιιιίιιοιι
2191 4459 2478 4515 evitabile?
2509 4460 2687 4530 Atque
2717 4459 2832 4514 haec
2859 4457 3078 4530 quidem
3115 4459 3168 4514 in
3200 4457 3440 4530 ambigui

185 4547 532 4620 ἡμαρτηκότι
578 4547 979 4625 ἀπαραίτητον;
1009 4550 1116 4603 Καὶ
1150 4550 1286 4624 πρὸς
1312 4551 1409 4622 μὲν
1438 4551 1497 4604 16
1537 4552 1612 4624 μὴ
1642 4553 1765 4606 ἀνευ

1880 4550 2059 4604 vitium
2085 4557 2138 4605 et
2165 4550 2651 4621 interrogationum
2679 4553 3094 4624 repugnantiam
3118 4552 3264 4608 dicta
3290 4554 3437 4621 sint;

185 4640 530 4710 πισὴμαντον
570 4639 799 4694 καὶτῶν
845 4642 1163 4713 ὲρωτὴσεων
1209 4641 1303 4714 τὴν
1339 4643 1650 4697 ἐναντίωσιν
1695 4645 1771 4697 ει-

1880 4641 1971 4710 :psi
1993 4648 2174 4696 autem
2193 4641 2606 4716 interrogationi
2632 4643 2713 4699 sic
2740 4644 3134 4714 respondemus
3163 4664 3174 4699 :
3212 4635 3438 4700 Etiamsi

183 4727 377 4801 ρὴσθω
409 4728 598 4784 ταῦτέοι⁹
629 4729 766 4803 πρὸς
797 4731 852 4796 δὲ
885 4731 981 4802 τὴν
1017 4731 1284 4803 ἐρώτησιν
1308 4733 1768 4803 ἀποκρινούμεθα,

1880 4749 1953 4789 ex
1982 4733 2267 4804 ignoscere
2295 4737 2535 4802 nesciat;
2557 4742 2626 4788 eat
2661 4736 2834 4807 gratia
2884 4736 3259 4806 pmnitentiam
3305 4752 3436 4806 pec-

181 4825 270 4876 ὂτι
294 4823 343 4876 εἰ
369 4823 461 4876 καὶ
487 4824 517 4876 ό
543 4821 704 4894 νόμος
735 4823 796 4877 τὸ
833 4825 1214 4894 ἁσύγγνωστον
1247 4824 1380 4895 ἔχει,
1421 4825 1555 4880 ἁλλὰ
1597 4827 1689 4880 καὶ
1734 4829 1768 4899 ἡ

1880 4828 2015 4882 :anti
2053 4828 2325 4884 concedit.
2354 4828 2491 4883 Illud
2523 4829 2704 4885 enim:
2737 4828 2931 4884 Manus
2969 4841 3155 4885 vestra
3185 4832 3437 4900 sanguine

185 4916 352 4987 χάρις
387 4915 675 4986 μετάνοιαν
700 4915 897 4970 δέδωκε
932 4917 1008 4988 τῷ
1039 4919 1402 4989 ἡμαρτηκότι.
1435 4919 1509 4971 T6
1538 4918 1665 4990 γὰρ.
1698 4923 1766 4974 Αἱ

1880 4921 2031 4974 alente
2079 4931 2222 4986 sunt,
2265 4921 2355 4976 sed
2407 4921 2659 4975 lavamini
2711 4930 2758 4975 et
2812 4921 2994 4975 mundi
3036 4930 3219 4977 estote.
3271 4927 3437 4992 Atque

183 5007 385 5077 χεῖρες
411 4998 578 5078 ὑμῶν
592 5008 838 5078 αἵματος
861 5007 1128 5078 πλήρεις·
1155 5010 1315 5064 ἀλλὰ
1341 5011 1649 5066 λούσασθε
1668 5012 1766 5066 καὶ

1880 5012 2318 5083 etiamsipeccata
2348 5023 2517 5070 vestra
2545 5022 2601 5068 ut
2635 5017 2904 5068 coccinum
2944 5013 3162 5083 fuerim,
3188 5023 3244 5067 ιιι
3269 5015 3435 5069 nivem

257 5162 303 5196 ³³
333 5159 532 5233 Philip.
571 5178 655 5230 ιιι,
686 5161 741 5218 6.
815 5162 1024 5218 ⁸³-Ι.ιιιο.
1061 5179 1100 5229 ι,
1135 5162 1190 5220 6.
1267 5164 1312 5198 ³⁸
1345 5163 1503 5221 Rom.
1536 5180 1618 5233 ιιι,
1652 5165 1742 5222 20.

1871 5323 2003 5378 nino
2032 5333 2223 5379 contra
2251 5322 2422 5394 legem
2475 5322 2842 5394 peccaverint,
2893 5320 2987 5377 sed
3017 5312 3184 5390 quod,
3213 5318 3311 5394 ubi
3335 5318 3428 5394 ali-

1869 5394 2000 5463 quid
2047 5390 2439 5464 ignoscendum
2476 5390 2878 5463 'peccaverant,
2924 5393 2978 5446 id
3011 5390 3344 5462 praescriptis
3378 5392 3430 5443 in

1859 5465 1977 5536 lege
2003 5463 2291 5536 sacriﬁciis
2321 5464 2676 5536 expiaverint.

253 5317 749 5392 (θῶίΖαχαρίουν
798 5319 914 5392 [hic
962 5320 1241 5392 Zachariae
1294 5321 1524 5392 ejusque
1574 5321 1764 5378 uxoris

179 5391 440 5459 exemplo
472 5392 767 5445 utebantur
797 5390 1095 5462 Pelagiani,
1152 5401 1212 5445 ut
1259 5390 1558 5462 probarent
1611 5409 1763 5461 posse

183 5459 451 5514 hominem
477 5462 534 5514 in
561 5461 659 5514 hac
708 5463 815 5516 vita
859 5478 970 5516 esse
995 5463 1107 5517 sine
1157 5472 1390 5517 peccato.
1417 5464 1560 5517 anud
1589 5463 1753 5517 Αιιιι..

477 5478 534 5514 ιη
561 5478 659 5514 nac
708 5478 815 5516 oua
859 5478 970 5516 esse
995 5478 1107 5517 une
1157 5478 1390 5528 peccato,
1417 5478 1560 5528 apud
1589 5478 1753 5528 aug.,

186 5479 451 5514 nominem
477 5479 534 5514 in
561 5479 659 5514 nuc
708 5479 815 5516 oua
859 5479 970 5516 esse
995 5479 1107 5517 une
1157 5479 1390 5531 peccato,
1417 5479 1560 5533 apud
1589 5479 1753 5533 aug.,

186 5528 270 5607 De
297 5530 690 5607 grat._Christi.
720 5546 777 5607 n_.
913 5531 1029 5607 _Sed
1060 5533 1759 5607 secumpugnathicscri-

1880 5479 1975 5536 ege
2006 5479 2291 5519 sacnncns
2321 5479 2676 5532 expiavennt.

1884 5534 2044 5607 “(66)
2082 5536 2190 5589 Τοῦ
2223 5533 2657 5607 δέιὸιιρῃιεηόο
2687 5533 2791 5607 ὅτι,
2817 5531 2971 5607 quod
2995 5531 3204 5590 incuria
3226 5531 3428 5586 excidit

184 5606 338 5672 ptor,
369 5601 464 5672 qui
495 5605 640 5672 nunc
673 5617 702 5654 a
744 5601 1048 5672 Pelagianis
1070 5617 1179 5657 non
1207 5601 1420 5658 videtur
1438 5603 1754 5659 discedere:
1860 5601 2234 5666 librariorum,
2267 5601 2591 5659 sententiam
2614 5601 2972 5658 restituimus.

186 5678 246 5723 at
281 5671 338 5724 in
367 5668 533 5746 Resp.
568 5671 641 5731 ad
668 5668 1036 5746 Quaestfjij.
1070 5673 1268 5746 _sol_um
1324 5674 1602 5746 Christum
1639 5676 1758 5730 sine

1933 5674 2042 5746 (67)
2067 5677 2171 5742 Εἰς
2192 5675 2428 5746 ἄφεσιν.
2461 5673 2797 5746 Przepositio2
2831 5689 2950 5746 quae
2979 5670 3333 5746 deeratapud
3359 5668 3423 5724 ﬂ.

183 5750 417 5808 peccato
449 5741 638 5819 fuisse
661 5743 927 5819 declarat,
959 5741 1278 5819 Zachariam
1311 5754 1490 5819 autem
1525 5745 1760 5819 ejusque
1865 5741 2200 5817 Stephanum
2229 5741 2280 5802 et
2313 5745 2367 5800 in
2401 5757 2535 5802 mss.
2567 5741 2748 5802 addita
2771 5741 3080 5816 Sylburgio.

184 5825 419 5868 uxorem
447 5813 502 5868 in
531 5829 596 5869 eo
625 5813 932 5886 inculpatos
961 5813 1152 5882 fuisse,
1175 5829 1284 5870 non
1314 5815 1457 5885 quod
1485 5815 1620 5871 nihil
1640 5813 1767 5872 ὀω-
