4146 6428
713 377 850 436 1381

1459 373 1827 431 APPENDIX.
1861 408 1927 417 —
1966 373 2153 432 PARS
2187 377 2229 433 1.
2272 376 2331 431 S.
2365 375 2634 435 JUSTINI
2674 376 2906 433 OPEBA
2945 378 3227 439 SPURLL

3852 384 3999 441 {352

708 490 967 548 dealbabo
997 489 1041 525 ⁸³
1069 506 1085 557 ;
1116 490 1243 544 item
1279 489 1414 546 illud
1475 509 1489 546 :
1527 489 1671 545 Nolo
1707 498 1929 546 mortem
1961 492 2279 559 peccatoris,

2387 492 2632 560 καθαροὶ
2662 491 2927 561 γένεσθε.
2959 494 3092 557 Kal,
3117 488 3401 557 ἑὰνῶσιν
3418 495 3481 548 at
3506 494 3797 564 ἁμαρτίαι
3828 499 3997 567 ὑμῶν

707 582 801 640 sed
837 592 895 636 ιιι
934 589 1269 636 convertatur
1308 590 1359 635 et
1407 581 1545 637 uiuat
1594 581 1665 647 ⁸⁸,
1715 595 1880 636 voces
1923 588 2054 636 sunt
2094 580 2279 636 divina

2388 583 2469 649 ὡς
2494 584 2826 653 φοινικοῦν,
2854 586 2936 653 ὡς
2962 586 3138 655 χιόνα
3160 585 3471 667 λευκανῶχ
3492 589 3588 640 καὶ
3616 588 3703 652 τὸ,
3737 593 3827 643 Οὐ
3848 592 4003 655 ,βού-

707 675 899 747 gratia:
946 681 1264 746 peccatores
1294 676 1543 731 vocantis
1579 674 1648 735 ad
1680 674 2008 730 beneﬁcium
2044 674 2203 747 legis,
2234 685 2279 730 ut

2385 678 2568 745 λομαι
2595 674 2702 729 τὸν
2726 674 2988 730 θάνατον
3013 678 3119 731 τοῦ
3142 676 3494 747 ἁμαρτω.λοῦ
3508 681 3592 747 ὡς
3621 681 3689 733 τὸ
3706 680 3992 751 ἐπιστρέ-

708 781 807 837 per
853 765 1233 836 pmnitentiam
1278 780 1493 829 eorum,
1547 779 1669 837 quae
1706 766 1859 835 prius
1904 775 2291 836 peccaverunt,

710 857 925 913 veniam
975 864 1405 927 consequantur.
1448 856 1598 912 Bona
1644 857 1864 928 quidem
1908 858 2069 912 venia
2117 865 2175 913 et
2210 858 2295 914 di-

2388 766 2499 832 ⁴ιίιιιῑι
2544 765 2641 818 καὶ
2686 763 2801 833 ζῇν
2844 766 3051 831 αὐτὸν,
3095 768 3267 836 φωναί
3311 770 3416 821 είσι
3448 770 3550 844 τῆς
3577 769 3737 835 θείας
3765 773 3991 844 χάριτος

2390 855 2745 927 ἁμαρτωλοὺς
2770 856 3028 920 καλοῦσαι
3076 860 3157 923 είς
3198 858 3491 915 εὐπάθειαν
3537 861 3631 915 τοῦ
3662 864 3866 935 νόμου,
3906 866 3993 919 διὰ

706 950 847 1006 vinaa
886 948 1076 1020 gratim
1115 951 1344 1013 donum,
1389 964 1492 1005 nec
1530 957 1714 1009 tamen
1754 949 2058 1004 secundum
2113 949 2279 1019 legem

2394 948 2682 1020 μετανοίας
2707 948 2993 1019 εἰληφότας
3020 949 3128 1025 τῶν
3157 954 3670 1024 προημαρτημένων
3704 957 3810 1027 τὴν
3860 975 3965 1026 συγ

706 1050 813 1106 est.
837 1059 938 1098 nec
970 1051 1163 1099 contra
1190 1043 1385 1114 legem,
1413 1041 1509 1097 sed
1534 1056 1698 1111 supra
1724 1041 1894 1111 legem
1927 1050 1981 1096 et
2014 1056 2114 1111 pro
2136 1040 2283 1112 lege:

707 1149 873 1204 supra
906 1135 1081 1205 legem
1114 1134 1357 1204 quidem,
1382 1134 1510 1203 quia
1543 1134 1757 1204 gratia;
1796 1148 1898 1204 pro
1930 1133 2047 1203 lege
2076 1139 2283 1195 autem,

702 1227 835 1295 quia
866 1241 962 1297 per
992 1226 1372 1296 paenitentiam
1402 1235 1719 1296 peccatores
1753 1224 1978 1279 adducit
2011 1224 2081 1278 ad
2116 1224 2283 1279 bene-

705 1316 890 1372 ﬁcium
922 1317 1081 1389 legis,
1115 1318 1261 1373 sicut
1287 1325 1343 1373 et
1376 1316 1658 1373 Davidem.

2387 1039 2631 1112 γνώμην.
2675 1042 2877 1113 Ἀγαθὴ
2910 1044 3006 1113 μὲν
3044 1038 3139 1097 οῦν
3165 1046 3312 1097 ἐστιν
3345 1047 3378 1115 ἡ
3410 1046 3716 1120 συγγνώμη
3747 1050 3849 1104 καὶ
3894 1068 3992 1121 της

2387 1132 2537 1197 θείας
2564 1132 2785 1206 χάριτος
2811 1135 3002 1207 δῶρον·
3033 1136 3135 1190 οὑκ
3158 1136 3274 1190 ἔστι
3298 1137 3357 1191 δὲ
3394 1139 3512 1194 οὑδὲ
3560 1141 3710 1195 κατά
3759 1142 3859 1196 τὸν
3908 1144 3991 1197 νό-

2388 1242 2507 1295 μον,
2535 1226 2655 1279 οὑδὲ
2686 1227 2829 1281 κατά
2855 1226 2949 1280 τοῦ
2978 1229 3166 1300 νόμου,
3195 1229 3310 1284 ἀλλ’
3352 1229 3493 1302 ὑπὲρ
3528 1233 3622 1287 τὸν
3660 1233 3860 1304 νόμον,
3901 1238 3990 1289 καὶ

2383 1317 2521 1389 ὑπὲρ
2544 1316 2637 1371 τοῦ
2670 1318 2857 1388 νόμου·
2890 1319 3029 1391 ὑπὲρ
3057 1320 3149 1374 τὸν
3175 1322 3337 1392 νόμον
3365 1320 3485 1392 μὲν,
3517 1323 3600 1376 ὅτι
3625 1325 3817 1396 χάρις,
3850 1326 3987 1396 ὑπὲρ

702 1412 799 1466 τοῦ
857 1412 1022 1485 νόμου
1074 1412 1152 1480 δὲ,
1206 1414 1289 1468 ὅτι
1330 1411 1419 1467 διὰ
1462 1411 1762 1485 μετανοίας
1794 1411 1920 1481 ἀγει
1972 1412 2101 1477 τοὺς
2132 1411 2489 1484 ἀμαρτωλοὺς
2532 1416 2612 1478 εἰς
2661 1413 2955 1469 εὐπάθειαν
3018 1414 3111 1471 τοῦ
3165 1414 3363 1487 νόμου,
3424 1416 3679 1489 καθάπερ
3737 1417 3837 1473 καὶ
3899 1419 3990 1473 τὸν

703 1506 888 1563 Δαϐίδ.

772 1625 937 1695 QUI
950 1627 1055 1683 ST.
1078 1627 1188 1684 CV.
1211 1627 1269 1684 Si
1298 1630 1553 1686 omnibus
1575 1630 1891 1686 hominibus
1912 1630 2285 1686 necessarium

700 1730 789 1777 est
832 1721 1167 1790 precationis
1211 1723 1474 1778 auxilium
1525 1730 1746 1793 propter
1797 1730 2008 1778 natura;
2052 1722 2284 1776 inﬁrmi-

2473 1627 2825 1680 ἘΡΩΤΗΣῙΣ
2859 1628 2979 1681 PE'.
3024 1627 3086 1681 Εί
3125 1629 3260 1681 πᾶσι
3305 1628 3404 1699 μὲν
3443 1627 3758 1700 ἀνθρώποις
3788 1631 3882 1685 διὰ
3924 1630 3986 1688 τὸ

2388 1717 2611 1782 ἀσθενὲς
2638 1718 2736 1789 τῆς
2765 1717 2976 1787 φύσεως
3002 1719 3273 1787 ἀναγκαία
3300 1721 3335 1790 ἡ
3359 1718 3445 1773 διά
3473 1721 3571 1791 τῆς
3600 1720 3776 1793 εὐχῆς
3802 1722 3981 1794 ὑπάρ-

703 1823 893 1880 tatem,
945 1814 1061 1870 haec
1108 1822 1289 1871 autem
1330 1830 1674 1886 nequaquam
1716 1816 1860 1903 inest
1903 1816 2127 1871 ChriSto
2173 1815 2279 1871 llo-

2388 1826 2470 1879 χει
2500 1809 2741 1881 βοήθεια,
2777 1808 2947 1866 ταῦτα
2974 1809 3031 1863 δὲ
3058 1809 3120 1863 οὑ
3157 1811 3415 1882 πρόσεστι
3455 1810 3535 1882 τῷ
3560 1813 3816 1885 Δεσπότῃ
3842 1815 3980 1886 Χρι-

701 1908 875 1974 mino,
921 1904 1109 1979 utpote
1152 1907 1385 1962 Domino
1428 1915 1483 1962 et
1527 1907 1779 1963 idoneam
1806 1895 1874 1962 ad
1908 1909 2091 1961 omnia
2126 1917 2281 1981 pote-

701 2008 897 2058 statem
929 2001 1151 2056 habenti
1176 2043 1191 2067 ,
1222 2015 1324 2055 cur
1356 2001 1622 2072 apostolis
1656 2000 2001 2072 frequentius
2031 2016 2099 2057 ex
2132 1998 2283 2056 Scri-

700 2100 863 2164 ptura
891 2093 1177 2149 Christum
1200 2094 1470 2151 discimus
1496 2093 1727 2150 orasse?

768 2269 934 2347 ω
980 2256 1180 2324 RESP.
1227 2267 1973 2335 Quemadmodum'esurivit
2019 2266 2283 2325 Dominus

697 2370 751 2417 et
788 2362 979 2427 sitivit,
1006 2368 1060 2416 et
1087 2360 1377 2422 laboravit.
1411 2369 1467 2417 et
1501 2362 1834 2433 lacrymatus
1874 2369 1993 2424 est,
2024 2370 2080 2416 et
2118 2360 2284 2416 suda-

699 2457 810 2523 vit;
846 2454 1099 2527 quamvis
1126 2468 1317 2526 posset
1358 2455 1497 2509 nihil
1545 2454 1779 2519 horum,
1803 2470 1902 2525 pro
1946 2454 2284 2509 exuberante

696 2546 960 2622 potentia,
993 2547 1289 2612 sustinere,
1331 2546 1428 2628 sed
1481 2554 1541 2604 ut
1586 2554 1966 2617 argumentum
2016 2561 2130 2601 suae
2181 2546 2283 2601 hu-

694 2655 875 2697 manae
921 2647 1131 2695 natura:
1186 2639 1483 2709 pra‘beru,
1534 2654 1633 2694 sua
1682 2646 1884 2709 sponte
1934 2638 2283 2694 inﬁrmitates

696 2744 911 2789 natura:
940 2732 1241 2789 sustinuit:
1267 2731 1342 2785 ita
1378 2739 1432 2786 et
1460 2733 1637 2786 orarit
1660 2732 1904 2787 eamdem
1936 2732 2006 2786 ob
2034 2746 2277 2787 causam.

694 2823 833 2882 Nam
880 2824 950 2889 si,
998 2840 1122 2879 cum
1170 2825 1451 2880 voluntate
1502 2839 1601 2879 sua
1640 2824 2041 2878 imbecillitatcs
2074 2830 2283 2879 natura:

698 2932 815 2973 sua:
858 2915 1209 2979 sustinuerit,
1258 2914 1481 2985 quidam
1529 2915 1714 2969 dicere
1759 2914 1985 2977 audent,
2014 2929 2127 2968 non
2160 2928 2283 2968 esse

699 3008 855 3063 illum
886 3008 1135 3079 ejusdem
1168 3022 1243 3062 ac
1280 3022 1385 3063 nos
1417 3012 1653 3061 uatum:
1683 3007 1958 3078 quomodo
1996 3022 2107 3061 non
2147 3006 2281 3061 illud

699 3100 880 3171 ipsum
911 3100 1158 3155 dicerent
1187 3099 1439 3153 uberiore
1466 3086 1968 3175 cum’argumento,
1996 3096 2042 3153 si
2070 3098 2119 3153 ei
2148 3113 2282 3152 con-

2387 1902 2498 1973 στῷ
2524 1898 2612 1955 οἷα
2642 1904 2889 1976 Δεσπότῃ
2912 1903 3007 1957 καὶ
3032 1903 3307 1975 ἀρκοῦσαν
3332 1905 3471 1977 πρὸς
3496 1906 3674 1960 πάντα
3703 1908 3982 1980 κεκτημέ·

2385 1994 2581 2066 νῳτὴν
2612 1994 2860 2066 δύναμιν,
2901 1995 2989 2049 διὰ
3031 1995 3084 2048 τί
3128 1994 3236 2050 τῶν
3276 1992 3595 2051 ἀποστόλων
3651 1999 3979 2071 συχνότερον

2382 2087 2489 2140 ὑπὸ
2519 2089 2619 2158 τῆς
2647 2089 2868 2161 Γραφῆς
2905 2088 2995 2143 τὸν
3026 2089 3260 2160 Χριστὸν
3290 2089 3634 2161 μανθάνομεν
3671 2094 3976 2165 προσευχόο

2387 2196 2546 2251 μενον
2562 2196 2577 2245 ;

2465 2272 2872 2326 ’AHOKPIEIZ.
2917 2272 3126 2347 Ὠσπερ
3161 2272 3422 2337 πεινάσας
3450 2275 3480 2327 ό
3512 2274 3739 2347 Κύριος,
3772 2278 3870 2332 καὶ
3899 2278 3977 2332 δι-

2381 2363 2601 2436 ψήσας,
2647 2366 2743 2420 καὶ
2781 2365 3087 2431 κοπιάσας,
3136 2366 3413 2438 δακρύσας
3454 2384 3514 2419 τε
3564 2369 3659 2423 καὶ
3702 2370 3972 2442 ἱδρώσας,

2384 2455 2557 2509 καίτοι
2573 2456 2868 2527 δυνάμενος
2893 2457 2979 2511 διὰ
3008 2460 3328 2530 περιουσίας
3356 2460 3418 2513 δυ
3430 2461 3637 2532 θάμεως
3656 2461 3774 2532 (68)
3805 2462 3975 2534 μηδὲν

2383 2548 2584 2601 τούτων
2614 2547 2927 2618 ὑπομένειν,
2957 2548 3047 2602 διὰ
3068 2549 3129 2603 δὲ
3161 2549 3221 2602 τὸ
3254 2550 3515 2621 παρέχειν
3540 2551 3831 2623 γνώρισμα
3873 2554 3975 2623 τῆς

2384 2641 2728 2712 ἀνθρωπίνης
2774 2642 2939 2695 αὑτοῦ
2994 2637 3210 2711 φύσεως
3259 2643 3522 2707 ἑκουσίως
3578 2643 3841 2714 ὑπέμεινε
3905 2646 3975 2699 τὰ

2380 2730 2479 2801 τῆς
2508 2729 2722 2799 φύσεως
2750 2731 2970 2802 ἀσθενῆ,
3002 2730 3174 2795 οὕτως
3207 2732 3302 2785 καὶ
3334 2732 3395 2786 τὸ
3422 2732 3685 2797 εὔξασθαι
3730 2733 3824 2787 διὰ
3870 2734 3972 2805 τὴν

2382 2820 2552 2891 αὐτὴν
2588 2820 2785 2876 αἰτίαν.
2824 2822 2885 2885 Et
2924 2822 3033 2894 γὰρ
3066 2822 3328 2887 ἑκουσίως
3361 2823 3842 2895 ὑπομεμενηκότος
3869 2826 3972 2880 αὐ-

2382 2911 2477 2964 τοῦ
2518 2910 2588 2964 τά
2614 2910 2966 2983 ἀσθενήματα
2999 2913 3099 2984 τῆς
3126 2912 3319 2967 ἑαυτοῦ
3354 2913 3587 2983 φύσεως,
3620 2915 3864 2987 τολμῶσί
3894 2935 3973 2970 τι·

2381 3020 2471 3066 νες
2495 3001 2674 3072 λέγειν
2706 3002 2779 3074 μὴ
2809 3003 3079 3077 ὑπάρχειν
3103 3004 3267 3058 αὑτὸν
3295 3005 3394 3076 τῆς
3424 3006 3697 3077 ἡμετέρας
3726 3006 3968 3077 φύσεως,

2384 3095 2500 3159 πῶς
2528 3095 2629 3148 οὑκ
2657 3095 2722 3149 ἂν
2750 3095 2935 3165 ἔλεγον
2964 3096 3097 3150 αὑτὸ
3129 3096 3290 3151 τοῦτο
3332 3098 3469 3169 μετά
3506 3098 3624 3169 τῆς
3647 3101 3969 3170 περιουσίας

698 3190 916 3264 tigisset
969 3206 1314 3260 nequaquam
1362 3190 1573 3260 precari
1621 3188 1790 3245 Deum
1840 3198 1896 3245 et
1927 3190 2185 3269 Patrem?
2214 3180 2279 3246 Et

2381 3187 2482 3258 τῆς
2507 3187 2857 3252 ἀποδείξεως,
2886 3189 2945 3245 είη
2970 3187 3166 3260 συνέϐη
3199 3188 3348 3259 αὑτῷ
3393 3189 3652 3260 μηδαμῶς
3682 3190 3847 3245 αὑτὸν
3872 3191 3970 3246 εὑ-

697 3284 825 3356 quia
855 3282 924 3340 de
949 3284 1215 3357 apostolis
1242 3283 1391 3335 nulla
1419 3282 1629 3337 exstitit
1657 3281 1928 3336 dubitatio
1962 3291 2145 3337 utrum
2179 3283 2279 3338 ho-

695 3377 872 3432 mines
901 3383 1107 3440 essent,
1140 3373 1207 3430 de
1241 3372 1522 3428 Salvatore
1550 3380 1732 3429 autem
1756 3373 1811 3428 id
1845 3383 2134 3429 venturum
2160 3384 2279 3431 erat

696 3448 753 3519 in
782 3462 1043 3530 dubium;
1078 3473 1365 3535 propterea
1398 3463 1548 3516 illum
1574 3462 1937 3533 frequentius,
1974 3450 2139 3537 quain
2172 3482 2278 3521 ca:-

692 3565 847 3614 teros
882 3556 1154 3619 homines,
1197 3556 1363 3610 etiam
1413 3564 1693 3625 precatum
1727 3570 1851 3611 esse
1881 3556 2163 3628 Scriptura
2193 3560 2279 3614 di-

690 3644 821 3703 vina
851 3648 1113 3704 narravit.
1148 3646 1287 3702 Nam
1334 3648 1381 3703 si
1428 3648 1682 3719 superior
1719 3648 2129 3711 inﬁrmitatibus
2155 3666 2277 3706 car-

695 3744 783 3798 nis
815 3757 913 3813 per
943 3739 1408 3797 resurrectionem
1450 3738 1659 3805 factus,
1698 3747 1756 3795 ut
1785 3740 2024 3811 pontifex
2054 3740 2277 3798 confes-

696 3834 873 3891 sionis
914 3842 1145 3898 nostrae,
1198 3832 1488 3888 intercedit
1524 3849 1624 3906 pro
1675 3834 1834 3889 nobis
1879 3835 2021 3904 apud
2074 3833 2277 3893 Deum:

693 3925 973 3998 quomodo
992 3941 1103 3981 non
1132 3926 1329 3996 magis,
1358 3924 1537 3979 adhuc
1564 3924 1846 3997 fragilitati
1875 3927 2059 3982 carnis
2094 3926 2279 3997 subje-
2297 3966 2314 3985 .

695 4024 839 4081 ctus,
875 4016 1059 4072 valido
1092 4031 1231 4087 opus
1278 4017 1473 4073 habuit
1509 4024 1566 4072 et
1603 4017 1909 4073 vehementi
1957 4020 2198 4075 clamore
2223 4028 2277 4075 et

693 4105 975 4179 lacrymis,
1011 4122 1136 4162 cum
1170 4107 1371 4178 quibus
1414 4121 1608 4177 preces
1640 4109 1839 4165 obtulit
1872 4109 1944 4176 ei,
1970 4110 2067 4182 qui
2097 4110 2277 4181 ipsum

696 4213 727 4251 a
756 4206 933 4253 morte
960 4200 1139 4269 potuit
1170 4214 1392 4256 servare
1417 4206 1443 4260 ἵ

764 4394 1048 4462 ΟΙΙΛΕΞΤ.
1103 4394 1237 4452 CVI.
1293 4396 1352 4453 Si
1401 4396 1684 4453 hominum
1732 4409 2059 4458 cunctorum
2108 4419 2274 4459 tunam

691 4504 847 4559 caro,
880 4499 937 4545 et
989 4506 1153 4546 unam
1208 4491 1389 4545 anima
1441 4492 1601 4550 habet
1648 4494 1963 4561 essentiam,
2000 4499 2276 4567 quomodo

694 4576 786 4631 hic
836 4577 1059 4648 quidem
1112 4578 1290 4643 tardi,
1346 4578 1443 4635 ille
1477 4590 1656 4637 autem
1700 4584 1845 4637 acuti
1905 4594 1990 4640 est
2038 4588 2277 4660 ingenii?

696 4668 850 4736 Quod
869 4669 1161 4733 sianimns
1182 4668 1453 4739 ejusmodi
1483 4672 1803 4731 differentia:
1830 4692 2017 4743 causa,
2049 4695 2275 4743 necesse

693 4761 803 4819 crit
834 4756 1171 4839 existinnre,
1198 4764 1407 4822 variam
1440 4782 1564 4825 esse
1596 4771 1902 4827 animorum
1949 4776 2267 4841 essentiam.

694 4868 797 4925 pro
827 4853 1167 4925 ingeniorum
1200 4854 1493 4927 varietate;
1524 4860 1613 4915 sin
1648 4876 1799 4929 caro,
1832 4866 2017 4924 eadem
2064 4867 2119 4922 in
2144 4882 2270 4927 eam

696 4945 989 5015 quadrabit
1022 4947 1179 5017 ratio.
1226 4946 1295 5001 At
1330 4949 1374 5005 si
1410 4965 1476 5005 ex
1504 4952 1702 5025 chymo
1734 4954 1850 5025 (seu
1882 4956 2112 5013 decocto
2145 4974 2269 5014 suc-

697 5034 785 5107 co)
816 5036 1110 5107 quopiam,
1155 5038 1322 5093 veluti
1369 5042 1523 5097 arido
1561 5054 1653 5098 aut
1697 5046 1924 5117 liquido,
1960 5049 2044 5105 vel
2095 5050 2273 5105 calido

698 5135 796 5183 aut
828 5127 1026 5199 frigido
1071 5129 1410 5188 exuberante
1455 5134 1539 5189 vel
1583 5137 1897 5205 deﬁciente,
1930 5140 2157 5197 alterum
2194 5143 2272 5197 al-

698 5226 821 5283 tero
851 5228 937 5298 est
971 5222 1270 5311 potentius,
1298 5222 1442 5281 sicut
1472 5226 1785 5299 insipientia
1817 5240 1909 5285 aut
1944 5232 2229 5303 prudentia
2254 5254 2266 5290 :

698 5312 974 5369 undenam
993 5353 1009 5380 ,
1035 5322 1089 5371 et
1119 5317 1414 5387 quomodo.
1442 5319 1710 5385 ejusmodi
1740 5323 2012 5388 quoddam
2043 5326 2272 5382 invaluit

734 5488 785 5526 ⁸⁸
809 5490 917 5551 Isa.
951 5508 992 5559 ι,
1026 5493 1115 5551 l5.
1190 5495 1238 5529 “
1259 5494 1455 5553 Ezech.
1482 5515 1691 5567 xxxm,
1721 5502 1807 5559 ll.

772 5670 880 5750 (ϐξ)
904 5670 1377 5750 Διρ-περιουσίας
1425 5674 1889 5750 τῆς-δυνάμεως.
1936 5676 2115 5750 Mallet
2142 5676 2266 5750 Syl-

697 5741 927 5815 burgius
955 5741 1043 5796 διὰ
1076 5746 1392 5814 περιουσίαν
1424 5741 1729 5818 δυ’νάμεωςξ
1751 5741 1858 5802 Sed
1885 5749 2019 5802 nihil
2045 5741 2267 5805 necesse

2383 3277 2676 3350 ξασθαιτῷ
2697 3279 2818 3350 Θεῷ
2844 3280 2938 3333 καὶ
2961 3280 3171 3351 Πατρί;
3199 3281 3295 3335 καὶ
3326 3282 3511 3352 ἐπειδὴ
3541 3282 3670 3353 περὶ
3693 3284 3805 3336 τῶν
3833 3284 3973 3337 ἀπο-

2383 3366 2583 3423 στόλων
2607 3369 2830 3439 οὐδεμία
2853 3371 3077 3440 γέγονεν
3097 3370 3395 3442 ἀμφισολία
3422 3375 3469 3426 εί
3497 3371 3775 3445 ἄνθρωποι
3799 3370 3967 3445 ἦσαν,

2381 3464 2511 3537 περὶ
2556 3464 2613 3517 δὲ
2654 3463 2747 3518 τοῦ
2796 3465 3047 3537 Σωτῆρος
3094 3464 3288 3535 ἔμελλε
3335 3464 3580 3534 γίνεσθαι
3621 3466 3965 3536 ἀμφιϐολία·

2377 3555 2468 3609 διὰ
2495 3555 2653 3609 τοῦτο
2678 3556 3000 3627 συχνότερον
3029 3556 3196 3611 αὑτοῦ
3224 3560 3336 3621 τοῖς
3370 3557 3576 3620 λοιποῖς
3602 3557 3713 3629 (69)
3747 3558 3970 3630 ἀνθρὼ-

2380 3664 2503 3711 ποις
2532 3648 2624 3700 καὶ
2651 3648 2710 3702 τὸ
2740 3648 2997 3715 εὑξασθαι
3030 3648 3191 3711 αὑτὸν
3222 3650 3577 3721 κατήγγειλεν
3608 3651 3642 3721 ἡ
3668 3650 3792 3703 θεία
3824 3652 3970 3722 Γρα-

2380 3740 2476 3811 φή.
2503 3740 2567 3793 Εἰ
2597 3739 2704 3812 γὰρ
2732 3740 2839 3795 τῶν
2870 3742 2969 3812 τῆς
3000 3742 3211 3813 ’σαρκὸς
3243 3741 3535 3797 ἀσθενειῶν
3554 3742 3834 3816 ,ἀνώτερος
3870 3745 3965 3799 διὰ

2378 3830 2479 3900 τῆς
2508 3831 2855 3897 ἀναστάσεως
2882 3833 3190 3905 γενόμενος.
3218 3834 3294 3898 ὼς
3325 3833 3613 3905 ἀρχιερεὺς
3637 3833 3738 3903 τῆς
3768 3834 3966 3905 ὁμολο-

2378 3922 2505 3992 γίας
2531 3923 2707 3995 ἡμῶν,
2728 3924 3043 3995 ἐντυγχάνει
3071 3924 3149 3995 τῷ
3173 3923 3293 3995 Θεῷ
3320 3923 3459 3996 ὑπὲρ
3488 3924 3664 3995 ήμῶν,
3696 3925 3818 3990 πῶς
3841 3926 3964 3997 οὐχὶ

2384 4017 2584 4086 μᾶλλον
2612 4014 2691 4071 ἔτι
2716 4018 3075 4089 ὑποκειμένου
3104 4017 3270 4073 αὑτοῦ
3303 4021 3369 4090 τῇ
3404 4019 3657 4089 ἀσθενείᾳ
3691 4021 3791 4091 τῆς
3831 4039 3965 4093 σαρ-

2380 4108 2497 4173 κὸς.
2512 4109 2680 4162 ἐδεῖτο
2700 4109 2940 4181 μεγάλης
2956 4110 3201 4182 κραυγῆς
3224 4110 3320 4165 καὶ
3346 4112 3571 4183 ἰσχυρᾶς
3586 4112 3683 4164 καὶ
3705 4113 3962 4185 δακρύων

2382 4200 2501 4273 μεθ’
2536 4194 2613 4255 ὧν
2653 4201 2750 4273 τὴν
2788 4201 2971 4273 δέησιν
3016 4201 3323 4275 προσέφερε
3358 4201 3435 4273 τῷ
3467 4191 3753 4277 δυναμένῳ
3788 4204 3961 4275 ῥύσα-

2381 4290 2504 4345 σθαι
2530 4291 2691 4346 αὑτὸν
2718 4294 2783 4346 ὲκ
2808 4292 3074 4358 θανάτους

2461 4403 2808 4457 ἘΡΩΤΗΣΙΣ
3018 4406 3083 4459 El
3111 4405 3327 4460 πάντων
3358 4404 3466 4460 τῶν
3494 4405 3801 4478 ἀνθρώπων
3832 4408 3958 4480 μίαν

2380 4496 2492 4568 ἔχει
2522 4499 2555 4569 ἠ
2591 4496 2745 4569 σὰρξ,
2775 4498 2871 4551 καὶ
2902 4498 3086 4569 μίανὴ
3113 4498 3258 4570 ψυχὴ
3286 4497 3493 4563 οὐσίαν,
3525 4498 3644 4563 πῶς
3674 4501 3703 4552 ό
3733 4502 3833 4571 μὲν
3858 4502 3958 4573 ἀρ-

2306 4556 2351 4613 D
2377 4556 2492 4659 73c,
2572 4588 2629 4643 δὲ
2808 4556 2915 4661 τὴν.
2937 4556 3294 4661 νόησίνέᾶίν
3318 4556 3571 4661 ὀξύτερος
3591 4607 3605 4655 ;
3623 4556 3753 4644 d1)“
3777 4594 3828 4645 εί
3861 4556 3956 4663 μὲν

2378 4685 2411 4754 ὴ
2447 4681 2595 4754 ψυχὴ
2634 4682 2731 4753 τῆς
2770 4683 3026 4753 τοιαύτης
3066 4683 3186 4736 ἐστὶ
3224 4682 3487 4754 διαφορᾶς
3530 4682 3703 4750 αἰτία,
3744 4684 3954 4755 ἀνάγκη

2376 4774 2485 4830 τῶν
2520 4774 2706 4847 ψυχῶν
2752 4776 2997 4830 ὑπονοεῖν
3035 4776 3134 4847 τὴν
3164 4776 3354 4831 οὐσίαν
3393 4776 3649 4847 διάφορον
3691 4775 3835 4830 κατά
3861 4775 3955 4847 τὴν

2376 4867 2637 4940 διαφορὰν
2660 4868 2760 4939 τῆς
2787 4869 3022 4940 νοήσεως
3042 4884 3055 4898 °
3089 4870 3139 4922 εί
3168 4868 3284 4941 δὲςή
3308 4869 3469 4941 σὰρξ,
3486 4872 3523 4923 ὁ
3540 4852 3703 4933 αὐτὸς
3722 4870 3816 4923 καὶ
3831 4869 3954 4941 περὶ

2378 4958 2550 5029 αὑτῆς
2584 4958 2741 5028 λόγος
2784 4959 3097 5033 ἀρμόσειεν.
3128 4961 3191 5013 El
3217 4960 3274 5013 δὲ
3318 4960 3382 5014 ἐκ
3426 4978 3567 5029 τινος
3606 4961 3806 5033 χυμοῦ,
3846 4954 3951 5015 οἷον

2378 5048 2546 5121 ξηροῦ
2574 5049 2606 5121 ἢ
2634 5050 2823 5121 ὑγροῦ,
2849 5051 2881 5121 ἢ
2913 5049 3113 5122 θερμοῦ
3141 5051 3174 5123 ἢ
3201 5050 3408 5124 ψυχροῦ
3437 5052 3780 5123 πλεονασμοῦ
3806 5053 3840 5124 ἢ
3873 5050 3950 5105 ἐλ-

2377 5141 2628 5213 λείψεως,
2657 5142 2751 5198 τοῦ
2778 5143 3006 5217 θατέρου
3035 5144 3095 5198 τὸ
3121 5145 3306 5218 ἕτερον
3332 5144 3792 5219 ὲπικρατέστερον
3813 5146 3949 5215 vivs-

2377 5252 2486 5301 ται,
2528 5230 2641 5289 οἷον
2668 5236 2949 5307 ἀφροσύνη
2996 5237 3030 5308 ἢ
3073 5236 3355 5309 φρόνησις,
3399 5236 3581 5300 πόθεν,
3613 5237 3648 5307 ἢ
3682 5238 3833 5302 ὅπως
3859 5237 3949 5305 γέ-

2376 5326 2500 5398 γονέ
2527 5346 2610 5392 τις
2649 5328 2905 5401 τοιαύτης
2947 5328 3230 5403 ποιότητος
3263 5329 3665 5403 ηὲπικράτεια,
3703 5331 3741 5401 ἡ
3779 5346 3949 5401 παραο

2375 5680 2828 5752 omnipotentem,
2854 5679 2973 5736 haec
3006 5680 3351 5738 incommoda
3374 5681 3547 5737 vitare
3576 5680 3844 5752 potuisse.

2445 5750 2554 5825 (69)
2575 5752 2771 5825 Αὑτοῦ
2803 5753 2925 5825 τοῖς
2950 5754 3204 5820 λοιποῖς.
3228 5752 3372 5810 Idem
3402 5754 3528 5825 legit
3562 5750 3747 5807 αὐτῶν
3774 5770 3832 5807 τε
3855 5752 3946 5809 καὶ

697 5823 784 5868 est
837 5821 1081 5868 mutare:
1152 5826 1350 5873 sensus
1404 5818 1550 5873 enini
1595 5826 1682 5873 est
1738 5818 2039 5885 Christum,
2076 5830 2264 5890 utpote

2379 5818 2480 5876 τῶν
2509 5818 2711 5877 λοιπῶν
2741 5823 2837 5876 ἀνθ
2844 5823 3061 5893 ρώπων.
