4146 6430
225 394 372 451 I353
973 388 1441 458 QUESTIONES
1473 387 1562 443 ΕΤ
1593 383 1860 444 RESPON

1842 380 2112 440 iSIONES
2150 382 2240 440 AD
2274 380 2766 439 ORTHODOXOS.
3340 384 3479 440 1551

224 503 539 558 σκευάσασα
591 501 651 556 τὸ
712 502 896 556 ἔννουν
954 502 988 572 ἢ
1051 501 1211 556 ἄνουν
1269 504 1326 555 ἐν
1398 504 1528 572 ἡμῖν
1589 500 1861 560 πλεονά-Δ

1844 505 1883 562 Α
1915 495 2231 561 discrimen,
2254 493 2398 565 quod
2424 495 2479 548 in
2514 495 2674 549 nobis
2706 492 2866 551 dﬁcit
2895 501 2955 548 ut
2989 494 3193 567 ingenii
3219 495 3481 556 exuberet

219 595 369 662 ζεινς
1902 590 1987 644 vel
2013 602 2243 643 acumen
2278 588 2360 642 vel
2397 587 2707 641 hebetudo?

308 689 706 742 ‘AIIOKPIEIX.
741 688 855 758 Τῆς
883 687 975 740 τοῦ
1004 690 1145 741 νοεῖν
1171 685 1430 763 ὀξύτητος
1458 687 1490 758 ἢ
1518 686 1799 758 νωθρότη-

1972 683 2171 739 RESP.
2217 681 2425 754 Ingenii
2482 683 2752 738 acuminis
2801 682 2886 738 vel
2931 682 3206 738 tarditatis
3253 695 3483 738 causam

218 799 311 844 τος
339 782 516 834 αίτίαν
542 779 915 833 ἀποδεδώκασι
942 797 1108 843 τινες,
1136 779 1244 832 τῶν
1261 796 1318 832 τε
1345 763 1619 850 στοιχείων
1646 778 1706 842 ὲξ
1727 772 1801 832 ὧν

1901 777 2124 847 quidam
2159 773 2451 830 conferunt
2484 774 2540 828 in
2571 776 2998 840 elementorum,
3030 790 3098 830 ex
3125 773 3330 846 quibus
3359 787 3485 828 cor-

220 873 506 941 σύγκειται
547 869 616 924 τά
657 873 907 942 ἡμέτερα
946 869 1195 942 σώματα,
1237 871 1338 942 τὴν
1378 872 1673 942 εὐκρασίαν
1711 873 1803 924 καὶ

1902 885 2037 942 pora
2076 876 2264 926 nostra
2306 877 2596 932 constant,
2641 869 2960 938 temperiem
2991 876 3046 924 et
3080 867 3479 940 intemperiem.

215 964 317 1033 τὴν
343 962 698 1035 δυσκρασίαν,
726 965 818 1016 καὶ
845 962 954 1015 τῶν
977 962 1293 1035 ὀργανικῶν
1317 963 1518 1034 μορίων
1540 962 1640 1033 τὴν
1663 980 1802 1032 συμ-

1901 969 1956 1015 et
1982 968 2163 1030 aptam
2188 957 2688 1014 instrumentalium
2718 960 2954 1029 partium
2987 954 3477 1030 compositionum

219 1058 467 1130 μετρίαν,
510 1059 604 1112 καὶ
642 1058 890 1111 δοκοῦσιν
929 1057 1106 1130 ὀρθῶς
1151 1057 1553 1112 ἀποδεδωκέναι
1599 1055 1801 1110 τούτων

1901 1059 2158 1121 recteque
2185 1051 2262 1105 illi
2286 1051 2478 1105 borum
2505 1065 2729 1106 causam
2755 1052 3010 1107 retulisse
3036 1051 3309 1107 videntur.
3338 1042 3480 1106 Sunt

213 1147 316 1210 τάς
336 1148 532 1211 αἰτίας.
563 1149 683 1200 Εἰσὶ
699 1149 805 1219 γάρ
818 1164 966 1212 τινες
986 1150 1044 1200 ἐν
1066 1149 1167 1219 μὲν
1193 1166 1254 1217 γε
1285 1149 1495 1217 νεότητι
1512 1147 1620 1217 (70)
1640 1165 1800 1218 γενη-

1900 1144 2044 1198 enim
2075 1143 2348 1206 nonnulli,
2377 1143 2470 1212 qui
2505 1142 2558 1196 in
2601 1143 2890 1212 juventute
2938 1143 3160 1214 quidem
3207 1143 3277 1198 ad
3327 1141 3480 1199 inves-

213 1237 356 1290 τικοί
403 1238 513 1307 (7|)
558 1255 615 1290 τε
669 1240 764 1291 καὶ
815 1238 1142 1291 ὲπιδεκτικοὶ
1170 1238 1312 1303 ὀξεῖς
1363 1238 1474 1310 (72)
1508 1239 1799 1310 νοημάτων

1901 1237 2162 1292 niendum
2213 1244 2377 1307 atque
2433 1235 2843 1307 intelligendum
2898 1253 3089 1304 acres,
3147 1237 3204 1306 in
3255 1249 3476 1294 senecta

215 1332 604 1400 τυγχάνοντες·
663 1334 720 1385 ὲν
746 1330 805 1384 δὲ
845 1330 924 1402 τῷ
959 1333 1127 1402 γήρᾳ,
1170 1333 1249 1394 είς
1276 1331 1337 1383 τὸ
1366 1330 1602 1383 ἐναντίον
1633 1347 1798 1401 μετα-

1900 1347 2030 1387 vero
2081 1331 2137 1386 in
2188 1332 2524 1386 contrarium
2579 1333 2797 1398 mutati,
2831 1332 3013 1388 hebeti
3049 1339 3176 1387 sunt
3232 1331 3474 1404 ingenio.

215 1422 555 1492 ϐαλλόμενοι,
576 1424 812 1490 γίνονται
834 1423 961 1494 περὶ
985 1422 1045 1475 τὸ
1073 1425 1212 1476 νοεῖν
1233 1422 1414 1494 ἀργοί.
1449 1423 1569 1475 Ἔτι
1596 1421 1652 1474 δὲ
1675 1420 1798 1473 τού-

1899 1423 2054 1489 Quod
2089 1423 2292 1478 indicio
2329 1431 2435 1490 est,
2474 1423 2859 1494 inaequalitatis
2892 1423 3228 1494 ejuscemodi
3265 1432 3475 1494 tempe-

211 1532 325 1577 τοις
369 1515 478 1585 (75)
509 1517 752 1584 σημεῖον,
784 1514 876 1568 τοῦ
903 1516 1002 1587 τὴν
1031 1515 1328 1587 εὐκρασίαν
1353 1532 1414 1567 τε
1443 1516 1536 1570 καὶ
1563 1515 1800 1585 δυσκρα-

1899 1517 2036 1572 riem
2068 1525 2123 1572 et
2165 1516 2542 1586 intemperiem
2592 1532 2814 1572 causam
2848 1533 2992 1573 esse.
3027 1516 3294 1572 Similiter
3321 1533 3472 1582 vero,

217 1607 335 1661 σίαν
369 1603 507 1660 εἶναι
539 1608 719 1662 αίτίαν
746 1607 846 1678 τῆς
875 1607 1131 1678 τοιαύτης
1170 1607 1405 1678 μετοχῆς
1437 1606 1570 1678 (74).
1609 1606 1769 1660 Ὥσαύ

1900 1610 1994 1680 qui
2024 1611 2254 1666 nimium
2288 1611 2441 1682 gravi
2476 1619 2606 1667 sunt
2635 1611 2832 1680 capite,
2868 1620 2924 1667 et
2955 1610 3347 1682 grandicipites
3381 1628 3473 1666 vo-

215 1717 324 1764 τως
350 1702 405 1754 δὲ
427 1702 526 1759 ,καὶ
549 1703 599 1754 οἱ
627 1700 745 1754 λίαν
778 1701 1234 1772 μεγαλοκέφαλοι,
1261 1701 1542 1771 λεγόμενοι
1564 1700 1799 1773 βαρυκέ-

1899 1711 2126 1769 cantur,
2175 1711 2461 1774 propterea
2517 1703 2664 1775 quod
2718 1713 2897 1772 aptam
2952 1703 3474 1773 convenientemque

214 1791 392 1858 φαλοι,
422 1791 509 1846 διὰ
548 1793 608 1845 τὸ
640 1793 715 1864 μὴ
749 1793 941 1859 σώζειν
976 1793 1288 1864 σύμμετρον
1325 1793 1616 1862 ἀναλογίαν
1660 1793 1796 1866 πρὸς
1830 1857 1851 1866 _

1836 1857 1865 1866 κ
1900 1795 2024 1850 aliis
2056 1795 2303 1866 corporis
2332 1795 2602 1866 partibus,
2630 1803 2852 1866 propter
2875 1795 3200 1866 parvitatem
3228 1803 3322 1848 aut
3357 1809 3473 1848 ma-

209 1857 281 1938 τά
311 1883 445 1938 ἄλλα
477 1885 614 1958 μέρη
774 1857 1023 1956 σωματος
1048 1857 1114 1938 δέ
1137 1857 1440 1958 ὑπερϐολὴν
1472 1857 1796 1957 μικρότητος
1826 1857 1846 1912 Ι

1836 1857 1869 1912 Β
1895 1857 2234 1958 gnitudinem
2277 1857 2706 1958 praecellentem,
2732 1857 3150 1959 proportionem
3192 1901 3305 1942 non
3358 1903 3473 1942 sor-

205 1980 243 2052 ἢ
277 1980 557 2052 μεγέθους,
584 1983 678 2034 καὶ
702 1983 854 2034 αὐτοὶ
883 1981 1246 2052 ἀνεπιτήδειοί
1279 1983 1383 2035 είσι
1411 1981 1505 2035 τοῦ
1535 1981 1792 2036 δύνασθαι

1893 1987 2058 2044 vant,
2098 1979 2279 2034 minus
2329 1995 2548 2050 quoque
2594 1979 2697 2051 ipsi
2739 1979 2972 2050 appositi
3023 1988 3154 2034 sunt
3201 1979 3267 2033 ad
3323 1980 3472 2034 inve-

208 2067 348 2126 εἶναι
375 2074 651 2143 γενητικοί
685 2091 745 2126 τε
773 2075 868 2127 καὶ
909 2074 1239 2128 ἔπιδεκτικοὶ
1279 2076 1582 2145 νοημάτων.
1613 2076 1794 2129 Γίνον-

1893 2071 2153 2128 niendum
2184 2079 2238 2127 et
2266 2079 2426 2128 acute
2453 2073 2825 2144 cogitandum.
2852 2071 3024 2127 Porro
3057 2073 3149 2126 alii
3179 2073 3366 2136 etiam,
3401 2071 3470 2126 ad

206 2181 298 2218 ται
342 2165 399 2218 δὲ
439 2165 533 2219 καὶ
572 2166 718 2220 ἄλλοι
746 2167 882 2238 πρὸς
911 2166 1008 2238 τὴν
1051 2165 1356 2236 κατάληψιν
1383 2166 1490 2220 τῶν
1517 2169 1582 2239 τῇ
1626 2167 1789 2236 φύσει

1892 2177 2100 2227 rerum,
2130 2177 2251 2233 qua:
2275 2169 2466 2216 natura
2495 2163 2828 2228 consistunt,
2864 2164 3251 2235 cognitionem,
3283 2178 3470 2235 prom-

209 2257 556 2311 συνεστώτων
571 2259 910 2329 πραγμάτων
936 2259 1076 2325 ὀξεῖς
1106 2275 1165 2311 τε
1190 2259 1286 2312 καὶ
1309 2258 1536 2330 ἕτοιμοι,
1567 2261 1661 2313 κα)¹
1682 2260 1790 2314 ἀπὸ

1891 2251 1969 2320 pti
2002 2261 2058 2306 et
2085 2252 2230 2308 acuti
2262 2267 2358 2322 per
2386 2251 2625 2308 divinam
2659 2254 2796 2310 ﬁunt
2819 2256 3072 2326 gratiam,
3098 2253 3256 2324 juxta
3286 2254 3419 2309 illud
3450 2271 3463 2310 :

206 2348 308 2419 τῆς
335 2347 481 2414 θείας
505 2351 745 2420 χάριτος,
775 2351 851 2414 ὡς
879 2351 940 2404 τό
962 2367 975 2380 ο
1019 2350 1080 2404 '0
1107 2351 1322 2419 Κύριος
1354 2351 1537 2406 ἔδωκε
1573 2351 1654 2418 τῷ
1684 2356 1791 2407 Σο-

1889 2341 2160 2398 Concessit
2213 2343 2474 2400 Dominus
2537 2345 2812 2401 Salomom'
2870 2344 3207 2425 latitudinem
3250 2345 3464 2412 cordis,

204 2441 468 2512 λομῶντι
493 2443 722 2510 πλάτος
741 2443 993 2512 καρδίας
1017 2444 1099 2510 ὡς
1125 2443 1240 2512 τὴν
1264 2444 1463 2514 ἄμμον
1494 2444 1609 2514 τὴν
1629 2433 1790 2514 παρᾶ

1887 2437 2042 2506 quasi
2059 2453 2276 2492 arenam
2294 2455 2412 2509 qui:
2433 2449 2513 2494 est
2539 2439 2609 2494 ad
2637 2437 2846 2494 labrum
2866 2439 2987 2511 (seu
3005 2440 3179 2511 littus)
3201 2440 3367 2494 utaris
3384 2439 3463 2507 ’τε

205 2532 276 2586 τὸ
306 2533 510 2602 χεῖλος
543 2534 653 2603 τῆς
675 2535 1028 2603 θαλάσσηςο
1070 2534 1166 2590 καὶ
1190 2536 1266 2600 ὼς
1299 2537 1358 2590 τό
1377 2554 1390 2566 ·
1427 2532 1528 2603 Οἷς
1553 2537 1786 2592 δέδοται

1887 2536 1941 2582 et
1970 2527 2104 2584 illud
2139 2545 2152 2583 :
2187 2529 2518 2596 Quibusdam
2557 2529 2719 2585 datur
2749 2546 2842 2600 per
2873 2530 3132 2602 Spiritum
3172 2549 3346 2588 sermo
3375 2550 3467 2589 sa-

198 2624 320 2694 μὲν
364 2625 462 2694 διὰ
487 2628 842 2697 Πνεὺματος
866 2628 1052 2698 λόγος
1077 2628 1325 2697 σοφίας,
1355 2615 1570 2695 ἄλλοις
1593 2628 1660 2682 δὲ
1685 2624 1787 2682 λό-

1383 2615 1570 2695 ίλλοις
1593 2628 1660 2682 δὲ
1685 2624 1787 2682 λό-
1883 2620 2117 2688 piamina,
2149 2624 2274 2678 aliis
2297 2632 2473 2678 autem
2495 2634 2667 2680 sermo
2695 2625 2929 2682 scientia
2954 2619 3020 2683 ³⁸.

205 2734 311 2786 τ’σς
349 2717 643 2786 γνώσεως.

292 2812 641 2865 ἘΡΩΤΗΣΙΣ
679 2813 798 2866 PZ'.
833 2811 897 2866 Ei
927 2812 1031 2866 ὑπὸ
1057 2811 1165 2866 τῶν
1193 2811 1440 2867 ἀπίστων
1480 2813 1617 2886 πρὸς
1642 2814 1784 2869 άπά-

1953 2803 2121 2877 486
2152 2801 2430 2870 ΟΙΙᾸΞΒΤ.
2465 2802 2624 2861 CVII.
2660 2805 2718 2861 Si
2755 2806 2826 2862 ab
2855 2805 3163 2864 inﬁdelibus
3196 2809 3265 2864 ad
3297 2810 3463 2866 sedu-

200 2920 304 2974 την
329 2903 526 2974 εὑρέθη
552 2905 620 2958 τά
641 2904 892 2976 ᾅσματα,
919 2907 1032 2968 τοῖς
1055 2905 1112 2957 δὲ
1140 2905 1200 2958 ὲν
1225 2905 1375 2976 νόμῳ
1403 2906 1667 2978 είσηγήθη
1697 2907 1783 2962 διὰ

1884 2894 2121 2949 ctionem
2173 2895 2392 2949 inventa
2424 2894 2693 2960 carmina,
2725 2896 2794 2952 iis
2837 2905 3042 2962 autem,
3085 2899 3180 2970 qui
3210 2900 3317 2956 sub
3347 2901 3465 2972 lege

203 2996 415 3067 φρενῶν
441 2996 763 3066 νηπιότητα,
791 2998 842 3048 οί
868 2996 967 3066 τῆς
984 2995 1209 3066 χάριτος
1227 2995 1409 3048 τέλεια
1435 2996 1532 3050 καὶ
1550 2997 1658 3050 τῶν
1683 3000 1782 3069 ρη-

1884 2985 2125 3050 fuerunt,
2149 2987 2220 3040 ob
2253 2987 2420 3041 animi
2449 2985 2877 3044 imbecillitatem
2904 3005 3206 3047 concessa:
3228 2994 3323 3064 qui
3361 2995 3463 3049 sub

201 3085 402 3142 θέντων
428 3089 642 3159 τρόπων
658 3088 912 3159 ἀλλότρια
931 3088 1324 3159 παρειληφότες
1355 3088 1669 3162 μαθήματα,
1694 3089 1783 3144 διά

1881 3079 2060 3152 gratia
2112 3087 2242 3133 sunt
2292 3087 2347 3134 et
2399 3078 2643 3150 perfecta
2683 3089 2848 3152 atque
2893 3082 2962 3137 ab
3011 3083 3101 3147 iis,
3133 3084 3280 3155 quod
3325 3085 3459 3150 disi.

199 3182 254 3234 τί
278 3182 336 3234 ὲν
361 3184 480 3244 ταῖς
516 3181 862 3252 Ἐκκλησίαις
889 3181 1028 3235 κατά
1053 3183 1180 3246 τοὺς
1204 3185 1262 3236 ὲν
1289 3181 1366 3254 τῷ
1385 3164 1535 3256 νόμῳ
1554 3180 1780 3255 νηπίους
1822 3253 1836 3256 _

1826 3253 1836 3256 Α
1884 3171 2130 3226 moribus
2166 3172 2339 3226 aliena
2367 3187 2629 3244 accepere
2656 3174 2930 3240 instituta,
2965 3177 3242 3247 quomodo
3274 3177 3330 3234 in
3360 3177 3463 3234 Ec-

200 3276 311 3338 τοίς
339 3273 546 3345 ᾇσμασι
573 3275 903 3346 κέχρηνται;
1340 3253 1346 3254 7
1454 3253 1461 3254 ί
1506 3253 1518 3256 ν
1608 3253 1618 3255 7
1808 3253 1837 3311 ί

1826 3253 1862 3311 3‘
1883 3265 2087 3333 clesiis,
2121 3281 2276 3321 more
2313 3271 2527 3333 eorum,
2558 3268 2653 3338 qui
2700 3268 2804 3326 sub
2837 3269 2955 3341 lege
2986 3270 3227 3337 fuerunt,
3260 3286 3463 3344 parvu-

1882 3357 2083 3422 lorum,
2113 3358 2345 3414 canticis
2376 3361 2646 3415 utuntur?

285 3451 686 3516 ’AIIOKPIEIZ.
725 3453 798 3506 Οὐ
829 3454 890 3506 τὸ
915 3449 1042 3525 ᾆσαι
1071 3454 1255 3518 ἀπλῶς
1282 3457 1400 3508 ἐστι
1429 3457 1538 3518 τοῖς
1566 3454 1779 3526 νηπίοις

1951 3446 2147 3504 RESP.
2184 3447 2304 3504 Non
2325 3465 2522 3506 canere
2548 3451 2877 3522 simpliciter
2905 3454 3151 3524 parvulis
3179 3457 3457 3523 convenit,

195 3543 473 3614 ἁρμόδιον,
502 3544 638 3598 me
675 3545 739 3599 τὸ
767 3547 903 3616 μετά
938 3546 1045 3600 τῶν
1072 3546 1295 3618 ἀψύχων
1337 3548 1581 3620 ὀργάνων
1616 3544 1772 3618 ᾆσαι,

1881 3542 1977 3598 sed
2007 3556 2131 3596 cum
2169 3541 2426 3599 inanimis
2457 3543 2843 3602 instrumentis
2875 3563 3093 3613 canere,
3124 3556 3179 3603 et
3206 3565 3330 3605 cum
3358 3553 3461 3606 sal-

198 3635 293 3686 καὶ
309 3635 448 3704 μετά
462 3636 740 3708 ὀρχήσεως
759 3639 853 3691 καὶ
876 3639 1153 3710 κροτάλων
1171 3657 1184 3670 ·
1201 3641 1282 3694 διὸ
1309 3643 1367 3694 ὲν
1393 3644 1513 3704 ταῖς
1553 3641 1779 3711 Ἐκκληο

1881 3634 2088 3689 tatione
2119 3642 2176 3691 et
2202 3635 2425 3692 crotalis
2459 3651 2472 3688 :
2509 3651 2677 3708 quare
2708 3638 2765 3694 in
2805 3641 3056 3696 ecclesiis
3085 3652 3368 3698 resecatur
3391 3661 3460 3700 ex

201 3725 342 3789 σίαις
371 3727 692 3799 προαίρεται
721 3728 836 3800 (75)
862 3732 935 3783 ἐκ·
963 3729 1072 3805 τῶν
1102 3732 1416 3802 ᾁσμάτωνὴ
1445 3732 1642 3802 χρῆσις
1672 3731 1778 3786 τῶν

1878 3724 2113 3780 canticis
2152 3741 2286 3782 usus
2315 3727 2584 3798 ejusmodi
2608 3731 3097 3788 instrumentorum
3129 3743 3291 3806 atque
3322 3737 3462 3791 alio-

198 3815 452 3869 τοιούτων
483 3817 730 3888 ὀργάνων
760 3819 854 3872 καὶ
880 3820 988 3874 τῶν
1020 3820 1195 3874 ἄλλων
1225 3820 1332 3875 τῶν
1365 3822 1580 3893 νηπίοις
1610 3821 1777 3874 όντων

1878 3831 2002 3870 rum
2049 3819 2295 3889 parvulis
2345 3821 2813 3890 convenientium,
2846 3840 2910 3878 ac
2958 3827 3188 3896 simplex
3231 3829 3457 3886 relictus

124 3908 126 3910 ⁷
197 3907 491 3978 ἀρμοδίων,
522 3910 615 3964 καὶ
642 3909 1027 3964 ὑπολέλειπται
1069 3913 1132 3965 τὸ
1163 3909 1290 3984 ᾆσαι
1316 3912 1523 3976 ἁπλῶς.
1567 3913 1761 3967 Ἦδύνεῖ

1877 3917 2213 3970 estcantus.
2255 3911 2469 3968 Excitat
2507 3915 2654 3970 enim
2685 3915 2926 3971 animam
2954 3919 3020 3972 ad
3059 3918 3277 3975 fervens
3307 3919 3457 3978 desi-

197 3998 304 4068 γὰρ
336 3998 434 4070 τὴν
461 4000 638 4071 ψυχὴν
663 4002 801 4072 πρὸς
828 4000 1022 4066 ζέοντα
1049 4003 1212 4060 πόθον
1241 4004 1336 4058 τοῦ
1373 4007 1431 4058 ὲν
1458 4007 1570 4068 τοῖς
1595 4005 1776 4076 ᾀσμα-

1877 4003 2090 4058 derium
2128 4005 2296 4071 illius,
2329 4006 2481 4077 quod
2528 4008 2586 4064 in
2633 4009 2867 4064 canticis
2913 4011 3221 4069 celebratur
3252 4032 3270 4070 ι
3303 4015 3457 4072 sedat

198 4107 281 4144 σιν
312 4091 572 4163 ἡδομένου
591 4092 722 4164 (76)⁶
755 4095 990 4166 κοιμίζει
1029 4095 1097 4150 τά
1137 4100 1201 4151 ὲκ
1229 4098 1328 4168 τῆς
1360 4099 1564 4170 σαρκὸς
1591 4101 1777 4152 ἐπανι-

1875 4102 2233 4165 exsiIrgentes
2260 4110 2327 4150 cx
2354 4089 2521 4152 carne
2544 4098 2773 4156 vitiosos
2807 4103 3082 4173 appetitus
3117 4121 3129 4158 :
3160 4105 3334 4161 malas
3362 4121 3456 4162 co-

195 4184 438 4252 στάμενα
462 4184 632 4256 πάθηο
660 4189 785 4251 τοὺς
813 4189 918 4242 ὐπὸ
941 4189 1048 4242 τῶν
1071 4189 1318 4262 ἀοράτων
1342 4190 1551 4262 ἐχθρῶν
1577 4191 1777 4261 ἐμϐαλ-

1875 4183 2165 4255 gitationes
2195 4187 2428 4257 repellit,
2460 4203 2581 4259 quae
2625 4191 2784 4247 nobis
2826 4192 3148 4262 injiciuntur
3198 4196 3269 4250 ab
3317 4198 3450 4252 invi-

193 4272 449 4344 λομένους
471 4277 607 4346 ἡμῖν
659 4276 951 4349 λογισμοὺς
993 4281 1262 4352 πονηροὺς
1302 4278 1601 4334 ἀπωθεῖται
1624 4298 1637 4311 ·
1677 4283 1776 4354 ἀρ-

1875 4275 2128 4333 sibilibus
2160 4277 2411 4336 hostibus
2445 4299 2460 4335 :
2494 4281 2684 4353 irrigat
2709 4283 2946 4338 animam
2980 4294 3038 4338 ut
3072 4285 3221 4341 ferax
3256 4289 3328 4344 sit
3358 4291 3456 4346 bo-

192 4365 333 4420 δεύει
373 4367 471 4438 τὴν
508 4367 687 4440 ψυχὴν
726 4371 864 4443 πρὸς
903 4373 1280 4445 καρποφορίαν
1320 4371 1480 4428 θείων
1523 4374 1770 4443 ἀγαθῶνο

1875 4383 2071 4422 norum
2101 4369 2408 4426 divinorum
2423 4365 2445 4441 ς
2475 4373 2647 4431 fortes
2681 4386 2735 4431 et
2764 4391 3062 4448 generosos
3091 4379 3159 4435 ad
3190 4391 3452 4450 constan-

193 4458 471 4527 γενναίους
522 4462 658 4533 πρὸς
708 4463 806 4534 τὴν
834 4465 894 4518 ὲν
946 4469 1059 4529 τοῖς
1087 4465 1278 4530 δεινοῖς
1301 4467 1600 4538 καρτερίαν
1646 4471 1772 4533 τοὺς

1874 4461 2008 4542 tiara
2061 4462 2118 4517 in
2167 4463 2332 4519 rebus
2385 4465 2631 4523 adversis
2676 4468 2839 4524 eﬁicit
2891 4470 3128 4527 athletas
3178 4471 3449 4543 pietatis:

192 4555 498 4622 ἀγωνιστάς
556 4558 845 4629 ἐργάζεται
895 4561 995 4633 τῆς
1044 4562 1354 4627 εὐσεϐείας·
1410 4565 1629 4619 πάντων
1663 4565 1772 4620 τῶν
1805 4611 1829 4638 ,

1815 4611 1845 4638 η
1873 4557 2120 4612 omnium
2151 4557 2278 4614 vita:
2324 4560 2700 4617 molestiarum
2732 4563 3006 4632 medicina
3036 4564 3096 4620 ﬁt
3139 4568 3248 4638 piis
3275 4567 3452 4622 homi-

193 4611 254 4700 εᾴ
329 4651 440 4712 τοῖς
477 4611 496 4621 ’
519 4611 842 4719 me,
868 4611 1509 4726 λζιὲέξλρζῖζῖιζᾷἐιτιιέὲῖ
1530 4611 1766 4725 Qu;
1801 4611 1830 4666 ί

1817 4612 1845 4666 D
1874 4611 2721 4710 nibueroca—t
2732 4611 3006 4728 gladium—

192 4742 302 4803 τοῖς
349 4742 616 4797 εὐσεϐέσι.
671 4744 957 4815 Μάχαιραν
1017 4745 1112 4800 τοῦ
1172 4749 1485 4819 Πνεύματος
1537 4750 1693 4804 τοῦτο
1736 4753 1766 4805 ό

1871 4743 2136 4801 adversus
2167 4745 2472 4810 invisibiles
2521 4748 2708 4805 hostes
2731 4760 2930 4809 ,armat
2963 4753 3165 4810 milites
3212 4757 3448 4826 pietatis.

193 4831 401 4896 Παῦλος
441 4835 714 4905 ὀνομάζει,
743 4839 800 4890 ὲν
824 4831 868 4904 ᾧ
903 4839 1046 4893 κατά
1070 4839 1175 4893 τῶν
1202 4839 1448 4914 ἀοράτων
1494 4841 1764 4914 πολεμίων

1875 4836 2111 4895 Verbum
2135 4840 2283 4895 enim
2313 4839 2406 4895 Dei
2433 4844 2551 4908 est,
2581 4842 2726 4913 quod
2753 4850 2807 4898 et
2846 4843 3144 4915 cogitatum
3177 4853 3234 4902 et
3261 4857 3453 4903 canta-

192 4924 399 4988 ὁπλίζει
423 4928 547 4991 τοὺς
579 4927 798 4992 ὁπλίτας
843 4930 942 5001 τῆς
970 4931 1272 4997 εὐσεϐείας.
1315 4933 1492 5004 Ῥῆμα
1520 4935 1628 5006 γάρ
1653 4938 1768 4989 ἐστι

1872 4939 1986 4986 tum
2018 4941 2072 4987 et
2099 4933 2344 4988 auditum
2375 4935 2485 4990 vim
2514 4936 2676 4991 habet
2703 4937 3081 5008 pellendorum
3104 4938 3411 4996 dcmonum
3433 4981 3449 5007 ,

192 5017 325 5070 Θεοῦ
363 5018 424 5070 τὸ
465 5020 560 5072 καὶ
598 5019 996 5092 ἐνθυμούμενον
1037 5025 1131 5078 καὶ
1179 5025 1454 5096 ᾀδόμενον,
1506 5029 1601 5081 καὶ
1638 5029 1766 5081 ἁνα-

1871 5033 1927 5082 et
1971 5036 2094 5097 qua
2121 5025 2189 5083 ad
2219 5028 2459 5082 animam
2500 5029 2559 5083 in
2602 5028 2902 5085 virtutibus
2945 5029 3164 5100 pietatis
3213 5033 3451 5101 propriis

259 5257 306 5291 ⁸⁷
328 5255 398 5313 IIl
419 5257 554 5331 Reg.
591 5276 667 5325 tv,
699 5261 790 5317 29.
868 5263 914 5295 ³⁸
947 5261 967 5316 Ι
999 5264 1128 5321 Cor.
1160 5282 1259 5332 xu,
1295 5267 1348 5321 8.
1425 5268 1469 5299 ”
1505 5267 1707 5338 Ephes.
1741 5283 1821 5334 vr,
1859 5268 1944 5323 I7.

263 5413 376 5485 (70)
419 5416 517 5468 Ἐν
793 5421 1046 5492 νεότητι.
1079 5419 1172 5476 Sic
1197 5421 1415 5492 scripsit
1439 5421 1762 5492 Sylburgius
1868 5438 1900 5476 Γ

535 5417 749 5492 μέν-το
793 5421 1046 5492 νεότητι.
1079 5419 1172 5476 Sic
1197 5421 1415 5492 scripsit
1439 5421 1762 5492 Sylburgius
1868 5431 1954 5476 rat
1973 5423 2163 5489 ὀξέων.

191 5499 288 5554 pro
313 5501 378 5538 eo
403 5488 547 5554 quod
585 5487 816 5544 habebat
840 5488 906 5543 R.
947 5487 1134 5560 Steph.
1178 5493 1236 5544 ὲν
1268 5487 1366 5561 μὲν
1393 5487 1690 5563 γενεάτητὶ.

259 5553 730 5633 (71)-Γενητικοι.
785 5559 932 5616 Idem
966 5561 1072 5616 hoc
1100 5562 1220 5617 loco
1249 5562 1469 5616 etinl‘ra
1491 5563 1621 5633 legit
1639 5581 1762 5632 γεν-

1593 5487 1690 5563 ητὶ.
1935 5487 2045 5633 (75)
2071 5495 2334 5564 Τούτοις.
2366 5495 2510 5554 Idem
2542 5496 2866 5572 Sylburgius
2898 5499 3027 5572 legit
3053 5499 3230 5554 τοῦτο.

1593 5573 1762 5632 ιιγεν-
1961 5564 2050 5633 γι)
2085 5566 2379 5633 Μετοχῆς.
2412 5566 2559 5625 Idem
2604 5584 2636 5623 a
2669 5567 2868 5624 Wolﬁo
2915 5571 3157 5626 monitus
3184 5585 3230 5633 οι

191 5553 730 5694 νη(ἰξέιΓέενιητωιοί.
785 5559 932 5616 Idem
966 5553 1072 5616 hoc
1100 5562 1220 5617 loco
1249 5553 1469 5616 etinfra
1491 5553 1762 5634 ιεείἱγεν-

1866 5553 2379 5708 μξζρολλέἔτοχῆς.
2412 5553 2559 5625 Idem
2583 5553 2636 5623 da
2669 5553 2868 5624 wb’uié
2915 5553 3157 5626 nionitus
3184 5553 3445 5642 proponit

263 5695 373 5764 (η)
411 5697 620 5780 ξοξεῖς.
653 5698 796 5755 Idem
827 5701 969 5755 hanc
988 5717 1178 5783 vocem
1217 5707 1498 5790 expungit,
1527 5721 1759 5790 eamque
1866 5695 1880 5706 ’
1930 5705 2042 5779 (75)
2066 5695 2432 5777 Προαίρεται.
2500 5707 2823 5783 Sylburgius
2851 5713 3062 5769 monitu
3095 5711 3280 5777 Wolﬁi
3315 5727 3446 5798 Ιρςῑι

191 5779 221 5816 e
261 5781 506 5818 manune
570 5786 625 5818 ιη
664 5779 871 5818 textum
927 5788 1146 5818 venisse
1197 5784 1378 5818 nmai-
1419 5776 1559 5818 ιηΐη
1608 5793 1753 5818 alnum
1863 5775 2176 5818 «animum:

193 5779 221 5816 e
261 5775 506 5847 margine
570 5775 625 5822 in
664 5779 871 5824 textum
927 5775 1146 5827 venisse
1197 5784 1380 5844 putat;
1419 5776 1560 5831 infra
1608 5775 1756 5839 enim
1863 5775 1946 5830 πα
2019 5775 2198 5849 mea.
2248 5775 2259 5777 7
2542 5775 2555 5782 ’
2702 5775 2731 5783 ⁷

193 5833 342 5891 deest
366 5851 418 5890 In
452 5838 570 5892 loco
595 5841 842 5909 gemello.
874 5841 1103 5899 Wolﬁus
1132 5844 1414 5916 legendum
1458 5861 1756 5920 proposuc-
1935 5775 2046 5920 βλ)
2087 5849 2428 5920 Ἡόομένου.
2456 5850 2600 5908 Idem
2626 5853 2904 5925 ᾀδομένου.

355 5929 620 5994 Panos.
654 5935 770 5996 Gn.
807 5936 912 5997 VI.
3089 5957 3165 6020 33
