4146 6418
653 404 794 458 1555

1381 393 1746 454 A‘PPENDIX.
1784 422 1855 436 -
1889 392 2070 448 PARS
2102 392 2143 449 1.
2184 394 2242 449 S.
2279 395 2544 453 JUSTINI
2586 394 2816 450 ()PERA
2858 394 3137 453 SPURIA.

3792 401 3941 457 1556

644 518 1033 593 perﬁciendam
1071 516 1413 581 conducunt,
1455 530 1522 570 ea
1568 514 1803 569 canticis
1845 514 2239 569 ecclesiasticis

2345 516 2678 588 κρουόμενον
2706 515 2850 585 (77),
2890 515 3160 583 δαιμόνων
3200 515 3409 582 γίνεται
3448 519 3781 575 ἀπελατικὸν
3830 570 3831 575 η
3867 565 3883 577 .
3922 565 3937 577 .

642 616 718 684 pii
745 619 1178 681 consequuntur.

2340 609 2407 660 τὰ
2440 608 2753 660 τελειωτικά
2780 606 2890 676 (78)
2928 606 3027 675 τῆς
3054 606 3234 678 ψυχῆς
3263 609 3323 662 ὲν
3351 611 3470 674 ταῖς
3505 612 3623 664 κατ’
3649 615 3941 670 εὐσέϐειαν

642 711 881 779 ἀρεταῖς,
910 706 998 762 διὰ
1036 706 1144 760 τῶν
1174 705 1434 777 ᾀσμάτων
1473 702 1582 758 τῶν
1614 701 2086 772 ἑκκλησιαστικῶν
2128 704 2236 766 τοῖς
2276 703 2525 757 εὐσεϐέσι
2556 702 2976 773 προσγινόμενα.

713 894 997 962 QUEST.
1040 891 1226 951 CVIII.
1270 893 1328 947 Si
1382 892 1601 947 veniam
1658 890 2030 945 involuntaria
2080 890 2242 946 habet

644 989 979 1060 ignorantia,
1010 984 1475 1058 quemadmodum
1508 997 1539 1037 a
1574 981 1859 1052 Scriptura
1906 982 2201 1037 edocemur
2222 1025 2239 1047 ,

645 1081 920 1152 quomodo
950 1088 1005 1133 et
1050 1086 1267 1133 veteres
1299 1074 1498 1141 Judaai,
1543 1075 1638 1145 qui
1669 1073 1953 1129 Christum
1985 1089 2050 1128 ex
2088 1073 2241 1144 igno-

644 1178 822 1231 rantia
845 1174 1263 1237 cruciﬁxerunt,
1292 1170 1524 1241 piurima
1550 1175 1605 1224 et
1630 1168 2000 1223 intolerabilia
2028 1167 2240 1236 experti

645 1277 775 1324 sunt
805 1269 972 1331 mala,
1003 1276 1057 1322 et
1080 1266 1172 1336 qui
1203 1280 1350 1319 nunc
1374 1279 1442 1317 ex
1469 1261 1660 1317 eadem
1685 1268 1846 1331 gente
1874 1260 1927 1315 in
1957 1259 2239 1315 Christum

644 1360 914 1418 increduli
968 1366 1121 1419 sunt.
1181 1355 1360 1426 patria
1414 1368 1515 1407 sua
1562 1352 1775 1423 expulsi
1827 1352 1883 1405 in
1928 1350 2239 1406 universam

645 1461 855 1507 terram
890 1448 1129 1519 diSpersi
1159 1454 1311 1508 sunt,
1352 1460 1417 1499 ac
1450 1444 1707 1515 gentibus
1738 1444 1793 1497 in
1823 1451 2039 1513 turpem
2068 1444 2242 1498 servi-

642 1551 816 1597 tutem
850 1540 1060 1604 traditi,
1096 1546 1155 1593 ut
1187 1554 1276 1593 res
1305 1539 1438 1608 ipsae
1465 1536 1712 1607 qualibet
1743 1535 1999 1590 columna
2037 1535 2239 1589 clarius

646 1632 969 1688 clamitant?
1000 1629 1372 1699 Utrorumque
1416 1628 1815 1698 ignorationem
1863 1627 2062 1682 astruit
2093 1643 2241 1681 nunc

644 1725 866 1795 quidem
912 1722 1178 1777 Dominus
1221 1721 1411 1777 dicens
1439 1739 1453 1774 :
1487 1718 1676 1784 Pater,
1711 1718 1917 1773 dimitte
1960 1718 2090 1785 illis,
2114 1718 2240 1788 quia

2354 887 2703 942 ἘΡΩΤΗΣΙΣ
2733 890 2857 941 ΡΗ’.
2893 888 2955 941 EE
2986 888 3316 961 συγγνώμην
3355 890 3669 961 ήάκούσιος
3710 892 3936 961 ἐφέλκε-

2338 999 2427 1036 ται
2452 980 2664 1049 ἄγνοια,
2686 980 2867 1045 καθὼς
2898 981 3002 1033 ὑπὸ
3031 980 3131 1050 τῆς
3160 982 3383 1053 Γραφῆς
3404 982 3796 1055 διδασκόμεθα,
3818 986 3937 1050 πῶς

2336 1073 2386 1125 οἱ
2414 1071 2512 1141 μὲν
2532 1071 2709 1125 πάλαι
2728 1070 2971 1124 Ἰουδαῖοι
2987 1072 3079 1124 τὸν
3098 1072 3330 1144 Χριστὸν
3350 1074 3407 1139 ἐξ
3431 1075 3654 1143 ἀγνοίας
3685 1076 3934 1147 σταυρώ-

2341 1181 2553 1228 σαντες,
2596 1164 2865 1217 πλείστων
2895 1164 2991 1217 καὶ
3031 1162 3374 1217 ἀνυποίστων
3410 1164 3599 1219 δεινῶν
3636 1167 3933 1241 ἐπειράθη-

2344 1274 2467 1321 σαν,
2501 1256 2575 1320 ὠς
2604 1260 2661 1310 ὲν
2688 1260 2799 1321 τοῖς
2827 1256 2954 1327 περὶ
2982 1257 3079 1327 τῆς
3107 1254 3362 1320 ἁλώσεως
3388 1256 3569 1326 λόγοις
3613 1265 3883 1334 μαρτυρεί
3905 1264 3937 1315 6

2355 1349 2647 1420 ’Ῑώσηποςο
2679 1350 2728 1401 οἱ
2756 1348 2813 1401 δὲ
2839 1347 2933 1401 νῦν
2981 1347 3057 1417 τῷ
3093 1349 3312 1420 Χριστῷ
3336 1351 3689 1417 ἀπειθοῦντες
3716 1355 3899 1408 αὐτῶν
3918 1393 3934 1419 ,

2342 1442 2441 1511 τῆς
2470 1442 2567 1511 μὲν
2594 1440 2800 1504 οἰκείας
2828 1440 3085 1511 πατρίδος
3115 1441 3503 1507 ἀπελαθέντες,
3522 1446 3602 1509 είς
3628 1447 3811 1499 πᾶσαν
3834 1447 3936 1517 τὴν

2346 1533 2449 1603 γῆν
2475 1532 2873 1603 ἐλιχμήθησαν,
2910 1534 3023 1597 τοῖς
3049 1533 3105 1586 δὲ
3138 1532 3349 1587 ἔθνεσιν
3377 1536 3457 1599 είς
3482 1535 3733 1590 δουλείαν
3764 1538 3935 1602 ἐξεδό-

2344 1622 2514 1692 θησαν
2540 1623 2754 1694 ἀτιμον,
2784 1624 2859 1688 ὡς
2888 1623 2954 1677 τὰ
2982 1624 3285 1696 πράγματα
3326 1626 3529 1697 στήλης
3568 1626 3667 1699 βοᾷ
3694 1646 3934 1700 περιφα-

2345 1715 2630 1785 νέστερον;
2682 1715 2794 1787 Τὴν
2842 1714 2898 1768 δὲ
2945 1716 3003 1767 ὲν
3052 1716 3333 1788 ἑκατέροις
3384 1717 3565 1771 αὐτῶν
3617 1719 3934 1792 συνίστησιν

647 1817 882 1869 nesciunt
912 1813 1039 1882 quid
1075 1812 1277 1881 faciunt
1301 1806 1385 1873 “;
1411 1824 1561 1863 nunc
1594 1817 1777 1864 autem
1804 1808 2117 1878 Apostolus,
2142 1808 2234 1878 qui

2343 1806 2559 1875 ἄγνοιαν
2584 1806 2710 1859 ποτὲ
2743 1807 2841 1877 μὲν
2874 1808 2901 1859 6
2928 1806 3151 1878 Κύριος,
3175 1808 3402 1877 Πάτερ,
3429 1809 3624 1877 λέγων,
3651 1810 3800 1880 ἄφες
3828 1815 3934 1867 αὐ-

646 1909 723 1961 ait
773 1921 785 1957 :
837 1904 981 1958 Nam
1033 1905 1080 1958 si
1122 1903 1516 1973 cognovissent,
1570 1916 1899 1971 nequaquam
1947 1898 2235 1954 Dominum

644 2001 830 2070 gloria:
858 1998 1251 2066 cruciﬁxissent
1279 1994 1349 2049 “.
1379 1994 1557 2064 Atque
1595 1992 1710 2047 hare
1737 1993 1958 2063 quidem
1994 1995 2061 2047 de
2092 1992 2239 2046 anti-

647 2096 772 2159 quis
800 2089 1043 2155 Iudaeis;
1072 2088 1140 2143 de
1170 2086 1539 2157 praesentibus
1587 2092 1768 2139 autem
1804 2106 1814 2138 :
1855 2084 2235 2137 Testimonium

645 2184 757 2237 illis
803 2180 1081 2251 perhibeo,
1121 2181 1328 2251 inquit,
1363 2178 1501 2249 quod
1527 2176 1697 2230 zelum
1749 2175 1849 2229 Dei
1886 2177 2102 2243 habent,
2145 2176 2236 2230 sed

647 2294 752 2331 non
781 2274 1066 2331 secundum
1090 2275 1368 2329 scientiam
1391 2273 1458 2327 δ’.

714 2452 913 2507 RESP.
968 2450 1201 2518 Quando
1258 2449 1630 2505 involuntaria
1682 2448 1959 2520 ignoratio
2021 2447 2240 2504 videtur

644 2563 772 2603 esse
804 2545 1189 2617 ignorantibus
1235 2542 1510 2612 cognitio,
1561 2552 1691 2595 tunc
1743 2547 1974 2595 eventus
2018 2540 2097 2593 rei
2144 2554 2241 2609 per

648 2642 1050 2711 ignorationem
1083 2648 1249 2707 gestae
1277 2635 1618 2689 demonstrat
1648 2633 1733 2688 vel
1761 2647 1948 2687 revera
1976 2633 2240 2702 cognitio-

647 2748 774 2787 nem
802 2746 945 2793 esse,
979 2729 1064 2782 vel
1092 2741 1336 2782 errorem
1385 2732 1442 2779 et
1487 2723 1875 2793 ignorantiam.
1911 2720 2013 2777 Ubi
2056 2729 2238 2775 autem

648 2826 928 2894 opinatam
959 2819 1329 2887 cognitionem
1362 2831 1430 2871 ex
1480 2803 1689 2870 eventu'
1724 2814 2040 2884 apparuerit
2092 2812 2243 2883 igno-

644 2916 916 2969 rationem
955 2911 1030 2965 rei
1084 2923 1243 2973 esse;
1296 2906 1341 2961 si
1391 2905 1475 2969 is,
1524 2904 1620 2975 qui
1674 2903 1912 2974 ignorat,
1959 2903 2014 2956 in
2048 2901 2241 2957 eadem

647 3004 994 3078 ignoratione
1034 3009 1373 3073 permaneat,
1413 2999 1622 3054 nullam
1664 2997 1827 3051 habet
1858 2996 2072 3051 renlam
2095 3034 2110 3055 .
2146 2993 2242 3049 sed

649 3097 978 3169 supplicium
1038 3093 1408 3149 ineluctabile.
1458 3090 1539 3145 Ac
1602 3089 1885 3146 Christum
1936 3088 2156 3159 quidem
2212 3101 2243 3140 a

2340 1900 2483 1968 τοῖς,
2517 1902 2587 1955 οὐ
2618 1901 2726 1969 γὰρ
2750 1899 2951 1953 οἴδασι
2979 1902 3037 1953 τί
3063 1900 3305 1955 ποιοῦσι
3324 1916 3340 1932 ·
3375 1903 3505 1955 ποτὲ
3530 1904 3586 1956 δὲ
3616 1907 3645 1957 6
3681 1906 3933 1960 ’Δπὸστο-

2337 1994 2448 2057 λος,
2492 1994 2736 2062 φάσκων·
2766 1996 2833 2047 El
2859 1994 2969 2062 γὰρ
2996 1994 3292 2063 ἔγνωσαν,
3323 1997 3433 2047 οὐκ
3462 1994 3539 2049 ἂν
3566 1997 3674 2049 τὸν
3708 1998 3935 2065 Κύριον

2336 2084 2447 2153 τῆς
2487 2086 2673 2153 δόξης
2698 2086 3111 2154 ἐσταύρωσαν.
3160 2087 3271 2139 Καὶ
3299 2085 3473 2140 ταῦτα
3516 2088 3617 2158 μὲν
3665 2090 3934 2161 περὶτῶν

2340 2178 2505 2232 πάλαι
2547 2178 2817 2231 Ἰουδαίων
2837 2195 2849 2207 ·
2883 2179 3009 2250 περὶ
3040 2179 3097 2231 δὲ
3121 2178 3228 2231 τῶν
3256 2177 3373 2242 νῦν,
3400 2178 3713 2247 Μαρτυρῶ,
3742 2182 3930 2251 φησὶν,

2338 2267 2564 2333 αὐτοῖς,
2587 2266 2676 2319 ὅτι
2702 2264 2885 2334 ζῆλον
2914 2268 3063 2321 Θεοῦ
3089 2268 3364 2336 ἔχουσιν,
3390 2269 3528 2322 ἀλλ’
3552 2271 3624 2323 οὐ
3652 2270 3782 2323 κατ’
3803 2270 3935 2323 ἐπί-

2339 2376 2583 2431 γνωσιν.

2423 2451 3045 2519 ἈΠΟΚΡΙΣΙΣ.”Οτανὴ
3064 2449 3318 2515 ἀκούσιος
3343 2450 3535 2517 ἄγνοια
3563 2452 3676 2514 τοῖς
3703 2449 3935 2518 ἀγνοοῦ-

2340 2561 2393 2597 σι
2437 2542 2666 2615 νομισθῇ
2708 2543 2933 2611 γνῶσις,
2968 2542 3091 2595 τότε
3134 2544 3167 2612 ἡ
3204 2542 3473 2605 ἀπόϐασις
3521 2540 3632 2612 (79)
3669 2542 3766 2595 τοῦ
3807 2546 3933 2596 κατ’

2339 2634 2561 2702 ἄγνοιαν
2596 2634 2974 2705 πραττομένου
3016 2634 3341 2704 πράγματος
3368 2632 3607 2685 δείκνυσι
3635 2633 3757 2686 κατ’
3798 2633 3935 2705 ἀλή-

2339 2726 2490 2779 θειαν
2512 2721 2677 2779 οὖσαν
2696 2724 2920 2793 γνῶσιν,
2950 2726 2983 2795 ἢ
3014 2725 3156 2779 κατὰ
3181 2725 3389 2796 πλάνην
3414 2726 3510 2778 καὶ
3532 2726 3779 2793 ἄγνοιαν.
3809 2728 3933 2778 Δει-

2340 2819 2561 2891 χθείσης
2590 2818 2646 2870 δὲ
2676 2819 2773 2888 τῆς
2800 2817 3165 2889 νομιζομένης
3193 2818 3449 2886 γνώσεως
3476 2817 3565 2871 διὰ
3591 2817 3691 2887 τῆς
3717 2818 3933 2872 ἀποϐά-

2341 2926 2499 2974 σεως,
2542 2908 2767 2977 ἀγνοίας
2812 2907 3167 2979 ὑπαρχούσης
3196 2908 3291 2961 τοῦ
3334 2908 3683 2979 πράγματος,
3731 2907 3800 2961 ἂν
3831 2910 3931 2978 ὲμο

2346 3002 2488 3074 μένῃ
2513 3002 2578 3071 τῇ
2606 3000 2744 3070 αὐτῇ
2776 3000 2969 3071 ἀγνοίᾳ
2996 3000 3024 3051 ὁ
3062 3001 3359 3071 ἀγνοήσας,
3407 2998 3663 3069 οὐδεμίαν
3704 2999 3937 3067 ἐφέλκε-

2345 3111 2436 3147 ται
2482 3091 2834 3162 συγγνώμην,
2865 3090 3001 3145 ἀλλά
3038 3090 3310 3162 τιμωρίαν
3353 3091 3747 3164 ἀπαραίτητον.
3791 3090 3935 3144 Ἀλλ’

646 3190 851 3246 Judzeis
888 3182 964 3241 ita
1003 3184 1327 3241 cruciﬁxum
1360 3184 1553 3247 fuisse,
1577 3189 1638 3237 ut
1670 3196 1796 3236 eum
1826 3179 1940 3235 Deo
1986 3180 2239 3235 adversa-

2345 3188 2427 3242 ὅτι
2455 3187 2551 3256 μὲν
2568 3184 2742 3247 οὕτως
2768 3183 3125 3255 ἐσταύρωσαν
3155 3186 3202 3237 οί
3234 3184 3475 3238 Ἰουδαῖοι
3496 3185 3588 3238 τὸν
3602 3183 3839 3255 Χριστὸν
3858 3184 3936 3249 ὡς

647 3284 794 3338 rium
833 3295 956 3336 esse
986 3278 1089 3334 sibi
1137 3277 1451 3347 perspicere
1473 3274 1813 3338 viderentur,
1849 3287 1915 3327 ac
1966 3271 2135 3327 Deum
2171 3272 2237 3326 il-

648 3376 757 3431 lius
790 3374 911 3428 neci
939 3372 1328 3441 suﬂ'ragantem
1357 3368 1582 3431 habere.
1604 3366 1860 3423 omnibus
1885 3363 2238 3419 manifestum

651 3479 756 3525 est.
797 3467 984 3537 Neque
1014 3466 1162 3520 enim
1216 3463 1369 3517 illum
1420 3460 1851 3522 cruciﬁxissent,
1891 3458 1937 3513 si
1994 3458 2237 3511 futurum

644 3562 961 3622 novissent,
1005 3566 1065 3612 ut
1108 3572 1234 3610 eum
1283 3564 1408 3625 post
1443 3561 1679 3608 mortem
1710 3551 1854 3606 Deus
1887 3566 1953 3605 ex
2004 3551 2238 3605 mortuis

644 3654 1034 3710 resuscitaret.
1068 3649 1449 3703 Resuscitatus
1479 3645 1647 3718 487
1680 3656 1858 3698 autem
1898 3659 1967 3698 ex
2007 3642 2239 3697 mortuis

647 3764 681 3803 a
719 3748 826 3803 Deo
859 3744 1256 3801 demonstravit
1286 3743 1564 3813 opinatam
1610 3737 1923 3793 Judazorum
1970 3737 2241 3805 cognitio-

650 3858 778 3897 nem
812 3839 1045 3905 Christi,
1088 3852 1218 3893 vere
1266 3834 1669 3906 ignorationem
1724 3830 1916 3885 fuisse.
1965 3828 2237 3895 Quoniam

651 3942 859 3997 autem,
894 3940 1181 4002 postquam
1212 3928 1513 3983 suscitatus
1536 3940 1566 3978 a
1588 3923 1821 3980 mortuis
1841 3922 2241 3978 demonstravit

650 4042 756 4081 nec
793 4026 962 4079 Deum
985 4024 1187 4079 Judaeis
1218 4024 1277 4077 in
1302 4020 1509 4077 Christi
1540 4034 1675 4074 nece
1705 4017 2063 4088 suﬂ'ragatum
2094 4032 2238 4083 esse,

648 4135 757 4174 nec
809 4119 1089 4173 Christum
1145 4116 1265 4171 sine
1324 4112 1733 4168 resurrectione
1795 4124 2117 4180 permanere
2186 4108 2240 4162 in

651 4222 830 4264 morte
859 4202 1160 4265 secundum
1182 4203 1661 4275 exspectationem
1699 4216 1912 4265 eorum,
1954 4200 2047 4271 qui
2086 4200 2241 4253 illum

644 4302 1059 4366 cruciﬁxerant,
1094 4298 1272 4353 adhuc
1319 4305 1503 4350 tamen
1553 4293 1725 4348 Judaei
1762 4295 1815 4347 in
1858 4291 2242 4347 incredulitate

650 4400 1102 4466 permanserunt;
1133 4398 1421 4461 propterea
1464 4387 1623 4442 venia
1644 4386 1794 4457 digni
1831 4401 1942 4439 non
1995 4384 2239 4440 fuerunt.

2342 3275 2703 3345 γινώσκοντες
2729 3275 2895 3328 αὑτὸν
2924 3273 3169 3329 ἀντίθεον
3193 3274 3304 3347 (80)
3331 3314 3345 3328 .
3395 3315 3408 3329 .
3431 3315 3445 3328 .
3479 3292 3579 3344 φον
3607 3274 3823 3346 ἔχοντες
3839 3276 3936 3329 τὸν

2340 3370 2475 3422 Θεὸν
2520 3372 2577 3421 ὲν
2621 3371 2685 3439 τῇ
2716 3368 2995 3439 ἀναιρέσει
3045 3367 3235 3430 αὐτοῦ,
3269 3368 3433 3422 παντί
3470 3385 3573 3421 που
3607 3368 3786 3438 δῆλον.
3816 3369 3936 3422 Οὔκ

2342 3462 2408 3516 ἀν
2439 3461 2547 3531 γὰρ
2572 3459 2737 3514 αὐτὸν
2768 3459 3121 3532 ἐσταύρωσαν
3165 3461 3214 3513 εί
3255 3456 3396 3532 ἦσαν
3422 3458 3801 3529 γινώσκοντες,
3850 3460 3935 3513 ὅτι

2346 3556 2483 3625 μετά
2526 3556 2617 3608 τὸν
2659 3553 2888 3607 θάνατον
2935 3555 3102 3608 αὐτὸν
3136 3554 3246 3626 (81)
3274 3556 3303 3608 6
3341 3554 3474 3619 Θεὸς
3515 3557 3699 3626 ἐγερεῖ
3728 3556 3795 3607 ὲκ
3822 3553 3935 3607 τῶν

2342 3648 2570 3719 νεκρῶν.
2615 3646 2890 3719 Ἐγερθεὶς
2921 3646 2979 3698 δὲ
3015 3646 3079 3698 ὲκ
3111 3644 3220 3699 τῶν
3257 3645 3469 3717 νεκρῶν
3500 3646 3606 3698 ὑπὸ
3630 3643 3723 3698 τοῦ
3756 3643 3932 3707 Θεοῦ,

2341 3739 2506 3805 ἔδειξε
2552 3741 2649 3810 τὴν
2690 3737 3054 3809 νομιζομένην
3100 3736 3240 3789 κατὰ
3284 3735 3524 3806 Χριστοῦ
3573 3735 3777 3804 γνῶσιν
3821 3735 3935 3789 τῶν

2355 3833 2625 3885 Ἰουδαίων
2654 3832 2793 3884 κατὰ
2823 3829 3081 3901 ἀλήθειαν
3108 3829 3332 3897 ἄγνοιαν
3364 3824 3547 3882 οὖσαν.
3592 3828 3811 3899 Ἐπειδὴ
3836 3824 3935 3883 οὖν

2346 3926 2481 3995 μετά
2509 3925 2569 3977 τὸ
2603 3924 2899 3994 ἀναστῆναι
2944 3922 3035 3975 τὸν
3066 3920 3271 3993 Κύριον
3309 3922 3374 3974 ὲκ
3416 3920 3655 3991 νεκρῶν,
3688 3921 3784 3975 καὶ
3819 3920 3933 3974 δει-

2344 4016 2536 4088 χθῆναι
2564 4018 2699 4088 μήτε
2732 4016 2823 4069 τὸν
2854 4015 2987 4068 Θεὸν
3022 4014 3315 4087 σύμψηφον
3345 4014 3609 4083 γεγονότα
3640 4016 3752 4079 τοῖς
3798 4015 3935 4068 ’1ου-

2342 4111 2511 4173 δαίοις
2539 4112 2594 4163 ὲν
2620 4109 2697 4180 τῷ
2721 4110 2935 4180 Θανάτῳ
2963 4107 3055 4161 τοῦ
3093 4107 3353 4179 Χριστοῦ,
3402 4108 3540 4178 μήτε
3574 4107 3665 4160 τὸν
3694 4107 3933 4178 Χριστὸν

2344 4204 2654 4273 ἀνεγέρτως
2710 4203 2892 4271 μένειν
2938 4202 2995 4253 ὲν
3048 4198 3125 4269 τῷ
3172 4198 3387 4269 θανάτῳ
3434 4197 3573 4251 κατὰ
3623 4198 3723 4267 τὴν
3771 4213 3900 4269 προι

2342 4292 2529 4346 δοκίαν
2566 4293 2671 4345 τῶν
2700 4293 2862 4347 αὑτὸν
2890 4290 3343 4361 σταυρωσάντων,
3364 4288 3445 4341 ἔτι
3469 4289 3593 4352 τοὺς
3637 4287 3930 4351 Ἰουδαίους

2346 4387 2403 4437 ὲν
2430 4390 2494 4457 τῇ
2526 4385 2779 4457 ἀπειθείᾳ
2812 4385 2990 4455 μένειν
3023 4382 3155 4455 (89.),
3186 4382 3275 4437 διὰ
3307 4382 3462 4435 τοῦτο
3488 4382 3589 4434 οὐκ
3613 4378 3755 4453 ἦσαν
3794 4397 3928 4448 συγ-

651 4487 788 4542 Nam
822 4486 1051 4557 pecunia
1098 4482 1249 4538 illius
1282 4478 1742 4536 rerurrectionem
1778 4478 2066 4539 redimere,
2092 4493 2239 4531 eam-

2345 4476 2569 4547 γνώμης
2604 4476 2760 4543 ἄξιοι.
2810 4476 2881 4529 Τὸ
2913 4478 3024 4548 γὰρ
3052 4474 3428 4549 ἐξαργυρίζειν
3460 4472 3625 4528 αὐτοῦ
3651 4473 3752 4544 τὴν
3792 4473 3928 4527 ἀνά-

652 4596 760 4651 que
795 4579 998 4633 furtum
1030 4575 1366 4637 existimare,
1394 4586 1457 4626 ac
1483 4570 1775 4640 prohibere
1802 4571 2081 4641 apostolos
2110 4584 2241 4639 quo-

654 4672 836 4726 minus
864 4670 919 4724 in
949 4669 1070 4737 ejus
1100 4665 1320 4719 nomine
1359 4663 1544 4717 divina
1576 4676 1742 4732 opera
1778 4660 2083 4731 perficiant,
2119 4676 2240 4729 quae

655 4762 709 4815 in
740 4762 946 4814 virtute
994 4759 1232 4829 Spiritus
1275 4755 1451 4811 sancti
1501 4753 1771 4817 eduntur,
1800 4768 1910 4806 non
1946 4760 2031 4807 est
2082 4753 2239 4807 invo-

656 4851 902 4907 luntariae
931 4850 1269 4921 ignorantiae,
1302 4861 1426 4918 quae
1470 4845 1683 4899 veniam
1733 4843 1915 4905 habet,
1948 4842 2043 4897 sed
2082 4844 2238 4914 cogi-

726 4994 772 5023 ⁸ο
808 4990 942 5045 Luc.
981 5004 1143 5053 xxm,
1180 4987 1268 5041 34.
1348 4988 1390 5017 δι
1430 4983 1447 5037 l
1478 4984 1608 5039 Cor.
1647 4999 1709 5047 ιι,
1737 4982 1791 5036 8.
1868 4982 1916 5014 δ’
1952 4982 2111 5036 Rom.
2148 4997 2201 5042 x,
2234 4981 2289 5034 2.

720 5110 832 5181 (77)
878 5107 1375 5181 Ἀνακρουόμενογ
1420 5101 1564 5155 Idem
1594 5110 1741 5155 recte
1762 5101 2017 5181 observat
2051 5101 2235 5181 legen-

652 5170 785 5235 duin
816 5170 1203 5250 ’ἀκουόμενονξ
1258 5176 1458 5250 quippe
1505 5186 1631 5250 cum
1682 5172 1909 5250 verbum
1948 5170 2081 5250 illud
2101 5172 2237 5250 ἀνα-

653 5242 1036 5323 κρουόρ.ενον,’Δ
1058 5242 1784 5323 ριιίεαιιιὶιιίξὶηςιιδμῐηεηια
1839 5243 2051 5295 musica
2082 5242 2234 5322 desi-

651 5314 805 5392 gnet,
826 5314 958 5391 "qua:
992 5314 1067 5392 ab:
1090 5319 1193 5392 hoc
1225 5314 2021 5392 scriptore-vituperanturt_ut
2051 5314 2235 5392 minus

652 5382 820 5462 digna
858 5382 1198 5446 Christianis
1253 5382 1592 5439 ac'omnino
1646 5382 1702 5435 in
1750 5382 2001 5437 ecclesiis
2059 5382 2237 5437 inusi-

654 5473 789 5516 tata.

728 5534 838 5603 (78)
866 5529 949 5584 Τὰ
974 5524 1354 5603 adamari.”
1383 5521 1527 5603 Nihil
1575 5522 1791 5603 videtur
1825 5522 2017 5603 deesse
2042 5530 2240 5603 praeter

654 5592 1100 5670 conjunctione“)
1131 5598 1266 5670 καί..
1300 5595 1433 5648 Illud
1466 5594 1868 5670 προσγινόμενα
1922 5592 2242 5670 idenrvnlet

647 5690 719 5728 ac
760 5662 1171 5744 προσγίνονται,
1235 5666 1390 5736 Saepe
1450 5662 1655 5744 eodem
1722 5664 1891 5744 modo
1950 5662 2238 5744 participia

658 5734 888 5813 usurpat
923 5734 1029 5796 'hic
1062 5734 1409 5807 scriptor,‘ut
1444 5735 1557 5804 jam
1606 5735 1895 5789 observavi
1937 5734 2003 5787 ad
2038 5746 2233 5802 quaest.

658 5816 838 5954 ὐξὲω
888 5882 1215 5945 Ἀΐῑθὸίίσις.
1256 5876 1587 5949 Sylburgius
1624 5876 1676 5929 in
1728 5883 2041 5930 contextum
2072 5873 2232 5928 indu-

2349 4587 2557 4634 στασιν,
2612 4571 2707 4623 κα).
2754 4569 2962 4640 κλοπὴν
3010 4570 3215 4641 ταύτην
3245 4568 3523 4640 νομίζειν,
3569 4566 3664 4621 καὶ
3698 4566 3930 4620 κωλύειν

2347 4662 2471 4726 τοὺς
2506 4662 2835 4725 ἀποστόλους
2860 4663 2951 4713 ἐπὶ
2989 4661 3065 4732 τῷ
3108 4663 3334 4731 ὀνόματι
3368 4660 3533 4715 αὐτοῦ
3571 4659 3645 4730 μὴ
3692 4656 3929 4711 ἐκτελεῖν

2348 4755 2467 4809 θεῖα
2501 4756 2637 4827 ἔργα
2674 4757 2732 4808 ὲν
2762 4758 2827 4825 τῇ
2855 4755 3080 4826 δυνάμει
3111 4754 3204 4808 τοῦ
3247 4755 3405 4822 ἁγίου
3437 4752 3753 4822 Πνεύματος
3784 4752 3929 4819 γινό-

2351 4865 2507 4918 μενα,
2540 4850 2639 4902 ούκ
2667 4848 2811 4901 ἔστιν
2838 4847 3091 4901 ἀκουσίου
3109 4847 3333 4915 ἀγνοίας
3352 4844 3681 4916 συγγνώμην
3707 4842 3928 4911 ἐφελκο-

2338 5100 2416 5153 xit
2438 5098 2579 5153 hanc
2606 5113 2818 5154 vocem.
2855 5097 2918 5151 Il.
2954 5094 3265 5168 Stephanus
3293 5100 3347 5149 et
3380 5104 3515 5146 mss.
3541 5087 3744 5143 habent
3774 5086 3928 5141 amb-

2343 5186 2523 5309 “(iiii
2574 5241 2884 5295 ‘Awtosor.
2923 5236 3073 5309 adde
3102 5235 3197 5309 καὶ
3246 5232 3643 5309 σύμψηφογωε
3673 5227 3840 5307 infra,
3865 5237 3926 5309 ,ιτς

2342 5298 2541 5393 vulnus
2587 5313 2906 5393 sanabitur.
2970 5308 3062 5362 Sic
3108 5307 3274 5361 etiam
3317 5298 3737 5357 emendandum
3787 5298 3926 5351 vidit

2345 5380 2692 5452 Sylhurgius.

2418 5452 2762 5522 (8Ι)Αὺτόν.
2813 5448 2904 5503 Sic
2936 5445 3247 5522 emendavit
3278 5438 3624 5516 Sylburgius.
3681 5435 3751 5494 Β.
3800 5435 3924 5492 Ste-

2341 5524 2559 5592 phanus
2588 5531 2643 5577 et
2675 5538 2805 5577 mss.
2841 5521 3027 5573 αὐτοῦ.

2439 5576 2744 5663 (82))Ετι
2804 5592 3051 5663 (circ...
3105 5587 3331 5663 μένειν.
3395 5576 3926 5663 Subintelligenduin

2350 5649 2569 5734 συνέϐηί
2603 5662 2660 5716 In
2696 5671 2891 5734 quaest.
2922 5649 3043 5723 I40.
3077 5649 3267 5734 eadem
3298 5652 3566 5734 sententia
3602 5649 3669 5729 de
3705 5650 3927 5734 ignora-

2344 5738 2495 5817 tione
2536 5721 2824 5799 statuiiur,
2874 5721 3281 5788 accommodate
3323 5724 3394 5782 ad
3436 5721 3762 5793 Pelagianas
3805 5721 3928 5786 opi-

2346 5822 2556 5861 IllOﬂCS.
