4146 6444
221 459 253 515 1
265 459 369 515 357

961 452 1424 526 QUIESTIONES
1454 454 1544 510 ET
1582 454 2105 512 RESPONSlONES
2138 454 2225 509 AD
2262 454 2750 515 ORTllODOXOS.

3356 464 3492 518 1558

222 576 417 649 μένης,
435 574 548 627 ἀλλ’
577 572 923 642 ἐγνωσμένης
942 574 1189 627 ἑκουσίου
1220 573 1515 644 θεομαχίας
1542 573 1797 645 τιμωρίαι

1914 584 2040 629 tata:
2068 583 2120 629 et
2145 576 2462 629 voluntariae
2491 590 2615 628 cum
2646 571 2756 628 Deo
2779 588 2991 644 pugnae,
3014 589 3135 645 qua:
3163 577 3491 646 supplicium

218 668 611 738 ὲφελκομένης.
645 667 706 718 Εἰ
733 666 830 737 μὲν
855 666 962 739 γὰρ
987 666 1157 738 ταύτῃ
1186 667 1251 738 τῆ
1276 667 1449 720 ἑλπίδι
1471 667 1815 738 ἐσταύρωσαν

217 762 317 814 τὸν
340 760 572 832 Χριστὸν
585 761 634 812 οἱ
664 759 923 823 Ἰουδαῖοι,
954 759 1048 812 τοῦ
1078 759 1151 830 μὴ
1168 761 1437 831 κρατῆσαι
1454 760 1550 829 τὴν
1562 759 1815 812 διδασκα-

217 852 347 908 λίαν
380 852 566 915 αὐτοῦ,
592 852 685 905 καὶ
712 852 804 905 τοῦ
832 852 907 922 μὴ
939 850 1165 922 λυθῆναι
1194 852 1285 905 τὸν
1327 852 1814 922 Ἰουδαῖσμὸν,πῶς

216 945 323 996 οὐκ
354 944 499 995 ἐστιν
533 944 860 1013 ἀμφοτέρων
893 942 1163 1011 ἀποτυχία
1189 942 1382 1011 λυτικὴ
1408 944 1507 1012 τῆς
1548 942 1812 995 Ἰουδαίων

218 1033 365 1085 κατά
390 1033 625 1104 Χριστοῦ
663 1030 922 1085 ἀκουσίου
963 1032 1218 1099 ἀγνοίας;
1249 1032 1322 1085 Τὸ
1358 1032 1414 1084 δέ
1434 1049 1447 1063 ο
1480 1032 1562 1085 Σὺ
1586 1030 1775 1100 Πάτερ
1794 1073 1809 1097 ,

218 1121 375 1191 ἄφες
402 1123 605 1189 αὐτοῖς
628 1140 640 1153 ·
676 1125 748 1176 οὺ
774 1122 883 1192 γὰρ
911 1120 1113 1176 οἵδασι
1137 1124 1194 1176 τί
1226 1124 1487 1190 ποιοῦσι,
1515 1123 1655 1176 κατὰ
1678 1122 1809 1176 ταύ-

219 1232 326 1286 την
377 1214 592 1286 εἴρηται
644 1214 742 1283 τὴν
793 1214 1035 1278 ἔννοιαν,
1083 1215 1202 1267 ’Ὀτι
1244 1215 1505 1287 γνόντες,
1544 1216 1626 1268 ὅτι
1686 1218 1807 1268 κατ’

220 1307 448 1375 ἄγνοιάν
501 1324 567 1378 με
617 1306 991 1378 ἐσταύρωσαν,
1022 1306 1117 1359 καὶ
1154 1306 1431 1371 αἰτοῦντες
1468 1306 1578 1377 (85)
1618 1306 1808 1377 λύτρον

221 1397 334 1451 τῶν
368 1397 754 1468 πλημμελειῶν
797 1397 998 1461 αὐτῶν,
1034 1397 1337 1468 παράσχοις
1368 1397 1569 1460 αὐτοῖς.
1600 1397 1673 1449 Ού
1699 1396 1805 1468 γὰρ

217 1489 421 1543 δίδοται
456 1489 646 1557 ἄφεσις
675 1488 751 1559 τῷ
778 1488 1047 1560 νομίζοντι
1076 1489 1175 1559 τὴν
1202 1488 1394 1542 ἑαυτοῦ
1423 1488 1696 1561 ἁμαρτίαν
1734 1490 1806 1561 μὴ

222 1576 365 1635 εἶναι
398 1581 693 1653 ἁμαρτίαν,
726 1581 859 1634 ἀλλά
889 1580 1254 1652 δικαιοσύνην.
1285 1581 1395 1635 Καὶ
1427 1582 1489 1634 τὸ
1517 1583 1805 1652 εἰρημένον

221 1672 304 1743 τῷ
342 1673 557 1744 Παύλῳ,
601 1673 682 1737 τὺ,
712 1672 1000 1741 Μαρτυρῶ
1039 1673 1265 1740 αὐτοῖς,
1309 1672 1399 1726 ὅτι
1440 1672 1620 1740 ζῆλον
1657 1673 1804 1728 Θεοῦ

219 1767 511 1835 ἔχουσιν,
558 1764 694 1821 ἀλλ’
743 1768 815 1820 οὐ
858 1767 985 1818 κατ’
1031 1766 1378 1835 ἐπίγνωσιν,
1422 1769 1802 1837 πεφεισμένως

219 1856 439 1928 εἴρηται
467 1859 529 1927 τῇ
556 1855 647 1909 τοῦ
679 1855 836 1923 λόγου
870 1855 1290 1924 ωγκαταὸἀσει.
1345 1856 1635 1925 Ἀσθενὴς
1677 1859 1800 1928 τοῖς

1920 682 2029 719 non
2058 666 2263 737 ell'ugit.
2296 666 2429 720 Nam
2463 668 2509 719 si
2539 666 2642 720 hac
2685 682 2781 735 spe
2806 667 2957 720 ducti
2994 666 3274 722 Christum
3303 669 3489 722 cruci-

1917 758 2153 809 lixcrunt
2184 748 2376 824 Judmi,
2406 755 2522 811 fore
2564 764 2622 809 ut
2669 757 2817 811 illius
2859 756 3107 811 doctrina
3139 772 3249 812 non
3282 773 3492 829 praeva-

1916 850 2074 915 leret,
2101 866 2276 920 neque
2306 850 2617 905 aboleretur
2640 846 2990 905 Judaismus:
3031 866 3100 905 an
3135 866 3246 923 non
3283 853 3492 907 utrius-

1914 958 2020 1012 que
2047 943 2161 1011 spei
2192 943 2502 997 contrarius
2529 943 2710 998 exitus
2739 942 2876 997 nihil
2904 942 3008 997 loci
3049 943 3307 1014 relinquit
3334 944 3491 998 invo-

1915 1034 2165 1088 luntarize
2214 1032 2523 1089 Judteorum
2564 1034 2769 1089 Christi
2823 1034 3192 1105 ignorationii
3224 1037 3358 1092 Illud
3390 1052 3490 1091 au-

1913 1132 2021 1180 tem
2057 1143 2068 1177 :
2106 1125 2183 1180 Tu
2208 1125 2631 1191 Pater,‘dimitte
2660 1127 2792 1193 illis,
2833 1145 2935 1181 non
2981 1128 3119 1181 enim
3158 1130 3331 1181 sciunt
3361 1127 3486 1198 quid

1911 1217 2114 1286 faciunt
2158 1218 2223 1284 ”,
2271 1218 2327 1272 in
2378 1220 2518 1273 hanc
2568 1218 2772 1273 dictum
2813 1227 2896 1274 est
2942 1221 3268 1275 sententiam
3302 1241 3316 1275 :
3346 1220 3483 1288 Quia

1910 1318 2206 1379 agnoscent
2249 1325 2343 1380 per
2370 1311 2730 1381 ignorantiam
2768 1309 2964 1366 fecisse
3008 1327 3067 1367 se
3100 1321 3160 1366 ut
3188 1327 3275 1366 me
3307 1313 3486 1367 cruci-

1910 1401 2158 1471 ﬁgerent,
2190 1410 2482 1473 petentque
2510 1402 2814 1458 facinorum
2840 1419 3064 1459 suorum
3089 1407 3483 1475 expiationem,

1909 1490 2050 1546 hanc
2088 1492 2194 1546 illis
2226 1493 2482 1548 concede.
2529 1492 2648 1548 Non
2694 1495 2837 1549 enim
2888 1494 3052 1549 datur
3089 1498 3343 1559 remissio
3370 1501 3484 1553 exi-

1908 1583 2154 1637 stimanti
2226 1600 2385 1638 suum
2441 1585 2613 1655 ipsius
2693 1595 2976 1656 peccatum
3032 1603 3140 1643 non
3195 1596 3481 1659 peccatum

1905 1690 2058 1740 esse,
2096 1676 2189 1731 sed
2236 1676 2529 1746 justitiam.
2564 1675 2700 1732 Illud
2742 1685 2923 1732 autem
2969 1676 3127 1733 Pauli
3172 1676 3481 1735 :Testimo-

1905 1770 2049 1822 nium
2079 1769 2152 1823 eis
2184 1769 2424 1838 perhibeo
2444 1809 2458 1832 ,
2492 1768 2630 1839 quod
2672 1770 2843 1824 zelum
2875 1770 2971 1826 Dei
3012 1769 3223 1839 habent,
3253 1776 3342 1828 sed
3374 1792 3478 1829 non

1904 1860 2187 1914 secundum
2218 1863 2489 1916 scientiam
2514 1864 2583 1927 “,
2614 1864 2884 1932 parcendo
2911 1865 3118 1919 dictum
3136 1873 3220 1922 est
3243 1868 3475 1937 quadam

220 1948 510 2003 ἀσθενέσι
550 1948 886 2019 γενόμενος,
928 1949 1014 2002 ἵνα
1048 1949 1189 2002 κατὰ
1227 1949 1288 2002 τὸ
1317 1949 1605 2020 εἰρημένον
1647 1951 1795 2024 σώσῃ

1896 1952 2397 2007 accommodatione
2456 1953 2746 2008 sermonis.
2807 1950 3047 2037 lnﬁrmis
3105 1954 3279 2024 factus
3325 1957 3478 2025 inﬁr.

220 2044 350 2105 τοὺς
378 2042 643 2105 ἀσθενεῖς.

308 2136 658 2190 ἘΡΩΤΗΣΙΣ
704 2135 823 2189 PO’.
874 2134 936 2187 Εἰ
976 2134 1037 2186 τὸ
1089 2133 1188 2203 τῆς
1238 2132 1586 2205 ἀναστάσεως
1630 2132 1805 2203 δῶρον

220 2231 358 2284 πᾶσι
384 2232 495 2291 τοῖς
526 2226 775 2281 θανοῦσιν
796 2228 823 2279 ὁ
850 2226 980 2289 Θεὸς
1009 2226 1205 2279 διδόναι
1238 2226 1525 2295 ὑπέσχετο,
1555 2226 1649 2277 καὶ
1671 2226 1805 2279 πάν-

221 2338 319 2384 τες
354 2324 418 2373 ἑκ
449 2319 555 2387 τῶν
580 2320 764 2387 τάφων
791 2317 1119 2381 ἀναστάντες
1147 2316 1224 2387 τῷ
1253 2318 1411 2386 κριτῇ
1439 2315 1806 2385 παρίστασθαι

225 2382 496 2483 μέλλουσί,
533 2411 649 2474 πῶς
681 2410 1097 2481 πληρωθήσεται
1121 2408 1182 2461 τὸ
1234 2408 1434 2478 κρίνειν
1457 2408 1681 2478 νεκροὺς
1710 2409 1804 2460 καὶ

222 2504 433 2567 ζῶντας
470 2505 560 2555 τὸν
605 2503 841 2574 Κύριον;
880 2501 1003 2563 Πῶς
1042 2500 1097 2553 δὲ
1132 2501 1317 2571 νεκροὶ
1357 2500 1610 2571 κριθῆναι
1646 2499 1802 2569 δυνή-

224 2614 429 2659 σονται,
460 2590 533 2649 ὦν
558 2597 625 2649 τά
661 2597 755 2666 μὲν
786 2594 1011 2665 σώματα
1038 2595 1095 2646 ἑν
1134 2594 1407 2665 μνήμασιν
1441 2592 1717 2664 ἔρριπται,
1746 2593 1801 2643 αἱ

220 2688 281 2743 δὲ
310 2689 475 2760 ψυχαὶ
502 2688 608 2741 τῶν
645 2688 910 2758 σωμάτων
943 2687 1349 2758 κεχωρισμέναι
1380 2686 1515 2738 είσίν
1540 2702 1555 2751 ;

306 2779 701 2835 ἈΠΟΚΡΙΣΙΣ.
723 2783 804 2833 Οὐ
833 2778 1072 2845 πάντες,
1104 2779 1255 2849 φησι,
1288 2777 1790 2847 κοιμηθησόμεθα.

220 2873 413 2945 Κρινεί
433 2868 526 2925 οὖν
558 2872 764 2937 ζῶντας
800 2872 895 2942 μὲν
926 2871 1050 2933 τοὺς
1081 2871 1200 2922 τότε
1230 2867 1461 2933 ζῶντας,
1495 2872 1719 2941 νεκροὺς
1743 2873 1799 2924 δὲ

222 2965 352 3027 τοὺς
382 2964 773 3033 ἀνισταμένους
810 2966 875 3017 ἑκ
902 2963 1012 3015 τῶν
1043 2961 1269 3033 νεκρῶν.
1304 2963 1590 3031 Ἔρχεται,
1614 2964 1796 3035 φησὶν,

221 3054 364 3124 ὥρα,
408 3056 507 3109 καὶ
548 3054 664 3109 νῦν
702 3056 890 3122 ἐστιν,
926 3054 1023 3107 ὅτε
1052 3052 1274 3119 πάντες
1312 3056 1367 3107 oi
1404 3054 1472 3106 ἐν
1500 3054 1622 3121 τοῖς
1647 3056 1798 3125 μνή-

216 3165 409 3221 μασιν
434 3149 795 3202 ἀκούσονται
819 3145 928 3215 τῆς
959 3145 1162 3215 φωνῆς
1191 3144 1295 3199 τοῦ
1333 3145 1468 3199 Υίοῦ
1490 3147 1595 3201 τοῦ
1627 3148 1793 3213 Θεοῦ,

222 3241 323 3295 καὶ
357 3241 702 3310 ἐξέρχονται
739 3241 793 3292 οἱ
832 3239 900 3291 τὰ
926 3238 1116 3306 ἀγαθὰ
1153 3236 1517 3304 ποιήσαντες
1541 3241 1627 3305 εὶς
1655 3240 1796 3294 ἀνά-

217 3345 439 3385 στασιν
471 3328 646 3398 ζωῆς·
675 3332 728 3383 οὶ
756 3328 824 3382 δὲ
850 3329 921 3382 τὰ
945 3328 1149 3397 φαῦλα
1184 3327 1517 3396 πράξαντες
1539 3332 1627 3395 είς
1652 3330 1795 3384 ἀνά-

220 3438 445 3475 στασιν
472 3424 741 3489 κρίσεως.
797 3421 995 3492 Ἐχρῆν
1042 3414 1135 3473 οὖν
1180 3418 1321 3473 κατὰ
1359 3420 1421 3471 τὸ
1466 3422 1655 3475 πιστὸν
1699 3422 1792 3477 τοῦ

220 3514 378 3584 λόγου
420 3515 642 3586 θεωρεῖν
688 3515 750 3566 τὸ
796 3513 1017 3567 δυνατὸν
1049 3512 1143 3566 τοῦ
1191 3513 1538 3584 πράγματος,
1580 3518 1674 3569 καὶ
1718 3517 1792 3588 μὴ

219 3609 445 3679 ἀπορεῖν
478 3608 576 3678 τὴν
598 3607 788 3675 ἄλογον
819 3606 1071 3679 ἀπορίαν.

306 3700 660 3753 ἘΡΩΤΗΣῘΣ
692 3700 794 3751 Pl'.
833 3700 896 3752 Ei
928 3701 1042 3761 τοῖς
1070 3698 1546 3768 καταλιμπάνουσι
1579 3700 1791 3771 πατέρα

220 3793 254 3864 ἢ
307 3793 515 3864 μητέρα
568 3793 603 3862 ἢ
639 3792 805 3845 τέκνα
856 3792 950 3845 καὶ
996 3790 1061 3843 τὰ
1104 3790 1230 3861 ἑξῆς
1264 3791 1789 3846 ἑκατονταπλασίονα

221 3884 578 3954 ἐπηγγείλατο
601 3883 797 3937 διδόναι
825 3884 854 3935 ὁ
880 3881 1102 3954 Κύριος,
1127 3878 1236 3955 ἆρα
1260 3883 1352 3937 καὶ
1375 3887 1638 3951 γυναῖκας
1663 3885 1789 3937 ἑκα-

218 3976 307 4030 τὸν
337 3978 385 4029 οἱ
430 3974 660 4029 τοιοῦτοι
705 3974 1123 4045 ἀντιλήψονται;
1176 3975 1301 4038 Πῶς
1344 3975 1422 4041 δὲ,
1473 3975 1681 4029 πολλῶν
1719 3976 1788 4029 τὰ

219 4068 481 4141 εἰρημένα
512 4067 599 4121 διὰ
626 4067 725 4138 τὴν
753 4066 972 4138 ἐντολὴν
1000 4065 1425 4131 καταλιπόντων,
1456 4068 1514 4120 ἑν
1546 4067 1786 4138 πτωχείᾳ

220 4164 310 4216 καὶ
345 4161 594 4233 μονότητι
622 4161 716 4215 καὶ
760 4160 964 4232 ἐρημίᾳ
1000 4161 1455 4233 τελευτησάντων,
1485 4162 1546 4215 οὐ
1574 4160 1784 4231 διέψευ-

222 4255 402 4324 σταιὴ
437 4254 657 4325 τοιαύτη
694 4253 1023 4323 ύπόσχεσις;

299 4345 698 4399 ἈΠΟΚΡΙΣΙΣ.
743 4345 950 4416 Ὥσπερ
1001 4344 1239 4416 πατέρας
1281 4344 1375 4398 καὶ
1413 4344 1653 4417 μητέρας
1692 4346 1784 4398 καὶ

218 4436 473 4507 ἀδελφοὺς
516 4437 609 4490 καὶ
640 4436 873 4506 ἀδελφὰς
910 4436 1078 4506 λέγει,
1110 4438 1236 4500 τοὺς
1281 4439 1401 4489 κατ’
1444 4436 1781 4506 οἰκειωτικὴν

217 4529 451 4583 διάθεσιν
495 4529 1077 4601 προσλαμϐανομένους
1104 4530 1194 4582 τὸν
1235 4529 1489 4600 Χριστὸν,
1527 4528 1779 4581 καταλεί-

1910 2055 2024 2093 mus
2044 2039 2108 2105 “,
2124 2042 2672 2112 ut,,quemadmodum
2692 2044 2805 2114 ipse
2819 2046 2914 2109 ait,
2946 2046 3191 2103 infirmOs
3216 2049 3474 2105 salvaret.

1978 2130 2257 2197 QUIEST.
2279 2133 2413 2189 CIX.
2449 2134 2506 2189 Si
2539 2138 2958 2192 resurrectionis
2980 2139 3183 2195 donum
3219 2143 3477 2200 omnibus

1906 2226 2139 2280 mortuis
2168 2224 2310 2281 Deus
2332 2226 2588 2282 daturum
2615 2246 2674 2285 se
2699 2232 2950 2300 promisit
2975 2276 2990 2299 ,
3023 2247 3087 2287 ac
3109 2248 3302 2290 omnes
3336 2249 3368 2290 e
3394 2250 3478 2290 se-

1908 2316 2097 2386 pulcro
2139 2327 2486 2387 resurgentes
2536 2335 2721 2375 coram
2769 2320 2962 2378 Judice
2991 2323 3259 2394 prodituri
3298 2334 3471 2382 sunt:

1903 2409 2176 2478 quomodo
2198 2409 2512 2478 implebitur
2540 2410 2696 2476 illud,
2725 2410 3014 2467 Dominum
3043 2412 3295 2483 judicare
3321 2417 3474 2473 vivos

1903 2510 1956 2556 et
1987 2503 2267 2558 mortuos?
2296 2503 2579 2569 Quomodo
2605 2516 2786 2561 autem
2815 2506 3019 2561 mortui
3046 2508 3285 2577 judicari
3321 2517 3475 2581 pote-

1903 2600 2050 2659 runt,
2077 2610 2309 2665 quorum
2339 2611 2571 2668 corpora
2602 2598 2656 2652 in
2671 2600 3043 2657 monumentis
3072 2600 3339 2672 proiecta,
3362 2605 3476 2661 ani-

1902 2702 2003 2741 mae
2030 2703 2159 2742 vero
2189 2690 2556 2758 acorporibus
2583 2693 2919 2762 segregatas?

1974 2778 2169 2835 RESP.
2206 2778 2326 2834 Non
2356 2798 2556 2847 omnes,
2586 2782 2786 2852 inquit,
2812 2782 3131 2837 dormiamus
3157 2785 3221 2840 “.
3248 2783 3472 2841 Iudica-

1900 2871 1977 2926 bit
2003 2887 2132 2943 ergo
2156 2872 2308 2929 vivos
2346 2874 2589 2943 quidem,
2625 2875 2718 2945 qui
2771 2881 2903 2928 tunc
2942 2876 3172 2941 vivent,
3224 2885 3473 2935 mortuus

1900 2974 2100 3031 autem,
2135 2964 2227 3036 qui
2250 2973 2535 3036 resurgent
2560 2980 2590 3021 e
2618 2966 2871 3021 mortuis.
2911 2965 3077 3032 Venit,
3109 2969 3206 3033 ait,
3238 2969 3391 3037 hora,
3421 2982 3471 3025 et

1899 3072 2038 3112 nunc
2071 3065 2169 3121 est,
2199 3056 2409 3126 quando
2453 3074 2629 3111 omnes
2678 3058 2768 3127 qui
2803 3059 2857 3111 in
2913 3060 3265 3116 monumentis
3322 3073 3467 3129 sunt,

1898 3144 2112 3198 audient
2135 3160 2306 3199 vocem
2334 3141 2465 3198 Filii
2496 3144 2615 3213 Dei,
2636 3155 2684 3199 et
2704 3145 2919 3200 exibunt
2940 3149 3030 3219 qui
3057 3148 3192 3204 bona
3211 3153 3465 3221 fecerunt,

1897 3237 1951 3290 in
1986 3240 2414 3293 resurrectionem
2446 3241 2564 3294 vitm
2589 3280 2603 3304 ,
2648 3240 2739 3309 qui
2767 3254 2883 3294 vero
2917 3240 3084 3306 mala,
3127 3242 3182 3295 in
3230 3258 3467 3299 resurre-

1894 3331 2117 3385 ctionem
2138 3332 2410 3401 judicii".
2443 3332 2646 3387 Horum
2679 3334 2847 3405 igitur
2891 3334 2995 3390 fide
3038 3343 3092 3391 et
3135 3340 3465 3395 auctoritate

1894 3425 2182 3478 verborum
2214 3426 2542 3481 credendum
2574 3434 2691 3480 erat
2732 3442 2845 3481 rem
2870 3426 2984 3481 ﬁeri
3030 3443 3211 3500 posse,
3242 3446 3343 3487 nec
3368 3432 3461 3488 du-

1894 3513 2086 3569 bitatio
2106 3522 2301 3585 praeter
2324 3518 2590 3572 rationem
2617 3515 2973 3573 instituenda.

1962 3692 2239 3760 QUAEST.
2270 3692 2383 3749 CX.
2424 3693 2483 3748 Si
2513 3692 2949 3764 relinquentibus
2976 3701 3185 3765 patrem
3215 3706 3308 3752 aut
3343 3712 3462 3761 ma-

1890 3798 2028 3842 trem
2052 3796 2143 3842 aut
2168 3789 2307 3844 filios
2344 3796 2398 3842 et
2424 3802 2545 3857 quae
2574 3798 2899 3857 sequuntur,
2931 3788 3245 3857 centuplum
3284 3804 3345 3843 se
3360 3788 3458 3842 da-

1889 3885 2071 3931 turum
2097 3858 2359 3936 Dominus
2380 3878 2636 3947 promisit
2656 3877 2700 3909 ⁸⁸
2726 3920 2741 3943 ,
2774 3893 2903 3952 num
2934 3885 2988 3932 et
3014 3893 3212 3932 uxores
3235 3886 3455 3933 centum

1889 3970 2083 4024 talibus
2133 3968 2463 4025 reddentur?
2513 3968 2799 4036 Quomodo
2852 3976 3064 4033 autem,
3107 3985 3231 4024 cum
3271 3972 3453 4035 multi,

1888 4061 1988 4126 iis,
2021 4076 2141 4131 qua:
2171 4061 2569 4125 recensuimus,
2604 4067 2826 4130 prepter
2854 4067 3181 4130 praeceptum
3224 4062 3452 4127 relictis,

1887 4155 1942 4211 in
1992 4161 2307 4225 paupertate
2330 4160 2384 4207 et
2415 4153 2650 4208 orbitate
2678 4163 2731 4207 et
2755 4152 3048 4206 solitudine
3078 4152 3277 4207 mortui
3310 4154 3451 4221 sint,

1884 4261 1995 4302 non
2024 4246 2171 4301 exitu
2207 4252 2355 4299 caret
2402 4246 2525 4299 talis
2574 4244 2913 4314 promissio?

1952 4334 2629 4401 RESP.Quemadmodum
2654 4340 2840 4403 patres
2869 4342 2924 4387 et
2948 4342 3151 4387 matres
3176 4342 3229 4389 et
3253 4332 3453 4389 fratres

1883 4437 1937 4484 et
1954 4443 2170 4484 sorores
2193 4434 2349 4481 vocat
2369 4441 2485 4489 eos,
2519 4426 2613 4495 qui
2642 4424 2868 4479 affectus
2918 4426 3247 4496 cognatione
3290 4424 3452 4481 Chri-

1883 4530 2025 4578 stum
2058 4526 2367 4583 assumunt,
2402 4533 2467 4571 ac
2502 4525 2707 4587 patrem
2748 4526 2801 4570 ει
2825 4525 3052 4571 matrem
3078 4525 3133 4571 et
3160 4516 3353 4572 fratres
3396 4526 3450 4572 Et

214 4625 414 4694 ψαντας
445 4622 551 4694 (84)
585 4622 794 4695 πατέρα
832 4639 892 4675 τε
920 4622 1014 4675 καὶ
1046 4622 1275 4693 μητέρα,
1307 4620 1565 4689 ἀδελφούς
1594 4636 1655 4672 τε
1686 4619 1779 4673 καὶ

1893 4629 2103 4671 sorores
2136 4613 2503 4683 reliquerunt;
2537 4611 2610 4664 ita
2651 4616 2705 4664 et
2733 4624 2959 4663 uxorem
2989 4608 3124 4663 dicit
3149 4624 3292 4673 eam,
3320 4625 3444 4679 quae

217 4716 445 4786 ἀδελφάς
466 4732 479 4745 ·
512 4714 685 4778 οὕτως
716 4717 809 4769 καὶ
839 4718 1067 4784 γυναῖκα
1092 4714 1238 4783 λέγει
1268 4713 1367 4785 τὴν
1395 4715 1451 4766 ἑν
1480 4712 1656 4784 καιρῷ
1680 4714 1781 4783 τῆς

1893 4708 2049 4770 illius,
2075 4721 2105 4759 a
2135 4720 2242 4775 quo
2271 4703 2461 4758 relicta
2490 4701 2777 4774 mest,
2801 4706 3024 4769 propter
3045 4698 3324 4754 Christum
3350 4716 3445 4754 na-

215 4806 299 4860 διά
323 4803 558 4876 Χριστὸν
592 4804 1023 4873 ὲγκαταλείψεως
1058 4804 1457 4876 προνοουμένην
1485 4801 1578 4855 τοῦ
1612 4819 1779 4856 κατα-

214 4899 489 4968 λείψαντος
531 4898 629 4968 τὴν
661 4896 820 4966 φύσει
860 4900 1111 4965 γυναῖκα.
1153 4896 1216 4949 Ἦ
1247 4896 1304 4949 δὲ
1347 4896 1639 4967 Ἐκκλησία
1680 4895 1775 4949 τοῦ

214 4991 476 5045 Δεσπότου
506 4988 762 5061 Χριστοῦ,
792 4989 823 5059 ὴ
847 4988 905 5054 ἑξ
932 4988 1106 5061 ἀρχῆς
1136 4987 1229 5041 τοῦ
1264 4988 1647 5059 Χριστιανικοῦ
1678 5008 1777 5059 κη-

216 5085 487 5157 ρύγματος
532 5082 635 5135 ὑπὸ
667 5081 772 5135 τῶν
804 5082 943 5151 αὐτῇ
984 5081 1369 5153 ἀντικειμένων
1414 5081 1676 5153 Ἑλλήνων
1712 5099 1770 5135 τε

214 5177 306 5232 καὶ
348 5175 611 5229 Ἰουδαίων
638 5172 939 5244 διωκομένη
989 5174 1081 5226 καὶ
1110 5173 1470 5244 ἀρπαζομένη
1501 5173 1768 5244 πολυχρο-

212 5267 356 5333 νίως,
390 5266 551 5320 πόθεν
581 5266 638 5319 ἐν
664 5284 722 5320 τε
754 5260 865 5330 τοῖς
894 5269 1283 5337 πνευματικοῖς
1324 5268 1417 5319 καὶ
1444 5268 1503 5320 ἑν
1532 5268 1644 5328 τοῖς
1670 5266 1766 5319 ἁν-

278 5420 323 5453 δ³
344 5420 476 5475 Luc.
510 5435 664 5486 χχιιι,
689 5419 778 5474 54.
850 5418 898 5454 ⁸⁵
921 5416 1078 5473 Rom.
1114 5434 1170 5483 κ,
1199 5417 1255 5472 2.
1328 5416 1561 5475 "lCor.
1600 5433 1676 5483 lx,
1711 5416 1801 5471 22.

280 5575 389 5638 (85)
426 5575 754 5642 Αίτοῦντες.
788 5573 855 5629 R.
912 5572 1220 5642 Stephanus
1269 5572 1488 5644 scripsit
1541 5570 1751 5625 αἰτοῦσι

212 5647 263 5703 in
296 5654 444 5699 textu
473 5653 526 5700 et
554 5645 621 5699 ad
650 5647 852 5699 calcem
882 5644 1175 5705 αἰτοῦντες.

278 5715 410 5786 (84)
460 5715 963 5786 Καταλείιέιαντας.
1019 5712 1469 5786 Conjunctionem
1510 5712 1569 5786 δέ
1630 5712 1755 5767 addi

210 5783 363 5858 posse
388 5783 684 5858 :existimat
726 5784 1065 5858 Sylburgius,
1114 5783 1211 5837 sed
1260 5784 1351 5858 hic
1405 5783 1625 5858 minime
1656 5798 1755 5858 ne-

210 5854 550 5951 cessariai—
572 5854 876 5951 quruptus
908 5856 1059 5951 loxcus
1081 5854 1279 5951 sanari
1321 5854 1759 5951 potest‘leqendo

210 5923 779 5999 προσλαμϐανομένους
819 5926 908 5979 τὸν
946 5923 1033 5978 διά
1081 5924 1312 5993 Χριστὸν
1362 5923 1756 5991 καταλείψαντα

1876 4801 2071 4854 turalis
2128 4811 2283 4862 uxor,
2316 4808 2502 4849 curam
2547 4793 2704 4863 gerit.
2739 4790 2955 4845 Domini
3010 4800 3188 4846 autem
3236 4789 3445 4847 Christi

1878 4890 2142 4954 Ecclesia,
2176 4902 2296 4961 quae
2326 4887 2393 4941 ab
2415 4885 2570 4939 initio
2588 4882 2913 4939 Christiana:
2942 4882 3345 4952 pradicalionis
3377 4886 3444 4938 ah

1876 4983 2204 5039 aduersariis
2251 4981 2367 5035 suis
2396 4978 2597 5033 Graecis
2629 4984 2683 5033 et
2702 4975 2905 5031 Judaeis
2936 4976 3029 5030 diu
3060 4982 3255 5029 vexata
3283 4984 3337 5030 et
3360 4976 3443 5029 di-

1878 5085 2029 5148 repta
2061 5075 2183 5141 fuit,
2207 5073 2352 5129 unde
2384 5074 2439 5127 in
2469 5071 2627 5127 donis
2675 5068 3053 5140 spiritualibus
3076 5077 3129 5123 et
3168 5068 3223 5122 in
3250 5069 3445 5122 huma-

1876 5171 1963 5225 nis
1995 5178 2201 5224 tantum
2251 5165 2556 5235 accepisset
2592 5162 3014 5225 incrementum,
3046 5168 3311 5231 quantum
3361 5163 3443 5214 vi-

1874 5264 2087 5326 demus,
2107 5261 2211 5317 nisi
2240 5260 2423 5315 divina
2449 5266 2503 5314 et
2530 5258 2653 5316 viva
2678 5254 2977 5311 Salvatoris
3005 5270 3132 5319 vox,
3156 5270 3279 5325 quae
3301 5256 3441 5309 mul-

1856 5415 1901 5449 “
1930 5414 2099 5471 lCor.
2124 5431 2217 5481 xv,
2253 5415 2342 5469 51.
2420 5414 2463 5445 ⁸⁷
2488 5411 2645 5468 Joan.
2680 5428 2735 5480 ν,
2756 5410 2848 5467 25.
2898 5411 2947 5443 ’⁸⁸
2974 5410 3167 5465 Matth.
3189 5426 3303 5471 xu,
3348 5410 3437 5463 28.

1855 5572 2068 5643 πατέρα
2104 5572 2308 5643 τεᾲκαὶ
2361 5570 2589 5641 μητέρα.
2646 5566 3099 5636 Quemadmodum
3158 5575 3336 5643 patres
3362 5578 3437 5643 _¢t

1856 5638 2051 5696 matres
2090 5652 2139 5696 et
2172 5638 2373 5711 fratres
2396 5638 2445 5695 et
2474 5638 2679 5695 sorores
2715 5649 2861 5692 vocat
2888 5655 3011 5705 eos,
3032 5655 3069 5690 α
3090 5638 3285 5711 (μιξίυμεΔ
3310 5638 3435 5705 aie—

1858 5723 1973 5767 ctus
2003 5706 2308 5783 cognatione
2360 5712 2653 5784 assumitur
2692 5712 2761 5774 is,
2790 5712 2879 5779 qui
2914 5719 3128 5784 propter
3157 5706 3430 5784 Christum

1856 5773 2123 5852 patrem'et
2142 5792 2382 5843 matrem,
2400 5782 2592 5852 fratres
2614 5790 2663 5834 et
2688 5773 2889 5852 sorores
2910 5773 3153 5849 reliquit;
3178 5777 3277 5845 ita,
3296 5773 3428 5850 εις]

1858 5845 1926 5894 ἶ-
1951 5854 2033 5909 Ex
2054 5852 2320 5913 Addendis
2345 5845 2797 5908 etEmendmulis.
