4146 6452
712 428 853 493 1559

1486 436 1845 496 APPENDIX.
1885 468 1955 481 —
1987 437 2176 499 PARS
2202 438 2245 497 Ι.
2283 440 2341 496 S.
2381 437 2643 496 JUSTIM
2676 428 2907 497 ΟΡΕΒᾺ
2946 440 3221 502 εΡυῐιιΔ.

3816 434 3977 513 1560

705 556 1010 628 trplicatam
1038 554 1535 611 remunerationem
1583 555 1856 625 promisit,
1886 555 2064 626 ipsam
2097 552 2269 612 τάπησι

2384 552 2621 626 θρώποις
2654 554 2765 627 (εδ)
2789 556 3058 629 τοσαύτην
3086 560 3155 632 ιν
3193 558 3413 631 δρῶμεν
3432 516 3433 519 γ
3452 556 3697 617 ἐπίδοσιν
3731 561 3974 631 mem.

708 640 1053 717 nerationem
1100 648 1158 703 in
1208 663 1273 703 ea
1314 646 1632 722 effecisset?
1662 646 1815 701 Unde
1862 654 2045 703 autem
2089 646 2288 705 divites

708 726 962 803 homines
983 754 1035 800 et
1066 743 1325 799 mulieres
1350 742 1491 797 bona
1523 732 1623 798 sua
1658 740 1946 798 aﬂ‘erentes
1994 742 2049 796 in
2099 741 2287 797 deser-

708 844 867 901 tum,
903 826 1272 890 anachoretas'
1323 834 1436 889 illic
1480 832 1737 909 degentes
1787 834 2146 911 quaesierunt,
2186 849 2283 889 eo—

705 938 945 999 rumque
980 937 1274 1005 egestatem
1328 926 1702 996 expleverunt,
1734 910 1973 996 id'qnod
2022 910 2286 1001 discimus

706 1038 773 1077 ex
820 1021 1050 1076 historia
1108 1004 1417 1091 priscorum
1481 1015 1764 1073 hominum
1816 1018 2282 1086 sanctoru‘m,rrisi

704 1115 833 1184 quia
862 1112 1126 1179 Dominus
1145 1110 1397 1179 Christus
1421 1128 1518 1185 per
1542 1129 1637 1169 eos
1660 1113 1937 1190 proprium
1952 1113 2281 1183 promissum

706 1204 774 1258 ad
802 1198 1007 1258 exitum
1034 1203 1330 1274 perduxit?

774 1462 1055 1535 QUAEST‘.
1084 1466 1221 1523 CXI.
1256 1466 1311 1522 Si
1345 1467 1413 1522 ad
1449 1468 1800 1524 asserendam
1847 1480 2138 1537 corporum
2190 1477 2278 1523 re-

701 1561 1126 1625 surrectionem,
1180 1562 1408 1618 seminis
1455 1561 1725 1632 exemplo,
1789 1560 1845 1615 in
1897 1558 2142 1631 Epistula
2174 1574 2177 1575 '
2209 1559 2278 1615 ad

701 1652 1037 1718 Corinthios,
1077 1662 1137 1705 ut
1180 1659 1308 1723 apto
1350 1659 1405 1706 et
1455 1652 1951 1720 commodo,.usus
2006 1660 2089 1707 est
2139 1651 2281 1723 Apo-

702 1748 916 1814 stolus,
978 1745 1254 1816 quomodo
1294 1747 1388 1817 qui
1445 1745 1721 1802 frustatim
1776 1747 2145 1811 dissecantur,
2183 1752 2278 1800 aut

699 1836 1121 1899 comburuntur,
1154 1844 1474 1907 resurgent,
1507 1832 1631 1891 eum
1682 1837 1892 1892 semina
1917 1843 2046 1910 po'st
2079 1837 2278 1893 sectio—

2393 646 2468 719 μὴ
2498 647 2601 721 τῆς
2634 648 2870 715 θειαςδτε
2898 650 2994 737 καὶ
3021 650 3203 724 ζώσης
3226 651 3333 706 τοῦ
3355 653 3605 735 Σωτῆρος
3647 656 3834 727 φωνῆς
3875 658 3975 729 τῆς

2390 739 2530 793 κατά
2557 738 3175 819 πολυπλασιαάμὸνί86)
3203 744 3609 818 ὑποσχομένης,
3628 747 3724 802 καὶ
3744 748 3850 822 τὴν
3876 752 3971 805 ἀν-

2388 830 2593 884 τίδοσιν
2618 833 2991 905 ἐνεργησάσης
3030 835 3088 889 ἐν
3115 835 3283 908 atrii;
3312 837 3481 892 Πόθεν
3511 839 3569 893 δὲ
3597 840 3848 895 πλούσιοι
3877 842 3970 912 ἀν-

2385 920 2509 993 δρες
2537 940 2596 975 τε
2630 923 2724 978 καὶ
2752 928 3025 1005 γυναῖκες,
3058 928 3158 992 τὰς
3180 929 3394 1005 ,ἑαυτῶν
3417 930 3681 1003 ὑπάρξεις
3709 933 3969 1007 ἐπιφερό-

2388 1031 2558 1085 μενοι,
2595 1016 2654 1069 ἐν
2680 1019 2745 1088 τῇ
2778 1018 3126 1090 ἐρήμῳέτοὺς
3165 1021 3343 1075 ἐκεῖσε
3372 1012 3731 1096 ἀηχωρητάς
3770 1025 3968 1099 ἐζήτη-

2385 1122 2507 1171 σαν,
2546 1107 2643 1161 καὶ
2685 1108 2891 1164 τούτων
2928 1110 3000 1165 τά
3028 1113 3382 1184 ὑστερήματα
3427 1116 3774 1189 ἐπλήρωσαν,
3820 1120 3967 1174 καθά

2383 1196 2627 1270 ἔγνωμεν
2651 1196 2715 1257 ἐκ
2735 1200 2838 1271 τῆς
2862 1203 3103 1274 ἱστορίας
3124 1197 3233 1257 τῶν
3257 1194 3435 1273 ἀγίων
3458 1207 3700 1278 ἀρχαίων
3727 1209 3964 1282 ἀνδρῶν,

2386 1289 2527 1362 μηδὲ
2546 1291 2639 1355 τοῦ
2666 1293 2938 1348 Δεσπότου
2967 1295 3205 1367 Χριστοῦ
3230 1296 3299 1351 δι’
3327 1297 3506 1352 αὐτῶν
3533 1300 3633 1373 τὴν
3664 1300 3802 1356 ἰδίαν
3826 1305 3964 1357 ὑπιό-

2382 1398 2567 1453 σχεσιν
2594 1385 2890 1454 ἀγαγόντος
2916 1388 2998 1452 εις
3024 1388 3197 1463 πέρας
3221 1406 3237 1455 ;

2466 1472 2815 1531 ἘΡΩΤΗΣΙΣ
2849 1478 2995 1534 PIA'.
3026 1482 3091 1533 Εί
3126 1481 3264 1553 ⁴ζτςρὸς
3292 1483 3556 1539 σύστασιν
3584 1485 3683 1559 τῆς
3714 1487 3827 1541 τῶν
3850 1504 3961 1541 σωο

2383 1569 2568 1641 μάτων
2591 1571 2939 1642 ἀναστάσεως
2962 1574 3039 1637 ὡς
3063 1574 3263 1647 καιρίῳ
3289 1575 3368 1647 τῷ
3394 1576 3536 1631 κατά
3561 1578 3631 1632 τὰ
3660 1578 3962 1652 σπέρματα

2381 1654 2737 1747 ὑττοδείγματι
2786 1654 2821 1716 ὁ
2866 1665 3187 1740 ’ᾼπόστολος
3234 1670 3291 1721 ἐν
3338 1672 3403 1741 τῇ
3460 1672 3599 1744 πρὸς
3637 1673 3961 1747 Κορινθίους

2377 1753 2668 1826 ἐχρήσατο,
2698 1755 2817 1820 πῶς
2842 1757 2892 1810 οἱ
2924 1758 3243 1829 τεμνόμενοι
3269 1760 3302 1831 ἢ
3328 1763 3601 1834 καιόμενοι
3626 1766 3961 1837 ἀναστήσον-

2377 1864 2489 1923 ται,
2514 1847 2623 1901 τῶν
2655 1849 2983 1921 σπερμάτων
3012 1850 3150 1921 μετά
3173 1853 3347 1925 τομὴν
3374 1854 3407 1926 ἢ
3434 1855 3623 1910 καῦσιν
3645 1859 3707 1911 οὐ
3733 1856 3959 1929 βλαστα-

697 1944 822 1984 nem
881 1936 974 1982 aut
1024 1927 1299 1983 ustionem
1361 1941 1469 1982 non
1523 1929 1850 2000 germinent,
1914 1923 2010 1985 scd
2058 1931 2269 1986 omnino

2382 1938 2601 2005 νόντων,
2627 1940 2763 1995 ἀλλά
2786 1944 2865 2006 είς
2893 1940 2956 1995 τὸ
2983 1923 3250 2008 παντελὲς
3266 1923 3667 2018 φθειρομένων;

696 2022 967 2078 intereant
985 2024 1009 2076 τ

758 2114 959 2171 RESP.
989 2114 1127 2171 Cum
1142 2124 1339 2171 natura
1362 2117 1436 2171 ita
1456 2113 1703 2187 perficiat
1729 2129 1852 2185 quae
1879 2130 1946 2170 ex
1972 2114 2275 2171 seminibus

695 2216 1021 2270 nascuntur.
1045 2216 1107 2262 ut
1142 2202 1401 2283 demensa
1432 2208 1691 2263 facultate
1712 2222 1743 2261 a
1782 2206 1893 2262 Deo
1922 2206 2152 2272 donata,
2176 2222 2272 2260 ne-

694 2314 852 2371 cesse
882 2306 967 2353 est
996 2306 1059 2353 ut
1085 2305 1211 2369 apta
1236 2285 1357 2354 sint
1387 2298 1597 2354 semina
1638 2298 1704 2353 ad
1737 2312 1801 2353 ea
1832 2286 2272 2369 efﬁcienda,un

693 2408 761 2446 ex
789 2392 924 2463 ipsis
954 2391 1497 2459 nascuntur..Quare
1521 2393 1567 2448 si
1591 2400 1823 2447 urantur
1852 2399 1946 2447 aut
1982 2392 2273 2447 concidan-

692 2496 803 2552 tur,
829 2485 1044 2547 inutilia
1073 2484 1212 2540 fiunt
1248 2492 1457 2540 naturae
1482 2484 1549 2539 ad
1566 2484 1905 2543 effectionem
1933 2498 2271 2553 eorum,quae

692 2595 760 2633 ex
798 2576 949 2649 ipsis
971 2586 1298 2635 nascuntur.
1329 2577 1477 2634 Deus
1513 2585 1698 2633 autem
1730 2593 1839 2632 non
1868 2577 2032 2631 habet
2055 2563 2270 2631 demen-

690 2688 813 2728 sam
848 2680 1203 2742 potestatem;
1234 2680 1571 2743 quapropter
1598 2670 1735 2725 nihil
1769 2671 1821 2726 ei
1876 2684 1987 2724 non
2008 2668 2266 2731 idoneum

695 2773 777 2820 est
805 2765 876 2821 ad
898 2781 960 2821 ea
991 2780 1113 2836 quae
1138 2767 1254 2820 vult
1276 2764 1554 2822 efﬁcienda
1581 2762 1787 2828 omnia,
1808 2778 1907 2819 nec
1937 2762 2268 2835 dissectioue

691 2846 787 2913 aut
810 2842 1100 2913 aduStione
1126 2872 1417 2929 corporum
1448 2856 1794 2929 prohibetur,
1832 2856 2129 2928 quominus
2171 2869 2268 2910 eo-

691 2964 812 3004 rum
841 2949 1038 3006 eﬂiciat
1066 2953 1550 3007 resurrectionem.
1578 2950 1699 3007 Non
1727 2952 1872 3007 enim
1903 2953 2020 3029 lege
2035 2960 2089 3008 et
2112 2968 2265 3008 mel-

691 3059 822 3101 snra
847 3054 1059 3100 natura:
1090 3056 1351 3117 Operatur
1376 3044 1539 3109 Deus,
1580 3044 1677 3100 sed
1727 3060 1943 3101 summa
1995 3053 2264 3117 potestate

691 3138 1008 3205 voluntatis,
1064 3154 1227 3209 quam
1276 3138 1427 3193 nulla
1478 3137 1767 3194 difﬁcultas
1824 3147 2072 3209 moratur
2110 3126 2167 3196 in
2195 3142 2263 3198 iis

690 3246 812 3305 qua:
839 3232 955 3289 vult
987 3231 1304 3291 eﬂiciendis.
1337 3233 1482 3291 Usus
1513 3248 1597 3291 est
1631 3244 1813 3291 autem
1859 3235 2157 3307 Apostolus
2183 3230 2263 3290 se-

690 3318 901 3379 minum
954 3326 1223 3395 exemplo,
1262 3326 1569 3381 astruendaa
1621 3341 1790 3382 causa
1843 3327 2261 3384 resurrectionis
2289 3302 2331 3359 (ἶ

688 3426 1052 3482 mortuorum,
1085 3426 1143 3472 ut
1172 3433 1241 3473 ex
1282 3416 1575 3475 collatione
1610 3418 1769 3476 fidem
1813 3419 1975 3476 faciat
2023 3436 2265 3476 resurre-

689 3509 891 3564 ctionis
916 3510 1213 3577 doctrinae;
1237 3511 1362 3580 quia
1388 3511 1845 3581 quemadmodum
1869 3513 2092 3567 minime
2110 3512 2264 3567 dubi-

687 3610 888 3668 tamus,
914 3605 1045 3675 quin
1074 3619 1259 3660 semen
1289 3605 1716 3675 germinaturum
1741 3609 1831 3671 sit,
1862 3607 2260 3677 quamvisillud

687 3696 743 3751 in
777 3704 921 3751 terra
970 3706 1245 3753 mortuum
1297 3716 1419 3756 esse
1463 3708 1517 3759 et
1552 3707 1801 3754 naturam
1853 3702 2077 3757 seminis
2127 3702 2262 3755 ami-

687 3789 831 3847 sisse
898 3790 1200 3859 videamus,
1253 3793 1329 3847 ita
1395 3808 1502 3848 non
1575 3793 1871 3849 debemus'
1918 3801 2258 3848 mortuorum

687 3884 1153 3961 resurrectionem
1236 3884 1506 3941 increduli
1582 3886 1831 3955 rejicere.
1891 3885 2027 3940 Nam
2090 3886 2254 3953 Deus,

685 3977 779 4046 qui
842 3976 991 4031 dedit
1037 3987 1287 4043 naturae,
1340 3986 1399 4032 ut
1457 3977 1665 4033 semine
1718 3985 1975 4048 operetur
2016 3994 2256 4049 germen,

686 4069 861 4123 multo
925 4070 1100 4140 magis
1154 4070 1271 4137 ipse
1328 4076 1509 4140 potest
1555 4083 1586 4123 a
1640 4078 1817 4125 morte
1875 4073 2114 4125 excitare
2164 4071 2257 4126 de-

691 4159 934 4216 functos.

757 4338 1037 4407 QUIEST.
1067 4338 1228 4397 CXII.
1274 4339 1329 4395 Si
1381 4356 1607 4413 regnum
1658 4340 1876 4398 lsraelis
1925 4341 2149 4412 gloriam
2204 4351 2257 4397 et

683 4434 912 4490 delicias
963 4442 1017 4488 et
1056 4433 1435 4488 remissionem
1485 4441 1758 4488 terrenam
1807 4435 2257 4489 existimaverunt

685 4526 939 4597 apostoli,
975 4535 1035 4581 ut
1058 4528 1305 4581 nonnulli
1341 4526 1559 4581 dixere:
1593 4542 1690 4580 cur
1718 4526 1982 4583 Dominus
2009 4513 2069 4582 ea
2101 4528 2167 4583 de
2198 4543 2259 4583 re

2460 2116 2859 2174 ‘ABOKPIDIE.
2889 2119 3002 2191 Τῆς
3024 2120 3238 2192 φύσεως
3268 2121 3435 2196 οὔσης
3454 2124 3553 2197 τῆς
3580 2126 3957 2202 ἐργαζομένης

2372 2208 2442 2262 τά
2464 2211 2527 2263 ἐκ
2555 2210 2664 2264 τῶν
2700 2210 3027 2284 σπερμάτων
3065 2215 3381 2286 γιγνόμενα,
3428 2218 3504 2282 ὡς
3554 2219 3830 2292 ἔμμετρον
3854 2222 3955 2276 λα-

2374 2301 2577 2373 ϐούσης
2618 2305 2771 2375 παρά
2806 2300 2911 2359 τοῖ’)¹
2942 2305 3274 2379 δημιουργοῦ
3311 2310 3411 2381 τὴν
3444 2298 3698 2382 δύναμιν.
3733 2314 3954 2388 ἀνάγκη

2372 2394 2649 2465 ἐπιτήδεια
2691 2392 2829 2451 εἶναι
2872 2397 2941 2477 τά
2982 2398 3272 2471 σπέρματα
3320 2402 3454 2474 πρὸς
3498 2404 3717 2475 ποίησιν
3747 2406 3857 2458 τῶν
3892 2406 3957 2471 ἐξ

2370 2485 2548 2557 αὐτῶν
2589 2488 2950 2559 γιγνομένων.·
2989 2489 3081 2543 Διὸ
3121 2490 3217 2545 ἐὰν
3250 2493 3417 2564 κοιῇῆ
3459 2494 3642 2566 τμηθῇ
3681 2495 3752 2549 τά
3776 2499 3953 2569 σπὲρο

2374 2592 2540 2648 ματα,
2571 2577 2819 2651 ἀχρηστα
2844 2580 3089 2650 γίγνεται
3120 2585 3185 2653 τῇ
3229 2582 3386 2652 φύσει
3415 2584 3551 2656 πρὸς
3582 2586 3797 2657 ποίησιν
3841 2587 3956 2642 τῶν

2369 2666 2429 2735 ἐξ
2453 2666 2630 2723 αὐτῶν
2652 2672 3006 2743 γιγνομὲνων.
3055 2674 3111 2728 Ὁ
3151 2673 3206 2728 δὲ
3233 2674 3363 2739 Θεὸς
3389 2676 3488 2730 οὐκ
3530 2676 3808 2755 ἔμμετρον
3836 2679 3953 2749 ἔχει

2366 2761 2468 2832 τὴν
2497 2761 2724 2835 δύναμιν
2741 2781 2753 2795 ο
2785 2765 2874 2818 διὰ
2899 2765 3057 2819 τοῦτο
3080 2762 3233 2820 οὐδὲν
3272 2768 3420 2840 αὑτῷ
3446 2768 3556 2841 (87)
3586 2771 3735 2823 ἐστιν
3758 2772 3953 2825 ἀνεπι-

2365 2854 2578 2926 τήδειον
2606 2857 2747 2927 πρὸς
2778 2856 2991 2927 ποίησιν
3021 2858 3237 2911 πάντων
3266 2851 3341 2913 ὧν
3372 2859 3637 2931 βούλεται,
3680 2862 3805 2915 οὐδὲ
3837 2878 3941 2917 κω-

2364 2946 2547 3002 λύεται
2587 2949 2691 3001 ύτυὸ
2726 2950 2824 3021 τῆς
2861 2950 3032 3020 τομῆς
3059 2950 3153 3004 καὶ
3200 2952 3449 3015 καύσεως
3495 2951 3604 3005 τῶν
3650 2954 3950 3024 σωμάτων,

2362 3041 2460 3095 τοῦ
2498 3042 2826 3113 ποιήσασθαι
2860 3043 3037 3095 αὐτῶν
3066 3044 3166 3115 τὴν
3197 3045 3514 3098 ἀνάστασιν.
3547 3046 3619 3099 Οὐ
3656 3046 3766 3117 γάρ
3798 3046 3953 3118 νόμῳ

2366 3137 2460 3189 καὶ
2490 3136 2672 3207 μέτρῳ
2705 3128 2917 3204 φύσεως
2958 3137 3245 3208 ἐργάζεται
3289 3140 3316 3191 ὁ
3344 3138 3497 3203 Θεὸς,
3544 3138 3658 3192 ἀλλ’
3692 3140 3954 3212 αὑθεντίᾳ

2367 3227 2562 3299 βουλῆς
2587 3229 2683 3299 τῆς
2713 3232 2770 3281 ἐν
2803 3228 2989 3300 μηδενὶ
3021 3229 3408 3301 ἀπορουμένης
3443 3228 3580 3301 πρὸς
3624 3231 3844 3301 ποίησιν
3871 3224 3953 3285 ὧν

2365 3320 2607 3390 βούλεται
2634 3324 2825 3373 ποιεῖν.
2871 3320 3169 3393 Ἐχρήσατο
3197 3321 3253 3374 δὲ
3280 3323 3309 3375 ὁ
3346 3322 3664 3385 Ἀπόστολος
3698 3323 3778 3394 τῷ
3805 3325 3952 3379 κατά

2362 3412 2431 3467 τά
2460 3413 2750 3484 σπέρματα
2782 3413 3135 3485 ὑποδείγματι
3178 3416 3257 3478 είς
3286 3413 3546 3468 πίστωσιν
3581 3414 3684 3486 τῆς
3712 3416 3820 3469 τῶν
3858 3435 3951 3470 νε-

2362 3503 2511 3575 κρῶν
2554 3505 2921 3572 ἀναστάσεως,
2972 3506 3058 3558 ἵνα
3108 3506 3247 3559 κατὰ
3277 3504 3565 3574 ἀναλογίαν
3608 3505 3945 3578 πιστώσηται

2360 3596 2463 3667 τῆς
2490 3596 2839 3661 ἀναστάσεως
2884 3597 2973 3651 τὸν
3001 3580 3182 3667 λόγον’
3213 3598 3295 3650 ὅτι
3323 3596 3511 3668 ὥσπερ
3551 3597 3651 3651 οὐκ
3678 3598 3949 3653 ἀπιστοῦ-

2364 3704 2464 3758 μεν
2490 3689 2589 3759 τὴν
2627 3688 2917 3759 βλάστησιν
2943 3688 3036 3742 τοῦ
3072 3682 3404 3760 σπέρματος,
3433 3686 3665 3761 ὁρῶντες
3687 3693 3747 3745 ἐν
3771 3696 3838 3764 τῇ
3872 3696 3947 3766 γῇ

2362 3779 2722 3843 ἀποθανόντος
2733 3781 2826 3832 καὶ
2838 3779 3271 3852 ἀποϐεϐληκότος
3289 3780 3397 3851 (88)
3411 3780 3504 3834 τοῦ
3522 3782 3947 3855 σπέρματοςτὴν

2362 3873 2522 3943 φύσιν
2541 3890 2553 3903 ·
2576 3873 2748 3936 οὕτως
2770 3873 2870 3925 οὐκ
2900 3871 3182 3943 ὀφείλομεν
3206 3874 3455 3925 ἀπιστεῖν
3476 3872 3585 3925 τῶν
3609 3874 3820 3945 νεκρῶν
3843 3878 3949 3948 τὴν

2358 3965 2671 4019 ἀνάστασιν.
2720 3965 2776 4017 Ὁ
2805 3964 2913 4036 γὰρ
2940 3962 3071 4027 Θεὸς
3101 3965 3129 4016 ὁ
3162 3961 3409 4026 δεδωκὼς
3453 3967 3519 4036 τῇ
3568 3966 3730 4036 φύσει
3763 3968 3824 4022 τὸ
3855 3970 3946 4024 διά

2358 4056 2452 4111 τοῦ
2492 4056 2805 4129 σπέρματος
2831 4054 3164 4128 ἐργάσασθαι
3207 4056 3305 4131 τὴν
3339 4058 3597 4131 βλάστην,
3644 4062 3778 4116 πολὺ
3808 4065 3946 4135 μᾶλ-

2358 4146 2449 4202 λον
2492 4147 2655 4213 αὐτὸς
2698 4148 2920 4202 δύναται
2951 4150 3016 4201 ἐκ
3055 4147 3149 4201 τοῦ
3179 4147 3408 4204 θανάτου
3436 4151 3650 4225 ἐγεῖραι
3694 4156 3823 4221 τοὺς
3856 4174 3946 4211 νε·-

2360 4260 2545 4313 κρους.

2441 4334 2789 4389 ἘΡΩἸἮΣΙΣ
2819 4334 2959 4388 PIB'.
3004 4334 3068 4390 El
3116 4332 3213 4406 τὴν
3262 4335 3539 4406 βασιλείαν
3584 4337 3679 4392 τοῦ
3722 4340 3943 4413 Ἰσραὴλ

2356 4426 2513 4493 δόξαν
2555 4429 2650 4481 καὶ
2691 4428 2903 4499 τρυφὴν
2949 4428 3042 4480 καὶ
3071 4425 3255 4481 ἄνεσιν
3296 4428 3536 4497 ἐπίγειον
3574 4432 3624 4484 oi
3649 4431 3940 4487 ἀπόστολοι

2358 4520 2761 4591 ὑπελάμϐανον,
2809 4519 2954 4575 καθά
3001 4536 3143 4583 τινες
3168 4519 3398 4590 ἔφασαν,
3436 4522 3528 4578 διὰ
3567 4525 3624 4579 τί
3664 4526 3694 4578 ὁ
3732 4526 3938 4599 Κύριος

685 4618 886 4673 abillis
914 4619 1284 4690 interrogatus
1334 4634 1441 4673 non
1492 4618 1655 4674 modo
1692 4635 1785 4675 eos
1812 4636 1920 4675 non
1947 4621 2251 4691 castigavit,

2368 4613 2487 4682 περὶ
2511 4611 2712 4682 ταύτης
2743 4612 2879 4682 πρὸς
2921 4614 3101 4665 αὐτῶν
3144 4611 3511 4685 ἐρωτώμενος,
3546 4615 3607 4669 οὐ
3654 4619 3816 4686 μόνον
3840 4620 3937 4673 αύ-

685 4712 781 4767 scd
808 4714 971 4767 etiam
1000 4728 1190 4767 eorum
1221 4712 1476 4771 astrinxit
1504 4712 1890 4782 ignorantiam,
1917 4711 2045 4766 dum
2072 4713 2151 4768 eis
2177 4712 2258 4767 di-

684 4806 804 4859 xit:
841 4803 964 4857 Non
1019 4815 1095 4858 est
1130 4815 1357 4858 vestrum
1388 4820 1539 4858 nosse
1588 4811 1831 4872 tempora‘
1851 4808 1926 4859 vel
1967 4814 2251 4871 momenta,

682 4912 799 4967 quae
851 4895 1013 4950 Pater
1043 4899 1215 4965 posuit
1247 4898 1302 4950 in
1326 4913 1425 4951 sua
1466 4906 1721 4966 potestate
1738 4898 1781 4935 δ’
1807 4897 1830 4950 ?
1861 4897 1983 4953 Haec
2014 4898 2130 4969 ipsa
2168 4914 2255 4954 re-

683 4988 909 5057 sponsio
937 5004 1127 5044 eorum
1156 4988 1443 5043 conﬁrmat
1469 4989 1969 5059 interrogationem.

756 5164 954 5220 RESP.
981 5165 1048 5219 Et
1076 5166 1183 5220 hoc
1230 5166 1407 5236 ipsum
1456 5181 1524 5221 ex
1571 5168 1649 5220 eis
1678 5182 1847 5223 unum
1879 5178 1982 5233 est,
2033 5183 2153 5239 quae
2182 5168 2249 5221 ab

682 5258 945 5327 apostolis
972 5265 1099 5311 ante
1136 5256 1429 5311 adventum
1482 5256 1720 5327 Spiritus
1772 5260 1947 5314 sancti
1991 5260 2249 5331 cognosci

755 5412 801 5443 “
822 5410 945 5465 Act.
966 5426 1003 5475 ι,
1044 5412 1093 5464 7.

750 5563 880 5635 (85)
929 5567 1028 5639 'Erg
1066 5567 1187 5639 τοῖς
1223 5566 1570 5633 ἀνθρώποις.
1611 5566 1878 5624 Observat
1932 5566 2252 5639 Sylbnrgius

683 5634 969 5707 legendum
1009 5637 1395 5707 ἀνθρωπικοῖς.

754 5706 865 5773 (86)
900 5706 1059 5780 κατὰ
1084 5706 1648 5777 πολυπλασιασμόν.
1680 5707 1808 5780 Leg.
1855 5708 1948 5761 καὶ
1976 5706 2065 5760 τὸν
2092 5706 2253 5760 πολυ-

679 5774 1042 5845 πλασιασμόν.

756 5845 869 5909 (87)
902 5844 1091 5911 Αὐτῷ.
1128 5844 1228 5920 Sic;
1251 5848 1561 5920 emendavit
1614 5847 1958 5920 Sylhurgius.
2006 5846 2073 5902 Β.
2128 5846 2248 5903 Ste-

684 5913 894 5983 phanus
927 5926 979 5971 et
1014 5931 1145 5971 mss.
1174 5918 1370 5972 αὐτῶν.

2357 4705 2481 4767 τοὺς
2513 4704 2571 4756 οὺ
2598 4703 2961 4774 διωρθώσατο,
2993 4702 3128 4757 ἀλλά
3152 4704 3246 4757 καὶ
3274 4705 3601 4775 ἐπέσφιγξεν
3629 4709 3810 4763 αὐτῶν
3834 4712 3933 4781 τὴν

2355 4796 2598 4864 ἄγνοιαν,
2627 4797 2805 4865 φήσας
2834 4794 2968 4866 πρὸς
2996 4793 3192 4857 αὐτούς
3211 4812 3223 4824 ·
3260 4796 3382 4863 Οὐχ
3424 4795 3590 4864 ὑμῶν
3613 4798 3745 4851 ἐστι
3787 4800 3935 4870 τινῶ-

2348 4905 2448 4941 ναι
2471 4888 2729 4957 χρόνους
2755 4886 2792 4955 ἢ
2830 4886 3091 4955 καιροὺς,
3120 4886 3229 4953 οὓς
3268 4890 3300 4941 ὀ
3326 4886 3532 4956 Πατὴρ
3562 4889 3733 4945 ἔθετο
3760 4892 3829 4945 ἐν
3857 4891 3933 4962 τῇ

2355 4980 2475 5049 ὶδιᾳ
2497 4980 2781 5047 ἐξουσίᾳ;
2806 4980 2951 5051 Αὕτη
2985 4979 3042 5032 δὲ
3073 4982 3106 5051 ἡ
3134 4980 3419 5052 ἀπόκρισις
3448 4979 3656 5051 βεϐαιοὶ
3672 4981 3772 5055 τὴν
3799 4986 3935 5038 ἐκεί-

2354 5091 2461 5128 νων
2495 5072 2778 5146 ἐρώτησιν.

2441 5168 2842 5221 ἈΠΟΚΡΙΣ1Σ.
2877 5167 2987 5221 Καὶ
3011 5165 3170 5219 τοῦτο
3196 5166 3255 5219 ἐν
3283 5168 3396 5219 ἐστι
3418 5166 3527 5220 τῶν
3554 5166 3663 5239 πρὸ
3686 5168 3789 5239 τῆς
3815 5171 3928 5222 ἐπι-

2357 5262 2657 5331 φοιτήσεως
2684 5260 2779 5313 τοῦ
2806 5260 2964 5328 ἀγίου
3000 5258 3314 5329 Πνεύματος
3347 5257 3423 5331 μὴ
3452 5257 3765 5330 δυναμένων
3794 5278 3934 5330 γνω-

2433 5567 2547 5639 (8§)
2600 5568 3111 5639 Ἀποσεσληκότος.
3148 5565 3327 5630 Multa
3359 5566 3633 5637 ejusmodi
3680 5568 3827 5623 dicta
3876 5569 3931 5623 in

2359 5636 2461 5693 hoc
2494 5636 2771 5709 Scriptore
2798 5647 3123 5709 occurrunt,
3148 5654 3248 5693 nec
3276 5636 3500 5694 necesse
3531 5639 3930 5709 estquidquam

2357 5709 2666 5763 emendare.
2720 5707 2861 5779 Infra
2902 5708 2954 5760 in
3011 5723 3154 5779 resp.
3205 5709 3272 5763 ad
3323 5719 3522 5779 quaest.
3554 5709 3693 5779 7H3.
3729 5710 3759 5760 ὁ
3786 5707 3933 5779 Θεὸς

2356 5779 2433 5886 id]
2471 5779 2698 5848 ποιήσας
2730 5776 2978 5840 πλείονας
3010 5777 3271 5847 κόσμους.
3294 5817 3309 5831 .
3416 5778 3611 5850 ἀτελὴς
3645 5780 3712 5833 ἐκ
3740 5778 3932 5833 τούτου

2384 5848 2563 5886 ετινον,
2594 5850 2626 5886 4,
2658 5846 2926 5886 nimam.-
2950 5847 3113 5886 ηιήηῆ

2355 5846 2564 5918 ἐδείχθη
2585 5846 2627 5917 ’ή
2658 5846 2926 5917 τελειότης
2950 5847 3133 5901 αὐτοῦ.
