4146 6436
702 338 723 391 1
735 337 842 393 365

1454 331 1821 390 APPENDIX.
1862 366 1929 378 —
1965 330 2145 387 PARS
2184 331 2227 386 l.
2264 331 2323 387 S.
2356 329 2624 388 JUSTlNl
2660 332 2889 388 OPERA
2928 331 3198 389 SPURIA.

3826 331 3968 388 i364

698 457 822 505 actu
843 490 859 515 ,
892 464 999 505 non
1031 448 1160 503 huic
1189 448 1536 504 incommodo
1562 449 1845 519 subjectus
1869 458 1972 513 est,
2003 455 2062 501 ut
2087 446 2262 499 minus

2370 445 2615 517 δυνάμει,
2652 448 2745 500 καὶ
2772 448 2876 502 οὐκ
2903 448 3181 519 ἐνεργείᾳ,
3224 444 3302 516 τῷ
3333 446 3433 516 τῆς
3476 444 3831 510 ἐλαττώσεως
3862 448 3963 517 οὐχ

696 544 763 599 de
782 560 848 599 eo
877 544 1130 599 dicatur?

768 634 970 696 RESP.
1013 635 1258 703 Quorum
1295 633 1559 705 operandi
1590 640 1833 704 potestas
1867 630 2103 688 naturali
2133 644 2268 700 qua-

672 730 823 783 !dam
857 730 1185 785 necessitate
1210 735 1448 792 constat,
1482 743 1673 782 eorum
1700 733 1943 797 potestas
1972 724 2151 777 minor
2186 731 2270 777 est

696 837 860 892 quam
890 828 1068 877 actus.
1117 819 1289 889 Cujus
1332 828 1514 875 autem
1557 826 1803 888 potestas
1854 815 2118 885 operandi
2160 829 2268 869 non

696 913 937 969 naturali
970 913 1322 975 necessitate,
1353 911 1448 966 sed
1473 912 1693 982 propria
1723 910 2001 963 voluntate
2028 915 2264 970 constat,

697 1004 753 1057 in
781 1019 907 1058 eum
934 1005 1118 1059 minus
1142 1019 1251 1059 non
1278 1003 1445 1058 cadit.
1478 1002 1765 1073 Cogitasti,
1789 1000 1991 1071 inquit,
2014 1008 2063 1052 et
2088 999 2269 1053 omnia

732 1093 792 1146 ibi
816 1094 1034 1150 adsunt.

733 1102 792 1146 'bi
853 1102 888 1146 α
1021 1137 1034 1150 .

699 1102 737 1147 ﬂ
767 1106 1047 1252 angusti.
1077 1184 1239 1242 CXV.
1276 1185 1335 1241 Si
1372 1202 1514 1257 genu
1536 1185 1754 1242 ﬂectere
1782 1188 1839 1240 in
1868 1184 2123 1256 precibus
2146 1198 2263 1237 ma-

694 1280 780 1349 gis
815 1279 925 1335 Deo
955 1289 1241 1350 precantes
1274 1280 1655 1343 commendat,
1690 1294 1855 1349 quam
1895 1286 2104 1333 stantes
2138 1292 2286 1347 pre--

694 1371 843 1435 cari,
885 1387 951 1427 ac
990 1373 1169 1443 magis
1209 1372 1448 1427 divinam
1493 1372 1923 1428 misericordiam
1967 1370 2261 1424 conciliat:

694 1479 794 1517 cur
827 1462 1128 1519 Dominicis
1155 1463 1349 1519 diebus
1386 1474 1442 1520 et
1472 1479 1502 1517 a
1529 1462 1741 1521 Pascha
1770 1477 1947 1533 usque
1981 1460 2049 1516 ad
2072 1460 2266 1515 Pente-

693 1564 916 1620 costen,
962 1573 1103 1627 genu
1152 1572 1258 1612 non
1316 1556 1545 1612 ﬂectunt
1592 1558 1686 1627 qui
1734 1556 2071 1627 precantur?
2110 1553 2265 1609 Unde

692 1659 875 1703 autem
900 1658 955 1705 et
977 1649 1091 1704 haec
1115 1650 1169 1704 in
1197 1650 1462 1705 ecclesias
1487 1650 1796 1721 ingressum
1830 1648 2017 1702 habuit
2039 1661 2267 1703 consue-

691 1741 859 1797 tudo?

760 1832 927 1904 m
955 1830 1154 1888 RESP.
1196 1832 1334 1900 Quia
1367 1832 1654 1903 utriusque
1683 1848 1784 1887 nos
1819 1846 2035 1900 semper
2072 1829 2261 1885 memi-
2294 1829 2337 1886 Β

690 1926 844 1981 nisse
873 1937 1106 1996 oportet,
1133 1934 1187 1980 et
1220 1926 1395 1981 nostri
1430 1926 1484 1979 in
1516 1931 1737 1995 peccata
1766 1924 1973 1994 lapsus,
1998 1932 2051 1978 et
2072 1923 2263 1993 gratia:

689 2013 897 2068 Christi
934 2014 1130 2077 nostri,
1168 2030 1264 2083 per
1296 2028 1462 2083 quam
1489 2030 1553 2067 ex
1588 2013 1829 2081 peccatis
1878 2013 2258 2079 surreximus;

688 2114 979 2177 propterea
1011 2119 1248 2176 genuum
1283 2105 1338 2159 in
1373 2097 1469 2160 sex
1499 2103 1693 2159 diebus
1742 2094 1900 2159 ﬂiaxio
1930 2104 2146 2173 signum
2177 2111 2261 2158 est

688 2196 867 2252 nostri
900 2196 956 2249 in
991 2204 1215 2265 peccata
1248 2196 1467 2265 lapsus;
1490 2195 1635 2265 quod
1662 2205 1843 2251 autem
1870 2196 1957 2251 die
1975 2194 2260 2250 Dominico

686 2306 796 2346 non
832 2289 1099 2345 ﬂectimus
1131 2304 1294 2359 genu,
1332 2288 1547 2359 signum
1583 2296 1667 2344 est
1696 2289 2138 2353 resurrectionis,
2166 2303 2262 2359 per

685 2397 849 2452 quam
884 2380 1091 2435 Christi
1125 2381 1301 2453 gratia
1335 2386 1389 2435 et
1429 2395 1458 2434 a
1504 2380 1747 2450 peccatis
1779 2380 1992 2434 liberati
2029 2396 2256 2446 sumus,

684 2483 741 2529 et
774 2489 803 2527 a
835 2473 1018 2529 debita
1053 2474 1296 2544 peccatis
1324 2484 1533 2536 morte,
1564 2486 1685 2542 qum
1710 2471 1991 2527 destructa
2036 2481 2141 2527 est.
2176 2472 2262 2527 Ab

684 2564 1007 2636 apostolicis
1037 2574 1221 2620 autem
1258 2565 1597 2634 temporibus
1632 2564 1848 2619 initium
1883 2564 2075 2619 habuit
2108 2564 2261 2633 ejus-

685 2660 834 2717 modi
868 2660 1238 2726 consuetudo,
1271 2658 1731 2729 quemadmodum
1781 2661 1858 2715 ait
1905 2660 2101 2717 beatus
2148 2641 2267 2718 ire:

684 2766 839 2807 naeus
867 2759 1076 2824 martyr
1104 2758 1158 2806 et
1184 2753 1480 2822 episcopus
1513 2750 1896 2824 Lugdunensis
1932 2753 1986 2807 in
2023 2754 2161 2808 libro
2182 2754 2259 2809 De

684 2842 981 2910 Paschate,
1017 2844 1074 2899 in
1118 2859 1228 2915 quo
1258 2853 1312 2899 et
1342 2842 1698 2900 Pentecostes
1745 2845 2024 2909 meminit,
2060 2846 2117 2899 in
2151 2861 2258 2915 qua

685 2952 795 2993 non
825 2935 1096 2993 ﬂectimus
1126 2952 1296 3009 genu,
1339 2935 1467 3006 quia
1500 2936 1744 3007 ejusdem
1782 2936 2043 2992 momenti
2076 2944 2161 2993 est
2195 2950 2260 2991 ac

779 3140 867 3223 iii)
928 3140 1433 3223 Τεθαναεωμένου.
1483 3138 1569 3223 Ad
1617 3139 1919 3211 marginem
1967 3139 2259 3213 utriusque
2286 3162 2329 3222 α

683 3212 894 3269 codicis
927 3227 1033 3266 ms.
1062 3212 1262 3281 legitur
1288 3212 1686 3281 τετραμμένου.

755 3283 866 3355 (92)
910 3284 1011 3355 ἘνΔ
1030 3279 1278 3355 τῷήΠερ).
1336 3279 1441 3355 τοῦ.
1464 3279 1696 3355 ῌάσχαΔ
1724 3280 1901 3355 ⁸ιὲόγῳ.
1928 3279 2169 3355 ,Εηίῑιιίι
2199 3281 2257 3339 S.

681 3350 872 3409 Irenzei
894 3350 1396 3423 paciﬁcusanimus
1429 3352 1483 3423 it_t
1503 3350 1733 3423 fovenda
1758 3351 1901 3423 inter
1919 3350 2263 3423 Christianos

682 3438 838 3495 pace,
861 3420 993 3495 quae
1023 3423 1094 3495 ob
1123 3422 1400 3495 diversum
1451 3420 1676 3495 Pascha),
1712 3421 2025 3495 celebrandi
2054 3438 2260 3478 morem

685 3491 826 3566 pene
864 3491 1126 3566 dissiluit.
1156 3491 1262 3566 Sed
1314 3508 1438 3547 cum
1470 3493 1525 3547 in
1552 3492 1831 3566 epistolis.
1859 3507 2076 3566 quasgea
2114 3495 2181 3566 de
2204 3509 2263 3566 re

683 3564 929 3636 scripsit,
991 3578 1057 3620 ea
1110 3564 1353 3636 colligat,
1414 3578 1537 3632 quae
1571 3565 1698 3636 alibi
1737 3564 1946 3636 Aaliter,
1998 3564 2259 3636 incolumi

681 3632 838 3705 pace,
870 3633 1152 3690 observari
1210 3632 1501 3705 sciebant;
1550 3633 1595 3687 si
1636 3632 1821 3705 hujus
1848 3648 2069 3705 quoque
2102 3635 2261 3690 insti-

682 3703 808 3770 tuti,
842 3712 902 3759 ut
948 3711 1181 3760 testatur
1228 3712 1417 3759 noster
1472 3703 1989 3768 Pseudo-Justinus,
2022 3708 2256 3761 mentio-

682 3791 809 3831 nem
839 3776 969 3831 fecit
990 3815 1005 3839 ,
1035 3790 1166 3829 num
1199 3775 1436 3843 aliquam
1466 3775 1785 3829 varietatem
1827 3774 1942 3829 haec
1966 3774 2132 3831 etiam
2158 3792 2257 3831 ex-

682 3846 1271 3917 pertaﬂconsuetudo?
1310 3846 1574 3901 Intererat
1618 3846 1763 3900 enim
1794 3843 1981 3899 lrenaai
2010 3860 2073 3917 ea
2118 3848 2260 3915 obji-

681 3914 809 3972 cere
836 3916 1045 3971 Victori
1078 3914 1322 3970 Romano
1352 3918 1632 3985 episcopo,
1661 3931 1891 3985 quorum
1936 3916 2084 3969 varia
2117 3914 2255 3985 erat,

682 3996 1069 4057 perseverante
1100 3986 1421 4049 concordia,
1474 3986 1821 4051 observatio;
1865 3986 2008 4057 qu_od
2037 3986 2256 4055 quidem

681 4055 887 4112 clarius
915 4059 1021 4112 erit
1053 4074 1120 4112 ex
1169 4059 1302 4127 ipsis
1327 4056 1511 4112 lrenazi
1540 4058 1721 4111 verbis
1746 4058 1887 4125 apud
1926 4055 2124 4111 Euseb.
2160 4060 2253 4113 lib.

678 4145 734 4192 ν,
766 4144 889 4199 cap.
917 4127 986 4181 24
1014 4147 1025 4182 :
1052 4130 1127 4181 Οὐ
1159 4127 1267 4199 γὰρ
1302 4128 1458 4199 μόνον
1509 4128 1635 4199 περὶ
1665 4128 1765 4199 τῆς
1802 4128 2024 4199 ,ἡμέρας
2051 4128 2195 4199 ἐστὶν
2223 4132 2255 4199 ή

678 4198 1109 4270 ἀμφισδήτησις,
1144 4197 1281 4252 ἀλλά
1314 4198 1408 4270 καὶ
1452 4198 1578 4269 περὶ
1630 4198 1724 4250 τοῦ
1754 4198 1927 4270 εἴδους
1954 4197 2118 4270 αὑτοῦ
2155 4197 2255 4268 τῆς

678 4268 952 4339 νηστείας,
980 4268 1043 4322 Oi
1072 4270 1169 4339 μὲν
1206 4270 1314 4339 γὰρ
1346 4268 1544 4321 οἴονται
1600 4270 1730 4339 μίαν
1783 4268 1991 4339 ἡμέραν
2018 4268 2124 4321 δεῖν
2157 4272 2255 4321 αὑ-

677 4341 806 4403 τοὺς
840 4338 1149 4412 νηστεύειν,
1171 4340 1221 4392 οἱ
1253 4338 1310 4392 δὲ
1366 4338 1479 4402 δύο,
1510 4341 1563 4412 οί
1596 4338 1651 4391 δὲ
1695 4340 1789 4412 καὶ
1820 4338 2091 4412 πλείονας
2124 4342 2170 4391 οἱ
2197 4340 2254 4392 δὲ

674 4409 1084 4499 τεσσαράκοντα
1106 4410 1264 4499 ιῶρας
1294 4410 1559 4499 ἡμερινὰς
1668 4411 1761 4497 καὶ
1778 4409 2096 4499 νυκτερινάς
2118 4426 2257 4493 ’συμ-

678 4480 937 4575 μετροῦσι
971 4480 1068 4552 τὴν
1097 4480 1308 4564 ἡμέρμν
1340 4480 1555 4568 αὑτιῖδν.
1583 4482 1697 4564 ~Kal
1733 4480 1954 4575 τοέαιξίτη
1997 4480 2093 4550 μὲν
2118 4487 2252 4575 ’ποι-
2288 4520 2331 4575 D

678 4550 827 4631 κιλία
852 4552 961 4631 τῶν
994 4550 1417 4631 ἐπιτιηρούντων.
1446 4553 1526 4631 οὐ.
1547 4550 1640 4603 νῦν
1664 4550 1951 4631 ἐφ’-ἡμῶν
1979 4553 2251 4631 γεγονυῖα,
2288 4550 2296 4588 θ

678 4621 817 4711 ἄλλα
865 4624 998 4711 πολὺ
1024 4621 1285 4711 πρότερον
1338 4624 1429 4675 ἐπὶ
1460 4622 1583 4706 τῶν,
1618 4622 1725 4693 πρὸ
1752 4621 1930 4709 ἠμςὺν,
2098 4622 2259 4711 ἔταρὰ

674 4693 739 4746 τὸ
770 4692 1017 4764 ἀκριϐὲς,
1052 4691 1126 4756 ὼς
1159 4691 1326 4757 εἰκὸς,
1384 4691 1749 4764 κρατούντων,
1772 4691 1782 4764 ξ
1799 4691 1895 4762 τὴν
1946 4691 2064 4744 καθ’
2091 4691 2257 4745 ἁπλό-

674 4780 813 4834 τητα
840 4762 931 4816 καὶ
967 4764 1273 4834 ἰδιωτισμόν
1299 4762 1579 4834 συνήθειαν
1612 4765 1691 4825 είς
1732 4763 1795 4814 τὸ
1834 4764 2123 4831 μετέπειτα
2158 4780 2255 4815 πε-

677 4832 1004 4914 ποιηκότων.
1039 4832 1222 4914 βροτω
1254 4832 1496 4914 εηιίηιςάε
1518 4835 1602 4914 die
1642 4836 1755 4901 ipso
1776 4834 2256 4914 .controversialso-

679 4902 927 4965 lum'est,
960 4904 1051 4959 sed
1079 4902 1241 4957 etiam
1292 4904 1355 4959 de
1399 4906 1515 4971 ipsa
1547 4903 1721 4972 {arma
1760 4902 1973 4972 jejunii.
2024 4902 2257 4969 Quidam

677 4978 817 5029 enim
842 4977 1149 5029 existimant
1180 4976 1333 5027 unico
1360 4976 1442 5027 die
1483 4975 1584 5029 sibi
1620 4992 1730 5028 esse
1752 4975 2124 5043 jejunandum,
2163 4976 2258 5028 alii

678 5046 904 5107 duobus,
934 5046 1029 5100 alii
1058 5046 1342 5114 pluribus:
1379 5046 1477 5098 alii
1534 5061 1651 5099 vero
1697 5045 2054 5115 quadraginta
2089 5044 2254 5108 horis,

678 5117 952 5170 nocturnis
1001 5126 1050 5171 et
1107 5116 1335 5177 diurnis,
1370 5116 1509 5169 diem
1551 5132 1705 5169 suum
1747 5118 2050 5170 metiuntur.
2088 5117 2257 5185 Atque

679 5188 789 5241 lia'c
808 5187 1170 5255 jejunantium
1202 5188 1455 5249 varietas,
1484 5204 1586 5241 non
1609 5197 1793 5240 nostra
1819 5188 2047 5255 primum
2100 5197 2257 5242 aetate

679 5268 811 5313 nata
843 5268 941 5321 est,
967 5258 1055 5311 sed
1081 5257 1247 5311 multo
1270 5260 1418 5323 prius
1451 5259 1547 5311 sub
1572 5258 1637 5310 iis
1671 5259 1760 5327 qui
1804 5267 1926 5312 ante
1954 5276 2047 5311 nos
2082 5260 2255 5312 minus

678 5338 950 5393 accurate,
1001 5339 1058 5381 ut
1101 5328 1383 5382 verisimile
1417 5336 1517 5389 est,
1551 5328 1921 5397 gubernantes,
1973 5339 2144 5383 ortam
2191 5346 2256 5383 ea:

675 5401 1020 5469 simplicitate
1052 5408 1101 5453 et
1124 5399 1391 5467 imperitia
1425 5398 1854 5452 consuetudinem
1890 5400 1943 5451 in
1989 5410 2255 5467 posterum

676 5471 1020 5525 induxerunt.
1047 5470 1204 5524 Hunc
1236 5470 1415 5524 locum
1440 5476 1495 5522 et
1520 5485 1617 5523 sua
1645 5478 1837 5539 sponte
1860 5478 2175 5540 corruptum
2201 5480 2254 5524 et

676 5543 845 5597 variis
877 5540 1418 5612 interpretationibus
1454 5546 1702 5612 vexatum
1737 5540 2027 5612 emendare
2063 5549 2114 5595 et
2160 5557 2254 5597 ex-

675 5612 879 5680 plicare
910 5609 1173 5667 conabor.
1206 5609 1384 5665 Unum
1434 5610 1693 5682 estquod
1726 5611 1934 5665 clarum
1965 5620 2019 5665 et
2045 5614 2254 5682 perspio

674 5696 837 5736 cuum
866 5684 959 5745 sit,
982 5696 1177 5752 nempe
1205 5681 1273 5736 de
1298 5681 1511 5750 jejunio
1526 5680 1863 5752 Domi‘nicam
1896 5680 2254 5737 resurrectio-

674 5768 797 5807 nem
832 5755 1078 5821 proxime
1108 5749 1462 5809 antecedente
1490 5749 1694 5822 aiiquid
1712 5752 1782 5806 ab
1803 5754 2063 5822 apostolis
2084 5752 2253 5809 fuisse

675 5824 1073 5897 praescriptum,
1098 5822 1243 5897 quod
1268 5825 1321 5880 in
1352 5822 1603 5882 ecclesiis
1630 5822 1907 5879 nonnullis
1942 5824 2012 5879 ob
2036 5836 2246 5890 eorum,

2351 3432 2544 3489 textus
2595 3424 2859 3478 enitescet
2909 3430 2964 3479 et

2372 538 2671 591 ὑποπίπτει
2699 539 2923 610 ὀνόματι
2947 555 2961 603 ;

2453 631 2852 684 ’AHOKPIEIE.
2872 625 2971 684 Ὧν
2999 628 3280 701 ἠδύναμις
3310 630 3409 699 τῆς
3440 630 3719 701 ἐνεργείας
3747 633 3957 699 φυσικῇ

2367 739 2473 777 τινι
2498 722 2712 794 ἀνάγκῃ
2760 724 3092 794 ὑφέστηκεν,
3144 722 3347 775 τούτων
3374 724 3406 790 ἡ
3436 721 3665 793 δύναμις
3711 720 3960 774 ἐλάττων

2367 813 2466 883 τῆς
2487 813 2766 885 ἐνεργείας
2797 813 3153 884 καθέστηκεν.
3181 808 3254 866 Οὖ
3283 813 3338 867 δὲ
3357 815 3391 885 ἡ
3411 812 3641 883 δύναμις
3669 814 3771 883 τῆς
3804 814 3959 881 ἐνερ-

2366 896 2521 965 γείας
2534 900 2599 951 οὺ
2621 903 2821 971 φυσικῇ
2858 900 3090 973 ἀνάγκῃ,
3125 899 3261 953 ἀλλὰ
3291 901 3399 973 ἰδίᾳ
3427 900 3585 972 βουλῇ
3621 902 3955 971 ὑφέστηκεν,

2367 985 2520 1054 οὗτος
2552 992 2919 1072 ἀνυπόδλητος
2943 993 3020 1063 τῷ
3052 993 3149 1063 τῆς
3178 991 3523 1056 ἐλαττώσεως
3552 992 3799 1064 ὀνόματι.
3827 997 3957 1046 Ata-

2367 1083 2614 1151 νοήθης,
2646 1086 2799 1154 φησὶ,
2829 1085 2929 1138 καὶ
2957 1084 3151 1138 πάντα
3178 1099 3274 1139 σοι
3303 1084 3609 1153 πάρεστιν.

2451 1176 2798 1229 ἘΡΩΤΗΣΙΣ
2826 1178 2974 1232 PIE'.
3024 1178 3087 1230 El
3134 1176 3197 1229 τὸ
3237 1176 3437 1230 κλίνειν
3479 1178 3539 1230 τὸ
3572 1178 3699 1246 γόνυ
3738 1178 3799 1229 ἐν
3832 1179 3955 1236 ταῖς

2368 1269 2698 1338 προσευχαῖς
2725 1265 2820 1319 τοῦ
2854 1267 3094 1331 ἑστῶτας
3115 1267 3371 1339 εὔχεσθαι
3414 1268 3612 1338 μᾶλλον
3656 1268 3777 1340 Θεῷ
3820 1270 3955 1333 τοὺς

2367 1357 2692 1429 εὐχομένους
2721 1359 3042 1431 παρίστησι,
3062 1360 3157 1412 καὶ¹
3183 1360 3362 1413 πλεῖον
3378 1360 3658 1429 ἐφέλκεται
3676 1360 3774 1431 τὴν
3796 1360 3954 1413 θείαν

2371 1451 2732 1521 συμπάθειαν,
2762 1450 2850 1504 διὰ
2883 1452 2934 1504 τί
2967 1452 3025 1504 ἐν
3060 1454 3180 1515 ταῖς
3214 1454 3503 1524 κυριακαίς
3547 1452 3782 1525 ἡμέραις
3804 1495 3819 1516 ,
3853 1453 3955 1505 καὶ

2368 1542 2476 1596 ἀπὸ
2500 1542 2593 1597 τοῦ
2634 1545 2826 1614 Πάσχα
2864 1543 2969 1607 ἐως
3005 1544 3103 1613 τῆς
3147 1544 3546 1615 Πεντηκοστῆς,
3571 1545 3703 1612 γόνυ
3736 1546 3799 1597 οὐ
3833 1545 3955 1597 κλί-

2366 1651 2548 1687 νουσιν
2579 1636 2629 1687 οἱ
2657 1636 2972 1705 εὐχόμενοι;
3012 1635 3175 1689 πόθεν
3201 1636 3258 1688 δὲ
3296 1637 3391 1690 καὶ
3415 1638 3449 1707 ἡ
3475 1637 3699 1707 τοιαύτη
3738 1638 3797 1689 ἐν
3826 1640 3954 1700 ταῖς

2366 1727 2683 1797 ἐκκλησίαις
2709 1726 2922 1799 εἰσῆλθε
2950 1726 3242 1799 συνήθεια;

2450 1842 2849 1896 ἈΠΟΚΡΙΣΙΣ.
2895 1841 3113 1913 Ἐπειδὴ
3139 1840 3463 1913 ἀμφοτέρων
3488 1842 3655 1912 ἐχρῆν
3686 1843 3837 1912 ἡμᾶς
3858 1841 3953 1895 ἀεὶ

2351 1933 2698 2005 μεμνῆσθαι,
2756 1934 2852 1987 καὶ
2911 1933 3014 2005 τῆς
3042 1935 3102 1988 ἐν
3156 1936 3279 1995 ταῖς
3336 1932 3631 2003 ἁμαρτίαις
3686 1932 3953 1996 πτώσεως

2364 2025 2540 2095 ἡμῶν,
2574 2025 2791 2096 καὶτῆς
2825 2023 3044 2097 χάριτος
3070 2024 3164 2077 τοῦ
3186 2023 3421 2095 Χριστοῦ
3449 2022 3636 2094 ήμῶν,
3672 2023 3740 2075 δι’
3781 2019 3850 2094 ἧς
3880 2024 3951 2075 ἐκ

2361 2118 2463 2187 τῆς
2490 2116 2749 2180 πτώσεως
2775 2117 3100 2188 ἀνέστημεν,
3124 2116 3213 2172 διὰ
3242 2116 3399 2171 τοῦτο
3428 2120 3461 2188 ἡ
3488 2118 3544 2169 ἐν
3576 2120 3695 2179 ταῖς
3716 2114 3778 2179 ἐξ
3808 2116 3951 2186 ἠμέ-

2365 2226 2487 2279 ραις
2504 2208 2658 2278 ἡμῶν
2674 2209 2986 2276 γονυκλισία
3009 2209 3070 2263 σύ
3079 2210 3274 2281 μϐολόν
3290 2210 3407 2264 ἐστι
3427 2210 3525 2280 τῆς
3547 2210 3605 2261 ἐν
3620 2211 3741 2271 ταῖς
3760 2210 3949 2283 ἁμαρ-

2360 2302 2502 2362 τίαις
2520 2298 2957 2379 πτὼπωςῄἠμῶν
2981 2318 2995 2331 ⁸
3031 2302 3093 2354 τὸ
3114 2302 3172 2379 δὲ
3200 2302 3259 2353 ἐν
3288 2304 3352 2372 τῇ
3383 2304 3617 2373 κυριακῇ
3636 2302 3713 2371 μὴ
3745 2302 3951 2355 κλίνειν

2362 2392 2491 2459 γόνυ
2523 2373 2795 2463 σύμϐολόν
2832 2395 2950 2446 ἐστι
2986 2394 3089 2464 τῆς
3120 2373 3503 2458 ἀναστάσεως,
3548 2394 3616 2447 δι’
3647 2391 3718 2466 ἧς
3751 2397 3817 2465 τῇ
3848 2394 3947 2447 τοῦ

2362 2484 2599 2556 Χριστοῦ
2650 2484 2865 2556 χάριτι,
2898 2484 3008 2538 τῶν
3040 2502 3099 2537 τε
3133 2486 3545 2556 ἁμαρτημάτων
3578 2485 3671 2537 καὶ
3718 2485 3814 2538 τοῦ
3856 2487 3947 2538 ἐπ’

2364 2575 2543 2628 αὐτῶν
2582 2576 3028 2646 τεθανατωμένου
3058 2577 3168 2648 (91)
3199 2576 3429 2630 θανάτου
3464 2575 3945 2647 ἠλευθερώθημεν.

2374 2668 2468 2721 Ἐκ
2495 2669 2605 2722 τῶν
2639 2667 3008 2722 ἀποπολικῶν
3034 2668 3090 2720 δὲ
3124 2668 3331 2739 χρόνων
3355 2671 3388 2739 ἡ
3422 2668 3646 2739 τοιαύτη
3686 2671 3949 2739 συνήθεια

2362 2755 2518 2810 ἔλαϐε
2546 2757 2644 2827 τὴν
2672 2756 2866 2829 ἀρχὴν,
2902 2756 3085 2820 καθώς
3112 2774 3276 2827 φησιν
3297 2760 3325 2810 ό
3357 2758 3623 2827 μακάριος
3654 2758 3948 2829 Εἰρηναῐες

2359 2848 2388 2899 ὁ
2414 2848 2621 2918 μάρτυς
2650 2848 2744 2901 καὶ
2773 2847 3069 2911 ἐπίσκοπος
3102 2847 3435 2917 Λουγδούνου
3470 2849 3527 2900 ἐν
3554 2847 3632 2918 τῷ
3660 2849 3803 2916 Περὶ
3834 2848 3947 2902 τοῦ

2360 2937 2579 3007 Πάσχα
2602 2938 2743 3009 λόγῳ
2773 2938 2905 3009 (9‘2),
2940 2942 2996 2992 ἐν
3029 2933 3072 3008 ᾦ
3106 2939 3378 3011 μέμνηται
3405 2941 3498 2995 καὶ
3518 2942 3645 3013 περὶ
3667 2942 3769 3007 τῆς
3804 2944 3946 2996 Πεν-

2362 3142 2455 3213 qui
2490 3150 2781 3211 praeerant,
2807 3140 3190 3213 negligentiam
3219 3140 3497 3213 observari
3524 3142 3769 3199 desierit.
3795 3143 3948 3201 Pra-

2363 3212 2513 3268 terea
2566 3222 2833 3282 repugnat
2887 3212 3112 3283 omnino
3171 3220 3436 3283 constans
3456 3212 3559 3283 ille
3593 3228 3656 3283 ex
3699 3216 3947 3283 quadra-

2364 3284 2513 3355 ginta
2546 3281 2724 3355 horis’
2761 3282 3047 3355 nocturnis
3078 3290 3132 3336 et
3176 3281 3394 3355 diurnis
3438 3281 3572 3336 dies.
3612 3281 3732 3338 Sed
3761 3287 3807 3339 si
3841 3302 3948 3355 pro

2362 3352 2723 3425 quadraginta
2759 3353 2909 3406 horis
2940 3352 3183 3422 legamus
3208 3353 3397 3422 viginti
3431 3360 3666 3425 quatuor
3686 3394 3700 3415 ,
3733 3363 3787 3408 et
3809 3352 3947 3410 con-

2996 3437 3159 3492 quam
3212 3422 3666 3492 consuetudinem
3727 3439 3758 3477 a
3802 3442 3945 3480 non-

2362 3496 2529 3549 nullis
2561 3494 2755 3548 violari
2786 3490 3027 3548 moleste
3054 3493 3193 3547 lerat
3239 3490 3495 3551 lrenaeus.
3530 3492 3685 3549 facile
3711 3496 3946 3551 investi-

2362 3566 2633 3636 gabimus.
2664 3562 2793 3617 Erat
2820 3564 3134 3636 in‘antiqua
3162 3562 3404 3636 Ecclesia
3429 3578 3547 3617 mos
3570 3565 3941 3635 apostolicus,

2363 3627 2423 3690 ut
2455 3634 2677 3689 Sabbati
2700 3627 3181 3689 sancﬁ‘dies'sine
3216 3634 3326 3686 ulle
3358 3648 3584 3703 prorsus
3608 3627 3741 3688 'cibo
3770 3627 3945 3693 duce;

2361 3714 2534 3769 retur,
2576 3720 2678 3761 nec
2706 3705 3006 3775 quidquam
3062 3704 3443 3775 degustaretur
3491 3713 3617 3759 ante
3650 3706 3776 3774 galli
3806 3722 3946 3762 can-

2362 3786 2476 3831 tum
2513 3786 2635 3846 post
2666 3773 2899 3829 mediam
2932 3773 3168 3830 noctem.
3219 3773 3539 3843 Praecipitur
3580 3776 3633 3828 in
3669 3774 3945 3832 Constitu-

2362 3845 2591 3901 tionibus
2620 3846 2922 3915 apostolicis
2976 3845 3071 3901 lib.
3107 3862 3161 3908 ν,
3186 3860 3310 3914 cap.
3346 3846 3447 3899 l9:
3485 3856 3540 3897 ut
3572 3847 3788 3915 reliquis
3818 3848 3939 3903 die-

2361 3918 2605 3971 bus‘ante
2637 3916 2979 3970 Parascevem
3009 3916 3141 3969 hora
3174 3932 3313 3969 nona
3334 3917 3411 3969 vel
3432 3931 3632 3987 vespere
3654 3920 3944 3987 unusquis-

2358 4005 2454 4057 que
2484 3987 2743 4049 comedat,
2769 3987 2923 4040 velut
2946 3987 3161 4056 quisque
3190 3988 3409 4058 poterit;
3437 3996 3492 4039 at
3511 3985 3749 4058 Sabbato
3778 3985 3943 4058 usque

2360 4056 2427 4110 ad
2450 4059 2780 4127 gallicinium
2810 4066 3183 4128 permaneant,
3231 4057 3437 4128 Δμέχρις
3473 4056 3943 4128 ἀλεκτοροῳωνίας

2359 4126 2793 4200 παρατείνοντες.
2844 4126 3179 4200 Theophilus
3214 4126 3718 4200 Alexandrinus__itt
3754 4126 3938 4200 epist.

2357 4198 2391 4251 2
2445 4197 2690 4252 l'aschali
2747 4198 2891 4267 apud
2956 4197 3368 4267 Hieronymum,
3404 4206 3535 4253 tom.
3590 4197 3760 4267 lV',p.
3795 4199 3935 4255 7i6:

2357 4269 2528 4323 Juxta
2557 4270 2875 4338 apostolicus
2899 4269 3207 4339 traditiones
3238 4268 3487 4339 finiamus
3513 4269 3724 4339 jejunia
3750 4270 3941 4339 intem-

2355 4351 2501 4408 pesta
2533 4351 2680 4393 nocte
2706 4349 2886 4393 octavo
2914 4340 3114 4392 decimo
3135 4338 3217 4391 die
3241 4338 3532 4406 supradicti
3554 4342 3746 4393 mensis
3764 4338 3941 4395 Phar-

2357 4411 2525 4463 muthi
2549 4451 2562 4473 ,
2595 4421 2644 4464 et
2675 4411 2841 4464 altero
2865 4410 2969 4472 die,
2998 4410 3087 4479 qui
3117 4408 3406 4463 Dominicw
3436 4412 3833 4465 resurrectionis
3861 4420 3938 4466 est

2360 4484 2679 4551 symbolum,
2712 4480 2767 4533 id
2814 4490 2891 4535 est
2921 4498 3056 4535 nono
3090 4481 3290 4551 decimo
3337 4480 3571 4551 ejusdem
3629 4481 3822 4535 mensis
3855 4500 3939 4536 oe-

2360 4549 2479 4622 rum
2536 4550 2743 4605 Pascha
2797 4551 3132 4622 celebremus.
3167 4549 3528 4622 Hieronymus
3560 4551 3612 4603 in
3651 4566 3773 4618 cap.
3806 4568 3933 4616 xxv,

2362 4621 2598 4677 Matthtei
2656 4630 2891 4676 testatur
2923 4621 3261 4675 traditionem
3319 4621 3667 4690 apostolicam
3694 4637 3937 4689 perman-

2358 4694 2509 4757 sisse,
2542 4704 2598 4745 ut
2629 4695 2684 4746 in
2716 4693 2799 4745 die
2829 4693 3130 4762 vigiliarum
3176 4690 3400 4745 Paschw
3432 4702 3553 4762 ante
3579 4694 3748 4745 noctis
3779 4692 3937 4746 dimi-

2358 4762 2505 4816 dium
2536 4764 2753 4833 populos
2779 4760 3042 4833 dimittere
3088 4779 3207 4833 non
3244 4762 3419 4816 liceat.
3450 4760 3569 4817 Viti.
3605 4763 3843 4833 Metltod.
3878 4764 3933 4817 in

2360 4831 2574 4889 Convin.
2606 4831 2755 4904 Virg.
2799 4832 2940 4904 apud
2972 4832 3267 4887 Combelis.
3322 4849 3374 4902 p.
3430 4833 3520 4897 85,
3552 4840 3605 4887 et
3627 4831 3933 4887 Palladium

2370 4904 2474 4959 Vit.
2507 4906 2566 4961 S.
2598 4903 2824 4958 Joannis
2857 4903 3221 4973 Chrysostomi
3263 4904 3438 4973 p.84,
3474 4904 3566 4956 ubi
3589 4904 3779 4957 eadem
3816 4905 3934 4957 lau-

2359 4975 2523 5029 datur
2555 4976 2854 5046 apostolica
2907 4970 3280 5046 consuetudo:
3308 4970 3411 5028 Sed
3468 4983 3650 5027 tamen
3673 4975 3935 5046 quamvis

2357 5044 2682 5102 transmissa
2710 5046 2780 5099 ab
2830 5045 3093 5115 apostolis
3124 5045 3356 5115 fuisset,
3375 5060 3484 5100 non
3527 5044 3775 5099 eamdem
3811 5046 3934 5099 ubi-

2359 5132 2464 5186 que
2521 5113 2900 5171 auctoritatem
2959 5115 3260 5186 obtinebat.
3312 5113 3469 5179 Nam,
3525 5122 3585 5168 ut
3617 5115 3847 5186 legimus
3877 5116 3930 5169 in

2357 5184 2482 5242 can.
2512 5189 2533 5242 l
2592 5188 2649 5245 S.
2709 5186 2948 5259 Dionysii
2984 5185 3359 5259 Alexandrini,
3389 5185 3656 5254 jejunium
3678 5184 3931 5259 ’Sabhato

2359 5266 2552 5328 sancto
2582 5260 2686 5313 sub
2710 5255 3083 5328 galli’cantum
3128 5256 3447 5328 solvendum
3479 5270 3608 5328 esse,
3630 5255 3932 5328 censebant

2358 5327 2587 5383 Romani
2617 5325 2915 5384 Christiani
2944 5348 2957 5383 :
2992 5342 3103 5380 non
3157 5325 3386 5381 deerant
3418 5327 3685 5391 ecclesiae,
3708 5328 3763 5380 in
3808 5326 3931 5395 qui-

2356 5401 2459 5454 bus
2489 5400 2538 5453 id
2562 5415 2789 5471 vespere
2816 5398 3123 5471 laciendum
3155 5396 3451 5471 videretur.
3488 5396 3782 5471 Dionysius
3802 5396 3930 5471 Aie-

2357 5468 2681 5536 xandrinus,
2712 5486 2775 5525 ea
2796 5470 2863 5525 de
2915 5486 2974 5523 re
3001 5468 3308 5530 consultus,
3339 5478 3396 5519 ut
3421 5468 3739 5537 negligentes
3758 5477 3807 5521 et
3848 5468 3929 5519 in-

2359 5551 2701 5610 temperantes
2732 5539 3079 5610 reprehendit
3123 5552 3218 5610 eos
3283 5538 3372 5609 qui
3421 5539 3644 5610 nimium
3674 5537 3929 5610 festinant

2355 5624 2406 5689 et
2446 5607 2825 5689 ante_mediam
2857 5621 3061 5689 noctem
3084 5607 3373 5689 jejunium
3425 5608 3658 5689 solitum.
3696 5607 3815 5689 Non
3842 5607 3927 5660 vi-

2356 5685 2555 5739 dentur
2577 5682 2761 5738 lrentei
2788 5682 3023 5752 querelae
3050 5677 3168 5752 alio
3184 5682 3475 5752 pertinere.
3510 5677 3628 5752 Non
3653 5680 3800 5752 enim
3832 5692 3927 5752 eos

2356 5756 2721 5824 vituperasset
2748 5747 2840 5824 qui
2873 5761 3047 5806 totum
3081 5747 3305 5824 sabbati
3340 5749 3699 5824 diem__jejuni
3734 5748 3924 5803 tradu-

2358 5821 2588 5893 cebant;
2644 5821 2779 5883 nihil
2811 5824 2953 5880 cnim
2990 5821 3225 5893 amplius
3272 5821 3660 5893 pmscribebat
3710 5829 3929 5892 aposto-
