4146 6460
237 346 385 400 1365

229 479 528 549 τηκοστῆς,
562 479 618 531 ἐν
716 477 777 530 οὐ
811 477 1066 546 κλίνομεν
1105 474 1254 543 γόνυ,
1291 473 1478 541 ἐπειδὴ
1510 471 1819 538 ίσοδυναμεῖ

229 574 304 639 τῇ
337 570 519 640 ἡμέρᾳ
539 568 636 637 τῆς
669 567 972 638 Κυριακῆς,
1007 566 1149 618 κατὰ
1178 564 1276 635 τὴν
1309 562 1566 633 ῥηθεῖσαν
1589 560 1715 630 περὶ
1732 561 1822 611 αύ-

230 661 339 730 τῆς
368 660 566 712 αἰτίαν.

322 751 671 804 ἘΡΩΤΗΣΙΣ
698 751 859 816 Ριεῖν.
887 750 950 802 Et
971 736 1326 817 ἀνιστάμενος
1355 748 1382 800 δ
1417 745 1690 814 Δεσπότης
1716 743 1822 796 ἀπὸ

229 843 332 894 τοῦ
366 844 648 912 μνήματος
676 841 744 893 τά
778 842 1006 910 ἐντάφια
1033 842 1090 892 ἐν
1117 841 1193 910 τῷ
1224 841 1379 909 τάφῳ
1411 837 1685 897 κατέλιπε,
1707 835 1822 898 πῶς

236 932 381 1002 μετά
414 932 508 1002 τὴν
533 933 826 986 ἀνάστασιν
851 931 883 1002 ἢ
918 931 1122 1002 γυμνὸν
1148 931 1308 984 αὐτὸν
1331 929 1562 997 ὀφθέντα
1588 967 1602 992 ,
1706 927 1821 978 ἐτέ-

235 1023 417 1094 ρωθεν
449 1025 610 1076 αὑτὸν
634 1023 839 1093 ἐσθῆτα
867 1024 1232 1093 κομισάμενον
1264 1025 1296 1093 ή
1328 1022 1518 1092 Γραφὴ
1539 1020 1637 1088 ούχ
1687 1020 1824 1072 ἱστό-

245 1133 446 1187 ρησεν;
499 1117 559 1168 El
600 1116 656 1168 δέ
699 1117 835 1186 μήτε
875 1115 1138 1185 ἑτέρωθεν
1190 1114 1555 1184 ἀμφιάσματα
1604 1112 1820 1182 εἴληφε,

246 1209 389 1279 μήτε
418 1207 622 1277 γυμνὸς
649 1211 760 1270 τοῖς
785 1206 903 1259 τότε
947 1207 1106 1259 αὑτὸν
1153 1207 1348 1277 ὁρῶσιν
1398 1205 1676 1274 ἐφαίνετο,
1709 1203 1824 1267 πῶς

237 1300 460 1372 ἀληθὲς,
491 1301 572 1352 ὅτι
601 1299 668 1352 τά
709 1299 897 1370 ἱμάτια
929 1300 986 1350 ἐν
1015 1299 1092 1370 τῷ
1122 1301 1275 1369 τάφῳ
1306 1299 1622 1364 κατέλιπεν;

325 1483 729 1536 ἈΠΟΚΡ1Σ1Σ.
760 1480 841 1537 Τὰ
879 1482 973 1552 μὲν
1020 1482 1209 1552 ἱμάτια
1245 1480 1340 1532 106
1371 1481 1654 1550 Σωτῆρος,
1690 1478 1826 1550 μετά

231 1576 299 1628 τὸ
351 1574 729 1645 σταυρωθῆναι
767 1573 929 1626 αὑτὸν
958 1574 1006 1625 οί
1057 1572 1383 1643 στρατιῶται
1420 1570 1821 1641 διεμερίσαντοο

233 1668 309 1720 τὰ
335 1667 390 1720 δέ
423 1666 540 1736 μετ’
564 1665 729 1718 αὐτοῦ
763 1664 1147 1735 είσενεχθέντα⁴
1171 1665 1251 1726 είς
1281 1665 1371 1717 τὸν
1412 1665 1577 1732 τάφον
1622 1663 1753 1734 (95),
1798 1663 1824 1714 ἐ

238 1800 251 1812 .
299 1801 312 1813 .
355 1798 368 1810 .
404 1757 555 1810 εσίαν
578 1757 671 1810 106
703 1757 904 1821 ζῶντος
929 1756 1275 1826 ἀνεπιτήδεια
1304 1752 1390 1825 ἦν,
1425 1756 1504 1812 Τὰ
1537 1755 1594 1808 δὲ
1637 1756 1823 1826 ἱμάτια

229 1848 275 1904 ἃ
303 1850 486 1921 ἐφόρει
512 1852 540 1904 ό
570 1850 772 1921 Κύριος
799 1849 936 1920 μετά
957 1849 1054 1925 τὴν
1089 1851 1385 1904 ἀνάστασιν
1412 1889 1425 1912 ,
1461 1849 1492 1920 ἦ
1530 1849 1818 1921 ἐδημιούρ-

233 1957 428 2009 γησεν,
460 1942 492 2013 ἢ
525 1941 714 1995 ἐλαϐεν
750 1941 1063 2011 ἀλλαχόθεν,
1095 1941 1170 2004 ὼς
1196 1941 1353 1995 ἐλαὸε
1388 1942 1480 1996 καὶ
1514 1941 1603 1993 τὸν
1643 1941 1819 1995 πῶλον

232 2035 319 2094 εἰς
345 2033 603 2104 κάθισμα.
641 2033 931 2104 Ἑκάτερον
952 2035 1059 2105 γὰρ
1087 2033 1338 2104 ήδύνατο,
1371 2033 1466 2085 καὶ¹
1486 2033 1547 2085 τὸ
1571 2033 1821 2104 δημιουρ-

233 2123 408 2193 γῆσαι
438 2125 530 2178 καὶ
562 2125 623 2177 τὸ
654 2124 838 2178 λαϐεῖν
861 2125 1173 2196 ἀλλαχόθεν.
1209 2125 1426 2177 Πολλῶν
1449 2125 1505 2177 δέ
1531 2125 1697 2179 όντων
1712 2126 1820 2178 τῶν

234 2214 345 2269 ὑπὸ
372 2215 463 2267 τοῦ
492 2215 696 2287 Κυρίου
744 2214 1077 2284 λεχθέντων,
1133 2209 1206 2268 ὧν
1260 2214 1445 2285 ήθεία
1493 2214 1681 2286 Γραφὴ
1723 2215 1822 2278 τὰς

236 2306 484 2377 ἱστορίας
520 2307 580 2358 οὐ
615 2309 892 2378 περιέχει,
924 2306 981 2372 ἐξ
1015 2308 1260 2376 ἀνάγκης
1302 2307 1396 2359 καὶ
1438 2306 1506 2359 τὰ
1543 2307 1680 2379 μετὰ
1725 2307 1822 2377 τήν

235 2395 535 2448 ἀνάστασιν
564 2395 838 2465 ἐνδύματα
872 2396 982 2466 (94)
1022 2437 1035 2450 .
1076 2437 1089 2452 .
1134 2436 1150 2450 .
1185 2415 1233 2449 ιν
1260 2396 1479 2464 εὔλογον
1508 2397 1567 2448 τὸ
1601 2400 1665 2450 ἐκ
1686 2397 1823 2451 πάν-

235 2505 346 2541 των
364 2487 472 2540 τῶν
489 2489 709 2558 ἀνιστορ
745 2528 758 2541 .
793 2529 806 2541 .
838 2529 850 2541 .
879 2529 890 2542 .
923 2491 1273 2561 ἀνιστορήτου
1296 2489 1477 2560 ζητεῖν
1499 2490 1596 2560 τὴν
1622 2491 1822 2554 αἰτίαν,

234 2579 298 2631 ού
334 2618 348 2632 .
387 2618 401 2632 .
443 2619 455 2631 .
482 2579 576 2631 τοῦ
619 2580 970 2651 ἀνιστορήτου
999 2581 1430 2645 κατασκευάζειν
1461 2581 1556 2652 τὴν
1592 2581 1825 2652 ἀπορίαν

235 2670 484 2740 περὶτοῦ
534 2671 832 2741 ἐνδύματος
860 2671 953 2723 106
986 2672 1191 2742 Κυρίου
1213 2677 1241 2735 ,¹
1268 2671 1382 2724 ἀλλ’
1417 2675 1481 2725 ἐκ
1521 2674 1617 2743 τῆς
1665 2672 1824 2725 δυνά-

240 2777 389 2830 μεως
419 2761 582 2814 αὑτοῦ
631 2761 815 2815 λαϐεῖν
857 2761 956 2835 τὴν
993 2763 1176 2815 πίστιν
1226 2764 1354 2834 περὶ
1398 2762 1493 2815 106
1531 2763 1826 2834 ἐνδύματος

239 2869 428 2904 αυτου.

326 2939 675 2994 ἘΡΩΤΗΣΙΣ
704 2943 846 2995 ΡΙΖ’.
884 2943 947 2995 El
985 2942 1143 3012 σῶμα
1177 2944 1494 3014 παχυμερὲς
1525 2943 1703 3016 θυρῶν
1737 2963 1828 3001 κο-

240 3032 575 3103 κλεισμένων
606 3036 993 3106 κεκωλυμένην
1013 3036 1126 3106 ἔχει
1143 3036 1241 3108 τὴν
1267 3037 1519 3108 πάροδον,
1551 3038 1668 3102 πῶς
1691 3038 1827 3109 μετά

239 3125 342 3196 τὴν
370 3125 666 3178 ἀνάστασιν
700 3126 838 3198 πρὸς
861 3129 986 3190 τοὺς
1015 3127 1264 3197 μαθητάς
1283 3128 1392 3181 τῶν
1421 3129 1599 3200 θυρῶν
1619 3129 1829 3184 κεκλει-
1857 3161 1897 3218 c

244 3216 456 3286 σμένων
487 3217 736 3286 εἰσῆλθεν
760 3220 787 3270 ό
820 3218 1024 3290 Κύριος
1052 3235 1065 3284 ;
1113 3219 1252 3271 Ἀλλ’
1275 3223 1323 3273 εί
1360 3222 1459 3291 μὲν
1491 3221 1708 3291 ἀληθὲς,
1743 3224 1825 3275 ὅτι

240 3307 302 3359 τδι
353 3308 752 3380 κεκλεισμένων
798 3310 905 3362 τῶν
957 3310 1135 3382 θυρῶν
1164 3311 1310 3366 ἔνδον
1350 3312 1622 3384 ὁρώμενον
1669 3315 1829 3386 σῶμα

245 3397 529 3469 ἐτύγχανε,
556 3400 672 3463 πῶς
704 3403 731 3453 ὁ
759 3401 902 3465 λίθος
947 3403 975 3453 ὁ
999 3393 1092 3472 ’τῷ
1130 3405 1442 3476 Δεσποτικῷ
1487 3407 1828 3477 ἐπικείμενος

248 3491 491 3562 μνήματι
515 3492 620 3544 ὑπὸ
652 3492 745 3545 τοῦ
775 3493 1004 3562 ἀγγέλου
1035 3495 1372 3568 ἀπεκυλίσθη
1402 3497 1489 3549 διὰ
1536 3499 1632 3570 τὴν
1663 3499 1827 3553 αὑτοῦ

244 3582 337 3634 τοῦ
370 3582 619 3652 σώματος
649 3584 905 3656 ἔγερσιν;
941 3587 1066 3638 είδὲ
1109 3588 1357 3660 ἀληθεύει
1387 3591 1420 3660 ἡ
1470 3590 1658 3662 Γραφὴ
1703 3594 1830 3663 περὶ

244 3674 344 3743 τῆς
366 3674 474 3728 τῶν
494 3675 673 3746 θυρῶν
698 3676 928 3761 λέγουσα
953 3678 1230 3743 κλείσεως,
1275 3681 1430 3751 δῆλον
1451 3683 1532 3734 ὄτι
1561 3683 1622 3734 ού
1644 3684 1825 3756 σῶμα,

244 3764 378 3818 ἀλλά
424 3766 642 3838 πνεῦμα
688 3769 954 3839 είσῆλθεν.
992 3772 1054 3823 El
1084 3771 1138 3823 δέ
1169 3772 1229 3824 τὸ
1269 3772 1428 3844 σῶμα
1468 3774 1600 3827 ποτέ
1638 3777 1735 3844 μὲν
1761 3772 1828 3847 ἦν

251 3856 428 3927 σῶμα,
465 3860 593 3912 ποτε
627 3859 682 3912 δέ
716 3861 930 3932 πνεῦμα
961 3863 1190 3931 ἐγίνετο,
1213 3863 1328 3928 πῶς
1369 3866 1489 3935 οὐχὶ
1526 3867 1733 3938 τροπὴν
1761 3867 1830 3921 τά

247 3949 342 4020 τῆς
368 3949 462 4001 106
487 3950 732 4021 σώματος
759 3954 945 4017 οὐσίας
976 3955 1187 4025 ἐδέχετο
1211 3973 1225 4022 ;

333 4043 737 4096 ἈΠΟΚΡΙΣιΣ.
767 4046 976 4119 ’Ὠσπερ
1008 4049 1068 4100 οὐ
1097 4049 1238 4102 κατὰ
1264 4050 1362 4121 τὴν
1383 4053 1447 4104 ἐκ
1469 4052 1560 4105 106
1581 4053 1830 4124 σώματος

248 4133 326 4196 είς
355 4135 412 4186 τὸ
432 4135 649 4206 πνεῦμα
679 4137 884 4210 τροπὴν
908 4142 1313 4214 περιεπάτησεν
1337 4147 1365 4197 ό
1393 4145 1596 4216 Κύριος
1617 4148 1708 4199 ἐπὶ
1731 4148 1828 4218 τὴν

251 4224 546 4291 θάλασσαν,
569 4228 705 4282 ἀλλά
737 4234 803 4302 τῇ
836 4231 954 4302 θείᾳ
984 4234 1147 4286 αὑτοῦ
1167 4235 1575 4309 δυνάμειβατὴν
1606 4240 1828 4310 ἐποίησε

250 4319 345 4388 τὴν
372 4322 450 4381 είς
484 4320 851 4393 περιπάτησιν
896 4324 1094 4377 ἄϐατον
1143 4326 1419 4381 θάλασσαν
1460 4330 1520 4382 ού
1570 4332 1728 4400 μόνον
1751 4332 1829 4403 τῷ

252 4411 440 4463 ἐαυτοῦ
474 4409 708 4481 σώματι,
743 4413 878 4466 ἀλλά
905 4417 997 4468 καὶ
1024 4417 1102 4487 τῷ
1132 4419 1225 4472 106
1268 4419 1474 4492 Πέτρου
1497 4462 1511 4486 ,
1556 4423 1728 4488 οὕτως
1760 4428 1825 4495 τῇ

963 333 1430 404 QLUESTIONES
1465 330 1550 385 ET
1591 323 2112 384 RESPONSIONES
2161 320 2252 374 AD
2291 314 2786 374 ORTHODOXOS.

1849 450 1890 503 Α
1920 442 2038 494 dies
2078 437 2360 491 Dominica
2406 431 2713 488 secundum
2758 428 2976 482 allatam
3012 424 3080 478 de
3113 423 3217 478 hac
3252 421 3340 477 die
3374 435 3510 474 cau-

3369 302 3506 358 1566

1925 548 2063 587 sam.

1995 728 2279 798 QUEST.
2313 723 2502 782 CXVI.
2542 723 2601 777 Si
2637 733 2931 790 resurgens
2979 717 3248 770 Dominus
3287 727 3350 765 ex
3391 726 3508 762 mo-

1924 831 2187 879 numento
2223 823 2424 875 linteos
2458 819 2513 872 in
2550 816 2808 885 sepulcro
2842 811 3102 880 reliquit,
3134 804 3410 878 quomodo
3448 803 3510 853 il-

1925 919 2035 970 lum
2082 923 2206 985 post
2248 910 2718 967 resurrectionem
2754 913 2850 960 aut
2888 903 3096 957 nudum
3149 899 3468 968 apparuisse
3493 936 3510 959 ,

1927 1016 2020 1060 aut
2067 1006 2290 1060 aliunde
2341 1004 2672 1058 vestimenta
2725 999 3030 1067 sumpsisse
3079 993 3359 1062 Scriptura
3403 1006 3513 1042 non

1925 1099 2242 1154 enarravit?
2273 1096 2431 1163 Quod
2471 1095 2517 1150 si
2546 1108 2648 1147 nec
2674 1091 2896 1144 aliunde
2925 1088 3222 1142 atniculum
3256 1082 3511 1150 sumpsit,

1927 1205 2027 1244 nec
2053 1189 2233 1244 nudus
2261 1189 2371 1254 his,
2405 1187 2499 1258 qui
2531 1201 2658 1241 eum
2706 1193 2838 1237 tunc
2885 1183 3177 1244 viderunt,
3222 1175 3510 1247 apparuit:

1926 1283 2202 1354 quomodo
2235 1299 2424 1338 verum
2464 1289 2549 1337 est
2593 1281 2927 1337 vestimenta
2969 1276 3126 1330 illum
3162 1275 3217 1326 in
3264 1269 3516 1339 sepulcro

1927 1375 2257 1444 reliquisse?

2000 1463 2197 1520 HESP.
2254 1463 2560 1520 Salvatoris
2613 1460 2838 1533 quidem
2891 1456 3222 1513 vestimenta
3278 1451 3514 1513 milites,

1928 1565 2220 1626 postquam
2260 1556 2414 1609 illum
2444 1555 2792 1618 cruciﬁxere,
2830 1552 3019 1621 partiti
3057 1559 3223 1610 sunt;
3259 1562 3380 1616 quae
3418 1559 3518 1596 au-

1927 1653 2036 1700 tem
2073 1662 2198 1700 cum
2235 1661 2300 1699 eo
2332 1646 2388 1699 in
2423 1645 2742 1715 sepulcrum
2780 1642 2930 1695 illata
2967 1649 3120 1705 sunt,
3150 1637 3216 1691 ad
3252 1653 3411 1690 usum
3435 1635 3517 1687 vi-

1929 1739 2107 1794 ventis
2139 1739 2333 1792 idonea
2359 1753 2467 1792 non
2493 1743 2669 1793 erant.
2701 1735 2834 1801 Quae
2856 1749 2986 1788 vero
3008 1739 3130 1802 post
3154 1727 3517 1784 resurrectio-

1853 1813 1894 1867 Β
1923 1846 2048 1884 nem
2082 1829 2349 1886 Dominus
2383 1830 2714 1885 vestimenta
2745 1827 3017 1900 gestavit,
3048 1841 3112 1880 ca
3151 1823 3235 1878 vel
3267 1821 3518 1880 creavit,

1923 1921 2006 1974 vel
2028 1922 2250 1976 aliunde
2281 1923 2540 1990 sumpsit,
2565 1919 3032 1990 quemadmodum
3060 1924 3114 1970 et
3139 1914 3346 1985 pullum
3369 1926 3521 1966 sum-

1922 2013 2033 2082 psit
2085 2014 2174 2068 cui
2235 2013 2526 2067 insideret.
2587 2010 2896 2079 Utrumque
2949 2010 3096 2062 enim
3160 2013 3409 2076 poterat,
3465 2012 3521 2057 ct

1923 2123 2114 2163 creare
2144 2117 2200 2163 et
2241 2107 2465 2161 aliunde
2501 2120 2743 2160 sumere.
2780 2102 2916 2156 Cum
2953 2108 3138 2155 autem
3195 2098 3365 2152 multa
3411 2097 3520 2148 sint

1923 2204 1991 2258 de
2025 2199 2259 2253 Domino
2292 2199 2460 2260 dicta,
2498 2211 2736 2266 quorum
2773 2195 3062 2248 historiam
3120 2190 3306 2244 divina
3369 2188 3522 2242 Scri-

1924 2300 2084 2361 ptura
2109 2306 2216 2344 non
2242 2289 2508 2350 continet,
2527 2287 2844 2342 necessario
2873 2296 2925 2340 et
2947 2284 3152 2339 Christi
3187 2283 3511 2341 vestimenta

1925 2401 2051 2440 cum
2088 2384 2140 2436 in
2172 2383 2276 2437 hoc
2310 2398 2538 2435 numero
2573 2380 2826 2450 ponenda
2859 2379 2968 2432 sint
2995 2418 3010 2441 ,
3038 2393 3253 2448 aequum
3285 2392 3394 2430 non
3425 2383 3508 2430 est

1925 2496 1992 2536 ex
2029 2486 2109 2532 tot
2141 2477 2330 2540 rebus,
2363 2491 2484 2545 qua:
2516 2481 2756 2528 narratae
2782 2488 2888 2525 non
2927 2471 3170 2534 fuerunt,
3202 2469 3268 2523 de
3289 2469 3390 2522 hac
3413 2484 3522 2521 una

1927 2588 2151 2627 causam
2185 2585 2433 2640 quaerere
2457 2583 2556 2621 Clll‘
2589 2575 2814 2621 narrata
2851 2582 2961 2619 non
2995 2565 3160 2619 fuerit
3193 2583 3206 2618 ζ
3244 2580 3421 2632 neque
3455 2579 3521 2615 CX

1926 2680 1992 2718 eo
2022 2663 2168 2733 quod
2201 2670 2426 2716 narrata
2483 2660 2643 2731 49],
2685 2675 2795 2712 non
2832 2658 3034 2722 fuerit,
3089 2656 3361 2711 dubitatio
3393 2671 3524 2710 con-

1927 2756 2108 2810 ﬂanda
2142 2755 2210 2810 de
2243 2753 2461 2808 Domini
2497 2751 2871 2814 vestimentis,
2896 2751 2991 2804 sed
3022 2766 3085 2804 ex
3119 2749 3240 2818 ejus
3274 2749 3522 2817 potentia

1929 2851 2064 2906 ﬁdes
2090 2848 2302 2901 Domini
2331 2847 2785 2900 vestimentorum
2816 2842 3130 2912 repetenda.

2002 2939 2286 3007 QUA‘ZST.
2351 2936 2562 2991 CXVII.
2629 2934 2685 2988 Si
2740 2949 2945 3003 corpus
3004 2947 3255 2985 crassum
3311 2930 3523 2985 foribus

1931 3034 2134 3088 clausis
2163 3032 2498 3102 prohibitum
2525 3029 2688 3082 habet
2715 3027 3026 3096 ingressum
3047 3063 3063 3087 ,
3100 3024 3377 3093 quomodo
3399 3034 3523 3093 post

1931 3125 2395 3181 resurrectionem
2431 3122 2498 3176 ad
2534 3120 2843 3190 discipulos
2886 3118 3076 3188 januis
3121 3119 3327 3172 clausis
3374 3119 3521 3171 venit

1932 3218 2237 3273 Dominus?
2271 3217 2425 3282 Quod
2458 3216 2502 3270 si
2531 3231 2720 3268 verum
2755 3222 2840 3267 est
2876 3213 2926 3266 id
2959 3212 3103 3282 quod
3130 3211 3344 3266 foribus
3370 3212 3519 3264 clau-

1932 3314 2008 3374 sis
2048 3312 2196 3366 intus
2238 3311 2415 3366 visum
2449 3318 2533 3363 est
2559 3347 2575 3372 ,
2615 3308 2783 3362 fuisse
2817 3323 3041 3377 corpus,
3076 3305 3351 3376 quomodo
3385 3307 3521 3375 lapis

1932 3403 2218 3458 Dominico
2253 3402 2544 3472 impositus
2583 3409 2940 3454 monumento
2978 3401 3045 3454 ab
3080 3401 3273 3469 angelo
3305 3401 3523 3454 revolu-

1933 3504 2022 3550 tus
2052 3505 2134 3552 est
2171 3504 2392 3566 propter
2423 3495 2596 3563 ipsius
2624 3494 2875 3562 corporis
2898 3493 3400 3547 resurrectionem?
3424 3492 3521 3546 Sin

1933 3599 2114 3642 autem
2147 3602 2334 3641 verum
2365 3594 2448 3640 est
2470 3583 2617 3654 quod
2647 3585 2781 3638 dicit
2814 3583 3102 3654 Scriptura
3123 3585 3325 3653 januas
3352 3585 3523 3640 fuisse

1931 3679 2153 3734 clausas
2175 3717 2189 3741 ,
2227 3678 2583 3731 manifestum
2609 3683 2692 3730 est
2723 3691 2833 3728 non
2869 3689 3096 3744 corpus,
3133 3674 3229 3728 sed
3265 3675 3522 3744 spiritum

1933 3770 2243 3839 ingressum
2271 3769 2462 3825 fuisse.
2503 3767 2608 3824 Sed
2644 3766 2692 3823 si
2721 3782 2926 3837 corpus
2959 3767 3096 3821 alias
3133 3783 3336 3836 corpus
3369 3776 3519 3827 erat,

1932 3862 2070 3914 alias
2104 3861 2333 3931 spiritus
2369 3862 2554 3925 ﬁebat,
2590 3858 2868 3930 quomodo
2896 3875 3004 3913 non
3031 3867 3237 3913 mutata
3271 3859 3522 3930 corporis

1933 3953 2214 4007 essentia?

2006 4043 2204 4099 RESP.
2241 4043 2717 4110 Quemadmodum
2750 4060 2860 4098 non
2895 4045 3146 4114 corporis
3177 4043 3231 4098 in
3264 4046 3524 4116 spiritum

1933 4139 2240 4192 mutatione
2268 4137 2571 4190 ambulavit
2606 4135 2872 4191 Dominus
2907 4153 3075 4206 super
3102 4151 3273 4201 mare,
3307 4137 3403 4192 sed
3433 4138 3521 4192 di-

1933 4229 2056 4281 vina
2093 4244 2189 4282 sua
2214 4237 2481 4298 potestate
2505 4229 2832 4299 impervium
2864 4230 2930 4282 ad
2959 4229 3348 4282 ambulandum
3373 4245 3522 4286 mare

1932 4320 2178 4389 pervium
2212 4319 2344 4375 fecit
2377 4337 2488 4374 non
2514 4335 2616 4374 suo
2649 4322 2852 4388 solum,
2895 4320 2990 4375 sed
3023 4323 3189 4374 etiam
3216 4319 3363 4374 Petri
3395 4337 3522 4374 cor-

1933 4412 2084 4481 pori:
2119 4411 2192 4464 ita
2215 4410 2398 4468 divina
2420 4427 2519 4466 sua
2544 4419 2816 4481 potestate
2834 4420 2890 4465 et
2923 4427 2953 4467 e
2983 4421 3341 4466 monumento
3363 4413 3517 4476 exiit,

252 4502 440 4556 ἐαυτοῦ
464 4503 583 4574 θείᾳ
610 4503 835 4574 δυνάμει
869 4507 964 4558 καὶ
993 4507 1086 4560 106
1137 4511 1418 4581 μνήματος
1464 4513 1656 4583 ἐξῆλθε
1679 4555 1692 4578 ,
1733 4515 1825 4567 106

1936 4523 2060 4560 cum
2087 4507 2228 4575 lapis
2257 4515 2617 4560 monumento
2651 4506 2945 4576 impositus
2976 4515 3146 4569 esset,
3181 4514 3234 4560 et
3263 4507 3328 4559 ad
3352 4507 3521 4560 disci-

252 4596 389 4648 λίθου
426 4597 772 4667 ἐπικειμένου
800 4598 879 4668 τῷ
911 4602 1174 4672 μνήματι,
1205 4603 1298 4654 καὶ
1327 4603 1462 4673 πρὸς
1488 4606 1615 4668 τοὺς
1655 4606 1826 4676 μαθη-

252 4687 346 4748 τὰς
366 4687 579 4758 εἰσῆλθε
608 4687 716 4741 τῶν
747 4689 926 4759 θυρῶν
947 4691 1367 4760 κεκλεισμένων.
1393 4694 1466 4744 Ού
1501 4693 1596 4764 ,ἀρ
1615 4694 1702 4746 διὰ
1730 4694 1826 4764 τὴν

254 4777 410 4830 αὑτοῦ
439 4778 655 4850 ἔγερσιν
691 4780 785 4831 106
819 4780 968 4834 λίθου
997 4784 1062 4834 ἐκ
1091 4781 1184 4836 106
1222 4783 1504 4853 μνήματος
1551 4784 1765 4852 ἐγένετο
1793 4787 1824 4856 ή

256 4869 563 4940 ἀφαίρεσις,
621 4871 757 4923 ἀλλά
799 4871 887 4924 διὰ
919 4872 979 4925 τὸ
1015 4873 1318 4946 δηλωθῆναι
1371 4878 1481 4938 τοῖς
1527 4877 1695 4946 ὁρῶσι
1729 4877 1825 4947 τὴν

260 5025 630 5101 lica-traditio.
664 5025 832 5101 Multo
884 5029 1066 5101 minus
1118 5031 1704 5101 eosrreprehendisset
1731 5034 1824 5101 qui

262 5095 466 5152 duobus
500 5107 594 5169 aut
656 5098 906 5169 pluribus
939 5098 1133 5152 diebus
1176 5095 1350 5169 jejuni
1395 5104 1704 5156 manebant.
1749 5095 1822 5157 'lli

261 5181 380 5234 ergo
410 5168 511 5221 soli
535 5169 588 5221 in
627 5169 774 5242 illius
801 5168 1278 5242 reprehensionem
1320 5171 1692 5234 incurrerunt,
1731 5176 1821 5242 qui

262 5252 360 5289 non
389 5241 781 5313 exspectabant
806 5239 930 5309 galli
981 5248 1241 5313 cantum,
1297 5242 1391 5296 sed
1448 5243 1596 5295 horis
1633 5239 1821 5313 viginti

261 5316 534 5379 quatuora
564 5324 718 5362 caena
769 5309 1023 5363 hesterna
1054 5311 1256 5379 elapsis
1287 5313 1467 5364 cibum
1511 5309 1816 5369 sumebant.

265 5376 463 5431 Horum
508 5386 760 5433 accurata
806 5380 1085 5448 diligentia
1131 5376 1185 5433 in
1241 5381 1392 5437 horis
1418 5385 1700 5438 nocturnis
1767 5393 1820 5440 et

264 5448 466 5522 diurnis
495 5449 850 5522 numerandis
871 5451 1158 5503 confirmat
1193 5451 1245 5504 id
1279 5454 1422 5520 quod
1451 5453 1586 5514 dixi,
1621 5455 1815 5522 eosje-

262 5519 388 5587 junii
422 5520 588 5588 legem
648 5520 729 5572 sic
778 5521 1165 5589 interpretatos
1214 5519 1357 5580 esse.
1391 5531 1449 5576 ut
1483 5525 1625 5577 diem
1657 5519 1815 5578 suum

267 5605 363 5642 non
394 5590 753 5665 quadraginta
782 5590 954 5665 horis,
990 5598 1048 5642 ut
1077 5599 1178 5665 est»
1211 5593 1262 5644 in
1301 5602 1474 5658 textu,
1513 5594 1606 5647 sed
1631 5596 1818 5665 viginti

268 5671 489 5730 quatuor
518 5661 861 5714 metircntur.
890 5659 1074 5729 Neque
1095 5663 1238 5715 enim
1261 5672 1620 5717 numerantur
1649 5659 1816 5730 home,

268 5729 349 5782 ubi
389 5731 567 5785 fervor
597 5732 847 5800 praecepti
876 5731 1074 5785 ﬁnibus
1105 5749 1214 5786 non
1236 5746 1536 5788 coercetur.
1564 5733 1658 5788 His
1683 5737 1818 5791 addc

270 5813 540 5856 numerqu
584 5802 1076 5873 quadragenariunt
1113 5819 1234 5859 cum
1266 5820 1362 5870 eo,
1388 5822 1546 5875 quem
1578 5807 1818 5863 restitui-

1929 4602 2088 4670 pulos
2118 4601 2262 4654 venit
2285 4600 2474 4670 januis
2504 4600 2731 4655 clausis.
2763 4599 2884 4653 Non
2919 4601 3065 4654 enim
3099 4609 3320 4670 pr0pter
3345 4602 3520 4670 ipsius

1929 4694 2390 4748 resurrectionem
2424 4693 2561 4762 lapis
2591 4709 2622 4747 e
2653 4701 3012 4746 monumento
3043 4694 3260 4747 ablatus
3281 4703 3383 4756 est,
3421 4697 3518 4749 sed

1930 4791 1989 4836 ut
2016 4785 2326 4840 videntibus
2345 4784 2726 4840 ostenderetur
2756 4785 3110 4839 resurrectio.
3146 4785 3278 4838 Nam
3310 4803 3433 4839 cum
3461 4787 3517 4839 in

1929 4884 2285 4930 monumento
2315 4877 2462 4930 illius
2488 4875 2710 4945 quidem
2743 4883 2945 4940 vestes,
2981 4876 3311 4945 quibuscum
3342 4878 3519 4946 sepul-

1927 5046 2072 5092 mus,
2128 5029 2288 5084 facile
2351 5029 2640 5084 confundi.
2702 5029 2944 5098 Uterque
2992 5029 3139 5082 enim
3175 5029 3372 5084 litteris
3409 5049 3515 5085 non

1927 5103 2157 5181 tupltum
2224 5102 2670 5170 discrepantibus
2723 5102 2777 5154 in
2831 5101 3118 5153 codicibus
3155 5115 3289 5154 mss.
3326 5106 3510 5171 expri-

1926 5180 2116 5225 mitur.

1999 5242 2108 5312 (95)
2139 5242 2248 5294 Τὸν
2273 5241 2483 5310 τάφον.
2520 5239 2815 5310 Sequentia
2845 5241 3135 5312 explentur
3160 5239 3387 5312 legendo
3439 5244 3518 5312 είς

1927 5309 2253 5382 ὑπηρεσίαν.
2288 5309 2432 5365 lni'ra
2464 5314 2545 5364 vel
2585 5313 2874 5381 legendum
2917 5311 3027 5364 τῶν
3059 5311 3166 5364 ὑπὸ
3186 5309 3278 5361 106
3310 5311 3514 5380 Κυρίου

1927 5383 2204 5450 γεγονέναι
2234 5383 2554 5452 λεχθέντων,
2587 5386 2673 5436 vel
2718 5383 2851 5435 illud
2885 5383 3168 5450 γεγονέναι
3204 5382 3514 5434 subintelit-

1961 5455 2180 5508 endlun.

1925 5469 2508 5594 εθιίὲιίκῖῃῆῖνδύμίιτα.
2550 5522 2640 5576 Sic
2671 5532 2842 5577 totum
2873 5523 3016 5576 hunc
3042 5524 3222 5575 locum
3258 5523 3510 5585 emendo,

1923 5598 2018 5646 καὶ
2070 5594 2139 5646 τὰ
2180 5594 2316 5664 μετά
2360 5596 2458 5664 τὴν
2509 5596 2802 5646 ἀνάστασιν
2838 5594 3132 5662 ..ἐνδύματα
3186 5594 3513 5712 ἀνιστόρητα

1923 5667 2068 5712 ὄντα.
2114 5666 2214 5712 οὐκ
2258 5665 2405 5712 ἔστιν
2457 5665 2678 5712 εὔλογον
2707 5666 2766 5712 τὸ
2790 5666 2851 5712 ἐκ
2882 5666 3100 5712 πάντιιιν
3145 5666 3366 5712 ἀνιστορ
3395 5681 3512 5712 ,των

1922 5667 2068 5727 ὄντα,
2114 5666 2214 5717 οὑκ
2258 5665 2405 5717 ἔστιν
2457 5665 2678 5732 εύλογον
2707 5666 2766 5717 τὸ
2790 5666 2851 5716 ἐκ
2882 5666 3100 5717 πάντιιιν
3145 5665 3512 5734 ἀνιστορήτων

1925 5736 2108 5814 μόνου.
2142 5736 2332 5790 τούτου
2395 5737 2750 5807 ἀνιστορήτου
2801 5736 2982 5806 ζητεῖν
3037 5738 3137 5802 τὴν
3173 5733 3368 5797 αἰτίαν,
3400 5733 3511 5787 οὐδ’

1923 5823 1984 5860 εκ
2019 5824 2132 5861 του.
