4146 6422
707 336 836 401 1367
1474 337 1923 394 APPENDIX.—
1959 339 2139 394 PARS
2178 338 2220 397 1.
2262 342 2268 390 1

2367 339 2633 398 ΙυΞΤΙΝΙ
2685 339 2916 397 OPERA
2965 342 3241 400 SPURIA.
3835 343 4002 400 1368

700 469 792 519 tus
824 457 1029 522 fuerat,
1052 457 1382 513 --viderentur
1402 496 1419 522 ,
1451 459 1570 528 ipse
1602 466 1782 512 autem
1817 473 1930 512 non
1962 459 2268 523 videretur,

2377 459 2690 514 ἀνάστασιν.
2728 461 2801 514 Τὸ
2820 460 2930 532 γὰρ
2962 463 3019 514 ὲν
3055 461 3132 532 τῷ
3163 464 3403 534 μνήματι
3433 462 3501 515 τά
3535 463 3634 533 μὲν
3677 464 3774 516 τοῦ
3809 467 3998 519 ἐντα-

699 556 918 621 signum
943 550 999 605 id
1033 548 1135 604 fuit
1157 547 1670 606 manifestissimum
1706 548 1880 618 ipsius
1915 549 2268 603 resurrectio-

2378 552 2616 623 φιασμοῦ
2649 552 2813 607 αὐτοῦ
2843 555 2976 625 ὁρᾷν
3001 555 3212 626 ἱμάτια,
3229 555 3461 608 αὑτὸνδὲ
3489 557 3563 626 μὴ
3587 557 3741 627 ὀρᾷν,
3764 557 3887 625 δεῖτ
3904 577 3996 628 μα

698 643 808 700 nis.
853 639 992 695 Illud
1038 649 1224 693 autem
1270 638 1432 710 nobis
1483 636 1946 693 considerandum
1989 643 2108 702 est,
2153 651 2268 706 qua.l

2373 628 2471 716 τῆς
2513 644 2679 698 αὐτοῦ
2720 647 3114 718 ἐναργέστατον
3158 647 3381 715 γέγονεν
3420 648 3772 711 ἀναστάσεως
3853 647 3993 718 Χρὴ

694 731 942 799 ejusdem
963 736 1094 789 sunt
1114 729 1404 793 momenti,
1428 744 1491 784 ea
1510 737 1564 783 et
1587 743 1852 784 concessa
1874 728 2268 801 pariterucredi,

2373 735 2428 786 δὲ
2463 735 2906 806 ὴμᾶς,ὲννοῆσαι,
2939 735 3114 788 ὅτιπτά
3160 737 3454 808 ίσοδύναμα
3490 737 3590 808 τὴν
3632 737 3815 807 αὐτὴν
3863 738 3990 807 ἔχει

691 832 746 886 et
773 828 971 892 negata
998 821 1203 891 pariter
1224 819 1401 900 rejici.
1420 817 1566 875 Idem
1593 827 1776 874 autem
1809 820 1950 874 valet
1968 808 2115 873 mare
2144 835 2268 889 per-

2374 828 2556 880 πίστιν
2602 830 3070 900 συγχωρουμένων
3098 829 3309 893 αὑτῶν,
3343 830 3436 884 καὶ
3466 829 3563 900 τὴν
3610 831 3787 901 αὐτὴν
3862 832 3989 901 ἔχει

689 913 975 991 ambulare
1008 912 1066 967 in
1098 927 1328 982 corpore
1359 912 1645 979 mutabili,
1696 926 1760 966 ac
1793 905 2006 982 ingredi
2043 909 2112 966 ad
2145 929 2268 983 apo-

2373 919 2554 973 πίστιν
2586 911 2992 993 ἀναιρουμένων
3022 920 3219 975 αὐτῶν.
3259 922 3585 992 Ἰσοδυναμεῖ
3615 922 3671 974 δὲ
3701 923 3762 975 τὸ
3806 939 3991 994 περι-

688 987 863 1058 stolos
914 1003 972 1058 in
1015 1019 1249 1080 corpore
1287 1003 1617 1059 immutabili
1670 1002 1884 1058 foribus
1928 1004 2156 1060 clausis.
2207 1003 2268 1057 Et

2373 1015 2562 1066 πατεῖν
2586 1012 2680 1064 ἐπὶ
2699 987 2797 1082 τὴν
2818 987 3096 1066 δάλασσαν
3123 1014 3182 1065 ὲν
3216 1014 3472 1085 ἀτρέπτῳ
3492 987 3602 1086 (95)
3634 1015 3867 1085 σώματι

686 1095 817 1163 quia
843 1111 966 1166 quae
995 1087 1163 1166 supra
1195 1103 1447 1165 naturam
1473 1098 1530 1152 in
1560 1102 1759 1151 natura
1791 1096 1926 1152 ﬁunt
1957 1097 2142 1153 divina
2172 1113 2271 1169 po-

685 1186 879 1252 tentia,
902 1202 966 1242 ea
984 1188 1159 1264 petita
1191 1203 1260 1243 ex
1291 1196 1488 1263 natura
1519 1189 1740 1246 ratione
1761 1191 2128 1260 demonstrari
2158 1206 2268 1248 non

689 1284 940 1349 possunt,
964 1288 1256 1357 propterea
1271 1283 1549 1339 exterritis
1575 1267 1866 1357 discipulis
1897 1285 1966 1343 ad
1993 1285 2268 1352 ejusmodi

688 1371 999 1448 ingressum
1041 1374 1296 1443 permisit
1331 1383 1389 1428 ut
1431 1384 1838 1432 contrectarent
1885 1378 2136 1449 corporis
2182 1378 2268 1436 sui

685 1471 1042 1542 partes,-quae
1068 1481 1245 1534 passa:
1276 1464 1516 1530 fuerant,
1553 1481 1619 1522 ac
1640 1465 1889 1524 viderent
1910 1483 1970 1526 se
2001 1485 2111 1524 non
2144 1485 2270 1524 cor-

685 1555 837 1624 poris
870 1556 1176 1614 mutatione
1202 1558 1260 1612 in
1291 1557 1545 1628 spiritum
1570 1559 1639 1614 ad
1653 1575 1757 1616 eos
1789 1561 2098 1630 ingressum
2122 1577 2265 1630 esse,

684 1646 780 1701 sed
811 1647 866 1711 in
900 1635 1078 1705 solido
1115 1664 1350 1721 corpore
1371 1691 1388 1715 ,
1420 1653 1607 1708 divina
1649 1669 1748 1710 sua
1771 1653 1974 1720 virtute
2019 1670 2115 1719 ea,
2148 1670 2268 1726 qua“:

686 1752 853 1807 supra
878 1745 1139 1794 naturam
1161 1751 1309 1808 sunt,
1345 1750 1627 1812 operante.

2371 1103 2630 1163 εἰσελθεῖν
2663 1103 2799 1172 πρὸς
2825 1105 2952 1167 τοὺς
2977 1103 3313 1167 ἀποστόλους
3351 1107 3409 1158 ὲν
3440 1106 3698 1176 ἀτρέπτῳ
3741 1106 3985 1177 σώματι

2370 1196 2479 1250 τῶν
2509 1195 2688 1267 θυρῶν
2709 1195 3137 1267 κεκλεισμένων.
3167 1197 3278 1251 καὶ
3303 1197 3386 1251 ὅτι
3406 1198 3474 1252 τὰ
3508 1200 3647 1271 ὑπὲρ
3691 1200 3871 1269 φύσιν
3917 1205 3984 1255 ἐν

2369 1291 2434 1360 τῇ
2468 1288 2628 1359 φύσει
2649 1287 2945 1362 γιγνόμενα
2965 1288 3105 1342 κατά
3131 1288 3235 1360 τὴν
3256 1289 3408 1343 Θείαν
3435 1289 3660 1362 δύναμιν
3693 1291 3982 1345 ἀδύνατον

2369 1379 2512 1432 κατά
2543 1379 2636 1431 τὸν
2666 1364 2963 1450 λόγονάἧς
3000 1378 3217 1449 φύσεως
3257 1380 3584 1450 ποιήσασθαι
3621 1381 3721 1451 τὴν
3773 1381 3981 1452 παρά-

2341 1479 2344 1482 ‘
2369 1483 2557 1520 στασιν
2575 1484 2598 1497 ν
2611 1467 2714 1531 διὸ,
2750 1467 3089 1539 πτοηθέντων
3108 1467 3216 1521 τῶν
3246 1467 3510 1538 μαθητῶν
3531 1472 3622 1523 ἐπὶ
3639 1474 3708 1541 τῇ
3724 1473 3978 1542 τοιαύτῃ

2365 1558 2576 1630 εἰσόδῳ,
2608 1558 2905 1629 ἐπέτρεψεν
2938 1553 3123 1622 αὐτοῖς
3164 1558 3418 1631 ψηλαφᾷν
3459 1561 3582 1625 τοὺς
3615 1561 3977 1625 πεπονθότας

2365 1650 2565 1713 τόπους
2597 1649 2971 1721 τοῦσώματος
3000 1651 3187 1716 αὐτοῦ,
3219 1654 3304 1707 ὅτι
3350 1656 3410 1706 ού
3442 1654 3582 1706 κατά
3617 1656 3832 1726 τροπὴν
3867 1655 3973 1707 τοῦ

2371 1741 2623 1812 σώματος
2654 1745 2735 1806 είς
2766 1742 2982 1813 πνεῦμα
3009 1743 3265 1816 ἐποίησεν
3296 1747 3384 1809 είς
3427 1745 3622 1809 αὐτοὺς
3672 1746 3770 1814 τὴν
3813 1749 3975 1799 εἰσο-

2296 1825 2339 1879 Β
2365 1829 2474 1895 δον,
2504 1831 2640 1886 ἀλλά
2669 1836 2727 1887 ὲν
2747 1828 3056 1906 παχυμερεῖ
3089 1837 3303 1907 σώματι
3351 1841 3416 1908 τῇ
3439 1837 3561 1908 θεία
3599 1837 3764 1892 αὑτοῦ
3791 1839 3974 1891 δυνά-

2367 1943 2458 1995 μει
2490 1929 2744 1997 ποιητικῇ
2777 1927 2886 1980 τῶν
2909 1929 3052 2000 ὑπὲρ
3076 1929 3257 1998 φύσιν.

753 2000 1033 2072 QUAEST.
1070 2006 1305 2063 CXVIII.
1349 2009 1405 2062 Si
1465 2003 1638 2075 Deus,
1687 2011 1816 2081 quia
1864 2011 2048 2067 omnia
2097 2009 2257 2073 fecit,

2449 2015 2801 2073 ἘΡΩἹῊΣΙΣ
2829 2017 2982 2069 PIH’.
3015 2018 3080 2071 Εί
3111 2017 3286 2071 πάντα
3313 2019 3344 2071 ὁ
3368 2016 3504 2082 Θεὸς
3539 2015 3772 2085 ποιήσας
3808 2020 3969 2068 κατά

679 2112 805 2168 qua:
833 2105 1047 2154 natura:
1069 2100 1279 2155 ambitu
1306 2086 1688 2164 centinentur,
1720 2101 1965 2157 universi
1997 2099 2258 2156 Dominus

2363 2105 2560 2160 κύκλον
2586 2109 2685 2179 τῆς
2715 2108 2938 2180 ,φύσεως
2958 2109 3050 2166 τοῦ
3084 2111 3285 2174 παντὸς
3302 2112 3576 2182 Δεσπότης
3620 2109 3961 2179 καθέστηκε·

677 2180 916 2261 exstitit,
942 2196 1366 2260 unde‘et-David
1401 2199 1652 2264 hortatur
1683 2200 1751 2263 ⁸⁸,
1787 2207 1846 2255 ut
1870 2180 1926 2253 in
1956 2200 2104 2253 omni
2137 2200 2261 2256 loco

2360 2201 2440 2255 διὸ
2453 2204 2545 2256 καί
2572 2202 2735 2255 Δαόὶδ
2765 2203 2824 2254 ἐν
2852 2204 3012 2256 παντὶ
3025 2203 3174 2275 τόπῳ
3187 2204 3285 2274 τῆς
3299 2203 3392 2256 τοῦ
3415 2180 3617 2277 Κυρίου
3634 2200 3965 2264 δεσποτείας

680 2284 897 2341 Domini
943 2286 1338 2346 dominationis
1384 2289 1777 2345 benedicamus
1833 2288 2154 2353 Dominum,
2206 2298 2261 2344 et

2362 2294 2603 2362 εὐλογεῖν
2632 2296 2763 2366 ἡμῖν
2790 2295 2884 2349 τὸν,
2911 2296 3115 2372 Κύριον
3144 2290 3520 2366 ὲγκελεύεται’·
3548 2297 3750 2366 ὁμοίως
3777 2295 3834 2349 δὲ
3860 2295 3963 2349 καὶ

679 2377 981 2448 Apostolus
1013 2377 1274 2433 similiter
1313 2379 1628 2467 praescribit
1647 2381 1691 2412 "
1713 2388 1738 2444 ,‘
1764 2386 1825 2434 ut
1865 2380 1921 2433 in
1944 2380 2104 2450 omni
2137 2379 2260 2433 loco

2360 2389 2388 2440 ὁ
2430 2383 2752 2452 Ἀπύστολος
2779 2389 2837 2441 ὲν
2865 2389 3024 2442 παντὶ
3054 2387 3205 2459 τόπῳ
3223 2388 3484 2459 «ἐπαίρειν
3512 2390 3658 2458 ἡμᾶς
3688 2387 3827 2458 πρὸς
3857 2385 3959 2438 τὸν

680 2478 907 2526 sanctas
937 2486 1134 2525 manus
1164 2470 1233 2525 ad
1267 2463 1436 2526 Deum
1471 2463 1731 2526 tollamus
1751 2514 1764 2538 ,
1809 2486 1980 2541 quare
2016 2478 2078 2525 ut
2110 2470 2259 2553 'opus

2362 2479 2494 2532 Θεὸν
2513 2481 2693 2544 ὁσίους
2713 2481 2901 2553 χεῖρας
2932 2481 3233 2535 ἐντέλλεται
3251 2498 3264 2510 ·
3298 2480 3388 2533 διά
3415 2480 3467 2533 τί
3515 2480 3591 2543 ὡς
3621 2479 3818 2550 σεμνὸν
3854 2479 3958 2550 ἔρ-

680 2561 996 2617 venerahile
1018 2569 1073 2616 et
1104 2561 1196 2618 Dei
1222 2561 1407 2617 sedem
1441 2561 1708 2619 habentes
1737 2577 1856 2618 eam
1882 2567 2114 2632 partem,
2137 2551 2260 2632 qua:

2362 2589 2456 2638 γον
2483 2590 2543 2626 τε
2567 2573 2660 2626 καὶ
2687 2551 2999 2644 οίκητήριον
3018 2573 3160 2625 θεῖον
3186 2573 3247 2636 τὸ
3267 2572 3405 2644 πρὸς
3434 2574 3493 2624 τὸ
3521 2571 3745 2641 ἡλιακὸν
3776 2569 3955 2640 κλίμα

678 2653 748 2708 ad
786 2653 957 2711 solem
987 2654 1258 2727 orientem
1283 2654 1461 2725 posita
1501 2663 1607 2719 est,
1645 2652 1713 2708 ad
1743 2669 1864 2707 eam
1890 2655 2220 2724 respicimus
2240 2695 2267 2733 ,t

2361 2665 2692 2734 νομίζοντες,
2724 2665 2958 2736 ὲνξαὺτῷ
2989 2665 3323 2738 ἀφορῶντες,
3350 2667 3478 2727 τοὺς
3497 2664 3698 2733 ὕμνους
3727 2664 3821 2715 καὶ
3848 2663 3958 2726 τὰς

679 2760 807 2799 cum
825 2745 1060 2816 hymnos
1084 2754 1137 2802 et
1154 2761 1346 2817 preces
1359 2745 1470 2801 Deo
1489 2745 1796 2803 oderimus?
1816 2745 2048 2812 Quinam
2075 2753 2256 2802 autem

2363 2755 2672 2826 προσευχὰς
2701 2756 2778 2827 τῷ
2822 2756 2942 2827 Θεῷ
2994 2758 3421 2828 ἀναπέμπομεν;
3463 2758 3618 2819 Τίνες
3660 2757 3715 2809 δὲ
3758 2757 3854 2810 καὶ
3901 2759 3958 2810 ot

680 2836 825 2891 hanc
844 2837 1011 2893 etiam
1040 2838 1495 2894 consuetudinem
1512 2838 1869 2895 Christ-ianos
1889 2829 2262 2920 edocuerunt?

2360 2847 2563 2917 ταύτην
2589 2850 2686 2919 τὴν
2715 2849 3002 2918 συνήθειαν
3024 2852 3136 2912 τοῖς
3164 2837 3514 2920 Χριστίανοῖς
3537 2850 3953 2915 ἐκδιδάξαντεςς

751 2927 949 2983 RESP.
987 2925 1219 2995 Quando
1251 2931 1472 3001 quidem
1507 2946 1628 3001 quae
1662 2930 1807 3001 apud
1849 2947 1952 2987 nos
1992 2939 2260 3002 praestan-

2449 2933 2850 2988 ἈΠΟΚΡΙΣ1Σ.
2895 2935 3113 3005 Ἐπειδὴ
3153 2934 3262 2986 τῶν
3307 2937 3435 3005 παρ’
3476 2935 3606 3004 ἡμῖν
3645 2934 3717 2986 τά
3746 2933 3954 3004 τιμιώ-

677 3022 819 3077 tiora
846 3022 998 3089 sunt,
1022 3038 1088 3078 ea
1115 3022 1171 3079 in
1189 3023 1452 3079 honorem
1475 3024 1570 3080 Dei
1591 3025 1952 3086 destinamus.
1976 3026 2257 3083 hominum

2362 3039 2494 3092 τερα
2524 3025 2603 3084 είς
2629 3022 2793 3092 τιμὴν
2821 3021 2922 3075 τοῦ
2965 3021 3101 3075 Θεοῦ
3149 3021 3511 3093 ἀφορίζομεν,
3560 3019 3702 3073 κατά
3746 3021 3804 3073 δὲ
3847 3020 3953 3090 τὴν

678 3127 860 3174 autem
884 3117 1146 3190 Opinione
1179 3126 1400 3200 praestat
1427 3121 1612 3176 oriens
1634 3121 1848 3176 caeteris
1875 3121 2064 3176 mundi
2089 3122 2260 3192 parti-

2361 3115 2469 3168 τῶν
2499 3114 2801 3186 ἀνθρώπων
2831 3115 3104 3185 ὑπόληψιν
3130 3115 3436 3185 τιμιωτέρα
3464 3114 3608 3166 ἐστὶν
3639 3115 3670 3183 ὴ
3714 3111 3950 3182 ἀνατολὴ

679 3212 812 3267 bus:
838 3214 1128 3280 propterea
1163 3209 1495 3283 precationis
1523 3217 1770 3280 tempore
1796 3211 2170 3267 convertimur
2191 3212 2259 3267 ad

2364 3201 2470 3260 τῶν
2501 3206 2675 3261 ἀλλων
2697 3206 2877 3278 μερῶν
2896 3208 2998 3277 τῆς
3015 3206 3270 3270 κτίσεως·
3289 3207 3379 3260 διὰ
3409 3206 3563 3260 τοῦτο
3592 3207 3648 3257 ἐν
3676 3205 3753 3276 τῷ
3770 3205 3950 3276 καιρῷ

677 3302 945 3354 orientem
983 3311 1196 3353 omnes.
1241 3295 1713 3363 Quemadmodum
1757 3300 1971 3355 dextra
2002 3314 2163 3355 manu
2204 3301 2259 3355 in

2361 3300 2461 3370 τῆς
2494 3299 2800 3374 προσευχῆς
2827 3298 3054 3369 νεύομεν
3085 3298 3221 3371 πρὸς
3256 3299 3520 3368 ἀνατολὴν
3549 3298 3769 3359 πάντες.
3795 3297 3949 3351 Καθ-

678 3391 904 3446 nomine
927 3385 1135 3445 Christi
1160 3390 1551 3459 consignamus
1575 3407 1691 3454 eos,
1715 3393 1808 3463 qui
1839 3393 1944 3446 hoc
1977 3392 2261 3463 signaculo

2362 3393 2504 3465 άπερ
2534 3394 2600 3463 τῇ
2631 3392 2780 3463 δεξιᾷ
2815 3393 2961 3464 χειρὶ
2998 3393 3056 3443 ὲν
3085 3393 3310 3462 ὀνόματι
3353 3389 3589 3462 Χριστοῦ
3629 3406 3948 3460 κατασφρα-

679 3481 946 3552 indigent,
978 3480 1106 3552 quia
1129 3477 1508 3538 honorabilior
1534 3483 1884 3544 existimatur
1909 3500 2074 3556 quam
2102 3485 2258 3550 laeva,

2363 3485 2586 3556 γίζομεν
2607 3487 2733 3549 τοὺς
2754 3485 2852 3556 τῆς
2873 3485 3166 3555 σφραγῖδος
3185 3483 3390 3555 ταύτης
3403 3483 3688 3555 δεομένους
3708 3523 3722 3546 ,
3755 3481 3945 3554 ἐπειδὴ

671 3573 936 3653 quamvis
947 3573 1078 3637 situ,
1099 3588 1209 3628 non
1238 3582 1436 3628 natura
1458 3572 1864 3648 differat,592
1883 3576 1956 3629 ita
1971 3577 2176 3643 oriens,
2195 3570 2261 3634 'ut

2361 3577 2661 3653 τιμιωτέρα
2692 3577 3004 3648 νενόμισται
3041 3577 3140 3646 τῆς
3169 3577 3467 3647 ἀριστερᾶς
3491 3614 3506 3638 ,
3553 3576 3727 3627 καίτοι
3774 3573 3942 3635 Θέσει,

676 3665 808 3736 pars
837 3664 1029 3720 mundi
1059 3665 1423 3736 praestantior,
1449 3665 1514 3720 ad
1536 3663 1704 3721 Deum
1732 3666 2072 3723 adorandum
2099 3670 2263 3726 desti-

2363 3670 2457 3722 καὶ
2485 3669 2544 3722 οὐ
2576 3669 2734 3739 φύσει
2761 3669 3093 3740 διαφέρουσα
3118 3668 3325 3737 ταύτης
3357 3667 3629 3737 ὑπάρχειο.
3653 3664 3827 3726 οὕτως
3853 3665 3947 3718 καὶ

679 3751 865 3820 natm.
896 3758 1009 3816 Nec
1046 3759 1378 3830 prophetica
1406 3769 1610 3827 autem,
1664 3777 1766 3817 nec
1795 3764 2110 3833 apostolicae
2136 3767 2260 3822 voci

2363 3761 2689 3834 ήάνατολὴ,
2732 3762 2807 3825 ὡς
2856 3759 3179 3832 τιμιώτερον
3229 3759 3395 3830 μέρος
3439 3759 3537 3822 τῆς
3575 3756 3824 3819 κτίσεως,
3866 3757 3944 3818 εἰς

680 3855 971 3923 repugnat,
1006 3858 1066 3905 ut
1102 3848 1190 3905 ad.
1212 3851 1480 3906 orientem
1513 3867 1824 3922 precemur.
1856 3843 1994 3909 Nam
2021 3855 2078 3910 in
2108 3859 2260 3913 omni

2363 3854 2736 3926 προσκύνησιν
2764 3853 2897 3907 Θεοῦ
2926 3852 3253 3925 ἀφώρισται.
3277 3852 3392 3904 Οὐκ
3420 3848 3755 3902 ἐναντιοῦται
3790 3848 3846 3900 δὲ
3875 3850 3941 3918 τῇ

679 3945 801 3998 loco
825 3948 1027 4011 pmsto
1048 3948 1132 3997 est
1145 3935 1336 3997 oriens
1360 3941 1740 4012 precantibus;
1777 3951 1831 3998 et
1861 3933 1988 4014 quia
2018 3947 2072 4001 in
2097 3964 2260 4017 quam

2364 3927 2675 4018 πρδφητικῇ
2703 3964 2761 3999 τε
2790 3946 2885 3999 καὶ
2911 3944 3243 4014 ἀποστολικῇ
3264 3945 3414 4014 φωνῇ
3438 3943 3498 3995 τὸ
3525 3942 3660 4013 πρὸς
3691 3939 3786 4010 τὴν
3817 3941 3945 3991 ἀνα-

683 4033 875 4089 mu’ndi
897 4040 1108 4103 partem
1137 4031 1438 4102 aspiciendi
1471 4031 1732 4089 facultate
1761 4035 1996 4101 utimur,
2040 4037 2108 4093 ad
2140 4056 2260 4095 eam

2361 4037 2520 4108 τολὴν
2565 4039 2737 4090 ποιεῖν
2782 4037 2929 4108 ἡμᾶς
2967 4037 3065 4098 τὰς
3091 4035 3276 4106 εὐχάς.
3321 4035 3408 4086 Ἐν
3439 4035 3599 4088 παντὶ
3645 4032 3754 4102 γάρ
3796 4031 3943 4100 τύπῳ

680 4126 976 4184 adoramus
997 4162 1012 4188 ,
1056 4122 1172 4179 ﬁeri
1200 4125 1380 4177 autem
1426 4139 1535 4178 non
1569 4133 1749 4193 potest
1769 4127 1806 4189 ,"
1826 4134 1886 4180 ut
1918 4132 2256 4198 precationis

2365 4131 2598 4201 ὑπάρχει
2633 4131 2666 4200 ἡ
2698 4128 2931 4198 ἀνατολὴ
2958 4132 3072 4191 τοῖς
3099 4128 3441 4197 εὐχομένοιςο
3483 4125 3578 4177 καλ⁸
3621 4122 3810 4192 ἐπειδὴ
3859 4123 3940 4191 ἐφ’

682 4232 926 4290 tempore
977 4218 1046 4274 ad
1076 4218 1332 4289 quatuor
1381 4219 1567 4274 mundi
1625 4232 1810 4291 partes
1866 4225 2257 4296 respiciamus,

2362 4223 2390 4275 ὃ
2423 4225 2586 4293 μέρος
2615 4223 2712 4293 τὴν
2742 4221 2944 4294 ὀρατὴν
2974 4221 3227 4290 αἴσθησιν
3260 4217 3597 4289 κεκτήμεθα,
3622 4215 3763 4269 κατά
3789 4214 3943 4265 τοῦτο

681 4321 969 4386 propterea
1000 4311 1068 4366 ad
1099 4328 1264 4367 unam
1298 4314 1486 4368 mundi
1518 4322 1728 4384 partem
1755 4306 2111 4386 respicientes
2139 4320 2262 4390 ado-

2360 4315 2422 4368 τὸ
2455 4316 2618 4387 μέρος
2636 4301 3069 4386 προσκυνοῦμεν,
3091 4311 3348 4396 ἀδύνατον
3375 4310 3434 4363 δὲ
3463 4312 3520 4364 ὲν
3547 4309 3625 4378 τῷ
3655 4307 3830 4377 καιρῷ
3849 4307 3942 4373 τῆς

683 4404 953 4458 rationem
978 4398 1293 4474 perlicimus
1314 4444 1327 4466 ,
1361 4421 1468 4460 non
1496 4406 1644 4474 quod
1669 4406 1782 4465 sola
1813 4409 1885 4463 sit
1918 4424 2058 4479 opus
2081 4409 2178 4465 Dei
2205 4419 2260 4467 et

2365 4410 2671 4480 προσευχῆς
2690 4411 2768 4472 εἰς
2795 4407 2865 4461 τὰ
2894 4408 3142 4478 τέσσαρα
3175 4407 3316 4478 μέρη
3335 4405 3437 4474 τῆς
3465 4404 3696 4463 κτίσεως
3724 4397 3942 4452 amati-

681 4493 793 4548 Deo
825 4494 892 4548 ad
922 4491 1279 4548 habitandum
1313 4494 1605 4559 destinata,
1638 4497 1732 4552 sed
1753 4497 1819 4550 ad
1849 4499 2028 4554 locum
2061 4502 2260 4557 adora-

2368 4520 2488 4555 πειν
2509 4520 2522 4532 ·
2559 4502 2647 4556 διά
2674 4502 2863 4566 τοῦτο,
2915 4503 2996 4565 είς
3024 4502 3084 4555 τὸ
3111 4501 3169 4554 ἓν
3201 4500 3366 4571 μέρος
3407 4498 3506 4568 τῆς
3552 4496 3781 4556 κτίσεως
3816 4493 3942 4558 ἀφο-

683 4589 886 4652 tionis,
916 4603 1078 4660 quam
1111 4586 1222 4643 Deo
1254 4587 1610 4656 exhibemus,
1647 4595 1918 4669 apposita.
1959 4593 2006 4649 A
2055 4597 2257 4665 quibus

2366 4594 2602 4666 ρῶντες,
2650 4593 2911 4666 ποιοῦμεν
2949 4594 3050 4666 τὴν
3099 4591 3468 4666 προσκύνησιν
3490 4627 3504 4651 ,
3534 4587 3633 4655 οὐχ
3683 4584 3756 4645 ὡς
3790 4582 3939 4652 μόνον

683 4688 865 4737 autem
907 4669 1169 4755 precandi
1200 4695 1408 4737 morem
1428 4721 1442 4743 .
1481 4679 1550 4736 ab
1580 4682 1647 4739 iis
1671 4693 1725 4738 et
1754 4685 1954 4740 alicubi
1995 4687 2256 4757 precandi

2363 4686 2525 4758 ἔργον
2553 4685 2646 4738 τοῦ
2678 4685 2835 4750 Θεοῦ,
2866 4685 2974 4738 οὐδ’
3010 4685 3086 4749 ὠς
3113 4687 3192 4746 εἰς
3220 4681 3639 4751 κατοικητήριον
3673 4675 3768 4728 τοῦ
3811 4672 3938 4726 Θεοῦ

683 4758 1138 4828 consuetudinem
1181 4772 1394 4844 accepit
1434 4770 1713 4840 Ecclesia,
1761 4775 1814 4831 id
1849 4783 1933 4830 est
1967 4792 1999 4830 a
2051 4780 2258 4836 sanctis

2363 4779 2520 4832 τοῦτο
2549 4779 2950 4850 ἀφωρισμένον,
2973 4778 3088 4832 ἀλλ’
3116 4780 3197 4840 εἰς
3223 4776 3385 4830 τόπον
3402 4772 3822 4844 προσκυνήσεως
3845 4767 3938 4834 τῆς

684 4863 972 4936 δωεῑοιίεο
2365 4876 2495 4944 παρ’
2543 4873 2699 4944 ἡμῶν
2754 4873 3170 4944 προσαγομένης
3210 4869 3331 4940 Θεῷ
3375 4865 3725 4936 τεταγμένον.
3776 4860 3848 4913 Τὸ
3886 4859 3939 4911 δὲ

685 4960 825 5027 ἔθος,
866 4960 996 5032 παρ’
1042 4951 1117 5013 ὧν
1179 4956 1401 5028 εἴληφεν
1445 4961 1477 5029 ὴ
1541 4959 1834 5030 Ἐκκλησία
1897 4962 1959 5016 τὸ
2015 4961 2287 5034 εὔχεσθαι,
2344 4967 2489 5037 παρὰ
2525 4965 2730 5020 τούτων
2772 4966 3053 5038 εἰληφέναι
3097 4966 3209 5038 (96)
3255 4964 3347 5017 καὶ
3387 4963 3449 5015 τὸ
3509 4959 3612 5012 ποῦ
3660 4953 3936 5026 εὔχεσθαι,

683 5055 840 5110 τοῦτο
865 5055 930 5109 δὲ.
951 5055 1107 5126 παρά
1132 5056 1243 5108 τῶν
1275 5057 1444 5124 ἁγίων
1471 5057 1798 5112 ἀποστόλων.

756 5164 1040 5236 QUEST.
1082 5166 1271 5224 CXIX.
1324 5166 1383 5222 Si
1425 5185 1605 5240 neque
1643 5171 1902 5226 arborum
1947 5169 2255 5235 fructibus.

2448 5171 2801 5226 ἘΡΩΪΗΣΙΣ
2827 5171 2974 5226 Ριθν.
3023 5172 3085 5224 Et
3132 5170 3270 5240 μήτε
3312 5169 3439 5228 τοὺς
3471 5167 3536 5218 ὲκ
3572 5164 3680 5217 τῶν
3718 5164 3936 5234 δένδρων

684 5277 862 5332 neque
891 5260 1040 5317 escis
1071 5261 1320 5316 carnium
1359 5261 1612 5320 homines
1651 5270 1781 5319 ante
1825 5264 2094 5321 diluvium
2139 5276 2258 5323 ute-

2368 5270 2610 5338 καρποὺς
2640 5267 2773 5337 (97),
2807 5274 2942 5339 μήτε
2971 5267 3060 5337 τῆς
3087 5264 3196 5318 τῶν
3215 5263 3394 5335 κρεῶν
3421 5260 3624 5330 ἐδωδῆς
3650 5261 3700 5312 οῖ
3732 5259 3837 5330 πρὸ
3854 5257 3934 5310 τοῦ

793 5463 841 5495 ⁸⁸
861 5453 1010 5518 Psal.
1035 5477 1133 5526 ιιι,
1164 5459 1258 5518 3‘2.
1323 5461 1371 5494 "
1401 5462 1422 5517 I
1453 5461 1596 5516 Tim.
1633 5479 1695 5530 ιι,
1735 5461 1791 5520 8.

763 5663 874 5746 (θεῖ)
917 5666 1347 5746 Ἐςάτρέττῳ.
1374 5665 1795 5746 τμπτῷ..
1832 5667 2004 5723 Paulo
2038 5677 2164 5724 ante
2193 5671 2268 5725 le-

2372 5667 2780 5746 τικῇ-ᾳίειρὴσιι
2816 5665 3152 5746 gamma“!-
3274 5736 3288 5746 .
3637 5734 3645 5740 -

692 5731 869 5811 δειδρυ
878 5752 942 5811 m_
961 5731 1176 5811 videtur
1206 5731 1926 5811 ἀπιστίασάνᾶιρουμίνων,
2142 5809 2153 5811 _

2444 5731 2554 5810 (9"!)
2587 5731 3060 5811 Κᾳρπούςῖἳίίηι
3087 5736 3385 5811 absurdum
3411 5735 3562 5811 dictu
3599 5734 3677 5811 sit
3706 5750 3774 5811 ne
3799 5731 3924 5811 arbo

765 5806 875 5875 (96)
907 5807 1249 5876 Ειιηφέγαι.
1282 5806 1414 5881 ιβε.
1453 5804 1658 5880 εἴληφέ.
1704 5804 1879 5880 Supra
1910 5811 2011 5882 leg.
2033 5812 2100 5883 τῇ
2133 5809 2266 5882 ὁρα-

2375 5804 2496 5867 rum
2527 5804 2746 5881 quidem
2794 5804 3011 5864 fructus
3052 5809 3234 5864 cibum
3284 5813 3410 5862 ante
3441 5806 3711 5861 diluvium
3759 5804 3935 5867 luisse,
