4146 6468
215 384 242 438 1
253 381 361 441 369

928 380 1400 448 QUESTIONES
1432 377 1521 435 ET
1563 380 2083 436 RESPONSlONES
2113 381 2204 435 AD
2236 377 2723 436 ORTHODOXOS.

3338 383 3480 441 1370

212 490 604 564 κατακλυσμοῦ
639 486 1063 563 μετελάμϐανον,
1094 493 1272 557 καθώς
1299 511 1442 556 τινες
1483 493 1800 546 τῶν’πατέ-

1901 493 2124 557 bantur,
2156 501 2216 546 ut
2245 489 2468 546 Patrum
2507 493 2756 548 nonnulli
2789 492 3012 549 dixere:
3038 495 3315 562 quomodo
3345 495 3481 552 Abel

211 606 328 660 ρων
357 583 623 650 ἐδίδαξαν,
658 587 774 650 πῶς
799 589 828 639 6
848 585 1012 639 Ἀδελ
1043 588 1108 640 ὲκ
1135 585 1243 640 τῶν
1276 587 1514 639 στεατων
1542 586 1648 639 τῶν
1672 603 1796 658 προ-

207 681 396 735 ϐάτων
424 672 498 731 ὧν
528 679 834 748 ἐποίμαινε,
866 677 959 731 καὶ
987 681 1014 732 6
1034 680 1174 731 Κάῖν
1203 677 1262 742 ἐξ
1287 672 1360 731 ὧν
1381 678 1644 749 ἐγεώργει
1663 695 1796 749 καρ-

209 773 334 828 πῶν
362 772 461 842 τῆς
494 772 597 842 γῆς
626 770 823 840 ὁμοίως
852 769 1154 841 προσέφερε
1179 784 1192 829 ;
1221 771 1312 822 καὶ
1341 769 1529 840 δῆλον,
1561 769 1636 832 ὡς
1666 769 1795 821 ἑκά-

210 881 373 935 τερος
401 863 600 926 αὐτῶν,
623 863 722 933 τῆς
740 864 943 928 οἰκείας
967 861 1221 934 βρώσεως
1239 862 1519 934 προτιμῶν
1539 863 1599 913 τὸ
1619 861 1793 923 Θεῖον,

208 937 280 1027 τῇ
315 956 537 1026 τοιαύτῃ
569 954 727 1025 Θυσία
758 955 1043 1026 ἐκέχρητο.
1069 954 1131 1007 Ei
1165 954 1307 1008 δὲτὰ
1333 955 1582 1026 ἀχρηστα
1614 955 1796 1017 αὐτοῖς

209 1049 293 1119 τῷ
323 1047 440 1119 Θεῷ
475 1047 898 1118 προσεκόμιζον,
930 1047 1046 1110 πῶς
1071 1049 1138 1117 τῇ
1170 1047 1389 1118 τοιαύτῃ
1422 1049 1708 1119 προσφορᾷ
1735 1047 1796 1098 τὸ

211 1143 306 1194 ἀεὶ
333 1139 389 1192 ὃν
418 1139 516 1210 οὐχ
545 1137 794 1210 ῦὸριζον;
839 1137 1096 1209 Ἀζήμιον
1125 1139 1234 1210 γὰρ
1277 1140 1425 1210 αὐτῷ
1473 1141 1568 1194 καὶ
1606 1140 1798 1210 χλευα-

214 1231 408 1303 στικὴν
437 1233 594 1303 χάριν
614 1232 842 1293 ἕκαστος
891 1231 1072 1283 αὐτῶν
1116 1232 1447 1285 κατετίθετο.
1484 1222 1609 1295 Πῶς
1641 1229 1733 1285 οὖν
1763 1233 1795 1302 ἡ

216 1325 318 1396 μὲν
352 1322 444 1376 τοῦ
477 1323 616 1378 Κάῖν
646 1321 805 1375 Θυσία
822 1321 1145 1394 ἀπόϐλητος,
1167 1323 1234 1376 τὰ
1263 1323 1319 1376 δὲ
1342 1324 1434 1377 τοῦ
1469 1324 1631 1376 Ἀ6ελ
1650 1324 1797 1394 δῶρα

210 1414 388 1468 αἰδέσι
396 1431 472 1484 μα
497 1413 746 1481 γέγονενς

299 1503 700 1558 ἈΠΟΚΡΙΣΙΣ.
746 1503 803 1556 '0
835 1503 1104 1574 μακάριος
1144 1504 1482 1572 Ἀπύστολος,
1506 1508 1533 1558 6
1562 1506 1669 1559 τῶν
1702 1525 1791 1572 παι

206 1596 386 1666 τέρων
411 1595 600 1666 ,πατὴρ
642 1595 735 1648 καὶ
767 1596 1050 1660 εὐσεϐείας
1089 1597 1440 1664 διδάσκαλος,
1487 1601 1647 1670 φησί’
1703 1602 1798 1666 Τίς

209 1689 454 1755 φυτεύει
484 1687 810 1755 ἀμπελῶνα
838 1687 935 1741 καὶ
963 1689 1030 1741 ἐκ
1060 1688 1164 1742 τοῦ
1195 1691 1430 1758 καρποῦ
1471 1693 1658 1746 αὑτοῦ
1689 1696 1799 1747 οὐκ

206 1779 436 1841 scatet;
471 1779 566 1846 Τίς
595 1780 890 1850 ποιμαίνει
917 1781 1196 1849 ποίμνιον
1232 1782 1330 1834 καὶ
1357 1783 1426 1836 ἐκ
1469 1784 1575 1837 τοῦ
1618 1785 1799 1854 τάλα-

208 1869 478 1937 κτος“τῆς
497 1844 756 1939 ποίμνης
775 1873 890 1926 οὐκ
911 1844 1097 1926 ἐσθίει
1118 1889 1136 1936 ;
1167 1875 1287 1926 ἀντὶ
1301 1874 1420 1938 τοῦ,
1442 1844 1636 1940 οὐδείςί
1657 1879 1796 1930 Ἀλλ’
1829 1844 1871 1898 Β

209 1967 260 2016 εί
293 1964 498 2035 μηδεὶς,
521 1964 679 2034 δῆλον
712 1965 842 2034 ἄρα,
871 1964 953 2017 ὅτι
985 1965 1103 2017 οὐδὲ
1140 1968 1168 2018 6
1192 1966 1356 2018 Ἀϐελ
1385 1956 1669 2038 ἐποίμαινε
1700 1969 1797 2040 τὴν

210 2058 470 2128 ποίμνην,
502 2057 588 2109 ἵνα
620 2056 692 2127 μὴ
721 2056 876 2128 ἐσθίῃ
905 2055 1000 2108 τοῦ
1023 2057 1294 2125 γάλακτος
1320 2057 1418 2129 τῆς
1448 2061 1682 2131 ποίμνης
1703 2063 1799 2114 αὐ-

207 2149 329 2213 τοῦ,
360 2147 482 2200 οὔτε
513 2150 539 2201 6
561 2147 698 2201 Κάῖν
732 2147 996 2219 ἐγεώργει
1026 2149 1124 2221 τὴν
1152 2150 1275 2220 γῆν,
1302 2151 1387 2203 ἵνα
1421 2151 1494 2222 μὴ
1516 2152 1671 2224 ἐσθίῃ
1693 2153 1798 2205 τῶν

207 2237 441 2308 καρπῶν
472 2239 661 2308 αὐτῆς.
698 2239 818 2291 Ἔτι
845 2239 900 2292 δὲ
925 2279 938 2302 ,
980 2242 1026 2292 εί
1062 2239 1324 2311 ἄχρηστοι
1365 2236 1505 2312 ἦσαν
1542 2242 1621 2313 τῷ
1660 2244 1798 2296 Κάῖν

207 2329 261 2383 οἱ
281 2331 482 2400 καρποὶ
500 2330 598 2400 τῆς
612 2331 734 2401 γῆς,
765 2330 909 2394 τίνος
930 2331 1114 2384 ἕνεκεν
1143 2335 1255 2396 τοῖς
1284 2333 1490 2404 χείροσι
1520 2335 1617 2404 μὲν
1639 2335 1801 2406 ἐτίμα

207 2424 307 2476 τὸν
323 2423 471 2488 Θεὸν,
495 2426 604 2485 τοῖς
632 2423 904 2494 κρείττοσι
925 2422 981 2475 δὲ
1011 2423 1172 2476 αὑτὸν
1193 2423 1285 2476 τοῦ
1309 2424 1444 2478 Θεοῦ
1466 2426 1798 2497 προετίμησε

209 2515 328 2585 (διὸ
371 2516 675 2586 ἀπὸδλητος
715 2516 878 2569 αὑτοῦ
922 2517 1144 2585 γέγονεν
1195 2519 1227 2588 ἡ
1269 2517 1489 2588 θυσία),
1542 2518 1615 2589 μὴ
1664 2520 1800 2590 χρῄ-

205 2597 325 2671 ζων
355 2607 463 2678 (98)
495 2608 603 2660 τῶν
631 2609 862 2680 καρπῶν
891 2608 990 2678 τῆς
1020 2609 1156 2678 γῆς;
1189 2610 1249 2661 Εἰ
1279 2610 1334 2661 δὲ
1375 2611 1745 2682 προετίμησεν
1774 2614 1801 2664 6

214 2701 318 2769 μὲν
345 2699 508 2774 ’Ἅβελ
543 2699 642 2770 τῆς
681 2699 815 2762 ἰδίας
846 2700 1032 2772 χρείας
1059 2701 1152 2752 τὸν
1191 2701 1322 2753 Θεὸν
1348 2741 1361 2764 ,
1395 2703 1422 2754 ὀ
1450 2701 1506 2755 δὲ
1535 2703 1675 2756 Κάῖν
1703 2703 1801 2774 τὴν

214 2792 354 2845 ίδίαν
385 2793 574 2863 χρείαν
603 2793 695 2845 τοῦ
725 2792 880 2857 Θεοῦ,
913 2794 1066 2863 δῆλον
1096 2794 1225 2864 ἄρα,
1257 2795 1339 2846 ὅτι
1371 2794 1599 2857 ἕκαστος
1624 2795 1802 2848 αὐτῶν

208 2885 310 2954 τῆς
338 2887 404 2937 ὲκ
433 2885 540 2938 τῶν
571 2882 787 2939 οίκείων
819 2887 997 2939 πόνων
1028 2885 1227 2959 ἔχρῃζε
1259 2878 1574 2956 Θεραπείας.

297 2976 647 3029 ἘΡΩΤΗΣΙΣ
675 2980 803 3030 PK’.
837 2979 899 3030 Εί
931 2978 1207 3047 βασιλείαν
1245 2979 1339 3031 τοῦ
1368 2977 1502 3031 Θεοῦ
1537 2977 1635 3049 τὴν
1671 2977 1803 3032 ἀνά-

209 3070 398 3122 στασίν
428 3087 572 3132 τινες
613 3070 944 3138 ὑπειλήφασι
971 3110 985 3132 ,
1039 3069 1235 3122 δίκαιοι
1265 3068 1321 3122 δὲ
1367 3070 1460 3122 καὶ
1488 3069 1806 3141 ,ἁμαρτωλοὶ

1896 604 1962 642 ex
1995 587 2154 657 adipe
2183 585 2392 650 ovium,
2425 601 2566 655 quas
2602 587 2884 656 pascebat,
2916 596 2970 640 et
3001 585 3140 641 Cain
3169 603 3235 641 ex
3280 588 3478 644 fructi-

1895 679 2000 733 bus
2038 687 2229 742 εει-τω,
2258 693 2400 748 quos
2439 679 2688 742 colebat,
2721 691 2922 732 munus
2953 677 3208 732 similiter
3239 679 3481 735 obtulit?

1899 771 2093 840 Liquet
2121 779 2434 840 utrumque,
2467 770 2596 826 dum
2626 771 2846 839 proprio
2876 771 3000 825 cibo
3032 770 3202 825 Deum
3238 774 3479 842 priorem

1897 879 1962 917 ac
1991 864 2260 933 potiorem
2291 864 2474 922 habet,
2517 864 2791 933 ejusmodi
2819 862 3093 918 sacrificio
3127 879 3287 918 usum
3310 876 3476 919 esse.

1895 954 2056 1021 Quod
2101 956 2147 1010 si
2193 971 2314 1026 qua:
2355 955 2574 1009 inutilia
2623 956 2758 1024 ipsis
2812 963 3002 1017 erant,
3051 971 3114 1010 ea
3163 957 3483 1011 obtulerunt

1898 1045 2010 1102 Deo
2034 1088 2048 1111 ,
2084 1047 2358 1117 quomodo
2393 1047 2664 1115 ejusmodi
2715 1063 2941 1104 munere
2986 1049 3040 1104 id
3081 1051 3226 1120 quod
3265 1048 3484 1120 semper

1898 1148 1982 1195 est
2013 1153 2122 1193 non
2150 1140 2483 1195 contumelia
2516 1139 2852 1193 affecerunt?
2885 1139 3130 1197 lmmune
3155 1142 3300 1197 enim
3328 1144 3404 1196 illi
3431 1151 3487 1197 et

1898 1233 2188 1286 ridiculum
2221 1232 2424 1286 donum
2448 1240 2678 1302 uterque
2706 1233 2986 1288 offerebat.
3011 1234 3297 1300 Quomodo
3321 1237 3488 1306 igitur

1898 1321 2053 1377 Caini
2088 1321 2293 1391 rejecta
2323 1323 2580 1388 victima,
2613 1323 2801 1380 Abelis
2845 1313 2978 1379 vero
3019 1326 3162 1379 dona
3204 1327 3258 1380 in
3309 1329 3487 1396 pretio

1900 1415 2157 1470 fuerunt?

1970 1507 2169 1562 RESP.
2204 1507 2401 1564 Beatus
2427 1509 2724 1577 Apostolus
2747 1517 2964 1579 patrum
2993 1519 3147 1580 pater
3177 1519 3232 1564 et
3267 1511 3487 1580 pietatis

1899 1599 2093 1655 doctor
2125 1602 2201 1654 ait
2235 1621 2248 1656 :
2284 1601 2417 1667 Quis
2446 1601 2658 1671 plantat
2707 1605 2914 1656 vineam
2947 1602 3002 1657 ἐι
3039 1605 3102 1656 de
3139 1604 3327 1671 fructu
3373 1603 3487 1671 ejus

1900 1708 2003 1746 non
2026 1693 2180 1747 edit?
2209 1693 2344 1758 Qui:
2376 1695 2548 1760 pascit
2568 1711 2771 1764 gregem
2813 1705 2864 1748 et
2901 1696 2966 1749 de
3009 1695 3144 1748 lacte
3177 1695 3350 1764 gregis
3385 1712 3490 1747 non

1901 1784 2296 1852 manducatj"?
2332 1785 2386 1839 id
2419 1794 2546 1849 est,
2585 1802 2766 1841 nemo.
2819 1786 2976 1853 Quod
3011 1788 3056 1841 si
3092 1803 3275 1850 nemo,
3318 1787 3489 1855 liquet

1899 1875 2148 1947 profecto
2190 1891 2369 1946 neque
2402 1874 2627 1930 Abelem
2663 1877 2738 1930 ita
2769 1892 2986 1947 gregem
3038 1879 3256 1946 pavisse
3278 1918 3291 1942 ,
3328 1886 3387 1930 ut
3423 1875 3492 1931 de

1899 1967 2042 2021 lacte
2066 1967 2248 2037 gregis
2284 1967 2369 2022 sui
2399 1982 2510 2020 non
2553 1965 2772 2030 ederet,
2806 1983 2987 2036 neque
3026 1966 3258 2022 Cainum
3290 1967 3362 2021 ita
3396 1975 3493 2020 eo-

1901 2059 2070 2114 luisse
2097 2068 2323 2122 terram,
2362 2068 2421 2114 ut
2452 2059 2519 2114 de
2561 2059 2810 2131 frugibus
2847 2062 2967 2130 ejus
3000 2076 3108 2115 non
3152 2069 3489 2116 vesceretur.

1899 2150 2168 2206 Prmterea
2203 2151 2248 2206 si
2285 2152 2509 2208 inutiles
2539 2163 2698 2206 erant
2730 2152 2903 2207 Caino
2935 2151 3123 2222 fruges
3157 2161 3340 2216 terrae,
3391 2168 3495 2208 cur

1899 2244 2266 2300 deterioribus
2291 2243 2458 2298 Deum
2491 2244 2741 2306 colebat,
2769 2243 2823 2296 in
2847 2243 3168 2297 melioribus
3193 2257 3323 2298 vero
3349 2244 3498 2310 seip-

1903 2356 2023 2394 sum
2058 2337 2170 2392 Dco
2206 2339 2469 2408 potiorem
2506 2337 2741 2391 habebat
2773 2337 2959 2406 (unde
2985 2346 3040 2391 et
3089 2338 3294 2406 rejecta
3345 2337 3495 2393 illius

1901 2430 2172 2501 victima),
2207 2431 2253 2485 si
2291 2429 2541 2500 frugibus
2577 2439 2737 2484 terra:
2769 2446 2875 2483 non
2918 2428 3412 2500 indigebat?Quod
3445 2429 3493 2484 si

1903 2527 2038 2582 Abel
2069 2526 2290 2596 proprio
2329 2542 2429 2580 usu
2467 2524 2635 2581 Deum
2672 2524 2938 2594 potiorem
2977 2523 3198 2588 habuit,
3224 2524 3360 2579 Cain
3395 2540 3494 2580 au-

1905 2626 2010 2673 tem
2039 2618 2318 2687 proprium
2367 2630 2526 2668 usum
2573 2613 2686 2667 Deo
2731 2602 3002 2685 pmtulit,
3037 2614 3205 2684 liquet
3245 2608 3495 2685 profecto

1905 2718 2201 2780 utrumque
2237 2709 2454 2762 illorum
2487 2708 2818 2771 commodis,
2846 2723 2968 2778 qua:
2995 2724 3060 2762 ex
3085 2709 3324 2779 propriis
3352 2710 3496 2764 labo-

1905 2803 2059 2856 ribus
2085 2801 2488 2872 percipiebant,
2511 2801 2840 2872 indiguisse.

1978 3002 2261 3072 QUAEST.
2295 3000 2459 3058 CXX.
2507 3000 2566 3057 Si
2611 3018 2840 3074 regnum
2882 3002 2978 3059 Dei
3027 3001 3494 3073 resurrectionem

1907 3112 2031 3151 esse
2061 3093 2312 3148 nonnulli
2342 3092 2765 3157 existimarunt,
2798 3093 2942 3147 hanc
2977 3104 3159 3148 autem
3194 3100 3248 3147 et
3274 3092 3409 3161 justi
3443 3101 3498 3146 et

208 3161 413 3232 ταύτης
441 3159 735 3231 ἀξιωθῆναι
767 3161 1132 3226 πιστεύονται,
1165 3161 1281 3225 πῶς
1311 3163 1438 3225 τοὺς
1479 3161 1546 3214 τὰ
1590 3163 1800 3233 ἀπηγο-

1908 3193 2229 3260 peccatores
2253 3185 2502 3260 sortituri
2532 3182 2834 3250 creduntur
2853 3226 2869 3251 ,
2897 3183 3175 3255 quomodo
3202 3159 3294 3254 qui
3331 3182 3497 3237 vetita

214 3254 455 3326 ρευμένα
485 3258 816 3325 ποιήσαντας
829 3255 1320 3326 οάποκληρονύμους
1347 3256 1375 3307 6
1412 3253 1622 3317 Παῦλος
1664 3254 1801 3308 ἀπέ-

214 3365 397 3418 φαινε,
433 3349 630 3419 φήσας,
664 3348 746 3401 ὃτι
774 3348 912 3401 οὔτε
941 3348 1169 3415 πόρνοι,
1201 3348 1338 3400 οὔτε
1361 3345 1564 3415 μοιχοί
1583 3381 1611 3410 ,-
1630 3347 1726 3400 καὶ
1753 3347 1802 3399 οἱ

214 3441 435 3513 ἑφεξῆς,
461 3443 790 3509 ,ϐασιλείαν
838 3437 945 3511 (99)
977 3441 1125 3495 Θεοῦ
1165 3439 1768 3509 κληρονομήσουσιν;

294 3534 694 3586 ’ΔΠΟΚΡΙΣΙΣ
749 3533 1033 3587 Βασιλείαν
1065 3532 1200 3586 Θεοῦ
1231 3528 1370 3585 οἶδεν
1399 3535 1432 3602 ἡ
1464 3533 1584 3585 Θεία
1613 3533 1802 3604 Γραφὴ

209 3625 498 3695 ὀνομάζειν
527 3626 587 3678 οὐ
617 3625 717 3696 τὴν
756 3625 1051 3679 ἀνάστασιν
1083 3625 1266 3688 ἁπλῶς
1289 3664 1303 3685 ,
1342 3625 1500 3678 ἀλλά-
1521 3626 1620 3698 τὴν
1667 3626 1803 3695 μετά

210 3717 308 3788 τὴν
333 3717 629 3770 ἀνάστασιν
659 3719 1123 3782 ἀποκατάστασιν,
1157 3720 1213 3770 ὲν
1312 3719 1523 3787 γίνεται
1576 3718 1799 3782 κολάζοι

215 3811 477 3884 μένων-τε
509 3813 601 3863 καὶ
629 3811 1057 3883 δοξαζομένωνὴ
1090 3811 1375 3883 διαίρεσις,
1402 3810 1496 3866 τοῦ
1525 3810 1661 3885 Θεοῦ
1698 3812 1803 3865 ὑπὸ

214 3903 432 3956 πάντων
462 3903 847 3972 ἀναμφιϐόλως
873 3903 1309 3974 ὁμολογουμένου
1334 3944 1349 3968 ,
1378 3903 1473 3957 τοῦ
1503 3903 1602 3975 τὴν
1645 3903 1802 3969 δόξαν
1834 3921 1836 3923 '

212 3995 268 4046 ὲν
296 3998 408 4058 τοῖς
437 3994 814 4073 δοξαζομένοις
844 3995 1194 4069 ἐνεργοῦντος
1228 3999 1323 4050 καὶ
1365 3997 1462 4069 τὴν
1497 3998 1715 4051 κόλασιν
1744 3998 1802 4054 ὲν

212 4089 324 4149 τοῖς
353 4085 756 4157 κολαζομένοις.
804 4089 1205 4151 Ἀκούσονται,
1239 4089 1408 4159 φησὶ,
1451 4087 1558 4156 τῆς
1597 4087 1800 4158 φωνῆς

215 4181 320 4234 τοῦ
360 4181 494 4234 Υίοῦ
523 4181 628 4234 τοῦ
662 4181 809 4233 Θεοῦ
838 4183 892 4234 οἱ
920 4181 989 4234 ἐν
1017 4181 1140 4246 τοῖς
1164 4183 1500 4250 μνημείοις,
1533 4181 1630 4233 καὶ
1671 4181 1800 4244 ἐξε-

213 4274 539 4326 λεύσονται
565 4277 616 4327 οἱ
646 4274 716 4326 τὰ
744 4273 934 4342 ἀγαθὰ
957 4273 1322 4340 ποιήσαντες
1347 4277 1432 4339 είς
1458 4273 1801 4328 ἀνάστασιν

215 4362 393 4430 ζωῆς·
425 4367 477 4417 οὶ
505 4363 572 4416 δὲ
613 4364 684 4416 τὰ
708 4365 913 4432 φαῦλα
953 4363 1289 4432 πράξαντες
1328 4367 1413 4430 εὶς
1454 4363 1798 4418 ἀνάστασιν

215 4457 486 4522 κρίσεως.
542 4454 803 4526 Διῄρηται
833 4451 925 4508 οὖν
971 4457 1004 4526 ἡ
1058 4456 1356 4518 ἀνάστασις
1405 4458 1485 4518 εἰς
1515 4454 1659 4526 ζωὴν
1704 4457 1797 4510 καὶ

1907 3278 2282 3343 committunt,
2304 3291 2399 3330 eos
2423 3275 2739 3330 exhazredes
2760 3275 3004 3330 declarat
3020 3275 3247 3338 Paulus,
3269 3274 3492 3329 dicens:

1907 3365 2090 3438 Neque
2121 3365 2428 3436 fornicarii,
2455 3381 2617 3434 neque
2641 3363 2893 3428 adulteri,
2921 3372 2975 3417 et
2997 3365 3089 3434 qui
3121 3361 3380 3435 deinceps
3410 3378 3493 3422 ἔο-

1904 3465 2224 3521 ceusentur,
2260 3473 2477 3526 regnum
2513 3456 2610 3509 Dei
2637 3454 2976 3524 possidebunt
3008 3455 3094 3508 υτ

1977 3551 2174 3609 RESP.
2212 3549 2460 3621 Regnum
2491 3549 2584 3604 Dei
2611 3551 2748 3605 solet
2779 3549 2961 3603 divina
3000 3547 3291 3619 Scriptura
3319 3550 3500 3621 appel-

1905 3645 2018 3700 lare
2053 3661 2162 3699 non
2197 3646 2660 3701 resurrectionem
2693 3640 3044 3713 simpliciter,
3075 3641 3170 3696 sed
3196 3657 3340 3708 eam,
3377 3658 3501 3712 qua:

1903 3746 2028 3808 post
2063 3738 2523 3793 resurrectionem
2561 3734 2750 3788 futura
2800 3742 2920 3797 est,
2966 3718 3496 3796 restitutionemﬂn

1903 3847 2012 3901 qua
2037 3824 2438 3900 puniendorum
2473 3835 2526 3882 et
2560 3827 3055 3898 glorificandorum
3092 3825 3148 3878 iit
3177 3827 3496 3890 distinctio,

1901 3928 2158 3982 omnibus
2192 3925 2358 3980 Deum
2383 3923 2672 3979 manifeste
2697 3921 3112 3982 conﬁtentibus.
3140 3921 3233 3990 qui
3267 3921 3500 3990 gloriam

1903 4020 1957 4081 in
1983 4019 2362 4090 gloriﬁcandis
2404 4025 2664 4087 operatur
2711 4024 2767 4071 et
2813 4030 3034 4085 pwnam
3078 4015 3133 4067 in
3179 4013 3497 4083 puniendis.

1900 4114 2152 4178 Audient,
2187 4112 2387 4180 inquit,
2429 4128 2598 4164 vocem
2632 4108 2766 4163 Filii
2805 4109 2904 4162 Dei
2929 4111 3020 4180 qui
3055 4108 3107 4161 in
3144 4103 3501 4161 monumentis

1899 4215 2046 4269 sunt,
2084 4216 2134 4259 et
2163 4205 2383 4260 exibunt
2420 4205 2512 4274 qui
2547 4204 2686 4258 bona
2715 4213 2932 4273 egerunt
2974 4204 3027 4255 in
3060 4203 3498 4254 resurrectionem

1900 4299 2057 4364 vita,
2107 4298 2195 4368 qui
2243 4313 2363 4351 vero
2398 4297 2563 4360 mala,
2601 4297 2657 4349 in
2707 4297 3152 4349 resurrectionem
3183 4291 3383 4361 judicii
3429 4292 3497 4345 “.

1901 4388 2088 4445 Divisa
2114 4396 2200 4444 est
2234 4389 2402 4460 igitur
2435 4387 2771 4443 resurrectio
2804 4388 2860 4440 in
2899 4388 3069 4439 vitam
3107 4394 3163 4438 et
3190 4381 3459 4452 judicium
3482 4421 3498 4444 ,

1904 4498 1999 4552 pro
2034 4481 2315 4552 justorum
2355 4491 2410 4536 et
2452 4482 2787 4551 injustorum
2819 4472 3162 4533 discrimine.
3196 4474 3358 4546 493
3394 4473 3502 4526 La-

218 4546 393 4615 κρίσιν
434 4545 574 4599 κατά
614 4546 712 4608 τὰς
753 4545 1012 4616 διαφορὰς
1057 4547 1280 4600 δικαίων
1320 4564 1379 4599 τε
1426 4548 1519 4600 καὶ
1545 4620 1547 4624 ι
1571 4548 1791 4601 ἀδίκων.

1903 4583 2014 4633 tius
2035 4578 2186 4632 enim
2207 4587 2352 4648 patet
2370 4578 2728 4638 resurrectio.
2753 4591 2918 4644 quam
2958 4589 3185 4644 regnum
3221 4572 3335 4626 Dei.
3360 4569 3499 4623 Nam

227 4639 350 4691 Ἐπὶ
377 4639 539 4691 πλέον
567 4638 733 4709 γὰρὴ
757 4641 1049 4703 ἀνάστασις
1082 4641 1183 4710 τῆς
1215 4641 1490 4711 βασιλείας
1518 4641 1611 4717 τοῦ
1634 4641 1788 4696 Θεοῦ·

215 4733 247 4801 ὴ
288 4731 522 4801 μὲνγὰρ
552 4731 849 4794 ἀνάστασις
875 4731 1116 4796 δικαίους
1146 4750 1204 4784 τε
1236 4734 1327 4785 καὶ
1359 4733 1581 4796 ἀδίκους
1616 4734 1800 4804 περιέ-

218 4840 323 4892 χει,
355 4821 457 4892 ἠδὲ
488 4821 734 4891 βασιλεία
753 4821 846 4876 τοῦ
871 4822 1006 4876 Θεοῦ
1039 4823 1232 4894 μόνους
1262 4826 1388 4888 τοὺς
1425 4824 1669 4889 δικαίους
1699 4843 1799 4878 πε-

221 4915 414 4986 ριέχει.

299 5026 648 5084 ἘΡΩΤΗΣῘΣ
695 5028 849 5082 PKA'
924 5030 988 5083 El
1039 5027 1476 5104 ἀναθεματισμδν
1523 5031 1680 5103 μόνον
1709 5031 1802 5084 ἐπὶ

217 5117 322 5170 τῶν
352 5119 614 5190 ἀτόπωνή
635 5120 846 5174 Παλαιὰ
878 5138 936 5174 τε
967 5123 1060 5174 καὶ
1091 5123 1202 5175 Νέα
1225 5123 1465 5195 Διαθήκη
1488 5123 1798 5185 ἐπίσταται,

222 5209 334 5271 πῶς
361 5211 390 5261 6
421 5209 689 5278 μακάριος
717 5209 940 5280 Πέτρος,
983 5211 1039 5262 ὲν
1068 5210 1145 5281 τῷ
1190 5210 1347 5264 πάθει
1385 5211 1474 5263 τὸν
1518 5210 1796 5280 Δεσπότην

324 5385 369 5415 ⁸⁸
402 5383 417 5436 Ι
452 5383 578 5438 Cor.
615 5399 688 5447 Ix,
723 5384 772 5440 7.

222 5561 299 5641 sic
326 5561 727 5642 emeridandum
770 5562 1022 5642 videtur:
1071 5558 1142 5642 Εί
1170 5561 1468 5642 μηδενὸςηεί
1493 5564 1565 5633 μὴ
1602 5561 1695 5615 τοῦ
1726 5563 1791 5642 έικ

874 5385 917 5417 ⁸³
949 5385 968 5437 l
997 5385 1124 5439 Cor.
1161 5401 1237 5448 vn,
1264 5384 1318 5439 9.
1397 5385 1441 5416 ⁸⁸
1479 5384 1639 5440 Joan.
1671 5401 1726 5449 v,
1756 5383 1849 5439 25.

1903 4673 2234 4724 resurrectio
2257 4669 2440 4738 justos
2466 4677 2521 4724 et
2549 4669 2786 4737 injustos
2815 4667 3204 4738 complectitur
3223 4703 3237 4728 ,
3269 4678 3498 4734 regnum

1908 4771 2090 4816 autem
2122 4761 2215 4816 Dei
2245 4763 2392 4816 solos
2419 4762 2621 4832 justos.

1981 5019 2263 5088 QUIEST.
2305 5019 2492 5077 CXXI.
2549 5017 2606 5073 Si
2658 5016 3181 5073 anathematismum
3227 5016 3284 5069 in
3334 5015 3496 5070 rebus

1909 5124 2125 5169 tantum
2168 5114 2420 5170 nefandis
2450 5122 2504 5168 et
2545 5111 2717 5167 Vetus
2754 5109 2807 5166 et
2829 5109 3040 5164 Novum
3084 5107 3500 5162 Testamentum

1904 5216 2169 5279 usurpant
2194 5247 2210 5273 ,
2247 5223 2347 5262 cur
2371 5209 2565 5262 beatus
2587 5199 2789 5260 Petrus
2814 5207 2876 5259 in
2911 5201 3178 5258 Passione
3208 5195 3499 5254 Dominum

1970 5557 2080 5630 (98)
2112 5557 2209 5626 Μὴ
2250 5555 2509 5630 χρῄζων,
2550 5553 2776 5630 Frustra
2838 5551 3165 5630 _Sylbu_rgius
3199 5548 3502 5630 legendum

222 5631 325 5684 τὼν
369 5631 602 5703 δένδρων
629 5632 864 5703 καρποῦ,
901 5635 1035 5703 μήτε
1082 5619 1201 5702 τῆς,
1233 5619 1344 5686 etc.
1374 5619 1442 5687 Si
1470 5619 1628 5702 rieque
1682 5632 1791 5685 ulla

1901 5619 2235 5685 existimavit
2250 5619 2662 5703 ’μηχρῄζοντος
2684 5625 2766 5703 vel
2777 5698 2786 5703 _
2799 5619 3186 5696 μὴ’χρῄζόυσα.
3199 5619 3504 5676 Parenthe-

223 5703 321 5754 nisi
368 5697 640 5773 arborum,
688 5697 912 5771 fructuf
936 5697 1096 5773 rieque
1125 5697 1257 5756 eicis
1286 5697 1792 5773 carnium-homines
1902 5703 2207 5773 sistquam
2236 5697 2494 5773 apposui,
2526 5697 2705 5773 |_o_cum
2732 5697 2995 5773 illustrat.

225 5783 341 5841 ante
388 5772 646 5826 diluvium
702 5772 1018 5839 utebantur,
1051 5781 1156 5828 etc.
1191 5803 1258 5811 —-
1302 5772 1384 5826 Ea:
1431 5773 1696 5828 Addendie
1745 5783 1794 5827 et

231 5840 599 5899 Emendandis.

1980 5765 2090 5841 (99)
2121 5765 2466 5824 Βασιζιείαν.
2523 5765 2621 5841 _Sic
2659 5766 2982 5841 emendavit
3037 5765 3384 5841 Sylburgius.
3441 5776 3480 5829 Β

1908 5836 2220 5913 Stephanus
2249 5848 2478 5896 eLmss.
2517 5836 2759 5908 βεϐαίαν.
