4146 6436
714 312 847 369 9571

1465 310 1824 367 ΑΡΡΕΝΒΙΧ.
1863 341 1933 352 -
1969 309 2154 365 PARS
2191 308 2231 365 l.
2273 309 2330 363 S.
2365 309 2635 367 JUSTINI
2676 309 2905 367 OPERA
2945 306 3217 363 SPURIA.

3862 300 4000 354 1572

708 438 921 493 negans
973 423 1441 479 anathematizare
1503 426 1709 495 coepit?
1767 424 2055 490 Quodnam
2114 436 2276 480 auten

2395 426 2747 496 ἀρνούμενος,
2779 421 3196 493 ἀναθεματίζειν
3218 419 3453 491 ῆρξατο;
3475 419 3567 480 Τίς
3591 417 3648 469 δὲ
3681 417 3714 485 ἡ
3750 416 3997 486 διαφορὰ

712 517 1000 585 utriusque
1024 515 1345 582 discrimen,
1376 517 1431 571 id
1459 527 1563 578 est,
1590 517 2035 571 anathematismi
2057 525 2111 572 et
2141 525 2290 571 cata-

710 608 1067 673 thematismi,
1098 618 1152 664 et
1179 609 1311 679 quid
1346 612 1640 680 separatim
1676 609 2027 675 signiﬁcant?

784 785 983 841 RESP.
1032 786 1335 840 Anathema
1377 784 1580 839 dicitur
1624 784 1677 839 id
1721 784 1866 855 quod
1908 790 2288 839 consecratum

707 888 793 933 est
826 887 881 934 et
903 877 1203 948 sepositum
1235 876 1363 941 Deo,
1398 892 1497 931 nec
1524 876 1636 945 jam
1671 875 1726 928 in
1755 890 2101 930 communem
2127 889 2287 928 usum

709 970 1038 1033 assumitur,
1080 969 1163 1023 vel
1190 968 1335 1039 quod
1376 984 1405 1021 a
1442 966 1554 1023 Deo
1587 974 1810 1037 propter
1853 966 2151 1036 nequitiam
2193 966 2289 1020 ab-

707 1061 1002 1114 alienatum
1031 1070 1151 1124 est;
1193 1060 1501 1114 catathema
1533 1069 1712 1113 autem
1743 1066 1827 1113 est
1858 1059 2116 1113 assentiri
2155 1072 2289 1112 ana-

706 1152 1208 1207 thematizantibus.

775 1239 1056 1305 QUIEST.
1088 1239 1298 1296 CXXII.
1337 1239 1393 1293 Si
1426 1240 1577 1295 horis
1612 1248 1666 1294 et
1706 1240 1903 1296 diebus
1950 1256 2038 1295 res
2083 1250 2287 1297 nostra

705 1346 816 1385 non
845 1331 1220 1395 continentur,
1262 1347 1362 1386 cur
1394 1332 1447 1386 in
1484 1332 1694 1402 nuptiis
1723 1330 1987 1387 Dominus
2016 1332 2233 1387 dicebat
2266 1351 2283 1388 :

705 1421 961 1477 Nondum
1002 1426 1139 1479 venit
1183 1424 1315 1478 hora
1362 1442 1478 1480 mea
1526 1426 1612 1479 “?
1656 1435 1710 1480 et
1760 1441 1859 1479 cur
1901 1426 1970 1481 de
2019 1426 2112 1479 illo
2151 1425 2286 1480 dicit

701 1518 1039 1587 evangelista
1074 1538 1089 1571 :
1142 1516 1312 1573 Nemo
1330 1519 1476 1572 misit
1506 1535 1693 1572 manus
1725 1520 1779 1572 in
1800 1518 1976 1583 illum,
2011 1520 2136 1589 quia
2151 1535 2284 1573 non-

700 1606 830 1662 dum
853 1620 1064 1663 uenerat
1089 1610 1223 1665 hora
1250 1611 1366 1677 eius
1400 1611 1485 1664 σπι

775 1698 973 1757 RESP.
1008 1700 1122 1756 Etsi
1157 1702 1308 1757 horis
1338 1716 1402 1755 ac
1431 1701 1626 1755 diebus
1657 1715 1746 1755 res
1775 1708 1980 1755 nostrae
2011 1716 2119 1755 non
2149 1716 2280 1756 con-

2394 516 2689 586 ὲκατέρων,
2722 515 2967 567 τουτέστι
2993 513 3087 566 τοῦ
3115 507 3552 581 ἀναθεματισμοῦ
3600 506 3694 560 καὶ
3734 507 3839 559 τοῦ
3894 524 3995 559 κα-

2390 607 2833 679 ταθεματισμοῦ,
2892 607 2987 659 καὶ⁵
3041 605 3094 658 τί
3139 605 3200 657 τὸ
3254 603 3360 657 ὑπὸ
3424 600 3649 669 θατέρου
3714 599 3988 668 σημαινό-

2436 716 2551 750 ενον
2575 715 2588 762 ;

2436 716 2588 762 ενον;

2394 716 2434 768 μ
2476 789 2873 841 ἈΠΟΚΡΙΣῘΣ.
2934 784 3206 855 Ἀνάθεμα
3250 784 3462 852 λέγεται
3504 781 3564 833 τὸ
3617 780 3988 850 ἀνακείμενον

2392 881 2485 935 καὶ
2511 882 2891 952 ἀφωρισμένον
2920 879 3059 949 Θεῷ,
3091 879 3187 931 καὶ
3219 878 3297 940 είς
3329 875 3512 944 κοινὴν
3544 874 3743 945 χρῆσιν
3783 870 3985 941 μηκέτι

2388 973 2812 1043 λαμϐανόμενον,
2847 972 2881 1043 ἢ
2918 972 2979 1025 τὸ
3013 966 3516 1039 ἀπηλλοτριωμένον
3567 964 3703 1017 Θεοῦ
3750 964 3846 1015 διὰ
3886 980 3985 1015 κα-

2388 1067 2509 1120 κίαν
2530 1083 2542 1095 ·
2576 1064 2862 1135 κατάθεμα
2894 1064 2970 1135 (i)
2999 1062 3057 1116 δέ
3082 1063 3198 1116 ἐστι
3224 1060 3286 1112 τὸ
3316 1056 3605 1112 συνθέσθαι
3633 1058 3750 1118 τοῖς
3779 1052 3981 1107 ἀναθε-

2390 1155 2724 1229 ματίζουσιν.

2385 1471 2513 1592 περὶ
2548 1520 2712 1574 αὐτοῦ
2757 1471 2822 1572 ἶτὸ
2844 1559 2858 1584 ,
2886 1471 3099 1583 Ούδεῖς
3353 1513 3460 1578 τὰς
3504 1471 3707 1581 χεῖραςἶ
3730 1471 3835 1562 'éx‘
3866 1471 3972 1562 αύ-

2380 1613 2507 1675 tor,
2538 1612 2627 1667 ὅτι
2654 1612 2818 1664 οϋπω
2849 1606 3034 1680 ἦλθεν
3059 1610 3097 1676 ἡ
3130 1607 3251 1675 ὦρα
3281 1604 3509 1667 αὐτοῦὶ
3936 1670 3978 1690 ν,

2469 1703 2871 1756 ἈΠΟΚΡΙΣΙΣ,
2913 1702 2975 1755 Ei
3009 1700 3104 1753 καὶ
3140 1698 3310 1769 ὥραις
3349 1697 3443 1749 καὶ
3481 1694 3715 1765 ἡμέραις
3743 1691 3815 1744 τά
3851 1689 3956 1743 καθ

700 1792 981 1857 tinentur,
1013 1808 1200 1847 eorum
1226 1801 1429 1850 tamen.
1456 1808 1577 1863 qum
1601 1807 1631 1845 a
1668 1793 1827 1846 nobis
1867 1792 2023 1855 ﬁunt,
2055 1801 2150 1846 aut
2184 1809 2276 1847 no-

2383 1798 2529 1867 ἡμᾶς
2556 1795 2616 1847 οὐ
2647 1794 2955 1863 κατέχεται,
2987 1792 3099 1845 ἀλλ’
3128 1792 3277 1861 ὅμως
3302 1786 3411 1841 τῶν
3440 1787 3571 1855 παρ’
3592 1784 3747 1855 ἡμῶν
3776 1782 3813 1853 ἢ
3846 1782 3980 1853 περὶ

700 1880 787 1935 bis
827 1882 1119 1946 eveniunt,
1154 1883 1263 1936 alia
1316 1892 1629 1952 opportuno
1684 1881 1820 1935 ﬁunt
1865 1890 2129 1951 tempore,
2176 1884 2280 1936 alia

697 1986 807 2023 non
838 1980 1170 2042 opportuno.
1187 1971 1360 2026 Vocat
1385 1972 1551 2042 igitur
1572 1971 1755 2025 divina
1781 1970 2061 2040 Scriptura
2083 1988 2281 2042 oppor-

696 2069 892 2117 tunum
933 2063 1003 2118 ad
1050 2065 1105 2119 id
1150 2064 1295 2134 quod
1328 2063 1385 2117 ﬁt
1433 2070 1670 2132 tempus,
1707 2064 2051 2133 praesentiam
2098 2064 2278 2128 horae;

696 2171 807 2209 non
830 2163 1221 2226 Opportunum,
1251 2155 1557 2210 absentiam
1604 2155 1792 2222 horae;
1832 2164 1887 2211 et
1926 2156 2053 2226 quia
2098 2155 2284 2211 Domi-

694 2259 801 2298 nus
821 2252 1037 2315 tempus
1066 2252 1432 2316 opportunum
1461 2260 1584 2301 esse
1616 2245 1851 2300 ducebat
1879 2261 1910 2300 a
1942 2245 2148 2315 nuptiis
2167 2247 2282 2302 dis-

693 2336 949 2401 cedendi,
979 2345 1266 2407 postquam
1289 2337 1477 2391 vinum
1503 2336 1762 2402 fecisset,
1812 2345 2102 2407 propterea
2125 2348 2280 2392 ante-

695 2428 861 2498 quam
876 2430 1060 2493 vinum
1075 2428 1315 2493 fecisset,
1332 2428 1568 2492 dicebat,
1584 2427 1837 2482 Nondum
1853 2430 1987 2506 uenit
1999 2431 2130 2483 hora
2143 2447 2277 2486 mea.

694 2519 761 2575 Et
775 2520 907 2591 quia
928 2527 1174 2589 tempore
1195 2519 1423 2575 Paschre
1438 2518 1753 2574 Judaaorum
1778 2520 2067 2589 oportebat
2098 2519 2282 2575 Domi-

692 2626 824 2666 num
852 2612 1239 2681 comprehendi
1263 2619 1316 2667 et
1335 2627 1398 2667 ea
1416 2611 1525 2682 pati
1544 2625 1664 2681 qua:
1677 2626 1875 2681 passus
1890 2619 2008 2677 est,
2029 2621 2281 2683 propter-

690 2719 756 2758 ea
779 2713 903 2759 ante
931 2702 1143 2759 Pascha
1168 2702 1373 2757 dictum
1405 2710 1491 2758 est
1513 2702 1582 2758 de
1610 2703 1732 2757 illo:
1761 2702 1930 2759 Nemo
1959 2704 2100 2758 misit
2130 2706 2187 2758 in
2208 2704 2280 2758 il-

694 2794 805 2847 lum
826 2811 1036 2858 manus,
1057 2796 1183 2867 quia
1200 2794 1431 2849 nondum
1448 2803 1657 2849 venerat
1678 2798 1807 2847 hora
1821 2796 1957 2863 ejus,
1998 2811 2104 2849 non
2132 2797 2281 2851 horae

692 2870 1023 2941 necessitate
1042 2888 1336 2957 quominus
1356 2886 1914 2957 comprehenderetur
1934 2888 2276 2957 prohibente,

692 2978 791 3032 sed
824 2976 921 3033 Dei
955 2978 1317 3048 providentia.
1345 2976 1481 3032 Nam
1515 2978 1560 3032 si
1583 2978 1737 3034 horae
1769 2979 2099 3033 necessitate
2145 2994 2278 3049 pro—

2384 1886 2531 1955 ήμᾶς
2558 1883 2893 1953 γιγνομένων
2918 1878 2988 1933 τά
3024 1880 3121 1951 μὲν
3152 1879 3356 1947 γίνεται
3385 1878 3441 1928 ὲν
3464 1873 3751 1943 ἐπιτηδείῳ
3769 1871 3974 1942 καιρῷ,

2382 1975 2451 2026 τὰ
2486 1975 2541 2027 δὲ
2568 1976 2624 2027 ἐν
2672 1972 3049 2044 ἀνεπιτηδείῳ.
3087 1969 3259 2024 Καλεί
3297 1965 3390 2022 οὖν
3433 1970 3467 2039 ἡ
3512 1968 3628 2019 θεῖα
3660 1966 3853 2037 Γραφὴ
3880 1965 3980 2019 τὸν

2382 2067 2686 2136 ἐπιτήδειον
2722 2064 2858 2136 πρὸς
2902 2063 2963 2116 τὸ
2995 2062 3275 2132 γινόμενον
3315 2062 3545 2132 πρᾶγμα
3577 2059 3789 2130 καιρὸν,
3829 2076 3981 2129 παρ-

2382 2161 2567 2214 ουσίαν
2598 2159 2699 2229 τῆς
2723 2158 2892 2230 ὥρας,
2930 2157 3020 2227 τὸν
3064 2156 3121 2210 δὲ
3161 2156 3530 2225 ἀνεπιτήδειον
3559 2153 3829 2205 ἀπουσίαν
3873 2151 3979 2222 τῆς

2383 2252 2551 2324 ὥρας’
2596 2251 2691 2305 καὶ
2720 2249 2907 2320 ἐπειδὴ
2940 2248 3078 2319 μετά
3116 2248 3214 2319 τὴν
3246 2247 3463 2318 ποίησιν
3504 2244 3598 2297 τοῦ
3650 2246 3795 2297 οἴνου
3850 2261 3984 2297 και-

2385 2345 2477 2416 ρὸν
2520 2343 2822 2414 ἐπιτήδειον
2867 2342 3052 2412 ἠγεῖτο
3099 2341 3128 2393 ὁ
3173 2338 3376 2409 Κύριος
3420 2336 3518 2407 τῆς
3544 2337 3610 2388 ὲκ
3651 2335 3746 2388 τοῦ
3786 2335 3982 2405 γάμου

2382 2437 2797 2508 ἀναχωρήσεως,
2826 2434 2913 2488 διὰ
2939 2432 3097 2486 τοῦτο
3130 2431 3244 2507 πρὸ,
3259 2431 3359 2501 τῆς
3391 2431 3662 2498 ποιήσεως
3700 2426 3797 2480 τοῦ
3823 2428 3981 2481 οἴνου

2382 2524 2535 2581 εἶπεν
2558 2528 2586 2579 6
2614 2526 2817 2598 Κύριος
2840 2543 2853 2556 ·
2889 2526 3064 2578 Οὒπω
3090 2521 3239 2593 ἧκεν
3266 2525 3304 2591 ἡ
3332 2520 3455 2589 ὥρα
3473 2538 3613 2589 μου.
3645 2520 3756 2572 Καὶ
3781 2518 3979 2583 πάλιν,

2382 2616 2567 2688 ἐπειδὴ
2600 2619 2657 2669 ὲν
2689 2616 2767 2687 τῷ
2797 2615 2971 2688 καιρῷ
2996 2614 3092 2667 τοῦ
3120 2613 3313 2684 Πάσχα
3352 2612 3462 2665 τῶν
3502 2610 3770 2664 Ἰουδαίων
3802 2611 3982 2681 ἐχρῆν

2380 2708 2471 2760 τὸν
2513 2708 2716 2779 Κύριον
2763 2705 3165 2777 συλληφθῆναι,
3216 2706 3308 2758 καὶ
3353 2704 3543 2756 παθεῖν
3570 2702 3606 2756 ἃ
3636 2698 3829 2763 ἔπαθε,
3881 2702 3985 2755 διὰ

2380 2798 2537 2853 τοῦτο
2568 2800 2673 2872 πρὸ
2698 2799 2792 2851 τοῦ
2822 2799 3013 2868 Πάσχα
3040 2796 3245 2869 ἐρρήθη
3295 2796 3424 2866 περὶ
3473 2793 3635 2848 αὐτοῦ
3671 2794 3753 2857 τὸ,
3802 2795 3985 2848 Ἀλλ’

2379 2891 2579 2956 οὐδεὶς
2604 2890 2898 2944 ἐπέϐαλεν
2929 2887 3241 2966 ἐπ”αὑτὸν
3287 2888 3393 2953 τὰς
3430 2887 3654 2955 χεῖρας,
3681 2886 3771 2939 ὅτι
3800 2889 3987 2939 οὔπω

2378 2979 2679 3046 ἐλήλυθεν
2703 2980 2741 3048 ἡ
2768 2978 2890 3047 ὥρα
2916 2977 3103 3031 αὐτοῦ
3122 2994 3136 3007 ο
3168 2976 3229 3030 οὐ
3261 2975 3361 3047 τῆς
3393 2976 3636 3045 ἀνάγκης
3675 2974 3777 3043 τῆς
3816 2973 3987 3045 ὧρας

692 3069 867 3124 hibita
902 3069 1095 3127 fuisset
1125 3070 1340 3125 Domini
1367 3071 1821 3142 comprehensio,
1865 3086 1974 3127 non
2019 3073 2071 3127 id
2120 3073 2276 3127 attri-

2381 3072 2695 3145 κωλυούσης
2721 3071 2885 3125 αὑτοῦ
2907 3071 3004 3142 τὴν
3035 3068 3317 3141 σύλληψιν,
3348 3069 3515 3139 ἀλλ’ἢ
3546 3068 3641 3121 τοῦ
3669 3068 3804 3120 Θεοῦ
3836 3071 3987 3139 πρό-

691 3160 905 3217 buisset
932 3162 1115 3217 divina
1156 3160 1440 3233 Scriptura
1478 3164 1686 3233 regioni
1723 3165 1848 3219 loci.
1892 3164 2139 3231 Secessit,
2192 3166 2277 3220 in-

690 3254 834 3325 quit,
861 3254 1020 3310 lesus
1046 3256 1101 3309 in
1129 3253 1429 3319 Galiia'am.
1468 3255 1591 3311 Non
1620 3258 1758 3311 enim
1788 3257 1991 3312 volebat
2010 3259 2065 3311 in
2084 3257 2278 3314 Judaza

691 3344 989 3411 ambulare,
1020 3349 1147 3417 quia
1179 3346 1359 3401 Judaei
1388 3350 1693 3418 quaerebant
1722 3366 1838 3403 eum
1869 3350 2163 3420 interﬁcere
2184 3351 2229 3382 ⁸³
2257 3369 2274 3419 ;

690 3435 791 3492 sed
822 3452 924 3492 nec
953 3445 1111 3493 antea
1137 3438 1193 3493 in
1226 3436 1521 3510 Egyptum
1550 3441 1896 3509 secessisset,
1918 3456 2043 3495 cum
2082 3458 2275 3497 neces-

690 3531 829 3585 sitas
850 3529 1000 3586 horae
1026 3530 1220 3587 idonea
1254 3532 1469 3597 fuisset,
1497 3549 1618 3604 quae
1632 3550 1780 3600 eum,
1798 3535 2094 3606 quominus
2124 3551 2277 3590 com-

691 3621 1143 3691 prehenderetur,
1180 3625 1504 3681 custodiret.

760 3882 1042 3951 QUEST.
1067 3884 1299 3942 CXXIII.
1343 3886 1401 3943 Si
1443 3888 1497 3943 id
1542 3888 1689 3959 quod
1738 3892 1945 3947 bonum
1991 3902 2098 3961 est,
2156 3902 2295 3950 om-“

689 3979 841 4033 nium
870 3982 1386 4049 praestantissimum
1418 3994 1532 4048 est,
1579 3985 1726 4054 quod
1774 3995 1959 4043 autem
2000 4005 2274 4053 aerumno-

686 4086 834 4137 sum,
868 4072 1113 4125 omnium
1144 4073 1463 4143 pessimum,
1496 4089 1561 4129 ac
1609 4076 1787 4132 bonus
1827 4078 2049 4147 quidem
2106 4081 2270 4147 Deus,

688 4161 853 4217 homo
872 4173 1054 4218 autem
1083 4178 1461 4229 aerumnosus,
1489 4167 1733 4221 omnium
1760 4169 1922 4223 homo
1950 4172 2268 4239 pessimum.

684 4254 807 4309 Non
824 4256 971 4310 enim
996 4255 1144 4310 aliud
1167 4271 1234 4311 ex
1261 4257 1351 4321 iis,
1381 4273 1503 4327 quae
1528 4259 1822 4324 exsistunt,
1844 4262 1985 4316 coelo
2024 4263 2273 4319 videlicet

682 4353 738 4400 ct
760 4356 927 4413 terra,
960 4362 1107 4412 aere,
1140 4348 1499 4405 luminaribus
1528 4359 1583 4406 et
1614 4352 1738 4407 aliis
1764 4353 2057 4423 ejusmodi,
2090 4362 2272 4425 potest

688 4455 742 4492 Ill
766 4454 1028 4496 aerumnis
1057 4456 1200 4497 €886.

760 4530 954 4586 RESP.
983 4530 1040 4587 Si
1070 4543 1293 4603 propter
1326 4535 1602 4591 hominem
1632 4545 1762 4592 sunt
1794 4538 1920 4601 alia,
1942 4555 2064 4609 qum
2084 4540 2263 4594 nomi-

686 4632 813 4677 nata
845 4632 994 4687 sunt,
1021 4638 1142 4695 quae
1164 4633 1345 4680 autem
1375 4636 1597 4697 propter
1648 4630 1815 4683 alium
1858 4638 2009 4693 sunt,
2052 4633 2267 4688 minora

2378 3182 2497 3219 νοια
2529 3165 2697 3235 (2)....
2732 3167 2798 3236 τῇ
2832 3163 3051 3235 ἀνάγκῃ
3085 3163 3192 3232 Δ’τῆς
3220 3160 3368 3233 ὥρας
3410 3158 3677 3212 ἐκωλύετο
3718 3159 3812 3211 τοῦ
3860 3161 3989 3211 Κυ-

2380 3258 2497 3328 ρίου
2528 3259 2561 3328 ὴ
2594 3255 2872 3327 σύλληψις,
2902 3254 2996 3322 καὶ
3022 3254 3121 3306 οὐκ
3150 3252 3215 3305 ἂν
3248 3236 3448 3322 ταύτην
3470 3249 3748 3323 προσῆψεν
3783 3252 3815 3320 ἠ
3849 3250 3989 3304 θεία

2378 3347 2567 3420 Γραφὴ
2597 3346 2676 3418 τῷ
2704 3346 2886 3419 χωρίῳ
2912 3345 2990 3416 τῷ
3010 3343 3104 3397 τοῦ
3132 3343 3320 3396 τόπου.
3363 3341 3742 3411 Ἁνεχώρησε,
3775 3343 3983 3412 φησὶν,

2378 3442 2411 3492 ό
2452 3438 2682 3508 Ἰησοῦς
2712 3440 2801 3503 εὶς
2825 3436 2940 3505 τὴν
2965 3435 3321 3489 Γαλιλαίαν.
3367 3436 3448 3487 Οὺ
3488 3434 3599 3502 τὰρ
3642 3432 3867 3500 ἤθελεν
3903 3435 3985 3488 ἐν

2374 3530 2451 3599 τῇ
2490 3530 2737 3598 Ἰουδαίᾳ
2765 3528 3129 3597 περιπατεῖν,
3157 3526 3248 3579 ὅτι
3287 3522 3549 3579 Ἰουδαῖοι
3579 3522 3825 3587 ἐζήτουν
3863 3528 3984 3579 αὑ-

2375 3624 2483 3678 τὸν
2506 3623 2879 3678 ἀποκτεῖναν
2908 3620 3021 3674 ἀλλ’
3053 3619 3175 3673 οὐδὲ
3211 3618 3318 3689 πρὸ
3359 3616 3548 3670 τούτου
3577 3618 3657 3679 εἰς
3684 3616 3976 3684 Αἴγυπτον

2375 3716 2659 3787 ἀνεχώρει,
2700 3715 2890 3785 ἱκανῆς
2914 3712 3081 3784 οὔσης
3112 3712 3211 3783 τῆς
3242 3710 3488 3781 ἀνάγκης
3523 3708 3622 3779 τῆς
3667 3707 3815 3778 ὧρας
3867 3725 3979 3776 φυ-

2375 3808 2587 3862 λάττειν
2615 3808 2775 3862 αὐτὸν
2803 3806 3164 3878 ἀσύλληπτον.

2458 3899 2807 3952 ἘΡΩΤΗΣΙΣ
2842 3897 3016 3951 PKI".
3046 3897 3109 3949 Et
3147 3893 3208 3948 τὸ
3240 3892 3441 3963 ἀγαθὸν
3470 3891 3725 3946 ἁπάντων
3754 3891 3872 3943 ἐστὶ
3905 3889 3972 3942 τὸ

2376 3991 2680 4053 κάλλιστον,
2712 3990 2805 4043 καί
2850 3989 2912 4042 τὸ
2952 3986 3321 4058 κακυνὸμενον
3370 3985 3477 4038 τῶν
3522 3983 3691 4037 ὄντων
3741 3981 3859 4034 ἐστὶ
3900 3980 3967 4033 τὸ

2373 4085 2641 4155 χείριστον
2666 4099 2679 4112 ·
2712 4083 2804 4135 καὶ
2829 4081 3031 4151 ἀγαθὸς
3063 4081 3159 4152 μὲν
3185 4079 3333 4133 ἐστιν
3359 4080 3387 4131 6
3412 4076 3563 4140 Θεὸς,
3593 4073 3965 4143 κακυνόμενος

2374 4175 2430 4228 δὲ
2460 4176 2488 4227 6
2518 4174 2822 4246 ἄνθρωπος,
2856 4172 3111 4226 ἁπάντων
3140 4172 3202 4224 τὸ
3246 4171 3504 4225 κάκιστον
3523 4185 3536 4198 ’
3567 4166 3690 4221 οὐδὲ
3718 4165 3827 4236 γάρ
3853 4165 3962 4220 τῶν

2373 4266 2540 4319 ὄντων
2567 4265 2772 4337 ἕτερον,
2804 4263 3032 4335 οὐρανοῦ
3061 4263 3222 4332 λέγω,
3252 4262 3347 4316 καὶ
3372 4260 3498 4330 γῆς,
3527 4259 3712 4329 ἀέρος,
3742 4256 3962 4325 φωστῆ-

2376 4353 2504 4432 ρων,
2528 4360 2621 4412 καὶ
2647 4359 2754 4411 τῶν
2776 4357 3053 4419 τοιούτων,
3076 4353 3370 4425 δυνάμενον
3400 4352 3475 4423 ('5)
3502 4347 3834 4403 κακύνεσθαι
3866 4346 3958 4399 κέ-

2296 4460 2349 4520 D
2376 4468 2590 4521 κτηται.

2453 4540 2852 4594 ἈΠΟΚΡΙΣΙΣ.
2886 4538 2949 4591 El
2976 4536 3265 4617 ἀνθρῴπου
3294 4536 3479 4589 ἕνεκεν
3517 4533 3585 4585 τά
3606 4531 3741 4585 ἀλλα
3772 4531 3958 4600 ὀνομα-

2372 4636 2564 4688 σθέντα
2595 4635 2731 4698 ἐστὶ,
2761 4633 2828 4686 τά
2855 4632 2911 4685 δὲ
2938 4631 3085 4694 τινὸς
3113 4631 3299 4691 ἕνεκεν
3329 4628 3668 4697 ὑπάρχοντα,
3701 4624 3953 4677 ἐλάττονα

684 4716 777 4772 illo
808 4726 967 4784 sunt,
1000 4712 1489 4788 priestantissimus
1520 4721 1765 4790 profecto
1802 4732 1885 4779 est
1931 4725 2118 4788 homo,
2171 4727 2264 4796 qui

2379 4726 2578 4777 ἐκείνου
2630 4724 2776 4785 ἐστὶ,
2821 4724 3105 4785 κάλλιστος
3157 4721 3267 4790 ἄρα
3313 4718 3459 4771 ἐστὶν
3499 4719 3527 4768 6
3575 4714 3883 4785 ἄνθρωπος,
3925 4712 3954 4763 6

685 4810 848 4864 rebus
860 4816 1085 4880 propter
1100 4810 1277 4881 ipsum
1293 4813 1685 4871 exsistentibus
1708 4816 1959 4885 superior
1982 4825 2087 4873 est.
2108 4816 2267 4883 Quod

684 4902 731 4956 si
761 4908 816 4955 et
846 4901 979 4972 ipsa:
1015 4917 1270 4958 aerumnae
1298 4904 1503 4974 aliquid
1550 4906 1806 4972 aﬁerunt,
1847 4916 1907 4962 ut
1942 4910 2137 4963 melior
2174 4910 2269 4963 ﬁat

684 4994 869 5058 homo,
910 4998 1397 5065 praestantissimus
1424 5014 1558 5054 sane
1580 4999 1763 5064 homo,
1800 5010 1853 5056 et
1887 5001 2097 5055 idcirco
2126 5018 2156 5055 a
2180 5002 2266 5056 di-

684 5086 807 5139 vina
828 5086 1174 5144 Providentia
1200 5090 1461 5145 aerumnis
1490 5099 1717 5145 sanatur
1747 5107 1815 5147 ex
1839 5094 2059 5164 propria
2075 5095 2264 5148 volun-

754 5240 795 5271 ⁶¹
824 5239 983 5296 Joan.
1013 5257 1074 5307 ιι,
1100 5242 1157 5297 4.
1233 5241 1460 5300 "Joan.
1505 5260 1605 5310 vn,
1638 5245 1728 5301 30.
1806 5254 1853 5288 ⁸³
1886 5244 2023 5303 Ibid.
2069 5248 2121 5303 1.

755 5394 830 5465 (l)
870 5394 1208 5472 Kardoeya.
1224 5398 1393 5453 Aliter
1417 5398 1651 5472 lrenaaus
1673 5401 1815 5470 apud
1841 5418 2001 5471 quem
2033 5402 2265 5472 legimus

683 5466 779 5540 lib.
812 5482 851 5526 ι.
882 5482 931 5520 c.
971 5468 1057 5540 εὖ,
1091 5485 1146 5521 n.
1181 5469 1236 5535 ι,
1272 5470 1537 5540 quasdam
1571 5487 1636 5524 ea:
1664 5466 1989 5540 fidelissimis
2031 5466 2266 5525 mulieri-

683 5537 800 5595 bus.
824 5538 1154 5612 casu/ﬂantes
1182 5549 1231 5592 et
1252 5537 1778 5595 catatltematiza'ntes
1812 5542 2076 5608 Marcum,
2108 5558 2268 5612 sepa-

684 5621 930 5681 rassese
954 5609 1163 5681 ab_illo,
1195 5612 1646 5681 καταφυσήσασαι
1689 5614 1783 5665 καὶ
1831 5609 2269 5681 καταθεματίσα-

686 5693 775 5727 σαι
801 5676 982 5752 αύτόν.
1010 5676 1073 5730 Ει
1100 5693 1221 5748 cap.
1252 5676 1419 5752 l_6,n.
1457 5676 1496 5734 3
1523 5701 1533 5734 :
1574 5683 1749 5747 Quam
1774 5676 2084 5736 sententiam
2115 5683 2268 5752 digne

683 5748 1017 5818 exsufﬂantes
1047 5759 1097 5803 et
1124 5750 1647 5806 catathematizantes
1678 5762 1877 5821 oportet
1898 5769 2055 5821 porro
2074 5748 2269 5808 alicubi

2370 4818 2510 4887 ὑπὲρ
2544 4816 2609 4869 τά
2633 4816 2698 4868 δι’
2728 4817 2888 4870 αὑτὸν
2922 4815 3255 4885 ὑπάρχοντα.
3285 4812 3347 4863 Ei
3380 4810 3436 4863 δὲ
3464 4808 3555 4861 καὶ
3582 4806 3713 4859 αὐτὸ
3745 4807 3806 4857 τὸ
3853 4820 3949 4855 κα-

2370 4910 2625 4964 κύνεσθαι
2656 4910 2893 4962 συντελεῖ
2914 4927 2967 4960 τι
2998 4908 3133 4979 πρὸς
3165 4907 3264 4976 τὴν
3294 4903 3573 4975 βελτίωσιν
3601 4897 3694 4953 τοῦ
3745 4893 3948 4969 ἀνθρώ-

2372 5021 2505 5065 που,
2541 5003 2820 5057 κάλλιστόν
2870 5004 3015 5054 ἐστιν
3062 5003 3090 5053 6
3131 4999 3451 5070 ἄνθρωπος,
3488 4995 3580 5048 καὶ
3625 4991 3767 5046 κατά
3801 4990 3952 5043 τοῦτο

2374 5096 2477 5147 ὑπὸ
2503 5096 2600 5165 τῆς
2631 5094 2777 5156 θείας
2810 5092 3064 5163 προνοίας
3087 5094 3200 5154 τοῖς
3226 5091 3553 5149 κακωτικοῖς
3580 5084 3951 5155 ἰατρευόμενος

2368 5411 2415 5455 et
2443 5400 2592 5470 longe
2622 5403 2798 5467 fugere
2820 5396 2885 5451 ab
2913 5399 3009 5470 eis.
3049 5397 3117 5470 ἢν
3166 5394 3391 5465 γνώμην
3440 5394 3608 5470 ὅντως
3640 5392 3952 5470 καταφυσήες

2370 5463 2568 5537 cavsa}
2622 5463 2717 5523 καὶ
2777 5463 3471 5537 καταθεματίσανταςμρίο.
3507 5463 3649 5537 Idem
3708 5478 3837 5537 ergo
3874 5467 3953 5513 cst

2370 5532 2514 5611 apud
2552 5532 2807 5594 lrenreum
2844 5532 3329 5611 catat‘hematizare
3363 5550 3427 5587 ac
3456 5532 3947 5611 anathematisarp.

2443 5612 2516 5681 (2)
2571 5613 2723 5663 Ἀλλ’
2756 5612 2793 5677 ὴ
2840 5608 2945 5681 τοῦ
2974 5608 3127 5681 Θεοῦ
3190 5607 3458 5681 πρόνοια.
3509 5604 3633 5672 Leg.
3684 5602 3817 5656 ἀλλὰ
3859 5602 3953 5670 τῆς

2372 5678 2465 5734 τοῦ
2494 5678 2628 5733 Θεοῦ
2666 5678 2937 5762 προνοίας.
2960 5680 3031 5762 Ἐἰ
3065 5679 3183 5762 γὰρ,

2445 5752 2518 5819 (5)
2560 5744 2918 5819 Διννάμενον.
2960 5748 3110 5817 Legit
3148 5744 3476 5817 Sylburgius
3511 5744 3811 5813 δυνάμεων.
