4146 6448
250 342 389 396 ιπδ

963 332 1434 403 ΟυΑΞΞΤΙΟΝΕδ
1473 330 1560 386 ΕΤ
1596 324 2118 385 RESPONSIONES
2151 323 2243 378 AD
2278 318 2772 378 OBTHODOXOS.

2228 10 4077 41 ῃ

3380 322 3521 377 1574

246 455 356 508 ἀπὸ
385 454 486 527 τῆς
534 455 669 517 ιδίας
715 452 995 523 γνωμικῆς
1035 449 1199 503 αὐτοῦ
1247 447 1464 511 κακίας.
1495 447 1616 519 Χρὴ
1656 447 1712 501 δὲ
1742 447 1814 498 τὸε

1937 441 2067 496 tatis
2094 440 2380 511 pravitate.
2412 436 2640 508 Oportet
2690 443 2871 492 autem
2922 444 2982 491 ut
3034 436 3126 509 qui
3153 436 3393 493 hominis
3421 440 3521 494 bo-

246 545 569 617 βουλόμενον
615 544 706 598 τὸν
764 541 964 611 ἀγαθὸν
1019 542 1301 611 ἄνθρωπον
1345 539 1419 611 (4)
1470 537 1824 608 καταμαθεῖν,

244 637 384 707 πρὸς
419 636 482 691 τὸ
519 636 672 700 τέλος
718 634 1044 688 ἀποϐλέπειν
1088 633 1150 685 τὸ
1198 630 1336 703 μετά
1382 628 1481 699 τὴν
1531 628 1827 682 ἀποϐίωσιν

240 732 605 803 ἀποκείμενον
644 728 933 800 ἀνθρώπῳ.
978 728 1211 789 Ἐκεῖνος
1259 724 1367 795 γὰρ
1406 726 1505 796 τῆς
1548 722 1828 793 παρούσης

241 822 388 893 ζωῆς
417 825 564 877 ἔστιν
589 825 617 876 6
644 822 873 893 καρπὸς,
902 818 1513 890 τουτέστιμακαριότης
1540 814 1828 885 ἀτελεύτη-

237 928 331 975 τος
359 914 479 967 ἀντὶ
503 912 603 982 τῆς
631 908 991 983 ὀλιγοχρονίου
1018 907 1395 977 κακυνομένης
1422 906 1588 975 ζωῆς.

329 1004 872 1058 ἘΡΩΤΗΣΙΣῬΚΔἎ
902 1002 963 1054 El
999 1001 1097 1072 τῆς
1142 1000 1370 1059 ἑκάστου
1408 996 1650 1069 βιώσεως
1689 1012 1825 1067 προ-

242 1093 491 1166 γνὼστης
516 1095 545 1146 6
573 1093 845 1163 Δεσπότης
875 1091 1199 1162 καθέστηκε,
1228 1088 1317 1142 διά
1339 1088 1393 1141 τί
1428 1087 1507 1163 μὴ
1537 1085 1645 1140 τῶν
1673 1086 1827 1138 εὐσε-

242 1185 353 1239 ϐῶν
376 1185 477 1250 τὰς
526 1184 702 1256 ψυχάς
746 1186 801 1237 ὲν
849 1182 1096 1253 σώμασιν
1146 1180 1454 1233 εὐσθενέσιν
1500 1176 1821 1249 εἰσῴκισενς

240 1278 305 1329 Et
335 1275 411 1343 δὲ,
441 1274 782 1349 θησαυρίζων
813 1275 992 1337 αὐτοῖς
1033 1272 1131 1337 τάς
1169 1272 1404 1343 ἀμοιϐὰς
1441 1273 1498 1324 ὲν
1533 1272 1647 1333 τοῖς
1693 1269 1823 1340 μέλ-

239 1369 442 1433 λουσιν,
478 1370 532 1421 tv
559 1370 671 1431 τοῖς
704 1366 967 1437 παροῦσιν
1018 1366 1213 1427 αὐτοὺς
1250 1361 1594 1435 συνεχώρησε
1650 1360 1825 1413 θλίϐε-

241 1460 388 1522 σθαι,
434 1459 520 1513 διά
566 1460 618 1511 τί
664 1456 740 1529 μὴ
788 1457 986 1520 πάντες
1029 1458 1086 1509 ὲν
1120 1458 1240 1519 ταῖς
1277 1454 1519 1524 θλίψεσιν
1545 1452 1746 1523 ὁμοίως
1772 1453 1821 1503 οί

240 1552 483 1616 εὐσεϐεῖς
508 1552 847 1623 ὲξητάζοντο,
873 1548 1013 1601 ὥστε
1040 1549 1197 1621 δῆλον
1229 1548 1294 1601 ὲκ
1321 1545 1513 1599 τούτου
1552 1544 1614 1597 τὸ
1659 1542 1821 1597 καλὸν

238 1648 336 1700 καὶ
381 1646 440 1699 τὸ
485 1645 653 1698 δεινὸν
692 1641 1086 1697 διαδείκνυσθαι
1116 1658 1130 1706 ;
1159 1641 1222 1694 Εί
1266 1639 1322 1692 δὲ
1358 1638 1641 1709 ἀμφότερα
1689 1636 1821 1707 παρ’

235 1736 565 1808 ἀμφοτέροις
607 1732 948 1805 εὑρίσκεται,
996 1731 1113 1794 πῶς
1138 1731 1239 1782 οὐκ
1268 1727 1461 1799 ἄδηλος
1484 1728 1513 1779 6
1538 1725 1601 1778 τὸ
1639 1727 1822 1795 κρεῖτ-

233 1800 640 1897 τον-ἑλόμενοςς
674 1800 801 1887 illi);
834 1823 890 1875 δὲ
916 1823 990 1886 ὡς
1035 1821 1191 1891 ἔτυχε
1218 1819 1287 1873 τὰ
1314 1818 1492 1873 πάντα
1517 1816 1814 1887 φερόμενα,
1850 1800 1892 1858 Β

235 1920 546 1993 ἀπρονόητα
577 1920 645 1972 τά
699 1919 757 1971 ὲν
778 1916 855 1988 τῷ
908 1917 1097 1986 κόσμῳ
1138 1916 1200 1968 οὐ
1243 1908 1817 1975 δείκνυσιν,·εὐσεϐοῦς

235 2016 332 2068 καὶ
359 2013 587 2076 ἀσεϐοῦς
619 2013 718 2066 οὐκ
746 2010 911 2080 οὔσης
941 2010 1085 2071 τινὸς
1111 2006 1472 2076 διακρίσεως;

319 2104 717 2159 ’ΔΠΟΚΡΙΣ1Σ.
752 2104 865 2155 Οὐκ
914 2100 1163 2153 ἐϐούλετο
1202 2098 1389 2161 όνΘεδς
1410 2098 1523 2159 τοῖς
1548 2093 1818 2166 παροῦσιν

234 2195 377 2266 ὑπὲρ
419 2193 621 2265 ἀρετῆς
652 2192 877 2264 τιμῆσαι
921 2192 1049 2253 τοὺς
1092 2187 1239 2259 αὐτῴ
1281 2186 1690 2258 ἀνακειμένους.
1734 2182 1815 2236 Τά

230 2286 343 2360 γὰρ
370 2289 427 2340 ὲν
458 2285 535 2358 τῷ
556 2286 770 2355 θανάτῳ
792 2285 899 2337 τῶν
931 2283 1170 2336 εὐσεϐῶν
1198 2283 1299 2335 οὐκ
1326 2281 1442 2334 ἐστι
1470 2279 1658 2352 μισθὸς
1684 2280 1813 2351 ἀρε-

230 2379 331 2450 τῆς
358 2396 370 2408 ·
401 2379 493 2431 καὶ
518 2376 698 2440 καθώς
720 2393 824 2446 περ
850 2375 1097 2445 λέγονται
1124 2376 1174 2427 οἱ
1209 2372 1453 2436 εὐσεϐεῖς
1486 2372 1563 2444 μὴ
1586 2367 1723 2425 εἶναι
1751 2372 1815 2425 ἐκ

230 2470 327 2523 τοῦ
357 2470 582 2541 κόσμου,
606 2469 778 2532 οὕτως
812 2469 905 2521 καὶ
948 2471 981 2538 ἡ
1019 2467 1146 2531 δόξα
1190 2465 1369 2519 αὐτῶν
1403 2465 1497 2518 καὶ
1524 2465 1552 2516 6
1586 2462 1814 2527 πλοῦτος

231 2564 335 2616 οὐκ
365 2562 479 2615 ἔστι
502 2564 683 2633 γήϊνα.
722 2562 889 2614 ’Ὅταν
917 2555 1010 2613 οὖν
1038 2558 1254 2631 ὁρῶμεν
1282 2556 1554 2629 προσόντα
1582 2559 1694 2620 τοῖς
1720 2558 1813 2609 εὐ-

234 2655 450 2708 σεϐέσιν
478 2654 513 2707 ἃ.
537 2653 791 2724 πρόσεστι
826 2653 917 2705 καὶ¹
948 2654 1060 2714 τοῖς
1076 2649 1347 2713 ἀσεϐέσιν,
1368 2647 1814 2719 ἀναλογισώμεθα

231 2749 299 2800 ὲκ
324 2747 512 2801 τούτου
544 2747 617 2817 μὴ
646 2742 781 2800 εἶναι
815 2745 939 2811 ἀξια
970 2743 1038 2797 τά
1072 2743 1312 2814 παρόντα
1336 2742 1444 2795 τῶν
1469 2741 1569 2813 τῆς
1612 2741 1813 2812 ἀρετῆς

233 2839 429 2892 πόνων.
461 2840 570 2891 Καὶ
605 2841 652 2892 εί
682 2839 927 2907 φαίνεται
978 2837 1109 2900 Θεὸς
1158 2838 1271 2899 τοῖς
1324 2833 1634 2906 ἀνθρώποις
1679 2831 1812 2885 ποτὲ

228 2930 449 3000 ὐᾲώσας
474 2929 623 2993 τινάς
648 2930 755 2982 τῶν
781 2928 929 2999 αὐτῷ
952 2928 1346 2999 ἀνακειμένων,
1374 2927 1451 2990 ὡς
1476 2926 1569 2979 τὸν
1614 2926 1810 2996 Ἰωσὴφ

229 3023 324 3074 καὶ
358 3022 447 3075 τὸν
476 3020 639 3074 Δαϐίδ
662 3038 675 3051 ’
713 3020 825 3074 ἀλλ’
858 3021 1027 3091 ὅμως,
1058 3021 1118 3072 οὐ
1142 3019 1240 3082 τὰς
1267 3018 1467 3090 ἀρετὰς
1488 3016 1667 3071 αὐτῶν
1694 3016 1813 3071 τού-

228 3131 346 3177 τοις
392 3112 749 3184 ἀμειϐόμενος
768 3152 782 3175 ,
820 3112 954 3181 ἀλλά
995 3112 1082 3165 διὰ
1104 3112 1201 3183 μὲν
1224 3110 1317 3164 τοῦ
1346 3110 1547 3181 Ἰωσὴφ
1572 3109 1673 3183 τῆς
1711 3108 1805 3163 τοῦ

1930 550 2060 588 num
2089 548 2417 604 pernoscere
2444 532 2581 595 vult,
2632 532 2680 586 is
2712 531 2975 601 respiciat
2998 531 3063 585 ad
3118 531 3303 595 tinem,
3328 530 3518 605 .595

1926 628 2021 699 qui
2058 634 2182 697 post
2232 633 2463 681 mortem
2520 625 2728 681 homini
2772 625 3049 695 repositus
3108 633 3214 681 est.
3267 622 3320 679 ls
3365 624 3512 679 enim
3578 630 3583 633 ’

1926 722 2210 790 praesentis
2253 719 2380 773 vitae
2440 720 2653 775 fructus
2724 728 2851 783 est,
2912 718 3173 773 nimirum
3234 718 3515 773 beatitudo

1926 813 2258 882 sempiterna
2288 828 2389 883 pro
2421 826 2730 867 aerumnosa
2762 810 2830 866 ad
2876 811 3264 867 brevissimum
3299 821 3516 881 tempus

1927 906 2059 961 vita.

1997 997 2277 1065 QUIEST.
2309 996 2546 1054 CXXIV.
2593 996 2651 1052 Si
2686 996 2955 1067 cujusque
3006 996 3225 1051 vivendi
3278 997 3515 1050 rationis

1924 1094 2289 1163 praecognitor
2321 1100 2407 1147 est
2437 1084 2720 1155 Dominus,
2752 1105 2851 1145 cur
2882 1105 2988 1145 non
3031 1090 3246 1144 animas
3294 1091 3512 1160 piorum

1925 1185 1981 1239 in
2014 1185 2205 1239 validis
2235 1185 2559 1255 corporibus
2584 1183 2910 1239 constituit?
2930 1182 3086 1249 Quod
3121 1183 3167 1238 si
3196 1198 3515 1253 praeparans

1923 1276 2005 1333 eis
2038 1277 2307 1331 mercedis
2340 1278 2656 1331 thesaurum
2686 1276 2743 1330 in
2770 1275 2953 1329 futura
2986 1275 3119 1339 vita,
3156 1276 3427 1346 permittit
3454 1284 3514 1329 ut

1922 1369 1979 1423 in
2002 1367 2624 1440 praesentiamigantur,
2656 1382 2755 1420 cur
2783 1380 2894 1420 non
2959 1380 3152 1420 omnes
3208 1364 3263 1419 in
3315 1365 3510 1421 iisdem

1922 1460 2181 1515 aerumnis
2210 1460 2461 1515 similiter
2483 1458 2556 1528 pii
2582 1457 2952 1527 reperiuntur,
2979 1464 3032 1511 et
3052 1472 3119 1511 ex
3150 1472 3215 1511 ea
3246 1472 3305 1511 re
3332 1457 3512 1509 mani-

1922 1552 2122 1607 festum
2148 1550 2239 1604 tiat
2272 1550 2327 1604 id
2355 1549 2500 1620 quod
2521 1549 2753 1619 probum
2786 1555 2870 1602 est
2898 1554 2957 1601 et
2980 1545 3127 1617 quod
3160 1544 3511 1616 improbum?

1924 1642 2033 1699 Sed
2057 1644 2104 1698 si
2134 1651 2365 1713 utraque
2390 1640 2533 1711 apud
2559 1650 2822 1710 utrosque
2850 1640 3204 1695 inveniuntur
3225 1681 3241 1705 ,
3272 1654 3509 1709 quomo~

1922 1736 1993 1791 do
2021 1750 2131 1789 non
2156 1734 2361 1791 latetis
2415 1733 2505 1803 qui
2560 1732 2785 1787 meliora
2837 1730 3027 1802 eligit?
3075 1729 3365 1796 Quomodo
3414 1745 3506 1785 res

1918 1843 2131 1891 omnes,
2157 1833 2217 1880 ut
2251 1841 2374 1881 sors
2415 1824 2543 1889 fert,
2592 1834 2786 1880 euntes
2814 1822 3081 1877 mundum
3144 1820 3503 1877 Providentia

1917 1920 2139 1976 destitui
2170 1933 2279 1973 non
2305 1918 2709 1983 demonstrant,
2735 1916 2887 1970 nullo
2916 1915 3058 1972 inter
3082 1916 3203 1987 pios
3224 1923 3280 1985 et
3304 1915 3506 1986 impios

1917 1995 2290 2066 intercedente
2322 2008 2687 2064 discrimine?

1986 2101 2183 2157 RESP.
2210 2101 2397 2156 Noluit
2429 2100 2570 2156 Deus
2626 2101 2992 2171 praesentibus
3018 2114 3208 2154 eorum
3245 2100 3503 2153 virtutem

1917 2212 2287 2259 remunerare,
2324 2194 2418 2265 qui
2444 2194 2547 2264 ipsi
2572 2201 2701 2249 sunt
2725 2193 2918 2249 dediti.
2950 2191 3084 2246 Nam
3115 2207 3237 2262 qua:
3260 2192 3327 2246 ad
3357 2206 3508 2245 mor.

1916 2291 2080 2345 talem
2108 2290 2324 2360 piorum
2351 2288 2519 2342 vitam
2549 2287 2844 2358 pertinent,
2881 2301 2944 2340 ea
2968 2300 3078 2339 non
3106 2290 3237 2340 sunt
3292 2298 3507 2339 merces

1914 2382 2170 2447 virtutis;
2195 2388 2249 2436 at
2277 2379 2738 2452 quemadmodum
2764 2379 3025 2435 dicuntur
3046 2377 3120 2448 pii
3146 2392 3255 2431 non
3290 2390 3415 2431 esse
3437 2376 3506 2431 de

1915 2475 2143 2539 mundo,
2173 2474 2247 2529 ita
2275 2482 2330 2528 et
2359 2474 2530 2545 gloria
2553 2488 2742 2529 eorum
2779 2480 2835 2528 et
2860 2472 3063 2527 divitiae
3094 2484 3203 2525 non
3236 2478 3366 2524 sunt
3392 2476 3505 2524 ter—

1915 2583 2080 2622 rcnae.
2099 2566 2331 2633 Quando
2357 2566 2521 2637 igitur
2539 2564 2842 2621 viderimus
2865 2578 2930 2619 ea
2971 2562 3076 2635 piis
3136 2561 3353 2626 adesse,
3384 2575 3506 2631 qua:

1914 2659 2116 2715 adsunt
2144 2666 2199 2714 et
2230 2658 2445 2728 impiis,
2501 2656 2628 2713 inde
2683 2657 3009 2726 colligamus
3058 2654 3348 2727 praesentia
3392 2666 3505 2706 non

1912 2747 2037 2809 ésse
2060 2753 2281 2807 virtutis
2308 2742 2589 2808 laboribus
2617 2752 2800 2824 digna.
2825 2751 3004 2821 Atque
3032 2750 3139 2806 etsi
3164 2748 3379 2803 videtur
3407 2746 3506 2801 ho-

1913 2846 2159 2901 minibus
2185 2845 2331 2902 Deus
2358 2844 2653 2911 nonnullos
2684 2842 2980 2915 aliquando
3001 2858 3065 2899 ex
3122 2842 3230 2908 his,
3272 2842 3366 2912 qui
3398 2840 3504 2911 ipsi

1912 2937 2084 2993 dediti
2113 2945 2290 3004 erant,
2321 2946 2380 2993 ut
2406 2935 2706 3007 Josephum
2754 2943 2810 2992 et
2866 2934 3149 2999 Davidem,
3198 2933 3505 2989 honoribus

1912 3031 2208 3100 extulisse,
2235 3030 2353 3086 llch
2381 3037 2565 3086 tamen
2595 3029 2891 3084 virtutibus
2922 3043 3115 3084 eorum
3151 3042 3262 3083 non
3305 3040 3506 3096 repen-

1914 3123 2016 3188 dit,
2048 3124 2143 3181 sed
2170 3140 2267 3195 per
2292 3122 2591 3193 Josephum
2615 3122 2835 3193 quidem
2864 3120 3154 3176 lsraelitici
3182 3120 3402 3192 generis
3425 3119 3506 3174 in-

241 3204 627 3277 Ἰσραηλιτικοῦ
656 3205 843 3274 γένους
858 3203 1138 3275 αὐξήσεως
1160 3201 1619 3275 προνοησάμενος,
1650 3200 1736 3255 διὰ
1751 3200 1810 3254 δὲ

1914 3186 2195 3271 cremento
2247 3186 2521 3285 providit,
2590 3186 2689 3283 per
2741 3210 3002 3266 Davidem
3047 3186 3237 3266 autem
3269 3223 3501 3280 regnum

223 3296 321 3352 τοῦ
338 3296 500 3351 Δαϐὶδ
528 3297 626 3369 τὴν
645 3295 741 3349 τοῦ
776 3296 915 3349 Πνεύ
925 3313 1090 3367 ματος
1115 3294 1390 3366 βασιλείαν
1420 3296 1805 3366 συνεστήσατο.

224 3390 546 3459 Διαφέρουσι
573 3389 617 3443 δ’
645 3392 691 3442 οἱ
719 3389 960 3452 εὐσεϐεῖς
984 3389 1091 3441 τῶν
1136 3387 1350 3441 ἀσεϐῶν
1388 3388 1446 3440 ὲν
1470 3389 1583 3449 τοῖς
1606 3386 1810 3451 ὐλικοίς

224 3498 285 3533 τε
302 3483 394 3534 καὶ
410 3484 736 3551 σωματικοῖς
750 3480 1017 3551 οὐδαμῶς*
1036 3479 1330 3551 πάνταγὰρ
1352 3479 1616 3551 πάρεστιν
1634 3481 1810 3550 ἀμφο-

219 3573 421 3644 τέροις,
450 3574 518 3626 τά
539 3590 598 3624 τε
614 3572 743 3643 ἡδέα
777 3574 869 3627 καὶ
890 3573 958 3626 τά
972 3572 1211 3644 λυπηρά·
1234 3572 1552 3644 διαφέρουσι
1579 3572 1635 3626 δὲ
1656 3572 1811 3644 ἀλλήο

222 3665 331 3718 λων
365 3666 788 3736 προηγουμένως
818 3666 915 3737 μὲν
943 3669 1008 3738 τῇ
1038 3684 1097 3719 τε
1143 3666 1316 3719 ἐλπίδι
1359 3667 1468 3720 τῶν
1507 3666 1808 3737 μελλόντων

220 3760 318 3811 καὶ
344 3761 454 3821 τοῖς
476 3758 614 3830 ὑπὲρ
637 3758 736 3829 τῆς
751 3758 1032 3823 εὐσεϐείας
1059 3759 1397 3831 παθήμασιν,
1427 3759 1618 3815 ἔπειτα
1640 3758 1697 3813 δὲ
1714 3759 1809 3813 καὶ

218 3853 340 3914 ταῖς
373 3850 544 3913 θείαις
590 3849 964 3922 συμμαχίαις,
1012 3853 1071 3904 ὲν
1113 3847 1198 3916 αἷς
1248 3852 1510 3915 πολλάκις
1558 3850 1809 3923 περιϐλέ-

222 3961 388 4006 πτους
416 3943 667 4014 ὲποίησεν
694 3944 723 3996 6
754 3942 884 4006 Θεὸς
911 3945 1038 4007 τοὺς
1072 3944 1231 4008 ἰδίους
1251 3985 1265 4009 ,
1294 3944 1425 3998 ποτὲ
1457 3944 1553 4015 μὲν
1576 3943 1673 4015 τὴν
1699 3943 1808 3997 τῶν

220 4036 529 4104 Αἰγυπτίων
567 4035 882 4088 δυναστείαν
910 4036 1215 4103 καταλύων,
1248 4036 1379 4089 ποτὲ
1404 4035 1461 4089 δὲ
1481 4038 1609 4100 τοὺς
1633 4038 1810 4089 Χανα-

218 4129 400 4191 ναίους
422 4131 533 4192 τοῖς
570 4128 927 4199 Ἰσραηλίταις
948 4129 1287 4193 ὐποτάσσων,
1309 4130 1437 4183 ποτὲ
1460 4128 1520 4182 ’δὲ
1542 4128 1651 4183 τῶν
1683 4130 1807 4182 Ἀσ-

219 4220 417 4291 συρίων
444 4221 505 4273 τὸ
534 4220 731 4292 θράσος
764 4222 1045 4292 κοιμίζων,
1076 4223 1204 4275 ποτὲ
1230 4223 1287 4275 δὲ
1311 4221 1422 4275 τῶν
1448 4222 1805 4276 Βαϐυλωνίων

216 4312 496 4383 καθαιρῶν
530 4312 626 4384 τὴν
659 4314 949 4384 βασιλείαν,
987 4315 1116 4367 ποτὲ
1154 4314 1211 4367 δὲ
1240 4314 1437 4386 δρόμον
1463 4333 1523 4369 τε
1556 4317 1648 4370 καὶ
1677 4316 1807 4369 στά-

218 4422 301 4459 σιν
331 4407 481 4479 παρά
528 4405 689 4476 φύσιν
736 4408 1091 4479 προστάσσων
1132 4407 1210 4478 τῷ
1250 4407 1402 4479 ἡλίῳ.
1460 4410 1547 4462 Ἐν
1592 4408 1803 4473 τούτοις

1916 3308 2155 3379 Spiritus
2180 3309 2485 3365 constituit.
2519 3306 2787 3363 Diﬂerunt
2816 3312 3000 3367 autem
3054 3304 3125 3359 ab
3183 3302 3369 3375 impiis
3425 3301 3500 3372 pii

1912 3400 2287 3456 materialibus
2314 3406 2370 3456 et
2390 3399 2673 3470 corporeis
2700 3396 2871 3453 rebus
2900 3409 3284 3467 nequaquam;
3315 3396 3503 3449 omnia

1910 3495 2056 3549 enim
2088 3492 2288 3549 adsunt
2314 3494 2563 3563 utrisque
2593 3500 2647 3547 et
2669 3488 2915 3561 jucunda
2944 3496 2998 3544 et
3030 3488 3260 3543 molesta
3295 3504 3310 3540 ι
3344 3484 3502 3541 dilTe-

1910 3593 2041 3642 runt
2068 3592 2249 3639 autem
2272 3567 2416 3639 inter
2437 3600 2515 3647 se,
2551 3582 2825 3656 praecipue
2873 3580 3090 3654 quidem
3140 3594 3237 3649 spe
3292 3564 3503 3631 futuro-

1911 3695 2033 3733 rum
2066 3686 2123 3734 et
2144 3679 2416 3749 susceptis
2449 3693 2547 3748 pro
2570 3672 2771 3747 pietate
2797 3674 3105 3739 molestiis;
3136 3671 3335 3727 deinde
3369 3685 3501 3725 vero

1908 3779 1962 3827 et
1992 3771 2192 3827 divinis
2218 3770 2508 3841 praesidiis,
2534 3770 2734 3841 quibus
2764 3783 2895 3823 suos
2921 3766 3065 3822 Deus
3099 3779 3242 3835 saepe
3278 3761 3501 3833 conspi-

1907 3878 2043 3919 cuos
2064 3864 2262 3929 effecit,
2278 3878 2425 3918 nunc
2439 3862 2820 3934 Egyptiorum
2844 3860 3144 3931 potentiam
3160 3857 3497 3922 dissolvens,

1906 3972 2055 4011 nunc
2082 3956 2423 4012 Chananaaos
2451 3953 2714 4010 lsraelitis
2730 3953 3050 4023 subjiciens,
3069 3966 3218 4005 nunc
3236 3948 3499 4021 Assyrio-

1906 4064 2028 4103 rum
2056 4050 2293 4104 t‘erocem
2325 4046 2570 4102 animum
2600 4047 2842 4117 sopicns,
2876 4059 3024 4099 nunc
3070 4042 3496 4114 Babyloniorum

1905 4150 2157 4197 evertens
2186 4140 2497 4212 imperium,
2526 4154 2675 4195 nunc
2703 4155 2924 4196 cursum
2951 4148 3004 4194 et
3033 4137 3325 4193 stationem
3357 4150 3498 4206 pra:-

1906 4243 1987 4289 ter
2018 4242 2271 4288 naturam
2301 4233 2404 4289 soli
2436 4233 2735 4303 imperans.
2781 4233 2961 4302 Atque
3014 4231 3069 4285 in
3130 4229 3217 4285 his
3271 4228 3495 4298 quidem

1905 4325 1999 4381 Dei
2030 4326 2370 4396 providentia
2396 4325 2730 4391 ostenditur,
2762 4324 2817 4379 in
2864 4324 2976 4379 illis
3028 4330 3209 4377 autem
3254 4321 3377 4390 pios
3405 4334 3497 4373 as-

1903 4411 2131 4481 suescit,
2164 4427 2223 4472 ut
2251 4416 2413 4471 aliam
2443 4418 2607 4473 vitam
2633 4418 2987 4480 intueantur,
3038 4415 3093 4469 in
3140 4428 3248 4484 qua
3295 4414 3357 4466 tit
3396 4426 3495 4481 per

219 4498 319 4570 μὲν
344 4501 377 4569 ἡ
406 4498 630 4570 πρόνοια
660 4499 1020 4552 διαδείκνυται
1053 4498 1146 4552 τοῦ
1172 4498 1340 4563 Θεοῦ,
1370 4499 1427 4552 ὲν
1473 4500 1703 4564 ἐκείνοις
1741 4500 1796 4554 δὲ

1914 4511 2132 4581 gloriam
2162 4517 2216 4566 et
2245 4510 2600 4582 ignominiam
2624 4516 2898 4582 justorum
2930 4517 2981 4565 et
3009 4508 3339 4580 injustorum
3381 4506 3496 4561 dis-

214 4591 621 4662 παρασκευάζει
646 4590 773 4653 τούς
804 4590 1046 4654 εὐσεϐεῖς
1078 4590 1215 4662 πρὸς
1242 4590 1399 4644 ἀλλον
1427 4590 1540 4662 βίον
1568 4594 1799 4664 ἀφορᾷν,

214 4687 273 4737 ὲν
312 4678 357 4751 ᾦ
392 4685 598 4751 γίνεται
636 4682 776 4735 κατά
824 4680 979 4749 δόξαν
1012 4700 1073 4736 τε
1111 4684 1207 4737 καὶ
1235 4682 1446 4749 ἀδοξίαν
1488 4684 1710 4740 δικαίων
1743 4702 1802 4739 τε

186 4810 187 4813 η
213 4777 309 4831 καὶ
339 4776 537 4828 ἀδίκων
566 4778 598 4846 ἡ
632 4775 918 4847 διάκρισις.

297 4864 647 4917 ἘΡΩΤΗΣΙΣ
668 4864 840 4917 ΡΚΕ’.
872 4864 935 4917 Et
954 4863 1259 4918 ἀποδιδόναι
1277 4865 1446 4919 κακὸν
1468 4867 1589 4920 ἀντὶ
1605 4866 1797 4933 κακοῦ,

204 4958 235 5028 ἢ
268 4956 538 5029 λοιδορίαν
566 4956 686 5010 ἀντὶ
715 4955 979 5026 λοιδορίας
1007 4958 1035 5009 6
1065 4959 1361 5024 ἀπόστολος
1404 4959 1615 5024 Παῦλος
1658 4963 1801 5033 ἀπη-

206 5049 458 5120 γόρευσε,
484 5047 601 5111 πῶς
630 5047 793 5110 αὐτὸς
818 5040 892 5101 ὧν
922 5043 1077 5101 εἶπεν
1110 5051 1328 5105 ἐναντία
1372 5052 1577 5123 ἔπραξε
1602 5093 1617 5115 ,
1668 5056 1797 5108 ποτὲ

211 5140 308 5208 μὲν
338 5140 415 5211 τῷ
437 5142 701 5212 ἀρχιερεῖ,
737 5140 865 5193 ποτὲ
891 5140 947 5192 δὲ
989 5140 1321 5215 Ἀλεξάνδρῳ
1344 5144 1421 5215 τῷ
1448 5145 1639 5216 χαλκεῖ
1662 5149 1796 5218 ἀρα-

212 5230 443 5300 σάμενος
468 5255 484 5303 ;

295 5324 699 5378 ἈΙΙΟΚΡΙΣ1Σ.
747 5327 809 5380 Εἰ
864 5328 962 5397 μὲν
1008 5329 1339 5382 ἀντέτυπτεν
1378 5330 1408 5382 6
1452 5331 1662 5395 Παῦλος
1704 5332 1793 5386 τὸν

206 5417 561 5485 τυπτήσαντα
582 5418 743 5470 αὐτὸν
763 5420 1045 5493 ἀρχιερέα,
1076 5422 1107 5493 ἢ
1133 5424 1481 5478 ἀντεκάκωσε
1510 5398 1793 5479 τὸνκακὼ-

284 5589 333 5631 ⁸⁸
362 5589 521 5645 Rom.
548 5608 648 5659 χιι,
677 5593 764 5649 l7.

1908 4605 2138 4659 crimen.

1977 4868 2257 4938 QUIEST.
2294 4868 2504 4927 CXXV.
2545 4871 2602 4927 Si
2659 4871 2865 4925 malum
2917 4885 3017 4940 pro
3064 4868 3248 4931 malo,
3302 4865 3493 4921 convi-

1906 4965 2053 5019 cium
2106 4980 2206 5036 pro
2237 4966 2489 5019 convicio
2536 4963 2767 5019 reddere
2815 4960 3021 5015 Paulus
3068 4958 3352 5031 apostolus
3398 4974 3493 5013 ve-

1906 5057 2010 5110 tuit
2041 5057 2139 5110 “z,
2180 5056 2454 5126 quomodo
2504 5061 2696 5111 contra
2748 5042 2911 5126 quam
2971 5053 3090 5124 ipse
3142 5053 3359 5108 locutus
3407 5057 3493 5107 est

1905 5147 2057 5209 fecit,
2103 5164 2251 5204 nunc
2294 5148 2572 5220 pontifici,
2619 5164 2766 5203 nunc
2822 5144 3135 5204 Alexandro
3180 5146 3321 5201 mala
3366 5163 3493 5219 pre-

1903 5243 2099 5300 catus?

1974 5333 2171 5389 RESP.
2228 5334 2286 5389 Si
2330 5338 2755 5406 repercussisset
2799 5333 3002 5388 Paulus
3056 5332 3363 5401 pontiﬁcem
3395 5329 3489 5401 qui

1902 5444 2026 5483 eum
2054 5437 2439 5499 percusserat,
2480 5436 2574 5483 aut
2616 5429 2759 5483 mala
2816 5426 3145 5483 reddidisset
3176 5424 3491 5483 Alexandro

282 5789 358 5862 (4)
392 5790 500 5848 Τὸν
526 5792 751 5864 ἀγαθὸν
774 5791 1106 5862 ἄνθρωπον.
1154 5794 1284 5867 Leg.
1333 5794 1623 5869 τὸάγαθὸν
1658 5797 1750 5852 τοῦ
1787 5797 2098 5871 ἅνθρωποι).
