4146 6436
714 333 853 389 1375

1491 338 1848 394 APPENDIX.
1873 371 1942 381 —
1965 341 2146 397 PARS
2187 344 2223 401 Ι.
2267 344 2329 399 S.
2364 345 2628 403 JUSTINI
2664 345 2892 400 OPERA
2921 345 3194 402 SPUBiA.

3833 343 4004 400 1576

713 454 745 510 ιι
771 462 880 514 quo
913 447 1053 500 mala
1084 456 1404 518 acceperat,
1452 450 1635 508 dicere
1681 450 1869 508 liceret
1919 472 2042 509 eum
2094 457 2291 512 fecisse

2396 475 2561 512 σαντα
2593 462 2758 513 αὐτὸν
2798 459 3159 530 Ἀλέξανδρον,
3184 457 3310 528 ἐνῆν
3334 458 3628 525 λέγειν,δτι
3653 458 3720 511 τά
3752 458 4002 510 ἐναντία

710 545 904 594 contra
930 549 1092 608 quant
1141 539 1349 594 docuit.
1406 540 1512 596 Sed
1561 558 1624 597 ea
1680 545 1882 610 dicere,
1932 562 2052 616 quae
2091 548 2290 618 cuique

710 636 970 682 eventura
1004 640 1158 683 erant
1185 646 1215 683 a
1263 630 1393 692 Deo,
1425 634 1666 701 pontifici
1719 637 1937 706 quidem
1972 657 1985 692 :
2025 637 2289 692 Percutict

712 726 761 772 te
785 716 946 779 Deus,
972 721 1151 792 paries
1177 721 1418 777 dealbate
1439 725 1483 755 “
1502 764 1515 785 ,
1553 725 1865 781 Alexandro
1900 739 2101 789 autem,
2153 730 2290 784 Red-

709 813 804 861 dat
830 810 915 862 illi
937 809 1194 865 Dominus
1224 815 1280 867 in
1309 813 1393 868 die
1427 816 1522 870 illa
1542 815 1607 879 ⁸⁸,
1631 831 1730 872 nec
1761 819 1883 872 dira
1916 822 2156 888 precatio
2178 831 2284 885 est,

710 915 812 954 nec
853 902 1181 966 convicium,
1223 905 1318 958 sed
1362 905 1745 975 prmdictiones
1792 910 1997 964 homini
2027 913 2288 980 Apostolo

709 991 943 1058 decora,
982 993 1074 1062 qui
1106 994 1346 1064 seipsum
1379 1013 1490 1052 non
1520 999 1825 1065 ulciscitur,
1854 1001 1948 1056 sed
1981 1003 2161 1056 locum
2195 1005 2288 1057 dat

707 1080 823 1137 iraa.
855 1070 857 1072 ’

778 1197 1059 1264 QUEST.
1090 1201 1325 1262 CXXVI.
1354 1203 1410 1278 8i
1437 1205 1556 1275 pios
1582 1215 1966 1264 remuneratur
1988 1209 2130 1266 Deus
2165 1213 2288 1268 vitae

708 1287 873 1358 hujus
903 1294 1212 1363 splendore,
1246 1307 1302 1351 ut
1332 1297 1606 1351 Abraham
1637 1309 1691 1353 et
1722 1298 1886 1370 495
1920 1301 2071 1355 Isaac
2107 1309 2159 1357 et
2194 1303 2288 1357 Ja-

708 1382 833 1445 cob.
858 1393 912 1437 et
933 1399 1120 1440 eorum
1149 1393 1397 1457 posteros
1426 1390 1661 1455 divitiis,
1697 1407 1990 1462 numerosa
2031 1395 2184 1463 prole
2233 1403 2286 1450 et

708 1464 1227 1542 frugum'ubertatc,
1260 1481 1404 1535 unde
1437 1489 1492 1534 et
1511 1479 1721 1536 Graecis
1751 1482 1943 1536 eadem
1978 1485 2288 1553 praebeban-

709 1570 820 1628 tur,
883 1581 1008 1622 cum
1075 1571 1370 1638 simulacra
1432 1573 1632 1641 ubique
1695 1575 1981 1629 colerent?
2043 1576 2284 1642 Quomo-

707 1645 1008 1727 do_autein
1057 1659 1374 1716 Graecorum
1424 1663 1616 1734 religio
1666 1682 1774 1719 non
1822 1666 2066 1719 sanctior
2125 1683 2190 1722 ex
2219 1684 2284 1723 eo

705 1750 1058 1816 ostenditur,
1127 1753 1271 1821 quod
1338 1757 1583 1823 quandiu
1657 1756 1750 1810 illa
1813 1757 2065 1813 civitates
2135 1758 2279 1814 dcti-

705 1841 848 1903 nuit,
883 1843 1044 1898 urbes
1090 1853 1142 1898 et
1189 1845 1302 1915 agri
1352 1846 1407 1899 in
1439 1847 1720 1918 prosperis
1747 1837 1912 1904 rebus
1948 1859 2000 1904 et
2040 1853 2197 1920 copia
2226 1861 2278 1907 et

705 1931 950 1987 ubertate
991 1935 1392 1999 versabantur,
1433 1936 1600 2008 idque
1652 1953 1778 1992 cum
1823 1937 2028 1994 bellum
2080 1944 2279 2012 sapius

705 2025 1080 2092 sustinerent;
1113 2042 1180 2080 ex
1219 2043 1328 2096 quo
1347 2035 1539 2088 autem
1587 2030 1710 2093 illas
1737 2029 2048 2086 Christiana
2081 2034 2279 2101 praadi-

703 2116 850 2168 catio
869 2118 1180 2186 occupavit,
1209 2127 1263 2172 et
1281 2120 1613 2175 domibuset
1645 2123 1843 2177 incolis
1870 2112 1924 2177 et
1952 2122 2162 2199 reliqua
2195 2141 2280 2179 re—

703 2219 826 2278 rum
847 2208 1003 2277 copia
1028 2208 1302 2263 destitutae
1332 2211 1574 2275 fuerunt,
1609 2214 1807 2284 vixque
1839 2216 2104 2286 reliquias
2134 2226 2282 2272 stru-

700 2291 914 2352 ctorum
934 2301 1062 2354 olim
1095 2317 1124 2354 a
1165 2292 1368 2357 Gratiis
1405 2303 1763 2358 aedificiorum
1802 2308 2105 2364 retinentes
2148 2311 2277 2363 olim

697 2389 868 2442 urbes
924 2389 1090 2446 fuisse
1137 2406 1196 2445 se
1251 2392 1651 2456 demonstrant,
1703 2410 1813 2449 non
1867 2398 2030 2450 aliam
2076 2399 2280 2453 veteris

703 2483 1084 2551 prosperitatis
1115 2499 1179 2537 ac
1211 2485 1453 2539 recentis
1483 2486 1800 2543 solitudinis
1843 2497 2041 2557 praeter
2075 2499 2282 2546 utrum—

701 2591 808 2645 que
838 2575 1045 2629 cultum
1076 2592 1321 2640 causam,
1363 2577 1696 2635 afferentes?

769 2771 969 2828 RESP.
993 2774 1040 2829 A
1072 2774 1304 2849 Domino
1337 2777 1469 2844 Deo,
1500 2779 1589 2849 qui
1631 2779 1795 2834 solem
1849 2798 2004 2835 suum
2037 2785 2169 2837 oriri
2195 2785 2282 2851 fa-

698 2867 769 2918 cit
802 2882 959 2934 super
998 2864 1160 2920 bonos
1203 2877 1255 2924 α
1311 2871 1504 2934 malos,
1546 2888 1607 2924 ac
1640 2872 1776 2940 pluit
1807 2890 1966 2942 super
1989 2862 2182 2945 ἄωτοι
2230 2887 2280 2932 et

698 2958 922 3026 injustas
951 2959 1019 3022 "',
1057 2957 1306 3030 utrisque
1359 2964 1736 3031 suppeditatur
1764 2965 1818 3019 in
1851 2966 1954 3020 hac
1999 2968 2110 3022 vita
2163 2984 2282 3022 cor-

700 3064 899 3116 poueus
930 3051 1186 3119 splendor
1208 3054 1389 3121 (cuius
1415 3055 1557 3108 enim
1591 3059 1832 3126 potentia
1859 3060 2093 3114 mundus
2123 3075 2279 3114 crea-

2391 543 2464 600 ὧν
2503 549 2737 614 ἐδίδαξεν
2767 550 3020 619 ἔπραττε.
3055 549 3127 601 Τὸ
3157 547 3212 600 δὲ
3234 548 3412 615 λέγειν
3453 547 3518 599 τὰ
3565 547 3785 617 ἑκάστῳ
3840 547 4000 616 μέλ-

2391 643 2546 694 λοντα
2573 642 2945 711 συμϐήσεσθαι
2975 639 3236 712 παρά’τοῦ
3284 639 3440 706 Θεοῦ,
3469 639 3545 710 τῷ
3577 640 3676 710 μὲν
3693 642 3998 709 ἀρχιερεῖ,

2397 734 2644 785 Τύπτειν
2673 747 2744 784 σε
2765 726 2972 801 μέλλει
2999 736 3031 785 d
3065 733 3226 798 Θεὸς,
3255 731 3414 799 τοῖχε
3444 729 3864 798 κεκονιαμένε·
3907 732 4022 814 τῷ,

2389 824 2444 876 δὲ
2486 823 2814 894 Ἀλεξάνδρῳ
2841 823 2921 888 τὸ,
2963 822 3215 891 Ἀποδῴη
3240 822 3396 888 αὐτῷ
3422 824 3636 891 Κύριος
3664 823 3734 876 ἐν
3764 824 3995 892 ἐκείνῃ

2389 914 2462 982 τῇ
2500 915 2682 984 ἡμέρᾳ
2705 933 2717 945 ·
2757 916 2856 967 οὐκ
2897 915 3040 967 ἐστιν
3082 914 3204 968 οὐτε
3239 913 3471 984 κατάρα,
3510 912 3633 966 οὔτε
3688 914 3951 984 λοιδορία
3978 956 3994 977 ,

2389 1005 2523 1057 ἀλλὰ
2580 1007 2912 1076 προρρήσεις
2967 1006 3275 1076 πρέπουσαι
3332 987 3484 1076 ἀνδρὶ
3539 1006 3862 1076 ἀποστόλῳ,

2389 1096 2688 1148 ἐκδικοῦντι
2722 1096 2933 1158 ἑαυτὸν,
2962 1097 3095 1150 ἀλλά
3126 1097 3321 1150 διδόντι
3352 1097 3513 1154 τόπον
3541 1099 3604 1166 τῇ
3637 1097 3807 1166 ὀργῇ.

2471 1203 2816 1260 ἘΡΩΤΗΣΙΣ
2846 1209 3040 1276 PKCT'.
3087 1209 3148 1262 Ei
3191 1211 3317 1271 τοὺς
3348 1208 3590 1271 εὐσεϐεῖς
3620 1208 3927 1278 ἀμείϐεται
3965 1210 3997 1261 ό

2388 1298 2518 1361 Θεὸς
2563 1303 2628 1369 τῇ
2673 1299 2817 1352 ’κατά
2866 1300 3013 1352 τόνδε
3057 1300 3147 1353 τὸν
3198 1300 3308 1370 βίον
3347 1300 3711 1369 λαμπρότητι,
3765 1300 3850 1362 ὡς
3886 1301 3994 1352 τὸν

2401 1390 2648 1462 Ἀϐραὰμ
2671 1393 2761 1444 καὶ
2805 1393 2989 1445 Ἰσαὰκ
3020 1393 3110 1444 καὶ
3152 1390 3346 1445 Ἰακὼϐ
3377 1393 3470 1444 καὶ
3505 1391 3630 1453 τοὺς
3662 1393 3725 1465 ἐξ,
3763 1391 3989 1455 αὐτῶν,

2388 1482 2601 1552 πλούτῳ
2629 1483 2722 1535 καὶ
2747 1484 3000 1555 εὐπαιδίᾳ
3032 1485 3124 1538 καὶ
3146 1483 3372 1554 καρπῶν
3403 1482 3645 1554 εὐφορίᾳ,
3677 1482 3854 1536 πόθεν
3885 1485 3991 1535 καὶ

2385 1570 2454 1620 τὰ
2486 1569 2645 1638 ὅμοια
2673 1570 2990 1640 παρείχοντο
3021 1571 3297 1642 Ἕλλησιν,
3327 1572 3491 1640 ἡνίκα
3522 1571 3588 1624 τὰ
3615 1572 3818 1624 εἴδωλα
3840 1590 3989 1627 παν-

2383 1658 2548 1728 ταχοῦ
2585 1659 2945 1730 ἐθεράπευον;
2975 1660 3098 1723 Πῶς
3125 1661 3182 1714 δὲ
3209 1663 3237 1714 ὁ
3278 1659 3628 1731 Ἑλληνισμὸς
3656 1661 3718 1713 οὐ
3752 1659 3985 1713 δείκνυ-

2384 1737 2472 1802 ταί
2507 1751 2811 1821 όσιώτερος,
2844 1752 2925 1804 ὅτι
2959 1752 3062 1816 ἕως
3094 1753 3191 1822 μὲν
3221 1753 3426 1815 ἐκεῖνος
3465 1739 3682 1822 κατεῖχε
3727 1752 3834 1814 τὰς
3879 1753 3986 1805 πό-

2383 1842 2516 1904 λεις,
2550 1845 2726 1895 πᾶσαν
2760 1845 2811 1896 ai
2844 1843 3027 1905 πόλεις
3057 1844 3149 1897 καὶ
3180 1845 3226 1895 οἱ
3251 1843 3413 1914 ἀγροὶ
3434 1844 3736 1913 εὐπραγίαν
3757 1844 3858 1897 καὶ
3887 1845 3986 1897 εὐ-

2383 1932 2569 2004 θηνίαν
2618 1935 2938 2005 ἐκέκτηντο,
2984 1935 3078 1988 καὶ
3121 1934 3295 1988 ταῦτα
3341 1936 3658 2007 συχνότερον
3701 1935 3987 2005 πολεμού-

2386 2041 2568 2094 μεναι·
2626 2027 2715 2093 ἀφ’
2757 2007 2818 2078 οῦ
2865 2026 2919 2078 δὲ
2961 2025 3132 2089 αὐτὰς
3176 2026 3237 2078 τὸ
3266 2027 3647 2098 Χριστιανικὸν
3696 2029 3981 2083 κατέλαϐε

2382 2119 2661 2187 κήρυγμα,
2693 2119 2786 2171 καὶ
2812 2118 2996 2182 οἴκων,
3037 2120 3132 2173 καὶ
3163 2119 3479 2183 οἰκούντων,
3516 2120 3610 2172 καὶ
3641 2120 3742 2190 τῆς
3771 2120 3982 2190 λοιπῆς

2381 2208 2635 2280 εὐθηνίας
2666 2209 3001 2281 κατέστησαν
3031 2210 3247 2285 ἔρημοι,
3285 2211 3378 2264 καὶ
3421 2211 3572 2280 μόλις
3617 2211 3687 2264 τὰ
3736 2211 3978 2281 λείψανα

2380 2300 2489 2352 τῶν
2518 2301 2681 2354 πάλαι
2715 2302 2818 2354 ὑπὸ
2847 2302 2970 2354 τῶν
3012 2303 3274 2373 Ἑλλήνων
3320 2303 3701 2373 γεγενημένων
3731 2305 3982 2374 κτισμά-

2381 2406 2487 2443 των
2517 2392 2867 2462 κατέχουσαι,
2915 2394 2976 2446 τὸ
3017 2395 3148 2447 ποτὲ
3197 2395 3380 2458 πόλεις
3410 2394 3736 2464 γεγενῆσθαι
3766 2396 3982 2448 δεικνύ-

2381 2499 2520 2547 ουσι,
2558 2485 2655 2554 τῆς
2698 2483 2932 2548 παλαιᾶς
2974 2484 3226 2556 εὐθηνίας
3272 2487 3364 2550 καὶ
3414 2487 3514 2556 τῆς
3562 2485 3684 2548 νέας
3729 2487 3978 2557 ἐρημίας

2383 2574 2647 2645 ἑκατέρας
2695 2560 2803 2639 τάς
2837 2575 3133 2646 θρησκείας
3176 2576 3354 2640 αἰτίας
3397 2577 3719 2648 ἀμφοτέρων
3759 2579 3976 2648 προφέ-

2383 2681 2572 2737 ρουσαι
2599 2684 2612 2731 ;

2466 2781 2868 2834 ’AIIOKPIEIE.
2916 2780 3074 2852 Παρὰ
3106 2779 3198 2833 τοῦ
3247 2782 3515 2835 Δεσπότου
3539 2781 3695 2859 Θεοῦ,
3725 2783 3837 2836 τοῦ
3864 2783 3978 2837 τόν

2385 2872 2562 2937 ἣλιον
2588 2873 2776 2926 αὐτοῦ
2805 2873 3249 2938 ἀνατέλλοντος
3296 2874 3395 2927 ἐπὶ
3447 2876 3752 2942 πονηρούς
3778 2893 3845 2928 τε
3869 2879 3972 2929 καὶ

2380 2964 2642 3032 ἀγαθοὺς
2661 2965 2758 3018 καὶ
2780 2964 3115 3032 βρέχοντος
3141 2965 3237 3018 ἐπὶ
3269 2964 3540 3030 δικαίους
3566 2966 3663 3018 καὶ
3691 2965 3970 3032 ἀδίκους,

2382 3056 2714 3126 ἀμφοτέροις
2739 3060 3053 3126 χορηγεῖται
3092 3058 3124 3126 ἡ
3154 3057 3300 3110 κατὰ
3319 3056 3683 3128 τδνππαρόντα
3710 3060 3826 3128 βίον
3858 3077 3975 3114 σω-

697 3146 807 3202 tus,
839 3139 1004 3208 hujus
1036 3149 1090 3195 et
1133 3143 1477 3212 providentia
1505 3144 1891 3219 gubernatur),
1931 3151 2188 3203 nimirum
2223 3158 2280 3204 ut

2386 3148 2588 3218 ματικὴ
2612 3148 2950 3230 λαμπρότης.
2983 3143 3056 3202 Οὐ
3085 3151 3194 3220 γὰρ
3227 3153 3308 3220 ’τῇ
3334 3150 3613 3220 δυνάμειιό
3639 3153 3846 3222 κόσμος
3875 3170 3972 3221 γε-

692 3229 853 3297 justi,
883 3232 1014 3284 dum
1047 3232 1230 3286 vident
1264 3250 1322 3288 se
1346 3234 1740 3307 plura‘quidem
1780 3254 1877 3307 pro
1923 3241 2125 3310 pietate
2151 3257 2277 3311 per-

698 3321 833 3389 peti,
863 3323 1105 3391 aequales
1161 3334 1342 3379 autem
1413 3327 1594 3396 impiis
1650 3344 1773 3384 esse
1806 3332 1860 3384 in
1913 3332 2020 3394 his,
2063 3347 2185 3400 quae
2212 3334 2280 3388 ad

697 3412 840 3467 hanc
872 3415 1038 3468 vitam
1071 3424 1342 3483 spectant,
1389 3419 1616 3472 alteram
1643 3423 1830 3484 vitam,
1866 3423 1920 3479 in
1954 3439 2060 3492 qua
2097 3423 2154 3478 fit
2183 3426 2282 3478 ho-

696 3504 847 3557 noris
876 3513 929 3558 et
962 3520 1133 3574 paenae
1154 3507 1452 3571 distinctio,
1483 3519 1537 3564 et
1559 3511 1832 3579 justorum
1860 3530 1924 3568 ac
1951 3515 2280 3584 injustorum

695 3597 1044 3659 divisionem,
1077 3604 1135 3650 ut
1165 3597 1372 3654 dictum
1421 3609 1524 3668 est,
1569 3611 1908 3672 exspectent.
1957 3605 2151 3660 Adhuc
2181 3622 2283 3661 au-

694 3696 803 3753 tem
846 3686 1062 3758 vigente
1122 3687 1438 3744 Graecorum
1495 3678 1648 3746 cultu
1705 3695 1960 3751 interitus
1999 3698 2281 3755 exstitisse

698 3779 917 3833 urbium
949 3775 1003 3835 et
1024 3795 1281 3852 agrorum
1320 3791 1554 3839 testatur
1576 3786 1816 3842 solitudo
1843 3789 2190 3860 Assyriorum
2225 3800 2280 3846 et

692 3866 1116 3945 Babyloniorum
1177 3877 1510 3934 acNinives
1567 3888 1622 3934 et
1689 3883 1985 3937 multarum
2045 3887 2288 3939 aliarum

693 3969 957 4034 gentium.
987 3965 1248 4032 Quanam
1272 3976 1451 4026 autem
1478 3970 1693 4037 civitas,
1720 3975 1938 4044 vigente
1964 3975 2017 4028 in
2050 3977 2277 4032 urbibus

691 4064 749 4108 et
779 4058 831 4109 in
862 4058 1007 4127 agris
1031 4049 1344 4116 Christiana
1391 4065 1676 4134 religione,
1716 4066 1770 4121 in
1806 4069 2160 4126 solitudinem
2191 4087 2270 4134 te-

692 4146 852 4202 dacta
885 4149 1067 4215 fuerit,
1113 4155 1325 4208 ostendi
1356 4172 1465 4225 non
1525 4164 1724 4226 potest.
1765 4158 1837 4213 Ex
1898 4163 2275 4231 prosperitate

691 4245 876 4294 autem
911 4247 964 4294 et
995 4255 1180 4295 rerum
1211 4245 1366 4313 copia
1408 4253 1465 4299 et
1527 4245 1837 4317 frequentia
1865 4264 1928 4302 ac
1976 4239 2276 4308 salitudine

695 4331 915 4386 urbium
944 4339 998 4387 et
1034 4321 1290 4404 agrorum
1315 4338 1618 4392 existimari
1643 4355 1752 4394 non
1774 4349 1956 4410 potest
1987 4344 2272 4399 meliorum

691 4425 978 4486 sanctitas,
1005 4440 1129 4480 cum
1162 4426 1427 4484 Dominus
1456 4429 1599 4487 Deus
1630 4448 1718 4487 res
1765 4433 2034 4501 ejusmodi
2059 4434 2268 4490 ad-nti-

692 4515 900 4576 litatem
931 4518 1187 4574 omnibus
1236 4519 1553 4577 hominibus
1589 4525 1898 4594 suppeditet
1935 4535 1992 4581 et
2033 4527 2267 4585 auferat.

689 4604 1034 4673 Dijudicatur
1063 4619 1242 4665 autem
1275 4615 1560 4668 meliorum
1618 4617 1884 4672 sanctitas
1911 4634 1979 4672 ex
2008 4621 2269 4689 ιιι-ποιοῖο

691 4696 874 4762 factis,
911 4717 1031 4769 quae
1063 4701 1232 4757 libere
1255 4704 1323 4757 ab
1352 4706 1458 4759 illis
1490 4707 1749 4764 eduntur.
1786 4707 1959 4763 Porro
1999 4719 2059 4764 ut
2090 4709 2268 4765 homi-

689 4805 789 4844 nes
817 4789 1101 4847 dzemoniis
1131 4795 1184 4846 in
1215 4796 1548 4852 sacrificium
1571 4799 1894 4855 offerrentur
1918 4801 2267 4871 (Immotum:—

689 4888 834 4940 runt,
877 4882 1074 4952 inquit,
1110 4886 1250 4953 ﬁlios
1288 4905 1412 4942 suos
1453 4900 1514 4943 et.
1535 4890 1680 4958 ﬁlias
1714 4909 1838 4945 suas
1867 4892 2144 4948 daemoniis
2181 4895 2268 4967 ⁸⁸)

690 4977 745 5022 et
793 4972 960 5027 rebus
1012 4973 1272 5033 inanimis
1300 4979 1503 5049 dignus
1549 4980 1658 5037 Deo
1684 4983 2036 5040 exhiberetur
2061 4987 2268 5051 cultus,

688 5062 896 5120 Grecis
924 5067 1333 5126 dominantibus
1357 5069 1558 5126 factum
1584 5082 1692 5129 est.
1715 5076 1788 5128 At
1813 5077 2090 5146 prohibita
2121 5076 2271 5133 fuere

692 5155 930 5211 nefanda
977 5159 1252 5227 ejusmodi
1299 5161 1613 5220 Graecorum
1673 5182 1852 5231 sacra,
1878 5169 2085 5239 primas
2109 5169 2270 5224 Chri-

690 5247 887 5300 sti:mis
917 5251 1262 5318 tenentibus;
1298 5269 1367 5310 ex
1411 5255 1682 5324 ejusmodi
1712 5273 1841 5328 ergo
1874 5262 2039 5316 rebus
2064 5260 2272 5329 dijudi-

690 5339 864 5392 canda
910 5339 1352 5398 Christianorum
1401 5347 1688 5413 sanctitas,
1743 5350 1970 5406 minime
2023 5367 2155 5406 vero
2202 5369 2268 5407 ex

2381 3242 2628 3311 γένηται,
2655 3240 2845 3293 τούτου
2871 3240 2965 3298 καὶ
3018 3243 3084 3311 τῇ
3117 3241 3346 3312 προνοίᾳ
3390 3241 3687 3294 διοικεῖται’
3740 3243 3824 3296 ἵνα
3871 3241 3972 3297 οὖν

2382 3331 2605 3394 ἑαυτοὺς
2631 3327 2868 3402 ὁρῶντες
2897 3332 2947 3384 οἱ
2971 3332 3169 3386 δίκαιοι
3209 3331 3605 3395 πλεονάζοντας
3637 3333 3735 3402 μὲν
3764 3335 3823 3386 εν
3848 3336 3967 3397 τοῖς

2382 3423 2522 3494 ὑπὲρ
2547 3424 2647 3492 τῆς
2677 3424 2959 3487 εὐσεϐείας
2992 3425 3196 3488 πόνοις,
3214 3426 3588 3495 ίσαζομένους
3613 3425 3671 3478 δὲ
3698 3428 3813 3490 τοῖς
3836 3426 3970 3479 ἀσε-

2380 3513 2499 3566 ϐέσι
2532 3517 2643 3577 τοῖς
2669 3512 2962 3584 βιωτικοῖς,
3000 3515 3111 3586 βίον
3139 3517 3326 3588 ἕτερον
3352 3517 3827 3589 προσδοκήσαντες
3855 3519 3960 3589 (5),

2381 3607 2438 3657 ὲν
2465 3598 2509 3672 ᾧ
2534 3606 2742 3673 γίνεταί
2765 3625 2854 3671 τις
2877 3607 3111 3680 διαφορά
3160 3609 3323 3678 τιμῆς
3349 3625 3406 3661 τε
3434 3610 3530 3681 καὶ
3565 3611 3859 3680 τιμωρίας,
3887 3611 3964 3663 δι-

2380 3696 2547 3749 καίων
2573 3715 2632 3750 τε
2662 3700 2753 3752 καὶ
2777 3700 2978 3761 ἀδίκων
3001 3699 3100 3770 τὴν
3121 3699 3409 3770 διανομὴν,
3448 3700 3698 3772 καθάπερ
3717 3701 3959 3771 εἴρηται.

2381 3787 2500 3842 Ὅτι
2529 3789 2584 3842 δὲ
2614 3792 2941 3865 κρατοῦντος
2967 3791 3059 3844 τοῦ
3100 3792 3455 3862 Ἑλληνισμοῦ
3485 3793 3727 3870 ιγίνοντο
3743 3795 3800 3846 οἱ
3829 3796 3962 3861 ἀφα-

2378 3885 2559 3954 νισμοὶ
2591 3885 2800 3937 πόλεών
2822 3902 2880 3937 τε
2912 3886 3005 3939 καὶ
3036 3885 3243 3956 ἀγρῶν,
3270 3889 3538 3956 μαρτυρεῖ
3563 3888 3595 3955 ή
3622 3887 3828 3956 ἐρημία
3853 3887 3958 3939 τῶν

2378 3975 2733 4030 Βαϐυλωνίων
2754 3979 2846 4031 καὶ
2885 3979 3202 4048 ’Δσσυρίων,
3227 3979 3322 4033 καὶ
3347 3973 3452 4046 τῆς
3479 3978 3686 4040 Νινευτ,
3721 3979 3814 4031 καὶ
3839 3980 3956 4031 ἑτέ-

2381 4084 2487 4137 ρων
2519 4067 2727 4120 πολλῶν
2781 4068 2968 4121 ὲθνῶν.
3007 4068 3226 4122 Ποίαδὲ
3277 4067 3431 4131 πόλις
3477 4069 3586 4121 τῶν
3630 4069 3957 4138 ἀμφοτέρων

2376 4161 2584 4214 πόλεων
2640 4160 2967 4228 κρατοῦντος
3020 4159 3114 4212 τοῦ
3155 4158 3597 4230 ,Χριστιανισμοῦ

2375 4256 2474 4309 οὐκ
2498 4255 2612 4308 ἐστι
2665 4252 2855 4319 δεῖξαι.
2897 4253 3029 4306 Ἀπὸ
3055 4253 3112 4306 δὲ
3139 4251 3238 4322 τῆς
3261 4251 3516 4320 εὐθηνίας
3561 4267 3621 4303 τε
3654 4251 3748 4304 καί
3793 4253 3948 4320 εὐφο-

2377 4346 2518 4419 ρίας,
2547 4345 2809 4417 οἰκήσεών
2830 4362 2888 4398 τε
2916 4346 3008 4398 καὶ
3033 4344 3302 4416 ἐρημίας,
3319 4342 3528 4397 πόλεών
3552 4359 3610 4397 τε
3634 4345 3728 4397 καὶ
3751 4345 3953 4414 ἀγρῶν,

2374 4440 2474 4491 οὐκ
2501 4439 2674 4490 ἔνεστι
2689 4436 3070 4509 τεκμήρασθαι
3088 4436 3198 4489 τῶν
3224 4436 3549 4506 κρειττόνων
3565 4435 3664 4505 τὴν
3683 4436 3952 4505 ὁσιότητα,

2375 4528 2469 4581 τοῦ
2497 4530 2769 4583 Δεστυότου
2823 4526 2958 4582 Θεοῦ
2991 4527 3101 4581 τῶν
3125 4528 3382 4581 τοιούτων
3403 4559 3408 4570 ν
3433 4527 3574 4598 πρὸς
3596 4526 3953 4590 τὺλυσιτελὲς

2379 4622 2510 4673 πᾶσι
2534 4625 2645 4694 τοῖς
2672 4619 2979 4692 ἀνθρώποις
3005 4619 3105 4690 τὴν
3134 4619 3382 4690 παροχὴν
3412 4618 3711 4682 ποιοῦντος,
3739 4618 3834 4671 καὶ
3858 4618 3950 4688 τὴν

2377 4712 2684 4784 ἀφαίρεσιν.
2712 4713 2974 4788 Κρίνεται
2999 4706 3067 4765 δὲ’
3083 4710 3195 4764 τῶν
3232 4710 3556 4793 κρειττόνων
3581 4711 3627 4780 ’ἡ
3654 4710 3865 4778 dudm];
3891 4712 3949 4762 ἐκ

2375 4805 2484 4857 τῶν
2511 4807 2652 4857 κατά
2703 4805 3024 4876 προαίρεσιν
3071 4804 3164 4856 ὐπ’
3205 4803 3386 4856 αὐτῶν
3437 4802 3825 4875 πραττομένων
3853 4818 3945 4867 κα-

2377 4897 2505 4950 λῶν.
2538 4898 2609 4949 Τὸ
2633 4897 2692 4950 δὲ
2720 4895 3040 4969 ἀνθρώπους
3068 4896 3438 4966 προσαγαγεῖν
3466 4896 3578 4956 τοῖς
3603 4892 3854 4962 δαίμοσιν
3876 4893 3947 4955 εἰς

2377 4986 2566 5041 θυσίαν
2596 4985 2908 5056 (Ἕθυσαν,
2960 4986 3115 5056 φησὶ,
3145 4985 3288 5046 τοὺς
3310 4984 3481 5050 υιοὺς
3499 4982 3700 5036 αὐτῶν
3721 4985 3818 5037 καὶ
3851 4985 3946 5048 τὰς

2377 5079 2704 5147 θυγατέρας
2719 5077 2917 5132 αὐτῶν·
2946 5076 3070 5144 τοῖς
3087 5075 3467 5146 δαιμονίοις),
3484 5075 3580 5128 καὶ
3607 5074 3664 5126 τὸ
3689 5077 3801 5136 τοῖς
3829 5073 3947 5140 ἀψύ·

2377 5187 2493 5239 χοις
2519 5171 2616 5240 τὴν
2641 5170 2768 5241 Θεῷ
2793 5171 3110 5240 πρέπουσαν
3150 5167 3480 5241 προσφέρειν
3501 5165 3666 5238 τιμὴν
3697 5166 3802 5218 τῶν
3843 5166 3944 5217 Ἐλ-

2377 5261 2555 5330 λήνων
2613 5262 2955 5332 κρατούντων
3008 5261 3237 5329 ὲγίνετο.
3287 5261 3362 5314 Τὸ
3410 5259 3469 5312 δὲ
3515 5257 3816 5311 κωλύεσθαι
3855 5257 3945 5318 τὰς

2376 5353 2629 5417 τοιαύτας
2668 5353 2981 5425 Ἑλληνικὰς
3032 5352 3412 5424 ἀνοσιουργίας
3465 5351 3576 5405 τῶν
3618 5349 3942 5421 Χριστιανῶν

795 5492 920 5548 Λεῑ.
944 5508 1101 5560 xxm,
1130 5496 1183 5551 3.
1258 5498 1305 5528 “
1335 5498 1372 5552 ll
1406 5498 1547 5556 Tim.
1591 5517 1664 5567 tv,
1694 5503 1778 5557 Η.
1858 5505 1901 5535 ’τ
1926 5505 2117 5561 Matth.
2153 5524 2206 5570 v,
2238 5507 2297 5562 45

2405 5509 2450 5540 ⁸³
2489 5507 2616 5564 Psal
2644 5524 2730 5574 cv,
2756 5509 2844 5564 57.

759 5646 833 5728 (5)
869 5650 1426 5731 Προσδοκήσαντες.
1455 5655 1762 5727 chcudum
1811 5659 2226 5731 προσδοκῶνται
2265 5662 2297 5716 li

2381 5678 2407 5715 a
2446 5665 2731 5734 legendum
2768 5667 2983 5722 videtur
3003 5666 3112 5721 τῶν
3155 5665 3500 5737 ἀμφοτέρων,
3533 5662 3741 5717 πόλεών
3775 5679 3827 5714 τε
3861 5660 3945 5714 καὶ

689 5716 896 5787 ἀγρῶν,
916 5716 1268 5791 κρατοῦντος.
