4146 6456
254 445 391 502 157⁸1

953 439 1418 510 ΩΠᾹΞΒΤΙΟΝΕΒ
1447 439 1536 495 ΕΤ
1574 439 2094 499 RESPONSIONES
2121 444 2213 498 AD
2245 443 2736 502 ORTIIODOXOS.

3359 455 3498 512 1378

248 558 592 631 κρατούντων
618 559 841 626 ἐγίνετο.
873 559 992 629 Χρὴ
1025 553 1116 612 οῦν
1145 557 1254 610 ἀπὸ
1278 557 1385 609 τῶν
1416 556 1667 610 τοιούτων
1696 559 1811 626 Χρι·

1928 561 2287 628 prosperitate
2341 571 2393 616 et
2454 565 2757 632 trequentia
2830 568 3044 622 urbium
3112 579 3163 624 et
3222 587 3498 643 agrorum.

248 653 479 705 στιανῶν
505 650 789 721 γνωρίζειν
817 651 914 720 τὴν
942 651 1216 719 ὁσιότητα,
1240 649 1333 702 καὶ
1366 648 1438 717 μὴ
1469 648 1574 700 ἀπὸ
1602 649 1699 718 τῆς
1729 650 1822 699 εύ-ο

245 743 437 814 θηνίας
463 760 522 795 τε
551 745 642 796 καὶ
668 745 951 813 οἰκήσεως,
974 741 1177 794 πόλεών
1205 758 1261 792 τε
1283 741 1376 794 καὶ
1393 741 1595 811 ἀγρῶν.
1624 741 1822 794 Τοσοῦ-

245 851 340 887 τον
370 836 426 888 δὲ
458 835 738 898 πλεονάζει
768 837 795 886 6
820 833 1242 904 Χριστιανισμὸς
1275 833 1462 902 καιρὸν
1489 833 1697 895 τούτοις
1724 834 1820 902 (6),

243 925 372 978 ὅσον
400 927 724 996 κρατοῦντος
757 925 923 978 αὐτοῦ
969 924 1186 978 ἔλαττον
1215 925 1526 993 πολεμεῖται
1547 925 1574 976 6
1597 925 1820 995 κόσμος,

247 1009 325 1072 ὧν
355 1019 668 1087 ἐπολεμεῖτο
689 1020 1059 1089 κρατήσαντος
1087 1017 1179 1069 τοῦ
1217 1016 1590 1086 Ἑλληνισμοῦ.

333 1109 682 1162 ἘΡΩΤΗΣΙΣ
719 1110 887 1162 ΡΚΖ’.
933 1109 995 1162 Et
1047 1109 1108 1160 τὸ
1158 1108 1546 1179 ἀναιρούμενον
1597 1109 1700 1162 ὑπὸ
1730 1108 1820 1162 τοῦ

246 1201 595 1272 ἀναιροῦντος
625 1201 939 1264 ἀπόλλυται,
994 1201 1090 1253 καὶ
1133 1201 1192 1253 τὸ
1242 1201 1498 1272 ἀναιροῦν
1528 1201 1822 1272 φαυλότητι

245 1297 314 1348 τὰ
342 1296 442 1364 τῆς
499 1293 771 1356 ἀπωλείας
818 1293 1127 1365 ἐργάζεται’
1177 1296 1401 1346 πλεῖστα
1429 1293 1484 1346 δὲ
1521 1293 1742 1348 τοιαῦτα
1766 1296 1822 1347 ἐν

244 1390 359 1450 τοῖς
387 1387 649 1457 ἐμψύχοις
678 1387 893 1440 πάντων
916 1386 1021 1439 τῶν
1047 1385 1607 1456 ἀλόγων-εὑρίσκεται,
1641 1388 1733 1439 καὶ
1764 1389 1822 1439 ἐν

245 1485 427 1545 αὐτοῖς
455 1482 572 1533 ἔστι
615 1480 907 1534 θεάσασθαι
953 1480 1012 1531 οὐ
1044 1478 1202 1548 μόνον
1239 1480 1355 1531 κατ’
1387 1478 1624 1549 ἀλλήλων
1645 1519 1658 1540 ,
1689 1478 1822 1530 ἀλλά

243 1575 339 1626 καὶ
366 1575 484 1625 κατ’
503 1572 804 1643 ἀνθρώπων
836 1570 903 1622 τὰ
926 1571 1030 1640 τῆς
1058 1569 1352 1638 ἐπιϐουλῆς
1380 1570 1816 1638 ἐπεκτεινόμενα·

243 1666 360 1727 πῶς
393 1664 642 1734 ἀληθεύει
689 1664 716 1715 6
749 1663 943 1732 λέγων,
973 1663 1056 1716 ὅτι
1098 1666 1125 1716 6
1174 1663 1305 1726 Θεὸς
1358 1663 1533 1716 πάντα
1557 1664 1696 1718 καλά
1731 1666 1821 1718 καὶ

242 1756 362 1810 λίαν
392 1757 528 1810 καλά
567 1757 852 1826 ἐποίησεν;
907 1757 970 1809 Et
1024 1755 1080 1808 δὲ
1110 1755 1382 1825 ἀληθεύει,
1418 1757 1592 1826 ἀγαθὰ
1639 1758 1693 1811 δὲ
1728 1759 1821 1812 καὶ

1927 649 2105 705 Tanto
2133 662 2312 707 autem
2343 664 2565 723 praestat
2597 657 2684 710 his
2706 658 2871 711 etiam
2911 659 2965 712 in
2993 661 3158 716 rebus
3187 664 3501 724 Christiana

1925 743 2136 812 religio,
2169 753 2377 814 quanto
2397 748 2485 802 illa
2515 748 2729 816 vigente
2758 749 2940 802 minus
2965 751 3120 807 bellis
3146 755 3386 825 agitatur
3407 776 3500 814 or-

1926 833 2029 899 bis,
2060 851 2222 898 quam
2251 837 2464 908 vigente
2490 839 2800 894 Graecorum
2830 841 3002 896 cultu.

1995 1102 2273 1172 QUEST.
2306 1105 2568 1160 CXXVII.
2601 1106 2657 1161 Si
2718 1108 2769 1163 id
2813 1108 2942 1179 quid
2967 1109 3242 1167 occiditur
3267 1113 3336 1168 ab
3357 1122 3498 1170 occi—

1923 1194 2086 1251 dente
2109 1197 2375 1268 perditur,
2416 1208 2469 1254 et
2493 1200 2638 1270 quod
2672 1202 2874 1256 occidit
2903 1204 3170 1273 pravitate
3199 1207 3494 1275 perniciem

1924 1288 2109 1354 infert,
2135 1292 2367 1361 plurima
2417 1302 2596 1346 autem
2627 1293 2896 1362 ejusmodi
2941 1297 3194 1352 animatis
3238 1301 3496 1355 eveniunt

1925 1383 1993 1437 ab
2042 1384 2376 1439 animalibus
2440 1385 2670 1441 rationis
2714 1376 3079 1456 expertibus,‘
3111 1406 3233 1459 qua:
3281 1409 3496 1463 semper

1922 1476 2111 1532 videre
2135 1487 2218 1532 est
2244 1493 2352 1531 non
2381 1479 2558 1533 solum
2613 1479 2718 1534 sibi
2769 1481 3023 1543 invicem,
3089 1484 3182 1538 sed
3212 1487 3373 1538 etiam
3405 1487 3498 1539 ho-

1922 1569 2165 1624 minibus
2194 1570 2423 1625 insidias
2448 1580 2689 1626 struere:
2713 1572 2984 1641 quomodo
3008 1589 3134 1627 vera
3163 1577 3375 1632 locutus
3401 1579 3493 1647 qui

1923 1666 2063 1720 dixit
2098 1665 2266 1721 Deum
2326 1665 2523 1723 fecisse
2561 1668 2743 1721 omnia
2774 1669 2914 1722 bona
2960 1679 3012 1723 et
3045 1669 3199 1724 valde
3255 1672 3499 1726 bona“?

1923 1757 2080 1823 Quod
2102 1757 2322 1828 quidem
2351 1761 2395 1814 si
2425 1774 2614 1813 verum
2639 1767 2744 1823 est,
2775 1776 2838 1814 ac
2885 1761 3024 1815 bona
3053 1770 3105 1816 et
3134 1763 3272 1816 mala
3305 1765 3360 1818 in
3409 1780 3497 1818 re»

243 1850 423 1919 φαῦλα
465 1853 522 1902 ἐν
553 1852 618 1920 τῇ
649 1849 822 1901 κτίσει
853 1848 1180 1920 ὑπάρχουσι·
1220 1849 1335 1912 πῶς
1373 1850 1440 1902 τὰ
1491 1851 1588 1922 μὲν
1640 1852 1811 1919 ἀγαθά

1922 1849 2026 1905 bus
2066 1852 2267 1907 creatis
2296 1859 2627 1915 occurrunt,
2677 1852 2950 1920 quomodo
2998 1854 3139 1906 bona
3173 1853 3322 1916 boni,
3349 1855 3494 1908 mala

240 1940 470 2010 ἀγαθοῦ,
519 1941 588 1993 τά
641 1939 696 1994 δέ
729 1939 906 2009 φαῦλα
939 1939 1140 2008 φαύλου
1163 1939 1492 2012 δημιουργοῦ
1529 1943 1590 1996 σὺ
1623 1944 1817 2014 γνωρί-

242 2033 444 2099 ζονται,
492 2033 586 2086 καὶ
637 2032 730 2086 δύο
778 2031 1012 2086 ἐναντίαι
1070 2033 1235 2102 ἀρχαὶ
1288 2032 1427 2086 κατά
1483 2034 1818 2104 Μανιχαίους

237 2127 566 2190 δείκνυνται;
603 2126 667 2178 El
700 2125 756 2178 δὲ
785 2126 818 2194 ἡ
853 2123 1132 2194 ἀναίρεσις
1159 2123 1266 2176 τῶν
1300 2124 1698 2195 ἀναιρουμέηυν
1729 2127 1817 2179 ἐπ’

238 2219 428 2289 ἀγαθῷ
457 2237 562 2272 τινι
585 2219 815 2286 γίνεται,
842 2215 1020 2279 καθὼς
1048 2215 1206 2268 τοῦτο
1241 2217 1369 2286 παρ’
1394 2215 1554 2279 ἐνίοις
1594 2218 1817 2288 ὑπείλη-

240 2329 393 2373 πται,
426 2310 540 2373 ταῦς
566 2311 665 2362 οὐκ
684 2305 751 2380 ἦν
787 2307 1130 2378 ἀγαθώτερον
1160 2307 1221 2360 τὸ
1254 2309 1310 2359 ἐν
1341 2307 1481 2378 ἀρχῇ
1518 2311 1581 2361 ἐκ
1611 2289 1704 2361 τοῦ
1739 2312 1814 2380 μὴ

236 2404 388 2466 ϐντος
419 2406 497 2467 είς
521 2403 582 2455 τὸ
619 2402 757 2455 εἶναι
789 2400 965 2454 αὐτῶν
996 2401 1296 2470 κωλυθῆναι
1318 2401 1417 2470 τὴν
1448 2401 1707 2470 πάροδον;

322 2495 724 2549 ’ΔΠΟΚΡΙΣΙΣ
762 2494 818 2548 Ὀ
861 2495 925 2546 ἐκ
973 2493 1071 2562 τῆς
1108 2493 1461 2564 δημιουργίας
1503 2493 1609 2546 τῶν
1643 2493 1815 2564 ἐμψύ-⁹

239 2606 350 2657 χων
401 2585 632 2655 λογικῶν
676 2599 735 2638 τε
770 2586 861 2638 καὶ
920 2585 1128 2653 ἀλόγων
1158 2586 1285 2654 περὶ
1340 2583 1432 2638 τοῦ
1485 2585 1812 2656 δημιουργοῦ

235 2678 529 2732 ἀκόλουθον
590 2676 909 2746 ποιούμενος
940 2677 1038 2746 τὴν
1078 2676 1322 2746 ζήτησιν,
1361 2676 1500 2730 κατά
1530 2661 1626 2747 τὴν
1655 2677 1814 2746 φύσιν

237 2771 416 2822 αὐτῶν
438 2769 638 2838 ὀφείλει
671 2767 997 2830 ἀποϐλέπειν
1028 2768 1125 2838 τὴν
1159 2769 1298 2821 κατά
1323 2770 1412 2821 τὸν
1441 2770 1534 2822 τοῦ
1555 2770 1615 2840 δη
1625 2787 1822 2842 μιουρε

237 2861 336 2930 τοῦ
358 2863 480 2933 ὅρον
507 2861 741 2929 ἀγουσαν
768 2860 834 2912 τὰ
857 2859 1024 2929 θνητά
1055 2861 1232 2913 πάντα
1261 2861 1446 2932 ὥσπερ
1477 2864 1556 2924 είς
1579 2863 1820 2929 γένεσιν,

235 2953 410 3017 οὕτως
443 2957 535 3008 καὶ
563 2957 641 3016 είς
661 2953 864 3024 φθορὰν
893 2952 1031 3004 αύτά
1062 2954 1154 3005 καὶ
1176 2953 1466 3007 ἀπώλειαν.
1498 2955 1559 3007 Et
1587 2956 1641 3007 δὲ
1674 2955 1812 3008 κατὰ

237 3048 412 3101 ταῦτα
448 3049 543 3118 μὲν
574 3046 711 3111 ζώου
743 3047 885 3100 κατά
927 3048 1084 3114 λόγον
1117 3049 1215 3100 οὑκ
1261 3047 1375 3099 ἐστι
1421 3047 1670 3117 διαφορὰ,
1705 3048 1812 3098 τῶν

235 3141 293 3194 δὲ
325 3140 627 3210 ἀδιαφόρων
675 3134 755 3202 εἷς
788 3140 878 3192 καὶ
909 3142 937 3193 6
981 3139 1140 3203 αὑτός
1186 3138 1260 3209 (7)
1295 3142 1409 3192 ἐστι
1462 3140 1808 3212 δημιουργός

1923 1949 2103 1997 autem
2137 1943 2264 1995 mali
2294 1944 2507 2013 opiﬁcis
2537 1959 2647 1997 non
2701 1953 3093 2010 agnoscuntur,
3131 1958 3194 1998 ac
3224 1946 3332 2000 duo
3361 1963 3496 2001 con-

1919 2031 2086 2085 traria
2111 2032 2378 2103 principia
2405 2033 2704 2090 secundum
2732 2032 3060 2090 Manichaeos
3089 2037 3496 2092 ostenduntur?

1919 2123 2073 2190 Quod
2105 2126 2149 2180 si
2181 2127 2356 2181 caedes
2407 2142 2621 2190 eorum,
2649 2127 2740 2197 qui
2771 2126 3117 2192 oeciduntur,
3158 2128 3226 2183 ad
3249 2130 3491 2200 aliquam

1917 2219 2206 2272 utilitatem
2233 2221 2315 2283 ﬁt,
2347 2218 2511 2291 496
2534 2227 2591 2273 ut
2621 2219 2868 2273 nonnulli
2911 2221 3334 2290 existimarunt,
3363 2239 3496 2292 quo-

1916 2308 2079 2364 modo
2108 2325 2215 2364 non
2242 2310 2437 2364 melius
2464 2309 2585 2375 fuit,
2611 2320 2670 2364 ut
2721 2309 2789 2364 ab
2841 2310 2998 2365 initio
3025 2326 3213 2366 eorum
3241 2312 3495 2381 prohibev

1915 2411 2068 2457 retur
2094 2401 2334 2458 creatio?

1987 2491 2184 2548 RESP.
2253 2493 2354 2560 Qui
2426 2511 2494 2550 ex
2564 2497 2840 2552 creatione
2897 2499 3213 2553 animalium
3281 2501 3495 2556 ratione

1916 2588 2188 2641 utentium
2233 2599 2287 2642 et
2344 2588 2573 2643 rationis
2603 2592 2905 2658 expertium
2962 2599 3388 2644 consentaneam
3424 2592 3493 2646 de

1914 2675 2175 2732 Creatore
2197 2677 2432 2733 instituit
2487 2677 2920 2748 inquisitionem,
2955 2679 3003 2734 is
3041 2680 3203 2735 debet
3233 2691 3488 2739 naturam

1914 2786 2102 2826 eorum
2128 2771 2499 2835 considerare,
2533 2787 2653 2840 qua:
2680 2787 2743 2826 ex
2800 2761 2894 2824 Dei
2953 2771 3070 2842 lege
3095 2774 3345 2827 mortalia
3373 2790 3491 2829 om-

1914 2863 2026 2926 nia,
2062 2870 2120 2916 ut
2149 2862 2216 2917 ad
2250 2861 2441 2927 vitam,
2491 2862 2566 2916 ita
2594 2861 2661 2916 ad
2692 2864 3096 2934 corruptionem
3124 2872 3177 2918 et
3208 2866 3487 2921 interitum

1915 2957 2183 3028 perducit.
2214 2955 2369 3022 Quod
2427 2955 2471 3010 si
2529 2956 2585 3009 in
2642 2957 2728 3011 his
2781 2958 2992 3010 nullum
3023 2967 3106 3011 est
3135 2958 3384 3011 animalis
3418 2959 3490 3013 ob

1915 3051 2180 3104 rationem
2216 3048 2533 3112 discrimen,
2565 3056 2619 3103 et
2651 3063 2770 3118 quae
2798 3063 2908 3102 non
2953 3048 3208 3102 diﬁ‘erunt
3236 3045 3484 3104 eumdem

1915 3141 2116 3195 habent
2143 3139 2421 3210 opiﬁcem,
2450 3154 2609 3208 quem
2634 3155 2700 3193 ex
2731 3140 2935 3195 mutuis
2961 3140 3177 3196 insidiis
3205 3140 3488 3218 perferunt

236 3233 303 3303 ἣν
334 3234 387 3284 δὲ
416 3235 480 3285 ὲκ
511 3232 608 3300 τῆς
649 3231 890 3301 ἀλλήλων
947 3231 1236 3301 ἐπιϐουλῆς
1267 3232 1621 3302 ὑπομένουσιν
1657 3232 1808 3284 ἀπώ-

1913 3233 2216 3294 interitum,
2250 3231 2297 3286 is
2321 3240 2380 3284 ut
2408 3232 2490 3286 eis
2519 3232 2735 3286 eveniat
2759 3231 2943 3286 divina
2973 3231 3323 3289 Providentia
3363 3251 3488 3304 per-

235 3324 403 3385 λειαν,
441 3323 578 3375 κατά
612 3325 709 3394 τὴν
743 3323 889 3375 Θείαν
923 3324 1176 3393 πρόνοιαν
1217 3322 1628 3392 συγκεχώρηται
1665 3341 1804 3393 συμ-

235 3416 438 3468 ϐαίνειν
471 3417 670 3478 αὐτοῖς·
722 3416 768 3466 εί
832 3415 939 3486 γὰρ
1003 3415 1374 3484 ὑποκειμένων
1429 3413 1605 3467 αὐτῶν
1647 3418 1712 3484 τῇ
1747 3432 1804 3466 τε

235 3509 374 3560 κατα
413 3508 570 3575 φύσιν
633 3509 725 3561 καὶ
768 3511 832 3578 τῇ
899 3507 1038 3560 κατά
1092 3507 1378 3585 ἐπιϐουλὴν
1418 3506 1591 3577 φθορᾷ
1621 3524 1680 3558 τε
1716 3508 1807 3560 καὶ

234 3599 498 3669 ἀπωλείᾳ,
532 3600 626 3667 οὐκ
655 3599 1038 3671 παρῃτήσαντό
1098 3615 1239 3661 τινες
1287 3597 1601 3668 θεοποιῆσαι
1644 3599 1804 3663 αὐτὰ,

236 3690 386 3761 πόσῳ
423 3691 617 3760 μᾶλλον
652 3691 716 3744 ἂν
778 3691 1166 3753 ἐθεοποιοῦντο,
1229 3692 1277 3743 εί
1337 3689 1538 3761 βλάϐης
1596 3708 1654 3742 τε
1717 3693 1808 3744 καὶ

235 3783 509 3846 ἀπωλείας
558 3783 646 3836 διὰ
686 3783 884 3847 παντὸς
921 3785 1289 3854 μεμενήκασιν
1341 3784 1531 3846 ἐκτόςς
1567 3784 1681 3836 Ἵνα
1716 3781 1807 3836 οῦν

236 3877 327 3944 ἀφ’
348 3870 422 3930 ὧν
456 3878 780 3947 ὑπομένουσι
814 3877 1183 3947 γνωρισθῶσιν
1212 3875 1353 3946 ἅπερ
1385 3877 1508 3938 είσὶ,
1533 3876 1807 3929 τουτέστιν

235 3970 427 4034 ἀνάξια
460 3970 558 4039 τῆς
585 3970 678 4026 τοῦ
714 3971 847 4022 Θεοῦ
880 3969 1046 4040 τιμῆς
1090 3986 1146 4021 τε
1178 3968 1269 4021 καὶ
1304 3967 1690 4040 προσηγορίας,
1721 3967 1808 4021 διὰ

242 4061 390 4115 τοῦτο
419 4063 508 4113 καὶ
541 4061 696 4130 φύσει
754 4062 845 4114 καὶ
898 4060 1152 4130 ἐπιϐουλῇ
1191 4060 1262 4130 (8)
1306 4061 1408 4112 ὑπο
1442 4099 1454 4112 .
1495 4100 1507 4113 .
1543 4099 1557 4112 .
1596 4099 1611 4116 .
1649 4098 1664 4114 .
1697 4077 1804 4116 υσι.

235 4154 429 4221 Γέγονε
462 4153 515 4204 δὲ
544 4153 612 4205 τὰ
633 4153 800 4221 ἄλογα
832 4152 942 4216 ζῶα
971 4152 1038 4204 τά
1067 4152 1163 4222 μὲν
1185 4154 1276 4204 ἐπὶ
1295 4136 1577 4224 ὑπουργία
1603 4151 1810 4224 ἀνθρὼ-

235 4261 359 4305 που,
386 4245 452 4296 τὰ
485 4245 538 4297 δὲ
569 4247 647 4308 είς
698 4245 921 4314 τροφὴν,
965 4245 1033 4296 τά
1066 4245 1121 4296 δὲ
1178 4246 1256 4307 είς
1318 4244 1582 4306 παιδείαν,
1617 4245 1690 4307 ὡς
1725 4245 1805 4309 τὸ,

247 4338 517 4402 Ὁδόντας
563 4337 780 4404 θηρίων
831 4335 1220 4390 ἐπαποστελῶ
1277 4336 1368 4388 ἐπ’
1411 4336 1630 4402 αὐτοὺς
1659 4337 1809 4405 μετὰ

234 4430 422 4498 θυμοῦ
449 4430 756 4495 συρόντων
781 4429 878 4481 ἐπὶ
907 4426 1037 4498 γῆς.
1113 4429 1248 4481 Ἀλλ’
1283 4431 1330 4480 εί
1377 4428 1577 4497 ἀγαθόν
1608 4430 1719 4482 ἐστι
1748 4429 1808 4480 τὸ

239 4521 524 4594 τρέφεσθαι
557 4523 645 4573 τὸν
675 4521 956 4590 ἄνθρωπον
1000 4523 1062 4574 ἐκ
1094 4522 1199 4573 τῶν
1249 4521 1456 4589 ἀλόγων
1489 4522 1662 4586 ζώων,
1715 4524 1807 4575 καὶ

1910 3325 2169 3380 mittitur.
2207 3323 2342 3379 Nam
2377 3325 2445 3389 si,
2477 3324 2730 3395 quamvis
2787 3327 3125 3396 corruptioni
3155 3334 3208 3382 et
3242 3327 3487 3382 interitui

1910 3416 2210 3472 secundum
2269 3425 2522 3470 naturam
2571 3425 2624 3471 et
2675 3433 2740 3470 ex
2788 3418 3007 3473 insidiis
3062 3402 3297 3472 obnoxia
3351 3421 3486 3484 sint,

1911 3509 2132 3579 quidam
2169 3509 2278 3562 illis
2311 3509 2650 3563 divinitatem
2701 3509 2940 3563 tribuere
2968 3525 3077 3565 non
3134 3511 3483 3568 dubitarunt:

1908 3612 2116 3671 quanto
2146 3603 2319 3671 magis
2353 3601 2697 3664 tribuissent,
2753 3601 2798 3655 si
2847 3601 2915 3654 ab
2961 3604 3109 3655 omni
3159 3619 3373 3673 semper
3403 3606 3485 3658 in-

1909 3694 2198 3749 commodo
2225 3705 2278 3749 et
2312 3696 2535 3748 interitu
2595 3694 2763 3747 libera
2817 3693 3204 3750 exstitissent?
3234 3695 3402 3765 Igitur
3428 3707 3486 3750 ut

1909 3789 1978 3841 ab
2005 3788 2111 3849 his,
2138 3803 2258 3856 quae
2293 3788 2593 3856 patiuntur,
2626 3787 2804 3854 qualia
2832 3786 2943 3840 sint
2983 3797 3372 3855 agnoscantur,
3433 3790 3482 3842 id

1907 3884 1990 3932 est
2018 3876 2240 3946 indigna
2273 3875 2363 3930 Dei
2402 3876 2608 3930 honore
2659 3882 2712 3929 et
2747 3875 3134 3944 appellatione,
3190 3886 3482 3946 propterea

1908 3977 1961 4022 et
1991 3975 2186 4020 natura
2219 3973 2272 4020 et
2308 3964 2525 4020 insidiis
2555 3965 2657 4017 alia
2689 3964 2756 4017 ab
2791 3964 2913 4019 aliis
2949 3965 3227 4018 interitum
3263 3968 3484 4036 patiun-

1909 4067 2017 4113 tur.
2050 4057 2216 4110 Facta
2269 4063 2398 4111 sunt
2458 4064 2638 4108 autem
2695 4054 2951 4108 animalia
2983 4057 3211 4110 rationis
3239 4061 3482 4126 expertia

1908 4150 2104 4221 partim
2142 4149 2195 4202 in
2225 4146 2591 4202 ministerium
2642 4144 2904 4207 hominis,
2939 4149 3137 4216 partim
3193 4148 3245 4202 in
3276 4151 3480 4215 cibum,

1909 4243 2013 4298 alia
2045 4244 2100 4297 in
2130 4241 2503 4312 disciplinam,
2562 4247 2620 4292 ut
2649 4238 2780 4292 illud
2817 4254 2829 4289 :
2861 4237 3049 4293 Dentes
3083 4240 3366 4294 bestiarum
3391 4244 3485 4295 im-

1908 4340 2118 4390 mittunt
2147 4335 2199 4388 in
2226 4351 2312 4388 eos
2337 4349 2454 4386 cum
2477 4332 2653 4398 furore
2676 4330 2990 4384 trahentium
3019 4348 3172 4400 super
3196 4343 3390 4388 terram
3411 4335 3478 4390 ".

1909 4428 2013 4483 Sed
2049 4427 2095 4482 si
2122 4427 2325 4480 bonum
2366 4431 2447 4480 est
2491 4422 2723 4486 homini,
2761 4430 2819 4476 ut
2861 4423 2929 4476 ab
2959 4427 3286 4483 animalibus
3316 4430 3482 4484 ratio-

1907 4521 1992 4574 nis
2018 4517 2336 4588 expertibus
2372 4515 2647 4569 nutriatur
2678 4523 2731 4568 et
2785 4529 2974 4570 eorum
3022 4518 3328 4574 ministerio
3367 4529 3484 4576 uta-

235 4613 620 4685 ὕπουργεῖσθαι
655 4615 744 4665 ὑπ’
784 4613 985 4677 αὐτῶν,
1021 4614 1112 4665 καὶ
1135 4612 1480 4665 παιδεύεσθαι
1504 4613 1570 4664 δι’
1601 4613 1795 4678 αὐτῶν,

1913 4617 1995 4662 tur
2046 4618 2098 4661 et
2127 4607 2197 4661 ab
2225 4608 2305 4661 eis
2337 4605 2648 4668 erudiatur,
2685 4604 2861 4661 bonus
2891 4613 2974 4660 est
3009 4608 3252 4677 profecto
3290 4625 3478 4666 eorum

236 4705 406 4776 ἀγαθὴ
436 4705 542 4776 ἀρα
573 4708 605 4775 η
643 4706 719 4766 εἰς
750 4705 810 4756 τὸ
843 4701 979 4756 εἷναι
1019 4704 1196 4756 αὐτῶν
1242 4703 1491 4775 πάροδος,
1528 4705 1619 4756 καὶ
1653 4705 1800 4758 ἀδιά-

235 4798 423 4868 ϐλητος
457 4798 548 4850 ἐπὶ
581 4796 871 4865 φαυλότητι
928 4796 1139 4864 φύσεώς
1168 4813 1224 4848 τε
1273 4798 1364 4848 καὶ
1408 4797 1505 4866 τῆς
1536 4797 1593 4861 ἐξ
1624 4797 1798 4849 αὐτῶν

236 4891 438 4960 χρείας,
516 4889 578 4940 Εἰ
637 4888 690 4940 δὲ
733 4887 925 4950 τοῦτο,
978 4888 1132 4957 δῆλον
1188 4888 1266 4940 ὃτι
1309 4887 1424 4950 ἐνὸς
1474 4887 1801 4958 δημιουργοῦ

233 4981 435 5049 ἀγαθοῦ
471 4984 585 5034 ἐστι
621 4983 793 5034 πάντα
826 4981 892 5033 τά
915 4980 1080 5048 ἀλογα
1111 4979 1222 5044 ζῶα
1259 4980 1728 5052 δημιουργήματα.

313 5074 660 5125 ἘΡΩΤΗΣΙΣ
683 5074 859 5124 PKH’.
895 5071 1067 5142 Είτην
1091 5071 1471 5142 προλεχθεῖσαν
1499 5073 1802 5141 φαυλότητα

240 5163 410 5233 φθόνῳ
440 5163 539 5232 τῆς
571 5161 676 5215 τῶν
709 5161 1008 5234 ἀνθρώπων
1040 5162 1310 5233 σωτηρίας
1358 5164 1416 5216 ἐν
1447 5166 1557 5226 τοῖς
1591 5162 1801 5233 ἀνθρώ-

241 5274 353 5319 ποις
384 5258 411 5308 ὁ
443 5253 633 5326 ἐχθρὸς
667 5254 1080 5329 κατεργάζεται,
1141 5253 1527 5324 μηχανώμενος
1558 5255 1643 5308 διὰ
1675 5255 1797 5307 τού-

242 5363 340 5398 των
369 5348 488 5409 ταις
541 5347 854 5415 μελλούσαις
917 5347 1112 5410 αὐτοὺς
1156 5347 1474 5399 ὑποϐάλλειν
1525 5347 1794 5400 κολάσεσιο

295 5525 339 5564 ⁸³
360 5525 491 5578 Gen.
518 5535 555 5585 ι,
585 5524 670 5576 31.
742 5525 788 5554 ⁷⁸
818 5522 974 5577 Deut.
1049 5539 1225 5590 xxxii,
1253 5523 1345 5576 24.

307 5699 376 5770 (6)
429 5701 644 5767 Καιρὸν
694 5702 940 5766 τούτοις.
998 5699 1305 5767 Legendum
1356 5700 1446 5752 καί
1480 5701 1535 5751 ἐν
1568 5697 1793 5760 τούτοις.

235 5769 557 5892 StlI’Iburgius
620 5773 874 5840 proponit
926 5775 1134 5842 καιροῖς
1166 5771 1407 5834 τούτοις,
1467 5770 1547 5822 his
1599 5779 1796 5835 tempo-

235 5857 278 5892 τι
319 5858 396 5892 us.

235 5857 492 5981 "(mag
507 5912 601 5966 καὶ
635 5911 902 5977 αὑτός.Β.
931 5911 1235 5982 Stephanus
1253 5919 1304 5966 et
1325 5910 1537 5966 codices
1559 5927 1688 5966 mss.
1708 5907 1788 5973 οἶς

1902 4701 1957 4754 in
1987 4699 2152 4753 vitam
2176 4698 2476 4768 ingressus,
2509 4712 2684 4767 neque
2712 4697 3106 4768 vituperandus
3131 4699 3287 4768 quasi
3315 4716 3480 4771 prava

1903 4799 2049 4847 esset
2076 4806 2264 4844 eorum
2292 4798 2506 4855 natura,
2539 4804 2848 4860 pravusque
2870 4806 3024 4846 usus.
3059 4789 3163 4846 Sed
3189 4794 3233 4848 si
3266 4794 3337 4848 ita
3375 4804 3480 4860 est,

1904 4885 2074 4954 liquet
2108 4883 2273 4937 unius
2307 4882 2435 4936 boni
2457 4883 2669 4953 opiﬁcis
2710 4897 2873 4953 opera
2907 4899 3028 4938 esse
3059 4885 3243 4938 omnia
3273 4887 3483 4940 anima-

1903 4977 1976 5030 lia
2004 4975 2236 5030 rationis
2264 4975 2530 5044 expertia.

1977 5062 2257 5134 QUEST.
2313 5064 2594 5122 CXXVIII.
2657 5063 2714 5119 Si
2767 5066 3082 5136 praedictam
3132 5070 3477 5138 pravitatem.

1903 5160 2108 5215 invidia
2166 5160 2418 5213 humanae
2468 5160 2682 5220 salutis,
2729 5157 2995 5230 inimicus
3051 5159 3106 5212 in
3168 5160 3480 5216 hominibus

1900 5260 2182 5322 Operatur,
2218 5251 2312 5320 qui
2366 5251 2468 5304 bac
2503 5258 2622 5304 arte
2653 5249 3021 5314 machinatur,
3059 5261 3118 5304 ut
3145 5267 3240 5306 eos
3274 5251 3477 5307 futuris

1901 5345 2160 5415 subjiciat
2191 5344 2495 5414 suppliciis.
2551 5342 2780 5398 rationis
2811 5350 2993 5398 autem
3025 5339 3266 5413 expertia
3300 5359 3481 5414 neque

1901 5697 1993 5772 καὶ
2018 5695 2198 5772 αὑτός.
2257 5691 2426 5747 Recte
2454 5693 2763 5772 emendavit
2814 5693 3157 5772 Sylburgius.
3197 5699 3317 5754 Mox
3346 5717 3472 5772 par-

1896 5769 2064 5821 ticula
2095 5766 2172 5827 δέ,
2219 5775 2276 5817 ιιι
2299 5781 2439 5832 εαιρο
2473 5764 2629 5834 alias,
2657 5764 2955 5834 superﬂuit.

1976 5837 2054 5912 (8)_
2084 5836 2190 5912 Κᾳὶ
2224 5833 2532 5912 ἐπιϐουλῇ.
2572 5834 2721 5905 Legit
2753 5835 3196 5911 Sylburgiusﬁnb
3227 5841 3473 5912 ἀλλήλων

1897 5908 2099 5978 φθορὰν
2134 5907 2477 5977 ὑπομένουσι.
