4146 6426
722 421 745 475 Ι
756 421 862 477 379

1465 418 1919 475 APPENDIX.-—
1960 419 2140 475 PARS
2179 420 2221 476 l.
2265 420 2323 477 S.
2379 423 2644 481 JUSTINI
2684 423 2919 480 OPERA
2960 423 3233 483 SPUBIA.

3852 430 4011 486 1380

721 538 975 601 salutem,
1006 548 1180 603 neque
1207 532 1475 604 supplicia
1521 536 1577 588 in
1611 534 1797 590 futuro
1828 550 1945 589 avo
1974 544 2104 591 sunt
2144 536 2299 591 habi-

2401 538 2467 591 τὰ
2501 538 2671 607 ἄλογα
2701 539 2759 592 δὲ
2791 542 2929 612 μήτε
2962 543 3236 613 σωτηρίαν
3284 538 3421 612 μὴτε
3478 543 3750 615 τιμωρίαν
3781 547 3849 599 ἑν
3882 549 4006 611 τοῖς

719 637 866 691 tura,
898 642 962 682 ac
986 626 1194 682 idcirco
1235 626 1556 681 indomitam
1603 628 1804 683 habent
1830 627 2298 698 feritatem,quo—-

718 722 885 777 modo
911 736 1020 775 non
1063 721 1179 775 sola
1214 722 1482 790 pravitate
1511 729 1723 775 natura
1766 736 1935 791 prava
1982 722 2300 776 sectantur?

790 811 991 869 RESP.
1019 809 1103 867 0b
1132 826 1299 881 prave
1329 810 1475 865 facta
1502 813 1812 881 vituperare
1850 812 2076 867 rationis
2105 827 2300 882 exper-

718 907 855 960 tium
882 914 1132 966 naturas,
1184 920 1293 959 non
1345 912 1431 959 est
1476 904 1679 958 rationi
1710 912 2160 959 consentaneum.
2194 903 2297 957 Eo-

718 1013 843 1052 rum
896 999 1067 1061 enim,
1115 998 1211 1068 qui
1266 997 1480 1051 ratione
1538 1005 1788 1065 utuntur,
1848 1005 1997 1052 recte
2027 979 2187 1068 agere
2215 1007 2300 1051 est

719 1099 815 1144 aut
870 1105 1067 1159 prave,
1130 1104 1239 1143 non
1301 1088 1535 1143 rationis
1590 1088 2016 1159 expertium;et
2072 1089 2200 1157 quia
2229 1089 2299 1142 ob

721 1199 879 1238 usum
915 1176 1291 1252 supradictum
1328 1181 1474 1235 facta
1495 1188 1580 1236 est
1606 1181 1835 1236 rationis
1867 1181 2172 1251 expertium
2208 1196 2300 1234 na-

719 1285 875 1342 tura,
908 1276 1035 1330 inde
1080 1274 1435 1329 manifestum
1496 1281 1600 1340 est,
1630 1288 1754 1328 cum
1813 1274 1992 1329 bonus
2044 1274 2116 1328 sit
2145 1290 2296 1337 usus,

720 1367 919 1420 bonam
951 1380 1074 1421 esse
1105 1366 1268 1419 etiam
1302 1373 1576 1419 naturam.

790 1476 1074 1548 QUASST.
1106 1475 1344 1533 CXXIX.
1375 1474 1433 1531 Si
1460 1475 1692 1544 simplex
1718 1482 1824 1539 est,
1869 1474 2014 1545 quod
2062 1488 2159 1545 per
2192 1473 2299 1529 sei-

718 1590 879 1645 psum
913 1564 1018 1636 est,
1050 1573 1198 1627 velut
1247 1572 1303 1625 in
1353 1570 1665 1625 litterarum
1695 1567 1983 1623 elementis
2004 1567 2045 1631 l,
2076 1581 2292 1637 compo-

720 1667 886 1721 situm
917 1673 1099 1718 autem
1132 1662 1279 1734 quod
1306 1678 1432 1718 cum
1460 1664 1569 1717 alio
1602 1662 1959 1732 coniunctum
1990 1666 2094 1725 est,
2139 1660 2299 1730 quale

717 1768 803 1815 est
838 1760 905 1823 ΙΙ,
952 1772 1130 1827 neque
1176 1772 1244 1811 ex
1276 1772 1344 1811 eo
1387 1754 1534 1825 quod
1582 1765 1878 1822 utrumque
1926 1750 2171 1819 ejusdem
2227 1748 2298 1803 sit

718 1850 993 1913 essentia,
1021 1849 1281 1903 nimirum
1335 1847 1377 1911 Ι,
1415 1852 1471 1901 et
1491 1844 1638 1915 quod
1672 1861 1739 1899 ex
1789 1842 1969 1896 tribus
2010 1839 2029 1893 l
2072 1854 2297 1909 compo-

720 1945 887 1999 situm
914 1950 1019 2007 est,
1056 1942 1349 2011 impeditur
1394 1939 1691 2008 quominus
1736 1933 2101 2005 compositum
2138 1933 2206 1989 sit
2239 1931 2292 1986 id

717 2038 865 2109 quod
902 2052 967 2091 ex
999 2045 1236 2106 utroque
1274 2041 1526 2091 constat:
1574 2029 1849 2101 quomodo
1908 2027 2072 2090 Deus,
2106 2025 2199 2096 qui
2232 2040 2299 2079 ex

719 2132 933 2189 duabus
964 2128 1240 2200 personis,
1272 2142 1395 2198 qua
1442 2122 1947 2180 consubstantiales
1980 2119 2296 2189 intelligun-

720 2233 832 2289 tur,
861 2222 1023 2277 Patre
1050 2221 1308 2275 nimirum
1332 2228 1385 2273 et
1411 2215 1570 2279 Filio,
1589 2224 1642 2269 et
1670 2230 1736 2269 ex
1760 2228 1868 2267 una
1900 2225 2153 2281 persona,
2180 2223 2299 2278 qua

720 2317 898 2385 prima
925 2312 1107 2383 specie
1136 2309 1431 2381 singularis
1461 2306 1715 2362 essentia
1744 2303 2125 2373 suspicionem
2162 2316 2299 2371 pra-

724 2408 836 2468 bet,
865 2420 1060 2473 nempe
1119 2400 1329 2471 Spiritu
1381 2408 1594 2460 sancto,
1628 2396 2082 2467 compositionem
2113 2392 2299 2458 habet,

720 2497 1122 2566 incompositus
1148 2493 1382 2553 dicitur,
1437 2499 1600 2559 atque
1633 2504 1775 2543 unus
1800 2496 2024 2542 vocatur
2049 2493 2103 2538 et
2132 2483 2302 2537 incir-

720 2587 1114 2655 cumscriptus,
1144 2599 1267 2638 cum
1290 2582 1451 2654 497
1487 2588 1638 2634 tanta
1669 2580 1740 2633 sit
1777 2585 1831 2632 et
1861 2576 1988 2631 talis
2018 2575 2165 2629 illius
2202 2574 2291 2644 hy-

723 2686 1029 2750 postasum,
1052 2676 1167 2729 sive
1184 2687 1564 2743 personarum,
1592 2668 1877 2724 distinctio
1890 2677 2052 2737 atque
2069 2664 2303 2719 divisio?

794 2769 992 2824 RESP.
1018 2768 1061 2832 Ι,
1094 2776 1148 2823 et
1180 2768 1247 2830 Π,
1274 2765 1573 2822 secundum
1629 2762 1923 2818 essentiam
1960 2760 2029 2815 ab
2067 2759 2299 2814 invicem

723 2882 833 2920 non
854 2864 1137 2919 diﬂ'erunt.
1166 2859 1372 2914 Littera
1417 2858 1561 2913 enim
1612 2870 1643 2907 a
1674 2855 1873 2916 littera,
1921 2860 2189 2922 quatenus
2211 2849 2297 2902 lit-

720 2968 861 3023 tera,
885 2957 1020 3013 nihil
1044 2955 1243 3011 ditfert.
1270 2952 1459 3006 Diﬂcrt
1498 2946 1724 3004 auteml
1774 2963 1804 3001 a
1847 2946 1918 3010 Π,
1968 2952 2120 3000 certo
2164 2960 2301 3015 quo-

723 3051 848 3105 dam
878 3050 1011 3112 situ,
1038 3044 1340 3102 secundum
1375 3056 1537 3113 quem
1564 3038 1697 3094 illud
1725 3040 1815 3095 est
1837 3036 1878 3101 1,
1912 3037 2015 3092 hoc
2040 3037 2106 3092 Π.
2134 3036 2212 3090 Ac
2254 3036 2299 3087 Π

723 3144 966 3214 quidem,
998 3150 1269 3211 quatenus
1312 3137 1492 3191 littera
1528 3142 1634 3199 est,
1663 3148 1829 3188 unum
1855 3140 1939 3188 est
1973 3150 1987 3186 :
2030 3139 2300 3201 quatenus

721 3252 851 3291 vero
873 3235 941 3297 II,
971 3234 1105 3289 trias
1133 3238 1217 3287 est
1255 3237 1308 3285 et
1348 3226 1711 3298 compositum
1755 3232 1808 3279 et
1855 3224 2119 3295 genitum.
2164 3219 2298 3274 Nam

722 3344 821 3400 per
874 3336 1057 3399 partes
1088 3339 1145 3380 et
1186 3321 1446 3392 temporis
1484 3319 1770 3374 intervallo
1796 3319 1842 3370 [Ι
1874 3316 2075 3371 factum
2120 3321 2202 3369 est
2232 3314 2301 3367 ab
2328 3337 2369 3393 ρ

721 3437 812 3485 eo,
846 3421 939 3491 qui
991 3416 1125 3472 illud
1179 3414 1434 3470 conﬂavit
1478 3423 1534 3468 et
1567 3409 1715 3467 fecit.
1739 3409 1965 3481 Oportet
2006 3416 2211 3471 autem,
2245 3414 2302 3458 nt

722 3515 818 3585 qui
845 3530 912 3568 ex
942 3509 1181 3567 naturali
1210 3508 1388 3577 aliqua
1437 3504 1847 3576 comparatione
1889 3516 2014 3557 eum
2058 3498 2305 3554 conside-

723 3614 832 3669 rat,
858 3604 951 3675 qui
981 3617 1148 3673 supra
1171 3609 1424 3656 naturam
1452 3607 1557 3665 est,
1591 3612 1657 3651 ea
1708 3602 1918 3648 tantum
1957 3609 2021 3648 ex
2080 3606 2302 3661 compa-

723 3701 935 3752 ratione
957 3704 1161 3758 sumat,
1177 3709 1297 3765 qua
1320 3694 1398 3748 rei
1426 3708 1488 3747 ex
1520 3686 1928 3759 comparatione
1945 3683 2304 3740 considerata

722 3792 1081 3845 conveniunt.
1122 3786 1367 3857 Exempli
1393 3784 1567 3856 gratia
1599 3797 1767 3837 unum
1795 3788 1848 3835 et
1867 3788 1977 3834 tres
1998 3778 2184 3833 insunt
2213 3777 2303 3830 lit-

722 3898 851 3941 tera
866 3886 911 3937 Π
929 3884 1117 3949 etDeo,
1140 3880 1235 3937 sed
1273 3881 1465 3934 littera
1484 3877 1529 3933 Π
1548 3875 1727 3945 genite
1758 3882 1811 3929 et
1832 3872 2152 3943 composite,
2192 3870 2302 3927 Deo

723 3992 905 4035 autem
934 3980 1173 4049 ingenite
1212 3986 1265 4031 et
1300 3970 1683 4041 incomposite.
1715 3967 1847 4023 Nam
1892 3968 1985 4038 qui
2027 3966 2299 4021 neminem

723 4073 888 4127 habet
947 4086 977 4124 a
1013 4085 1121 4139 quo
1156 4068 1334 4122 factus
1357 4073 1410 4119 et
1442 4062 1780 4131 compositus
1808 4059 1991 4123 fuerit,
2026 4057 2300 4128 ingenitus

722 4174 777 4219 et
811 4162 1207 4233 incompositus
1255 4165 1358 4214 est.
1404 4157 1586 4222 Quare
1623 4154 1677 4207 in
1710 4151 1819 4207 Deo
1851 4151 2086 4205 dicimus
2142 4155 2303 4203 ater-

721 4274 849 4312 nam
907 4253 1380 4312 coexsistentiam,
1440 4263 1550 4303 non
1606 4254 1784 4300 autem
1840 4253 1895 4298 et
1948 4237 2298 4311 compositio-

721 4364 885 4416 nem;
921 4349 975 4402 in
1004 4347 1186 4400 littera
1227 4350 1410 4396 autem
1445 4342 1514 4402 Π,
1551 4335 2006 4415 compositionem
2052 4333 2123 4387 ob
2152 4330 2299 4385 illius

720 4457 819 4513 per
848 4448 1033 4511 partes
1060 4435 1487 4509 generationem.
1524 4430 1675 4485 Unus
1702 4431 1867 4500 igitur
1891 4424 2301 4489 Deus,Trinitas

721 4534 933 4588 unitate
962 4530 1235 4592 essentia,
1264 4528 1471 4596 absque
1508 4524 1657 4577 omni
1690 4523 1794 4577 bac
1822 4522 1879 4575 in
1936 4535 1993 4574 re
2033 4517 2300 4573 divisione

721 4634 776 4681 et
804 4624 1177 4680 distinctione.
1220 4617 1695 4688 Quemadmodum
1732 4630 1900 4669 unum
1927 4620 2011 4668 est
2038 4612 2217 4667 littera
2251 4612 2297 4664 Π

2405 634 2658 702 μέλλουσι
2689 635 3013 701 κολάξεσθαι
3034 636 3107 709 (9)
3140 635 3420 707 μέλλοντα,
3456 638 3549 690 καὶ
3569 637 3656 691 διὰ
3672 638 3844 691 τοῦτο
3866 640 4007 692 ἀπσ-

2400 724 2632 798 λέμητον
2664 726 2857 798 ἔχοντά
2891 768 2905 781 .
2947 769 2958 779 .
2994 770 3009 784 .
3045 730 3162 793 πῶς
3187 730 3249 783 οὐ
3283 729 3417 804 μόνῃ
3445 730 3742 802 φαυλότητι
3765 732 4005 800 φύσεως

2398 817 2465 871 τὰ
2490 819 2665 887 φαῦλα
2689 821 3070 891 μετέρχονταις

2486 912 2887 966 ’ΔΠΟΚΡ1Σ1Σ.
2933 913 3005 965 Τὸ
3036 913 3129 966 ἐπὶ
3162 913 3450 983 φαυλότητι
3486 914 3737 987 πράξεως
3764 918 4004 972 διαϐάλ-

2398 1000 2510 1055 λειν
2542 1002 2649 1055 τῶν
2678 1002 2889 1079 ἀλόγων
2919 1004 3018 1068 τὰς
3052 1005 3241 1074 φύσεις
3270 1007 3374 1060 οὑκ
3403 1006 3549 1061 ἔστιν
3580 1008 3824 1080 εὔλογον.
3860 992 4002 1066 ’Τῶν

2398 1094 2508 1165 γάρ
2554 1094 2714 1163 λόγου
2767 1098 3099 1168 μετεχόντων
3134 1100 3250 1151 ἐστ)⁵
3305 1100 3366 1153 τδ
3418 1102 3636 1169 ἀγαθῶς
3679 1104 3713 1174 ἢ
3760 1104 4002 1174 φαύλως

2399 1190 2821 1264 διαπράξασθαι,
2853 1194 2975 1265 οὐχὶ
3001 1194 3111 1248 τῶν
3142 1194 3301 1263 λόγου
3334 1196 3636 1268 άμετόχων’
3668 1200 3766 1253 καὶ
3792 1200 3997 1270 ὲτπιδὴ

2400 1281 2487 1335 διὰ
2508 1284 2606 1354 τὴν
2664 1284 3049 1355 προλεχθείσαν
3089 1288 3275 1360 χρείαν
3308 1288 3498 1355 γέγονε
3544 1289 3652 1342 τῶν
3685 1290 3911 1359 ἀλόγων
3962 1293 3996 1361 ἡ

2401 1374 2580 1444 φύσις,
2598 1375 2686 1429 διά
2716 1376 2876 1430 τοῦτο
2895 1378 3051 1450 δῆλον
3075 1379 3177 1444 ὅτι,
3214 1380 3423 1452 ἀγαθῆς
3442 1380 3607 1453 οὔσης
3633 1383 3734 1454 τῆς
3767 1384 3994 1455 χρείας,

2398 1466 2597 1536 ἀγαθόν
2630 1471 2744 1522 ἐστι
2778 1471 2873 1523 καὶ
2901 1472 2934 1541 ἡ
2968 1470 3146 1540 φύσις.

2483 1562 2832 1615 ἘΡΩΤΗΣΙΣ
2864 1564 3035 1617 ΡΚΘ’.
3074 1565 3135 1618 Εἰ
3172 1564 3373 1618 ἁπλοῦν
3410 1565 3507 1637 μὲν
3538 1565 3600 1620 τὸ
3633 1566 3755 1621 καθ’
3793 1567 3989 1632 ἑαυτὸ,

2396 1651 2473 1715 ὡς
2504 1653 2597 1705 ἐπὶ
2627 1653 2734 1707 τῶν
2767 1654 2909 1708 κατὰ
2936 1655 3007 1709 τὰ
3034 1657 3333 1730 γράμματα
3354 1658 3651 1729 στοιχείων,
3674 1653 3789 1711 οἷον
3826 1660 3991 1723 ἰῶτα,

2401 1743 2655 1799 σύνθετον
2687 1745 2753 1799 δὲ’
2774 1745 2839 1800 et
2874 1748 2992 1817 μεθ’
3027 1750 3235 1820 ἑτέρου,
3268 1744 3379 1804 οἷον
3402 1752 3483 1815 πί,
3522 1750 3719 1823 καὶτῷ
3750 1753 3853 1822 τῆς
3886 1754 3994 1805 αύ-

2398 1835 2497 1905 τῆς
2525 1832 2663 1890 εἶναι
2725 1838 2915 1903 οὐσίας
2956 1840 3265 1913 ἀμφότερα,
3308 1841 3370 1895 τό
3400 1859 3460 1895 τε
3519 1843 3649 1896 ίῶτα
3700 1844 3890 1898 καὶτὸ
3925 1848 3993 1898 ὲκ

2398 1927 2565 2002 τριῶν
2597 1929 2730 1982 ἰῶτα
2775 1932 3130 2003 συγκείμενον
3158 1936 3257 1987 οὐκ
3284 1936 3594 2006 ἀφαιρεῖται
3621 1936 3683 1988 τὸ
3709 1938 3769 2003 ἐξ
3802 1939 3992 2008 ἀμφο-

2399 2021 2560 2093 τέρου
2586 2024 2943 2095 συγκειμένου
3004 2025 3274 2081 σύνθετονο
3317 2028 3432 2091 πῶς
3466 2030 3495 2081 ό
3526 2028 3658 2092 Θεὸς
3685 2029 3991 2092 ἀσύνθετος

2401 2112 2635 2181 λέγεται,
2654 2114 2751 2186 τὴν
2784 2120 2848 2170 ὲκ
2876 2116 2967 2170 δύο
2986 2119 3291 2190 προσώπων
3322 2121 3620 2191 ὁμοουσίων
3653 2121 3990 2192 νοουμένων,

2403 2207 2615 2278 Πατρὸς
2647 2208 2791 2277 λέγω
2823 2212 2918 2263 καὶ
2948 2211 3100 2277 Υἱοῢ,
3132 2214 3225 2266 καὶ
3264 2213 3381 2278 ἑνὸς
3409 2212 3701 2287 προσώπου
3746 2214 3991 2279 ἰδιαζούο

2404 2315 2503 2369 σης
2533 2299 2722 2363 οὐσίας
2754 2304 2819 2355 ὲκ
2850 2302 2945 2355 τοῦ
2996 2304 3289 2376 προχείρου
3320 2306 3571 2360 ὑπόνοιαν
3600 2306 3861 2371 διδόντος,
3885 2307 3990 2360 τοῦ

2403 2392 2722 2463 Πνεύματός
2754 2410 2896 2466 φημι
2926 2395 3020 2449 τοῦ
3070 2398 3248 2464 ἁγίου,
3279 2399 3378 2470 τὴν
3413 2398 3659 2454 σύνθεσιν
3690 2400 3854 2471 ἔχων,
3892 2404 3991 2455 καὶ

2402 2479 2483 2549 εἷς
2515 2486 2757 2540 καλεῖται
2786 2489 2879 2542 καὶ
2902 2488 3331 2563 ἀπερίγραπτος,
3368 2491 3635 2563 τοσαύτης
3664 2495 3760 2546 καὶ
3793 2494 3988 2547 τοιαύ-

2401 2593 2500 2647 της
2530 2576 2695 2648 οὔσης
2725 2579 2825 2650 τῆς
2883 2580 2993 2634 τῶν
3026 2581 3375 2635 ύποστάσεων
3424 2584 3610 2649 αὑτοῦ,
3662 2586 3845 2639 εῖτουν
3874 2586 3991 2639 τῶν

2403 2670 2727 2740 προσώπων,
2761 2671 3085 2744 διακρίσεως
3117 2677 3210 2728 καὶ
3240 2674 3586 2748 διαιρέσεωςς

2485 2942 2887 2996 ἈΠΟΚΡΙΣῙΣ.
2923 2943 2996 2997 Τὸ
3032 2944 3163 2998 ίῶτα
3196 2945 3288 2999 καὶ
3310 2948 3373 3000 πῖ
3394 2946 3512 3000 κατ’
3529 2947 3716 3001 οὐσίαν
3734 2949 3991 3021 ἀλλήλων

2402 3033 2554 3087 οὐδὲν
2601 3035 2936 3107 διαφέρουσι.
2984 3038 3223 3111 Γραμμὴ
3258 3041 3365 3112 γὰρ
3413 3040 3648 3111 ὑπάρχει
3694 3043 3985 3114 ἑκάτερον.

2402 3127 2639 3199 Γραμμὴ
2691 3127 2749 3181 δὲ
2805 3126 3164 3205 γραμμῆςνῇ
3214 3132 3472 3203 γραμμὴν
3509 3134 3661 3188 οὐδὲν
3710 3134 3986 3207 διαφέρει-

2402 3220 2658 3293 Διαφέρει
2685 3220 2741 3274 δὲ
2776 3220 2839 3273 τὸ
2874 3222 3005 3275 ἰῶτα
3054 3222 3149 3276 τοῦ
3184 3226 3246 3276 πῖ
3274 3226 3337 3295 τῇ
3366 3224 3541 3296 τοιᾷδε
3561 3225 3731 3290 θέσει,
3767 3228 3893 3281 καθ’
3918 3230 3989 3300 ἢν

2401 3310 2559 3363 τοῦτο
2605 3312 2702 3383 μὲν
2738 3312 2901 3378 ίῶτα,
2934 3312 3093 3367 τοῦτο
3140 3315 3197 3369 δὲ
3230 3318 3292 3368 πῖ
3331 3316 3593 3387 ὑπάρχειο
3629 3319 3725 3372 καὶ
3778 3320 3843 3373 τὸ
3888 3322 3991 3393 μὲν

2404 3407 2486 3467 πῖ,
2612 3407 2843 3477 γραμμή
2892 3410 3059 3473 ἐστιν,
3094 3408 3152 3460 ἓν
3185 3410 3353 3472 ἐστιν,
3457 3409 3516 3462 δὲ
3548 3426 3620 3463 πυ
3648 3411 3792 3476 ἐστι,
3827 3415 3989 3484 τριάς

2404 3498 2543 3562 ἐστι,
2596 3497 2689 3551 καὶ
2738 3499 2989 3553 σύνθετον
3036 3500 3129 3554 καὶ
3173 3503 3418 3573 γενητόν.
3467 3502 3625 3556 Κατά
3662 3504 3831 3576 μέρος
3875 3507 3987 3579 γὰρ

2405 3591 2497 3643 καὶ
2529 3594 2751 3663 χρονικῇ
2786 3594 3127 3664 παρατάσει,
3162 3593 3225 3647 τὸ
3250 3591 3387 3648 εἶναι
3420 3597 3483 3647 πῖ
3503 3595 3715 3667 ὑπέστη
3751 3598 3858 3651 ὑπὸ
3888 3600 3986 3653 τοῦ

2406 3681 2845 3753 συμϐεϐληκότος
2888 3684 2978 3738 καί
3014 3686 3373 3758 πεποιηκότος
3414 3686 3563 3739 αὑτό.
3600 3686 3722 3758 Χρὴ
3756 3684 3853 3743 οὖν
3892 3692 3988 3745 τὸν

2404 3777 2545 3829 κατά
2576 3793 2698 3830 τινα
2729 3778 2962 3851 φυσικὴν
2994 3779 3283 3848 ἀναλογίαν
3318 3782 3541 3853 θεωρεῖν
3574 3782 3686 3855 (10)
3716 3781 3810 3836 τὸν
3844 3782 3986 3857 ὑπὲρ

2404 3867 2565 3937 φύσιν
2586 3869 2745 3936 ὄντα,
2779 3874 2961 3926 ἐκεῖνα
2996 3874 3133 3944 μόνα
3158 3874 3341 3927 λαϐεῖν
3375 3878 3438 3929 ὲκ
3468 3877 3566 3945 τῆς
3598 3876 3893 3945 ἀναλογίας
3916 3878 3987 3930 τά

2402 3961 2741 4033 ἁρμόττοντα
2771 3964 2849 4035 τῷ
2878 3966 2979 4036 τῆς
3025 3966 3313 4035 ἀναλογίας
3355 3967 3739 4041 θεωρουμένῳ·
3777 3967 3887 4022 οἷον
3923 3969 3984 4021 τὸ

2403 4053 2461 4105 ἓν
2487 4057 2580 4109 καὶ
2608 4057 2670 4110 τὸ
2699 4060 2849 4129 τρεῖς
2874 4059 3131 4132 πρόσεστι
3158 4060 3235 4131 τῷ
3260 4064 3322 4114 πῖ
3351 4061 3443 4115 καὶ
3470 4060 3549 4131 τῷ
3568 4060 3716 4129 Θεῷ’
3754 4059 3983 4130 ἀλλάτῷ

2406 4147 2504 4218 μὲν
2538 4152 2602 4202 πί
2631 4151 2876 4223 γενητῶς
2912 4153 3005 4206 καὶ
3044 4154 3335 4219 συνθέτως,
3363 4152 3442 4224 τῷ
3462 4154 3518 4207 δὲ
3551 4153 3672 4224 Θεῷ
3701 4154 3980 4225 ἀγενήτως

2400 4257 2461 4292 τε
2495 4241 2586 4294 καὶ
2630 4243 2959 4309 άσυνθέτως.
3007 4247 3063 4301 Ὁ
3092 4246 3201 4318 γὰρ
3242 4248 3316 4318 μὴ
3348 4246 3486 4317 ἔχων
3514 4247 3609 4299 τὸν
3642 4248 3981 4318 πεποιηκότα

2404 4333 2495 4386 καὶ
2530 4336 2909 4391 συντεθεικότα
2950 4338 3073 4392 οὕτε
3115 4341 3341 4412 γενητός
3374 4342 3520 4395 ἐστιν
3546 4338 3673 4393 οὔτε
3708 4339 3976 4404 σύνθετος.

2402 4426 2493 4479 Διὸ
2525 4429 2619 4481 ἐπὶ
2644 4430 2741 4500 μὲν
2762 4428 2857 4485 τοῦ
2876 4431 3013 4485 Θεοῦ
3035 4432 3135 4502 τὴν
3168 4432 3336 4486 ἀΐδιον
3356 4432 3590 4504 λέγομεν
3623 4433 3975 4505 συνύπαρξιν,

2402 4519 2585 4572 οὐκέτι
2613 4520 2670 4573 δὲ
2703 4523 2796 4576 καὶ
2836 4522 3106 4589 σύνθεσιν,
3144 4525 3235 4579 ἐπὶ
3264 4525 3321 4579 δὲ
3352 4524 3447 4578 τοῦ
3501 4528 3566 4577 πῖ
3594 4525 3696 4597 τὴν
3735 4524 3976 4579 σύνθεσιν

2402 4612 2489 4666 διὰ
2520 4614 2618 4686 τὴν
2650 4616 2791 4670 κατὰ
2827 4619 2989 4690 μέρος
3029 4618 3193 4671 αὑτοῦ
3224 4618 3452 4687 γένεσιν.
3490 4612 3586 4683 Εἷς
3620 4617 3805 4671 τοίνυν
3837 4620 3975 4672 ἐστὶν

722 4720 935 4771 unitate
976 4717 1174 4771 littera
1216 4718 1428 4783 absque
1472 4712 1580 4764 ulla
1631 4710 1733 4763 hac
1760 4708 1815 4761 in
1855 4723 1916 4761 re
1952 4705 2219 4760 divisione
2243 4712 2298 4757 et

2401 4707 2427 4757 ὁ
2457 4678 2607 4771 Θεὸς,
2642 4709 2676 4779 ή
2710 4678 2983 4781 ’Τριάς-τῇ⁷
3012 4710 3199 4781 μονάδι
3236 4678 3337 4780 τῆς
3381 4678 3580 4773 οὐσίας⁷
3596 4710 3768 4781 χωρὶς
3806 4710 3977 4779 πάσης

723 4811 1095 4864 distinctione.
1128 4805 1442 4862 Dill‘crentia
1467 4812 1646 4857 autem
1664 4808 1749 4856 est
1775 4802 1830 4853 in
1858 4806 2047 4853 sancta
2076 4796 2297 4866 quidem

720 4901 990 4955 Trinitate
1006 4899 1303 4954 secundum
1340 4898 1530 4951 modos
1557 4893 1889 4951 exsistentia
1908 4892 2295 4962 hypostasum;

723 4994 778 5047 in
806 4993 987 5047 littera
1012 4998 1190 5045 autem
1224 4992 1292 5053 Π,
1325 4991 1627 5044 secundum
1653 4994 1861 5041 certum
1887 4986 2078 5038 littera
2108 4983 2294 5036 situm.

2401 4799 2540 4853 κατὰ
2570 4800 2730 4855 τοῦτο
2761 4802 3076 4875 διαιρέσεως
3106 4803 3198 4856 καὶ
3231 4802 3573 4874 διακρίσεως,
3607 4802 3801 4874 ῶσπερ
3825 4802 3881 4856 ἓν
3920 4804 3976 4856 τὸ

2400 4896 2464 4945 πῖ
2493 4896 2558 4965 τῇ
2617 4895 2801 4965 μονάδι
2841 4896 2944 4966 τῆς
2976 4898 3237 4969 γραμμῆς
3282 4896 3450 4967 χωρὶς
3500 4897 3683 4966 πάσης
3713 4897 3819 4966 τῆς
3846 4899 3973 4951 κατὰ

2399 4986 2560 5040 τοῦτο
2591 4986 2911 5062 διαιρέσεως
2943 4989 3037 5043 καὶ
3068 4989 3408 5062 διακρίσεως.
3452 4990 3701 5060 Διαφορά
3743 4989 3803 5043 δέ
3840 4992 3974 5044 ἐστιν

721 5090 781 5143 ἐν
816 5090 914 5159 μὲν
944 5090 1011 5158 τῇ
1048 5086 1179 5157 ἁγία
1215 5084 1402 5156 Ἰλριάδι
1435 5083 1576 5136 κατὰ
1623 5082 1747 5145 τοὺς
1784 5080 2018 5151 τρόπους
2063 5078 2165 5148 τῆς
2198 5078 2305 5132 τῶν
2339 5080 2686 5137 ύποστάσεων
2721 5084 3027 5154 ὑπάρξεως,
3064 5087 3121 5138 ὲν
3166 5084 3223 5138 δὲ
3256 5084 3335 5155 τῷ
3367 5089 3430 5138 πῖ
3484 5084 3625 5139 κατά
3664 5085 3767 5157 τὴν
3829 5085 3975 5138 ποιὰν

720 5184 869 5238 θέσιν
892 5183 1001 5253 (Η)
1033 5181 1133 5251 τῆς
1161 5179 1445 5254 γραμμῆς.

792 5293 1305 5364 οΗΕ8Τ.(ΣΧΧΧ.
1345 5292 1401 5365 Si
1426 5293 1553 5364 quia
1578 5293 1800 5355 calum,
1828 5290 2129 5346 secundum
2154 5288 2297 5344 Gra-

722 5408 837 5457 cos,
872 5391 1067 5461 globus
1118 5398 1202 5443 est
1235 5392 1309 5443 et‘
1337 5396 1604 5452 movetur,
1637 5388 1692 5441 in
1735 5389 1856 5441 loco
1905 5400 2120 5455 quoque
2170 5393 2293 5439 est:

794 5546 870 5613 (9)
903 5545 1288 5605 Κολάζεσσαι.
1346 5544 1476 5614 Leg.
1526 5543 1865 5613 κομίζεσθαι.
1904 5541 2027 5596 Mox
2068 5539 2298 5614 Syibtir-

722 5610 843 5687 gius
867 5616 1355 5687 Ιεεὶιγὰπολέμητον
1391 5610 1580 5687 ἔχοντα
1596 5610 1712 5687 ’τῂν
1728 5614 2093 5687 κατάστασιν.
2116 5610 2296 5664 Malim

722 5631 843 5681 gius
867 5631 995 5686 tegit
1015 5631 1355 5687 απολεμητον
1391 5631 1580 5738 egw-rat
1611 5631 1712 5686 την
1743 5632 1816 5667 κα

718 5686 817 5756 τὴν
842 5686 1278 5756 φαυλότηταβιῃ
1311 5688 1402 5753 qui
1448 5686 1585 5756 piam
1620 5686 1816 5756 simile.

792 5757 902 5823 (ltl)
936 5754 1200 5823 Θεωρεῖν.
1237 5755 1333 5809 Vel
1386 5754 1672 5825 legendum
1707 5754 2015 5825 θεωροῦντα
2043 5759 2127 5812 vel
2162 5757 2296 5811 θεω-

760 5829 835 5878 εἴν
866 5826 1223 5908 πειρώμενον,
1259 5826 1423 5908 idque
1450 5824 1757 5904 admonuit
1792 5824 2137 5897 Sylburgius.
2177 5829 2295 5884 Mox

723 5843 835 5950 ρειν
866 5843 1223 5897 πειρώμενον,
1259 5843 1423 5908 tuque
1475 5843 1598 5877 aum

742 5897 1008 5975 egentium
1044 5894 1259 5951 videtur
1283 5914 1359 5968 τῳ
1392 5898 1455 5949 ὲκ
1486 5894 1603 5962 τῆς.

2482 5292 2834 5346 ἘΡΩΤΗΣΙΣ
2866 5294 2989 5346 ΡΔ’.
3034 5294 3098 5346 El
3129 5292 3216 5345 διὰ
3258 5292 3319 5345 τὸ
3364 5291 3484 5346 καθ’
3523 5292 3797 5363 Ἕλληνας
3832 5298 3975 5365 σφαῖ-

2402 5400 2502 5454 ραν
2532 5379 2670 5439 εῐναι
2703 5385 2796 5438 τὸν
2845 5384 3072 5456 οὐρανὸν
3123 5384 3216 5438 καὶ
3258 5386 3523 5439 κινεῖσθαι
3569 5388 3628 5440 ὲν
3659 5386 3817 5457 τόπῳ
3849 5386 3973 5457 (l2),

2474 5546 2583 5617 (ll)
2612 5545 2774 5599 Κατὰ
2810 5543 2944 5617 {im
2966 5543 3147 5597 ποιὰν
3199 5543 3390 5617 θέσιν.
3438 5542 3765 5617 Prapositio
3801 5544 3974 5617 addita

2403 5634 2433 5672 a
2472 5613 2987 5688 Sylburgio._Paulo
3028 5623 3157 5670 ante
3189 5615 3468 5688 editiones
3490 5613 3835 5671 recentiores
3868 5615 3973 5669 διαρ-

2402 5684 2760 5761 κρίσεωςςῐί.
2795 5685 3191 5761 Stephanuset
3212 5700 3345 5761 mss.
3377 5684 3635 5761 κρίσεως.

2476 5759 2585 5829 (l2)
2629 5760 2723 5811 Ἐν
2768 5759 2947 5823 τόπῳ.
3002 5756 3527 5827 Subiutelligendum
3589 5757 3762 5823 ἐστίν,
3798 5766 3856 5811 ut
3887 5757 3973 5813 ob-

2406 5830 2644 5886 servavit
2679 5829 3029 5902 Sylburgius.
