4146 6462
199 476 335 530 1381

906 464 1377 536 ρυᾸΞΞΤΙΟΝΕδ
1416 465 1502 520 ΕΤ
1546 461 2074 519 RESPONSIONES
2106 463 2198 517 AD
2232 460 2728 518 ORTIIODOXOS.

3343 462 3362 513 1
3374 461 3484 515 582

198 599 319 663 πῶς
350 598 439 652 διὰ
465 600 525 651 τὸ
560 599 633 662 ὡς
664 596 921 667 καμάραν
951 592 1254 662 πεπῆχθαι,
1285 590 1319 661 ἢ
1352 591 1426 653 ὡς
1458 587 1605 660 δέριν
1646 585 1786 639 κατὰ

1894 586 2173 656 quomodo
2200 585 2247 641 si
2299 584 2526 647 cmlum,
2590 581 2895 638 secundum
2947 580 3316 652 Scripturam,
3367 589 3464 639 tan

195 693 299 761 τὴν
351 689 573 761 Γραφὴν
620 685 962 748 ἐκτετάσθαι,
1019 687 1047 736 6
1096 683 1323 755 οὐρανὸς
1364 681 1465 732 οὐκ
1528 681 1586 731 ὲν
1641 678 1796 745 τόπῳ

197 784 388 847 ὲστίν;
425 784 635 853 Ὠσπερ
668 780 777 851 γὰρ
803 779 865 833 τὸ
899 777 1248 847 κινούμενον,
1283 773 1455 833 οὕτως
1476 768 1657 822 καὶτὸ
1692 784 1797 835 πη-

194 876 486 945 γνύμενον,
522 877 578 927 ὲν
625 873 774 943 τόπῳ
806 874 1023 940 ἀνάγκη
1048 867 1383 939 νομίζεσθαι.
1421 868 1482 920 Εἰ
1521 866 1577 918 δὲ
1611 863 1794 927 τοῦτο,

197 969 320 1033 πῶς
347 970 447 1039 τὴν
470 968 561 1020 ἐπὶ
593 970 658 1037 τῇ
682 968 996 1038 περιγραφῇ
1018 963 1112 1016 τοῦ
1133 962 1363 1032 οὐρανοῦ
1391 960 1519 1031 παρ’
1550 959 1796 1030 ἀλλήλων

197 1061 547 1130 κατάγνωσιν
596 1060 813 1113 δικαίαν
847 1060 947 1128 οὐχ
995 1056 1228 1126 ἓξομεν;
1281 1056 1345 1107 El
1393 1054 1438 1106 δ’
1489 1054 1517 1105 6
1567 1052 1796 1124 οὐρανὸς

196 1154 326 1207 κατ’
347 1151 692 1222 ἀμφοτέρους
727 1151 785 1202 ὲν
807 1148 979 1219 τόπῳ,
1005 1147 1099 1201 καὶ
1131 1145 1415 1217 ἑκατέροις
1436 1145 1471 1215 ἡ
1502 1143 1596 1197 τοῦ
1629 1143 1794 1196 τόπου

198 1243 426 1314 ποιότης
459 1243 552 1296 καὶ
585 1242 821 1311 ποσότης
847 1240 1186 1311 καθέστηκεν
1217 1239 1512 1307 ἄγνωστος,
1548 1237 1601 1289 τί
1634 1237 1795 1290 πλέον

200 1338 421 1410 θάτεροι
468 1335 712 1406 θατέρων
746 1332 1123 1402 κατεγνῶσθαι
1167 1331 1444 1401 δυνάμεθα
1468 1372 1482 1395 ,
1532 1330 1633 1401 τῆς
1666 1330 1796 1401 περὶ

200 1431 314 1483 τῶν
361 1427 805 1501 προλελεγμένων
846 1423 1243 1495 καταγνώσεως
1276 1425 1368 1477 καὶ
1410 1423 1630 1491 ἀγνοίας
1664 1424 1794 1475 ὲκα-

202 1518 394 1590 τέρους
418 1518 612 1589 ἐπίσης
642 1514 1012 1589 κατεχούσης;

285 1719 689 1773 ἈΠΟΚΡῙΣῐΣη
726 1720 789 1771 Εἰ
836 1718 934 1789 μὲν
987 1718 1097 1791 γάρ
1142 1717 1328 1787 ἔλεγον
1374 1719 1423 1771 0i
1474 1718 1793 1790 Χριστιανοὶ

197 1813 295 1867 τὸν
325 1813 550 1884 οὐρανὸν
588 1813 661 1883 μὴ
703 1807 841 1866 εἶναι
876 1814 935 1864 έν
966 1813 1150 1883 τόπῳ,
1182 1811 1432 1883 καθάπερ
1464 1811 1713 1880 λέγουσιν
1746 1813 1794 1863 οἱ

204 1908 467 1977 ’Έλληνες
487 1947 501 1970 ,
539 1905 629 1977 ἴση
650 1905 731 1959 Αᾶν
765 1905 988 1975 ἔμελλεν
1017 1900 1155 1959 εἶναι
1187 1908 1220 1977 ἡ
1252 1907 1382 1979 παρ’
1416 1905 1661 1977 ἀλλήλων
1695 1924 1793 1958 κα-

201 2000 492 2067 τάγνωσις,
531 1996 802 2066 λεγόντων
842 1998 939 2069 μὲν
971 1997 1043 2069 μὴ
1067 1994 1207 2051 εἶναι
1240 1998 1334 2051 τὸν
1356 1996 1583 2069 οὐρανὸν
1614 2001 1670 2051 ὲν
1702 1999 1790 2051 τό-

204 2109 311 2161 πῳ,
354 2093 558 2160 φωναῖς
602 2090 695 2144 καὶ
728 2093 1086 2160 σημαπικαίς
1117 2088 1212 2142 106
1250 2092 1308 2143 ὲν
1339 2091 1490 2161 τόπῳ
1528 2086 1667 2145 εἶναι
1700 2091 1790 2145 τὸν

201 2182 431 2255 οὐρανὸν
466 2181 603 2254 πρὸς
641 2180 899 2253 ἀλλήλους
937 2180 1329 2253 χρησαμένων·
1376 2184 1424 2234 εἰ
1459 2182 1515 2234 δὲ
1549 2182 1643 2234 106
1692 2183 1789 2251 μὲν

208 2278 442 2347 σφαῖραν
467 2271 607 2329 εἶναι
637 2274 725 2328 τὸν
759 2274 1011 2347 οὐρανὸν,
1048 2275 1141 2327 καὶ
1180 2275 1488 2346 σφαιρικῶς
1523 2275 1787 2329 κινεῖσθαι

202 2367 468 2421 ἀδυνάτου
498 2367 670 2430 ὄντος,
705 2366 797 2419 106
832 2366 887 2420 δὲ
910 2366 984 2430 ὡς
1017 2366 1273 2438 καμάραν
1306 2362 1443 2421 εἶναι
1492 2368 1657 2421 αὐτὸν
1696 2370 1789 2422 δυ-

202 2458 372 2514 νατοῦ
414 2458 794 2530 δεικνυμένου·
835 2456 1061 2528 οὐδεμία
1093 2457 1201 2530 ἄρα
1237 2460 1270 2528 ἠ
1311 2459 1421 2511 τῶν
1448 2460 1789 2531 Χριστιανῶν

199 2548 299 2601 ἐπὶ
348 2551 411 2620 τῇ
456 2550 647 2620 ἀγνοίᾳ
680 2548 1038 2616 κατάγνωσις.
1087 2549 1223 2619 Περὶ
1261 2548 1319 2601 δὲ
1367 2548 1460 2602 106
1512 2551 1677 2603 τόπου
1725 2554 1789 2605 ἐκ

204 2641 313 2694 τῶν
344 2641 466 2696 καθ’
505 2644 654 2713 ἡμᾶς
691 2641 1061 2713 στοχαζόμεθα
1090 2644 1218 2714 περὶ
1244 2642 1410 2695 αὑτοῦ
1433 2683 1446 2705 ,
1482 2645 1565 2697 ὅτι
1600 2645 1787 2716 ὥσπερ

205 2733 338 2804 παρ’
372 2734 542 2804 ἡμῖν,
603 2732 729 2786 ὃταν
774 2729 807 2805 ᾗ
857 2732 1153 2805 περιφερές
1193 2752 1247 2788 τι
1291 2735 1449 2806 σῶμα
1495 2736 1697 2807 ὁμαλόν
1728 2755 1787 2790 τε

204 2828 299 2881 καὶ
325 2827 521 2891 κοῖλον,
557 2826 889 2897 πανταχόθεν
920 2827 1426 2899 ίσοπεριμέτρητον,
1459 2828 1553 2882 ἐὰν
1588 2847 1786 2901 πωμά-

206 2920 306 2991 σθῇ
336 2921 427 2977 ἐπὶ
450 2918 518 2973 τά
541 2918 728 2983 ὕδατα,
750 2918 1070 2989 βαστάζεται
1094 2919 1198 2972 ὑπὸ
1230 2920 1337 2973 τῶν
1363 2921 1586 2975 ὑδάτων·
1613 2923 1788 2995 τούτῳ

198 3010 285 3080 τῷ
320 3012 507 3083 τρόπῳ
554 3011 881 3082 βαστάζεται
918 3011 948 3063 6
992 3010 1220 3082 οὐρανὸς
1263 3011 1367 3066 ὑπὸ
1399 3014 1508 3066 τῶν
1548 3016 1782 3070 ὑδάτων·

216 3101 280 3153 Ὅ
321 3102 608 3167 τανύσας,
657 3100 811 3172 φησὶ,
849 3100 955 3153 τὸν
983 3100 1245 3168 οὐρανὸν
1272 3102 1352 3167 ὡς
1379 3104 1670 3173 καμάραν.
1699 3107 1788 3178 Τῷ

200 3191 304 3261 τῆς
331 3189 601 3259 καμάρας
637 3189 862 3259 ὀνόματι
894 3188 955 3242 τὸ
983 3189 1278 3259 περιφερὲς
1296 3189 1534 3260 ἐδήλωσε
1564 3193 1659 3246 106
1691 3193 1789 3247 σώ-

1900 697 2069 751 quam
2092 696 2311 735 camera
2339 689 2707 748 compactum,
2733 687 2825 732 aut
2847 678 2991 733 sicut
3021 680 3175 750 pellis
3200 685 3488 733 extensum

1897 785 2003 837 est,
2064 790 2173 831 non
2226 774 2282 828 in
2334 774 2456 827 loco
2499 773 2617 828 est?
2644 771 2779 825 Nam
2826 787 3050 826 necesse
3079 780 3163 826 est
3194 781 3273 832 ut,
3304 788 3467 842 quem

1898 867 2195 923 admodum
2228 866 2282 921 id
2314 866 2461 937 quod
2503 873 2776 925 movetur,
2806 866 2879 919 ita
2903 872 2956 919 et
2992 865 3208 937 idquod
3237 868 3490 937 compin-

1898 958 2066 1030 gitur,
2095 960 2151 1014 in
2173 960 2295 1014 loco
2327 974 2452 1014 esse
2484 958 2852 1013 existimetur.
2880 958 3035 1023 Quod
3062 958 3107 1014 si
3142 959 3243 1014 hoc
3271 960 3351 1014 sic
3378 968 3484 1027 est,

1898 1050 2175 1121 quomodo
2239 1050 2397 1105 alteri
2450 1051 2520 1104 ab
2568 1050 2776 1113 alteris,
2807 1049 2875 1103 οἱ)
2914 1050 3485 1122 circumscriptionem

1897 1142 2019 1197 caeli
2048 1157 2158 1195 non
2180 1141 2387 1210 justam
2416 1140 2788 1193 damnationis
2823 1140 3231 1210 reportabimus
3266 1153 3486 1195 senten-

1894 1233 2071 1287 tiam?
2096 1232 2194 1287 Sin
2229 1232 2432 1287 malum
2463 1242 2823 1301 utrorumque
2850 1232 3127 1302 opinione,
3157 1232 3212 1285 in
3243 1232 3362 1287 loco
3379 1241 3484 1298 est,

1896 1332 1953 1379 et
1978 1324 2230 1394 utrisque
2262 1323 2366 1377 loci
2400 1322 2641 1393 qualitas
2692 1331 2746 1376 et
2801 1323 3078 1391 quantitas
3132 1323 3318 1392 ignota
3345 1331 3431 1377 est
3468 1342 3481 1377 :

1898 1432 2135 1487 quanam
2165 1432 2224 1471 re
2253 1416 2411 1471 alteri
2443 1416 2648 1485 alteros
2678 1416 2854 1486 magis
2888 1415 3149 1468 damnare
3162 1430 3481 1483 possumus,

1896 1524 2022 1563 cum
2052 1507 2195 1578 apud
2225 1515 2490 1577 utrosque
2514 1522 2706 1562 eorum
2742 1524 2862 1577 quae
2888 1508 3033 1561 dicta
3074 1516 3204 1563 sunt
3236 1508 3481 1573 nomine,

1897 1616 1997 1671 par
2030 1600 2103 1656 sit
2124 1601 2517 1657 condemnatio
2541 1609 2596 1656 et
2623 1601 2967 1671 ignorantia?

1970 1714 2168 1771 RESP.
2199 1714 2260 1770 Si
2291 1714 2591 1772 Christiani
2625 1716 2894 1779 dicerent,
2919 1715 3117 1770 coelum
3148 1714 3202 1769 in
3234 1714 3354 1768 loco
3370 1728 3481 1768 non

1899 1824 2047 1874 esse,
2082 1808 2246 1863 sicuti
2278 1806 2451 1862 Grazci
2477 1808 2703 1872 dicunt,
2733 1806 2849 1861 ﬁeri
2886 1813 3069 1876 posset
3098 1812 3155 1859 ut
3189 1804 3346 1858 alteri
3401 1805 3482 1857 al-

1901 1910 2048 1956 teros
2092 1916 2156 1955 ex
2206 1916 2363 1971 aequo
2417 1901 2771 1967 damnarent,
2806 1899 3055 1953 dicentes
3114 1897 3335 1968 quidem
3370 1912 3481 1951 non

1892 2009 2015 2049 esse
2045 1994 2100 2047 in
2131 1994 2252 2048 loco
2286 1995 2508 2056 cmlum,
2542 1993 2723 2048 verbis
2769 2001 2952 2047 autem
3008 2006 3129 2061 quae
3181 1990 3380 2044 caalum
3422 1989 3479 2043 in

1894 2085 2014 2140 loco
2044 2101 2167 2141 esse
2214 2084 2549 2156 signiﬁcant.
2578 2084 2736 2138 alteri
2773 2084 2840 2138 ad
2868 2085 3071 2137 alteros
3101 2089 3335 2136 utentes.
3382 2078 3480 2135 Sin

1896 2184 1953 2230 ut
1986 2176 2184 2230 cmlum
2216 2176 2411 2246 globus
2441 2175 2532 2241 sit,
2558 2186 2611 2231 et
2640 2176 2693 2228 in
2719 2175 2865 2244 globi
2917 2174 3140 2229 modum
3172 2180 3477 2235 moveatur.

1894 2271 2006 2325 ﬁeri
2036 2285 2144 2323 non
2177 2277 2389 2339 potest;
2420 2278 2479 2323 ut
2506 2280 2686 2324 autem
2744 2270 2921 2324 instar
2963 2284 3193 2323 camerae
3228 2269 3321 2332 sit,
3360 2268 3477 2323 fieri

1893 2378 2059 2433 posse
2109 2361 2547 2417 demonstratum
2572 2370 2692 2428 est;
2727 2362 2879 2416 nulla
2914 2362 3104 2431 utique
3134 2360 3479 2415 Christiano-

1892 2469 2013 2508 rum
2043 2455 2114 2509 ob
2145 2454 2546 2525 ignorationem
2578 2452 2984 2508 condemnatio.
3036 2451 3165 2507 Loci
3197 2462 3376 2507 autem
3408 2470 3478 2509 ex

1898 2547 2066 2602 rebus
2092 2548 2302 2602 nostris
2323 2547 2391 2602 de
2420 2563 2485 2602 eo
2512 2547 2743 2602 iacimus
2777 2546 3172 2615 conjecturam,
3217 2548 3475 2617 quoniam

1891 2639 2350 2709 quemadmodum
2379 2638 2523 2709 apud
2562 2654 2685 2704 nos,
2715 2638 2761 2694 si
2791 2638 3010 2707 aliquod
3050 2639 3121 2693 sit
3177 2638 3475 2693 rotundum

1892 2744 2113 2799 corpus,
2141 2736 2195 2785 et
2227 2732 2357 2786 lazve
2386 2738 2441 2785 et
2472 2746 2798 2795 concavum,
2832 2739 2885 2784 et
2915 2731 3141 2800 aequalis
3190 2732 3476 2800 undequa-

1892 2840 2001 2894 que
2028 2825 2412 2892 dimensionis,
2439 2834 2603 2895 atque
2632 2822 2683 2878 id
2731 2825 2786 2879 in
2818 2840 2989 2895 aquas
3020 2824 3372 2887 immittatur,
3408 2826 3478 2879 ab

1891 2917 2051 2987 aquis
2107 2918 2243 2988 ipsis
2290 2925 2580 2988 portatur:
2614 2916 2683 2971 ad
2713 2916 2967 2973 eumdem
2999 2917 3223 2972 modum
3273 2919 3475 2972 coelum

1834 3046 1843 3051 -
1891 3016 2141 3077 portatur
2170 3010 2238 3063 ab
2263 3008 2457 3079 aquis:
2498 3009 2822 3074 Extendens,
2854 3009 3055 3079 inquit,
3082 3011 3267 3063 calum
3294 3020 3349 3063 ut
3387 3029 3479 3063 ca-

1890 3102 2173 3157 meram“.
2219 3100 2321 3157 Ubi
2355 3118 2579 3157 camera:
2610 3102 2853 3164 nomine,
2890 3102 3278 3156 rotunditatem
3309 3101 3479 3173 498

1890 3192 2140 3263 corporis
2168 3193 2411 3248 cmlestis
2437 3192 2788 3265 signiﬁcavit.
2827 3191 3054 3246 Portant
3089 3194 3252 3263 igitur
3275 3196 3475 3249 malum

208 3298 378 3351 ματος
398 3280 493 3334 106
531 3280 780 3351 οὐρανοῦ.
808 3278 1076 3344 Βαστάζει
1105 3275 1195 3333 οὖν
1216 3280 1307 3333 τὸν
1339 3282 1437 3352 μὲν
1478 3285 1707 3357 οὐρανὸν
1731 3291 1786 3343 τὰ

1890 3300 2080 3355 aquae,
2122 3302 2294 3356 aquas
2362 3296 2542 3341 autem
2590 3294 2761 3351 terra,
2810 3295 3011 3340 terram
3068 3302 3232 3356 porro
3270 3302 3476 3356 praece-

200 3370 393 3436 ὓδατα,
412 3373 478 3427 τὰ
504 3373 559 3426 δὲ
575 3373 740 3426 ὕδατα
760 3375 791 3443 ή
811 3372 882 3442 γῆ
899 3414 913 3437 ,
942 3372 1038 3436 τὴν
1067 3372 1122 3425 δὲ
1137 3371 1262 3443 γῆν,
1298 3372 1359 3426 τὸ
1381 3374 1521 3429 θεῖον
1546 3379 1784 3449 πρόστα-

1890 3386 2039 3447 ptum
2098 3380 2343 3435 divinum
2375 3399 2388 3435 :
2441 3378 2797 3448 Suspendens,
2832 3380 3029 3450 inquit,
3061 3390 3255 3435 terram
3288 3382 3342 3434 in
3389 3382 3474 3434 ni-

202 3481 321 3534 γμα
339 3481 352 3494 ·
392 3464 454 3516 '0
480 3464 785 3535 κρεμάσας
802 3467 932 3538 (15),
953 3468 1107 3539 φησὶ,
1125 3468 1238 3537 τὴν
1261 3467 1377 3539 γῆν
1400 3470 1493 3522 ἐπ’
1515 3471 1783 3539 οὐδενός.

290 3558 641 3612 ἘΡΩΤΗΣΙΣ
671 3559 841 3612 PAA’.
873 3561 935 3613 Εἰ
957 3562 1005 3614 οἱ
1030 3561 1411 3631 εὐαγγελισταὶ
1432 3564 1709 3630 Ματθαῖός
1729 3585 1787 3620 τε

199 3651 299 3703 καὶ
329 3652 561 3715 Λουκᾶς,
602 3652 663 3705 τὸ
691 3652 833 3705 κατά
870 3653 1044 3724 σάρκα
1079 3656 1527 3725 γενεαλογοῦντες
1550 3660 1641 3712 τὸν
1674 3660 1787 3712 Κύ-

201 3758 343 3811 ριον,
371 3742 399 3793 6
429 3742 528 3811 μὲν
548 3741 644 3813 τὴν
663 3743 807 3795 κατὰ
828 3741 1008 3810 φύσιν,
1027 3743 1056 3795 6
1081 3744 1137 3796 δὲ
1170 3742 1268 3813 τὴν
1300 3744 1439 3797 κατὰ
1461 3746 1636 3817 σάρκα
1676 3746 1787 3816 (14)

203 3834 551 3902 γενεαλογίαν
601 3834 929 3907 συνέγραψε,
980 3835 1069 3889 διὰ
1099 3836 1161 3889 τὸ
1203 3838 1375 3902 οὕτως
1402 3840 1470 3892 τά
1507 3839 1647 3893 κατὰ
1678 3842 1789 3895 τῶν

217 3925 488 3980 Ἰουδαίων
521 3926 631 3997 (15)
665 3925 1035 3993 συνίστασθαι,
1069 3928 1185 3993 πῶς
1206 3931 1235 3982 6
1272 3932 1540 4003 μακάριος
1576 3934 1789 4007 Λουκᾶς

200 4016 266 4068 οὐ
296 4015 563 4069 δείκνυται
590 4014 668 4086 τῷ
704 4017 969 4089 Ματθαίῳ
1007 4019 1339 4089 μαχόμενος,
1376 4020 1624 4085 πλείονας
1663 4024 1788 4086 τοὺς

199 4106 349 4166 κατὰ
377 4109 540 4177 νόμον
571 4109 680 4161 τῶν
714 4109 857 4163 κατὰ
884 4108 1031 4162 θέσιν
1055 4108 1164 4181 (16)
1191 4110 1287 4165 τοῦ
1322 4112 1558 4183 Χριστοῦ
1594 4116 1787 4186 γεννή-

203 4218 394 4272 τορας,
432 4200 519 4254 διὰ
557 4201 650 4255 τοῦ
683 4203 886 4255 οἰκείου
919 4202 1252 4272 Εὐαγγελίου
1301 4205 1611 4276 ἐκθέμενος,
1659 4210 1787 4261 τού-

200 4292 419 4345 ναντίον
479 4294 610 4363 παρ’
657 4292 821 4347 αὐτοῦ
877 4295 1153 4365 γραφῆναι
1200 4296 1547 4365 όφείλοντας;
1602 4300 1787 4373 ἐπειδὴ

203 4383 440 4453 ἥσσονας
480 4384 606 4447 τοὺς
646 4384 786 4437 κατὰ
836 4384 983 4438 θέσιν
1010 4385 1120 4438 τῶν
1160 4387 1302 4442 κατὰ
1336 4388 1497 4459 φύσιν
1534 4393 1787 4463 πατέρων

199 4473 617 4541 ἀναλογίζεσθαι
687 4475 921 4547 ἀνάγκη.
1000 4477 1303 4549 Ἑνδέχεται
1364 4479 1473 4552 γὰρ
1533 4483 1785 4549 γενέσθαι

204 4566 346 4620 κατὰ
394 4567 555 4637 νόμον
608 4565 741 4639 (17).
780 4608 792 4620 .
840 4608 853 4621 .
897 4567 993 4621 106
1042 4569 1184 4623 κατὰ
1224 4570 1386 4640 φύσιν
1434 4574 1638 4644 πατρὸς
1688 4576 1782 4629 τοῦ

203 4660 371 4712 παῖδα
413 4661 789 4730 γεννήσαντος.
834 4660 960 4726 Πῶς
998 4658 1111 4729 οὖν,
1162 4661 1411 4738 καθάπερ
1450 4667 1604 4737 ἔφην,
1634 4670 1783 4739 παρὰ

200 4753 320 4813 τοῖς
366 4751 777 4820 εὖαγγελισταῖς
809 4755 862 4824 ἡ.
898 4795 911 4808 .
942 4791 959 4808 .
992 4755 1393 4828 ἀντέστραπται
1446 4759 1578 4828 (l8),
1620 4762 1713 4813 καὶ
1754 4763 1781 4814 6

201 4845 418 4906 Λουκᾶς
439 4884 454 4905 ,
494 4843 663 4908 ἴσους,
712 4845 912 4916 μᾶλλον
947 4847 1003 4901 δὲ
1032 4848 1257 4917 ἥττονας
1284 4852 1409 4914 τοὺς
1445 4852 1585 4905 κατὰ
1619 4854 1780 4924 νόμον

200 4934 312 4989 τῶν
336 4934 477 4988 κατὰ
505 4936 665 5006 φύσιν
692 4938 921 5008 ὀφείλων
945 4941 1072 5005 τοὺς
1097 4940 1194 4995 106
1226 4943 1464 5016 Χριστοῦ
1495 4945 1780 5016 ὀνομάζειν

254 5115 298 5148 “¹¹
324 5113 432 5169 lsa.
464 5131 554 5184 XL,
593 5116 687 5172 22.
752 5118 799 5149 ⁷¹
836 5118 965 5174 ibid.

274 5291 381 5362 (15)
423 5292 476 5370 ξΟ
493 5297 812 5370 κρεμάᾳαᾳ
833 5296 1129 5370 Existimat
1158 5297 1485 5370 Sylburgius
1507 5300 1636 5358 huic
1654 5303 1774 5356 loco

201 5364 537 5439 respondere
572 5366 718 5439 illud
736 5364 929 5439 psalmi
972 5382 1150 5439 cxxxv
1177 5364 1330 5435 ε’.Τῷ
1365 5364 1774 5439 ἱγτερεώσαντι

201 5432 320 5500 τὴν
368 5432 482 5503 γῆν
513 5435 605 5503 ἐφ’
651 5432 904 5503 ὑδᾶτων,
960 5438 1065 5504 Qui
1113 5432 1353 5507 fundasti
1390 5432 1588 5497 terram
1621 5459 1775 5512 super

199 5520 392 5653 66266
411 5574 570 5653 ξςατὰ
589 5573 802 5653 σςάρθια.
830 5577 1141 5653 Legendum
1166 5581 1307 5653 κατὰ
1333 5581 1494 5651 νόμον
1520 5584 1601 5638 vel
1634 5584 1776 5637 κατὰ

411 5644 573 5767 idtque
624 5643 682 5701 in
729 5643 1142 5720 interpretando
1199 5643 1419 5722 Langus
1475 5655 1629 5725 sequi
1663 5670 1773 5709 non

317 5730 330 5766 I
360 5731 442 5768 av:
474 5753 489 5767 .

276 5784 386 5857 (15)
420 5785 581 5840 Κατὰ
629 5786 745 5841 τῶν
790 5790 1111 5847 Ἰουδαίων.
1156 5791 1263 5847 Pro
1290 5793 1433 5846 κατὰ
1459 5795 1584 5857 τοὺς
1634 5794 1765 5847 Ἰου-

199 5853 406 5936 δαίους,
439 5862 499 5909 ιιι
529 5856 585 5936 in
622 5874 768 5927 resp.
800 5860 869 5915 ad
898 5871 1090 5931 quaest.
1125 5864 1214 5934 44,
1248 5865 1308 5917 τὸ
1336 5865 1477 5917 κατὰ
1521 5853 1761 5936 Χριστοῦ

205 5926 393 5997 εδήλου
418 5926 731 6000 μυστήριονζ

1890 3468 2077 3524 hilo".

1962 3561 2245 3629 QUIEST.
2272 3561 2507 3619 CXXXI.
2539 3562 2595 3617 Si
2618 3566 2969 3636 evangelistas
2986 3565 3278 3620 Matthqu
3299 3573 3354 3620 et
3372 3564 3477 3619 Lu-

1889 3667 2006 3717 cas,
2065 3652 2284 3722 generis
2338 3652 2576 3718 Domini,
2613 3656 2915 3709 secundum
2970 3671 3213 3719 carnem,
3273 3656 3470 3709 seriem

1890 3755 2260 3808 recensentes,
2294 3746 2432 3800 alter
2454 3754 2683 3810 naturae,
2718 3748 2860 3802 alter
2904 3748 3037 3818 legis
3096 3746 3471 3817 genealogiam

1890 3837 2195 3901 contexuit,
2242 3837 2387 3907 quod
2435 3838 2537 3891 hoc
2563 3839 2637 3893 ita
2663 3854 2848 3893 rerum
2889 3838 3243 3894 Judaicarum
3266 3838 3473 3892 consti-

1891 3930 2029 3983 tutio
2064 3928 2261 3984 ferret:
2288 3930 2562 4000 quomodo
2580 3929 2758 3985 Lucas
2786 3948 2910 3985 cum
2947 3931 3199 3986 Matthaao
3228 3948 3473 4001 pugnare

1888 4037 1998 4076 non
2027 4024 2319 4091 reperitur,
2349 4023 2478 4078 dum
2535 4026 2720 4095 plures
2768 4026 3070 4082 secundum
3106 4027 3276 4095 legem
3305 4042 3471 4095 qnam

1890 4115 2191 4169 secundum
2223 4124 2477 4170 naturam
2505 4117 2712 4173 Christi
2741 4118 3119 4188 progenitores
3152 4118 3204 4171 in
3231 4116 3472 4187 Evange-

1889 4206 1961 4261 lio
1991 4223 2092 4261 suo
2137 4209 2382 4277 exponit,
2413 4224 2537 4263 cum
2564 4209 2841 4264 diversum
2878 4211 2946 4264 ab
2972 4225 3037 4265 eo
3068 4210 3232 4265 scribi
3264 4210 3472 4264 debue-

1888 4301 1994 4367 rit;
2023 4300 2465 4372 quandoquidem
2496 4302 2786 4372 pauciores
2819 4302 3107 4373 adoptivos
3156 4316 3319 4373 quam
3370 4318 3472 4357 na-

1890 4393 2093 4449 turales
2124 4401 2309 4464 patres
2351 4395 2405 4449 in
2441 4396 2757 4468 genealogia
2801 4398 3081 4452 numerari
3108 4396 3474 4470 .necesseest?

1887 4486 2037 4542 Licet
2082 4489 2226 4543 enim
2250 4506 2316 4543 ex
2337 4490 2455 4560 lege
2484 4499 2693 4561 patrem
2726 4491 2865 4553 ﬁeri,
2893 4491 2939 4546 si
2968 4490 3267 4546 defunctus
3294 4492 3364 4547 sit
3396 4491 3466 4555 is,

1886 4579 1979 4649 qui
2005 4582 2306 4635 secundum
2334 4591 2585 4637 naturam
2617 4584 2784 4638 ﬁlium
2809 4587 3014 4656 genuit.
3045 4584 3331 4651 Quomodo
3364 4586 3470 4656 igi-

1889 4679 2000 4737 tur,
2035 4674 2251 4740 utdixi,
2297 4676 2440 4747 apud
2470 4678 2837 4749 evangelistas
2892 4678 3027 4734 ordo
3077 4678 3331 4735 inversus
3358 4694 3466 4735 non

1889 4774 1996 4833 est,
2031 4783 2095 4821 ac
2123 4766 2323 4832 Lucas,
2351 4785 2475 4823 cum
2512 4784 2675 4839 pares
2702 4770 2812 4824 imo
2843 4772 3132 4840 pauciores
3163 4773 3465 4827 secundum

1891 4860 2085 4929 legem,
2112 4873 2275 4928 quam
2310 4859 2611 4913 secundum
2662 4867 2916 4913 naturam
2969 4860 3219 4915 debuerit
3250 4875 3471 4917 enume-

1887 4964 2012 5005 rare
2044 4946 2250 5005 Cbri‘stl
2276 4950 2675 5022 progenitores,
2721 4950 2907 5022 plures
2931 4950 3218 5007 nominare
3246 4968 3467 5023 compe-

1919 5375 1931 5429 ἱ
1938 5304 2083 5429 (916)
2088 5307 2281 5429 512::-
2306 5306 2495 5362 θέσιν.
2545 5308 2859 5381 Legendum
2915 5310 3054 5365 κατὰ
3083 5313 3261 5382 φύσιν,
3300 5314 3465 5386 idque

1881 5384 2016 5431 vidit
2043 5384 2281 5432 Laneus.

1954 5394 2260 5541 (117)ῗᾷἒὲ
2269 5419 2493 5529 νόμον.
2532 5450 2709 5541 lAddit
2744 5450 3069 5541 Sylbur‘gius
3088 5457 3341 5541 ἰτατέρα,
3374 5476 3463 5512 τι·

1880 5517 2264 5597 τελευτηκότος
2294 5519 2388 5571 τοῦ
2419 5521 2556 5574 κατά
2588 5523 2748 5597 φύσιν
2786 5517 2991 5594 πατρός
3020 5525 3117 5578 106
3148 5517 3310 5580 παῖδα
3328 5517 3463 5597 ’γενο

1881 5589 2167 5657 νήσαντος.
2189 5588 2342 5642 Hanc
2373 5588 2657 5660 explenda:
2686 5588 3190 5651 lacunat'rationem
3216 5599 3269 5650 in
3299 5588 3463 5655 inter-

1882 5661 2146 5727 pretando
2178 5668 2399 5714 secutus
2433 5677 2575 5718 sum.

1946 5728 2054 5799 (18)
2105 5731 2578 5807 ﬁrmamenta.
2631 5732 2943 5807 Legendum
2993 5737 3223 5807 ἠοτάξις,
3259 5740 3363 5805 vel,
3400 5750 3459 5797 nt

1875 5798 2052 5867 placet
2130 5799 2454 5872 Sylburgio,
2510 5806 2545 5874 ἡ
2612 5798 2931 5873 γενέαλογία
2992 5798 3094 5862 οὐκ
3132 5798 3458 5882 ’άντέστρα-

1875 5886 2005 5923 πται
