4146 6442
745 396 885 452 158‘5

1487 393 1937 449 APPENDIX.-—
1976 393 2157 448 PARS
2196 393 2235 448 l.
2291 393 2348 448 S.
2396 393 2665 450 JUSTINI
2705 394 2929 450 OPERA
2978 394 3252 451 SPURIA.

3914 398 4052 452 1581

745 514 924 568 ritur?
963 511 1058 566 Sin
1093 512 1146 565 in
1195 509 1414 581 generis
1470 508 1889 563 nomenelatura
1945 507 2048 562 sibi
2093 509 2251 578 ipsis.
2281 516 2331 561 el

2439 511 2790 581 γεννήτορας,
2827 510 3080 575 πλείονας
3132 508 3415 580 ὀνομάζων
3464 511 3826 581 εύρίσκεται;
3894 510 3965 565 El
4007 514 4055 567 ἃ

739 607 882 661 alter
917 605 1077 659 alteri
1108 603 1468 673 repugnantia
1503 609 1839 654 memorant:
1870 600 2148 669 quomodo
2173 601 2226 654 in
2249 616 2331 656 rc-

741 698 895 768 liqua
928 697 996 750 de
1041 693 1334 749 Servatore
1385 693 1660 754 doctrina,
1711 690 1873 744 [idem
1900 691 2149 744 obtinere
2177 698 2333 759 pote-

737 796 891 854 runt,
920 788 990 841 ab
1025 787 1162 856 ipsis
1217 785 1401 840 statim
1446 784 1730 854 prooemiis
1779 797 1903 836 eum
1936 782 2003 836 ad
2050 781 2332 836 contradi-

738 880 975 934 cendum
1015 887 1448 938 commoventes.
1481 875 1576 945 qui
1610 888 1738 928 cum
1797 874 2010 929 ratione
2074 881 2223 928 certa
2271 888 2331 928 se

737 971 993 1040 religioni
1028 979 1234 1024 nostra:
1259 968 1563 1037 adjungere
1592 966 1762 1020 velit?

807 1059 1014 1117 RESP.
1048 1061 1108 1115 ln
1137 1060 1462 1131 genealogia
1487 1057 1671 1120 Lucae,
1705 1059 1860 1114 solus
1883 1058 1965 1112 Eli
1993 1057 2332 1127 Josephipa-

736 1161 824 1209 ter
851 1161 936 1208 est
967 1151 1275 1208 secundum
1302 1152 1500 1222 legem.
1521 1151 1604 1205 Ah
1634 1150 1716 1204 Eli
1748 1161 1931 1207 autem
1991 1152 2058 1206 ad
2115 1150 2329 1204 Nathan

738 1260 915 1315 usque
947 1251 1222 1315 quotquot
1243 1245 1679 1315 subiunguntur,
1715 1245 1812 1298 lilii
1845 1243 2147 1298 secundum
2172 1252 2333 1297 natu-

736 1352 855 1392 ram
884 1347 1014 1392 sunt
1047 1337 1511 1400 antecedentium,
1547 1337 1641 1407 qui
1670 1337 1890 1407 quidem
1933 1339 2006 1391 ob
2027 1338 2334 1391 necessitu-

735 1432 1123 1501 dinem.quam
1156 1431 1319 1484 habet
1343 1429 1422 1484 Eli
1448 1445 1572 1484 cum
1601 1429 1863 1499 Josepho,
1895 1431 1979 1484 avi
2010 1431 2334 1486 existiman-

736 1533 848 1588 tur,
871 1522 1096 1594 Josephi
1123 1523 1343 1594 quidem
1370 1523 1544 1577 solius
1567 1521 1871 1578 secundum
1898 1524 2095 1593 legem,
2113 1531 2334 1592 caetero-

735 1632 861 1672 rum
901 1616 1370 1671 autem-omnium
1419 1615 1725 1670 secundum
1778 1624 2054 1669 naturam.
2086 1613 2259 1669 Porro
2286 1615 2332 1669 si

737 1710 842 1767 hoc
866 1711 942 1763 ita
965 1708 1327 1778 intelligatur,
1357 1706 1539 1761 omnis
1565 1705 2131 1777 evangelistarum,de
2160 1707 2334 1760 dicto-

736 1820 862 1858 rum
923 1799 1315 1872 repugnantia,
1342 1798 1556 1852 tollitur
1589 1797 1900 1863 calumnia;
1947 1810 2111 1866 quam
2149 1797 2333 1852 inesse

737 1898 959 1952 illorum
1005 1893 1252 1963 scriptis,
1288 1892 1572 1946 intellectu
1619 1904 1792 1961 pravo
1845 1889 2211 1957 arbitrantur,
2236 1889 2331 1959 qui

735 2004 854 2044 rem
887 2002 996 2040 non
1034 1985 1171 2040 satis
1204 1983 1547 2053 intelligunt.

809 2075 1090 2144 QUIEST.
1123 2071 1387 2132 CXXXII.
1431 2068 1490 2126 Si
1539 2073 1846 2128 secundum
1907 2071 2081 2141 legem
2132 2068 2333 2124 Mosai-

734 2170 924 2226 cam"
955 2168 1156 2223 mortui
1189 2166 1513 2222 sineliberis
1547 2164 1734 2226 frater,
1762 2161 2009 2218 defuncti
2040 2177 2330 2217 assumens

741 2277 993 2326 uxorem,
1025 2261 1232 2315 liberos
1257 2274 1322 2313 ex
1353 2273 1416 2310 ea
1443 2255 1804 2326 suscipiebat,
1848 2253 1954 2308 sibi
1995 2252 2216 2322 quidem
2243 2267 2331 2305 se-

738 2354 978 2408 cundum
997 2348 1446 2416 naturam,fratri
1469 2362 1601 2402 vero
1617 2347 1921 2401 secundum
1947 2345 2149 2415 legem:
2174 2358 2327 2408 num,

738 2448 786 2503 si
819 2446 1118 2507 acciderat,
1168 2450 1230 2497 ut
1278 2448 1561 2513 superstes
1592 2439 1760 2495 frater
1794 2452 2021 2493 uxorem
2078 2437 2327 2499 haberet,

736 2540 907 2595 etiam
942 2552 1066 2591 cum
1101 2529 1193 2590 illa
1239 2548 1468 2590 uxorem
1499 2532 1702 2587 mortui
1746 2530 1932 2584 fratris
1957 2529 2233 2584 ducebat?
2265 2526 2331 2580 Et

737 2629 1015 2702 quomodo
1046 2643 1156 2682 non
1190 2625 1243 2680 id
1277 2624 1578 2681 absurdum
1603 2621 1812 2689 γηρυοά
1845 2623 1891 2676 si
1915 2629 1970 2676 et
1995 2621 2088 2674 illa
2125 2620 2330 2674 sterilis

737 2729 908 2785 esset,
940 2717 1219 2791 quomodo
1257 2733 1365 2772 non
1421 2715 1663 2772 absurdo
1711 2713 1911 2768 inutile
1956 2711 2330 2782 adjungehant

738 2815 964 2884 nuptiae,
995 2827 1060 2869 ac
1083 2811 1222 2882 legis
1279 2815 1617 2879 preceptum
1679 2806 1922 2875 undique
1978 2805 2329 2860 obstructum

737 2905 1152 2962 difficultatibus
1173 2903 1489 2965 videbatur,
1517 2917 1642 2955 eam
1689 2899 1986 2954 defunctus
2028 2912 2092 2953 ex
2132 2897 2330 2952 libero-

736 3015 859 3056 rum
904 2997 1288 3063 procreatione
1341 2994 1662 3048 memoriam
1697 3007 1805 3046 non
1839 2993 2096 3061 proderet
2125 2989 2151 3041 ’ί
2185 2988 2328 3054 Quid

738 3103 921 3147 autem
970 3101 1189 3144 mortuo
1223 3086 1504 3158 proderat,
1555 3085 1767 3147 liberis,
1824 3085 1891 3137 ab
1922 3082 2033 3136 alio
2079 3093 2330 3151 procrea-

2435 604 2493 656 ὲν
2521 606 2588 674 τῇ
2620 602 2942 675 γενεαλογία
2979 605 3192 668 ἑαυτοῖς
3229 604 3324 656 καὶ
3349 602 3599 674 ἀλλήλοις
3635 606 3948 675 μαχόμενα
3979 606 4056 656 λέ-

2433 711 2610 761 γουσι,
2659 694 2780 758 πῶς
2814 696 2873 749 ἐν
2910 699 3026 762 τοῖς
3064 697 3272 759 λοιποῖς
3303 695 3435 767 περὶ
3471 695 3565 748 τοῦ
3593 696 3867 766 Σωτῆρος
3883 696 4060 754 διδάγ-

2435 805 2566 861 μασι
2602 787 2666 841 τὸ
2713 787 3025 854 ἀξιόπιστον
3047 787 3349 858 κεκτῆσθαι
3376 787 3718 860 δυνήσονται,
3751 790 3821 840 ὲκ
3862 803 4054 858 προοι-

2437 880 2575 948 μίων
2615 879 2756 950 πρὸς
2799 878 3124 952 ἀντίρρησιν
3163 878 3440 943 κινοῦντες
3464 882 3555 933 τὸν
3596 881 3738 951 μετά
3772 880 3954 949 λόγου
3995 884 4050 950 τῇ

2432 968 2683 1042 ἡμετέρᾳ
2707 969 2977 1041 θρησκείᾳ
3005 969 3377 1042 προστεθῆναι
3411 969 3774 1040 βουλόμενον;

2518 1061 2931 1118 ’ΔΠυΚΡ1Σ1Σ.
2954 1063 3057 1120 ,Ἐν
3083 1065 3152 1133 τῇ
3178 1063 3501 1132 γενεαλογίᾳ
3528 1064 3594 1133 τῇ
3622 1062 3770 1115 κατὰ
3795 1063 4051 1126 Λουκᾶν,

2432 1156 2462 1208 ὁ
2693 1155 2856 1226 μόνος
2891 1155 3011 1208 ἐστὶ
3051 1153 3235 1225 πατὴρ
3272 1152 3369 1207 τοῦ
3415 1155 3610 1225 Ἰωσὴφ
3644 1154 3790 1208 κατά
3829 1154 3938 1207 τὸν
3972 1155 4051 1206 νό-

2438 1258 2564 1314 μον·
2608 1243 2721 1296 ἀπὸ.
2756 1244 2813 1296 δὲ
2869 1243 2966 1297 τοῦ
3017 1244 3166 1296 Ἠλεὶ
3201 1244 3307 1307 ἓως
3353 1243 3449 1297 τοῦ
3501 1243 3686 1296 Ναθὰν
3730 1244 3958 1306 πάντες
4005 1245 4050 1295 οἱ

2436 1335 2870 1413 ὑπατεταγμένοι
2917 1335 3060 1389 κατὰ
3104 1336 3266 1404 φύσιν
3324 1335 3462 1388 εἰσὶν
3512 1335 3616 1409 υἱοὶ
3671 1335 3787 1388 τῶν
3837 1336 4049 1387 ὑπατε-

2435 1429 2745 1499 ταγμένων,
2787 1430 2894 1482 τῶν
2943 1426 3031 1483 διὰ
3060 1429 3158 1500 τὴν
3187 1430 3371 1500 σχέσιν
3408 1428 3475 1499 ἢν
3505 1428 3617 1499 ἔχει
3645 1430 3673 1480 ὁ
3719 1428 3881 1481 Ἠλεὶ
3911 1429 4049 1498 πρὸς

2433 1522 2527 1575 τὸν
2591 1522 2812 1592 Ἰωσὴφ,
2865 1522 3106 1575 πάππων
3169 1519 3676 1592 καταλογιζομένων
3738 1519 3882 1591 (19),
3955 1519 4048 1571 τοῦ

2449 1613 2647 1685 Ἰωσὴφ
2686 1615 2785 1683 μὲν
2822 1631 2861 1684 μ
2891 1613 3039 1684 ἱόνου
3064 1613 3221 1685 (20)]
3259 1613 3400 1669 κατὰ
3422 1613 3515 1667 τὸν
3550 1613 3735 1683 νόμον,
3773 1613 3896 1665 τῶν
3939 1611 4047 1663 λοι-

2437 1705 2560 1758 πῶν
2583 1704 2641 1757 δὲ
2685 1706 2904 1759 πάντων
2934 1706 3074 1759 κατὰ
3113 1706 3294 1776 φύσιν.
3328 1706 3532 1760 Τούτου
3566 1705 3622 1757 δὲ
3651 1693 3835 1767 οὕτως
3889 1722 4046 1757 νοου-

2438 1797 2623 1868 μένου,
2668 1798 2972 1867 άναιρεῖται
3023 1799 3175 1851 πᾶσα
3203 1799 3236 1868 ἡ
3273 1797 3384 1852 τῶν
3409 1796 3820 1866 εύαγγελιστῶν
3851 1796 3956 1849 ἐπὶ
3980 1801 4043 1866 τῇ

2363 1872 2405 1926 Β
2434 1889 2718 1963 ἀντιλογίᾳ
2750 1891 2973 1962 διαϐολὴ
3013 1893 3047 1963 ὴ
3078 1892 3144 1945 ὲκ
3180 1891 3281 1962 τῆς
3315 1891 3618 1964 παρανοίας
3660 1889 3772 1943 τῶν
3808 1889 4042 1942 ἐκείνων

2436 1985 2631 2055 φωνῶν
2671 1986 2992 2058 νομισθεῖσα
3019 1987 3134 2049 τοῖς
3165 1985 3596 2056 παρανοήσασιν.

2522 2079 2874 2131 ἘΡΩΤΗΣΙΣ
2903 2077 3069 2131 ΡΛΒ’.
3114 2078 3178 2129 El.
3210 2075 3352 2129 κατὰ
3379 2074 3470 2127 τὸν
3492 2070 3791 2128 Μωσαῖκὸν
3814 2071 3989 2140 νόμον
4019 2073 4044 2123 ό

2432 2171 2661 2239 ἀδελφὸς
2700 2169 2795 2223 τοῦ
2841 2170 3265 2240 τελευτήσαντος
3292 2165 3519 2230 ἄπαιδος
3549 2164 3646 2236 τὴν
3670 2167 3918 2232 γυναῖκα
3949 2162 4042 2215 τοῦ

2435 2261 2831 2334 μετηλλαχότος
2859 2260 3150 2332 λαμϐάνων
3186 2257 3521 2312 ὲπαιδοποίει
3553 2253 3611 2321 ἐξ
3643 2254 3849 2324 αὐτῆς,
3887 2253 4041 2306 κατά

2432 2355 2594 2425 φύσιν
2621 2355 2719 2426 μὲν
2758 2353 2954 2424 ἑαυτῷ,
2993 2353 3135 2406 κατὰ
3160 2353 3324 2423 νόμον
3351 2351 3408 2404 δὲ
3435 2349 3511 2419 τῷ
3538 2346 3776 2417 ἀδελφῷ,
3818 2342 3960 2418 ἄρα,
3997 2347 4044 2397 εί

2433 2447 2634 2517 συνέϐη
2655 2448 2746 2500 τὸν
2779 2447 3038 2518 περιόντα
3059 2444 3290 2514 ἀδελφὸν
3309 2443 3454 2521 ἔχειν
3481 2439 3750 2512 γαμετὴν,
3784 2440 3886 2491 σὺν
3909 2438 4044 2490 ταύ·

2431 2557 2498 2612 τῃ
2543 2542 2635 2594 καὶ
2663 2540 2762 2610 τὴν
2793 2538 2889 2592 τοῦ
2934 2537 3360 2608 τελευτήσαντος
3399 2531 3630 2603 ἀδελφοῦ
3662 2531 3924 2603 γαμετὴν
3964 2533 4042 2591 εἰς

2431 2635 2665 2701 γυναῖκα
2706 2631 3010 2702 ὲλάμϐανε;
3057 2629 3169 2682 Καὶ
3216 2627 3335 2691 πῶς
3366 2624 3524 2680 τοῦτο
3562 2623 3663 2676 οὐκ
3697 2624 3949 2683 ἄτοπονς
3980 2620 4040 2672 El

2429 2725 2486 2777 δὲ
2539 2727 2573 2795 ἡ
2611 2724 2839 2793 τοιαύτη
2887 2723 2983 2776 καὶ
3033 2724 3223 2792 στεῖρα
3265 2718 3552 2788 ἐτύγχανε,
3614 2714 3732 2777 πῶς
3776 2715 3924 2785 πρὸς
3965 2712 4043 2781 τῷ

2429 2813 2619 2883 ἀτόπῳ
2641 2813 2735 2865 καὶ
2760 2813 2820 2864 τὸ
2849 2811 3125 2880 ἀνωφελὲς
3149 2812 3177 2862 ὁ
3202 2810 3378 2880 γάμος
3405 2808 3504 2860 οὐκ
3535 2805 3794 2875 ἐπήγετο,
3816 2803 3916 2855 καὶ
3944 2801 4040 2853 τοῦ

2430 2906 2595 2976 νόμου
2633 2906 2716 2959 rb‘
2739 2906 3068 2975 πρόσταγμα
3113 2900 3449 2972 πανταχόθεν
3493 2897 3770 2952 ἐδείκνυτο
3801 2895 4037 2965 ἄπορον,

2428 2998 2978 3071 τούτελευτήσαντος
2999 2997 3058 3048 ού
3089 2993 3458 3065 λαμϐάνοντος
3480 2990 3540 3043 τὸ
3567 2988 3656 3042 διὰ
3681 2987 4039 3047 παιδοποιίας

2434 3091 2816 3163 μνημόσυνον;
2852 3087 2917 3141 Τί
2941 3088 2997 3141 δὲ
3035 3087 3129 3140 καὶ
3152 3085 3230 3157 τῷ
3266 3084 3596 3156 ἀποθανόντι
3626 3082 4034 3155 προσγίγνεται

738 3187 844 3248 tis,‘
900 3191 1027 3254 post
1086 3189 1320 3236 mortem
1375 3181 1572 3236 alienae
1632 3179 1804 3250 prolis
1875 3186 2083 3247 patrem
2149 3173 2330 3245 appel-

2434 3183 2492 3236 τὸ
2512 3180 2728 3251 ὅφελος,
2754 3179 2816 3232 τὸ
2836 3178 2923 3232 διὰ
2951 3177 3296 3239 παιδοποιίας
3324 3177 3511 3246 ἑτέρου
3533 3175 3740 3226 ἐκεῖνον
3769 3171 3914 3243 μετὰ
3947 3173 4040 3223 τὲ-

738 3277 883 3332 lari?

813 3371 853 3423 il
865 3367 1008 3421 ESP.
1035 3366 1172 3420 Cum
1193 3366 1276 3419 lex
1294 3379 1405 3418 non
1430 3363 1828 3440 interdixisset,
1849 3360 2143 3432 quominus
2160 3359 2332 3414 Israe-

737 3461 846 3515 lita:
906 3475 1132 3513 uxorem
1160 3459 1498 3527 acciperent,
1529 3458 1572 3511 si
1604 3456 1828 3521 vellent,
1873 3470 1984 3509 non
2029 3453 2204 3509 solum
2236 3467 2332 3506 co—

741 3559 986 3623 gnatam,
1018 3551 1111 3605 sed
1139 3550 1306 3603 etiam
1331 3548 1601 3618 captivam
1623 3556 1678 3602 et
1710 3548 1993 3618 pellicem,
2050 3545 2186 3600 nihil
2236 3546 2332 3598 ab-

742 3644 895 3700 surdi
933 3650 1052 3702 erat
1084 3652 1177 3695 aut
1213 3640 1421 3704 damni,
1447 3639 1494 3694 si
1536 3654 1762 3692 uxorem
1797 3638 1954 3692 uxori
1999 3637 2333 3708 superduce-

741 3747 828 3794 ret
859 3737 1031 3791 frater
1060 3733 1286 3799 mortui,
1321 3733 1440 3804 lege
1461 3731 1629 3804 499
1653 3731 1877 3786 minime
1906 3731 2131 3784 violata.
2161 3727 2333 3794 Quid-

743 3832 874 3902 quid
895 3830 1042 3884 enim
1074 3827 1374 3882 absurdum
1400 3834 1506 3889 est,
1535 3825 1589 3880 id
1627 3826 1683 3880 in
1726 3825 1862 3895 legis
1893 3812 2333 3896 transgressione

743 3925 1006 3995 positum.
1039 3921 1267 3976 Etiamsi
1296 3919 1574 3975 evenisset
1612 3929 1671 3972 nt
1701 3919 1973 3988 ejusmodi
1998 3919 2198 3974 mulier
2221 3928 2329 3974 ste—

745 4018 863 4072 rilis
893 4023 1062 4078 esset,
1101 4022 1155 4067 at
1204 4013 1260 4067 id
1324 4013 1594 4067 incertum
1628 4013 1842 4065 mulieri
1866 4027 1989 4066 esse
2037 4011 2233 4080 potuit.
2263 4011 2331 4063 At

743 4108 892 4179 quod
925 4109 1196 4162 incertum
1260 4113 1367 4167 est,
1396 4105 1450 4158 in
1495 4120 1562 4160 eo
1601 4104 1686 4158 lex
1723 4119 1832 4158 non
1869 4105 2167 4174 spernitur.
2207 4103 2332 4158 Haec

746 4209 929 4256 autem
963 4200 1138 4269 posita
1185 4199 1272 4252 lex
1304 4204 1410 4261 est,
1446 4203 1506 4252 ut
1534 4212 1656 4266 qum
1687 4211 1834 4251 mors
1866 4197 2090 4250 abstulit
2137 4195 2334 4251 defun-

746 4303 858 4355 cto,
893 4291 946 4346 id
977 4299 1083 4352 est,
1109 4290 1414 4359 paternitas
1465 4297 1520 4344 et
1558 4289 1755 4352 haeres,
1783 4304 1847 4343 ea
1876 4289 2225 4358 praebeantur
2254 4290 2330 4342 illi

746 4383 882 4452 legis
937 4379 1304 4452 providentia.
1341 4377 1477 4432 Nam
1507 4379 1552 4433 si
1597 4380 1873 4434 memoria:
1903 4387 1956 4433 et
2000 4379 2333 4436 haereditatis

748 4489 916 4528 causa
934 4473 999 4527 ad
1019 4473 1240 4543 nuptias
1259 4470 1525 4524 accedunt
1542 4471 1810 4535 homines,
1824 4472 1994 4541 liquet
2008 4488 2334 4541 quacunque

2431 3275 2524 3338 λος
2551 3273 2765 3344 πατέρα
2791 3271 3078 3341 ἀλλοτρίας
3099 3268 3261 3338 γονῆς
3286 3266 3647 3338 ὀνομάζεσθαι
3677 3280 3692 3329 ;

2522 3358 3067 3416 ἈΠΟΚΡ1Σ1Σ.Τοῦ
3129 3360 3295 3429 νόμου
3353 3359 3426 3429 μὴ
3487 3354 3841 3417 κωλύσαντος
3904 3354 4040 3414 τοὺς

2447 3454 2788 3526 Ἰσραηλίτας
2828 3454 3064 3521 γυναῖκα
3094 3449 3279 3503 λαϐεῖν
3318 3449 3365 3501 εί
3415 3445 3711 3516 βούλοιντο,
3759 3445 3822 3496 οὑ
3873 3443 4040 3514 μόνον

2437 3548 2747 3619 συγγενίδα,
2799 3545 2932 3600 άλλά
2983 3545 3076 3597 καὶ
3133 3541 3507 3614 αἰχμαλωτίδα
3553 3539 3648 3593 καὶ
3689 3537 4034 3591 παλλακίδα·

2434 3642 2587 3695 οὐδὲν
2607 3642 2715 3712 ἄρα
2749 3637 2971 3702 ἄτοπον,
3000 3637 3121 3690 οῦδὲ
3156 3633 3404 3706 βλάπτει,
3440 3637 3503 3687 ἐκ
3535 3632 3631 3686 τοῦ
3665 3635 3903 3701 γυναῖκα
3941 3633 4038 3685 ἐπὶ

2436 3734 2653 3806 γυναικὶ
2685 3732 2871 3786 λαϐεῖν
2895 3732 3028 3803 (τι).
3071 3771 3082 3783 .
3122 3772 3134 3783 .
3172 3729 3398 3799 ἀδελφὸν
3427 3728 3519 3781 τοῦ
3553 3726 4033 3795 τετελευτηκότος,

2433 3827 2528 3881 τοῦ
2575 3827 2738 3897 νόμου
2785 3825 2857 3896 μὴ
2902 3823 3330 3892 καταλυομένου.
3367 3822 3523 3874 Πᾶσα
3557 3819 3667 3890 γὰρ
3699 3818 3906 3872 ἀτοπία
3938 3819 4036 3870 ἐπὶ

2433 3919 2852 3992 τῇ’παραϐάσει
2897 3918 2993 3971 τοῦ
3038 3918 3203 3988 νόμου
3252 3910 3566 3985 ὑφίσταται.
3614 3912 3738 3966 Κᾶν
3783 3910 4032 3981 συμϐαίη

2433 4014 2491 4067 δὲ
2524 4013 2655 4084 (2‘2).
2696 4053 2710 4066 .
2750 4052 2764 4066 .
2799 4012 3068 4082 ὑπάρχειν
3094 4051 3109 4073 ,
3167 4008 3278 4062 ἀλλ’
3323 4007 3516 4078 ἄδηλον
3549 4004 3725 4058 τοῦτο.
3768 4045 3781 4059 .
3822 4045 3837 4058 .
3873 4021 3931 4056 αι
3965 4006 4030 4073 τῇ

2433 4107 2688 4176 γυναικί·
2733 4103 2811 4174 τῷ
2861 4105 2916 4156 δὲ
2976 4103 3155 4174 ἀδήλῳ
3201 4103 3300 4155 οὐκ
3341 4101 3457 4153 ἐστι
3507 4097 3637 4169 (23).
3677 4139 3691 4151 .
3731 4138 3744 4150 .
3781 4096 4031 4167 παριδεῖν

2433 4203 2524 4255 τὸν
2557 4203 2740 4272 νόμον.
2791 4199 2977 4265 Ἐτέθη
3012 4199 3066 4252 δὲ
3099 4200 3127 4251 ὁ
3168 4197 3329 4267 νόμος
3373 4189 3562 4272 οὗτος,
3606 4192 3726 4253 ἵνα,
3762 4183 3838 4244 ὧν
3870 4191 4028 4260 ἀφεί-

2434 4297 2556 4349 λετο
2587 4299 2615 4349 ὁ
2661 4296 2888 4356 θάνατος
2920 4294 3010 4345 τὸν
3043 4289 3497 4358 τετελευτηκότα,
3548 4285 3800 4340 τουτέστι
3832 4285 3934 4356 τῆς
3966 4301 4025 4335 τε

2437 4389 2775 4459 πατρότητος
2809 4387 2902 4439 καὶ
2933 4384 3028 4437 τοῦ
3061 4382 3420 4454 κληρονόμου,
3442 4379 3616 4434 ταῦτα
3636 4379 3903 4450 παράσχῃ
3935 4379 4027 4429 αὑ-

2435 4483 2515 4553 τῷ
2547 4485 2613 4554 τῇ
2646 4480 2740 4535 τοῦ
2774 4480 2941 4550 νόμου
2980 4479 3226 4550 προνοίᾳ.
3277 4477 3341 4529 Ei
3382 4474 3494 4547 γὰρ
3530 4471 3886 4545 μνημοσύνης
3919 4473 4028 4524 ἓνε-

745 4572 962 4625 ratione
1015 4571 1133 4626 haec
1175 4567 1316 4623 Deus
1365 4567 1683 4622 hominibus
1733 4577 1995 4638 praestare
2054 4569 2329 4649 dignetur,

2438 4594 2531 4629 κεν
2577 4576 2670 4629 καὶ
2725 4574 3090 4645 κληρονομίας
3134 4571 3274 4643 πρὸς
3315 4569 3409 4623 τὸν
3447 4569 3624 4639 γάμον
3657 4567 3708 4619 οἱ
3753 4563 4023 4635 ἂνθρωποι

749 4662 996 4717 inutilem
1017 4677 1131 4715 rem
1155 4676 1266 4715 non
1288 4657 1432 4714 esse.
1461 4659 1608 4715 Inest
1629 4670 1809 4715 autem
1830 4660 1955 4715 huic
1985 4660 2088 4732 legi
2117 4662 2330 4715 etaliud

749 4755 1122 4817 commodum,
1175 4762 1231 4808 ut
1289 4753 1466 4808 haeres
1500 4753 1603 4808 hac
1637 4753 1954 4824 nuptiarum
2013 4756 2333 4810 accessione

749 4855 969 4902 maneat
996 4848 1049 4900 in
1077 4848 1265 4900 eadem
1302 4846 1467 4911 tribu,
1505 4862 1607 4903 nec
1639 4855 1881 4903 transeat
1927 4848 1994 4903 ad
2045 4851 2204 4905 aliam
2234 4851 2335 4903 tri-

751 4939 916 5005 bum;
968 4950 1021 4992 et
1064 4941 1192 5008 quia
1219 4941 1395 5010 primo
1438 4941 1556 4994 viro
1586 4942 1754 4995 semel
1793 4942 2084 5011 conjuncta
2138 4945 2334 4999 mulier

753 5049 923 5086 unum
973 5047 1174 5101 corpus
1238 5034 1380 5086 iacta
1433 5044 1546 5098 est,
1598 5042 1882 5103 propterea
1915 5051 2023 5089 non
2068 5035 2126 5089 ﬁt
2180 5047 2335 5107 pater

755 5125 946 5178 aliena:
969 5124 1136 5193 prolis
1163 5123 1478 5186 defunctus,
1510 5123 1605 5178 sed
1634 5126 1805 5189 illius,
1831 5142 1950 5197 qua!
1999 5144 2066 5182 ex
2112 5133 2336 5200 proprio

752 5216 929 5286 ipsius
955 5230 1188 5286 corpore
1235 5223 1490 5286 generata
1541 5224 1645 5272 est.
1676 5217 2147 5283 Quemadmodum
2189 5224 2336 5276 enim

894 5373 940 5402 ⁷³
970 5371 1127 5425 Deut.
1175 5387 1306 5437 xxv,
1331 5371 1385 5427 5.

819 5527 836 5594 (
851 5526 929 5596 l9)
970 5525 1544 5595 Καταλογιζομένων.
1591 5529 1869 5582 Immerito
1903 5543 2129 5596 prorsus
2188 5529 2334 5582 hanc

753 5612 941 5651 vocem
973 5599 1167 5650 lacuna
1204 5598 1491 5665 interiecta
1543 5597 1845 5652 diviserant
1874 5596 2104 5652 librarii.
2160 5596 2331 5653 Paulo

755 5675 880 5740 ante
895 5667 1202 5740 Alegendum
1229 5668 1461 5740 videtur
1475 5667 1580 5740 τῶν
1608 5669 1713 5740 ύπε
1722 5686 1916 5740 ρτεταγ
1924 5669 2117 5739 μένων.

828 5737 940 5806 (20)
979 5738 1199 5791 Μόνου.
1233 5737 1377 5809 Nihil
1413 5738 1500 5791 hic
1532 5737 1748 5792 videtur
1803 5737 2098 5794 desiderari
2141 5751 2338 5809 praeter

758 5809 970 5863 litteras
994 5823 1133 5876 quas
1163 5807 1501 5875 adjiciendas
1534 5824 1656 5862 esse
1683 5809 1836 5864 duxi.

826 5877 939 5948 (2i)
963 5877 1198 5933 Λαϐεἴν.
1224 5879 1369 5934 Nihil
1407 5879 1618 5935 videtur
1639 5879 1850 5945 deesse,
1884 5896 2081 5936 sensus
2114 5880 2336 5937 minime

2439 4669 2876 4744 ἔρχοπαι,δῆλον
2891 4660 3172 4737 amanti).
3212 4706 3224 4718 .
3266 4703 3278 4714 .
3315 4655 4024 4744 παρακληθείηθεδςταῦτα

2442 4741 2743 4837 παρασχεῖν
2777 4760 3103 4833 ἀνθρώποις,
3141 4741 3414 4825 ἀνωφελὲς
3446 4741 3514 4808 οὐ
3546 4752 3757 4821 γίνεται
3787 4749 3849 4802 τὸ
3878 4753 4023 4820 πρᾶγ

2444 4873 2537 4924 μα.
2626 4854 2892 4926 Πρόσεστι
2955 4851 3012 4905 δὲ
3057 4850 3234 4920 τούτῳ
3283 4847 3361 4919 τῷ
3405 4845 3553 4918 νόμῳ
3604 4843 3700 4898 καὶ
3741 4843 3934 4913 ἕτερόν
3977 4861 4022 4894 τι

2439 4947 2742 5018 ὠφέλιμον,
2792 4947 2878 4999 ἵνα
2920 4945 3098 5016 ταύτῃ
3153 4945 3218 5013 τῇ
3285 4937 3552 5016 ἐπιγαμίᾳ
3613 4937 3642 4989 ὁ
3691 4936 4022 5008 κληρονόμος

2443 5041 2598 5113 μείνῃ
2632 5043 2689 5092 ὲν
2721 5041 2786 5109 τῇ
2821 5039 2958 5109 αὐτῇ
2995 5037 3134 5107 φυλῇ
3162 5077 3174 5099 ,
3211 5036 3305 5088 καὶ
3355 5033 3428 5104 μὴ
3475 5029 3684 5102 μεταϐῇ
3719 5031 3802 5092 είς
3838 5029 4022 5096 ἑτέραν

2445 5126 2644 5203 φυλήν·
2681 5131 2995 5202 καὶ-ἐπειδὴ
3040 5120 3190 5193 ἅπαξ
3223 5125 3553 5195 συναφθεῖσα
3587 5125 3621 5193 ἡ
3653 5121 3796 5190 γυνὴ
3831 5120 3911 5189 τῷ
3944 5122 4022 5171 ἀν-

2442 5223 2528 5293 δρὶ
2558 5221 2636 5292 τῷ
2668 5221 2869 5293 πρώτῳ
2889 5220 2946 5275 ἓν
2981 5221 3138 5292 σῶμα
3170 5220 3381 5289 γέγονε,
3415 5214 3504 5268 διά
3533 5212 3692 5267 τοῦτο
3722 5212 3786 5263 ού
3822 5210 4019 5279 γίνεται

2437 5542 2689 5581 mancus.

2507 5597 2618 5666 (ἥ)
2666 5597 2942 5667 γΣυμϐαΙη
2985 5597 3071 5650 δέ.
3111 5597 3261 5651 Adde
3303 5600 3522 5667 στεῖραν
3554 5598 4013 5665 γυναῖκα,οιιιιοι

2439 5677 2563 5736 post
2596 5666 2773 5729 τοῦτο,
2802 5666 2940 5719 εἶναι
2967 5668 3211 5720 δυνατόν.

2512 5737 2620 5802 (⁷25)
2658 5740 2776 5790 Οὐκ
2809 5737 2960 5790 ἔστι.
2998 5737 3140 5791 Nihil
3175 5738 3264 5791 hic
3288 5737 3504 5789 videtur
3531 5736 3746 5790 deesse.

2511 5805 2853 5880 (24)_Aﬁ.19r
2895 5807 3006 5862 ὅτι.
3072 5808 3294 5864 Addunt
3341 5807 3560 5880 Langus
3610 5811 3666 5860 et
3701 5805 4016 5877 Sylburgiul

2438 5880 2589 5946 ᾧτινι
2615 5877 2680 5930 ἂν
2713 5876 2915 5947 τρόπῳ.
