4146 6456
214 442 353 498 1385

947 436 1413 505 QUESTIONES
1440 438 1530 493 ET
1564 438 2082 498 BESI’ONSIONES
2114 440 2202 494 AD
2232 439 2716 499 ORTHODOXOS.

3312 446 3447 500 l386

207 556 395 627 πατὴρ
437 553 723 624 ἀλλοτρίας
755 550 916 622 γονῆς
956 552 984 601 6
1015 551 1380 622 τελευτήσας,
1416 552 1548 605 ἀλλὰ
1592 550 1686 606 τοῦ
1721 554 1784 605 ἐκ

1886 554 1977 623 qui
2014 570 2079 608 ex
2107 555 2202 612 tali
2247 556 2630 623 conjunctione
2657 555 2914 625 gignitur,
2950 556 3192 612 defuncti
3219 572 3341 615 esse
3364 559 3448 612 di-

206 651 303 705 τοῦ
340 650 469 703 ἰδίου
504 647 666 700 αὐτοῦ
712 646 959 714 σώματος
990 643 1331 714 τικτομένου.
1372 646 1582 716 Ὠσπερ
1614 644 1722 714 γὰρ
1753 646 1781 696 6

1885 647 2063 711 (itur;
2095 646 2169 699 ita
2198 654 2250 700 et
2277 644 2474 699 mulier
2501 646 2741 700 defuncti
2766 648 3072 716 appellatur
3098 662 3257 701 uxor.

204 742 523 812 τικτόμενος
568 741 633 791 ἐκ
681 739 783 808 τῆς
826 736 1079 807 τοιαύτης
1114 738 1409 805 συναφείας
1462 739 1788 809 ὀνομάζεται
1821 739 1915 791 τοῦ
1953 739 2392 809 τελευτήσαντος,
2438 739 2608 803 οὕτως
2653 742 2747 793 καὶ
2789 742 2821 811 ὴ
2866 739 2998 811 γυνὴ
3060 741 3266 794 ἐκείνου
3328 744 3448 793 ὀνο-

209 833 442 903 μάξεται
475 832 631 901 γυνή-

293 924 642 977 ἘΡΩΤΗΣΙΣ
668 924 831 977 ΡΛΓν.
862 924 925 976 El
950 925 979 976 6
1006 922 1321 995 προλεχθεὶς
1344 925 1505 994 νόμος
1536 932 1641 995 πρὸ
1676 926 1783 978 τῶν

206 1016 416 1087 χρόνων
442 1016 536 1069 τοῦ
569 1015 730 1068 Δαϐὶδ
773 1018 888 1078 τοῖς
924 1015 1283 1086 Ἰσραηλίταις
1311 1016 1637 1081 ἐντέταλται,
1668 1016 1783 1080 πῶς

206 1112 238 1161 6
281 1108 662 1178 εὐαγγελιστὴς
700 1107 975 1168 Ματθαῖος
1010 1106 1118 1160 τῶν
1152 1108 1293 1162 κατά
1328 1107 1486 1177 φύσιν
1535 1109 1784 1180 πατέρων
1820 1140 1825 1143 ν

210 1201 319 1272 πρὸ
346 1200 438 1253 τοῦ
480 1201 643 1254 Δαϐὶδ
688 1201 782 1254 καὶ
828 1200 966 1271 μετὰ
991 1200 1082 1267 τὸν
1108 1202 1270 1255 Δαϐὶδ
1298 1202 1697 1274 ἐμνημόνευσεν
1717 1221 1729 1233 ·
1754 1205 1784 1257 6

207 1293 268 1344 δὲ
295 1294 506 1356 Λουκᾶς
531 1293 635 1364 πρὸ
663 1293 760 1363 μιν
790 1294 884 1346 τοῦ
917 1293 1080 1346 Δαϐὶδ
1117 1294 1225 1347 τῶν
1256 1293 1398 1347 κατὰ
1435 1293 1615 1365 φύσιν,
1647 1294 1784 1365 μετὰ

205 1381 268 1434 δὲ
292 1383 382 1435 τὸν
411 1384 590 1449 Δαϐὶδ,
638 1384 745 1437 τῶν
772 1385 914 1439 κατὰ
946 1386 1109 1457 νόμον
1135 1386 1386 1457 πατέρων
1425 1388 1523 1459 τὴν
1564 1388 1783 1457 μνήμην

209 1476 536 1545 neminem;
566 1477 674 1529 Καὶ
701 1479 748 1529 εί
782 1478 849 1531 τὰ
874 1478 1112 1549 ὀνόματα
1158 1478 1267 1531 τῶν
1307 1480 1448 1535 κατὰ
1489 1480 1649 1549 φύσιν
1690 1482 1783 1535 καὶ

208 1565 351 1618 κατὰ
378 1566 538 1636 νόμον
576 1568 825 1637 πατέρων
852 1570 1268 1641 ἀπαραλείπτως
1310 1573 1447 1642 μετὰ
1474 1573 1571 1642 τὴν
1605 1574 1784 1643 μετοί-

208 1674 374 1727 κησιν
418 1658 735 1723 Βαϐυλῶνος
778 1663 834 1713 ὲν
860 1661 1031 1724 θείαις
1059 1662 1299 1734 Γραφαῖς
1321 1662 1420 1734 οὐχ
1450 1646 1779 1733 εὑρίσκεται,

207 1748 347 1811 ἀλλὰ
374 1749 511 1802 κατὰ
535 1750 806 1820 ἀπόφασιν
822 1752 1147 1825 γέγραπται,
1169 1753 1287 1817 πῶς
1309 1754 1376 1807 τὰ
1402 1754 1544 1808 κατὰ
1566 1756 1779 1825 ἀπόφα-

1945 921 2233 988 QUAEST.
2270 922 2553 979 CXXXIII.
2588 923 2646 978 Si
2677 923 2937 994 praedicta
2967 926 3292 981 constitutio
3320 936 3449 984 ante

1885 1013 2105 1071 Davidis
2151 1026 2396 1086 tempora
2446 1015 2708 1072 Israelitis
2761 1025 2846 1072 est
2897 1018 3258 1088 promulgata,
3311 1036 3450 1088 quo-

1886 1107 2049 1161 modo
2085 1108 2418 1178 evangelista
2466 1107 2751 1163 Matthaeus
2774 1147 2791 1173 ,
2848 1109 3199 1166 naturalium.
3230 1117 3447 1179 patrum

1886 1207 2091 1254 anteet
2131 1207 2255 1269 post
2295 1199 2551 1255 Davidem
2603 1201 2875 1267 meminit,
2920 1198 3100 1255 Lucas
3137 1216 3290 1266 vero,
3323 1210 3451 1257 ante

1885 1289 2142 1346 Davidem
2174 1294 2475 1357 naturales,
2523 1299 2646 1362 post
2686 1291 2945 1348 Davidem
2984 1309 3100 1359 eos,
3133 1294 3224 1363 qui
3249 1309 3449 1348 secun-

1884 1385 2014 1440 dum
2058 1385 2228 1457 legem
2284 1396 2433 1450 sunt,
2484 1386 2729 1440 nominat
2778 1386 3000 1455 patres?
3038 1385 3104 1438 Et
3136 1387 3184 1442 si
3227 1388 3448 1442 nomina

1884 1475 2216 1532 naturalium
2267 1483 2483 1545 patrum
2531 1484 2586 1529 et
2632 1491 2845 1539 eorum,
2890 1477 2985 1545 qui
3037 1476 3339 1531 secundum
3369 1478 3450 1532 le-

1881 1582 2024 1637 gem,
2066 1577 2189 1639 post
2220 1568 2757 1639 transmigrationem
2802 1567 3095 1639 Babylonis
3137 1569 3361 1623 omnino
3392 1570 3449 1623 in

1884 1659 2059 1725 sacris
2084 1674 2194 1713 non
2220 1660 2569 1729 reperiuntur
2593 1660 2784 1715 relicta
2816 1659 3036 1729 litteris,
3069 1659 3165 1716 sed
3194 1676 3293 1730 per
3320 1677 3449 1732 pro-

1882 1750 2183 1806 nuntiandi
2216 1752 2596 1807 auctoritatem
2626 1752 2830 1821 scripta
2858 1760 2987 1808 sunt
3032 1771 3047 1806 :
3078 1753 3353 1823 quomodo
3380 1768 3446 1807 ea

210 1857 297 1892 σιν
326 1841 603 1912 γραφέντα
630 1843 735 1896 ὑπὸ
756 1842 867 1898 τῶν
891 1844 1294 1918 ἀκριϐεστέρων
1622 1848 1780 1919 δυνή-

1884 1858 2003 1913 qua:
2046 1844 2127 1898 sic
2155 1843 2562 1913 pronuntiando
2592 1846 2796 1916 scripta
2839 1851 2991 1909 sunt,
3030 1843 3252 1915 probari
3282 1858 3448 1899 accu-

208 1949 395 1987 σονται
411 1950 429 1998 ;

293 2025 691 2080 ἈΠΟΚΡΙΣΙΣ
723 2028 835 2081 Καὶ
868 2031 899 2082 ό
936 2031 1153 2092 Λουκᾶς
1178 2029 1288 2083 τῶν
1314 2030 1455 2105 κατὰ
1494 2030 1655 2101 φύσιν
1684 2047 1784 2083 πα-

203 2116 382 2188 τέρων
405 2116 498 2171 τοῦ
540 2119 685 2171 Ἠλεὶ
711 2120 979 2192 ἐμνήσθη,
1008 2121 1117 2174 τῶν
1143 2139 1202 2174 τε
1225 2123 1333 2194 πρὸ
1359 2123 1451 2176 τοῦ
1480 2124 1663 2189 Δαϐὶδ,
1691 2126 1785 2178 καὶ

203 2206 316 2260 τῶν
342 2209 481 2278 μετὰ
514 2208 606 2263 τὸν
632 2210 817 2265 Δαϐίδ.
855 2211 911 2264 '0
938 2212 1003 2265 δὲ’
1041 2211 1188 2265 Ἠλεὶ
1217 2212 1376 2284 μόνος
1412 2208 1483 2284 ἦν
1524 2213 1665 2268 κατὰ
1695 2214 1786 2269 τὲν

206 2299 372 2370 νόμον
420 2301 601 2372 πατὴρ
640 2302 734 2355 τοῦ
777 2303 1007 2373 Ἰωσὴφ,
1043 2301 1139 2356 τοῦ
1178 2302 1270 2356 διὰ
1306 2303 1407 2376 τὴν
1442 2305 1582 2359 κατὰ
1623 2305 1786 2377 νόμον

207 2392 431 2462 υίότητα
455 2391 559 2455 ἕως
601 2392 694 2446 τοῦ
719 2392 906 2447 Νάθαν
938 2394 1078 2447 κατὰ
1122 2394 1220 2466 τὴν
1247 2395 1415 2467 αὐτὴν
1446 2396 1629 2466 σχέσιν
1652 2397 1787 2451 ἀνα-

206 2482 460 2553 γομένου.
500 2483 572 2535 Τὸ
609 2482 664 2535 δὲ
695 2483 788 2537 τὸν
831 2485 1106 2557 Δεστεότην
1152 2486 1387 2556 Χριστὸν
1423 2487 1785 2558 ὀνομασθῆναι

206 2573 323 2627 υίδν
370 2570 464 2627 τοῦ
508 2575 702 2646 Ἰωσὴφ
748 2575 844 2629 δύο
887 2578 1132 2649 πατέρας
1175 2579 1491 2650 ἐσχηκότος,
1538 2580 1786 2650 τὸννμὲν

207 2667 351 2721 κατὰ
384 2668 568 2738 νόμον,
604 2668 695 2721 τὸν
719 2666 777 2720 δὲ
808 2669 949 2721 κατὰ
982 2659 1163 2738 φύσιν,
1208 2672 1243 2740 ἡ
1294 2668 1415 2723 θεία
1464 2671 1623 2744 χάρις
1648 2670 1787 2742 ᾠκο-

209 2759 466 2831 νόμησεν,
508 2760 593 2813 ἴνα
622 2762 751 2815 ὅταν
795 2752 1082 2832 ἀκούωμεν
1126 2761 1217 2815 τὸν
1265 2763 1498 2835 Χριστὸν
1538 2762 1653 2817 υίὸν
1689 2764 1786 2835 μὲν

205 2852 340 2904 ὄντα
379 2851 472 2905 τοῦ
512 2854 728 2925 Ἰωσὴφ,
772 2853 847 2925 μὴ
878 2854 1202 2925 γεννηθέντα
1251 2854 1309 2907 δὲ
1340 2854 1481 2909 κατὰ
1534 2855 1696 2925 φύσιν
1727 2855 1787 2921 ἐξ

208 2944 394 3008 αὐτοῦ,
428 2946 504 3017 μὴ
538 2945 884 3018 ξενισθῶμεν.
924 2948 1133 3018 Ὠσπερ
1178 2947 1287 3019 γὰρ
1315 2948 1479 3011 αὐτὸς
1520 2951 1549 3002 6
1588 2949 1785 3020 Ἰωσὴφ

208 3037 323 3101 υἱὸς
352 3038 450 3107 μὲν
474 3039 674 3110 ἐκλήθη
701 3040 795 3093 τοῦ
835 3040 1003 3104 Ἠλεὶ,
1025 3039 1100 3110 μὴ
1132 3040 1413 3111 γεννηθεὶς
1434 3041 1491 3095 δὲ
1514 3041 1575 3106 ἐξ
1597 3033 1783 3107 αὐτοῧ,

209 3128 291 3182 ὅτι
321 3129 399 3201 τῷ
430 3130 558 3202 θείῳ
589 3133 740 3203 νόμῳ
768 3131 940 3195 οὕτως
974 3133 1151 3200 ἔδοξεν
1182 3136 1247 3186 ὲκ
1278 3136 1378 3205 τῆς
1406 3136 1661 3203 γυναικὸς
1688 3136 1782 3189 τοῦ

1885 1936 2059 1991 ratius
2092 1951 2207 1991 rem
2238 1936 2643 2007 inquirentibus
2684 1937 2974 2009 poterunt?

1954 2025 2151 2085 RESP.
2206 2026 2271 2081 Et
2314 2027 2498 2083 Lucas
2549 2028 2671 2097 ipse
2719 2027 3316 2097 naturaliumpatrum
3362 2026 3445 2083 Eli

1884 2106 2154 2183 meminit,
2204 2127 2319 2174 tum
2379 2137 2566 2177 eorum
2601 2121 2693 2191 qui
2743 2130 2891 2186 ante,
2944 2130 3058 2176 tum
3114 2137 3303 2178 eorum
3350 2122 3446 2191 qui

1884 2218 2008 2290 post
2039 2211 2293 2268 Davidem
2334 2212 2572 2270 fuerunt.
2606 2214 2690 2268 Eli
2720 2221 2902 2269 autem
2934 2215 3087 2270 solus
3120 2214 3224 2270 fuit
3242 2214 3445 2286 Ioseph

1885 2303 2185 2361 secundum
2240 2304 2411 2375 legem
2441 2314 2617 2375 pater,
2654 2306 2749 2375 qui
2777 2321 2845 2360 ex
2888 2307 2983 2361 lilii
3013 2306 3159 2377 jure,
3210 2308 3358 2378 quod
3396 2308 3448 2363 ei

1884 2396 1973 2451 lex
2019 2397 2315 2463 tribuebat,
2359 2413 2537 2470 usque
2584 2398 2650 2453 ad
2678 2398 2893 2454 Nathan
2919 2400 3110 2456 eadem
3138 2402 3448 2457 necessitu-

1884 2487 2011 2543 dine
2039 2484 2375 2559 perducitur.
2420 2488 2577 2559 Quod
2620 2498 2801 2547 autem
2842 2491 3106 2548 Dominus
3140 2494 3447 2565 appellatus

1883 2585 1971 2635 est
2000 2578 2143 2639 lilius
2171 2578 2396 2652 Iosephi
2446 2582 2586 2639 duos
2634 2592 2819 2654 patres
2868 2583 3159 2651 habentis,
3212 2587 3448 2641 alterum

1886 2672 2189 2727 secundum
2233 2674 2428 2745 legem,
2478 2676 2711 2730 alterum
2746 2675 3056 2732 secundum
3084 2685 3360 2746 naturam,
3392 2678 3451 2733 id

1885 2763 2067 2819 divina
2112 2765 2286 2835 gratia
2334 2774 2691 2838 attemperate
2735 2764 3161 2834 administravit,
3216 2776 3278 2823 ut
3323 2784 3449 2824 cum

1884 2855 2139 2910 audimus
2180 2854 2458 2911 Christum
2487 2871 2612 2912 esse
2640 2856 2810 2927 illium
2842 2855 3090 2927 Josephi,
3133 2874 3236 2913 nec
3262 2866 3449 2914 tamen

1882 2962 1953 3001 ex
1989 2962 2055 3003 eo
2101 2948 2400 3007 secundum
2434 2956 2684 3002 naturam
2714 2950 2980 3019 genitum,
3026 2950 3255 3007 minime
3285 2951 3452 3007 mire-

1884 3052 2028 3091 mur.
2075 3034 2542 3105 Quemadmodum
2574 3040 2718 3103 enim
2746 3037 2949 3110 Joseph
2988 3047 3217 3096 vocatus
3255 3047 3339 3096 est
3368 3039 3450 3095 Eli

1886 3128 2050 3194 ﬁlius,
2095 3144 2208 3185 non
2252 3139 2431 3186 autem
2465 3146 2531 3185 ex
2563 3146 2639 3186 eo
2678 3132 2916 3202 genitus,
2950 3133 3080 3201 quia
3116 3132 3318 3187 divina:
3346 3133 3451 3203 legi

219 3220 367 3274 Ἠλεὶ
395 3221 573 3277 δοῦναι
618 3224 732 3276 υίὸν
774 3225 852 3296 τῷ
895 3226 1064 3292 Ἠλεὶ,
1111 3225 1283 3289 οὕτως
1325 3226 1469 3292 ἔδοξε
1516 3227 1596 3298 τῷ
1645 3226 1783 3297 Θεῷ,

1889 3220 1963 3275 ita
1982 3220 2209 3291 placuit,
2239 3236 2305 3276 ex
2339 3236 2509 3275 uxore
2533 3221 2615 3275 Eli
2647 3222 2778 3277 dare
2808 3224 2981 3277 eidem
3015 3222 3097 3277 Eli
3133 3224 3338 3279 lilium:
3370 3225 3451 3278 sic

209 3313 276 3366 ἐκ
303 3314 400 3383 τῆς
427 3316 681 3382 γυναικὸς
716 3318 808 3371 τοῦ
851 3318 1046 3389 Ἰωσὴφ
1074 3317 1257 3371 δοῦναι
1312 3318 1425 3371 υίὺν
1472 3317 1549 3389 τῷ
1588 3320 1784 3391 Ἰωσὴφ

210 3406 290 3478 μὴ
311 3407 638 3477 γεννηθέντα
661 3410 801 3463 κατὰ
824 3409 985 3480 φύσιν
1008 3408 1069 3474 ἐξ
1103 3408 1291 3464 αὑτοῦ.
1327 3408 1567 3479 Ἰωσὴφ,
1598 3412 1781 3482 φησὶν,

210 3497 339 3565 υίὸς
364 3500 559 3562 Δαϐὶδ,
584 3500 669 3571 μὴ
701 3502 969 3571 φοϐηθῇς
1004 3502 1374 3570 παραιαεεῖν
1398 3488 1632 3573 Μαριὰμ
1672 3504 1787 3571 τὴν

209 3590 459 3660 γυναῖκά
489 3594 703 3646 conn
734 3594 843 3666 γὰρ
876 3597 941 3648 ἐκ
967 3594 1225 3663 γυναικός
1266 3613 1411 3659 τινος
1440 3597 1609 3666 χωρὶς
1652 3614 1786 3667 πορ-

208 3682 356 3747 νείας
378 3686 713 3756 τικτόμενον,
746 3686 861 3749 υἱός
898 3688 1045 3739 ἐστιν
1088 3686 1149 3751 ἐξ
1186 3687 1433 3758 ἀνάγκης
1465 3685 1559 3738 τοῦ
1595 3687 1786 3757 ἀνδρὸς

209 3780 304 3831 καὶ
332 3778 431 3847 τῆς
461 3780 715 3846 γυναικός
732 3790 750 3807 ·’
782 3772 827 3846 ᾧ
858 3779 1044 3850 τρόπῳ
1071 3779 1313 3848 βούλεται
1359 3782 1389 3832 6
1434 3780 1565 3843 Θεὸς
1605 3779 1784 3835 δοῦναι

208 3871 327 3923 υἱὸν
357 3870 434 3941 τῷ
467 3871 635 3941 ἀνδρὶ,
668 3872 700 3943 ἢ
734 3871 821 3924 διὰ
857 3872 1148 3941 συναφείας
1192 3872 1226 3942 ἢ
1271 3873 1438 3943 χωρὶς
1474 3872 1782 3940 συναφείας.

208 3962 323 4014 Οὐκ
356 3964 623 4031 ἀποφάσει
642 3963 697 4015 δὲ
728 3964 997 4034 χρώμενοι
1028 3966 1078 4016 οί
1105 3965 1485 4033 εὑαγγελισταὶ
1510 3966 1608 4036 τὴν
1634 3965 1787 4019 ἔκθε-

211 4071 297 4110 σιν
328 4056 649 4125 έποιήσαντο
676 4055 783 4107 τῶν
810 4058 869 4108 ὲν
907 4059 1026 4119 ταῖς
1068 4057 1438 4125 γενεαλογίαις
1462 4057 1787 4127 ὀνομασθέν-

209 4163 338 4211 των,
387 4146 522 4199 ἀλλὰ
565 4150 685 4209 ταῖς
728 4147 1027 4219 ἐγγράφοις
1071 4150 1353 4219 ἱστορίαις.
1397 4150 1631 4221 Ἑϐραῖοι
1677 4150 1786 4221 γὰρ

209 4234 350 4309 ἦσαν
382 4239 441 4304 ἐξ
475 4239 740 4311 Ἑϐραίων
782 4242 830 4293 οἱ
873 4240 973 4304 τὰς
1002 4241 1351 4311 γενεαλογίας
1393 4243 1785 4315 συγγραψάμε-

212 4348 293 4383 νοι
317 4330 461 4399 ἆγιοι
481 4332 858 4399 εὐαγγελισταί
879 4349 894 4362 ’
924 4332 1054 4403 παρ’
1082 4329 1165 4396 οἷς
1186 4334 1352 4405 πολλή
1380 4351 1462 4398 τις
1489 4330 1559 4405 ἦν
1585 4336 1786 4407 σπουδὴ

211 4420 306 4473 τοῦ
370 4421 663 4492 ἐγγράφως
722 4422 834 4494 (26)
898 4422 1041 4492 ἔχειν
1090 4425 1190 4495 τῆς
1236 4422 1521 4495 βασιλικῆς
1580 4442 1640 4479 τε
1692 4428 1786 4481 καὶ

226 4514 619 4585 Ἰσραηλιτικῆς
652 4512 763 4585 (27)
804 4515 977 4585 φυλῆς
1017 4514 1117 4586 τὴν
1160 4517 1526 4585 γενεαλογίαν.
1574 4518 1785 4588 ’Δμέλει

215 4607 355 4679 μετὰ
384 4607 482 4677 τὴν
508 4609 571 4659 ὲκ
608 4606 925 4670 Βαϐυλῶνος
954 4607 1211 4661 ἐπάνοδον
1240 4609 1269 4659 6
1299 4609 1529 4681 Ἔσδρας
1566 4609 1660 4673 οὓς
1689 4611 1788 4681 οὐχ

213 4691 371 4771 εὗρεν
421 4701 479 4752 ἐν
522 4698 597 4768 τῷ
636 4698 745 4751 τῶν
801 4699 990 4770 ἱερέων
1040 4698 1321 4770 καταλόγῳ
1368 4700 1787 4771 γενεαλογουμέ-

214 4809 361 4856 νους,
408 4792 625 4853 τούτους
656 4789 907 4855 ἐξέϐαλεν
947 4791 1058 4843 ἀπὸ
1093 4791 1195 4861 τῆς
1238 4791 1517 4863 ἱερατικῆς
1547 4791 1790 4864 λειτουρ-

1887 3309 1998 3364 Deo
2018 3311 2195 3365 visum
2224 3318 2342 3374 est,
2371 3326 2438 3365 ex
2467 3310 2699 3381 conjuge
2724 3310 2969 3382 Iosephi,
3006 3312 3176 3365 tilium
3209 3312 3340 3366 dare
3373 3314 3455 3368 ei-

1885 3400 2007 3456 dem
2034 3400 2269 3472 Josepho
2314 3404 2615 3458 secundum
2660 3412 2916 3461 naturam
2951 3420 3019 3458 ex
3048 3420 3114 3459 eo
3144 3420 3257 3458 non
3293 3406 3453 3474 geni-

1886 3504 2023 3550 tum.
2061 3494 2278 3564 Ioseph,
2328 3496 2424 3562 ait,
2477 3497 2558 3565 ﬁli
2608 3497 2795 3563 David,
2842 3498 2955 3551 noli
3002 3498 3187 3551 limere
3220 3498 3453 3564 accipere

1885 3584 2122 3641 loriam
2142 3588 2412 3659 conjugem
2443 3598 2588 3664 tuam
2616 3584 2689 3646 τις
2714 3604 2835 3643 nam
2870 3589 2923 3643 id
2954 3590 3102 3660 quod
3125 3606 3191 3645 ex
3222 3592 3455 3646 muliere

1886 3684 2162 3750 quapiam,
2198 3681 2403 3751 absque
2451 3689 2642 3750 stupro
2679 3689 2734 3735 et
2781 3680 3143 3739 fornicatione
3190 3684 3451 3753 gignitur,

1886 3774 2200 3830 necessario
2236 3774 2341 3828 viri
2380 3782 2433 3828 et
2463 3776 2649 3830 uxoris
2682 3775 2827 3830 illius
2854 3782 2972 3840 est,
3005 3792 3332 3846 quacunque
3357 3792 3453 3831 ra-

1886 3864 2043 3921 tione
2067 3864 2210 3922 Deus
2236 3865 2367 3920 dare
2402 3866 2534 3920 velit
2568 3853 2737 3919 ﬁlium
2767 3866 2920 3930 viro,
2962 3880 3059 3937 per
3090 3868 3345 3936 copulam
3370 3870 3455 3923 vi-

1887 3958 2108 4025 delicet,
2136 3960 2217 4015 vel
2252 3959 2391 4031 citra
2417 3959 2691 4028 copulam.
2717 3956 3075 4028 Nequaquam
3107 3965 3290 4012 autem
3318 3972 3453 4028 pro-

1888 4052 2176 4107 nuntiandi
2195 4053 2519 4107 auctoritate
2550 4057 2786 4115 utentes,
2819 4048 2914 4104 sed
2949 4050 3200 4105 historiis
3220 4048 3299 4105 ad
3330 4052 3454 4104 a'cta

1888 4146 2175 4215 depositis,
2231 4144 2579 4214 evangelista:
2631 4157 2728 4198 eos
2784 4149 3204 4206 recensuerunt,
3251 4140 3346 4211 qui
3397 4141 3455 4195 in

1888 4237 2220 4308 genealogiis
2264 4237 2639 4290 nominantur.
2685 4233 2818 4287 Nam
2862 4234 3038 4297 sancti
3082 4232 3453 4303 evangelisttc,

1887 4329 1982 4399 qui
2016 4329 2361 4400 genealogias
2408 4328 2770 4397 scripserunt,
2822 4324 3031 4380 Hehrmi
3068 4330 3318 4378 erantex
3348 4321 3459 4378 ﬂe-

1887 4423 2049 4477 braeis
2095 4420 2221 4485 orti,
2272 4420 2415 4490 apud
2461 4435 2600 4490 quos
2655 4419 2890 4489 plurima
2938 4416 3147 4472 exstitit
3191 4430 3347 4481 cura,
3396 4422 3458 4469 ut

1888 4514 2296 4570 commentariis
2331 4513 2495 4583 500
2537 4513 2775 4584 publicis
2824 4510 3247 4579 consignaretur
3292 4509 3458 4580 regia

1890 4617 1945 4663 et
1973 4607 2332 4679 sacerdotalis
2366 4607 2547 4661 tribus
2588 4604 2929 4676 genealogia.
2976 4603 3138 4658 Certe
3166 4610 3292 4672 post
3316 4602 3457 4657 redi-

1844 4760 1847 4767 .
1889 4709 2005 4755 tum
2029 4716 2060 4755 e
2088 4699 2385 4769 Babylone,
2418 4696 2624 4752 Esdras
2657 4698 2701 4728 ⁷⁸
2724 4711 2864 4765 quos
2892 4696 2946 4749 in
2977 4694 3224 4765 catalogo
3258 4707 3457 4765 genea-

1888 4794 2045 4865 logise
2092 4792 2437 4847 sacerdotum
2468 4780 2745 4865 recenseri
2773 4802 2883 4842 non
2914 4786 3145 4851 invenit,
3178 4800 3277 4840 eos
3310 4801 3339 4839 a
3367 4799 3457 4840 sa-

214 4884 360 4954 γίας.
394 4886 504 4938 Καὶ
535 4884 693 4937 τοῦτο
722 4884 998 4937 δείκνυται
1031 4884 1099 4937 ὲκ
1127 4884 1227 4955 τῆς
1258 4878 1439 4953 βίϐλου
1470 4884 1580 4937 τῶν
1607 4888 1787 4952 Παρα-

1887 4886 2258 4959 celjdotalibus
2290 4883 2611 4939 muneribus
2648 4882 2878 4936 amovit.
2906 4883 3082 4950 Atque
3103 4882 3208 4934 hoc
3228 4876 3457 4933 ex‘lihro

214 4978 600 5048 λειπομένων.

294 5069 640 5123 ἘΡΩΤΗΣΙΣ
668 5068 830 5121 ΡΛΔθ.
879 5069 944 5120 El
972 5068 1066 5122 τὸν
1091 5068 1255 5139 νόμον
1278 5070 1393 5132 τοῖς
1430 5068 1794 5141 Ἰσραηλίταις

214 5165 247 5216 6
296 5162 427 5224 Θεὸς
474 5161 563 5214 διὰ
615 5161 890 5223 Μωῦσέως
931 5160 1271 5231 κατέπεμψε,
1318 5160 1435 5224 πῶς
1475 5162 1534 5213 ὲν
1582 5161 1789 5215 πλείοσι
1836 5194 1841 5199 τ

214 5250 399 5312 τόποις
436 5251 533 5320 τῆς
560 5251 709 5313 θείας
742 5252 964 5323 aner];
1007 5252 1171 5321 νόμος
1210 5250 1344 5321 (ἳὸ),
1380 5252 1476 5305 καὶ
1515 5252 1580 5304 οὐ
1622 5252 1787 5323 νόμου

217 5344 513 5416 νομοθέτης
536 5347 566 5398 6
598 5346 837 5416 Μωῦσῆς
862 5345 1223 5417 ὀνομάζεται;

328 5502 376 5534 ⁷⁸
397 5500 588 5557 Matth.
613 5518 650 5567 I,
672 5502 765 5558 20.
874 5502 923 5535 ’⁸
952 5500 1116 5559 Esdr.
1145 5519 1203 5571 ι,
1228 5502 1287 5558 5.

291 5654 402 5727 (25)
458 5655 920 5729 Ἀκριὸεστέρω.
953 5655 1187 5729 μιλειηειιε
1233 5663 1295 5729 et
1331 5653 1788 5729 §ylhurgiushic

447 5727 834 5782 existimarunt
856 5724 1484 5798 νεὼιιωᾟτωδεχθῆναι
1511 5728 1598 5782 vel
1639 5725 1788 5782 aliud

221 5797 421 5936 mgf).
444 5866 795 5935 ἝΠῬάφως.
830 5866 946 5923 "ac
997 5884 1133 5926 voce
1169 5877 1287 5925 acta
1336 5866 1568 5925 indicari
1598 5867 1789 5924 obsera

382 5960 648 6021 ΡΑτιιοι..
693 5960 810 6021 Gn.
848 5962 953 6022 Vl.

1893 4975 2339 5039 Paralipomenon
2392 4981 2562 5043 patet.

1964 5064 2244 5132 QUEST.
2284 5063 2570 5129 CXXXIV.
2616 5062 2689 5118 Si,
2717 5064 2889 5135 legem
2913 5062 3135 5131 ‘populo
3159 5058 3459 5116 Israelitico

1893 5159 2037 5215 Deus
2075 5174 2174 5229 per
2218 5158 2421 5213 Mosem
2452 5158 2625 5221 misit,
2666 5155 2948 5225 quomodo
2980 5156 3035 5209 in
3079 5154 3268 5209 multis
3321 5151 3457 5207 locis

1889 5252 2089 5307 divinae
2127 5251 2427 5322 Scriptura:
2461 5249 2638 5305 Moses
2686 5242 3026 5311 lex'dicitur,
3071 5262 3184 5302 nou
3221 5260 3353 5302 vero
3379 5246 3457 5301 le-

1885 5346 2151 5417 gislator?

1891 5654 2014 5710 vavi
2050 5654 2108 5708 in
2127 5652 2337 5725 Dialog.
2372 5651 2429 5709 S.
2459 5652 2682 5725 Justini.

1958 5723 2555 5797 (27)_’lapa1i,tttcxﬁc.
2591 5723 2901 5797 Legendum
2954 5724 3232 5797 ἱερατικῆς
3262 5726 3455 5782 obser-

1895 5793 2407 5868 vavitiSylburgius.

1962 5865 2071 5937 (28)
2101 5865 2315 5936 Νόμος.
2346 5865 2492 5923 Idem
2512 5867 2639 5939 legit
2672 5868 2731 5921 οὐ
2754 5867 2934 5940 νόμος,
2959 5866 3095 5921 ἀλλὰ
3127 5865 3313 5935 νόμου.

3105 5957 3181 6019 Ut
