4146 6422
670 440 805 497 1387

1368 431 1731 488 APPENDIX.
1774 459 1849 474 —
1883 426 2065 483 PARS
2100 426 2143 483 l.
2188 424 2245 482 S.
2280 419 2552 480 'JUSTlNl
2589 414 2820 477 OPERA
2858 413 3129 472 SPURIA.

3796 409 3945 465 1388

731 551 931 609 RESP.
962 550 1079 608 Mos
1103 557 1189 606 est
1214 565 1325 605 non
1354 557 1569 604 tantum
1594 543 1934 606 hominibus,
1960 542 2054 597 sed
2079 541 2242 597 ctiam

2433 533 2832 590 ’AIIOKPIXIE.
2873 532 3031 595 Ἔθος
3077 527 3224 583 ἐστὶν
3256 527 3318 581 οὐ
3364 526 3523 597 μόνον
3570 526 3682 588 τοῖς
3722 524 3947 598 ἀνθρώ-

664 647 867 704 divinis
916 643 1115 699 litteris
1139 683 1155 707 ,
1200 642 1424 697 nomine
1456 638 1699 695 auctoris
1729 636 1825 707 qui
1868 632 2075 704 aliquid
2106 632 2245 687 dixit

663 746 758 792 aut
805 737 1047 808 scripsit.
1100 735 1407 788 orationem
1440 729 1748 800 appellare,
1783 731 1843 780 ut
1883 723 2044 793 cujus
2076 737 2140 777 ea
2174 722 2246 777 sit

663 833 954 893 indicetur,
1010 835 1071 881 ut
1126 834 1210 880 est
1265 823 1396 879 illttd
1441 843 1454 877 :
1492 818 1719 877 Sedebat
1772 817 2040 873 eunuchus
2089 831 2247 883 super

663 941 846 988 curru,
902 920 1199 993 legebatque
1228 917 1562 988 .prophetam
1619 912 1923 976 Isaiam",
1956 918 2014 977 et
2064 909 2195 963 illud
2230 928 2242 961 ε

666 1014 1003 1070 Abominatio
1050 1008 1421 1071 desolationis,
1470 1021 1587 1076 qua:
1625 1003 1772 1056 dicta
1811 1012 1892 1056 est
1943 1016 1976 1052 a
2022 997 2248 1053 Danista

664 1106 915 1177 propheta
938 1104 1005 1158 ".
1064 1101 1209 1168 Quin
1253 1106 1308 1155 et
1351 1113 1455 1152 nos
1495 1096 1680 1151 dicere
1704 1092 2128 1149 consuevimus:
2153 1098 2249 1145 est

667 1199 801 1254 mihi
845 1196 1110 1268 propheta
1146 1192 1415 1249 Jeremias
1452 1198 1546 1245 aut
1571 1189 1876 1260 apostolus.

739 1374 1021 1445 QUAEST.
1048 1370 1311 1430 CXXXV.
1349 1370 1407 1425 Si
1432 1384 1599 1425 verus
1625 1368 1717 1423 ille
1742 1366 1998 1422 Christus
2028 1372 2132 1428 est,
2155 1363 2248 1434 qui

669 1470 941 1523 actionem
989 1472 1043 1522 et
1091 1464 1513 1535 appellationem
1545 1460 1744 1515 divinae
1776 1458 2076 1527 Scriptura:
2116 1470 2251 1510 con-

667 1568 985 1618 sentaneam
1042 1556 1242 1614 habet.
1291 1554 1570 1609 Christum
1630 1558 1815 1606 autem
1866 1555 2121 1603 vocatum
2182 1548 2248 1602 iri

670 1650 1072 1707 Emmanuclem
1121 1647 1308 1702 divina
1363 1646 1651 1716 Scriptura
1698 1642 1952 1714 praedixit
1970 1642 2019 1676 ⁷⁸
2054 1653 2067 1691 :
2107 1657 2249 1713 quo-

668 1745 830 1800 modo
864 1757 1028 1798 verus
1063 1739 1321 1795 Christus
1356 1736 1770 1794 cxistimabitur
1815 1734 2129 1799 Dominus,_
2154 1731 2249 1801 qui

668 1855 735 1894 cx
766 1853 875 1908 quo
905 1844 1070 1891 natus
1099 1841 1205 1901 est,
1239 1845 1511 1902 nusquam
1544 1826 1917 1882 Emmanuelis
1946 1824 2249 1896 cognomen

670 1930 925 2001 accepit?
976 1926 1277 1995 Postquam
1328 1920 1473 1977 enim
1525 1918 1783 1975 Christus
1814 1917 2056 1981 advenit,
2090 1930 2252 1971 nemo

670 2023 823 2077 illum
877 2015 1249 2073 Emmanuelis
1305 2012 1674 2085 appellatione
1724 2002 2047 2073 nominatim
2106 2006 2254 2063 desi-

669 2101 877 2186 gnavit.

742 2204 941 2260 RESP.
996 2202 1055 2257 Si
1091 2201 1147 2255 in
1187 2197 1521 2269 evangelicis
1561 2193 1975 2249 narrationibus
2016 2192 2254 2245 contine-

671 2308 762 2353 tur
792 2297 1101 2352 divinarum
1156 2292 1223 2346 dc
1256 2290 1478 2345 Christo
1519 2286 1954 2358 praedictionum,
1990 2289 2250 2348 eventus,

674 2403 885 2459 nosque
909 2387 1103 2442 beatus
1134 2381 1423 2436 Matthaaus
1451 2376 1671 2433 edocuit
1702 2376 1881 2446 ipsum
1907 2388 2052 2438 esse,
2091 2386 2252 2443 quem

674 2481 857 2537 divina
886 2476 1172 2548 praedictio
1222 2470 1596 2527 Emmanuelis
1632 2468 1854 2523 nomine
1884 2473 2140 2521 vocatum
2184 2462 2253 2517 iri

672 2571 996 2643 praestituit,
1028 2565 1306 2638 quomodo
1332 2578 1442 2617 non
1479 2569 1711 2616 vocatur
1744 2556 2123 2613 Emmanuelis
2149 2570 2253 2610 no-

674 2658 857 2713 mine?
885 2655 1004 2710 Non
1034 2654 1198 2709 desiit
1224 2659 1406 2706 autem
1431 2656 1633 2709 sancta,
1656 2646 1753 2703 Dei
1782 2647 2050 2708 Ecclesia,
2078 2644 2256 2701 sancti

674 2748 955 2819 Evangelii
997 2746 1248 2803 instituta
1277 2741 1591 2812 disciplina,
1626 2737 2039 2793 Emmanuelem
2071 2736 2257 2807 appel-

674 2844 788 2897 lare
818 2839 1129 2895 Dominum.
1154 2836 1431 2891 Habemus
1464 2841 1645 2888 autem
1668 2830 1875 2886 Christi
1894 2828 2257 2900 appellatione

672 2941 901 2989 czeteras
930 2945 1121 2985 omnes
1164 2928 1408 2982 inclusas
1444 2922 1654 2979 Christi
1702 2922 2117 2992 appellationes,
2150 2919 2256 2974 etsi

675 3040 783 3080 non
815 3021 1071 3078 omnibus
1099 3034 1317 3091 semper
1346 3018 1576 3073 utimur.
1601 3015 1789 3086 Neque
1819 3014 1967 3070 enim
2004 3012 2131 3083 quia
2162 3026 2257 3067 vo-

674 3126 852 3183 catur,
892 3114 1213 3170 Emmanuel
1254 3122 1359 3178 est,
1399 3111 1494 3169 sed
1531 3111 1662 3181 quia
1696 3116 1802 3175 est,
1846 3116 2095 3164 vocatur.

749 3365 1033 3433 QUIEST.
1079 3367 1367 3425 CXXXVI.
1397 3368 1453 3424 Si
1479 3380 1736 3441 parentes
1766 3372 2055 3443 aspernari
2074 3370 2259 3426 divina

675 3467 825 3515 vetat
860 3458 1148 3531 Scriptura
1178 3463 1245 3525 ",
1276 3470 1331 3518 et
1361 3463 1456 3534 qui
1486 3464 1654 3519 vetita
1689 3464 1853 3530 facit,
1889 3473 2149 3537 peccator
2177 3463 2259 3519 di-

676 3553 852 3620 citur,
893 3553 1170 3623 quomodo
1214 3553 1479 3610 Dominus
1512 3555 1793 3621 Christus,
1839 3557 1936 3626 qui
1985 3556 2155 3611 variis
2202 3558 2260 3611 in

678 3645 815 3699 locis
866 3652 1121 3715 parentes
1169 3655 1500 3715 aspernatus
1529 3655 1637 3713 est,
1671 3661 1702 3700 a
1738 3653 1966 3717 peccato
1999 3646 2261 3703 immunis

677 3735 1023 3790 ostenditur?
1056 3734 1193 3788 Nam
1222 3735 1277 3788 in
1316 3736 1548 3805 nuptiis,
1583 3737 1713 3791 dum
1745 3737 1920 3812 dicit:
1955 3736 2096 3805 Quid
2131 3737 2261 3791 mihi

677 3836 727 3882 et
752 3826 869 3892 tibi,
911 3826 1139 3882 mulier?
1186 3827 1232 3859 °°
1273 3836 1504 3884 matrem
1544 3829 1887 3900 objurgavit;
1937 3836 1993 3885 et
2040 3829 2271 3900 quando

680 3921 834 3975 illum
886 3920 1057 3975 voluit
1100 3918 1289 3975 videre
1329 3928 1524 3985 mater,
1574 3929 1805 3976 matrem
1832 3929 1888 3977 et
1921 3920 2121 3977 fratres
2166 3935 2263 3977 eos

682 4017 995 4089 appellavit,
1039 4015 1135 4087 qui
1174 4018 1512 4073 voluntatem
1544 4017 1643 4073 Dei
1683 4018 1893 4073 faciunt
1929 4019 1996 4075 “.
2029 4019 2109 4074 Ac
2137 4034 2264 4075 rur-

682 4124 779 4165 sus
820 4123 949 4163 cum
974 4109 1169 4163 beatus
1202 4108 1385 4164 dictus
1423 4116 1510 4163 est
1548 4117 1760 4176 venter,
1790 4110 1887 4180 qui
1922 4124 2046 4164 eum
2078 4115 2264 4180 porta-

680 4201 783 4265 vit,
815 4211 884 4269 ,ει
917 4200 1083 4257 ubera
1108 4240 1123 4264 ,
1159 4216 1281 4272 qua:
1318 4216 1442 4255 eum
1492 4201 1862 4268 lactaverunt,
1914 4202 2030 4272 ipse
2072 4202 2263 4258 beatos

683 4292 821 4349 dixit
845 4307 942 4347 eos
970 4293 1065 4364 qui
1104 4292 1444 4347 voluntatem
1480 4290 1579 4347 Dei
1610 4292 1821 4348 faciunt
1847 4293 1932 4359 ⁸²;
1978 4310 2100 4365 quae
2135 4295 2262 4365 qui-

682 4388 805 4444 dem
854 4386 1040 4440 omnia
1096 4385 1164 4440 ad
1211 4384 1600 4440 contumeliam
1643 4386 1839 4441 matris
1873 4388 1940 4441 ab
1979 4402 2045 4442 eo
2073 4387 2263 4443 existi-

2286 1887 2324 1940 Β

2287 3235 2330 3293 C

2348 647 2491 694 ποις,
2525 628 2660 682 ἀλλὰ
2687 627 2782 680 καὶ
2805 628 2871 697 τῇ
2920 624 3038 695 θείᾳ
3078 622 3268 694 Γραφῇ
3292 618 3371 689 τῷ
3399 617 3493 671 τοῦ
3526 618 3815 691 εἰρηκότος
3846 618 3946 672 τὸν

2345 722 2500 790 λόγον
2528 720 2747 790 ὀνόματι
2792 714 3077 786 ὀνομάζειν
3120 713 3211 766 τὸν
3236 712 3415 781 λόγον,
3451 711 3530 773 είς
3564 708 3799 779 δήλωσιν
3840 708 3944 762 τοῦ

2345 814 2490 877 τίνος
2520 808 2655 865 εἶναι
2701 811 2790 864 τὸν
2832 808 2990 876 λόγον
3042 806 3154 878 (29)
3173 822 3188 836 ·
3218 805 3292 868 ὡς
3319 804 3406 857 τό-
3458 800 3745 870 Ἐκάθητο
3775 805 3812 855 ὁ
3840 804 3943 855 εὐ-

2347 902 2569 973 νοῦχος
2616 901 2713 954 ἐπὶ
2765 898 2872 952 τοῦ
2928 897 3208 966 ἅρματος,
3264 895 3361 949 καὶ
3411 894 3779 963 arex-[rma
3830 890 3945 945 τὸν

2350 992 2664 1063 προφήτην
2723 990 2973 1063 Ἡσαΐαν
2994 1028 3008 1051 ,
3057 989 3152 1041 καὶ
3218 987 3410 1041 πάλιν·
3472 984 3544 1038 Τὸ
3593 981 3940 1052 βδέλυγμα,

2350 1084 2503 1157 φησὶ,
2541 1082 2651 1152 τῆς
2688 1080 3037 1151 ἐρημώσεως
3075 1078 3141 1132 τὸ
3188 1076 3504 1147 εἰρημένον
3537 1074 3620 1140 τῷ
3655 1073 3940 1145 προφήτῃ

2349 1177 2595 1245 Δανιὴλ.
2634 1174 2906 1237 Ὡσαύτως
2930 1173 2986 1226 δὲ
3015 1172 3109 1227 καὶ
3146 1172 3278 1242 ἡμῖν
3310 1169 3430 1232 ἔθος
3460 1166 3660 1235 λέγειν,
3694 1166 3942 1238 ἐκτησά-

2348 1289 2462 1343 μην
2490 1271 2579 1324 τὸν
2606 1269 2889 1341 προφήτην
2933 1265 3221 1336 Ἰερεμίαν,
3253 1262 3287 1332 ἢ
3317 1261 3410 1315 τὸν
3439 1260 3755 1314 ἀπόστολον.

2444 1360 2793 1415 ἘΡΩἸἩΣΙΣ
2824 1358 2988 1411 ΡΛΕ’.
3024 1356 3089 1408 Ei
3126 1352 3376 1426 ἀληθινός
3419 1355 3566 1405 ἐστιν
3594 1354 3624 1405 6
3647 1351 3886 1423 Χριστὸς
3910 1353 3941 1405 6

2350 1454 2447 1526 τὴν
2477 1453 2672 1525 πρᾶξιν
2713 1451 2806 1504 καὶ
2848 1451 2947 1520 τὴν
2992 1447 3183 1518 κλῆσιν
3210 1444 3350 1499 κατὰ
3397 1444 3497 1516 τὴν
3520 1443 3683 1497 θείαν
3715 1442 3939 1515 Γραφὴν

2352 1547 2811 1615 ἐπιδεικνύμενος,
2853 1538 3197 1613 Ἐμμανουὴλ
3232 1537 3289 1591 δὲ
3336 1535 3618 1591 καλεῖσθαι
3655 1536 3751 1589 τὸν
3804 1536 3941 1607 Χριρ

2354 1642 2476 1695 στὸν
2506 1641 2539 1710 ἡ
2573 1636 2691 1691 θεία
2716 1633 2906 1707 Γραφὴ
2935 1630 3327 1705 προηγόρευσε,
3357 1629 3475 1692 πῶς
3497 1626 3751 1698 ἀληθινὸς
3772 1629 3801 1680 6
3828 1628 3941 1679 Κύ-

2356 1748 2470 1805 ριος
2500 1727 2907 1800 νομισθήσεται,
2936 1726 2964 1777 6
3008 1722 3146 1794 μετὰ
3174 1722 3236 1775 τὸ
3275 1721 3530 1793 τεχθῆναι
3566 1717 3820 1792 μηδαμοῦ
3847 1718 3939 1771 τοῦ

2366 1820 2712 1894 Ἐμμανουὴλ
2734 1818 2831 1889 τὴν
2864 1815 3233 1889 προσηγορίαν
3260 1812 3590 1885 δεξάμενος-ς
3617 1812 3807 1876 Οὐδεὶς
3830 1810 3941 1882 γὰρ

2354 1917 2445 1969 τὸν
2483 1906 2703 1968 ἐλθόντα
2738 1909 2970 1983 Χριστὸν
3009 1910 3076 1979 τῇ
3124 1907 3311 1979 κλήσει
3337 1904 3427 1960 τοῦ
3471 1903 3822 1977 Ἐμμανουὴλ
3848 1902 3941 1956 ἐπὶ

2356 2006 2552 2071 λέξεως
2581 2002 3042 2080 προσηγόρευσεν.

2443 2184 2842 2242 ἈΠΟΚΡΙΣΙΣ.
2879 2184 2942 2237 Εἰ
2987 2182 3046 2235 ἐν
3080 2168 3197 2243 ¹τοῖς
3235 2176 3607 2247 εὐαγγελικοίς
3638 2173 3941 2245 διηγήμασι

2356 2280 2668 2354 περιέχεται
2716 2276 2827 2329 τῶν
2867 2275 3024 2329 θείων
3061 2272 3187 2344 περὶ
3232 2267 3870 2345 Χριστοῦπρορῤήσεων
3905 2266 3942 2338 ἡ

2357 2374 2599 2437 ἔκϐασις,
2645 2368 2993 2442 παραδέδωκε
3032 2366 3091 2419 δὲ
3126 2366 3258 2435 ἡμῖν
3296 2362 3457 2416 αὑτὸν
3485 2356 3623 2414 εἶναι
3661 2359 3755 2412 τὸν
3799 2356 3944 2412 κατά

2357 2465 2507 2519 θείαν
2552 2462 2854 2535 πρόρρησιν
2904 2455 3303 2531 προορισθέντα
3348 2451 3428 2523 τῷ
3459 2449 3553 2503 τοῦ
3594 2446 3943 2520 Ἐμμανουὴλ

2358 2556 2639 2612 καλεῖσθαι
2691 2553 2917 2624 ὀνόματι
2982 2551 3011 2600 ὁ
3047 2548 3314 2620 μακάριος
3358 2543 3665 2605 Ματθαῖος·
3716 2540 3839 2604 πῶς
3882 2544 3943 2595 οὐ

2358 2651 2601 2705 καλεῖται
2654 2647 2731 2719 τῷ
2771 2643 2866 2699 τοῦ
2918 2639 3265 2714 Ἐμμανουὴλ
3323 2636 3578 2708 ὀνόματι;
3623 2634 3697 2688 Οὐ
3738 2632 3945 2686 διέλιπε

2358 2744 2414 2798 δὲ
2454 2743 2488 2813 ἡ
2528 2740 2661 2810 ἁγία
2707 2737 2801 2791 τοῦ
2847 2734 2980 2789 Θεοῦ
3030 2729 3322 2803 Ἐκκλησία
3352 2727 3487 2799 (30),
3532 2724 3698 2780 θοῦσα
3747 2728 3813 2778 ἐκ
3849 2724 3950 2795 τῆς

2357 2833 2703 2895 διδασκαλίας
2723 2828 2817 2883 τοῦ
2842 2829 2997 2897 ἁγίου
3013 2824 3369 2893 Εὐαγγελίου,
3388 2823 3443 2875 Ἐ
3453 2818 3734 2892 μμανουὴλ
3756 2817 3954 2887 ὀνομά-

2354 2925 2473 2990 ζειν
2496 2924 2586 2978 τὸν
2613 2922 2837 2994 Κύριον.
2861 2920 3097 2989 Ἔχομεν
3134 2916 3197 2987 δὴ
3229 2917 3287 2968 ὲν
3313 2916 3378 2986 τῇ
3404 2912 3669 2982 ὀνομασίᾳ
3695 2910 3791 2963 τοῦ
3821 2911 3956 2982 Χρι-

2361 3016 2485 3070 στοῦ
2517 3016 2697 3078 πάσας
2728 3012 2827 3076 τὰς
2858 3009 3050 3073 λοιπὰς
3075 3005 3371 3079 ὀνομασίας
3397 3002 3491 3057 τοῦ
3522 3000 3761 3074 Χριστοῦ
3792 3019 3954 3072 περι-

2360 3110 2646 3181 εχομένας,
2674 3110 2721 3161 εί
2748 3108 2840 3159 καὶ
2876 3103 2949 3175 μὴ
2978 3106 3179 3165 πάσαις
3207 3100 3293 3154 ἀεὶ
3318 3096 3654 3169 κεχρήμεθα.
3679 3095 3816 3149 Οὐδὲ
3838 3096 3957 3167 γὰρ

2363 3201 2549 3270 ἐπειδὴ
2576 3199 2842 3259 καλεῖται,
2875 3191 3225 3266 Ἐμμανουήλ
3245 3193 3360 3244 ἐστι
3380 3207 3392 3218 ·
3424 3187 3559 3254 ἀλλ’,
3587 3186 3775 3259 ἐπειδή
3809 3188 3953 3252 ἐστι,

2364 3292 2627 3347 καλεῖται.

2446 3382 2795 3438 ἘΡΩΤΗΣΙΣ
2824 3382 3006 3448 ΡΛΕΓ.
3034 3379 3098 3432 Εἰ
3126 3377 3185 3432 τὺ
3213 3377 3351 3441 τοὺς
3375 3374 3565 3445 γονέας
3596 3372 3808 3426 ἀθετεῖν
3843 3372 3957 3425 ὑπὸ

2361 3476 2457 3548 τῆς
2478 3473 2625 3536 θείας
2653 3471 2875 3542 Γραφῆς
2893 3468 3285 3540 ἀπηγόρευται,
3309 3464 3401 3519 καὶ
3426 3466 3454 3517 6
3484 3461 3686 3534 μετιὼν
3709 3461 3780 3514 τὰ
3807 3461 3958 3533 ἀπη-

2361 3564 2685 3637 γορευμένα,
2715 3558 3037 3631 ἁμαρτωλὸς
3060 3554 3412 3627 ὀνομάζεται·
3441 3552 3558 3616 πῶς
3584 3553 3641 3604 ὲν
3670 3550 3956 3621 διαφόροις

2360 3658 2546 3721 τόποις
2577 3658 2702 3719 τοὺς
2736 3652 2967 3715 οἰκείους
2990 3653 3163 3719 γονεῖς
3198 3651 3227 3702 ό
3266 3646 3543 3717 Δεσπότης
3566 3644 3802 3717 Χριστὸς
3826 3643 3957 3697 ἀθε-

2363 3752 2554 3822 τήσας,
2580 3746 2961 3817 ἀναμάρτητος
2985 3742 3285 3805 δείκνυται;
3316 3739 3406 3791 Ἐν
3438 3738 3535 3808 μὲν
3558 3736 3667 3806 γὰρ
3690 3735 3769 3806 τῷ
3790 3737 3956 3807 γάμῳ

2362 3840 2452 3894 διὰ
2480 3839 2571 3891 τό*
2623 3838 2684 3891 Τί
2720 3835 2849 3905 ἐμοὶ
2888 3834 2986 3887 καὶ
3019 3833 3140 3897 σοὶ,
3176 3832 3350 3901 γύναι
3365 3845 3387 3905 ;ν
3413 3831 3479 3899 τῇ
3538 3826 3704 3899 μητρὶ
3749 3826 3955 3895 λέγειν,

2364 3929 2669 4001 ἐπέπληξεν
2689 3946 2700 3958 ·
2734 3927 2895 4000 ἡνίκα
2921 3923 2978 3978 δὲ
3002 3922 3294 3977 θεάσασθαι
3339 3904 3501 3974 ai.sz
3533 3921 3566 3990 ἡ
3606 3920 3791 3990 μήτηρ
3822 3918 3957 3988 ἠθέ-

2363 4020 2515 4095 λὴσε,
2570 4020 2779 4093 μητέρα
2809 4018 2901 4071 καὶ
2925 4002 3184 4084 ἀδελφοὺς
3210 4015 3337 4076 τοὺς
3356 4012 3417 4065 τὸ
3455 4010 3663 4081 θέλημα
3688 4008 3785 4062 τοῦ
3818 4006 3956 4063 Θεοῦ

2366 4116 2652 4177 ποιοῦντας
2690 4114 2961 4183 ὠνόμασε.
3008 4108 3114 4162 Καὶ
3167 4106 3351 4168 πάλιν,
3382 4106 3471 4158 ὅτε
3513 4100 3884 4175 ὲμακαρίζετο
3917 4103 3952 4171 ἡ

2367 4207 2686 4279 βαστάσασα
2723 4201 2888 4257 αὑτὸν
2921 4197 3115 4261 κοιλία,
3156 4196 3249 4248 καὶ
3277 4196 3325 4247 οἱ
3355 4192 3549 4264 μαστοὶ
3574 4191 3669 4253 οὓς
3698 4190 3952 4261 ὲθήλασε,

2364 4278 2493 4363 τοὺς
2516 4296 2801 4356 ποιοῦντας
2823 4293 2882 4346 τὸ
2906 4290 3115 4361 θέλημα
3135 4288 3229 4341 τοῦ
3252 4284 3386 4339 Θεοῦ
3416 4278 3574 4346 αὐτὸς
3596 4280 3952 4354 ἐμακάριζεν*

2368 4390 2511 4462 ἆπερ
2541 4390 2754 4443 ἅπαντα
2780 4386 2875 4454 ἐφ’.
2897 4383 3050 4454 ὖὸρει
3081 4380 3181 4450 τῆς
3221 4377 3426 4461 μητρὸς
3451 4376 3581 4448 παρ’
3609 4373 3775 4427 αὐτοῦ
3800 4373 3953 4443 νομί-

682 4468 937 4533 mantnt"
925 4478 1102 4542 dicta,
1133 4476 1261 4547 quia
1291 4490 1418 4531 cum
1450 4485 1625 4531 mater
1650 4478 1770 4547 ejus
1801 4478 2082 4533 nominata
2117 4486 2257 4535 esset

2368 4482 2548 4548 ζονται
2564 4479 2833 4549 λέγεσθαι,
2851 4477 2983 4529 διότι
3000 4473 3107 4546 (Si)
3123 4473 3222 4543 τῆς
3240 4470 3445 4543 μητρὸς
3464 4467 3631 4523 αὑτοῦ
3647 4464 3953 4538 ὀνομασθεί-

684 4578 739 4624 et
783 4569 943 4622 beata
995 4567 1315 4638 praedicata,
1361 4564 1479 4644 ipse
1510 4568 1649 4623 alios
1693 4569 1744 4624 ei
1794 4570 2074 4640 opposuit,
2124 4585 2257 4642 quos

2371 4594 2471 4648 σης
2503 4576 2597 4629 καὶ
2634 4570 3085 4645 μακαρισθείσης,
3132 4565 3272 4620 κατὰ
3313 4560 3718 4632 ἀντιδιαστολὴν
3762 4560 3949 4629 αὐτῆς,

684 4662 876 4716 beatos
906 4660 1242 4732 praedicavit.
1288 4659 1413 4715 Haec
1444 4670 1626 4716 autem
1664 4664 1978 4733 Opponendi
2000 4662 2172 4729 ratio,
2206 4673 2265 4718 ut

684 4752 1038 4809 manifestum
1093 4758 1202 4817 est,
1266 4751 1335 4806 de
1398 4754 1697 4809 contrariis
1744 4755 1909 4809 rebus
1972 4756 2262 4826 accipitur.

684 4844 957 4901 Pr‘atcrea
1006 4845 1054 4900 si
1095 4854 1347 4900 sanctam
1371 4844 1653 4917 Virginem
1687 4847 1743 4900 in
1776 4854 1941 4903 tanta:
1975 4847 2265 4918 dispensa-

685 4936 851 4991 tionis
904 4934 1272 4995 ministerium
1305 4934 1490 5006 elegit,
1537 4936 1815 5006 quomodo
1857 4936 2079 5007 indigna
2113 4920 2266 5001 virgo

685 5028 1018 5091 existimata,
1061 5041 1183 5097 qua:
1213 5028 1373 5083 beata
1410 5026 1806 5098 praedicaretur
1845 5027 1917 5082 ob
1944 5042 2011 5084 ea
2040 5042 2163 5099 quae
2184 5028 2270 5082 di-

684 5134 773 5178 cta
822 5121 983 5175 sunt?
1012 5118 1171 5187 Quod
1199 5119 1247 5174 si
1276 5136 1397 5190 quae
1430 5120 1578 5175 dicta
1622 5127 1774 5185 sunt,
1811 5135 1999 5176 secum
2031 5121 2268 5176 invicem

685 5213 843 5285 501
870 5222 1144 5283 pugnant:
1174 5212 1451 5281 quomodo
1483 5228 1670 5269 secum
1703 5214 1937 5269 invicem
1969 5214 2268 5287 pugnantia

685 5323 796 5361 non
818 5322 878 5361 se
902 5306 1136 5360 invicem
1165 5304 1508 5359 dissolvent?

792 5428 839 5459 ⁷⁸
863 5428 984 5482 Act.
1007 5441 1129 5488 vm,
1170 5424 1259 5479 ΞΟ.

686 5513 787 5561 ιιι,
840 5497 930 5551 47.

759 5616 869 5687 (29)
905 5617 1069 5672 Εἶναι
1104 5617 1209 5669 τὸν
1243 5616 1463 5687 λόγον.
1516 5614 1733 5679 Melius,
1780 5624 1840 5669 ut
1887 5610 2265 5687 idemmonet,

688 5682 830 5750 τινος
850 5682 1004 5768 ἐστὶν
1025 5688 1054 5739 ὁ
1080 5686 1252 5769 λόγος.
1276 5682 1383 5741 Sed
1413 5686 1503 5740 hic
1525 5688 1762 5757 scriptor
1784 5692 1961 5741 scatet
1990 5682 2266 5751 ejusmodi

689 5772 960 5813 SCI‘IIIOIIIS
989 5772 1176 5811 nams.

764 5827 872 5897 (50)
907 5828 1253 5895 Ἐκκλησία.
1311 5825 1567 5899 Legendo
1590 5827 1834 5899 μαθοῦσα
1863 5822 2103 5880 nihilad
2139 5838 2265 5899 scn-

692 5892 810 5952 sui‘n
837 5892 1166 5966 explendum
1216 5892 1417 5963 deerit:
1448 5892 1625 5967 neque
1664 5898 1719 5952 id
1778 5896 2026 5968 Languln
2056 5903 2109 5951 et
2138 5892 2265 5965 Syl-

1372 5426 1416 5455 ⁷⁷
1443 5423 1632 5481 Matth.
1670 5445 1817 5493 xxrv,
1854 5429 1943 5483 15.

1044 5496 1090 5528 ⁸³
1125 5495 1259 5549 Luc.
1283 5511 1361 5559 ιι,
1394 5494 1485 5550 27.

2051 5428 2097 5461 ⁷⁸
2136 5427 2239 5481 lsa.
2268 5440 2365 5491 vn,

2374 4666 2466 4721 ὑπ’
2490 4666 2653 4720 αὑτοῦ
2680 4662 3123 4737 ὲμακαρίσθησαν
3156 4660 3351 4730 ἕτεροι.
3390 4658 3454 4710 Ἠ
3476 4656 3533 4709 δὲ
3560 4654 3949 4724 ἀντιδιαστολὴ,

2372 4758 2530 4827 δῆλον
2598 4757 2681 4809 ὅτι
2739 4754 2826 4807 ἐπ’
2879 4750 3137 4805 ἐναντίων
3191 4746 3532 4818 πραγμάτων
3600 4742 3947 4814 λαμϐάνεται.

2379 4847 2585 4911 ’Ἄλλως
2617 4864 2675 4900 τε
2700 4848 2748 4898 εί
2781 4845 2880 4916 τὴν
2904 4843 3065 4912 ἁγίαν
3097 4838 3370 4911 Παρθένον
3400 4836 3511 4908 (52)
3540 4836 3619 4899 εἰς
3640 4834 3738 4907 τὴν
3765 4834 3950 4889 τοσαύ-

2373 4957 2473 5012 της
2486 4936 2794 5008 οἰκονομίας
2812 4933 3110 5004 ὑπουργίαν
3136 4929 3468 4990 ὲκλέλεκται,
3490 4925 3608 4989 πῶς
3632 4924 3823 4992 ἀναξία
3850 4941 3949 4996 μα-

2372 5030 2644 5103 καρισμοῦ
2672 5028 2813 5083 κατὰ
2842 5028 2909 5082 τὰ
2936 5022 3299 5097 προλεχθέντα
3344 5023 3377 5092 ἡ
3422 5017 3700 5090 Παρθένος
3740 5018 3948 5087 νενόμι-

2374 5137 2525 5186 σται;
2555 5121 2602 5173 εἰ
2638 5119 2695 5172 δὲ
2725 5118 2797 5171 τὰ
2839 5116 3070 5188 ῥηθέντα
3101 5110 3359 5174 ἐναντίως
3417 5108 3528 5179 ἔχει
3561 5108 3697 5179 πρὸς
3730 5106 3948 5178 ἄλληλα.

2372 5214 2491 5276 πῶς
2516 5211 2586 5265 τὰ
2624 5210 2871 5282 ἀλλήλοις
2912 5206 3129 5261 ἐναντία
3164 5204 3263 5275 τὴν
3297 5202 3427 5274 παρ’
3457 5199 3699 5271 ἀλλήλων
3726 5199 3789 5252 οὐ
3819 5201 3949 5269 λαμ-

2372 5306 2525 5361 6ἀνει
2552 5302 2845 5358 κατάλυσιν
2871 5317 2885 5366 ;

2402 5426 2467 5480 14
2573 5419 2819 5477 "Exod.
2846 5416 3051 5485 xx,12.
3164 5413 3211 5446 ⁸ο
3240 5411 3400 5467 Joan.
3425 5426 3487 5477 ιι,
3526 5410 3582 5465 ι.
3678 5409 3722 5442 ⁸⁸
3760 5406 3949 5464 Matth.

2374 5609 2625 5680 burgium
2658 5607 2835 5680 latuit.

2465 5668 2554 5751 3'1)
2596 5679 2772 5751 Διότέ
2819 5678 2897 5751 Ita
2951 5676 3176 5751 scripsit
3215 5674 3544 5751 Sylburgius
3574 5688 3675 5745 pro
3713 5688 3780 5729 eo
3804 5668 3953 5743 quod

2520 5747 2613 5805 bat
2636 5747 2701 5804 Β.
2741 5747 3169 5818 Stephanus‘6td
3198 5749 3277 5801 τό.

2449 5820 2561 5891 (32)
2590 5810 2916 5889 Παρθένόν.
2947 5818 3012 5873 Β.
3047 5816 3359 5891 Stephanus
3378 5826 3440 5891 et
3469 5831 3604 5873 mss.
3650 5812 3860 5869 addunt
3889 5810 3952 5882 ἣν

2377 5889 2476 5957 εἰς.
2516 5889 2674 5947 Prior
2704 5891 2899 5947 vocula
2934 5892 2988 5945 in
3021 5889 3145 5945 aliis
3166 5889 3495 5945 editionibus
3517 5893 3815 5955 expuncta.

2379 5751 2447 5805 ha
