4146 6426
193 410 218 461 1
232 405 345 461 389

917 400 1378 468 QUE‘STIONES
1411 399 1497 455 ET
1527 397 2048 455 RESPONSIONES
2077 399 2170 453 AD
2209 397 2698 455 ORTHODOXOS.

3307 402 3443 456 1390

277 524 678 577 ἈΠΟΚΡΙΣ1Σ.
703 523 794 588 T6,
822 522 880 575 Ti
909 522 1036 591 ἐμοὶ
1067 521 1164 574 καί
1185 520 1304 585 σοὶ,
1326 521 1535 588 rural;
1557 519 1616 570 οὐ
1636 518 1765 589 πρὸς

1943 515 2140 572 RESP.
2171 516 2329 580 Illud,
2365 517 2506 582 Quid
2537 518 2665 570 mihi
2692 524 2740 570 et
2774 515 2888 579 tibi,
2922 517 3111 569 mulier
3136 517 3208 580 ⁸³,
3238 532 3346 572 ι.οη
3376 521 3442 572 ad

182 616 482 687 ἐπίπληξιν
511 616 727 687 εἴρηται
757 618 822 685 τῇ
860 616 1025 685 μητρὶ
1065 612 1169 666 ὑπὸ
1211 611 1305 665 τοῦ
1337 611 1606 681 Σωτῆρος,
1637 608 1770 662 ἀλλά

181 710 332 781 πρὸς
357 707 576 772 ἔνδειξιν
601 707 694 759 τοῦ
730 707 801 778 μὴ
831 710 862 776 η
874 708 998 776 μᾶς,
1032 706 1216 774 φησιν,
1248 699 1385 756 εἶναι
1415 705 1539 766 τοὺς
1586 701 1769 754 ἀναδε-

180 801 486 872 δεγμένους
515 798 606 852 τοῦ
639 801 695 850 ἐν
739 799 817 868 τῷ
847 798 1008 869 γάμῳ
1036 795 1460 866 ἀναλισκομένου
1501 793 1643 846 οἴνου
1672 792 1770 862 τὴν

184 894 448 965 φροντίδα
469 911 480 921 ·
514 893 660 963 ὅμως
687 893 749 944 ἐκ
777 890 978 958 πολλῆς
1007 888 1247 957 ἀγάπης,
1281 886 1548 950 είθέλεις,
1581 886 1665 938 ἵνα
1695 884 1768 954 μὴ

182 986 350 1056 λείψη
381 987 560 1048 αὐτοῖς
587 979 747 1046 οἶνος,
787 984 906 1036 είπὲ
934 986 1044 1045 τοῖς
1070 981 1386 1052 ὑπηρέταις,
1421 979 1771 1048 ἵναποιήσω-

188 1094 278 1127 σιν
310 1075 344 1127 ἃ.
371 1075 513 1142 λέγω
552 1077 756 1139 αὐτοῖς,
808 1075 901 1126 καὶ
933 1072 1144 1142 βλέψεις
1171 1073 1252 1124 ὅτι
1280 1072 1340 1123 οὐ
1371 1071 1446 1141 μὴ
1475 1069 1644 1138 λείψει
1673 1069 1770 1121 αύ-

183 1170 307 1229 τοῖς
342 1162 508 1229 οἷνος·
546 1167 685 1235 ὅπερ
730 1165 822 1216 καὶ
850 1163 1090 1232 γέγονεν.
1139 1164 1252 1214 Οὐκ
1273 1161 1336 1214 ἂν
1366 1156 1457 1212 οῦν
1501 1159 1642 1223 λέξει
1673 1159 1769 1228 τὴν

189 1255 408 1325 μητέρα
437 1253 760 1324 ἐπέπληξεν,
792 1254 857 1324 ἢν
886 1254 996 1314 τοῖς
1022 1251 1201 1321 ἔργοις
1227 1249 1410 1319 ἐτίμα.
1455 1248 1540 1300 Ἑν
1569 1248 1624 1300 δὲ
1651 1251 1768 1310 ταῖς

185 1343 380 1404 ἄλλαις
413 1346 615 1410 φωναῖς
657 1344 756 1412 οὐχ
808 1343 882 1406 ὡς
915 1339 1230 1412 ἀποστερῶν
1280 1341 1378 1409 τὴν
1415 1339 1623 1409 μητέρα
1672 1339 1769 1409 τῆς

188 1435 507 1506 πρεπούσης
536 1435 721 1504 τιμῆς,
755 1434 887 1487 ἀλλά
928 1432 1166 1487 δείκνυσι
1201 1431 1343 1485 κατά
1372 1431 1532 1484 ποίαν
1571 1432 1770 1502 μητρό-

183 1544 331 1596 τητα
357 1520 662 1596 μακαριστή
695 1528 840 1578 ἐστιν
873 1527 906 1595 ἡ
941 1524 1230 1595 Παρθένος.
1268 1524 1329 1575 Εἰ
1358 1522 1466 1594 γάρ
1500 1524 1526 1574 6
1558 1523 1768 1575 ἀκούων

183 1618 284 1670 τὸν
313 1618 465 1683 λόγον
494 1616 586 1669 τοῦ
616 1616 750 1669 Θεοῦ
764 1617 860 1669 καὶ
886 1616 1188 1686 φυλάττων,
1223 1614 1384 1677 αὐτὸς
1409 1613 1631 1682 ἀδελφός
1655 1615 1767 1666 ἐστι

183 1709 288 1761 τοῦ
317 1708 452 1760 Θεοῦ
487 1710 579 1761 καὶ
614 1708 811 1780 ἀδελφὴ
847 1709 941 1760 καὶ
979 1707 1179 1778 μήτηρ,
1222 1705 1429 1777 προσῆν
1461 1704 1518 1757 δὲ
1554 1708 1620 1775 τῇ
1661 1723 1766 1776 μη-

185 1802 280 1871 τρὶ
305 1801 466 1851 αὑτοῦ
502 1800 810 1870 ἀμφότεραο
844 1798 1002 1868 δῆλον
1033 1799 1114 1850 ὅτι
1145 1797 1285 1850 κατά
1309 1796 1512 1865 ταύτην
1535 1795 1633 1865 τὴν
1667 1813 1767 1866 μη-

183 1868 424 1963 τρὸτητα
460 1892 624 1961 ἐχρῆν
662 1868 1060 1961 μακαρίζεσθαι
1095 1890 1192 1958 τὴν
1236 1889 1444 1960 μητέρα
1479 1886 1664 1941 αὑτοῦ.
1697 1888 1769 1939 Τὸ
1801 1868 1842 1922 Β

186 1984 301 2054 γὰρ
333 1985 546 2036 ἀκούειν
575 1985 664 2036 τὸν
697 1983 852 2051 λόγον
890 1981 983 2035 τοῦ
1019 1981 1152 2035 Θεοῦ
1178 1984 1271 2035 καὶ
1304 1982 1608 2048 φυλάττειν,
1640 1982 1767 2049 ἀρε-

186 2077 290 2145 τῆς
343 2079 456 2128 ἐστι
504 2077 595 2128 καὶ
631 2074 872 2144 καθαρᾶς
930 2073 1125 2146 ψυχῆς,
1179 2075 1304 2144 ὅλης
1347 2074 1482 2145 πρὸς
1517 2074 1605 2126 τὸν
1639 2073 1770 2126 Θεὸν

190 2169 512 2238 βλεπούσης.
561 2168 670 2220 Καὶ
719 2165 903 2236 ἐπειδὴ
953 2166 1012 2217 ού
1062 2165 1159 2236 τὴν
1211 2165 1480 2235 τυχοῦσαν
1540 2168 1769 2232 γυναῖκα

187 2259 522 2324 ὲπελέξατοὸ
546 2258 675 2322 Θεὸς
707 2259 956 2326 γενέσθαι
993 2257 1200 2330 μητέρα
1239 2255 1332 2309 τοῦ
1361 2255 1616 2328 Χριστοῦ,
1637 2257 1769 2310 ἀλλά

187 2352 288 2422 τὴν
319 2351 504 2403 πασῶν
529 2349 802 2417 γυναικῶν
834 2351 951 2411 ταῖς
984 2350 1204 2420 ἀρεταῖς
1231 2348 1650 2419 ὑπερκειμένην,
1683 2348 1769 2400 διά

186 2443 349 2495 τοῦτο
383 2444 476 2494 καὶ
509 2444 534 2493 6
565 2443 797 2512 Χριστὸς
827 2442 932 2493 ἀπὸ
958 2442 1158 2510 ταύτης
1185 2441 1282 2511 τῆς
1323 2439 1522 2510 ἀρετῆς
1556 2439 1764 2491 ἐϐούλε-

184 2553 249 2586 το
288 2532 681 2604 μακαρίζεσθαι
711 2531 809 2602 τὴν
856 2531 1065 2601 μητέρα
1119 2528 1305 2593 αὑτοῦ,
1347 2528 1412 2581 δι’
1450 2523 1518 2600 ἧς
1562 2526 1766 2596 ἠξιώθη

188 2626 457 2698 παρθένος
505 2627 683 2696 μήτηρ
737 2623 1005 2692 γενέσθαι.
1048 2623 1166 2674 ’Ότι
1212 2621 1267 2673 δὲ
1311 2622 1446 2692 πρὸς
1479 2621 1698 2691 ἀτιμίαν
1733 2621 1764 2690 ἢ

187 2719 468 2774 ἀπείθειαν
490 2718 689 2785 γονέων
717 2716 965 2786 οὐδαμῶς
1013 2714 1332 2786 ἐμφαίνεται
1363 2716 1390 2766 6
1410 2713 1641 2784 Χριστὸς
1669 2731 1766 2765 πε-

190 2809 432 2881 ποιηκὼς
452 2826 524 2871 τι,
547 2809 811 2878 μαρτυρεῖ
847 2806 1058 2867 Λουκᾶς
1091 2806 1119 2855 6
1150 2802 1560 2872 εύαγγελιστὴς,
1595 2800 1767 2869 λέγων

188 2903 318 2974 περὶ
348 2899 532 2965 αὑτοῦ,
576 2889 665 2952 ’ὁτι
711 2897 928 2964 κατέϐη
963 2897 1112 2966 μετὰ
1147 2894 1359 2964 Ἰωσὴφ
1414 2895 1510 2947 καὶ
1539 2895 1767 2963 Μαρίας

188 2994 309 3046 ἀπὸ
369 2991 776 3060 Ἰερουσαλὴμ,
836 2990 932 3043 καὶ
985 2985 1063 3058 ἦν
1113 2987 1607 3055 ὑποτασσόμενος
1656 2987 1764 3039 αὐ-

188 3107 335 3140 τΟΙΓ.

271 3178 620 3231 ἘΡΩΤΗΣΙΣ
654 3176 817 3228 PAZ'.
849 3175 909 3227 El
934 3175 1040 3245 1:96
1062 3172 1155 3225 τοῦ
1191 3173 1414 3241 τάφουή
1451 3171 1639 3242 Μαρία
1659 3171 1760 3224 τὸν

188 3270 389 3340 Κύριον
417 3267 493 3338 τῷ
525 3268 679 3338 μύρῳ
707 3253 943 3337 ἤλειψεν,
973 3266 1134 3335 ἡμεῖς
1181 3263 1236 3316 δὲ
1282 3259 1376 3314 τοῦ
1419 3262 1624 3325 πάθους
1667 3263 1760 3315 καὶ

188 3361 286 3430 τῆς
315 3359 660 3420 ἀναστάσεως
709 3355 872 3409 αὑτοῦ
908 3352 964 3408 ἐν
1009 3355 1085 3424 τῷ
1130 3354 1461 3423 βαπτίσματι
1501 3353 1761 3424 τελοῦμεν

186 3452 255 3504 τά
287 3451 546 3523 σύμϐολα,
579 3450 695 3513 πῶς
731 3447 942 3518 πρῶτον
981 3448 1074 3519 μὲν
1094 3446 1256 3515 ἐλαίῳ
1282 3445 1565 3516 χριόμεθα,
1610 3445 1760 3497 ἐπει-

186 3561 254 3596 τα
284 3544 338 3596 δὲ
368 3543 436 3595 τά
491 3541 850 3613 προλεχθέντα
879 3543 935 3592 ἐν
967 3542 1030 3610 τῇ
1067 3537 1418 3608 κολυμϐήθρα
1447 3537 1762 3600 τελέσαντες

191 3634 447 3705 σύμϐολα,
479 3632 556 3702 τῷ
590 3632 742 3702 μύρῳ
774 3629 1179 3702 σφραγιζόμεθα
1213 3628 1455 3698 ὕστερον,
1500 3629 1596 3681 καὶ
1641 3629 1760 3681 κατ’

188 3727 496 3779 ἐναντίωσιν
538 3723 643 3776 τῶν
701 3724 824 3793 περὶ
860 3723 950 3775 τὸν
997 3721 1198 3792 Κύριον
1245 3720 1539 3788 γεγονότων
1589 3719 1760 3772 ταῦτα

188 3822 359 3872 ποιεῖν
386 3819 445 3870 ού
475 3816 786 3886 νομίζομεν,
817 3814 929 3882 εἴγε
964 3815 1175 3884 πρῶτον
1202 3813 1230 3864 6
1265 3811 1466 3882 Κύριος
1496 3811 1574 3882 τῷ
1606 3810 1760 3882 μύρῳ

187 3912 460 3981 ἠλείψατο,
489 3911 581 3962 καὶ
610 3907 832 3978 ὕστερον
863 3906 1061 3969 ἔπαθε;
1092 3905 1215 3968 Πῶς
1242 3905 1300 3958 δέ
1325 3906 1419 3958 καὶ
1442 3905 1501 3956 οὐ
1533 3903 1760 3975 περιττὴ

186 4008 219 4076 ἡ
263 4005 440 4076 χρίσις
474 4002 569 4055 τοῦ
602 4001 781 4054 ἐλαίου
836 3999 1201 4072 προσφέρεται
1248 4001 1358 4061 τοῖς
1407 3995 1760 4067 βαπτίζεσθαι

191 4097 489 4167 μέλλουσιν,
530 4095 642 4162 εἴγε
673 4093 816 4164 μόνῳ
847 4091 925 4169 τῷ
963 4090 1118 4162 μύρῳ
1145 4090 1282 4161 πρὸς
1311 4088 1390 4158 τῷ
1418 4088 1579 4142 πάθει
1614 4088 1752 4159 ἐχρί-

189 4187 288 4258 σθη
321 4189 348 4240 ὁ
381 4185 615 4258 Κύριοςς

270 4277 668 4331 ἈΠΟΚΡΙΣ1Σ.
707 4273 923 4346 Ἐπειδὴ
963 4273 1000 4328 ἀ
1027 4272 1297 4343 ποιεῖ(53)
1373 4313 1388 4325 .
1465 4311 1480 4325 .
1555 4271 1647 4324 τὸν
1678 4271 1762 4322 ἐν-

187 4369 492 4438 ταφιασμὸν
522 4367 658 4438 μετά
693 4351 785 4418 τὸν
820 4364 1048 4417 θάνατον
1097 4361 1261 4415 αὐτοῦ
1307 4364 1450 4414 ποιεῖ
1473 4361 1564 4414 τοῦ
1617 4361 1762 4412 ἐντα-

189 4458 540 4529 φιαζομένου’
583 4459 615 4527 ἡ
655 4457 713 4510 δὲ
765 4455 1010 4527 μακαρία
1037 4453 1224 4524 Μαρία
1251 4453 1356 4523 πρὸ
1405 4451 1497 4504 τοῦ
1529 4451 1758 4504 θανάτου

189 4551 412 4621 ἐμύρισε
440 4548 530 4601 τὸν
555 4548 758 4619 Κύριον
776 4545 937 4616 (κατά
964 4545 1024 4597 :6
1051 4543 1454 4616 γεγραμμένον,
1477 4544 1538 4592 Ὅ
1559 4541 1758 4608 ἐποίη-

1873 610 2308 680 obiurgationem
2357 611 2563 664 dictum
2610 618 2693 664 est
2742 610 2902 664 matri
2938 625 2970 663 a
3005 607 3307 673 Salvatore,
3347 612 3443 666 sed

1873 709 1935 755 ut
1983 700 2315 762 ostenderet,
2347 714 2690 770 nequaquam
2735 715 2836 754 nos
2885 715 3035 764 esse,
3091 700 3297 770 inquit,
3350 701 3444 770 qui

1874 792 1982 845 vini
2029 792 2082 845 in
2144 791 2352 861 nUptiis
2401 790 2758 845 consumendi
2815 805 3000 846 curam
3064 792 3442 862 suscepimus;

1872 884 1967 938 sed
1995 891 2176 938 tamen
2209 867 2275 937 ei
2303 883 2565 953 singulari
2597 883 2884 946 charitate,
2917 884 2960 937 si
2995 882 3100 946 vis,
3132 900 3202 938 ne
3229 882 3445 938 deﬁciat

1871 990 1965 1031 eos
1989 977 2198 1040 vinum,
2223 975 2316 1030 dic
2357 977 2649 1040 ministris,
2676 983 2732 1028 ut
2768 975 2970 1029 faciant
2995 991 3118 1044 qua:
3147 975 3346 1036 dicam,
3379 989 3443 1027 ac

1871 1067 2082 1122 videbis
2112 1081 2218 1120 non
2249 1067 2328 1121 eis
2359 1065 2673 1120 defuturum
2703 1067 2889 1121 viuum
2927 1087 2939 1121 .-
2971 1066 3115 1136 quod
3153 1073 3207 1120 et
3239 1065 3440 1119 factum

1870 1167 1975 1216 est.
2009 1159 2360 1230 Nequaquam
2403 1175 2532 1229 ergo
2581 1167 2809 1213 matrem
2862 1160 3044 1214 verbis
3075 1158 3440 1228 objurgasset,

1870 1267 2035 1324 quam
2087 1253 2398 1306 actionibus
2447 1252 2680 1307 colebat.
2723 1250 2782 1305 ln
2831 1251 2953 1306 aliis
2998 1258 3178 1304 autem
3214 1250 3442 1304 vocibus

1870 1360 1979 1399 non
2012 1353 2238 1398 matrem
2266 1355 2633 1398 consentanea
2661 1344 2871 1397 honore
2897 1343 3095 1412 privat,
3129 1343 3223 1396 sed
3257 1350 3442 1397 osten-

1871 1440 1948 1494 dit
1978 1439 2048 1494 ob
2079 1439 2294 1507 qualem
2339 1438 2531 1492 matris
2561 1439 2775 1491 titulum
2807 1438 2965 1492 beata
3008 1437 3080 1492 sit
3117 1439 3270 1505 virgo
3304 1453 3442 1506 pra:-

1869 1528 2122 1582 dicanda.
2151 1527 2284 1581 Nam
2330 1529 2374 1582 si
2410 1529 2502 1597 qui
2544 1527 2695 1581 audit
2725 1528 2948 1582 verbum
2978 1525 3072 1582 Dei
3118 1535 3172 1581 et
3202 1527 3442 1581 custodit

1871 1617 2025 1682 illud,
2060 1617 2230 1671 frater
2258 1625 2344 1672 est
2374 1617 2467 1672 Dei
2494 1627 2548 1672 et
2575 1633 2731 1672 soror
2757 1631 2809 1672 et
2835 1627 3030 1681 mater,
3059 1631 3122 1671 ac
3152 1626 3443 1687 utrumque

1871 1710 2044 1766 inerat
2071 1711 2232 1764 matri
2270 1711 2418 1780 ejus,
2453 1710 2802 1765 manifestum
2834 1717 2920 1764 est
2951 1709 3020 1764 ob
3060 1710 3202 1764 hanc
3247 1711 3440 1765 matris

1867 1804 2143 1856 notionem
2177 1803 2345 1873 ipsius
2390 1811 2616 1856 matrem
2669 1802 2881 1856 beatam
2933 1801 3104 1858 fuisse
3139 1802 3442 1872 praedican-

1870 1895 2017 1949 dam.
2044 1894 2178 1948 Nam
2219 1895 2408 1948 audire
2435 1894 2658 1948 verbum
2689 1893 2781 1948 Dei
2814 1901 2866 1948 et
2893 1893 3193 1959 custodire,
3220 1893 3441 1948 virtutis

1870 1995 1953 2042 est
1986 1994 2038 2041 et
2067 2002 2212 2057 purae
2249 1988 2462 2051 animai,
2503 2005 2624 2057 qua:
2655 1996 2769 2042 tota
2811 1989 2865 2042 in
2892 1981 3063 2042 Deum
3096 1989 3302 2044 intenta
3332 1997 3437 2043 est.

1871 2073 1936 2126 Et
1967 2077 2092 2145 quia
2126 2091 2233 2130 non
2265 2079 2562 2146 quamlibet
2595 2079 2873 2133 mulierem
2921 2078 3158 2149 elegerat
3184 2079 3348 2144 Deus,
3379 2088 3440 2134 ut

1871 2166 2073 2222 Christi
2110 2176 2281 2223 mater
2310 2168 2484 2233 ﬁeret,
2508 2169 2602 2223 sed
2635 2185 2775 2229 eam.
2811 2185 2932 2240 quae
2967 2171 3220 2226 mulieres
3247 2185 3439 2226 omnes

1870 2263 2167 2317 virtutibus
2205 2266 2522 2334 superabat,
2558 2273 2842 2336 propterea
2885 2264 3138 2320 Christus
3178 2265 3350 2319 voluit
3381 2273 3440 2318 ut

1872 2362 2047 2408 mater
2079 2370 2175 2409 sua
2201 2356 2269 2410 ab
2300 2355 2399 2410 hac
2417 2358 2587 2410 etiam
2619 2358 2817 2411 virtute
2834 2356 2991 2411 beata
3023 2355 3436 2426 praedicaretur,

1870 2461 1964 2515 per
2013 2463 2174 2517 quam
2225 2455 2553 2503 consecutus
2588 2457 2691 2512 est,
2741 2457 2801 2502 ut
2836 2449 2987 2520 virgo
3036 2457 3212 2503 mater
3262 2449 3435 2523 ﬁeret.

1868 2536 2013 2592 Nihil
2041 2547 2222 2594 autem
2271 2555 2300 2594 a
2343 2538 2565 2596 Christo
2619 2539 2823 2595 factum
2871 2541 3128 2610 reperiri,
3165 2541 3311 2612 quod
3346 2549 3441 2596 aut

1869 2633 2210 2687 contumelia:
2254 2634 2306 2687 in
2357 2641 2607 2704 parentes
2644 2641 2738 2687 aut
2774 2641 2979 2703 negatae
3009 2632 3331 2689 obedientia:
3363 2636 3439 2689 si-

1867 2723 2269 2793 gniﬁcationem
2315 2725 2560 2789 haberet,
2602 2733 2829 2780 testatur
2856 2724 3034 2780 Lucas
3083 2727 3436 2796 evangelista,

1867 2816 1959 2884 qui
1987 2815 2052 2870 de
2077 2815 2170 2869 illo
2199 2813 2748 2885 dicitzﬂierosolymis
2777 2816 3040 2872 descendit
3067 2835 3184 2872 cum
3211 2818 3438 2888 Joseplio

1867 2917 1915 2961 et
1951 2906 2160 2968 Maria,
2191 2921 2239 2961 et
2271 2919 2384 2964 erat
2406 2909 2649 2963 subditus
2676 2909 2785 2963 illis
2815 2910 2882 2963 "'.

1936 3147 2213 3224 QUIEST.
2267 3147 2577 3204 CXXXVII.
2613 3147 2669 3202 Si
2711 3162 2840 3204 ante
2893 3149 3230 3219 sepulturam
3269 3148 3437 3204 Maria

1789 3213 1834 3274 Ο
1865 3237 2153 3294 Dominum
2186 3248 2463 3311 unguento
2504 3240 2657 3294 unxit
2684 3240 2751 3303 ⁸⁸,
2803 3256 2904 3295 nos
2960 3250 3139 3295 autem
3166 3243 3438 3311 passionis

1866 3331 1986 3399 ejus
2017 3340 2070 3386 et
2099 3332 2518 3387 resurrectionis
2546 3331 2598 3385 in
2627 3332 2900 3401 baptismo
2926 3332 3266 3387 celebramus
3297 3348 3436 3403 sym-

1865 3422 1985 3476 bola
2008 3468 2021 3489 ,
2054 3439 2151 3478 cur
2176 3425 2410 3494 primum
2433 3425 2552 3479 oleo
2592 3424 2868 3494 ungimur,
2898 3425 3114 3488 deinde,
3145 3435 3437 3496 postquam

1864 3517 2115 3587 pmdicta
2176 3515 2230 3567 in
2286 3514 2504 3568 lavacro
2566 3515 2962 3570 celebravimus
3011 3513 3290 3585 symbola,
3337 3531 3437 3570 un-

1864 3615 2064 3679 guento
2113 3607 2330 3660 demum
2363 3605 2658 3674 ungimur?
2686 3605 2970 3671 Quomodo
3017 3607 3176 3660 nobis
3207 3607 3320 3662 lnaac
3352 3607 3436 3661 fa-

1862 3717 1986 3756 cere
2017 3716 2122 3753 non
2158 3700 2408 3753 videmur
2443 3705 2633 3752 contra
2662 3713 2824 3768 quam
2855 3700 3002 3752 circa
3035 3697 3325 3754 Dominum
3355 3700 3435 3754 ia-

1862 3802 1948 3846 cta
1977 3800 2139 3856 sunt,
2181 3792 2228 3845 si
2262 3791 2480 3859 quidem
2513 3790 2688 3859 primo
2724 3789 2988 3844 Dominus
3020 3801 3300 3862 unguento
3335 3809 3437 3846 un-

1861 3895 2004 3948 ctus,
2039 3884 2232 3939 deinde
2249 3899 2446 3952 passus
2476 3881 2596 3936 est?
2624 3882 2907 3948 Quomodo
2940 3891 3119 3938 autem
3141 3899 3250 3938 non
3275 3886 3438 3940 etiam

1863 3979 2065 4032 frustra
2097 3977 2199 4030 elei
2250 3976 2435 4030 unctio
2478 3975 2765 4029 adhibetur
2813 3976 3179 4044 baptizandis,
3226 3977 3273 4031 si
3315 3978 3440 4046 qui-

1861 4071 1983 4126 dem
2014 4068 2131 4123 solo
2156 4075 2431 4138 unguento
2458 4068 2562 4122 sub
2611 4067 2922 4136 passionem
2972 4075 3172 4121 unctus
3200 4077 3286 4122 est
3328 4066 3437 4122 Do-

1861 4160 2085 4215 minus?

1934 4253 2128 4309 RESP.
2165 4251 2617 4322 Quandoquidem
2648 4266 2769 4320 quae
2811 4249 3053 4306 Ecclesia
3083 4250 3152 4304 ad
3192 4251 3437 4322 sepultu-

1862 4363 1976 4400 ram
2015 4347 2159 4411 facit,
2192 4362 2254 4402 ea
2285 4355 2408 4416 post
2447 4353 2674 4399 mortem
2719 4345 2867 4398 illius
2912 4344 3036 4397 facit
3064 4343 3156 4414 qui
3191 4347 3438 4415 sepultus

1863 4441 1994 4505 fuit,
2027 4441 2186 4494 beata
2219 4446 2398 4493 autem
2430 4437 2597 4492 Maria
2630 4435 2917 4489 Dominum
2951 4436 3106 4489 unxit
3135 4445 3261 4491 ante
3291 4452 3440 4491 mor-

1864 4541 1969 4586 tem
1989 4532 2154 4601 (sicut
2181 4531 2442 4600 scriptum
2469 4537 2584 4584 est:
2619 4527 2772 4594 Quod
2799 4527 2919 4589 fecit
2945 4528 3076 4590 hwc,
3107 4527 3176 4580 ad
3205 4529 3440 4595 sepultu-

188 4605 281 4704 σε,
298 4605 496 4711 Ιφησὶν,
533 4605 704 4704 αὕτη,
725 4605 871 4706 πρὸς
904 4605 1310 4705 ἐνταφιασαόλ·
1328 4652 1446 4703 μου
1474 4605 1749 4699 ἐποίησέ·

1864 4641 1976 4677 ram
2019 4640 2187 4677 meam
2235 4623 2354 4692 fecit
2399 4621 2696 4690 :prwvenit
2735 4620 2874 4673 enim
2907 4631 2961 4672 ut
3005 4628 3216 4689 angeret
3248 4635 3438 4687 corpus

190 4732 571 4802 προλαϐοῦσα
621 4732 730 4800 γὰρ
775 4728 1019 4798 ἑμύρισέ
1065 4745 1184 4797 μου
1231 4726 1294 4780 τὸ
1334 4725 1522 4795 σῶμα.
1573 4725 1646 4778 Τὸ
1702 4725 1759 4777 δὲ

189 4824 573 4893 προλαϐοῦσα
588 4824 706 4896 ἀντι
728 4823 841 4884 τοῦ,
864 4821 969 4894 πρὸ
989 4820 1082 4873 τοῦ
1102 4820 1309 4882 δέοντος
1325 4817 1516 4888 καιροῦ
1534 4817 1634 4888 ἐμύ
1644 4817 1759 4889 ρισέ

194 4932 290 4988 μου
323 4917 386 4968 τὸ
416 4914 592 4985 σῶμα)
617 4929 631 4943 ο
659 4911 747 4965 διά
771 4911 927 4965 τοῦτο
965 4910 1085 4963 οὐδὲ
1113 4910 1319 4979 γίνεται
1353 4911 1472 4961 κατ’
1505 4908 1759 4961 ἐναντίω-

191 5027 291 5072 σιν,
329 5006 460 5061 ἀλλά
474 5007 535 5059 τὸ
556 5007 649 5057 ἐπὶ
673 5002 764 5058 τοῦ
791 5002 993 5074 Κυρίου
1024 5002 1244 5070 γεγονὸς
1276 5001 1382 5071 πρὸ
1413 4999 1507 5052 τοῦ
1543 4998 1756 5071 καιροῦ,

183 5098 342 5153 τοῦτο
374 5099 465 5150 ἐπὶ
515 5097 623 5150 τῶν
652 5093 1058 5166 βαπτιζομένων
1093 5092 1300 5160 γίνεται
1355 5093 1411 5142 ἐν
1459 5089 1536 5161 τῷ
1586 5090 1756 5142 δέοντι

185 5189 383 5260 καιρῷ.
417 5187 693 5258 Χριὸμεθα
720 5185 777 5238 δέ
806 5184 883 5254 τῷ
929 5181 1140 5252 παλαιῷ
1169 5181 1330 5251 ἐλαίῳ
1372 5180 1505 5250 (54),
1543 5181 1631 5232 ἵνα
1673 5198 1757 5247 γι-

187 5267 404 5350 νώμεθά
429 5278 666 5349 χριστοί·
698 5275 775 5347 τῷ
793 5266 862 5330 ’δέ
896 5276 1050 5347 μύρῳ
1077 5274 1212 5345 πρὸς
1235 5273 1532 5342 ἀνάμνησιν
1549 5270 1640 5323 τοῦ
1660 5271 1758 5341 τὴν

291 5417 337 5449 ⁸³
371 5413 526 5470 Joan.
554 5430 618 5479 tt,
651 5415 704 5468 4.

262 5532 369 5603 (55)
399 5529 576 5586 Ποιεῖ.
629 5528 940 5603 Supplendo
983 5525 1274 5603 Ἐκκλησία
1303 5527 1402 5603 είςε
1439 5524 1744 5603 absolutam

197 5595 307 5659 suis
352 5595 596 5656 "numeris
655 5595 977 5655 sententiam
1008 5595 1348 5652 habebimus.
1386 5595 1532 5648 lnlra
1563 5595 1736 5665 legen-

195 5675 317 5729 dum
351 5672 565 5725 videtur
590 5670 677 5723 διά
709 5669 864 5723 τοῦτο
887 5667 1037 5721 οὐδὲν
1064 5667 1289 5735 γίνεται.

262 5741 366 5814 (54)
400 5732 1207 5814 Παλαέῷ-ὲλαίῳηιιεεβιιδιιιιι
1255 5735 1588 5814 existimavit
1625 5732 1749 5814 Syl-

197 5806 414 5882 burgius
436 5810 590 5882 ἀπλῷ
622 5810 800 5880 ἐλαίῳ,
836 5806 1063 5882 simplici
1110 5807 1243 5882 oleo,
1277 5806 1419 5882 quod
1454 5806 1750 5882 opponitur

197 5874 483 5954 unguento.
521 5874 785 5937 Observa}
825 5881 908 5935 vir
939 5874 1119 5950 longe
1171 5874 1544 5943 doctissimus,
1576 5874 1746 5929 Euse-

1865 4733 2034 4769 meum
2059 4716 2124 4770 ⁸⁸.
2157 4715 2290 4769 lllud
2320 4723 2500 4768 autem
2531 4713 2801 4781 praevenit,
2832 4712 2977 4765 idem
3027 4711 3168 4765 valet
3217 4725 3298 4769 ac,
3312 4717 3440 4764 ante

1865 4811 2118 4864 idoneum
2151 4817 2364 4878 tempus
2383 4806 2540 4860 unxit
2569 4820 2771 4873 corpus
2795 4802 3018 4869 meum),
3036 4810 3326 4872 propterea
3353 4801 3439 4855 ni-

1863 4902 1937 4956 hil
1994 4903 2050 4954 lit
2081 4901 2222 4970 quod
2253 4898 2587 4953 contrarium
2619 4898 2709 4959 sit,
2754 4895 2848 4950 sed
2889 4894 3216 4964 quod'circa
3253 4892 3440 4946 Domi-

1865 5009 1992 5047 num
2027 5001 2150 5046 ante
2181 5001 2396 5060 tempus
2438 4989 2638 5042 factum
2667 4997 2769 5050 est,
2804 4986 2857 5040 id
2903 4987 2956 5038 in
3001 4985 3346 5055 baptizandis
3378 4984 3440 5038 ﬁt

1863 5085 2207 5140 convenienti
2253 5090 2518 5151 tempore.
2558 5079 2824 5149 Ungimur
2857 5085 3038 5133 autem
3071 5078 3242 5132 veteri
3291 5077 3435 5138 oleo,

1863 5187 1921 5231 ut
1947 5177 2148 5230 Christi
2179 5174 2477 5228 eﬂiciamur
2497 5216 2510 5238 ,
2543 5179 2821 5240 unguento
2851 5178 3031 5223 autem
3061 5168 3129 5224 ad
3175 5169 3438 5223 recorda-

1864 5270 2064 5323 tionem
2095 5265 2394 5320 Salvatoris
2423 5263 2651 5332 Christi,
2675 5264 2768 5332 qui
2810 5261 3072 5332 unguenti
3118 5261 3433 5316 unctionem

815 5412 862 5444 “
890 5411 1023 5465 Luc.
1057 5426 1118 5474 ιι,
1145 5410 1235 5465 Si.
1293 5408 1340 5440 ³⁵
1363 5407 1553 5462 Matth.
1592 5423 1736 5461 xxvi.
1795 5406 1839 5436 ’³⁸
1861 5405 2029 5460 Mare.
2060 5421 2172 5468 xw,
2200 5403 2253 5457 8.

1850 5523 1973 5576 bius
2005 5518 2290 5574 Renaudot
2323 5517 2532 5586 Perpet.
2568 5513 2692 5569 Fid.
2719 5522 2853 5586 tom.
2875 5513 2952 5586 _V,
2974 5530 3028 5584 p.
3067 5513 3191 5579 H9,
3226 5514 3430 5586 oleum,

1849 5607 1958 5662 quo
1979 5584 2843 5662 ungunturcatec‘humeni,apud
2868 5584 3036 5662 Syros
3069 5586 3261 5662 vocari.
3285 5585 3432 5662 γαλῐ-

1849 5655 2016 5721 λαιον,
2047 5655 2102 5714 ἷά
2141 5667 2227 5716 est
2258 5658 2435 5711 ἔλαιον
2479 5655 2873 5725 ἀγαλλιάσεως,
2909 5655 3083 5725 Oleum
3108 5655 3432 5709 exsultatio-

1850 5734 1953 5788 nis.
1987 5731 2148 5786 Forte
2195 5744 2324 5798 ergo
2370 5724 2607 5797 scriptor
2643 5727 2767 5798 iste,
2798 5742 2973 5798 quem
3027 5724 3226 5798 Syrum
3261 5725 3434 5780 fuisse

1851 5804 2019 5856 multa
2050 5794 2290 5855 indicant
2314 5839 2328 5861 ,
2359 5794 2645 5868 scripserit
2667 5794 3036 5868 Γαλιλαίῳ,ει
3059 5794 3170 5867 quo
3200 5794 3428 5863 factum,

1849 5873 2071 5927 inscitia
2101 5867 2490 5936 librariorum;
2511 5867 2725 5941 παλαιῷ
2752 5867 2934 5944 ἐλαίῳ.
