4146 6422
686 367 821 423 1391
1428 363 1792 422 APPENDIX.
1817 393 1886 405 —
1912 361 2094 418 PARS
2134 364 2174 418 I.
2219 362 2276 418 S.
2316 359 2583 418 JUSTINI
2621 361 2854 419 OPERA
2893 358 3168 418 SPURIA.
3824 357 3986 414 {592

685 485 1018 553 sepulturam
1063 497 1216 536 suam
1265 496 1388 538 esse
1435 479 1626 544 duxit,
1659 495 1723 534 ac
1753 495 1855 534 nos
1890 494 1980 550 per
2031 478 2258 550 ﬁguram

2370 477 2545 548 κρίσιν
2577 475 2672 530 106
2719 478 2890 550 μύρου
2940 471 3305 544 ὲνταφιασμὸν
3356 471 3467 542 (55)
3501 472 3699 525 ἑαυτοῦ
3753 472 3988 539 λογιζο-

684 573 904 645 quidem
929 572 1089 643 502
1124 574 1227 626 hac
1259 575 1311 626 in
1335 558 1466 634 vita,
1492 586 1682 626 revera
1714 581 1893 624 autem
1919 571 1972 624 in
2000 570 2181 624 futura
2206 570 2262 624 in

2370 568 2528 638 μένου
2549 585 2562 596 ·
2601 570 2693 622 καὶ
2714 569 2866 636 τύπῳ
2904 569 3003 639 μὲν
3035 567 3127 619 ἐπὶ
3154 563 3249 616 τοῦ
3295 564 3581 634 παρόντος,
3616 561 3867 632 ἀληθείᾳ
3922 561 3983 612 δὲ

685 665 1237 718 communicationem
1301 662 1620 732 passionum
1673 676 1898 717 suarum
1964 669 2018 715 et
2080 660 2265 732 gloria:

2370 660 2458 711 ἐπὶ
2486 659 2580 711 τοῦ
2615 659 2898 730 μέλλοντος
2931 661 3010 721 είς
3042 658 3141 728 τὴν
3175 657 3454 710 κοινωνίαν
3470 655 3578 726 (56)
3610 653 3722 708 τῶν
3751 671 3816 705 τε
3841 655 3984 705 ἐαυ-

685 757 923 810 vocavit.

756 931 1038 999 QUEST.
1065 930 1395 987 CXXXVIII.
1422 931 1477 986 Si
1507 931 1693 1001 justus
1717 940 1802 987 est
1832 932 1923 1001 qui
1948 939 2276 1000 peccantem

687 1023 757 1076 ob
789 1023 1050 1077 delictum
1083 1021 1400 1088 ulciscitur,
1431 1022 1708 1090 quomodo
1730 1022 1918 1091 justus
1961 1020 2138 1085 Deus,
2169 1021 2266 1092 qui

687 1123 894 1169 tantam
923 1116 1327 1170 multitudinem
1354 1116 1469 1168 neci
1493 1113 1641 1168 dedit
1668 1116 1739 1169 ob
1769 1116 1997 1169 aliorum
2029 1115 2262 1175 delicta:

685 1207 973 1262 Jonatham
1007 1208 1131 1262 dico
1168 1216 1219 1262 ct
1256 1207 1532 1273 Davidem,
1563 1207 1656 1277 qui
1695 1207 1833 1276 lapsi
1878 1215 2026 1274 sunt,
2057 1209 2266 1277 primus

687 1301 906 1369 quidem
935 1299 1104 1370 quod,
1139 1281 1205 1353 ex
1251 1300 1584 1370 ignorantia,
1606 1299 1876 1370 jejunium
1926 1300 2269 1370 degustando

686 1392 847 1447 melle
863 1390 1108 1452 solverit,
1124 1390 1261 1444 alter
1278 1405 1406 1443 vero
1427 1390 1570 1460 quod
1587 1392 1848 1460 populum
1867 1391 2269 1447 inconsiderate

688 1483 1047 1539 recensuerit.
1071 1481 1227 1548 Quod
1258 1483 1304 1538 si
1336 1484 1462 1552 quis
1490 1483 1638 1536 dicat
1662 1484 2009 1538 subditorum
2033 1493 2266 1539 mortem

688 1575 997 1646 principum
1029 1588 1246 1644 pinnam
1285 1574 1486 1640 fuisse,
1521 1576 1796 1647 quomodo
1849 1593 1958 1632 non
2007 1578 2267 1648 injustus,

688 1669 780 1740 qui
808 1669 1128 1722 innocentes
1182 1667 1360 1737 pomis
1410 1667 1674 1736 subjicit?
1722 1667 2005 1733 Quomodo
2035 1684 2144 1723 non
2174 1670 2274 1723 ad-

689 1765 944 1813 versatur
977 1754 1277 1826 Scripturze
1300 1757 1507 1813 dicenti
1543 1773 1557 1808 :
1592 1758 1786 1811 Anima
1815 1773 1932 1827 qum
1959 1761 2272 1825 peccaverit,

689 1851 808 1920 ipsa
837 1849 1140 1904 morietur?
1172 1848 1239 1904 ⁸⁷.

760 1938 960 1994 RESP.
992 1938 1381 1994 Gravissimam
1431 1954 1552 1996 esse
1589 1955 1804 2012 pmnam
1837 1934 2268 2012 delinquentium

689 2048 902 2103 regum,
934 2033 1120 2102 populi
1153 2047 1375 2102 penam
1419 2033 1663 2088 declarat
1694 2036 1811 2104 ipse
1844 2035 2037 2090 beatus
2077 2035 2267 2101 David,

687 2123 820 2177 dum
852 2122 1020 2177 Deum
1055 2133 1333 2193 precatur,
1366 2131 1426 2178 ut
1456 2125 1509 2178 in
1548 2140 1609 2180 se
1635 2135 1692 2179 et
1717 2126 1771 2179 in
1804 2126 2029 2180 domum
2058 2141 2214 2181 suam
2238 2141 2269 2180 a

689 2214 893 2282 populo
950 2213 1161 2284 plagam
1212 2213 1528 2269 transferat.
1599 2214 1844 2285 Regnum
1895 2217 2038 2270 enim
2095 2218 2272 2287 quatit

692 2307 1033 2360 subditorum
1084 2307 1409 2361 imminutio.
1443 2305 1704 2363 Similiter
1731 2319 1784 2363 et
1828 2308 1960 2364 Saul
1984 2309 2270 2365 occisurus

689 2408 808 2453 erat
837 2398 1007 2452 ﬁlium
1052 2414 1212 2454 suum
1253 2397 1567 2464 Ionatham,
1596 2408 1655 2454 ut
1695 2401 1844 2455 illius
1879 2401 2028 2457 caede
2058 2403 2270 2472 plagam

692 2490 877 2560 populi
930 2497 1169 2553 sanaret,
1194 2491 1310 2559 nisi
1357 2506 1633 2561 occupans
1685 2494 1917 2562 populus
1946 2493 2271 2562 jurassetse

690 2598 802 2637 non
836 2598 1130 2653 passurum
1155 2591 1215 2638 ut
1233 2581 1500 2639 Jonathas
1529 2586 1892 2640 occideretur.
1923 2584 1989 2642 Et
2017 2585 2274 2655 quemad-

595 2668 598 2672 ί
692 2673 914 2726 modum
967 2682 1181 2728 constat
1226 2673 1390 2727 homo
1437 2688 1506 2727 ex
1558 2673 1740 2728 anima
1781 2685 1837 2729 et
1879 2689 2149 2744 corpore,
2197 2674 2270 2728 ita

693 2779 923 2834 regnum
955 2780 1024 2819 ex
1068 2779 1197 2834 rege
1247 2773 1301 2819 et
1346 2764 1602 2820 subditis.
1640 2764 1705 2820 Et
1733 2765 2192 2836 quemadmodum
2223 2767 2270 2822 si

691 2856 818 2926 quis
861 2871 1024 2910 manu
1053 2856 1347 2925 deliquerit
1377 2863 1432 2910 ct
1472 2864 1624 2927 tergo
1654 2858 1891 2927 vapulet,
1923 2873 2270 2928 nequaquam

693 2947 918 3016 iniquus
941 2955 1026 3000 est
1049 2946 1143 3016 qui
1169 2961 1292 3000 eum
1317 2948 1594 3014 verberat,
1628 2949 1700 3002 ita
1728 2965 1828 3004 nec
1857 2949 2081 3018 iniquus
2104 2950 2267 3012 Deus,

691 3039 823 3094 dum
857 3039 1115 3109 populum
1146 3039 1303 3107 punit
1344 3039 1415 3092 ob
1444 3055 1628 3107 regum
1674 3039 1893 3094 delicta.
1931 3039 2100 3095 Valde
2125 3043 2272 3096 enim

691 3146 848 3201 reges
883 3145 1083 3200 angere
1109 3130 1246 3185 solet
1275 3130 1457 3200 p0puli
1487 3131 1642 3202 plaga
1701 3131 1796 3187 Est
1825 3133 1970 3188 enim
1994 3134 2151 3206 regni
2180 3149 2276 3204 pu-

693 3222 832 3276 nitio
865 3221 1022 3292 plaga
1044 3221 1252 3290 p0puli.

2362 752 2458 805 106
2511 753 2848 823 παθημάτων
2901 751 2996 805 καὶ¹
3053 751 3154 820 τῆς
3196 749 3353 820 δόξης
3391 749 3540 818 ἡμᾶς
3577 747 3982 816 καλεσαμένου

2366 845 2619 918 Σωτῆρος
2639 845 2896 916 Χριστοῦ.

2449 934 2805 988 ἘΡΩΤΗΣΙΣ
2844 935 3019 987 ΡΛΗ’.
3045 934 3107 986 El
3133 933 3338 997 δίκαιός
3360 933 3504 985 ἐστιν
3533 933 3561 983 6
3585 931 3679 984 τὸν
3703 932 3981 1002 ἡμαρτη-

2367 1027 2500 1082 κότα
2534 1026 2674 1096 ὑπὲρ
2711 1019 2786 1078 ὧν
2814 1025 3024 1096 ἥμαρτε
3048 1024 3477 1094 τιμωρούμενος,
3527 1022 3644 1084 πῶς
3668 1021 3896 1085 δίκαιος
3952 1023 3979 1075 6

2366 1119 2498 1182 Θεὸς
2530 1120 2559 1170 6
2584 1116 2834 1170 τοσοῦτον
2861 1115 2991 1168 λαὸν
3014 1115 3102 1168 διὰ
3129 1114 3446 1183 πταίσματα
3481 1111 3808 1177 θανατώσας
3840 1113 3977 1166 ἐτέ-

2371 1230 2478 1284 ρων
2503 1229 2516 1276 ;
2544 1210 2686 1279 λέγω
2712 1210 2768 1262 δὲ
2812 1207 3144 1269 πταίσαντας
3171 1207 3262 1259 τὸν
3300 1207 3557 1259 Ἰωνάθαν
3599 1207 3694 1258 καὶ
3722 1206 3824 1258 τὸν
3853 1209 3974 1259 Δα-

2368 1300 2454 1355 ὅίδ
2471 1319 2485 1332 ·
2510 1303 2601 1355 τὸν
2621 1303 2716 1372 μὲν
2749 1301 2809 1364 ἐξ
2827 1300 3048 1368 ἀγνοίας
3077 1298 3314 1351 λύσαντα
3343 1298 3441 1368 τὴν
3474 1297 3727 1367 νηστείαν
3745 1299 3819 1367 τῇ
3837 1297 3974 1364 γεύ-

2371 1381 2452 1446 σει
2474 1391 2568 1445 τοῦ
2605 1393 2836 1463 μέλιτος,
2867 1391 2956 1444 τὸν
2990 1390 3046 1441 δὲ
3087 1389 3374 1459 προπετῶς
3417 1389 3509 1441 τὸν
3542 1387 3672 1440 λαὸν
3713 1388 3972 1460 ἀριθμή-

2371 1503 2556 1539 σαντα.
2593 1485 2655 1537 Et
2695 1484 2753 1537 δέ
2807 1501 2889 1547 τις
2931 1482 3080 1550 λέγοι
3107 1483 3182 1547 ὡς
3222 1483 3332 1534 τῶν
3382 1481 3636 1551 ὑπηκόων
3664 1483 3693 1533 6
3724 1480 3968 1542 θάνατος

2370 1578 2462 1630 ἐπὶ
2489 1575 2726 1647 τιμωρίᾳ
2754 1574 2861 1627 τῶν
2899 1574 3175 1644 ἀρχόντων
3215 1572 3442 1641 ἐγίνετο,
3475 1571 3589 1634 πῶς
3624 1571 3725 1623 οὐκ
3756 1570 3968 1635 ἀδικεῖ,

2370 1667 2496 1730 τοὺς
2528 1667 2800 1729 ἀναιτίους
2836 1666 3154 1718 ὑποϐάλλων
3188 1663 3504 1728 κολάσεσιν;
3536 1660 3880 1714 ἐναντιοῦται
3909 1660 3969 1714 δὲ

2370 1760 2435 1828 τῇ
2471 1756 2703 1829 λεγούσῃ
2734 1757 2947 1828 Γραφῇ,
2979 1756 3082 1822 ὅτι,
3124 1754 3298 1823 Ψυχὴ
3325 1755 3364 1822 ἡ
3393 1752 3819 1823 ἀμαρτήσασα,
3862 1755 3969 1806 ait-

2307 1833 2350 1890 Β
2376 1850 2448 1918 τὴ
2476 1849 2856 1905 ἀποθανεῖται
2875 1889 2889 1902 .

2456 1943 2856 1996 ’ΔΠΟΚΡΙΣΙΣἋ
2878 1942 2996 1994 Ὅτι
3028 1937 3330 2012 πικροτάτη
3356 1937 3593 2009 τιμωρία
3635 1936 3745 1988 τῶν
3784 1937 3968 2007 ἡμαρ-

2368 2033 2612 2104 τηκότων
2640 2031 2901 2102 βασιλέων
2935 2032 2967 2100 ἡ
2995 2030 3235 2101 τιμωρία
3285 2030 3377 2081 τοῦ
3412 2027 3563 2090 λαοῦ,
3610 2027 3759 2096 δηλοί
3793 2027 3966 2088 αὐτὸς

2365 2127 2395 2178 6
2427 2126 2693 2196 μακάριος
2723 2123 2906 2187 Δαὸὶδ,
2939 2123 3190 2194 δεόμενος
3218 2121 3313 2174 106
3341 2120 3478 2172 Θεοῦ
3497 2122 3574 2182 είς
3603 2120 3766 2172 αὑτὸν
3784 2138 3846 2172 τε
3866 2121 3966 2172 καὶ

2367 2215 2446 2277 είς
2471 2214 2565 2266 τὸν
2597 2211 2745 2266 οἶκον
2791 2213 2956 2265 αὑτοῦ
3013 2214 3344 2282 μεταγαγεῖν
3377 2211 3485 2264 ἀπὸ
3526 2210 3620 2263 106
3668 2210 3803 2263 λαοῦ
3862 2210 3965 2280 τὴν

2369 2305 2605 2376 πληγήν.
2636 2305 2802 2369 Σάλος
2826 2303 2933 2375 γάρ
2962 2305 3076 2355 ἐστι
3097 2303 3195 2372 τῆς
3229 2302 3506 2372 βασιλείας
3533 2303 3569 2371 ἡ
3595 2301 3824 2371 μείωσις
3852 2302 3966 2353 τῶν

2370 2395 2818 2468 βασιλευομένων.
2888 2394 3159 2457 Ὡσαύτως
3205 2393 3262 2446 δὲ
3314 2395 3409 2446 καὶ
3439 2397 3468 2447 6
3513 2393 3684 2445 Σαοὺλ
3733 2393 3966 2463 ἔμελλεν

2369 2490 2614 2560 ἀναιρεῖν
2645 2489 2738 2541 τὸν
2773 2487 2888 2540 υίὸν
2925 2485 3105 2540 c.6106.
3139 2483 3413 2550 Ἰωνάθαν,
3445 2485 3531 2538 ῐνα
3562 2487 3629 2554 τῇ
3674 2486 3965 2556 ἀναιρέσει

2369 2583 2534 2637 αὐτοῦ
2575 2581 2675 2652 τὴν
2702 2581 2914 2652 πληγὴν
2947 2582 3163 2652 ἰάσηται
3191 2579 3283 2633 τοῦ
3313 2579 3470 2642 λαοῦ,
3497 2581 3546 2631 εί
3582 2579 3657 2649 μὴ
3682 2579 3900 2647 φθάσας
3933 2583 3964 2632 6

2369 2675 2498 2737 λαὸς
2526 2674 2707 2745 ὤμοσε
2765 2674 2838 2743 μὴ
2868 2672 3160 2725 ἀποθανεῖν
3205 2674 3363 2725 ἐᾶσαι
3401 2671 3495 2724 τὸν
3535 2671 3812 2724 Ἰωνάθαν.
3852 2672 3964 2725 Καὶ

2369 2767 2445 2832 ὡς
2463 2767 2746 2836 σύγκειται
2765 2769 2793 2820 6
2808 2758 2904 2821 ἀνθ
2914 2783 3092 2838 ρωπος
3107 2768 3171 2819 ἐκ
3184 2766 3361 2836 ψυχῆς
3383 2766 3474 2819 καὶ
3491 2765 3764 2836 σώματος,
3784 2765 3967 2827 οὕτως

2372 2861 2507 2931 καὶὴ
2527 2860 2772 2930 βασιλεία
2787 2859 3068 2926 σύγκειται
3097 2859 3162 2910 ὲκ
3182 2856 3276 2911 τοῦ
3292 2857 3556 2927 βασιλέως
3572 2856 3666 2909 καὶ
3677 2855 3785 2909 τῶν
3807 2856 3967 2926 βασι-

2372 2949 2694 3020 λευομένων.
2727 2949 2838 3002 Καὶ
2858 2948 3046 3017 ῶσπερ
3070 2949 3393 3020 ἁμαρτήσας
3417 2949 3445 3000 ὁ
3469 2945 3756 3014 ἄνθρωπος
3785 2945 3968 3015 ἀμάρ-

2373 3059 2522 3113 τημα
2569 3042 2658 3095 διὰ
2708 3041 2910 3111 χειρὸς,
2957 3041 3049 3092 καὶ
3095 3040 3343 3110 τυπηθῇ
3380 3039 3460 3101 εἰς
3509 3040 3599 3090 τὸν
3631 3037 3824 3100 νῶτον,
3861 3037 3967 3090 οὐκ

2373 3132 2550 3185 ἀδικεῖ
2575 3133 2603 3184 6
2629 3131 2910 3199 τυπτήσας
2948 3129 3133 3193 αὐτὸν,
3165 3129 3338 3191 οὕτως
3378 3128 3477 3180 οὐκ
3504 3126 3682 3181 ἀδικεῖ
3706 3125 3842 3189 Θέὸς
3869 3127 3967 3179 ἐπὶ

2299 3205 2342 3263 C
2376 3227 2486 3286 τοῖς
2513 3225 2623 3275 τῶν
2641 3221 2902 3292 βασιλέων
2921 3221 3256 3290 πταίσμασιν
3271 3221 3361 3273 τὸν
3377 3220 3504 3272 λαὸν
3525 3219 3769 3289 τιμωροῦ
3778 3237 3965 3288 μενος.

693 3312 964 3380 Μεγάλως
991 3311 1100 3383 γὰρ
1126 3308 1264 3364 οἶδεν
1285 3313 1441 3382 ἀνιᾷν
1453 3313 1579 3376 τοὺς
1605 3313 1841 3383 βασιλεῖς
1862 3317 1894 3386 ἡ
1917 3317 2103 3388 πληγὴ
2119 3316 2214 3371 τοῦ
2246 3315 2399 3369 λαοῦ.
2419 3315 2532 3384 Τῆς
2561 3314 2670 3386 γάρ
2697 3313 2972 3383 βασιλείας
2997 3315 3113 3365 ἐστὶ
3137 3314 3373 3384 τιμωρία
3400 3316 3433 3382 ἡ
3464 3311 3646 3382 πληγὴ
3678 3311 3776 3364 τοῦ
3806 3310 3961 3364 λαοῦ.

765 3405 1050 3474 ουιδτ.
1082 3406 1370 3481 CXXXIX.
1404 3406 1462 3462 Si
1505 3408 1649 3465 Deus
1691 3425 1833 3466 unus
1869 3421 1955 3468 est
1997 3413 2171 3479 Deus,
2205 3414 2276 3467 li-

693 3506 826 3569 quet
849 3514 996 3564 eum,
1028 3499 1083 3552 in
1113 3498 1366 3553 omnibus
1395 3506 1454 3552 ut
1478 3514 1644 3552 unum
1675 3501 1769 3562 sit,
1800 3500 2046 3566 obtinere
2077 3521 2090 3554 :
2124 3503 2274 3556 vide-

695 3589 828 3644 licet
857 3589 1090 3659 simplex
1120 3597 1214 3642 aut
1243 3590 1628 3659 compositum,
1660 3591 1891 3646 mortale
1926 3599 2022 3646 aut
2050 3591 2275 3646 immor-

695 3681 824 3745 tale,
854 3683 1101 3753 genitum
1150 3689 1244 3734 aut
1293 3681 1614 3751 ingenitum,
1648 3683 1870 3752 gignere
1918 3691 2012 3737 aut
2053 3699 2162 3737 non
2193 3684 2276 3752 gi-

695 3788 883 3842 gnere.
939 3771 1061 3837 Quo
1114 3756 1283 3842 igitur
1332 3771 1515 3834 modo,
1567 3785 1714 3827 cum°
1744 3772 1905 3827 Pater
1945 3774 2170 3843 gignat,
2219 3782 2276 3828 et

695 3863 870 3919 Filius
898 3879 1006 3919 non
1041 3866 1264 3934 gignat,
1293 3871 1458 3933 atque
1507 3863 1678 3921 Filius
1720 3867 1996 3936 gignatur,
2029 3873 2084 3920 et
2116 3864 2278 3918 Pater

697 3973 808 4012 non
855 3949 1134 4028 gignatur,
1183 3956 1326 4012 Dens
1359 3973 1502 4013 unus
1552 3960 1738 4013 vocari
1774 3967 1971 4029 potest,
2017 3957 2178 4012 Pater
2221 3965 2278 4012 et

694 4043 872 4105 Filius
916 4056 972 4104 et
1003 4048 1243 4119 Spiritus
1293 4057 1519 4104 sanctus
1554 4066 1567 4101 :
1610 4066 1734 4105 cum
1768 4053 1871 4105 hoc
1917 4051 2094 4121 ipsum
2127 4051 2275 4120 gigni

697 4148 793 4195 aut
821 4155 931 4194 non
959 4141 1130 4210 gigni,
1159 4142 1381 4211 gignere
1414 4151 1507 4196 aut
1552 4158 1661 4196 non
1710 4143 1952 4213 gignere,
2001 4142 2277 4197 contraria

696 4231 810 4286 Deo
840 4233 894 4285 in
921 4246 1044 4286 esse
1068 4232 1369 4300 signiticet?

766 4320 964 4376 RESP.
990 4319 1156 4375 Unus
1188 4322 1330 4395 Deus
1371 4329 1451 4376 est
1474 4361 1489 4384 ,
1520 4323 1908 4376 coexsistentia
1941 4324 2106 4378 trium
2139 4325 2279 4380 αἰγὶς

699 4430 894 4469 narum
949 4412 1431 4468 subsistentiarum
1452 4453 1468 4477 ,
1499 4429 1620 4482 quae
1652 4415 1792 4468 inter
1832 4430 1892 4468 se
1931 4416 2137 4470 distant
2167 4433 2276 4471 non

697 4507 956 4570 essentia,
995 4504 1094 4562 sed
1130 4506 1466 4562 exsistentia:
1511 4506 1708 4561 modis.
1755 4504 2066 4563 Diﬂ‘erentia
2096 4517 2277 4564 autem

697 4600 1032 4655 exsistentize
1057 4598 1364 4663 modorum,
1401 4613 1508 4652 non
1553 4598 1842 4668 distinguit
1875 4601 2128 4655 essentia:
2155 4603 2278 4655 uui-

2460 3409 2809 3462 ἘΡΩΤΗΣΙΣ
2830 3408 2996 3460 PAG’.
3029 3408 3092 3460 Εί
3124 3403 3204 3471 εἷς
3229 3410 3344 3460 ἐστι
3367 3407 3518 3469 Θεὸς,
3549 3407 3729 3477 δῆλον,
3759 3407 3842 3460 ὃτι
3868 3407 3966 3459 καὶ

2376 3503 2552 3556 πάντα
2586 3500 2698 3571 (57)
2749 3500 3012 3569 κέκτηται
3043 3498 3105 3549 τὸ
3138 3495 3277 3552 εἶναι
3321 3500 3378 3550 ἓν
3398 3516 3410 3528 ο
3442 3493 3552 3550 οἷον
3588 3498 3649 3550 τὸ
3691 3498 3898 3550 ἁπλοῦν
3927 3498 3963 3567 ἢ

2374 3597 2436 3647 τὸ
2471 3593 2746 3658 σύνθετον,
2777 3594 2837 3646 τὸ
2871 3595 3062 3664 θνητὸν
3091 3593 3123 3663 ἢ
3165 3593 3228 3646 τὸ
3271 3593 3556 3655 ἀθάνατον,
3594 3591 3657 3644 τὸ
3703 3593 3963 3663 γεννητὸν

2376 3687 2410 3756 ἢ
2431 3687 2493 3738 τὸ
2517 3685 2828 3755 ἀγέννητον,
2855 3685 2916 3737 τὸ
2945 3686 3138 3755 γεννᾷν
3171 3684 3204 3755 ἢ
3237 3685 3298 3736 τὸ
3346 3684 3419 3755 μὴ
3456 3686 3671 3755 γεννᾷν.
3707 3684 3833 3748 Πῶς
3868 3681 3963 3737 οὖν

2375 3778 2470 3830 τοῦ
2503 3779 2600 3848 μὲν
2627 3779 2837 3849 Πατρὸς
2865 3779 3359 3848 γεννήσαντος,’κα“ι
3378 3777 3471 3829 106
3509 3778 3641 3830 Υἱοῦ
3666 3780 3740 3848 μὴ
3772 3781 3960 3848 γεννή-

2379 3888 2603 3933 σαντοςο
2642 3873 2736 3924 καὶ
2786 3870 2880 3923 106
2917 3870 3049 3922 Υἱοῦ
3093 3869 3462 3940 γεννηθέντος,
3512 3869 3606 3923 106
3654 3871 3712 3922 δὲ
3749 3871 3961 3940 Πατρὸς

2380 3963 2460 4033 μὴ
2483 3962 2853 4030 γεννηθέντος,
2876 3961 3095 4014 δύναται
3123 3956 3203 4024 εἷς
3230 3961 3362 4024 Θεὸς
3390 3961 3670 4013 καλεῖσθαι
3698 3963 3726 4014 6
3748 3961 3958 4032 Πατὴρ,

2378 4055 2471 4106 καί
2501 4055 2530 4107 6
2558 4054 2706 4117 Υἱὸς,
2745 4053 2921 4106 καὶτὸ
2961 4052 3204 4122 Πνεῦμα,
3241 4051 3300 4116 ἐξ
3328 4052 3490 4104 αὑτοῦ
3537 4051 3627 4105 106
3667 4051 3957 4118 γεννᾶσθαι

2377 4145 2410 4215 ἢ
2448 4145 2522 4216 μὴ
2552 4144 2866 4214 γεννᾶσθαι,
2903 4146 2996 4196 καὶ
3027 4144 3120 4196 106
3164 4145 3358 4214 γεννᾷν
3389 4144 3482 4197 καὶ
3525 4144 3600 4213 μὴ
3629 4145 3825 4213 γεννᾷν
3863 4145 3957 4214 τὴν

2378 4239 2692 4291 ἐναντίωσιν
2722 4237 3019 4308 κεκτῆσθαι
3046 4235 3432 4306 νομιζομένους

2456 4330 2857 4382 ’ΔΠυΚΡ1Σ1Σ.
2884 4323 2978 4391 Εἷς
3007 4329 3155 4380 ἐστιν
3195 4330 3223 4381 6
3242 4328 3371 4390 Θεὸς
3403 4329 3467 4396 τῇ
3496 4327 3826 4397 συνυπάρξει
3849 4327 3957 4380 τῶν

2379 4419 2544 4490 τριῶν
2565 4420 2722 4473 θείων
2752 4421 3122 4482 ὑποστάσεων,
3165 4419 3276 4472 τῶν
3307 4419 3678 4488 διαφερουσῶν
3717 4419 3957 4488 ἀλλήλων

2378 4513 2439 4564 οὐ
2469 4515 2535 4582 τῇ
2575 4511 2753 4582 οὐσίᾳ,
2798 4510 2935 4564 ἀλλά
2973 4514 3088 4574 τοῖς
3133 4511 3234 4581 τῆς
3277 4510 3562 4582 ὑπάρξεως
3606 4511 3847 4581 τρόποις.
3895 4513 3955 4564 Ἠ

2378 4603 2608 4674 διαιρορά
2625 4604 2680 4657 δὲ
2702 4604 2808 4656 τῶν
2827 4605 2927 4673 τῆς
2953 4603 3237 4674 ὑπάρξεως
3255 4602 3472 4674 τρόπων
3494 4603 3554 4656 οὐ
3583 4603 3780 4675 διαιρεί
3813 4604 3872 4656 τὸ
3900 4603 3954 4656 ἓν

697 4698 887 4745 tatem.
933 4689 1000 4742 Et
1044 4674 1504 4758 quemadmodum
1546 4689 1601 4743 in
1651 4690 1882 4754 Adamo,
1933 4700 1988 4744 et
2038 4691 2186 4757 Eva,
2227 4703 2270 4748 el

2384 4696 2450 4763 τῇ
2472 4695 2647 4766 οὐσία.
2682 4695 2793 4746 Καὶ
2829 4694 3017 4764 ῶσπερ
3042 4694 3137 4745 ἐπὶ
3167 4692 3260 4745 106
3300 4692 3488 4762 Ἀδὰμ,
3526 4694 3623 4745 καὶ
3651 4674 3753 4762 τῆς
3795 4693 3954 4759 Εὔας,

766 4888 810 4918 ⁸⁷
841 4885 1039 4942 Ezech.
1069 4891 1229 4949 XVIII,
1262 4886 1316 4938 4.

771 5081 1382 5153 (ὅῦλγἚνταεριασμόν.
1444 5078 1564 5134 Ιοω
1603 5095 1766 5153 supra
1819 5080 2030 5153 dixerat
2079 5083 2264 5150 sepul-

697 5150 837 5207 turae
864 5150 1074 5208 Christi
1107 5150 1180 5204 in
1245 5151 1652 5220 liac_unguenti
1685 5150 1945 5204 unctione
1975 5151 2264 5221 imaginem

698 5223 969 5279 exhiberi.
1005 5221 1333 5275 Aeeuratius
1365 5225 1537 5275 multo
1593 5221 1834 5291 Cyrillus
1877 5221 2268 5292 Hierosolymi-

700 5302 865 5347 tanus
912 5293 1171 5361 loquitur,
1229 5292 1359 5344 dum
1419 5293 1494 5344 ait
1551 5307 1651 5344 nos
1689 5292 1740 5343 in
1798 5292 2130 5361 haptismate,
2178 5307 2270 5358 per

699 5359 997 5433 quamdam
1034 5361 1454 5433 similitudinem_
1469 5378 1583 5433 una
1629 5378 1746 5412 cum
1789 5359 2002 5433 Christo
2033 5363 2270 5433 cruciﬁgi

701 5431 751 5485 et
776 5434 988 5500 sepeliri
1019 5443 1068 5485 et
1093 5447 1383 5501 resurgere,
1418 5431 1668 5486 Cbristos
1700 5438 1880 5485 autem
1925 5431 2081 5497 eﬂici,
2137 5431 2268 5486 dum

703 5512 984 5571 unguento
1019 5500 1295 5571 ungimur.
1325 5500 1446 5555 Cat.
1475 5502 1566 5563 21,
1598 5518 1652 5554 n.
1695 5503 1744 5555 l.

847 5574 880 5641 ἰ)
903 5575 1006 5637 Εις
1043 5573 1378 5642 κοινωνίαν.
1437 5571 1751 5642 Separanda
1782 5579 1837 5626 et
1879 5571 2267 5641 distinguenda

706 5644 1022 5713 passionum
1051 5651 1104 5713 et
1151 5641 1335 5710 gloria:
1356 5641 1776 5696 communicatio
1795 5682 1810 5699 .
1853 5643 2109 5696 nimirum
2139 5659 2267 5713 pass

708 5715 923 5765 sionum
987 5712 1219 5765 imitatio
1269 5713 1506 5783 imagine
1556 5714 1867 5783 continetur
1912 5713 1968 5766 in
2014 5712 2268 5782 praesenti

709 5783 1066 5851 rita;glorite
1093 5783 1148 5836 in
1176 5784 1346 5839 altera
1393 5782 1690 5854 participes
1737 5797 1928 5838 revera
1981 5783 2265 5838 etlicitnur.

2373 5081 2897 5158 ijcnillustrantur
2940 5100 3005 5140 ex
3059 5087 3227 5142 simili
3289 5088 3408 5142 loco
3453 5085 3949 5158 Cyrilliliierosol.,

2372 5154 2588 5230 (_I_at:2_0,
2611 5173 2661 5230 ῃ.
2689 5157 2743 5230 5Ζ
2763 5157 2827 5230 Ὤ
2849 5155 2998 5220 ξένου
3016 5159 3110 5230 καὶ
3131 5159 3435 5230 παραδόξου
3458 5154 3816 5230 πράγματοςῐ
3841 5161 3949 5212 061

2372 5225 2587 5300 ἀληθῶς
2615 5226 2973 5300 ἀπεθάνομεν,
2995 5229 3101 5280 οὐδ’
3126 5225 3341 5300 ἀληθῶς
3363 5225 3664 5300 ἐτάφημεν,
3686 5229 3802 5300 οὐδ’
3822 5231 3947 5300 ἀλη-

2375 5295 2483 5357 θῶς
2517 5295 2916 5369 σταυρωθέντες
2965 5295 3286 5369 ἀνέστημὲν·
3327 5295 3557 5369 ἀλλἐἴ
3581 5299 3753 5352 εἰκόνι
3790 5301 3821 5369 ὴ

2380 5381 2562 5435 μησις,
2601 5368 2657 5418 ὲν
2685 5367 2911 5440 ἀληθείᾳ
2942 5368 2999 5420 δὲ
3033 5371 3069 5440 ἡ
3101 5367 3362 5440 σωτηρία.
3421 5368 3465 5423 0
3505 5386 3695 5423 nouam
3735 5367 3944 5422 inaudi-

2378 5446 2586 5498 tamque
2611 5438 2754 5488 rem!
2814 5436 2935 5491 Non
2965 5436 3079 5492 uere
3123 5436 3318 5492 mortui
3359 5456 3572 5500 sumus;
3611 5456 3703 5492 nec
3733 5456 3847 5494 uere
3865 5457 3945 5492 εε-

2371 5504 2529 5579 pulti,
2562 5523 2652 5579 nec
2681 5523 2794 5562 vere
2846 5509 3090 5577 crucifixi
3121 5512 3506 5563 resurreximus
3531 5524 3549 5561 :
3603 5509 3693 5563 sed
3722 5510 3948 5579 imagine

2374 5576 2625 5639 imitatio,
2658 5579 2874 5631 veritate
2901 5576 3049 5633 salus
3083 5582 3397 5634 continetur.

2445 5646 2555 5724 (3])
2580 5646 2802 5724 [ζάνςα.
2836 5647 2894 5724 l_d
2923 5659 3030 5717 est,
3061 5649 3204 5705 κατά
3233 5651 3430 5704 πάντα.
3460 5649 3789 5724 Sylburgins
3822 5663 3936 5716 pro-

2375 5713 2545 5788 ponit
2564 5717 2646 5790 τῷ
2673 5713 2811 5771 εἶναι
2846 5718 2927 5773 ἓν.
