4146 6436
199 399 226 452 1
239 399 344 454 395

905 389 1370 459 QUA'ZSTIONES
1406 387 1493 442 ET
1525 387 2042 444 RESPONSIONES
2078 387 2167 442 AD
2205 386 2691 444 ORTHODOXOS.

3303 385 3440 440 ιδεμ

193 511 296 566 καὶ
319 507 410 562 τοῦ
445 507 572 577 Σὴθ,
605 504 684 570 εἷς
716 506 812 576 μέν
839 507 985 559 ἐστιν
1009 507 1038 558 6
1067 505 1166 573 τῆς
1195 505 1383 567 οὐσίας
1407 504 1562 572 λόγος
1581 521 1593 532 ·
1625 501 1773 572 ψυχὴ

1883 501 2062 565 Sctho,
2098 517 2204 555 una
2239 510 2322 558 est
2350 503 2602 559 essentia:
2627 502 2767 555 ratio
2787 539 2802 565 ,
2837 499 3016 555 anima
3045 500 3252 555 scilicet
3280 503 3444 556 ratio-

193 599 312 670 γὰρ
344 598 533 667 λογικὴ
575 598 669 650 καὶ
700 597 858 666 σῶμα
906 595 1094 664 θνητόν
1115 612 1127 625 ·
1165 596 1354 666 τρόποι
1389 595 1444 647 δὲ
1470 595 1567 666 τῆς
1596 594 1771 664 ὑπάρ-

196 687 337 753 ξεως
357 688 632 758 διάφοροι·
650 689 678 738 6
710 687 804 756 μὲν
830 685 937 756 γὰρ
967 685 1135 754 Ἀδὰμ
1161 686 1379 752 γέγονεν
1403 683 1511 737 ἀπὸ
1530 685 1628 753 τῆς
1645 683 1770 752 γῆς,

195 782 234 852 ἡ
265 781 320 834 δὲ
353 780 464 833 Εύα
491 782 554 832 ἐκ
572 779 672 848 τῆς
702 779 957 849 πλευρᾶς,
976 778 1004 829 6
1023 778 1077 830 δέ
1101 777 1206 848 Σὴθ
1226 781 1289 829 ὲκ
1306 777 1400 829 τοῦ
1431 777 1740 848 σπέρματος
1755 792 1776 804 ’-

195 874 298 928 xui
330 875 386 926 ἐν
409 873 684 944 διαφόροις
713 873 812 940 τῆς
848 870 1135 941 ὑπάρξεως
1171 870 1390 941 τρόποις
1422 869 1571 940 μένει
1611 871 1638 921 6
1677 869 1774 938 τῆς

195 964 390 1024 οὐσίας
432 962 588 1030 λόγος
634 957 713 1022 εἷς
758 960 1154 1028 ἀδιαίρετόςντε
1202 961 1297 1013 καί
1331 959 1772 1031 ἀπαράλλακτος

198 1053 372 1116 οὕτως
403 1055 494 1105 καὶ
521 1055 611 1105 ἐπὶ
629 1052 720 1104 τοῦ
751 1050 906 1114 Θεοῦ,
938 1055 1009 1121 τῇ·
1031 1051 1318 1121 ταυτότητι
1349 1051 1447 1120 τῆς
1476 1050 1584 1103 τῶν
1617 1067 1778 1121 προσ-

197 1143 368 1196 ώπων
407 1145 616 1206 οὐσίας,
665 1138 742 1205 εἷς
785 1142 917 1204 θεὸς
968 1142 1342 1204 πεπίστευται,
1383 1143 1412 1194 6
1462 1159 1521 1194 τε
1565 1141 1773 1212 Πατὴρ,

197 1236 298 1289 καὶ
327 1237 356 1288 ὁ
381 1236 528 1297 Υἱὸς,
563 1236 657 1287 καῖ
684 1236 742 1287 τὸ
773 1235 925 1302 ἆγιον
950 1234 1190 1302 Πνεῦμα.
1224 1233 1389 1285 Οὐδὲν
1412 1233 1518 1303 γὰρ
1540 1233 1793 1285 συντελεῖ-

198 1328 340 1398 πρὺς
361 1328 450 1378 τὸν
489 1327 585 1396 τῆς
611 1325 797 1388 οὐσίας
826 1326 983 1392 λόγον
1029 1326 1058 1376 6
1100 1325 1298 1394 τρόπος
1337 1323 1437 1393 τῆς
1471 1323 1773 1396 ὑπάρξεως.

199 1417 288 1471 Τά
319 1417 416 1487 μὲν
436 1412 527 1469 οὖν
555 1417 648 1468 ἐπὶ
676 1415 781 1467 τῶν
811 1414 969 1467 θείων
998 1413 1162 1483 τριῶν
1212 1414 1559 1466 ὑποστάσεων
1598 1414 1779 1467 ὡσαύ-

199 1525 311 1571 τως
332 1507 763 1580 ἀπαραλλάκτως
785 1507 1080 1576 λεγόμενα,
1094 1508 1149 1558 ἐν
1167 1506 1374 1569 τούτοις
1395 1507 1503 1558 νόει
1526 1505 1585 1559 τὸ
1603 1505 1660 1559 ἒν
1682 1507 1779 1577 τῆς

197 1599 392 1663 οὐσίας
410 1616 423 1628 ο
456 1599 524 1651 τά
548 1598 605 1649 δὲ
635 1598 708 1668 μὴ
736 1597 1014 1662 ὡσαύτως,
1044 1597 1216 1650 ταῦτα
1248 1597 1358 1650 νόει
1384 1597 1462 1668 τῷ
1479 1598 1666 1668 τρόπῳ
1679 1597 1780 1666 τῆς

199 1690 324 1743 τῶν
348 1689 648 1760 προσώπων
679 1687 983 1758 ὑπάρξεως.

277 1781 630 1834 ἘΡΩΤΗΣΙΣ
659 1782 791 1834 PM’.
821 1782 884 1833 Εἰ
913 1780 1243 1852 κληρονόμον
1281 1780 1470 1832 ἑαυτὸν
1497 1782 1524 1832 6
1549 1779 1781 1852 Χριστὸς

1873 595 2033 655 nalis.
2077 603 2130 648 et
2172 610 2372 664 corpus
2418 596 2681 660 mortale,
2738 593 2882 649 modi
2931 607 3064 647 vero
3109 593 3444 650 exsistentiae

1872 683 2104 751 diversi;
2138 699 2261 738 nam
2289 683 2454 739 Adam
2483 698 2526 738 θ
2552 696 2693 738 terra
2720 681 2897 738 factus
2926 691 3030 746 est,
3070 681 3179 737 Eva
3206 698 3236 738 e
3265 693 3439 750 costa,

1875 776 2004 831 Seth
2049 792 2080 830 e
2120 776 2327 830 semine
2359 793 2373 826 :
2405 782 2459 828 et
2500 774 2554 829 in
2596 775 2827 830 diversis
2869 776 3199 830 exsistentiaa
3243 775 3441 840 modis,

1874 875 2059 921 manet
2095 866 2347 921 essentize
2393 865 2534 920 ratio
2563 881 2671 920 una
2714 866 2831 921 sine
2867 864 3136 921 divisione
3156 875 3214 920 et
3243 865 3446 920 discri-

1875 959 2022 1013 m‘ine
2055 977 2068 1013 :
2095 958 2175 1013 sic
2214 968 2267 1013 et
2304 957 2360 1011 in
2392 957 2522 1020 Deo,
2556 957 2836 1012 identitate
2866 971 3223 1027 personarum
3255 972 3446 1011 essen.

1875 1049 1985 1112 tiae,
2016 1065 2158 1103 unus
2183 1047 2337 1102 Deus
2356 1049 2619 1110 creditur,
2661 1046 2820 1102 Pater
2849 1057 2903 1101 et
2931 1045 3102 1102 Filius
3127 1055 3181 1102 et
3207 1045 3447 1116 Spiritus

1877 1147 2120 1192 sanctus.
2152 1136 2296 1190 Nihil
2324 1138 2468 1192 enim
2500 1135 2761 1191 momenti
2789 1134 2856 1188 ad
2884 1137 3144 1190 essentia?
3177 1136 3445 1190 rationem

1876 1226 2084 1281 confert
2112 1228 2444 1282 exsistenlia:
2485 1227 2701 1282 modus.
2733 1225 2968 1280 Proinde
2991 1241 3113 1295 qua:
3149 1227 3217 1281 de
3245 1226 3447 1281 divinis

1877 1317 2052 1372 tribus
2078 1317 2444 1372 subsistentiis
2461 1317 2652 1373 eodem
2675 1317 2834 1372 modo
2861 1319 2979 1373 sine
3000 1318 3112 1372 ullo
3131 1318 3449 1373 discrimine

1877 1408 2154 1474 dicuntur,
2205 1409 2261 1464 in
2306 1411 2386 1465 eis
2415 1410 2679 1464 unitatem
2725 1411 2977 1466 essentia:
3023 1411 3292 1481 intellige;
3327 1425 3450 1480 qua:

1878 1516 2010 1556 vero
2039 1517 2148 1555 non
2177 1500 2364 1555 eodem
2394 1500 2578 1567 modo,
2601 1515 2666 1556 ea
2695 1501 2762 1557 de
2785 1501 2948 1558 modo
2975 1502 3306 1559 easistentiae
3333 1517 3451 1571 pcr-

1880 1607 2140 1648 souarum
2169 1593 2428 1664 intellige.

1954 1770 2112 1842 503
2152 1770 2430 1838 QUEST.
2463 1772 2621 1828 CXL.
2657 1771 2716 1828 Si
2740 1774 2992 1830 Christus
3012 1774 3250 1845 seipsum
3274 1774 3449 1830 haere-

202 1872 481 1942 ὀνομάζει,
512 1871 695 1925 τοῦτον
725 1871 779 1924 δὲ
797 1870 935 1925 κατὰ
1065 1841 1378 1941 παράϐασιν
1405 1869 1517 1940 (58)
1546 1841 1785 1940 οίγεωρ-

1884 1863 2006 1918 dem
2043 1841 2326 1932 nominat,
2360 1865 2505 1920 hunc
2531 1872 2712 1920 autem
2738 1866 2792 1920 in
2823 1841 3453 1936 parabola-agricol'n",

200 1966 328 2034 τοι,
387 1966 666 2021 τουτέστιν
712 1965 759 2015 οί
793 1963 1069 2028 Ἰουδαῖοι,
1134 1961 1488 2030 ἐπέγνωσαν,
1536 1962 1629 2014 καὶ
1684 1961 1783 2031 τῆς

199 2055 477 2126 γεωργίας
508 2053 761 2107 δεσπόται
793 2053 1045 2122 γενέσθαι
1082 2053 1418 2125 ποθήσαντες
1437 2091 1452 2115 ,
1488 2051 1562 2116 ὡς
1589 2051 1782 2122 κληρο-

201 2144 369 2215 νόμον
400 2143 490 2196 τὸν
523 2143 856 2214 κληρονόμον
883 2145 1211 2197 ἀπέκτειναν
1232 2162 1244 2174 ·
1281 2142 1397 2206 πῶς
1415 2143 1575 2205 αὐτὸς
1595 2144 1624 2195 6
1648 2144 1783 2213 Χρι-

198 2233 326 2295 στὺς
343 2231 476 2289 καὶὸ
495 2233 792 2297 ἀπόστολος
825 2235 1036 2299 Παῦλος
1077 2235 1172 2288 τοῦ
1220 2235 1568 2306 τολμήματος
1597 2236 1782 2300 αὐτοῖς

202 2325 596 2396 ἐμαρτύρησαν
620 2325 875 2393 ἀγνοιαν;
910 2326 967 2379 '0
992 2329 1090 2397 μὲν
1111 2326 1306 2396 λέγων,
1343 2328 1527 2395 Ἀφες
1557 2326 1778 2393 αὐτοῖς,

201 2419 278 2471 οὐ
311 2417 421 2486 γὰρ
447 2415 653 2469 albam
681 2417 738 2469 τι
769 2417 1047 2471 ποιοῦσιν
1065 2433 1080 2448 ·
1113 2418 1141 2468 6
1161 2418 1217 2471 δέ
1248 2418 1489 2487 φάσκων,
1513 2421 1580 2470 El
1601 2419 1784 2488 ἐγνω-

202 2520 346 2570 σαν,
386 2508 496 2559 οὐκ
544 2506 622 2560 ἂν
665 2506 773 2559 τὸν
828 2508 1046 2576 Κύριον
1087 2505 1192 2576 τῆς
1237 2507 1422 2576 δόξης
1483 2509 1781 2577 ἐσταύρω-

201 2612 346 2651 σαν.

278 2689 682 2742 ἈΠΟΚΡιΣῐΣ.
733 2687 907 2758 Διχῶς
961 2691 996 2759 ὴ
1044 2689 1235 2758 ἀγνοια
1283 2690 1516 2760 λέγεται.
1568 2691 1639 2743 Ἢ
1675 2690 1784 2761 γὰρ

207 2781 285 2852 μὴ
322 2781 643 2851 βουλόμενός
683 2796 769 2842 τις
812 2781 1030 2848 ἀγνοεῖ,
1058 2782 1186 2834 ὅταν
1219 2783 1285 2837 τὰ
1333 2784 1634 2854 πράγματα
1664 2783 1786 2853 ὁδη-

203 2873 404 2942 γοῦντα
429 2876 508 2936 εἰς
539 2872 739 2941 γνῶσιν
757 2873 862 2925 οὐκ
883 2871 1013 2945 ἐχη-
1035 2873 1067 2944 ﬁ
1089 2873 1410 2944 βουλόμενος
1425 2877 1631 2943 ἀγνοεῖ,
1657 2877 1784 2928 ὅταν

205 2965 275 3017 τά
310 2966 407 3035 μὲν
429 2965 728 3036 πράγματα
755 2962 853 3036 ἔχῃ
881 2963 1181 3034 ὀδηγοῦντα
1201 2967 1281 3028 είς
1308 2967 1526 3034 γνῶσιν,
1562 2966 1636 3037 μὴ
1663 2965 1791 3036 βου-ι

205 3051 516 3122 λόμενοςδέ
547 3053 770 3121 γνῶναι,
805 3054 1023 3125 Ταύτην
1055 3055 1114 3108 δὲ
1144 3055 1244 3126 τὴν
1274 3055 1539 3128 βουλητὴν
1565 3057 1785 3124 ἄγνοιαν

207 3143 346 3199 οἶδεν
369 3145 546 3216 ἠθεία
570 3146 761 3219 Γραφὴ
795 3147 926 3200 ποτὲ
962 3147 1061 3218 μὲν
1089 3148 1334 3216 ἄγνοιαν,
1364 3151 1496 3203 ποτὲ
1509 3150 1565 3203 δέ
1586 3150 1785 3218 γνῶσιν

207 3235 516 3308 ὀνομάζειν-ο
541 3237 761 3306 ἄγνοιαν
780 3237 888 3309 (59)
905 3239 1024 3310 μὲν,
1041 3240 1117 3303 ὼς
1141 3241 1267 3294 ὅταν
1285 3239 1436 3314 λέγῃ·
1457 3241 1566 3296 Καὶ
1589 3242 1693 3312 ἐμὲ
1710 3244 1788 3296 οτ-

208 3329 373 3396 δατε,
397 3331 494 3407 καὶ
526 3332 713 3386 πόθεν
726 3332 842 3402 ειμι
869 3331 1067 3395 οῖδατε
1088 3349 1102 3361 ·
1119 3333 1238 3387 ἀντὶ
1266 3333 1386 3399 τοῦ,
1428 3334 1666 3388 Δύνασθε
1693 3337 1786 3405 ἀφ’

210 3415 288 3475 ὧν
319 3422 638 3494 ἐργάζομαι.
661 3423 865 3492 γνῶναι
887 3425 985 3495 τῆς
1004 3424 1374 3495 τεόνομᾳσίας
1401 3426 1501 3497 τῆς
1517 3428 1676 3498 ἐμῆς,
1695 3426 1790 3480 καὶ

209 3511 320 3564 τῶν
371 3513 544 3580 λόγων
581 3530 680 3582 μου
732 3512 832 3584 τὴν
855 3513 1144 3585 ἀλήθειαν*
1183 3514 1511 3586 ψευδόμενος
1566 3515 1675 3586 γὰρ
1727 3518 1787 3569 οὐ

210 3603 428 3658 δύναται
478 3604 701 3659 τοιαῦτα
728 3604 864 3677 ἔργα
897 3609 1093 3660 ποιεῖν.
1141 3609 1216 3661 Τὸ
1261 3608 1318 3662 δὲ
1358 3608 1464 3661 ὑπὸ
1491 3608 1601 3662 τῶν
1627 3626 1792 3679 γεωρ-

211 3697 325 3766 γῶν
369 3698 737 3770 γνωρισθῆναι
779 3700 872 3752 τὸν
921 3700 1287 3773 κληρονόμον,
1317 3701 1454 3755 καθὸ
1498 3701 1790 3757 ἐθεάσαντο

212 3787 400 3842 τοῦτον
460 3789 600 3862 ὑπὲρ
632 3791 812 3845 πάντα
858 3787 997 3846 εἶναι
1030 3781 1312 3865 ἄνθρωπον
1340 3796 1398 3849 ἐν
1443 3797 1506 3866 τῇ
1541 3795 1791 3870 παρούσῃ

215 3881 328 3952 ζωῇ
374 3885 486 3946 τοῖς
537 3881 716 3955 ἔργοις
759 3878 839 3946 οἷς
866 3885 1039 3937 ἐποίει
1078 3885 1173 3939 καὶ
1208 3889 1272 3958 τῇ
1307 3886 1502 3958 κλήσει
1538 3886 1632 3940 τοῦ
1662 3887 1789 3940 Υίοῦ

215 3973 355 4027 κατά
381 3975 494 4045 τὴν·
513 3974 864 4030 ὑποτύπωσιν
896 3976 996 4046 τῆς
1021 3977 1357 4049 παραϐολῆς.
1397 3980 1517 4033 ’Ότι
1561 3980 1618 4032 δὲ
1647 3980 1792 4051 ⁴μετά

214 4064 278 4118 τὸ
325 4065 616 4119 ἀποθανεῖν
664 4067 828 4121 αὐτὸν
879 4067 1170 4138 ἀνίστησιν
1195 4069 1359 4122 αὐτὸν
1382 4071 1410 4122 6
1437 4069 1571 4134 Θεὸς
1595 4073 1662 4125 ἐκ
1683 4070 1790 4123 τῶν

216 4156 427 4228 νεκρῶν
447 4159 526 4221 είς
540 4156 804 4211 ἀθάνατον
829 4157 995 4229 ζωὴν,
1030 4159 1124 4212 καὶ
1151 4159 1362 4230 τίθησιν
1389 4160 1552 4213 αὑτὸν
1572 4159 1792 4219 πάντων

217 4248 587 4322 κληρονόμον..
616 4250 717 4303 οὐκ
758 4250 1020 4319 ἔγνωσαν.
1066 4250 1204 4305 Οὔτε
1237 4249 1345 4322 γὰρ
1384 4253 1417 4322 ἡ
1445 4251 1792 4315 ὑποτύπωσις

217 4340 317 4412 τῆς
347 4341 660 4412 παραϐολῆς
692 4341 818 4413 ἔσχε
847 4341 1038 4395 τούτου
1062 4343 1160 4414 τὴν
1189 4343 1444 4414 ἔμφασιν.
1477 4343 1634 4398 Κατὰ
1661 4343 1792 4398 ταύδ

218 4451 316 4504 την
341 4429 432 4486 οὖν
465 4433 564 4503 τὴν
610 4434 831 4502 ἄγνοιαν
863 4431 1017 4488 εἶπεν
1042 4436 1072 4488 6
1107 4435 1361 4506 Χριστὸς,
1386 4437 1600 4505 Πάτερ,
1643 4435 1793 4505 ὄφιες

1879 1954 1984 2008 hoc
2022 1964 2108 2010 est
2150 1952 2346 2020 Judaei,
2391 1963 2732 2027 agnoverunt
2774 1977 2787 2012 :
2828 1965 2883 2012 et
2923 1956 3053 2011 dum
3105 1957 3454 2026 agricultura:

1879 2046 2218 2102 dominatum
2262 2047 2687 2119 concupiscunt,
2732 2049 3000 2104 haaredem
3041 2057 3300 2118 tanquam
3344 2047 3454 2102 ha:-

1878 2139 2062 2193 redem
2102 2146 2371 2193 necarunt
2422 2158 2436 2195 :
2486 2139 2891 2210 quomodo-et"
2917 2141 3033 2210 ipse
3075 2139 3354 2203 Christus,
3401 2150 3454 2194 et

1880 2231 2163 2300 apostolus
2189 2230 2415 2295 Paulus,
2463 2231 2517 2285 in
2549 2240 2658 2289 tam
2681 2233 2973 2288 temerario
2995 2246 3132 2287 ausu
3153 2273 3169 2297 ,
3197 2232 3454 2301 ignoran-

1881 2323 1970 2377 tiae
2021 2325 2104 2378 eis
2155 2310 2551 2393 perhibuerunt
2603 2323 3016 2380 testimonium?
3065 2322 3161 2379 llle
3209 2323 3455 2393 quidem,

1881 2413 2101 2470 dicens:
2135 2415 2362 2472 Dimitte
2387 2418 2523 2484 illis,
2561 2417 2748 2482 Pater,
2789 2417 3024 2472 nesciunt
3051 2417 3188 2471 enim
3209 2415 3334 2486 quid
3369 2417 3456 2485 {a-

1881 2506 2023 2560 ciant
2040 2506 2112 2562 “3
2137 2507 2230 2561 hic
2259 2517 2440 2563 autem
2471 2525 2484 2560 :
2513 2508 2575 2564 Si
2599 2511 2976 2580 cognovissent,
3004 2525 3332 2580 nequaquam
3346 2507 3446 2562 Do.

1881 2597 2079 2650 minum
2109 2599 2294 2669 gloriae
2317 2601 2703 2670 cruci/idesset
2721 2603 2788 2657 ’⁸.

1953 2687 2152 2743 RESP.
2192 2689 2418 2748 Duobus
2438 2693 2615 2748 modis
2646 2692 2918 2763 ignoratio
2944 2691 3164 2746 dicitur.
3183 2689 3283 2747 Vel
3311 2690 3458 2746 enim

1883 2780 2099 2850 ignorat
2142 2781 2267 2851 quis
2296 2799 2406 2837 non
2444 2785 2658 2849 volens,
2694 2800 2834 2840 cum.
2864 2785 2933 2839 iis
2976 2784 3296 2838 destituitur
3339 2796 3462 2852 qua!

1885 2870 1952 2924 ad
1981 2871 2348 2942 cognitionem
2387 2874 2630 2944 ducunt;
2662 2877 2748 2932 vel
2797 2878 2986 2932 volens
3035 2876 3271 2946 ignorat,
3330 2888 3458 2929 cum

1885 2961 2087 3017 adsunt
2116 2963 2334 3032 quidem
2366 2967 2620 3035 praesidia
2667 2967 2734 3021 ad
2780 2967 3148 3038 cognitionem
3179 2965 3458 3030 ducentia,

1885 3063 2284 3123 atcognoscere
2314 3071 2424 3110 non
2443 3057 2578 3111 vult.
2599 3056 2973 3112 Voluntariam
2997 3060 3139 3113 hanc
3160 3058 3464 3128 ignoratio-

1887 3161 2012 3202 nem
2037 3147 2177 3202 solet
2192 3146 2377 3202 divina
2400 3147 2682 3220 Scriptura
2705 3166 2850 3205 nunc
2871 3149 3290 3220 ignorationem,
3314 3163 3463 3202 nunc

1887 3241 2254 3312 cognitionem
2281 3257 2498 3298 vocare.
2523 3242 2901 3314 Cagnitionem
2931 3243 3150 3313 quidem
3177 3256 3300 3297 cum
3331 3240 3409 3295 ai‘.
3443 3257 3460 3295 :

1888 3331 1958 3386 Et
1989 3349 2072 3386 me
2126 3333 2384 3397 nostis,”
2416 3335 2554 3389 unde
2589 3335 2689 3388 sint
2716 3335 2883 3388 nostis
2903 3335 2971 3397 ⁹¹,
3010 3333 3062 3388 id
3106 3338 3192 3387 est
3235 3331 3465 3402 potestis

1885 3440 1953 3480 ex
1979 3424 2089 3487 his,
2119 3440 2242 3495 quae
2270 3440 2490 3494 operor,
2535 3439 2867 3496 cognoscere
2899 3423 3280 3494 appellationis
3329 3436 3466 3477 mea:

1887 3525 1943 3571 et
1984 3532 2301 3572 sermonum
2351 3518 2634 3573 veritatem
2679 3532 2694 3569 :
2749 3533 2861 3572 non
2901 3517 3047 3572 enim
3099 3524 3280 3586 potest
3332 3514 3463 3568 talia

1887 3622 2055 3677 opera
2097 3608 2330 3664 mendax
2374 3609 2610 3678 operari.
2656 3607 2813 3675 Quod
2857 3617 3038 3662 autem
3085 3608 3155 3662 ab
3206 3605 3464 3677 agricolis

1889 3700 2064 3756 haares
2103 3702 2360 3771 cognitus
2391 3701 2529 3766 fuit,
2579 3701 2634 3755 id
2664 3700 2895 3772 contigit
2921 3686 3193 3770 quatenus
3221 3714 3346 3754 eum
3376 3697 3462 3750 vi-

1889 3791 2112 3847 debant
2143 3793 2420 3848 hominem
2473 3790 2638 3863 supra
2671 3793 2854 3847 omnia
2911 3807 3034 3848 esse
3089 3792 3146 3846 in
3210 3789 3462 3862 praesenti

1888 3882 2022 3946 vita,
2060 3891 2175 3938 tum
2207 3885 2488 3954 operibus,
2521 3900 2643 3954 qua:
2669 3883 2924 3949 faciebat,
2945 3892 3059 3938 tum
3080 3877 3202 3936 Filii
3225 3881 3466 3952 appella-

1890 3981 2040 4035 tione
2069 3981 2370 4035 secundum
2414 3980 2685 4050 parabolze
2723 3981 3034 4051 imaginem.
3075 3977 3233 4044 Quod
3280 3983 3466 4031 autem

1889 4087 2014 4128 eum
2046 4080 2171 4142 post
2195 4080 2427 4127 mortem
2452 4072 2754 4128 exsuscitat
2777 4071 2923 4127 Deus
2945 4085 3010 4126 ac
3035 4068 3303 4124 haeredem
3333 4081 3468 4120 con-

1891 4165 2070 4221 stituit
2119 4164 2526 4230 universorum,
2583 4164 2640 4219 id
2682 4179 2793 4220 non
2827 4167 3223 4233 cognoverunt.
3278 4155 3467 4228 Neque

1890 4254 2035 4310 enim
2065 4253 2119 4308 id
2155 4254 2428 4324 parabolae
2456 4254 2648 4325 imago
2686 4253 3020 4309 declarabat.
3049 4249 3128 4306 De
3152 4249 3259 4303 hac
3302 4250 3462 4318 igitur

1891 4346 2236 4416 ignoratione
2264 4345 2405 4400 dixit
2432 4345 2727 4402 Christus:
2760 4344 2946 4408 Pater,
2979 4343 3184 4405 dimitte
3202 4341 3332 4402 illis,
3363 4356 3468 4393 non

1893 4439 2031 4492 enim
2063 4440 2238 4494 sciunt
2263 4437 2390 4509 quid
2418 4438 2703 4507 faciant".
2749 4436 3013 4492 Similiter
3041 4443 3095 4490 et
3126 4424 3419 4504 Apostolus
3451 4449 3466 4484 :

219 4524 423 4591 αὐτοῖς
442 4563 458 4587 ,
521 4526 594 4578 οὐ
649 4526 760 4593 γὰρ
817 4525 1016 4579 οἷόασι
1067 4527 1124 4580 τί
1170 4526 1470 4582 ποιοῦσιν.
1519 4527 1785 4592 Ὡσαύτως

1896 4530 1958 4585 Si
1997 4533 2140 4585 enim
2179 4531 2559 4601 cognovissent,
2600 4544 2930 4599 nequaquam
2964 4525 3248 4580 Dominum
3285 4522 3469 4594 gloria

220 4616 277 4669 δὲ
304 4617 396 4669 καὶ
420 4618 449 4669 6
480 4615 774 4680 ἀπόστολος
794 4633 807 4646 ο
859 4603 926 4672 El
957 4618 1065 4687 τὰρ
1101 4619 1398 4688 ἔγνωσαν,
1436 4621 1548 4672 οὐκ
1579 4619 1656 4674 ἂν
1686 4619 1793 4674 τὸν

223 4707 440 4776 Κύριον
470 4705 578 4775 τῆς
606 4706 791 4773 δόξης
819 4706 1229 4776 ἐσταύρωσαν.

291 4799 648 4851 ἘΡΩΊἩΣΙΣ
678 4800 856 4853 PMA'.
895 4799 957 4852 El
990 4799 1150 4870 μόνος
1196 4801 1226 4852 6
1272 4801 1506 4871 Χριστὸς
1533 4801 1626 4853 τὸν
1653 4799 1794 4853 θεῖον

221 4888 385 4958 νόμον
413 4887 655 4960 ἀκριϐῶς
687 4886 984 4952 ἐξετέλεσε,
1017 4888 1134 4952 πῶς
1158 4889 1482 4961 ἐπορεύοντο
1517 4893 1577 4944 ἐν
1605 4889 1682 4961 τῷ
1707 4891 1794 4944 νό-

227 4999 312 5052 μῳ
339 4981 616 5052 ἄμεμπτοι
641 4981 669 5033 ὅ
697 4997 756 5034 τε
791 4980 1066 5052 Ζαχαρίας
1093 4981 1187 5035 καὶ
1221 4983 1253 5053 ἡ
1300 4982 1637 5046 Ἐλισσάὁετ,
1663 4972 1794 5054 περὶ

225 5067 300 5131 ὧν
331 5072 514 5126 ταῦτα.
543 5075 574 5126 ό
621 5073 847 5140 Λουκᾶς,
874 5072 1222 5144 ἐμαρτύρησε
1243 5113 1258 5137 ,
1309 5073 1402 5126 καὶ
1429 5076 1459 5127 6
1493 5073 1701 5137 Παῦλος
1735 5075 1795 5126 δὲ

227 5164 366 5220 κατά
405 5163 752 5234 δικαιοσύνην
798 5164 897 5235 τὴν
956 5165 1016 5217 ἐν
1069 5163 1218 5234 νόμῳ
1285 5163 1572 5234 γενόμενος
1620 5164 1795 5235 ἀμεμ·

227 5275 361 5322 πτος
384 5276 399 5324 ;

297 5350 876 5434 ’ΔΠΟΚΡΙΣῙΣ.Ἂλλο
905 5350 964 5402 τὸ
991 5350 1301 5420 ἄμεμπτον,
1322 5351 1414 5404 καὶ
1429 5349 1560 5436 ἀλλο
1590 5350 1648 5402 τὸ
1666 5350 1794 5402 ἀνα-

1894 4625 2281 4694 cruciﬁxissent
2299 4622 2369 4680 ’³.

1969 4790 2250 4870 Ουᾱίδτ.
2280 4801 2461 4858 CXLI.
2499 4801 2556 4856 Si
2602 4802 2756 4858 solus
2799 4800 3056 4855 Christus
3102 4798 3344 4852 divinam
3393 4796 3469 4850 le-

1893 4911 2014 4966 gem
2036 4904 2293 4950 accurate
2332 4896 2598 4964 implevit,
2628 4891 2906 4964 quomodo
2932 4889 3274 4944 ambulabant
3297 4889 3470 4942 incul-

1891 4988 2005 5056 pati
2045 4990 2100 5042 in
2153 4989 2261 5058 legs
2301 4987 2597 5042 Zacharias
2648 4993 2704 5058 et
2747 4983 3013 5047 Elisabet,
3053 4982 3122 5037 de
3173 4980 3378 5051 quibus
3416 4979 3469 5033 id

1893 5087 2125 5136 testatus
2157 5089 2242 5135 est
2271 5079 2526 5143 Lucas“,
2560 5094 2625 5134 ac
2671 5080 2788 5149 ipse
2831 5077 2992 5132 etiam
3029 5074 3232 5129 Paulus
3273 5088 3469 5128 secun-

1894 5170 2024 5226 dum
2040 5172 2338 5242 justitiam,
2370 5187 2492 5242 qua:
2514 5187 2582 5226 ex
2611 5172 2728 5240 lege
2747 5176 2854 5234 est,
2886 5165 3200 5233 inculpatus
3219 5162 3307 5216 "i

1967 5347 2165 5405 RESP.
2205 5349 2367 5405 Aliud
2410 5356 2496 5406 est
2535 5349 2896 5419 inculpatum,
2948 5343 3096 5399 aliud
3135 5341 3344 5413 peccati
3380 5355 3471 5392 ex-

291 5505 336 5536 "'
359 5504 552 5559 Matth.
578 5522 690 5570 xxi,
720 5505 808 5559 55.
865 5506 912 5536 ⁸⁸
936 5503 1071 5559 Luc.
1103 5520 1264 5568 XXIII,
1300 5504 1389 5558 54.
1459 5504 1507 5534 ⁸⁸
1545 5503 1563 5555 l
1599 5502 1726 5557 Cor.
1768 5523 1782 5559 ι

1883 5509 1912 5559 ι.
1977 5504 2203 5560 Finan.
2235 5521 2334 5568 vn,
2359 5504 2452 5560 28.
2517 5506 2562 5536 "
2585 5504 2716 5558 Luc.
2757 5518 2916 5566 mu,
2952 5500 3042 5554 54.
3093 5498 3140 5528 ’³
3169 5496 3295 5551 Cor.
3328 5510 3390 5559 ιι,
3417 5494 3470 5548 8.

229 5577 277 5609 "
304 5574 440 5630 an.
471 5591 510 5640 ι,
546 5574 602 5630 6.
680 5575 726 5606 "
749 5573 948 5643 Philip.
982 5589 1067 5639 ιιι,
1091 5573 1146 5627 6.

300 5727 410 5800 (38)
430 5727 796 5800 Παρὰὄασιν.
829 5727 1022 5785 Melius
1066 5728 1238 5785 multo
1271 5727 1601 5800 παραϐολήν,
1628 5733 1811 5797 atque“

234 5796 317 5855 ita
329 5796 714 5870 interpretatur
743 5796 980 5870 Langus.

1968 5722 2077 5792 (59)
2105 5723 2398 5802 ᾏγνοιαν.
2432 5719 2608 5775 Probe
2641 5718 2777 5773 vidit
2827 5717 3154 5789 Syiburgius
3187 5717 3472 5787 legendum

1896 5809 2020 5849 esse
2053 5808 2274 5862 γνωσιν.
