4146 6418
746 347 769 398 1
780 346 882 401 595

1439 352 1803 411 APPENDIX.
1837 386 1908 396 —-
1945 356 2127 412 PARS
2162 358 2200 413 ι.
2241 357 2297 413 S.
2338 356 2602 415 ,ιυετιΝι
2638 356 2867 413 OPERA
2906 360 3175 418 SPURIA.

3880 364 4031 418 1596

742 470 950 534 portem
984 480 1128 521 esse.
1159 464 1293 521 Nam
1316 472 1526 539 peccati
1554 489 1752 543 expers
1790 474 2016 529 omnino
2045 476 2207 529 etiam
2235 477 2314 530 in-

2418 476 2707 546 μάρτητον.
2749 478 2807 529 Ὀ
2836 476 2936 547 μέν
2964 480 3071 549 γάρ
3104 478 3485 551 ἀναμάρτητος
3533 480 3595 532 ἐκ
3644 481 3860 543 παντὸς
3923 481 4028 533 καὶ

741 556 1028 626 culpatus;
1062 573 1172 612 non
1207 558 1321 628 jam
1367 571 1547 617 autem
1587 565 1681 633 qui
1720 566 2033 637 inculpatus
2066 574 2170 629 est,
2216 583 2314 622 ne-

738 648 984 702 cessario
1028 648 1194 702 etiam
1236 666 1435 721 expers
1478 656 1711 722 peccati.
1755 654 1892 711 Nam
1937 657 2031 727 qui
2076 658 2315 712 admittit

739 743 933 790 contra
971 736 1141 809 legem
1181 751 1467 810 peccatum
1505 744 1923 815 ignoscendum,
1981 748 2028 804 is
2058 748 2313 804 victima-

738 844 861 883 rum
900 846 1123 887 munere
1161 844 1216 888 et
1264 839 1475 904 peccati
1516 838 1864 895 confessione
1895 842 2107 896 veniam
2140 844 2316 912 perci-

737 922 916 991 piens,
949 939 1123 992 purus
1168 924 1225 978 [it
1265 935 1317 981 et
1357 928 1671 998 inculpatus
1704 932 2005 987 secundum
2044 933 2314 1003 justitiam

735 1030 860 1084 quae
885 1030 950 1069 ex
974 1017 1091 1086 lege
1111 1024 1213 1073 est.
1241 1016 1495 1075 Christus
1522 1030 1725 1088 autem,
1760 1034 1946 1095 utpote
1974 1027 2183 1095 peccati
2215 1043 2311 1082 ex-

738 1121 866 1174 pers
898 1122 962 1163 ac
988 1109 1307 1167 nullatenus
1339 1112 1508 1183 legem
1541 1123 1987 1187 praetergressus,
2022 1118 2157 1172 nihil
2188 1118 2317 1175 fecit

736 1196 881 1266 quod
907 1199 1290 1257 emendatione
1326 1204 1613 1275 indigeret.
1653 1206 1908 1277 Suscepit
1937 1218 2118 1264 autem
2150 1208 2317 1265 Joan-

737 1304 862 1373 nem
896 1290 1196 1362 Baptistam
1227 1305 1282 1350 et
1309 1298 1379 1352 ab
1405 1313 1471 1352 eo
1506 1297 1813 1368 baptizatus
1842 1309 1947 1364 est,
1982 1312 2040 1356 ut
2068 1303 2316 1373 impleret

731 1384 1260 1453 ommmjustitiam,
1292 1404 1457 1457 quam
1500 1390 1721 1458 quidem
1754 1390 1978 1459 Paulus,
2023 1404 2314 1467 antequam

734 1471 791 1523 in
837 1469 1117 1527 Christum
1157 1476 1423 1540 crederet,
1482 1480 1725 1534 nondum
1769 1497 2083 1553 acceperat;
2142 1502 2316 1557 neque

734 1564 880 1617 enim
912 1575 1241 1633 persecutus
1271 1567 1466 1625 fuisset
1490 1568 1813 1630 Ecelesiam.
1839 1574 2130 1647 Propterea
2164 1560 2315 1634 solus

734 1654 992 1711 Christus
1022 1656 1225 1711 dicitur
1259 1663 1463 1729 peccati
1496 1679 1691 1734 expers
1721 1667 2020 1725 exstitisse.

808 1745 1087 1813 QUIEST.
1137 1748 1341 1806 CXLII.
1409 1752 1465 1808 Si
1516 1758 1743 1826 angelus
1789 1760 2010 1833 homine
2048 1770 2134 1816 est
2172 1778 2312 1832 prae-

737 1842 992 1907 stantior,
1022 1850 1077 1897 et
1119 1858 1290 1899 sacrae
1320 1846 1517 1903 littera:
1547 1850 1803 1907 homines
1830 1852 1968 1908 deos
1996 1856 2270 1924 appellant
2298 1875 2310 1910 :

735 1946 907 2000 quare
951 1948 1060 1987 non
1107 1937 1365 1990 convenit
1401 1946 1459 1992 ut
1513 1943 1690 2011 angeli
1731 1958 1765 1997 a
1808 1945 1966 2000 nobis
2011 1946 2085 2000 dii
2138 1948 2316 2001 nomi-

736 2024 977 2076 nentur?

809 2110 1011 2169 RESP.
1054 2114 1380 2188 Quicunque
1427 2122 1485 2174 in
1530 2122 1621 2178 Dei
1672 2126 1792 2179 loco
1838 2129 2118 2197 conspecti
2164 2137 2313 2194 sunt,

735 2213 831 2259 aut
859 2221 984 2262 cum
1017 2208 1330 2268 hominibus
1368 2214 1534 2268 locuti
1579 2218 1786 2287 angeli,
1822 2220 2112 2277 obtinuere
2136 2222 2316 2292 etipsi

735 2313 938 2353 nomen
970 2297 1093 2367 Dei,
1120 2302 1265 2357 sicut
1294 2305 1343 2361 is
1365 2308 1458 2376 qui
1487 2322 1611 2362 cum
1642 2308 1805 2383 504
1830 2308 2034 2366 Iacobo
2056 2320 2116 2367 et
2134 2311 2317 2384 Moyse

734 2391 957 2446 locutus
980 2401 1085 2448 est.
1112 2392 1304 2450 Vocati
1332 2413 1464 2454 vero
1494 2411 1627 2456 sunt
1650 2410 1705 2455 et
1728 2401 1977 2458 homines
2011 2403 2108 2459 dii.
2140 2403 2317 2460 Utris-

734 2499 848 2554 que
870 2494 1052 2542 autem
1085 2498 1310 2560 propter
1342 2495 1699 2551 commissum
1736 2496 1842 2550 sibi
1870 2512 2095 2563 munus,
2127 2497 2315 2555 datum

734 2583 820 2630 est
848 2576 1098 2633 obtinere
1135 2576 1229 2633 Dei
1265 2582 1445 2638 locum
1472 2592 1528 2640 et
1558 2586 1974 2656 appellationem
2002 2606 2016 2639 :
2056 2605 2167 2659 quo
2192 2606 2317 2646 mu-

734 2684 864 2723 nere
886 2670 1058 2738 obito,
1088 2672 1349 2729 desinunt
1372 2679 1559 2732 vocari
1590 2679 1688 2744 dii,
1712 2681 1805 2750 qui
1840 2680 2065 2752 pr0pter
2091 2684 2311 2753 aliquod

733 2775 936 2819 munus
963 2761 1058 2819 Dei
1082 2781 1279 2823 nomen
1305 2784 1583 2841 accepere.
1620 2770 1756 2826 Nam
1785 2788 1909 2828 cum
1942 2775 2135 2845 angelo
2164 2790 2312 2830 com-

734 2854 882 2908 misit
920 2870 1111 2911 curam
1151 2862 1359 2930 papuli,
1400 2863 1466 2917 ad
1511 2863 1731 2934 Moysen
1774 2866 1839 2919 de
1868 2880 1934 2919 eo
1965 2865 2103 2921 dixit
2139 2883 2151 2917 :
2189 2864 2313 2920 Non

731 2947 838 2999 eris
859 2946 909 2999 ei
935 2944 1344 3019 immorigerus,
1378 2956 1633 3024 quoniam
1661 2973 1851 3011 nomen
1881 2974 2053 3012 meum
2082 2960 2315 3027 positum

731 3045 811 3088 est
859 3052 1015 3106 super
1048 3042 1244 3095 eum“.
1298 3042 1434 3097 Cum
1479 3055 1661 3100 autem
1701 3048 2107 3117 magistratibus
2149 3066 2309 3105 com-

2417 567 2724 637 ἔιμεμπτος,
2757 568 2938 621 οὐκέτι
2963 569 3019 621 δέ
3038 570 3065 620 6
3084 568 3371 639 ἄμεμπτος
3398 565 3456 632 ἐξ
3485 568 3734 638 ἀνάγκης
3761 570 3869 621 καὶ
3884 570 4023 621 ἀνα-

2420 659 2693 729 μάρτητος
2724 661 2889 712 ἐστιν.
2933 661 2990 712 'O
3018 660 3127 731 γάρ
3155 661 3481 732 ἁμαρτάνων
3521 661 3669 732 παρά
3698 659 3793 713 τὸν
3840 661 4022 729 νόμον

2418 749 2771 820 συγγνωστὴν
2800 749 3097 820 ἁμαρτίαν,
3149 752 3214 819 τῇ
3256 751 3585 821 προσαγωγῇ
3633 748 3744 802 τῶν
3793 747 4017 802 θυσιιῖιν

2416 842 2510 896 καὶ
2532 844 2596 912 τῇ
2624 840 3083 911 ἐξαγορεύσειτοῦ
3107 841 3446 912 πταίσματος
3462 839 3640 894 λαϐὼν
3656 841 3757 912 τὴν
3778 840 4013 909 ἄφεσιν,

2416 934 2627 1003 γίνεται
2674 934 2921 1004 καθαρὸς
2968 933 3062 987 καὶ
3110 933 3401 1003 ἄμεμπτος
3434 931 3575 987 κατὰ
3596 932 3707 1003 τὴν-
3726 935 3793 985 ἐκ
3829 932 4009 1001 νόμου

2416 1025 2781 1095 δικαιοσύνην.
2837 1026 2895 1077 ὐ
2942 1024 2999 1078 δὲ
3027 1026 3283 1097 Χριστὸς,
3318 1025 3413 1079 ἆτε
3454 1027 3849 1094 ἀναμάρτητος
3892 1022 4009 1083 ὣν,

2418 1116 2515 1169 καὶ
2541 1114 2788 1185 οὐδαμῶς
2818 1115 3070 1187 παραϐάς
3101 1117 3194 1169 τὸν
3222 1116 3411 1187 νόμον⁷
3435 1116 3560 1171 οὗτε
3586 1116 3931 1187 διεπράξατό
3954 1132 4008 1168 τι

2420 1206 2757 1278 διορθώσεως
2783 1206 3061 1279 δεόμενον·
3095 1208 3315 1272 ἐδέξατο
3340 1207 3397 1260 δὲ
3432 1208 3529 1261 καὶ
3566 1208 3659 1260 τὸν
3694 1207 4004 1279 βαπτιστὴν

2423 1299 2698 1368 Ἰωάννην,
2750 1298 2845 1354 καὶ
2896 1298 3199 1369 ἐϐαπτίσθη
3245 1300 3338 1353 ὑπ’
3384 1299 3578 1363 αὐτοῦ,
3606 1300 3695 1352 ἵνα
3729 1297 4002 1371 πληρῶσῃ

2419 1391 2598 1443 πᾶσαν
2622 1389 2967 1460 δικαιοσύνην
2989 1407 3001 1419 ·
3032 1390 3099 1461 ἢν
3125 1392 3153 1444 6
3180 1388 3391 1453 Παῦλος
3423 1389 3529 1461 πρὸ
3568 1388 3661 1443 τοῦ
3704 1389 4001 1442 πιστεῦσαι

2416 1482 2654 1554 Χριστῷ,
2704 1481 2857 1536 οὔπω
2887 1477 2955 1551 ἦν
2983 1482 3444 1551 δεξάμενος’ἐπεὶ
3471 1481 3571 1537 οὐκ
3596 1482 3660 1534 ἂν
3684 1480 3874 1547 ἐδίωξε
3905 1480 4003 1550 τὴν

2416 1574 2761 1644 Ἐκκλησίαν.
2804 1572 2902 1626 Διὰ
2923 1572 3081 1625 τοῦτο
3107 1576 3135 1627 6
3166 1572 3402 1644 Χριστὸς
3434 1571 3592 1642 μόνος
3610 1570 3830 1641 λέγεται
3868 1570 3998 1623 ἁναο

2418 1665 2693 1737 μάρτητος
2715 1665 3015 1733 γεγονέναι.
3348 1709 3353 1711 Α

2487 1757 2839 1809 ἘΡΩἸἩΣΙΣ
2870 1756 3045 1810 PMB'.
3066 1756 3129 1809 Ei
3161 1752 3429 1823 ὀᾶγγελος
3445 1752 3535 1806 τοῦ
3560 1752 3851 1825 ἀνθρώπου
3868 1750 3995 1804 ἀνώ-

2347 1818 2389 1875 B
2417 1865 2595 1920 τερος,
2621 1846 2717 1900 καὶ
2749 1845 2905 1909 θεοὺς
2934 1846 3059 1911 τοὺς
3089 1818 3409 1915 ἀνθρώπους
3437 1846 3473 1914 ἡ
3497 1818 3689 1914 Γραφῆ
3716 1842 3997 1914 ὀνομάζει,

2421 1938 2537 2001 πῶς
2597 1938 2695 2008 οὐχ
2746 1937 2975 2009 ἁρμόζει
3020 1936 3114 1990 καὶ
3167 1937 3296 2000 τοὺς
3347 1934 3610 2004 ἀγγέλους
3664 1933 3822 1997 θεοὺς
3866 1934 3993 2007 παρ’

2418 2028 2581 2098 ἡμῶν
2597 2026 2959 2098 ὀνομάζεσθαι
2976 2044 2990 2092 ;

2486 2120 2894 2173 ἈΠΟΚΡΙΣΙΣ.
2932 2118 3052 2173 Τῶν
3104 2117 3354 2186 ἀγγέλων
3408 2118 3523 2170 ὅσοι
3567 2119 3624 2169 ἐν
3660 2116 3812 2181 τάξει
3854 2116 3997 2169 Θεοῦ

2415 2209 2694 2281 ὤφθησαν,
2725 2209 2763 2281 ἢ
2788 2209 3056 2281 ἐλάλησαν
3078 2211 3191 2271 τοῖς
3218 2206 3554 2279 ἀνθρώποις,
3603 2208 3873 2278 ἐσχήκασι
3901 2208 3992 2260 καὶ

2414 2303 2571 2356 αὐτοὶ
2602 2303 2696 2356 τοῦ
2717 2302 2851 2355 Θεοῦ
2872 2301 2970 2373 τὴν
2993 2300 3204 2371 κλῆσιν,
3238 2299 3313 2363 ὼς
3329 2298 3567 2370 λαλήσας
3588 2298 3665 2369 τῷ
3686 2298 3884 2352 Ἰακὼϐ
3905 2299 3995 2352 καὶ

2415 2396 2493 2467 τῷ
2515 2395 2747 2465 Maliaci}.
2775 2394 3112 2465 Ἐκλήθησαν
3134 2392 3192 2445 δέ
3219 2393 3380 2445 καὶοὶ
3403 2391 3498 2445 ἀνο
3508 2408 3676 2462 ρωποι
3690 2391 3821 2445 θεοί.
3842 2393 3991 2445 Ἐκα-

2418 2493 2597 2563 τέροις
2626 2492 2703 2556 ὅέ,
2730 2491 2819 2545 διά
2840 2491 2938 2562 τὴν
2965 2491 3396 2562 ἐγχειρισθεῖσαν
3422 2489 3605 2551 αὐτοῖς
3628 2487 3818 2557 χρείαν
3835 2526 3849 2550 ,
3882 2485 3993 2539 ἐδό-

2416 2583 2483 2654 θη
2507 2583 2599 2637 τοῦ
2623 2583 2757 2637 Θεοῦ
2806 2583 2904 2654 τὴν
2955 2583 3108 2651 τάξιν
3148 2583 3242 2635 καὶ
3267 2582 3367 2653 τὴν
3402 2578 3772 2653 προσηγορίαν
3812 2577 3953 2647 ἔχειν
3974 2592 3990 2606 ο

2415 2677 2795 2747 πληρωθείσης
2814 2676 2871 2730 δὲ
2898 2677 2997 2747 τῆς
3028 2676 3216 2746 χρείας
3235 2715 3249 2740 ,
3280 2674 3541 2728 παύονται
3572 2672 3664 2725 τοῦ
3712 2670 3995 2723 καλεῖσθαι

2414 2768 2545 2833 θεοὶ,
2570 2769 2618 2821 οἱ
2631 2768 2815 2839 χρείας
2828 2768 2973 2829 τινὸς
2987 2767 3174 2820 ἕνεκεν
3188 2766 3466 2836 εἰληφότες
3482 2762 3576 2817 τοῦ
3600 2761 3734 2816 Θεοῦ
3757 2762 3853 2832 τὴν
3875 2760 4003 2830 κ.λῆ-

2415 2859 2655 2913 σιν.Ὃτε
2682 2857 2779 2927 μὲν
2791 2856 2899 2928 γὰρ
2912 2858 3208 2929 ἐνεχείρισε
3223 2856 3302 2926 τῷ
3323 2854 3536 2925 ἀγγέλῳ
3554 2854 3650 2924 τὴν
3672 2852 4003 2906 ἐπιστασίαν

2412 2949 2506 3005 τοῦ
2530 2949 2680 3013 λαοῦ,
2702 2950 2907 3019 ἔφασκε
2932 2948 3009 3019 τῷ
3027 2950 3250 3003 Μωῦσεῖ
3268 2948 3397 3019 περὶ
3423 2945 3585 3000 αὐτοῦ
3607 2963 3619 2975 ’
3648 2943 3744 3010 Μὴ
3760 2942 4001 3007 ἀπειθή-

2411 3060 2531 3112 σῃς
2550 3043 2731 3109 αὐτῷ·
2760 3042 2850 3096 ὅτι
2878 3040 3067 3111 ὄνομά
3093 3058 3193 3110 μοι
3218 3041 3403 3093 κεῖται
3427 3039 3520 3092 ἐπ’
3557 3038 3762 3091 αὐτόν.
3779 3038 3919 3101 ,Ὅτε
3943 3035 4003 3088 δὲ

734 3129 890 3185 misit
916 3131 1187 3201 judicium
1230 3138 1442 3208 populi,
1480 3139 1619 3193 dixit
1646 3141 1729 3195 eis
1767 3158 1782 3194 :
1810 3140 2026 3196 Iustum
2046 3143 2311 3212 judicium

2415 3136 2713 3208 ἐνεχείρισε
2731 3137 2842 3198 τοῖς
2867 3134 3093 3205 ἄρχουσι
3116 3132 3215 3203 τὴν
3242 3132 3421 3203 κρίσιν
3434 3130 3528 3183 τοῦ
3551 3128 3700 3192 λαοῦ,
3718 3127 4003 3198 φησὶπρδς

733 3222 997 3287 iudicate,
1046 3229 1297 3296 quoniam
1324 3229 1591 3298 judicium
1623 3231 1723 3285 Dei
1770 3230 1938 3288 est“.~
1970 3234 2035 3289 Et
2066 3235 2262 3293 iterum
2296 3255 2323 3292 :7

732 3313 825 3368 Dii
847 3316 997 3382 estis,
1029 3327 1080 3372 et
1118 3320 1221 3388 ﬁlii
1262 3320 1527 3376 Altissimi
1549 3340 1725 3378 autne:
1744 3324 1809 3379 ".
1837 3324 1977 3381 Deos
2008 3327 2131 3383 illos
2155 3330 2311 3395 dixit,

730 3408 890 3476 quasi
918 3410 1127 3465 diceret
1156 3404 1183 3466 ἐ
1206 3411 1335 3467 Dedi
1372 3414 1535 3469 vobis.
1558 3415 1821 3471 honorem
1848 3433 2027 3473 meum
2056 3430 2110 3474 et
2137 3422 2313 3477 locum

731 3508 789 3553 et
816 3502 1238 3572 appellationem
1281 3523 1293 3559 :
1332 3506 1518 3576 itaque
1547 3508 1718 3577 quasi.
1748 3522 1851 3579 ego
1880 3509 2213 3578 judicarem,
2241 3514 2314 3570 ita

731 3591 977 3659 iudicate
1016 3594 1299 3664 populum.

804 3680 1084 3748 QUAEST.
1116 3684 1351 3743 CXLIII.
1395 3685 1454 3740 Si
1484 3686 1629 3743 Deus
1665 3689 1825 3760 longe
1849 3693 2121 3761 superior,
2150 3694 2314 3749 homo

731 3784 913 3829 autem
953 3775 1213 3842 inferior,
1262 3792 1446 3834 annon
1493 3790 1690 3850 preter
1725 3780 1807 3837 fas
1855 3782 2017 3839 homo
2076 3788 2315 3856 appella-

731 3873 821 3919 tur
847 3866 1024 3925 deus).

804 3955 1004 4013 RESP.
1067 3958 1195 4016 Hac
1251 3962 1615 4034 interrogatio
1668 3981 1771 4023 nec
1836 3969 2141 4025 christiano
2181 3984 2315 4023 cen-

732 4051 885 4120 gruit
908 4066 1011 4106 nec
1037 4053 1277 4109 etlmico.
1302 4053 1440 4109 Nam
1464 4057 1765 4113 secundum
1802 4066 2096 4131 utrumque
2132 4061 2200 4115 ad
2224 4062 2312 4115 in-

736 4143 988 4208 feriores,
1032 4159 1133 4214 pro
1159 4146 1431 4218 cujusque
1457 4150 1651 4220 gloria,
1701 4151 2034 4208 transfertur
2066 4155 2314 4224 superio—

732 4235 1155 4307 ris-appellatiot
1188 4236 1543 4310 Nequaquam
1594 4249 1778 4298 autem
1826 4256 1895 4300 ex
1936 4245 2100 4301 rebus
2124 4247 2312 4318 explo—

732 4331 869 4385 ratis
901 4330 1241 4387 instituenda
1270 4332 1563 4401 dubitatio,
1595 4335 1694 4391 sed
1723 4351 1795 4391 ex
1820 4337 2062 4393 incertis.

799 4502 1080 4570 eumsr.
1122 4507 1351 4565 CXLIV.
1397 4508 1455 4565 Si
1494 4510 1640 4568 Deus
1685 4513 1859 4569 habet
1896 4514 2310 4570 subsistentiam
2344 4493 2389 4547 Ι)

729 4598 1107 4667 exsistentem,
1137 4610 1191 4656 et
1221 4602 1556 4658 voluntatem
1588 4604 2023 4671 inexsistentem,
2045 4617 2096 4660 et
2112 4605 2312 4661 Filium

731 4691 1089 4746 cxsistentem
1126 4709 1139 4743 :
1167 4695 1446 4764 quomodo
1472 4703 1553 4750 tot
1575 4696 1754 4752 modis
1782 4699 2146 4769 compositus,
2179 4699 2312 4754 sim-

732 4781 855 4851 plex
884 4782 1126 4837 dicitur?

807 4872 1006 4931 RESP.
1051 4875 1226 4933 Sicuti
1260 4878 1403 4936 Deus
1433 4881 1636 4953 ubique
1671 4890 1755 4938 est
1785 4891 1956 4947 totus,
1994 4891 2053 4939 et
2077 4892 2227 4941 totas
2257 4885 2315 4939 in

734 4982 1088 5039 unoquoque,
1114 4977 1372 5042 totusque
1398 4975 1453 5030 in
1482 4975 1686 5044 seipso,
1710 4985 1875 5046 atque
1903 4976 1957 5030 id
1994 4975 2099 5031 (ide
2122 4984 2313 5031 nostra

734 5058 1071 5129 probamus,
1114 5061 1198 5115 ita
1238 5063 1403 5117 etiam
1453 5066 1780 5135 simplicitas
1820 5066 1943 5136 ejus
1982 5075 2098 5121 tota
2139 5065 2313 5124 Filius

731 5157 847 5212 est,
882 5156 941 5204 et
978 5157 1095 5205 tota
1133 5150 1331 5207 Filium
1368 5153 1581 5211 habens
1612 5164 1699 5213 est
1740 5176 1754 5211 :
1796 5167 2022 5227 totaque
2062 5159 2314 5217 voluntas

733 5249 842 5306 est,
883 5257 947 5296 ac
979 5250 1093 5297 tota
1125 5244 1463 5300 voluntatem
1501 5246 1710 5304 habens
1750 5256 1856 5305 est.
1905 5248 2023 5303 Non
2071 5251 2215 5304 enim
2244 5250 2313 5305 ad

733 5331 913 5387 instar
937 5341 1135 5389 creata
1168 5343 1377 5390 natura:
1402 5335 1546 5393 Deus
1566 5348 1676 5405 est,
1704 5349 1763 5394 ut
1797 5339 1849 5394 id
1880 5340 2027 5410 quod
2055 5341 2145 5405 sit,
2170 5350 2227 5395 et
2258 5340 2312 5394 id

733 5425 881 5494 quod
912 5425 1132 5490 habeat,
1166 5442 1261 5497 per
1293 5430 1749 5500 compositionem
1778 5432 2137 5501 intelligatur,
2168 5434 2313 5488 sicut

736 5513 962 5589 [natura
990 5525 1174 5571 creata
1196 5516 1251 5589 ;]π
1284 5534 1473 5573 verum
1514 5536 1612 5590 pro
1639 5536 1705 5576 eo
1742 5529 1906 5595 atque
1938 5531 2189 5577 naturam
2212 5523 2312 5578 ob-

2416 3226 2612 3290 αὐτούς
2630 3243 2643 3255 ’
2687 3226 2933 3279 Δικαίαν
2959 3223 3163 3291 κρίσιν
3188 3224 3448 3290 κρίνατε,
3469 3221 3557 3274 ὅτι
3585 3222 3625 3287 ἡ
3658 3220 3869 3286 κρίσις
3890 3219 4009 3272 τοῦ

2419 3320 2567 3374 Θεοῦ
2596 3319 2749 3373 ἐστι.
2771 3318 2894 3371 ’Καὶ
2934 3318 3127 3371 πάλιν·
3188 3314 3336 3384 Ἐγὼ
3361 3310 3500 3367 εἶπα
3519 3353 3533 3377 ,
3565 3311 3697 3364 Θεοί
3731 3310 3870 3363 ἐστε
3894 3312 4001 3365 καὶ

2415 3410 2528 3464 υἱοὶ
2559 3411 2850 3479 Ὑψίστου
2867 3409 3107 3474 πάντες.
3120 3407 3285 3469 Θεοὺς
3310 3406 3502 3469 αὐτοὺς
3527 3404 3729 3472 ἔλεγεν,
3744 3404 3863 3455 ἀντὶ
3876 3404 4007 3468 τοῦ,

2419 3502 2635 3555 Ἔδωκα
2650 3503 2778 3571 ὑμῖν
2794 3500 2892 3571 τὴν
2906 3499 3072 3571 τιμὴν
3085 3499 3183 3569 τὴν
3204 3496 3341 3567 ἐμὴν
3356 3498 3451 3550 καὶ
3468 3497 3566 3567 τὴν
3582 3495 3755 3560 τάξιν,
3784 3496 3874 3548 καὶ
3896 3497 4003 3566 τὴν

2415 3590 2623 3661 κλῆσιν·
2645 3586 2822 3655 ὠςοῦν
2839 3589 2972 3661 ἐμοῦ
2990 3588 3288 3661 κρίνοντος,
3304 3588 3473 3651 οὕτως
3494 3586 3713 3658 κρίνατε
3732 3585 3824 3637 τὸν
3846 3585 3996 3638 λαόν.

2488 3686 2840 3739 ἘΡΩΤΗΣΙΣ
2862 3684 3037 3737 ΡΜΓ¹.
3058 3684 3122 3736 El.
3147 3680 3594 3755 ὑπεραναὸἐὸηκε
3633 3678 3730 3748 μὲν
3758 3678 3819 3729 τὸ
3842 3678 3998 3743 Θεὸς,

2419 3776 2728 3847 ὑποόἐὸηκε
2751 3778 2806 3831 δέ
2831 3778 2892 3831 τὸ
2918 3770 3221 3846 ἄνθρωπος,
3270 3774 3388 3838 πῶς
3411 3774 3510 3828 οὐκ
3541 3772 3789 3834 ἀτάκτως
3827 3772 3856 3823 6
3894 3770 3998 3826 ἂν·-

2416 3870 2631 3941 θρωπος
2647 3869 2781 3934 Θεὸς
2810 3870 3279 3941 προσηγόρευται;

2485 3961 2893 4016 ἈΠΟΚΡΙΣΙΣ.
2925 3962 3073 4034 Αὕτη
3123 3962 3157 4031 ή
3215 3957 3484 4030 ἐρώτησις
3514 3956 3636 4011 οὔτε
3683 3956 3998 4029 Χριστιανῷ

2414 4053 2695 4124 ἁρμόττει,
2731 4053 2855 4107 οὔτε
2887 4054 3131 4123 Ἕλληνι.
3148 4052 3285 4113 Καθ’
3298 4052 3384 4105 ἐτε
3391 4068 3481 4122 ρον
3495 4049 3645 4112 δέείς
3658 4051 3784 4112 τοὺς
3801 4050 3995 4103 ὑποϐε-

2413 4143 2648 4217 ϐηκότας
2689 4147 3015 4216 μετήνεκται
3034 4144 3129 4199 τοῦ
3155 4142 3699 4216 ὑπεραναϐεϐηκότος
3724 4144 3759 4212 ἡ
3782 4143 3991 4212 κλῆσις,

2412 4220 2554 4292 κατά
2588 4237 2686 4310 τὴν
2715 4240 2947 4293 ἐκάστου
2977 4237 3153 4304 δόξαν.
3186 4238 3260 4291 Οὐ
3285 4237 3389 4308 χρὴ
3414 4236 3472 4290 δέ
3500 4238 3569 4289 ἐκ
3588 4234 3697 4287 τῶν
3716 4234 3993 4305 ὁμολογου-

2416 4332 2596 4402 μένων
2645 4329 3072 4394 κατασκευάζειν
3125 4328 3225 4401 τὴν
3282 4328 3547 4399 ἀπορίαν,
3604 4326 3745 4380 ἀλλά
3791 4328 3855 4379 ἐκ
3888 4327 3993 4380 τῶν

2414 4420 2533 4492 ἀμφ
2544 4420 2751 4475 ιὸόλων.

2493 4514 2846 4567 ἘΡΩΤΗΣΙΣ
2867 4514 3044 4568 ΡΜΔ¹.
3068 4514 3131 4566 El
3153 4513 3265 4583 ἔχει
3281 4514 3310 4566 6
3335 4510 3469 4575 Θεὸς
3496 4509 3794 4563 ὑπόστασιν
3818 4510 3989 4579 ὑπάρ-

2421 4625 2639 4679 χουσαν,
2683 4609 2779 4661 καὶ
2823 4607 3016 4679 βουλὴν
3055 4608 3467 4678 ἐνυπάρχουσαν
3490 4644 3505 4668 ,
3534 4604 3628 4657 καὶ
3659 4603 3785 4656 Υίὸν
3818 4603 3988 4675 ὑπάρ-

2421 4718 2603 4772 χοντα,
2650 4700 2765 4765 πῶς
2788 4704 2851 4756 ἐκ
2876 4699 3143 4754 τοσούτων
3173 4699 3547 4769 συγκείμενος,
3572 4695 3776 4758 ἁπλοῦς
3794 4694 3987 4766 ὀνομά-

2418 4791 2565 4855 ςεται
2586 4808 2600 4855 ;

2488 4883 2894 4937 ‘AIIOKPIEIZ.
2943 4884 2999 4938 Ὁ
3046 4882 3180 4945 Θεὸς
3230 4880 3421 4950 ὥσπερ
3463 4879 3583 4943 ὅλος
3627 4878 3744 4932 ἐστὶ
3787 4893 3986 4931 παντα-

2418 4974 2536 5046 χοῦ,
2588 4975 2683 5026 καὶ
2725 4973 2845 5037 ὅλος
2893 4975 2951 5026 ἐν
2988 4974 3203 5043 ἑκάστῳ
3222 5013 3236 5037 ,
3277 4972 3371 5025 καὶ
3398 4970 3518 5034 ὅλος
3540 4972 3626 5037 ἐφ’
3650 4968 3842 5022 ἐαυτοῦ
3860 5010 3874 5034 ,
3899 4968 3985 5021 καὶ

2416 5061 2604 5116 τούτου
2641 5062 2822 5115 πίστιν
2855 5062 2954 5133 μὲν
2974 5062 3203 5133 ἔχομεν,
3231 5061 3404 5124 οὕτως
3436 5060 3529 5113 καὶ
3555 5058 3615 5112 τὸ
3650 5058 3855 5113 ἀπλοῦν
3895 5058 3987 5110 αὺ-

2413 5155 2509 5209 τοῦ
2557 5156 2677 5210 ὅλον
2731 5156 2857 5218 Υίός
2904 5156 3041 5217 ἐστι,
3085 5154 3178 5207 καὶ⁸
3216 5152 3339 5207 ὅλον
3389 5152 3501 5205 υἱὸν
3554 5151 3677 5222 ἔχον
3720 5151 3869 5204 ἐστί·
3900 5150 3987 5202 καὶ

2414 5246 2533 5300 ὅλον
2570 5246 2730 5318 βουλή
2761 5248 2898 5310 ἐστι,
2931 5246 3026 5298 καὶ
3059 5245 3180 5297 ὅλον
3209 5243 3401 5317 βουλὴν
3444 5243 3566 5314 ἕχον
3592 5242 3761 5297 ἐστίν.
3789 5241 3862 5294 Οὐ
3884 5238 3988 5309 γάρ

2416 5341 2531 5392 ἐστι
2570 5338 2710 5392 κατά
2745 5339 2845 5410 τὴν
2884 5337 3106 5407 κτιστὴν
3153 5335 3317 5405 φύσιν
3354 5336 3383 5389 6
3410 5334 3562 5398 Θεὸς,
3600 5333 3740 5387 ὥστε
3772 5328 3986 5385 τὸεῖναι

2415 5431 2598 5495 αὐτὸν,
2656 5431 2773 5484 καὶκ
2794 5429 2857 5483 τὸ
2902 5429 3064 5500 ἔχειν,
3089 5427 3254 5499 νοηθῇ
3300 5428 3359 5482 ἐν
3392 5426 3659 5489 συνθέσει,
3690 5424 3900 5496 ὥσπερ.
3931 5462 3945 5476 .
3971 5462 3984 5475 .

2417 5523 2533 5577 ἀλλ’
2583 5522 2771 5594 ὥσπερ
2818 5521 2926 5594 (40)
2948 5522 3047 5592 τὴν
3094 5520 3255 5592 φύσιν
3296 5518 3372 5573 ὢν
3412 5518 3564 5591 (Η),
3593 5518 3767 5581 οὕτως
3812 5515 3989 5572 καὶτὸ

845 5630 893 5661 ’⁸
916 5630 1087 5686 Exod.
1122 5647 1279 5698 xxm,
1305 5633 1396 5689 21.
1481 5635 1525 5667 "
1550 5634 1705 5691 Deut.
1732 5637 1877 5703 ι,16.
1951 5637 1996 5671 ³⁸
2030 5636 2172 5695 Psal.
2202 5654 2389 5703 Lxxxl,
2422 5640 2470 5694 1.

790 5743 920 5827 ,(40)
947 5745 1196 5828 ’ρσπερτ
1259 5747 1553 5828 Ιίοοιιητιηχ
1591 5751 1828 5828 cxplent_
1862 5750 2079 5828 Langus
2118 5764 2172 5808 ct
2208 5754 2323 5828 Syl-

741 5814 973 5886 burgius
999 5816 1226 5888 legendo
1258 5818 1334 5882 ὡς
1372 5820 1429 5872 ἐν
1461 5822 1583 5885 ταῖς
1615 5814 1859 5886 κτισταῖς
1892 5814 2134 5892 φύσεσιν.

2500 5746 2609 5823 (41)
2644 5752 2761 5835 τὴν
2785 5752 2974 5876 ἓνύθςιν
3003 5749 3105 5802 ὢν.
3142 5747 3362 5823 Legitur
3392 5749 3459 5806 ad
3485 5748 3788 5821 marginem
3816 5747 3870 5803 in
3893 5743 3990 5802 Re.

2500 5840 2515 5876 ›
2549 5824 2782 5876 εοάιεθτ
2845 5839 3004 5876 ωυσει
3030 5820 3110 5874 θν.

2408 5825 2515 5897 ,εἱο
2549 5820 2737 5881 ebdice
2753 5820 2813 5877 τὸ
2845 5821 3004 5894 φύσει
3030 5820 3110 5874 θν.
