4146 6426
241 326 382 383 1397

992 313 1457 386 QUESTIONES
1490 312 1577 368 ET
1616 306 2135 367 RESPONSIONES
2174 305 2264 360 AD
2301 299 2791 360 OR'IIHODOXOS.

3366 298 3502 354 1598

241 449 386 505 εἶναι
442 449 620 513 αὑτὸν,
678 450 772 502 καὶ
821 446 881 499 τὸ
942 446 1105 516 ἔχειν,
1154 444 1300 497 ἐστὶν
1364 442 1505 513 ὑπὲρ
1545 440 1643 511 τὴν
1694 437 1820 491 σύν-

1927 435 2081 496 tinet,
2118 432 2191 484 ita
2235 426 2399 483 etiam
2429 418 2816 491 intelligendus
2845 421 2951 477 est,
2985 415 3040 469 id
3073 412 3219 484 quod
3247 413 3347 476 sit,
3365 422 3417 467 et
3447 412 3502 466 id

241 542 413 595 θεσιν.

317 632 664 687 ἘΡΩΤΗΣΙΣ
697 631 877 684 ΡΜΕ’.
912 630 974 682 Εἰ
1019 629 1085 683 δι’
1118 622 1193 683 ὧν
1227 631 1260 700 ἡ
1302 628 1459 700 σὰρξ,
1492 625 1580 680 διὰ
1616 622 1824 677 τούτων

241 728 339 781 καὶ
384 725 443 777 τὸ
492 721 630 793 αἷμα
672 723 1020 782 συνίσταται,
1072 720 1160 774 διὰ
1205 720 1287 773 τί
1322 721 1421 791 τὴν
1475 718 1573 789 μὲν
1617 714 1819 786 βρῶσιν

240 818 345 889 τῆς
366 815 473 870 τῶν
500 812 653 879 ζώων
685 813 883 885 σαρκὸς
906 813 935 863 ὁ
961 812 1092 875 Θεὸς
1126 810 1431 882 ἐπιτρέπει,
1457 808 1555 879 τὴν
1577 806 1633 860 δὲ
1658 806 1716 859 ὲν
1741 804 1820 875 τῷ

241 913 435 982 αἵματι
457 908 787 980 ἀπαγορεύει
821 904 1154 977 μετάληψιν;
1186 902 1359 972 Πλὴν
1392 901 1590 972 κρέας,
1608 900 1815 970 λέγων,

238 1003 315 1056 ἐν
341 1002 541 1070 αἵματι
569 1005 653 1055 οὑν
671 998 950 1069 satira-x708.

315 1093 721 1147 ’AIIOKPIEIE.
755 1092 871 1144 Ἵνα
910 1090 1004 1142 καὶ
1043 1090 1103 1141 ἐν
1146 1085 1321 1157 τούτῳ
1364 1084 1573 1157 χωρίσῃ
1612 1084 1757 1154 ἡμᾶς
1782 1084 1810 1136 ὁ

239 1186 376 1250 Θεὸς
402 1186 497 1257 τῆς
521 1184 628 1238 τῶν
649 1183 852 1254 θηρίων
881 1180 1219 1252 ὁμοιότητος,
1248 1178 1355 1232 τῶν
1384 1180 1481 1232 σὺν
1510 1160 1576 1249 τῇ
1614 1175 1815 1247 βρώσει

240 1279 343 1349 τῆς
368 1276 567 1348 σαρκὸς
595 1274 906 1329 λαπτόντων
932 1273 1024 1324 καὶ
1051 1271 1112 1324 τὸ
1139 1268 1297 1342 αἷμα,
1343 1263 1421 1324 ὧν
1460 1268 1560 1333 τὰς
1607 1270 1816 1340 σάρκας

241 1371 537 1425 ἐσθίουσιν.

313 1458 663 1512 ἘΡΩΤΗΣΙΣ
695 1456 888 1523 ΡΜςο.
917 1455 979 1507 Et
1011 1455 1038 1507 ὁ
1070 1453 1202 1517 Θεὸς
1244 1454 1337 1505 ἐπὶ
1378 1450 1486 1505 τῶν
1511 1450 1686 1521 ἁληθῆ
1716 1449 1818 1521 τὴν

240 1549 464 1604 ἑκϐασιν
480 1546 813 1618 ἐσχηκότων,
834 1545 927 1598 καὶ
946 1543 1033 1597 διὰ
1046 1542 1154 1598 τῶν
1174 1542 1304 1614 παρ’
1323 1540 1548 1607 Ἕλλησι
1566 1541 1813 1611 μάντεων

240 1643 303 1694 τὸ
323 1641 510 1713 μέλλον
527 1639 742 1693 ἔσεσθαι
759 1637 1154 1709 προεμήνυσεν,
1171 1634 1405 1706 ὁπηνίκα
1425 1634 1537 1704 (42)
1557 1633 1814 1704 ’Έλληνες

241 1732 379 1806 πρὸς
407 1731 673 1801 ’Έλληνας
712 1730 1055 1799 διεμάχοντο,
1090 1726 1348 1795 πολλάκις
1393 1725 1533 1779 κατὰ
1568 1726 1813 1796 χρησμὸν

241 1823 548 1896 «pagana;
557 1841 631 1887 τι,
645 1815 721 1877 ὧν
735 1825 769 1893 ἡ
783 1821 902 1875 θεία
915 1820 1103 1892 Γραφὴ
1118 1821 1217 1891 τὴν
1234 1819 1431 1891 πρᾶξιν
1449 1818 1629 1889 ὰπηγό
1638 1835 1726 1888 ρευ
1734 1834 1813 1879 σε,

240 1916 349 1969 τῶν
378 1919 434 1969 ὲν
462 1918 529 1986 τῇ
568 1914 793 1986 δευτέρᾳ
824 1912 1014 1967 πεύσει
1047 1913 1312 1983 κειμένων
1351 1910 1539 1965 δεινῶν
1579 1909 1819 1979 ἀπηλλάο

241 2023 421 2078 γησαν
446 2000 601 2072 ;λοῖον
626 2005 717 2057 ἐπὶ
758 2004 854 2073 μὲν
883 2002 1121 2073 πολέμου
1146 2041 1161 2067 ,
1203 2002 1279 2065 ὡς
1323 2001 1519 2054 ὄτανοί
1550 1999 1688 2053 ἑπτά
1726 1999 1820 2051 ἐπὶ

241 2098 451 2169 Θήϐαις
473 2096 642 2167 ἄρδην
680 2096 780 2167 μὲν
828 2094 1225 2165 καταστρέφειν
1272 2093 1373 2164 τὴν
1417 2092 1819 2163 προρρηθεῖσαν

242 2188 399 2241 πόλιν
432 2186 685 2257 ἔμελλον⁸
727 2183 1170 2257 μαντευσαμένου
1215 2183 1271 2236 δὲ
1308 2182 1617 2255 Τειρεσίου,
1657 2183 1684 2236 ό
1716 2183 1824 2236 Με-

240 2279 458 2342 νοικεὺς
484 2277 624 2331 κατὰ
652 2277 714 2329 τὸ
752 2276 944 2329 δοκοῦν
968 2278 1033 2346 τῇ
1063 2274 1291 2345 μαντείᾳ
1312 2313 1327 2337 ,
1367 2272 1559 2325 ἑαυτὸν
1592 2273 1821 2343 ἑτοίμως

241 2372 583 2441 κατέσφαξε,
610 2372 705 2424 καὶ
737 2369 910 2432 οὕτως
936 2368 1079 2420 κατὰ
1099 2367 1196 2438 τὴν
1225 2366 1527 2439 πρόρρησιν
1555 2366 1653 2436 τῆς
1689 2383 1822 2437 μαν-

240 2461 416 2525 τείας,
452 2463 485 2532 ή
536 2460 634 2531 μὲν
659 2458 812 2522 πόλις
838 2456 1073 2528 διεσώθη
1095 2496 1109 2519 ,
1145 2459 1192 2509 οἱ
1236 2456 1291 2509 δὲ
1316 2456 1561 2526 πολέμιοι
1582 2454 1687 2508 ὑπὸ
1712 2455 1821 2509 τῶν

241 2552 303 2604 ἑν
331 2555 397 2622 τῇ
444 2550 595 2603 πόλει
639 2548 982 2621 ἀνῃρέθησαν
1008 2565 1020 2577 ·
1067 2548 1162 2601 καὶ
1212 2548 1369 2599 τοῦτο
1416 2547 1514 2617 μὲν
1561 2546 1821 2617 περὶτῶν

240 2645 303 2697 ἐν
342 2643 598 2713 πολέμοις
639 2640 915 2712 τροπαίων
962 2638 1017 2691 ἓν
1062 2640 1125 2692 ὲκ
1173 2637 1380 2691 πολλῶν
1421 2640 1553 2709 ἡμῖν
1587 2637 1818 2708 εἴρηται.

314 2733 721 2787 ἈΠΟΚΡΙΣΙΣ.
765 2731 823 2783 'U
854 2729 1021 2783 ποιῶν
1059 2730 1156 2800 τὴν
1186 2729 1340 2783 λύσιν
1387 2728 1498 2781 τῶν
1553 2728 1820 2800 ζητουμέ-

240 2842 371 2891 νων,
415 2824 631 2897 πριῖντον
653 2822 856 2892 ὀφείλει
885 2821 1057 2874 θεῖναι
1081 2820 1148 2873 τά
1175 2820 1586 2891 ὁμολογήματα,
1618 2814 1736 2870 εἷτα
1763 2816 1820 2883 ἐξ

241 2915 422 2971 αὐτῶν
452 2913 781 2986 ποιήσασθαι
809 2912 917 2965 τῶν
948 2910 1291 2981 ζητουμένων
1334 2910 1432 2981 τὴν
1457 2909 1628 2962 λύσιν.
1666 2909 1819 2961 Ἔστι

240 3009 299 3062 δὲ
326 3008 432 3061 τῶν
458 3005 903 3078 ὁμολογουμένων
932 3004 991 3056 τὸ
1033 3003 1131 3057 ἕνα
1159 2998 1298 3056 εἶναι
1332 3002 1465 3055 Θεὸν
1492 3001 1822 3073 δημιουργόν

1921 525 2067 598 quod
2099 523 2322 582 habeat,
2360 516 2610 571 obtinere
2632 523 2801 581 supra
2821 506 3301 577 compositionem.

1992 610 2274 689 QUzEST.
2325 604 2535 665 CXLV.
2581 603 2640 657 Si
2671 615 2769 671 per
2806 613 2929 670 quae
2979 612 3132 662 caro,
3178 611 3276 665 per
3309 594 3510 651 eadem

1919 716 1974 764 et
2015 686 2243 775 sanguis
2280 697 2540 756 consistit
2578 714 2592 752 :
2626 707 2798 764 quare
2832 690 2977 744 Deus
3021 686 3208 742 carnis
3253 686 3505 739 animam-

1920 801 2057 854 tium
2118 809 2276 851 esum
2321 790 2613 863 permittit,
2660 784 2846 841 carnis
2893 792 3074 838 autem
3134 781 3192 835 in
3236 779 3505 850 sanguine

1920 906 2080 947 usum
2128 884 2453 943 interdicit?
2485 881 2739 949 Excepto,
2791 874 3007 946 inquit,
3037 871 3176 945 quod
3205 886 3416 927 carnem
3446 873 3509 926 in

1920 978 2301 1049 sanguinenon
2325 971 2608 1029 comedetis
2630 970 2699 1023 ’⁸.

1988 1069 2191 1126 RESP.
2232 1067 2303 1123 Ut
2334 1082 2397 1123 ea
2440 1078 2659 1136 quoque
2700 1076 2767 1116 re
2800 1059 2943 1114 Deus
2974 1070 3127 1111 nosa
3156 1053 3394 1110 ferarum
3426 1051 3503 1106 εἰς

1918 1162 2228 1219 militudine
2250 1164 2583 1221 secerneret,
2616 1169 2738 1225 quae
2763 1166 2889 1207 cum
2924 1149 3117 1204 carnis
3144 1163 3243 1203 esu
3278 1145 3502 1216 sanguis

1918 1273 2042 1313 nem
2073 1257 2241 1312 etiam
2287 1252 2542 1308 lambunt
2573 1263 2787 1312 eorum,
2820 1260 3053 1317 quorum
3113 1240 3375 1296 carnibus
3409 1252 3502 1293 ve-

1917 1359 2165 1405 scuntur.
2871 1373 2881 1383 .

1987 1438 2268 1508 QUEST.
2302 1433 2535 1493 CXLVI.
2578 1431 2637 1488 Si
2667 1431 2813 1487 Deus
2854 1430 2909 1484 in
2952 1429 3055 1491 iis,
3096 1439 3217 1497 quae
3256 1440 3383 1479 vere
3434 1423 3503 1477 ad

1918 1535 2128 1590 exitum
2169 1530 2434 1602 perducta
2470 1533 2624 1590 sunt,
2669 1523 2834 1579 etiam
2867 1537 2963 1593 per
3001 1520 3315 1575 Graecorum
3350 1521 3504 1569 vates

1917 1625 2162 1681 futurum
2205 1619 2627 1695 praenuntiavit,
2684 1630 2859 1687 quare
2906 1629 3031 1668 cum
3075 1610 3248 1666 Grreci
3295 1623 3506 1680 pugna-

1919 1727 2042 1775 rent
2078 1733 2208 1774 cum
2241 1714 2473 1777 Graecis,
2519 1726 2664 1780 saepe
2702 1714 2995 1780 postquam
3036 1720 3100 1759 ex
3133 1703 3342 1759 oraculi
3385 1716 3505 1755 mo—

1922 1814 2043 1868 nitu
2076 1810 2285 1881 aliquid
2319 1808 2518 1869 fecere,
2574 1802 2721 1874 quod
2762 1800 2951 1855 divina
2990 1798 3109 1867 lege
3137 1795 3365 1851 vetitum
3395 1802 3519 1856 est,.

1922 1903 2328 1963 calamitatibus
2359 1901 2423 1954 in
2454 1896 2698 1955 secunda
2731 1892 3159 1964 interrogatione
3190 1887 3389 1959 positis
3433 1887 3503 1941 li-

1921 1998 2283 2054 beratisunt‘!
2315 1991 2475 2047 Velut
2517 1989 2576 2043 in
2622 1986 2785 2048 bello,
2819 2000 2945 2039 cuni
2986 1989 3194 2052 septem
3245 1979 3322 2033 illi
3359 1978 3511 2047 apud.

1923 2088 2140 2144 Thebas
2183 2088 2353 2141 duces
2397 2081 2644 2137 funditus
2670 2075 2989 2148 praedictam
3032 2076 3223 2129 urbem
3254 2070 3504 2128 eversuri

1922 2190 2128 2247 essent,
2172 2178 2384 2232 Tiresia
2432 2185 2761 2243 responsum
2805 2170 2969 2224 dante
3019 2166 3333 2223 Menoeceus
3377 2177 3504 2216 ora—

1922 2272 2053 2327 culo
2078 2285 2287 2324 morem
2318 2282 2537 2338 gerens,
2575 2264 2816 2333 seipsum
2848 2257 3365 2320 libens'interemit,
3393 2255 3505 2309 sic-
3558 2271 3563 2276 ·

1923 2378 2030 2435 que
2063 2361 2364 2417 secundum
2389 2358 2599 2413 oraculi
2623 2353 2945 2410 vaticinium
2975 2358 3197 2407 servata
3226 2349 3362 2404 urbs
3389 2356 3443 2403 et
3465 2363 3515 2402 λ

1924 2454 2141 2510 civibus
2178 2450 2489 2521 interempti
2521 2450 2730 2503 hostes.
2763 2445 2941 2516 Atque
2982 2442 3118 2499 illud
3157 2442 3405 2497 victorian
3449 2441 3524 2495 in.

1924 2547 2069 2604 bello
2103 2550 2391 2615 reportatae
2429 2539 2739 2611 exemplum
2766 2534 2937 2592 unum
2979 2534 3049 2590 de
3096 2531 3287 2587 multis
3318 2531 3507 2585 attuli.

1924 2655 2068 2694 ωυε.

1993 2727 2191 2782 RESP.
2246 2725 2350 2793 Qui
2410 2724 2740 2780 solutionem
2800 2721 3167 2792 quaestionum
3231 2716 3501 2788 suscipit,

1924 2820 2084 2893 505
2120 2821 2167 2875 is
2212 2819 2394 2891 primo
2435 2833 2527 2872 res
2569 2816 2883 2887 exploratas
2935 2822 3177 2869 statuere
3213 2810 3396 2875 debet,
3442 2824 3506 2863 ac

1924 2908 2120 2969 deinde
2176 2927 2245 2967 ex
2299 2909 2380 2965 eis
2426 2908 2798 2979 quaestionum
2849 2904 3178 2961 solutionem
3224 2900 3503 2973 perlicere.

1924 3007 2064 3062 Illud
2105 3013 2287 3060 autem
2339 3004 2394 3058 in
2445 3003 2611 3058 rebus
2665 3000 2967 3073 exploratis
3012 3006 3119 3060 est,
3165 3010 3334 3050 unum
3385 3008 3508 3050 esse

240 3119 304 3154 τε
337 3099 431 3155 καὶ
479 3098 785 3169 προνοητὴν
815 3096 910 3150 τοῦ
947 3096 1154 3166 κόσμου
1182 3094 1400 3159 παντὸς,
1428 3095 1486 3148 ὃν
1512 3093 1817 3163 καταγγέλ-

1927 3100 2095 3156 Deum
2154 3098 2404 3169 opificem
2474 3104 2537 3151 et
2581 3096 3007 3166 gubernatorem
3068 3092 3247 3147 totius
3294 3087 3506 3153 mundi,

241 3190 425 3246 λουσιν
452 3192 506 3244 αἱ
537 3189 676 3243 θεῖαι
697 3189 804 3243 τῶν
832 3188 1175 3260 Χριστιανῶν
1199 3189 1411 3259 Γραφαὶ
1443 3189 1622 3259 λόγοις
1648 3187 1820 3251 θείαις

242 3284 501 3355 δυνάμεσι
552 3282 1097 3354 μεμαρτυρημένοιςο
1145 3282 1274 3353 παρ’
1300 3275 1360 3334 οὗ
1411 3284 1525 3335 ἐστι
1552 3281 1659 3335 τῶν
1704 3282 1821 3354 μελ-

243 3375 445 3428 λόντων
459 3375 493 3444 ἦ
505 3391 565 3427 τε
591 3375 895 3445 πρόρρησις
920 3372 1012 3424 καὶ
1029 3374 1066 3442 ή
1079 3371 1678 3437 ἔκϐασις.Ἐκ6άλλουσι
1692 3374 1747 3426 δὲ
1765 3376 1819 3427 αἱ

244 3466 458 3536 Γραφαὶ
481 3468 535 3517 αἱ
556 3465 744 3518 τοῦτον
768 3463 1229 3532 καταγγέλλουσαι
1255 3464 1381 3528 τοὺς
1399 3464 1506 3519 τῶν
1556 3464 1823 3537 Ἑλλήνων

247 3557 418 3620 θεούς·
443 3560 511 3611 El
534 3555 895 3620 ἀλλάξουσι,
923 3556 1076 3626 φησὶ,
1094 3558 1166 3610 τὰ
1195 3555 1340 3624 ἔθνη
1373 3557 1515 3623 τοὺς
1532 3557 1706 3624 θεοὺς
1724 3561 1822 3612 αὐ-

246 3648 383 3702 τῶν·
412 3648 528 3711 καὶ,
547 3648 726 3701 Αὐτοὶ
749 3650 859 3701 οὐκ
876 3648 993 3701 εἰσὶ
1016 3642 1263 3702 θεοί.Ὦν
1278 3648 1335 3702 δὲ
1356 3650 1456 3702 οὐκ
1478 3651 1616 3703 εἰσὶν
1631 3652 1678 3703 οί
1709 3650 1821 3704 θεοὶ

245 3741 376 3805 θεοὶ,
403 3740 608 3794 τούτων
636 3740 755 3793 οὐδὲ
778 3742 827 3793 οί
849 3740 1068 3812 μάντεις
1097 3739 1503 3812 είσὶν³άληθείας
1524 3741 1821 3812 προφῆται,

244 3834 354 3888 οὐδ’
385 3835 418 3904 ἡ
446 3832 626 3887 αὐτῶν
665 3832 969 3905 πρόρρησις
1005 3833 1407 3905 ἁναπόδραστόν
1439 3852 1498 3887 τε
1529 3836 1622 3889 καὶ
1649 3836 1820 3907 ἀληθῆ

252 3926 367 3998 ἔχει
406 3927 507 3997 τὴν
529 3925 775 3981 ἔκϐασιν.
816 3926 1025 3997 ’Ὠσπερ
1052 3926 1160 3998 γάρ
1196 3929 1307 3980 εἰσι
1334 3928 1551 4000 μακρὰν
1571 3929 1670 3999 τῆς
1691 3929 1825 4001 ἀλη-

247 4016 401 4088 θινῆς
421 4016 695 4088 θεότητος,
721 4016 893 4081 οὕτως
913 4017 1118 4087 καὶτῆς
1139 4017 1246 4071 τῶν
1265 4016 1561 4089 μελλόντων
1580 4019 1825 4091 προγνώ-

248 4110 608 4174 σεως.”οτιδὲ
639 4109 747 4181 (45)
787 4111 881 4163 καὶ
910 4110 968 4162 έν
992 4113 1058 4181 τῇ
1086 4111 1243 4184 μάχῃ·
1260 4110 1368 4165 τῶν
1402 4112 1662 4183 Ἑλλήνων
1685 4115 1823 4185 πρὸς

251 4202 535 4273 Ἕλληνας,
566 4200 676 4255 τῶν
726 4201 1097 4274 πολυτρόπως,
1148 4202 1379 4273 μάλιστα
1430 4205 1487 4257 ὲν
1516 4207 1627 4269 τοῖς
1669 4205 1825 4258 πολέ-

255 4310 395 4365 μοις,
421 4296 541 4356 ταῖς
573 4292 852 4364 μαντείαις
874 4294 1252 4364 χρησαμένων,
1283 4295 1312 4346 ὁ
1337 4294 1445 4347 τῶν
1485 4295 1841 4368 Χριστιανῶν-

251 4385 379 4449 Θεὸς
405 4384 505 4455 τὴν
535 4383 667 4437 ἰδίαν
697 4384 890 4455 ἔστησε
915 4383 1185 4456 βούλησιν,
1235 4389 1504 4458 μαρτυρεῖ
1530 4388 1628 4457 μὲν
1662 4390 1694 4458 ἡ
1722 4388 1825 4458 μά-

1924 3209 2084 3265 quem
2126 3192 2339 3246 divinae
2370 3189 2810 3245 Christianorum
2854 3186 3155 3258 Scriptura:
3198 3183 3384 3242 verbis
3411 3197 3507 3236 an-

1922 3287 2180 3343 nuntiant
2210 3284 2520 3339 divinarum
2561 3282 2828 3336 virtutum
2859 3279 3177 3334 testimonio
3216 3274 3508 3330 conﬁrma-

1922 3382 2015 3443 tis,
2040 3395 2079 3432 ait
2101 3392 2213 3449 quo
2238 3386 2320 3432 est
2345 3375 2657 3430 futurorum
2690 3372 2973 3443 praedictio
3004 3378 3061 3427 et
3095 3376 3341 3426 eventus.
3373 3365 3509 3421 Pro-

1917 3472 2119 3543 jiciunt
2150 3479 2329 3523 autem
2359 3467 2680 3536 Scripturae,
2707 3481 2831 3536 quae
2854 3465 3005 3518 illum
3031 3462 3350 3533 praedicant,
3376 3461 3511 3517 deos

1921 3564 2259 3621 Graecorum.
2303 3560 2364 3616 Si
2394 3559 2696 3623 mutabunt,
2741 3557 2941 3627 inquit,
2981 3564 3156 3626 gentes
3202 3554 3325 3609 deos
3361 3571 3507 3618 suos,

1921 3668 1970 3712 et
1998 3659 2101 3726 ipsi
2148 3673 2253 3711 non
2286 3664 2412 3710 sunt
2438 3652 2568 3708 dii‘.
2617 3650 2861 3718 Quorum
2899 3658 3080 3704 autem
3117 3649 3193 3704 dii
3240 3664 3348 3703 non
3382 3658 3511 3703 sunt

1922 3748 2021 3814 dii,
2050 3747 2246 3801 borum
2279 3760 2383 3799 nec
2424 3750 2578 3797 vates
2622 3740 2902 3811 prophetae
2944 3750 3074 3795 sunt
3107 3739 3373 3803 veritatis,
3408 3754 3511 3794 nec

1925 3854 2117 3895 eorum
2194 3835 2481 3908 praedictio
2543 3832 2913 3888 inevitabilem
2980 3839 3037 3886 et
3093 3845 3282 3886 verum
3344 3829 3513 3889 habet

1923 3939 2201 3987 eventum.
2236 3925 2709 3993 Quemadmodum
2744 3923 2889 3979 enim
2926 3922 3117 3993 procul
3157 3928 3287 3977 sunt
3317 3935 3347 3973 a
3379 3935 3512 3976 vera

1923 4024 2147 4087 deitate,
2180 4021 2257 4075 ita
2285 4029 2341 4076 et
2385 4034 2416 4073 a
2457 4017 2769 4072 futurorum
2817 4014 3267 4086 praecognitione.
3317 4010 3377 4066 In
3412 4028 3511 4082 pu-

1926 4115 2050 4186 gnis
2085 4122 2268 4169 autem
2307 4112 2626 4167 Graecorum
2663 4110 2932 4165 adversus
2961 4106 3206 4172 ercos,
3243 4106 3337 4177 qui
3368 4106 3511 4161 mul-

1924 4206 2188 4271 tifariam,
2240 4205 2546 4277 praesertim
2598 4204 2656 4258 in
2711 4202 2894 4269 bellis,
2942 4200 3029 4255 usi
3067 4206 3209 4256 sunt.
3245 4199 3508 4264 oraculis,

1923 4296 2363 4353 Christianorum
2410 4294 2580 4351 Deum
2632 4297 2909 4364 propriam
2959 4291 3223 4347 statuisse
3256 4290 3510 4345 volunta-

1923 4397 2055 4456 tem,
2084 4396 2317 4445 testatur
2346 4396 2402 4443 et
2423 4386 2719 4442 Alexandri
2755 4394 2812 4442 et
2846 4385 2995 4439 Darii
3034 4399 3235 4455 pugna,
3266 4397 3509 4452 .quorum

251 4497 319 4551 χη
347 4476 692 4547 Ἀλεξάνδρου
722 4478 816 4530 καὶ
846 4478 1069 4549 Δαρείου
1090 4496 1103 4508 ο
1148 4478 1242 4532 τοῦ
1286 4480 1383 4550 μὲν
1420 4480 1688 4551 κρατύνας
1722 4481 1820 4546 τὰς

1926 4484 2155 4540 alterius
2191 4481 2452 4538 vaticinia
2493 4478 2861 4545 conﬁrmavit,
2925 4477 3155 4532 alterius
3193 4474 3507 4543 subvertit;

252 4570 529 4638 μαντείας,
556 4567 650 4621 τοῦ
687 4568 745 4621 δὲ
772 4571 1151 4642 καταργήσας’
1203 4572 1472 4643 μαρτυρεῖ
1512 4572 1569 4626 δὲ
1610 4574 1704 4627 κα).
1722 4574 1816 4628 τοῦ

249 4660 534 4732 Ἀσσυρίου
551 4663 583 4731 ἡ
615 4660 760 4731 μάχη
778 4661 843 4730 ἢν
859 4657 970 4731 εἶχε
984 4662 1120 4732 πρὸς
1135 4661 1203 4714 τὰ
1220 4662 1353 4717 ἄλλα
1372 4662 1539 4716 πολλὰ
1554 4667 1647 4717 καὶ
1666 4667 1816 4736 ίσχυ-

253 4750 319 4822 ρὰ
348 4751 497 4823 ἔθνη,
541 4753 608 4822 ἥν
658 4753 687 4804 ό
708 4750 839 4815 Θεὸς
876 4752 1101 4819 ῥάϐδον
1126 4753 1238 4823 τῆς
1266 4753 1450 4825 ὀργῆς
1476 4757 1568 4809 καὶ
1602 4758 1819 4825 πρίονα

250 4840 495 4905 ἐκάλεσε,
524 4841 653 4893 ποτὲ
680 4841 780 4911 μὲν
811 4840 984 4910 λέγων
1010 4860 1024 4873 ·
1053 4843 1211 4898 Ἰδοὺ
1257 4848 1289 4899 ό
1313 4845 1654 4915 Ἀσσύριος,
1671 4847 1817 4915 ῥάϐ-

254 4932 359 4999 δος
378 4934 508 4987 ἐστὶ
560 4931 669 5001 τῆς
701 4933 884 5004 ὀργῆς
906 4954 1024 5005 μου
1050 4955 1062 4966 ³
1104 4938 1202 4991 ἐπὶ
1248 4938 1425 5005 ἔθνος
1470 4941 1821 5010 ἁμαρτωλὸν

254 5024 573 5081 ἀποστελῶ
608 5025 718 5098 (44)
748 5030 960 5081 αὐτόν·
1006 5030 1136 5082 ποτὲ
1172 5031 1226 5083 δὲ
1251 5031 1421 5101 λέγων
1475 5035 1601 5106 περὶ
1635 5034 1817 5088 αὐτοῦ’

254 5118 352 5186 Μὴ
381 5117 764 5187 ὑψωθήσεται
788 5118 975 5187 πρίων
990 5120 1135 5174 ἄνευ
1158 5121 1264 5176 τοῦ
1291 5122 1577 5191 ἕλκοντος
1600 5127 1825 5190 αὐτόν;

301 5314 502 5371 "Gen.
538 5332 614 5381 ιι,
645 5317 699 5371 4.
814 5320 830 5349 ¹
870 5316 982 5375 Jer.
1020 5335 1077 5383 ιι,
1116 5321 1201 5376 Η.
1281 5321 1300 5351 ²
1331 5320 1435 5379 lsa.
1469 5340 1525 5389 ι,
1554 5323 1641 5380 i5.

320 5505 431 5647 (i2;
477 5508 777 5577 'Ormrtxa.
812 5510 975 5567 Deest
1007 5512 1122 5577 πῶς
1157 5524 1281 5569 ante
1310 5514 1451 5569 hanc
1473 5531 1680 5573 vocem.
1800 5565 1804 5569 .

320 5577 406 5647 (45
458 5580 577 5632 Ὅτι
606 5579 691 5633 δέ.
742 5580 834 5636 Sic
888 5582 1095 5638 habent
1147 5586 1413 5639 editiones
1456 5590 1804 5647 posteriores.

317 5577 428 5657 (ΑΞ)
458 5580 577 5657 "gn
606 5579 691 5657 ῥ’έ.
742 5580 834 5636 Sic
888 5582 1096 5657 habent
1120 5586 1413 5657 _editiones
1456 5590 1811 5657 posteriores.

254 5646 343 5730 At:
372 5646 437 5702 Β.
464 5647 782 5730 'Stephanus
804 5654 1048 5730 ωδε-ὅτε
1076 5653 1217 5730 δέ,ει
1244 5672 1377 5730 uno;
1403 5646 1671 5730 μαρτυρεῖ
1702 5660 1757 5713 δὲ
1778 5661 1821 5730 ἡ

264 5717 431 5791 μάχη.
464 5717 633 5776 Paulo
656 5726 782 5788 p05!
802 5722 902 5796 leg.
938 5722 996 5778 ὃν
1027 5727 1056 5778 ὁ
1087 5726 1219 5789 Θεὸς
1250 5717 1462 5796 ῥάϐδον.

1924 4582 2161 4631 testatur
2190 4584 2243 4631 et
2271 4574 2480 4647 Assyrii
2515 4589 2640 4628 cum
2667 4572 2791 4627 aliis
2813 4571 3003 4626 multis
3025 4586 3089 4625 ac
3113 4569 3347 4624 fortibus
3376 4584 3509 4640 gen-

1923 4670 2073 4725 tibus
2103 4683 2307 4739 pugna,
2348 4682 2510 4738 quem
2552 4665 2694 4722 Deus
2726 4665 2927 4736 virgam
2976 4663 3179 4732 furoris
3211 4671 3266 4717 et
3304 4678 3508 4717 serram

1923 4762 2178 4818 vocavit:
2215 4761 2546 4832 quandoque
2584 4759 2777 4814 dicens
2817 4774 2831 4810 :
2868 4756 3002 4812 Ecce
3041 4756 3319 4826 Assyrius,
3362 4757 3509 4827 virga

1922 4852 2124 4922 furoris
2155 4853 2258 4906 mei
2279 4860 2391 4915 est;
2426 4850 2677 4905 adversus
2702 4858 2907 4920 gentem
2927 4849 3271 4917 peccatricem
3300 4848 3510 4901 mittam

1921 4961 2063 5000 eum.
2100 4944 2442 5013 Quandoque
2470 4943 2539 4999 de
2567 4958 2632 4999 eo
2680 4942 2979 5013 inquiens:
3016 4940 3272 5012 Nunquid
3297 4942 3512 4996 exalta-

1925 5036 2067 5090 bitur
2097 5054 2245 5092 serra
2275 5037 2469 5109 absque
2508 5053 2569 5092 eo
2613 5036 2712 5106 qui
2737 5037 2901 5091 trahit
2940 5036 3162 5093 illam‘i
3210 5033 3355 5091 Sane
3387 5037 3512 5107 qui~

1926 5126 2048 5183 dem
2088 5126 2235 5198 quod
2276 5126 2561 5198 Assyrius.
2585 5142 2684 5197 per
2716 5141 3043 5198 prosperum
3091 5141 3508 5197 responsorum,

2001 5524 2111 5597 (44)
2157 5526 2509 5597 Ἀποστελῶ.
2538 5526 2654 5581 Hoc
2705 5527 2929 5582 verbum
2961 5543 3024 5582 es
3067 5525 3510 5597 Bibliisdesnm.

1924 5594 2495 5721 rtum'a‘Sylburgio,
2552 5613 2791 5667 moxque
2838 5598 3083 5651 additum
3137 5596 3505 5669 ὑψωθήσεται.

1952 5668 2074 5721 nfra
2129 5669 2233 5723 lea.
2286 5685 2621 5723 κοατυνασα.
2664 5669 2749 5723 vel
2780 5684 2951 5723 casus
2982 5678 3067 5723 est
3090 5668 3397 5723 absolutus.

2182 5684 2233 5738 ε.
2286 5676 2621 5739 κρατύνασα,
2664 5676 2749 5723 vel
2780 5684 2951 5725 casus
2982 5678 3067 5725 est
3090 5676 3397 5725 absolutus.
