4146 6428
751 335 889 390 “05

1449 336 1816 395 APPENDIX.
1848 368 1916 381 —-
1956 336 2137 394 PARS
2178 337 2215 394 I.
2262 337 2319 393 S.
2364 336 2630 394 JUSTINI
2669 336 2899 393 OPEBA
2940 338 3213 395 SPURIA.

3874 339 4010 395 1404

753 452 897 509 Deus
924 461 1041 518 est,
1075 454 1329 513 videlicet
1360 458 1405 512 si
1440 460 1564 527 quis
1596 469 1866 530 supponat
1901 474 2177 515 summum
2207 473 2319 513 ma-

2436 458 2689 528 μέγιστον
2718 458 2746 510 ὁ
2774 457 2906 521 Θεός
2949 460 3085 522 ἐστι,
3118 456 3361 528 δηλονότι
3404 458 3459 510 εί
3491 473 3574 519 τις
3622 455 3879 509 ὑπόθοιτο
3902 454 4007 526 (49]

751 545 887 609 lum,
927 546 1259 617 principium
1303 549 1449 603 aliud
1481 552 1785 620 reperietur
1814 550 1922 605 Deo
1961 548 2323 614 contrarium,

750 638 897 710 quod
937 640 1155 709 quidem
1184 638 1465 695 Manichaai
1494 657 1780 712 perperam
1803 650 2079 698 asserunt.
2117 641 2327 698 Absur-

748 732 879 786 dum
925 732 1072 787 enim
1120 743 1204 788 est
1242 732 1408 787 Deum
1456 750 1566 788 non
1609 737 1866 790 universa
1909 734 2230 805 complecti,
2262 749 2328 790 ac

751 826 1015 881 bonitatis
1070 841 1183 881 sum
1237 826 1414 880 lucem
1470 827 1526 881 in
1583 828 1769 881 omnia
1824 843 1934 881 non
1994 825 2322 881 dill‘undere.

746 919 930 986 Quare
962 919 1171 974 nullum
1205 928 1290 975 est
1318 920 1617 975 maximum
1644 920 1882 987 malum;
1906 935 2033 974 nam
2064 920 2326 990 ignoran-

748 1013 828 1065 tia
853 1026 1095 1082 persaepe
1122 1011 1374 1068 utilitatis
1412 1028 1576 1067 causa
1618 1011 1930 1067 hominibus
1959 1012 2153 1079 datur;
2180 1011 2327 1067 unde

748 1105 802 1159 id
828 1105 1012 1161 multis
1049 1104 1299 1160 videmus
1332 1120 1476 1175 saepe
1505 1104 1774 1169 accidere,
1812 1111 1871 1159 ut
1899 1104 2072 1174 magis
2108 1104 2324 1174 cognita

746 1196 1052 1266 despiciant
1100 1211 1265 1266 quam
1324 1197 1529 1267 ignota.
1600 1196 1871 1253 Praeterea
1922 1197 2324 1266 ignorationem

746 1289 862 1342 veri
906 1287 998 1342 Dei
1040 1303 1149 1342 non
1198 1288 1420 1343 aliunde
1466 1304 1629 1359 quam
1676 1305 1741 1344 ex
1783 1291 2001 1359 propria
2049 1290 2324 1346 oblivione

745 1381 927 1433 anima
974 1381 1200 1449 patitur.
1238 1378 1468 1435 Olivenit
1508 1387 1688 1435 autem
1731 1382 1819 1435 hic
1858 1396 2076 1452 quoque
2121 1381 2324 1437 animis

745 1472 899 1526 notio
949 1471 1084 1539 Dei;
1145 1471 1505 1543 videmusque
1554 1481 1609 1528 et
1643 1474 1697 1527 in
1750 1473 1853 1528 hac
1908 1474 2020 1528 vita
2071 1472 2323 1528 homines

746 1564 914 1619 Deum
948 1574 1346 1635 cognoscentes
1383 1584 1395 1620 :
1436 1582 1520 1629 ac,
1558 1566 1603 1621 si
1629 1566 1753 1634 quis
1785 1566 1971 1622 dicere
1999 1581 2191 1621 verum
2223 1580 2319 1620 ve-

745 1656 827 1719 lit,
861 1656 1010 1710 nulla
1040 1658 1268 1712 omnino
1298 1654 1393 1712 Dei
1416 1658 1706 1727 ignoratio.
1740 1656 1942 1713 Omnes
1970 1657 2116 1711 enim
2150 1655 2321 1711 Deum

743 1762 868 1802 esse
909 1748 1191 1803 communi
1239 1747 1481 1802 fatentur
1516 1750 1803 1804 sententia.
1854 1748 2024 1827 Porro
2073 1747 2321 1801 homines

745 1840 850 1894 hoc
882 1841 1045 1894 etiam
1090 1842 1147 1894 in
1185 1841 1391 1895 mundo
1424 1841 1595 1897 Deum
1629 1854 1965 1912 cognoscere
2003 1855 2195 1909 posse,
2230 1854 2321 1893 or-

742 1932 1109 1987 thodoxorum
1158 1949 1383 2004 quoque
1424 1933 1635 2004 liquido
1684 1934 1818 1989 ﬁdes
1878 1932 2148 1996 declarat,
2200 1946 2321 2002 quae

742 2021 912 2078 Deum
951 2026 1129 2095 ipsum
1174 2025 1562 2090 descendisse,
1605 2035 1660 2080 et
1695 2042 1725 2080 a
1756 2026 2081 2080 mortalibus
2132 2026 2324 2095 cogni-

741 2123 858 2171 tum
896 2132 1022 2173 esse
1051 2125 1350 2173 asseverat.
1383 2117 1570 2188 Itaque
1604 2118 1650 2172 si
1682 2118 1736 2171 in
1775 2116 1881 2172 hac
1908 2117 2021 2171 vita
2057 2118 2321 2173 mortales

744 2207 911 2263 Deum
944 2224 1107 2264 nosse
1142 2216 1409 2279 possunt,
1444 2210 1654 2264 nullum
1687 2210 1767 2265 eis
1800 2224 2079 2265 summum
2113 2210 2318 2265 malum

736 2315 804 2354 ex
843 2316 929 2365 eo,
964 2301 1113 2371 quod
1151 2302 1238 2356 hic
1270 2292 1401 2365 sint,
1429 2302 1720 2373 contingit.
1757 2301 1971 2357 Etenim
2006 2303 2318 2372 ignoranti-

739 2392 876 2457 bus,
910 2400 971 2447 ut
999 2393 1209 2448 dictum
1249 2402 1365 2457 est,
1411 2394 1681 2450 increduli
1712 2395 1921 2465 ingenii
1950 2395 2085 2449 vitio
2110 2394 2205 2465 Dei
2238 2396 2321 2465 ig-

739 2485 957 2539 noratio
1005 2486 1250 2541 obvenit.
1300 2486 1457 2552 Quod
1506 2486 1554 2542 si
1606 2488 1735 2556 quis
1786 2487 1953 2542 etiam
2005 2489 2317 2555 concedat,

738 2578 885 2647 quod
916 2577 1137 2648 quidem
1166 2588 1251 2633 est
1279 2577 1601 2639 absurdum,
1637 2595 1912 2634 summum
1949 2596 2072 2635 esse
2114 2582 2318 2634 malum

736 2683 802 2724 ea
836 2685 958 2739 quae
1000 2670 1089 2724 hic
1120 2679 1278 2736 sunt,
1322 2685 1496 2741 eaque
1540 2686 1649 2725 non
1687 2672 1955 2727 exsistere
1996 2673 2169 2727 satius
2199 2687 2321 2727 esse

738 2776 905 2830 quam
936 2761 1233 2828 exsistere;
1270 2763 1543 2832 siquidem
1573 2779 1636 2819 ca
1667 2779 1790 2834 quae
1820 2763 1911 2818 hic
1941 2771 2071 2818 sunt
2099 2764 2167 2817 ab
2194 2763 2318 2833 opi-

741 2851 840 2907 tice
860 2853 930 2906 ob
954 2852 1327 2908 inﬁrmitatem
1347 2853 1511 2925 508
1530 2856 1670 2909 mala
1696 2855 1867 2910 fuisse
1889 2853 2032 2909 facta
2050 2854 2214 2919 dicit,
2239 2855 2319 2908 in-

738 2945 905 3007 sanit,
931 2942 1060 2997 dum
1095 2943 1187 2999 Dei
1207 2947 1504 3015 potentiam
1524 2956 1685 3015 negat
1718 2946 1976 3002 universa
2005 2946 2314 3015 complecti.

739 3036 837 3089 Sin
888 3043 1068 3090 autem
1114 3052 1238 3091 cum
1275 3053 1373 3101 ea,
1411 3054 1533 3108 quae
1583 3039 1671 3093 hic
1724 3046 1889 3102 sunt,
1937 3038 2078 3091 bona
2109 3037 2319 3092 ellicere

2433 549 2690 619 μέγιστον
2724 549 2918 612 κακὸν,
2950 549 3304 621 εὑρεθήσεται
3327 550 3490 621 ἑτέρα
3515 548 3657 619 ἀρχὴ
3687 548 3913 601 ἐναντία
3938 550 4010 619 τῷ

2427 640 2577 711 Θεῷ·
2616 641 2755 711 ὅπερ
2802 642 2850 692 οἱ
2896 641 3187 710 Μανιχαῖοι
3230 641 3416 703 κακῶς
3463 639 3713 708 λέγοντες
3762 639 4004 708 λέγουσι.

2427 732 2539 785 Καὶ
2565 731 2675 801 γὰρ
2710 732 2908 785 ἄτοπον
2936 731 3027 784 τὸν
3056 732 3187 786 Θεὸν
3230 733 3304 804 μὴ
3338 732 3513 785 πάντα
3544 730 4007 801 καταλαμϐάνειν,

2430 826 2504 896 μὴ
2547 826 2681 878 πᾶσι
2713 824 2810 896 τὴν
2846 824 3041 877 ἑαυτοῦ
3084 826 3395 898 άγαθότητα
3442 825 3790 897 ὲπιλάμπειν.
3835 824 4010 893 Μέγι-

2427 933 2550 969 στον
2577 916 2757 968 τοίνυν
2801 916 2970 969 κακὸν
3003 916 3185 969 οὐδέν’
3219 917 3441 988 καὶγὰρ
3462 920 3494 986 ἡ
3528 918 3719 985 ἀγνοια
3743 916 4009 979 πολλάκις

2427 1006 2513 1059 ἐπ’
2551 1006 2740 1077 ἀγαθῷ
2785 1007 2983 1060 δίδοται
3025 1010 3146 1072 τοῖς
3170 1008 3504 1077 ἀνθρώποις·
3548 1007 3762 1078 ὁρῶμεν
3792 1003 3889 1060 οὖν
3917 1007 4009 1057 ἐπὶ

2427 1097 2654 1162 πολλῶν,
2690 1098 2766 1162 ὡς
2797 1099 3058 1163 πολλάκις
3090 1098 3376 1170 συμϐαίνει
3407 1100 3605 1170 μᾶλλον
3640 1101 4007 1171 καταφρονεῖν

2424 1189 2530 1242 τῶν
2579 1192 3001 1261 γινωσκομένων
3052 1193 3085 1264 ἢ
3133 1178 3240 1244 τῶν
3267 1193 3665 1263 ἀγνοουμένων.
3704 1192 3921 1255 Ἄλλως
3948 1208 4007 1243 τε

2424 1284 2518 1336 καὶ
2550 1283 2610 1336 τὸ
2659 1285 2876 1352 ἀγνοεῖν
2920 1287 3012 1337 τὸν
3069 1284 3237 1348 ὅντως
3285 1285 3415 1338 ὄντα
3445 1284 3598 1349 Θεὸν,
3630 1285 3730 1338 οὑκ
3760 1283 3827 1337 ἐκ
3860 1300 4009 1344 τινος

2424 1377 2606 1440 ἀλλον,
2641 1377 2754 1431 ἀλλ’
2796 1379 2859 1431 ὲκ
2901 1379 3000 1449 τῆς
3050 1379 3256 1443 οἰκείας
3311 1379 3483 1451 λήθης
3526 1382 3559 1451 ἡ
3593 1380 3743 1450 ψυχὴ
3777 1374 4011 1450 πάσχει.

2424 1470 2790 1541 Παραγίνεται
2839 1470 2895 1523 δὲ
2948 1472 3041 1525 καὶ
3097 1474 3218 1534 ταῖς
3268 1471 3508 1528 ἐνταῦθα
3558 1473 3757 1543 ψυχαῖς
3802 1472 4007 1539 γνῶσις

2423 1559 2589 1613 Θεοῦ·
2627 1560 2815 1631 ὥσπερ
2847 1557 2940 1614 οὖν
2989 1562 3204 1633 ὁρῶμεν
3254 1563 3346 1616 καὶ
3396 1562 3629 1617 ἐνταῦθα
3683 1562 4009 1634 ἀνθρώπους

2421 1653 2786 1720 γινώσκοντας
2800 1653 2891 1706 τὸν
2905 1653 3125 1707 Θεόν.Εί
3140 1654 3290 1718 δέτις
3308 1654 3482 1709 ἐθέλοι
3510 1655 3571 1708 τὸ
3587 1654 3783 1726 ἀληθὲς
3800 1654 4005 1722 λέγειν,

2425 1744 2549 1797 οὑδέ
2578 1746 2725 1798 ἐστιν
2766 1745 2904 1807 ὅλως
2938 1745 3131 1813 ἄγνοια
3173 1746 3303 1817 περὶ
3327 1745 3491 1799 Θεοῦ·
3529 1747 3729 1809 πάντες
3758 1745 3893 1815 γὰρ,
3925 1747 4008 1798 ὅτι

2423 1834 2572 1888 ἔστιν
2628 1837 2657 1888 ὁ
2694 1834 2847 1903 Θεὸς,
2899 1834 3223 1906 ὁμολογοῦσι
3256 1839 3409 1906 κοινῇ
3445 1836 3641 1908 ὲννοίᾳ.
3673 1837 3795 1890 Ὀτι
3823 1836 3883 1889 δὲ
3914 1838 4008 1889 καὶ

2424 1929 2655 1983 ἐνταῦθα
2696 1929 2845 1993 ὄντες
2896 1929 3149 1983 δύνανται
3198 1930 3248 1982 οἱ
3291 1928 3568 1999 ἄνθρωποι
3596 1926 3889 1997 γινώσκειν
3916 1926 4008 1981 τὸν

2422 2019 2578 2084 Θεὸν,
2620 2022 2715 2073 καὶ
2750 2023 2782 2091 ἠ
2825 2021 2933 2075 τῶν
2972 2019 3266 2093 ὀρθοδόξων
3294 2019 3475 2083 πίστις
3507 2019 3694 2088 σαφῶς
3719 2019 3893 2090 δηλοῖ,
3921 2018 4011 2073 λέ-

2421 2126 2594 2178 γουσα
2626 2110 2719 2163 τὸν
2758 2110 2891 2165 Θεὸν
2940 2111 3103 2164 αὑτὸν
3146 2109 3591 2180 κατεληλυθέναι,
3613 2111 3706 2162 καὶ
3731 2109 4009 2179 ἐγνῶσθαι

2421 2205 2534 2265 τοῖς
2562 2200 2892 2273 ἀνθρώποις.
2929 2203 2993 2255 Εί
3031 2202 3212 2258 τοίνυν
3240 2202 3466 2275 δυνατὸν
3491 2203 3586 2254 καί
3611 2199 3847 2253 ἐνταῦθα
3881 2202 4009 2265 τοὺς

2422 2292 2742 2365 ἀνθρώπους
2782 2293 2942 2357 ὄντας
2992 2291 3285 2361 γινώσκειν
3319 2292 3409 2345 τὸν
3456 2291 3609 2355 Θεὸν,
3639 2292 3793 2346 οὐδὲν
3820 2292 4010 2355 αὐτοῖς

2426 2385 2679 2456 μέγιστον
2710 2386 2876 2439 κακὸν
2908 2385 3197 2456 συμϐαίνει
3223 2385 3289 2437 ἐκ
3313 2384 3407 2437 τοῦ
3428 2383 3663 2438 ἐνταῦθα
3689 2379 3851 2437 εἶναι.
3884 2384 4010 2446 Τοῖς

2422 2476 2674 2545 ἀγνοοῦσι
2698 2477 2829 2549 γὰρ,
2858 2476 3038 2541 καθὼς
3064 2476 3299 2548 εἴρηται,
3324 2477 3390 2529 ὲκ
3413 2476 3513 2547 τῆς
3542 2475 3772 2528 ἀπίστου
3791 2474 4012 2543 φύσεως

2422 2568 2483 2621 τὸ
2511 2569 2725 2637 ἀγνοεῖν
2745 2569 2838 2622 τὸν
2864 2570 2996 2622 Θεὸν
3028 2569 3333 2641 συμϐαίνει.
3370 2569 3434 2622 Et
3462 2568 3521 2621 δέ
3550 2585 3634 2630 τις
3665 2568 3759 2620 καὶ
3797 2583 4015 2637 συγχω-

2422 2665 2601 2735 ρήσει,
2632 2663 2769 2732 ὃπερ
2796 2662 3017 2725 ἄτοπον,
3061 2662 3317 2732 μέγιστον
3342 2658 3482 2715 εἶναι
3513 2662 3685 2715 κακὸν
3711 2660 3782 2714 τά
3813 2659 4013 2714 ἐνταῦ-

2422 2752 2511 2816 θα,
2564 2754 2659 2806 καὶ
2693 2754 2911 2807 κάλλιον
2957 2754 3224 2825 ὑπάρχειν
3261 2756 3324 2808 τὸ
3369 2755 3443 2826 μὴ
3479 2750 3615 2807 εἶναι
3647 2754 3715 2807 τιὰ
3744 2754 3873 2825 τῇδε
3911 2754 4014 2807 τοῦ

2422 2842 2585 2899 εἶναι·
2620 2848 2669 2899 εί
2706 2846 2803 2917 μὲν
2847 2846 2996 2914 λέγει
3038 2847 3182 2899 κακά
3230 2846 3589 2919 πεποιηκέναι
3638 2844 3708 2899 τά
3757 2847 3885 2916 τῇδε
3918 2846 4016 2900 τὸν

2420 2939 2751 3009 δημιουργὸν
2776 2939 2841 2992 δι’
2868 2939 3174 3002 ἀσθένειαν,
3207 2938 3536 3008 ἀνοηταίνει,
3567 2939 3669 3011 τὴν
3719 2938 3816 2991 τοῦ
3869 2939 4019 2992 Θεοῦ

2418 3030 2648 3101 δύναμιν
2690 3030 2915 3099 φάσκων
2973 3030 3047 3101 μὴ
3100 3030 3543 3101 καταλαμϐάνειν
3589 3032 3767 3085 πάντα
3792 3049 3805 3062 ·
3840 3034 3893 3085 εί
3948 3031 4017 3084 δὲ

740 3136 963 3199 posset,
999 3130 1252 3200 permisit
1296 3130 1420 3185 aliis
1464 3139 1522 3185 ut
1555 3133 1696 3185 mala
1728 3130 2041 3199 eilicerent,
2077 3130 2181 3186 erit
2214 3132 2316 3186 hoc

2422 3123 2716 3193 δυνάμενος
2750 3122 2892 3176 καλά
2935 3125 3159 3195 ποιῆσαι
3188 3122 3257 3176 τά
3286 3124 3433 3195 τῇδε,
3471 3123 3850 3196 συνεχώρησεν
3882 3127 4016 3179 ἑτέ-

739 3234 961 3288 quoque
992 3218 1088 3274 Dei
1118 3219 1412 3275 incusatio.
1439 3218 1573 3273 Nam
1607 3220 1701 3290 qui
1733 3221 2024 3290 prohibere
2058 3228 2238 3290 potest
2254 3236 2318 3275 ac

737 3310 1077 3374 contemnit,
1120 3311 1306 3367 verius
1343 3311 1460 3381 ipse
1499 3311 1725 3367 eﬂ'ector
1760 3320 1866 3367 est.
1902 3312 1997 3366 Sin
2031 3313 2147 3381 ipse
2174 3311 2317 3366 Deus

737 3410 824 3457 est
850 3401 946 3471 qui
994 3401 1109 3455 haac
1139 3400 1267 3456 fecit
1287 3441 1301 3465 ,
1344 3402 1514 3472 liquet
1542 3402 1734 3457 eodem
1769 3401 1876 3457 Deo
1905 3409 2191 3468 manente,
2226 3416 2318 3455 ea-

737 3494 861 3549 dem
883 3503 937 3549 et
957 3493 1187 3564 posthac
1214 3500 1269 3548 et
1298 3510 1515 3565 semper
1541 3493 1743 3547 futura.
1785 3494 1917 3558 Quze
1937 3493 2082 3546 enim
2112 3492 2315 3547 dudum

739 3587 937 3660 potuit,
958 3602 1105 3641 nunc
1134 3601 1354 3655 quoque
1386 3593 1586 3654 potest.
1617 3582 1775 3650 Quod
1806 3583 1851 3638 si
1874 3597 2021 3637 nunc
2050 3583 2321 3652 prolixius

737 3679 1036 3749 quidquam
1064 3685 1263 3748 potest,
1289 3692 1453 3746 quam
1484 3684 1665 3740 antea,
1694 3676 2021 3745 temporaria
2043 3675 2149 3729 erit
2169 3675 2318 3745 ejus-

740 3771 885 3825 modi
926 3770 1101 3841 ipsius
1146 3768 1386 3837 potentia
1429 3786 1441 3820 :
1485 3765 1630 3837 quod
1673 3764 1973 3821 absurdum
2020 3772 2135 3831 est;
2188 3780 2314 3819 nam

739 3863 886 3933 quod
916 3862 1311 3932 temporarium
1334 3900 1347 3922 ,
1391 3859 1444 3914 id
1476 3858 1834 3929 corruptibile
1872 3865 1979 3913 est.
2022 3856 2150 3921 Sin,
2189 3872 2315 3912 cum

738 3956 904 4011 etiam
944 3954 1075 4008 olim
1121 3952 1413 4023 prohibere
1461 3951 1703 4022 potuerit
1745 3964 2017 4005 summum
2065 3948 2170 4003 hoc
2202 3965 2316 4003 ma-

742 4049 877 4113 lum,
909 4062 1016 4101 non
1052 4046 1354 4115 prohibuit.
1388 4044 1609 4099 invidus
1639 4042 1806 4098 fuerit
1839 4060 1852 4097 :
1884 4039 2029 4111 quod
2069 4041 2150 4095 vel
2178 4041 2316 4095 ima-

737 4139 916 4210 ginari
964 4138 1191 4210 impium
1231 4145 1336 4193 est.
1374 4136 1609 4193 Necesse
1648 4143 1733 4191 est
1777 4148 1908 4204 ergo
1952 4131 2205 4187 eumdem
2258 4134 2313 4189 in

738 4229 943 4285 eisdem
976 4238 1316 4294 manentem,
1347 4228 1536 4283 eadem
1572 4228 1771 4284 facere.

870 4339 1241 4410 Responsionis
1279 4359 1381 4395 non
1413 4350 1548 4395 recte
1578 4341 1836 4395 instituta:
1871 4341 2186 4411 confutatio.

813 4455 863 4508 l.
909 4453 1054 4511 Satis
1083 4466 1166 4511 est
1203 4456 1343 4510 hanc
1380 4454 1685 4509 orationem
1723 4453 2056 4524 intelligere,
2099 4463 2159 4508 ut
2188 4469 2309 4509 eam

2424 3233 2535 3287 ροις
2568 3215 2713 3269 κακά
2744 3217 2936 3279 ποιεῖν,
2970 3214 3247 3269 καὶτοῦτο
3275 3215 3426 3270 ἔσται
3457 3216 3824 3287 κατηγόρημα
3842 3217 4014 3271 Θεοῦ.

2431 3307 2490 3363 Ὀ
2532 3308 2641 3379 γὰρ
2684 3308 2983 3379 δυνάμενος
3026 3310 3123 3378 μὲν
3167 3306 3398 3373 παῦσαι,
3430 3310 3701 3381 περιορῶν
3746 3310 3826 3377 δὲ,
3872 3311 4019 3382 ἀλη-

2420 3401 2672 3472 θέστερον
2724 3401 2885 3464 αὐτὸς
2948 3400 3073 3473 δρᾷ.
3129 3402 3198 3455 Et
3250 3401 3305 3456 δὲ
3370 3403 3531 3466 αὑτός
3581 3403 3728 3454 ἐστιν
3759 3403 3789 3454 ὁ
3820 3402 4019 3467 Θεὸςό

2418 3493 2651 3563 ποιήσας
2689 3492 2757 3545 τὰ
2795 3492 2945 3564 τῇδε,
2977 3493 3134 3564 δῆλον
3162 3494 3243 3547 ὅτι
3289 3494 3384 3548 τοῦ
3427 3493 3590 3547 αὑτοῦ
3623 3495 3760 3549 Θεοῦ
3816 3495 4019 3566 μένον-

2416 3600 2527 3647 τος,
2557 3585 2652 3637 καὶ
2682 3585 2761 3645 εἰς
2795 3583 3019 3655 ὕστερον
3049 3586 3142 3639 καὶ
3182 3586 3269 3638 ἀεὶ
3300 3586 3371 3639 τὰ
3398 3586 3539 3639 αὑτά
3585 3585 3759 3640 ἔσται.
3795 3590 3865 3640 Ἃ
3892 3588 4018 3659 γὰρ

2419 3675 2586 3728 πάλαι
2612 3674 2864 3745 ἠδύνατο,
2897 3678 2990 3729 καὶ
3019 3676 3112 3730 νῦν
3144 3676 3386 3729 δύναται.
3421 3679 3484 3730 Εἰ
3513 3678 3571 3730 δὲ
3600 3677 3706 3743 νιῖἱν⁴
3730 3697 3783 3731 τι
3812 3679 4004 3734 πλεῖον

2416 3767 2635 3822 δύναται
2675 3767 2827 3839 παρά
2873 3768 2941 3821 τά
2990 3769 3212 3841 προτοῦ,
3248 3769 3502 3845 ἐγχρονος
3554 3771 3719 3824 αὑτοῦ
3770 3772 3925 3827 ἔσται
3968 3776 4008 3845 ἡ

2392 3857 2637 3930 υτοιαύτη
2680 3859 2946 3930 δύναμιςο
3004 3861 3141 3932 ὅπερ
3184 3862 3419 3916 ἄτοπον·
3468 3863 3531 3916 τὸ
3586 3863 3696 3935 γάρ
3747 3864 4012 3935 ἕγχρονον

2420 3950 2675 4023 φθαρτόν.
2733 3953 2795 4006 Εί
2850 3954 2927 4016 δὲ,
2959 3954 3257 4024 δυνάμενος
3304 3957 3401 4009 καὶ
3452 3956 3619 4010 πάλαι
3650 3956 3897 4010 κωλῦσαι
3943 3958 4010 4009 τὸ

2420 4044 2674 4115 μέγιστον
2702 4044 2845 4099 οὑτω
2861 4047 3049 4111 κακὸν,
3084 4047 3184 4100 οὐκ
3212 4044 3474 4111 ἐκώλυσε,
3505 4048 3763 4120 φθονερὸς
3785 4048 3852 4102 ἂν
3876 4049 3963 4119 εἴη
3987 4068 4002 4080 ·

2416 4137 2552 4209 ὅπερ
2582 4139 2777 4202 ἀσεϐὲς
2797 4140 2894 4192 καὶ
2927 4138 3313 4209 φαντάζεσθαι.
3345 4140 3435 4192 Δεῖ
3466 4136 3557 4193 οὖν
3584 4139 3675 4193 τὸν
3708 4141 3872 4194 αὑτὸν
3913 4144 4008 4194 ἐπὶ

2416 4230 2524 4285 τῶν
2553 4230 2733 4284 αὐτῶν
2754 4220 3004 4301 μένοντα
3033 4231 3101 4285 τὰ
3124 4231 3263 4285 αὑτὰ
3301 4234 3493 4286 ποιεῖν.

2421 4345 2705 4414 Ἔλεγχος
2734 4342 2843 4413 τῆς
2878 4344 3255 4413 ἀποκρίσεως
3291 4347 3403 4400 οὐκ
3436 4345 3623 4414 ὀρθῶς
3650 4346 4002 4416 γενομένης.

2492 4457 2543 4511 Ι.
2592 4456 2796 4522 Ἱκανὸς
2817 4458 2917 4529 μὲν
2945 4454 3012 4529 ἦν
3033 4462 3113 4523 είς
3136 4460 3353 4531 ἔλεγχον
3386 4460 3480 4514 τοῦ
3509 4461 3811 4514 ἀσυστάτου
3840 4460 4002 4529 λόγου

738 4546 843 4601 sibi
873 4563 980 4602 non
1004 4556 1260 4604 constare
1285 4559 1566 4621 arguatur.
1598 4549 1732 4604 Nam
1757 4567 1881 4606 cum
1909 4548 2067 4603 initio
2087 4548 2305 4618 quidem

2422 4550 2574 4614 αὐτὸς
2588 4552 2616 4605 ὁ
2630 4551 2786 4620 λόγος
2811 4551 3213 4624 νοούμενος.Τῷ
3228 4530 3299 4622 γά
3306 4571 3338 4625 ρ
3356 4553 3536 4623 λέγειν
3552 4554 3609 4607 ὲν
3630 4554 3771 4625 ἀρχῇ
3791 4556 3890 4625 μὲν
3906 4546 4018 4609 τοῦ

741 4639 910 4699 dicat,
944 4656 1044 4693 non
1067 4657 1179 4694 esse
1200 4657 1464 4696 summum
1491 4642 1712 4707 malum,
1744 4643 1801 4697 in
1834 4642 1940 4696 ﬁne
1963 4651 2167 4701 autem,
2204 4638 2309 4691 im-

744 4730 893 4799 pium
927 4745 1068 4795 esse,
1110 4731 1195 4786 vel
1244 4733 1360 4788 sola
1405 4734 1795 4805 imaginatione
1827 4748 1890 4788 ea
1931 4746 2053 4803 quae
2087 4729 2198 4785 Deo
2226 4728 2313 4783 in-

743 4822 908 4893 digna
952 4830 1081 4878 sunt
1133 4826 1337 4880 sentire
1381 4845 1395 4881 :
1448 4827 1725 4897 quomodo
1783 4844 1895 4884 non
1942 4825 2316 4883 introducitur

742 4912 1085 4968 considerate
1119 4930 1394 4969 summum
1419 4918 1647 4984 malum,
1674 4918 1825 4989 quod
1854 4918 2257 4973 inconsiderate
2285 4932 2317 4971 a

742 5018 1075 5073 responsore
1109 5010 1194 5059 est
1233 5006 1532 5075 reiectum?
1567 5007 1636 5062 At
1666 5008 1712 5063 si
1758 5008 2073 5078 bujusmodi
2102 5023 2170 5062 ex
2198 5006 2315 5063 sola

744 5090 1133 5161 imaginatione
1163 5094 1428 5165 impietati
1470 5096 1606 5151 illud
1638 5098 1890 5161 addatur,
1926 5106 1985 5152 ut
2008 5112 2073 5153 ea
2097 5113 2317 5168 quoquc.

747 5182 927 5237 verbis
976 5183 1316 5252 proferatur,
1378 5189 1554 5259 major
1612 5192 1972 5245 committitur
2037 5191 2313 5260 impietas.

745 5272 901 5340 Quod
942 5274 988 5330 si
1024 5290 1134 5330 non
1175 5278 1393 5334 dicatur
1424 5282 1635 5350 solum,
1678 5282 1774 5339 sed
1806 5284 1971 5338 etiam
2017 5284 2315 5349 scribatur,

746 5382 964 5421 omnem
1013 5368 1239 5424 malitiae
1280 5372 1508 5441 gradum
1555 5374 1782 5430 excedet
1823 5374 2092 5445 impietas.
2138 5375 2319 5446 Atque

747 5458 862 5513 haec
903 5461 949 5515 si
1003 5461 1076 5515 ita
1116 5462 1338 5529 habent,
1381 5471 1435 5519 et
1477 5466 1529 5519 in
1566 5467 1665 5531 eis,
1701 5484 1823 5537 qua:
1861 5468 2079 5540 indigne
2110 5470 2179 5526 de
2210 5469 2321 5525 Deo

818 5589 1295 5667 (d9)_'_1_'x609tt0.
1344 5595 1409 5651 ll.
1453 5596 1762 5667 Stephanus
1796 5601 2062 5655 ὑπόθειτο.
2120 5601 2319 5657 Emen-

749 5662 899 5716 davit
923 5660 1273 5739 Sylburgius,
1300 5666 1529 5739 ejusque
1549 5660 1977 5726 emendationem
1997 5672 2166 5728 codex
2194 5672 2320 5728 Cla-

748 5742 1107 5787 romontanus
1136 5735 1444 5794 continuat.

822 5801 933 5871 (50)
968 5804 1352 5876 Κεκριμένως.
1396 5807 1487 5867 Sic
1514 5812 1798 5868 emendavi
1829 5802 1941 5887 ope.
1960 5813 2165 5871 codicis
2192 5814 2317 5872 Cla-

2417 4642 2574 4711 λόγου
2591 4643 2678 4713 μὴ
2702 4639 2856 4697 εἶναι
2881 4643 3174 4714 μέγιστον
3201 4644 3410 4709 κακὸν,
3450 4647 3507 4698 ὲν
3533 4645 3613 4716 τῷ
3644 4646 3789 4699 τέλει
3820 4647 3878 4701 δὲ
3905 4634 3999 4700 ⁶τοῦ

2417 4736 2574 4805 λόγου
2589 4739 2650 4792 τὸ
2664 4738 2857 4801 ἀσεϐὲς
2867 4732 3006 4791 εἶναι
3024 4741 3120 4819 καὶ
3141 4741 3205 4793 ὲκ
3218 4739 3385 4811 μόνης
3406 4740 3704 4809 φαντασίας
3719 4740 3857 4795 τὸτά
3872 4742 3997 4796 ἀνά-

2424 4828 2512 4897 ξια
2533 4831 2661 4902 περὶ
2692 4830 2827 4883 Θεοῦ
2859 4834 3097 4902 φρονεῖν,
3132 4832 3249 4897 πῶς
3270 4834 3370 4887 οὑκ
3396 4834 3509 4887 ἔστι
3530 4836 3871 4907 κεκριμένως
3887 4836 3993 4907 (50)

2424 4920 2774 4991 εἰσαγόμενον
2804 4920 2864 4973 τὸ
2901 4920 3154 4993 μέγιστον
3181 4922 3349 4976 κακὸν
3370 4923 3431 4977 τὸ
3464 4924 3703 4996 ἀκρίτως
3737 4925 3995 4997 ὲκϐληθὲν

2425 5010 2577 5083 παρὰ
2604 5010 2697 5064 τοῦ
2728 5012 3153 5083 ἀποκρινομένου
3174 5030 3188 5079 ;
3207 5015 3271 5068 Et
3291 5014 3350 5067 δὲ
3376 5015 3695 5087 προστεθείη
3726 5019 3791 5087 τῇ
3819 5017 3994 5071 τοιαύ-

2424 5120 2493 5177 τῃ
2522 5107 2584 5158 ὲκ
2618 5105 2784 5176 μόνης
2814 5106 3113 5173 φαντασίας
3142 5106 3365 5178 ἀσεϐείᾳ⁵
3397 5108 3491 5161 καὶ
3535 5109 3596 5161 τὸ
3646 5110 3843 5179 λέγειν,
3876 5111 3998 5181 μεί-

2424 5191 2532 5256 ζων
2577 5194 2786 5263 γίνεται
2830 5196 2863 5267 ἡ
2904 5195 3145 5249 ἀσέϐεια.
3177 5196 3241 5249 Et
3276 5196 3333 5250 δὲ
3376 5200 3472 5252 σὺν
3500 5200 3578 5271 τῷ
3606 5199 3785 5269 λέγειν
3822 5202 4002 5255 καὶτὸ

2422 5288 2673 5359 γράφειν,
2709 5286 2768 5353 ἐξ
2818 5289 3063 5360 ἀνάγκης
3115 5292 3296 5345 πᾶσαν
3353 5294 3552 5357 κακίας
3606 5294 3912 5366 ὑπερϐολὴν
3966 5298 4003 5368 ἡ

2421 5379 2643 5433 ἀσέϐεια
2666 5379 2882 5450 ἔχουσα.
2908 5381 2969 5434 Εί
2992 5381 3048 5435 δὲ
3076 5382 3249 5437 ταῦτα
3276 5383 3448 5449 οὕτως
3480 5384 3613 5455 ἔχει,
3642 5386 3737 5439 καὶ⁵
3772 5386 3917 5439 ἔστιν
3942 5389 4004 5443 ὲν

2423 5475 2553 5527 πᾶσι
2586 5475 2696 5537 τοῖς
2728 5472 2957 5540 ἀναξίως
2991 5476 3118 5546 περὶ
3149 5476 3284 5530 Θεοῦ
3309 5476 3616 5548 λεγομένοις
3639 5496 3699 5531 τε
3733 5481 3827 5533 καὶ
3858 5498 4001 5552 γρα-

2425 5611 2758 5685 romontani,
2819 5612 3152 5685 quintamen
3208 5612 3373 5685 habet
3414 5615 3810 5685 νκεκρυμένως.
3852 5617 4007 5675 Edit't

2422 5681 2790 5755 κεχρημένως.
2830 5681 2976 5736 Vidit
3029 5682 3352 5755 Sylhurgitls
3386 5681 3700 5755 legendum
3752 5704 3875 5743 esse
3906 5707 4007 5745 κε-

2422 5752 2712 5821 κριμένως,
2744 5760 2804 5808 ιιι
2829 5753 3079 5825 sequenti
3111 5752 3248 5810 voci
3264 5752 3504 5830 ἀκρίτως
3523 5767 3855 5829 opponatur.
