4146 6488
268 406 407 463 1406

1184 399 1646 470 ΩΙΙΑΞΞΤΙΟΝΕΞ
1678 398 2119 457 ΟΗΗΙΞΤΙΑΝΔΕ
2152 399 2241 454 AD
2274 399 2592 456 GIUECOS.

3382 406 3521 461 “06

268 519 545 591 φομένοις,
582 520 614 589 ἢ
651 518 745 572 καὶ
771 517 933 589 μόνον
961 515 1385 587 φανταζομένοις
1408 516 1629 569 ἀσέϐεια
1655 516 1849 571 καθαι--

1952 517 2212 573 dicuntur
2241 523 2296 573 et
2323 519 2663 582 scribuntur,
2702 524 2797 572 aut
2828 516 2911 573 vel
2938 517 3052 574 sola
3088 519 3284 574 mentis
3315 524 3525 591 cogita—

271 612 460 683 ρετικὴ
511 612 610 682 τῆς
662 610 819 681 δόξης
872 609 966 663 τοῦ
1011 608 1178 661 Θεοῦ’
1222 608 1367 661 ἔστιν
1399 609 1507 680 ἀρα
1540 608 1598 674 ἐξ
1626 610 1848 677 ἀγνοίας

269 702 407 756 Θεοῦ
449 702 509 755 τὸ
544 703 794 772 μέγιστον
832 700 999 753 κακὸν
1036 702 1094 753 ἐν
1131 698 1457 771 ἀνθρώποις.
1496 699 1636 751 Ἀλλ’
1662 698 1849 771 ἐπειδὴ

269 792 415 859 εδοξε
450 795 516 864 τῇ
558 794 624 863 σῇ
651 790 949 862 θεοσεϐείᾳ,
984 790 1045 841 τὸ
1077 791 1171 841 καὶ
1204 792 1331 860 παρ’
1368 788 1525 860 ἡμῶν
1556 789 1848 861 ἐγγράφως

270 885 591 957 ἐλεγχθῆναι
644 882 741 937 τοῦ
785 884 941 953 λόγου
992 883 1053 936 τὸ
1094 882 1418 945 ἀσύστατον,
1463 880 1550 935 διά
1593 881 1752 935 τοῦτο
1792 884 1849 935 ὲν

271 978 521 1049 συντόμῳ
552 977 746 1048 γράφω
768 976 837 1029 τά
871 975 1300 1045 ὑποτεταγμένα.
1330 973 1402 1027 Τὸ
1421 972 1530 1043 γὰρ
1554 972 1642 1026 διὰ
1674 973 1852 1026 πλειὸ-

269 1088 378 1125 νων
412 1069 626 1137 ἐλέγξαι
659 1067 921 1140 πρόδηλον
955 1066 1171 1136 ψεῦδος,
1199 1064 1475 1136 ναρκῶδες
1498 1067 1591 1118 καὶ
1620 1065 1699 1137 τῷ
1723 1066 1852 1137 γρά-

271 1179 425 1231 φοντι
458 1162 554 1215 κα)⁵
584 1161 662 1232 τῷ
696 1159 1139 1229 ἀναγινώσκοντι.

339 1342 395 1396 2.
433 1341 537 1394 Δύο
560 1339 673 1410 εἴδη
707 1337 800 1391 τοῦ
836 1337 1093 1408 μεγίστου
1132 1335 1301 1390 κακοῦ
1341 1335 1533 1405 ἔθηκεν
1566 1336 1595 1387 ὁ
1619 1335 1851 1406 ἀποκρι-

266 1436 500 1507 νάμενος
540 1435 596 1485 έν
644 1435 711 1503 τῇ
760 1430 953 1483 ἑαυτοῦ
992 1430 1302 1501 ἀποκρίσει,
1330 1431 1424 1483 καὶ
1448 1428 1574 1500 τρία
1601 1428 1715 1498 εἴδη
1748 1427 1849 1496 τῆς

266 1527 493 1595 ἀγνοίας
524 1525 618 1578 τοῦ
641 1523 776 1578 Θεοῦ
800 1541 812 1553 ·
835 1525 1027 1576 ἐκεῖνα
1046 1523 1141 1593 μὲν
1176 1522 1319 1575 κατά
1339 1524 1465 1585 τοὺς
1491 1521 1847 1591 Μανιχαίους,

266 1615 442 1669 ταῦτα
493 1615 551 1668 δὲ
607 1615 727 1668 κατ’
774 1614 935 1667 αὑτὸν
985 1614 1077 1668 τὸν
1112 1614 1566 1685 ἀποκρινάμενον.
1600 1612 1710 1664 Καὶ
1741 1610 1849 1664 τῶν

265 1708 361 1761 δύο
392 1706 547 1760 εἱδῶν
587 1706 682 1758 τοῦ
722 1707 975 1777 μεγίστου
1017 1704 1191 1759 κακοῦ
1219 1706 1279 1758 τὸ
1318 1705 1414 1776 μὲν
1442 1704 1595 1772 ἔλεγε
1620 1705 1738 1757 κατ’
1757 1704 1848 1756 οὐ-

268 1799 412 1863 σίαν,
452 1798 512 1851 τὸ
550 1798 606 1850 δὲ
641 1798 758 1850 κατ’
786 1797 1065 1868 ἐνέργειαν
1110 1796 1204 1850 τοῦ
1251 1799 1369 1851 κατ’
1392 1797 1600 1850 οὐσίαν.
1639 1796 1760 1850 Τῶν
1792 1796 1849 1849 δὲ

1951 612 2101 665 tione
2131 608 2517 673 informantur,
2550 609 2804 679 impietas
2834 610 2997 673 inest,
3029 608 3215 679 gloria:
3240 609 3333 665 Dei
3360 612 3524 666 abro-

1950 700 2158 770 gatrix,
2190 710 2273 755 est
2308 700 2555 770 profecto
2586 714 2859 755 summum
2892 700 2946 753 in
2990 700 3303 755 hominibus
3331 718 3395 756 ex
3428 702 3524 758 Dei

1951 790 2290 862 ignoratione
2324 790 2551 844 malum.
2582 788 2685 844 Sed
2718 805 2840 843 cum
2867 789 3052 859 pietati
3078 796 3185 844 tuae
3213 790 3389 844 visum
3427 794 3525 857 sit,

1950 891 2011 936 ut
2046 889 2100 936 et
2141 896 2170 934 a
2212 881 2371 935 nobis
2412 881 2619 950 scripto
2659 881 3034 935 inconstantia
3072 883 3379 951 argumenti
3428 883 3525 937 de-

1950 979 2287 1027 monstretur
2321 990 2336 1026 :
2368 971 2630 1034 breviter,
2673 986 2795 1041 quae
2838 970 3130 1041 subjuncta
3175 981 3332 1037 sunt,
3382 973 3525 1027 scri-

1950 1063 2127 1119 benda
2181 1063 2334 1117 duxi.
2388 1060 2523 1115 Nam
2570 1062 2829 1132 pluribus
2874 1062 3125 1117 refellere
3171 1062 3525 1117 manifestum

1949 1153 2324 1217 mendacium,
2355 1151 2619 1207 scribenti
2644 1152 2801 1221 juxta
2836 1158 2889 1206 et
2933 1152 3134 1222 legenti
3180 1151 3400 1207 taedium
3442 1151 3525 1205 af-

1949 1245 2074 1302 fert.

2018 1334 2073 1387 2.
2114 1333 2260 1388 Duas
2307 1333 2520 1403 species
2555 1330 2778 1385 maximi
2826 1332 2954 1387 mali
2996 1347 3294 1402 responsor
3339 1332 3393 1385 in
3438 1348 3526 1387 re-

1949 1443 2155 1498 sponso
2187 1442 2289 1482 suo
2316 1425 2522 1495 posuit,
2551 1432 2606 1479 et
2634 1426 2844 1493 species
2871 1432 2983 1479 tres
3001 1425 3361 1494 ignorationis
3392 1424 3522 1479 Dei:

1951 1536 2015 1574 ac
2063 1521 2186 1575 illas
2229 1518 2451 1590 quidem
2506 1518 2572 1573 de
2610 1516 3035 1572 Manichaeorum
3082 1519 3383 1583 sententia,
3426 1517 3537 1572 bas-

1950 1628 2080 1667 vero
2134 1618 2327 1681 suapte
2381 1610 2660 1680 opinione.
2707 1609 2773 1663 Et
2824 1610 3058 1665 duarum
3116 1610 3341 1662 maximi
3396 1609 3527 1662 mali

1952 1702 2258 1773 Specierum
2303 1702 2529 1756 alteram
2558 1701 2697 1755 dixit
2743 1717 2866 1756 esse
2922 1701 3251 1764 substantia,
3298 1701 3526 1763 alteram

1952 1797 2272 1866 operatione
2308 1796 2457 1850 illius
2488 1795 2633 1865 quod
2669 1795 2974 1852 substantia
3014 1794 3218 1847 malum
3253 1802 3357 1847 est.
3402 1791 3529 1847 Tri-

264 1889 443 1967 τριῶν,
467 1888 623 1942 εἰδῶν
644 1892 743 1959 τῆς
768 1888 862 1941 τοῦ
889 1888 1022 1941 Θεοῦ
1040 1888 1281 1957 ἀγνοίας,
1316 1887 1378 1941 τὸ
1410 1888 1506 1958 μὲν
1527 1886 1678 1956 ἔλεγε
1714 1886 1849 1940 κατὰ

1958 1887 2117 1957 plicis
2165 1896 2368 1951 autem,
2402 1902 2511 1956 qua
2551 1884 2695 1942 Deus
2735 1888 3044 1954 ignoratur,
3077 1884 3301 1954 speciei,
3359 1900 3531 1938 unam.

265 1982 459 2053 λήθην,
484 1982 545 2035 τὸ
574 1982 632 2035 δὲ
656 1981 797 2034 κατά
830 1981 928 2051 τὴν
961 1981 1187 2033 ἄπιστον
1221 1979 1401 2049 φύσιν,
1425 1979 1484 2032 τὸ
1504 1980 1561 2033 δὲ
1591 1979 1734 2033 κατὰ
1752 1978 1850 2049 τὴν

264 2074 476 2144 ἀγαθὴν
512 2072 677 2127 δόσιν.
716 2071 893 2147 Ποιῶν
928 2072 984 2124 δὲ
1034 2070 1295 2141 σύντομον
1324 2069 1420 2141 τὴν
1448 2070 1723 2140 ἀναίρεσιν
1758 2070 1852 2122 καὶ

263 2164 374 2216 τῶν
408 2163 550 2218 κατά
591 2164 948 2245 Μανιχαίους,
984 2163 1078 2217 καὶ
1109 2162 1216 2214 τῶν
1257 2162 1377 2215 κατ’
1402 2162 1584 2225 αὺτὸν,
1621 2160 1851 2231 ἔφασκε,

263 2257 397 2310 ποτὲ
428 2256 526 2327 μὲν
549 2255 789 2326 ἀναιρῶν
815 2255 922 2308 τῶν
940 2255 1256 2324 Μανιχαίων
1278 2254 1376 2323 τὴν
1395 2254 1572 2321 δόξαν,
1590 2254 1680 2307 καί
1697 2271 1849 2325 φησι,

261 2344 566 2413 Μέγιστον
606 2343 796 2397 κακὸν
840 2343 1022 2398 οὐδέν
1043 2345 1232 2396 ἐστιν.
1264 2346 1333 2396 El
1362 2342 1429 2397 δέ
1456 2360 1545 2410 τις
1572 2345 1852 2398 ὑπόθοιτο

260 2438 548 2505 μέγιστον
562 2434 1151 2504 κακὸγ,εὐρεθήσεται
1168 2434 1336 2503 ἑτέρα
1346 2433 1502 2503 ἁρχὴ
1515 2434 1758 2487 ἐναντία
1773 2432 1853 2499 τῷ

267 2526 416 2592 Θεῷ·
443 2528 588 2596 ὅπερ
617 2531 670 2582 οἱ
706 2528 1022 2597 Μανιχαῒοι
1050 2527 1240 2595 κακῶς
1271 2528 1551 2596 λέγοντες
1566 2529 1815 2596 λέγουσι
1834 2545 1848 2558 ·

263 2619 397 2673 ποτὲ
439 2620 516 2684 δὲ,
550 2621 675 2675 ὅταν
709 2623 861 2692 φησὶ,
900 2622 1008 2674 Τὸν
1036 2621 1222 2687 ὄντως
1252 2621 1361 2693 (51)
1392 2622 1537 2674 ὄντα
1566 2620 1715 2674 Θεὸν
1740 2622 1851 2674 οὐκ

264 2708 336 2773 ἐξ
381 2709 576 2765 ἄλλου
619 2713 805 2778 τινὸς,
855 2713 995 2766 ἀλλ’
1039 2714 1106 2765 ἐκ
1150 2711 1258 2781 τῆς
1302 2712 1525 2778 οἰκείας
1574 2710 1767 2779 λήθης
1812 2712 1851 2779 ἠ

263 2800 437 2870 ψυχὴ
462 2802 681 2870 πάσχει
707 2821 719 2831 ·
757 2804 814 2854 ὲν
848 2804 1076 2867 ἐκείνοις
1110 2804 1209 2873 μὲν
1240 2803 1482 2875 ἀναιρῶν
1520 2802 1582 2855 τὸ
1620 2804 1738 2855 κατ’
1761 2802 1853 2854 οὐ·

270 2891 390 2945 σίαν
419 2893 672 2963 μέγιστον
697 2894 885 2958 κακὸν,
907 2895 963 2945 ὲν
982 2894 1194 2958 τούτοις
1225 2895 1281 2947 δὲ
1314 2894 1375 2946 τὸ
1400 2895 1520 2949 κατ’
1542 2893 1846 2965 ἐνέργειαν.

278 2984 538 3067 Ἀναιρῶν
561 2984 617 3037 δὲ
647 2987 738 3038 καὶ
760 2986 827 3038 τά
854 2985 967 3058 εἴδη
980 2986 1076 3057 τῆς
1096 2987 1318 3055 ἀγνοίας
1336 2986 1431 3039 τοῦ
1451 2986 1608 3049 Θεοῦ,
1629 2986 1665 3039 ἀ
1687 2985 1851 3049 αὐτὸς

266 3076 463 3147 ἔθηκε,
513 3075 605 3127 καί
641 3093 834 3146 φησιν,
874 3077 1024 3131 Οὺδέ
1060 3078 1231 3131 ἐστιν
1268 3077 1422 3143 ὅλως
1457 3076 1669 3146 ἄγνοια
1716 3078 1849 3145 περὶ

268 3170 447 3225 Θεοῦ·
502 3168 725 3237 πάντες
764 3171 907 3241 γὰρ,
959 3170 1047 3224 ὅτι
1084 3172 1215 3225 ἐστι
1266 3171 1445 3236 Θεὸς,
1486 3170 1850 3240 ὁμολογοῦσι

1951 1994 2019 2033 ex
2080 1978 2387 2045 oblivione,
2446 1978 2741 2033 secundam
2800 1994 2863 2034 ex
2926 1979 3213 2039 incredulo
3271 1979 3524 2047 ingenio,

1953 2070 2171 2125 tertiam
2225 2086 2290 2124 ex
2345 2069 2609 2124 beneficio
2672 2070 2792 2124 utili
2847 2071 3125 2141 proficisci
3184 2072 3280 2125 ait.
3334 2070 3525 2125 Brevi-

1953 2174 2034 2217 ter
2062 2179 2192 2218 vero
2218 2171 2271 2218 et
2300 2161 2724 2217 Manichaeorum
2771 2171 2825 2218 et
2870 2180 3025 2219 suam
3058 2165 3232 2233 ipsius
3275 2172 3526 2219 evertens

1953 2256 2301 2320 sententiam,
2350 2270 2497 2310 nunc
2538 2255 2757 2327 quidem
2809 2266 2999 2311 contra
3040 2256 3366 2310 Maniclizeos
3402 2256 3523 2310 ait:

1956 2348 2181 2403 Nullum
2230 2360 2308 2404 est
2366 2366 2629 2404 summum
2684 2350 2907 2404 malum.
2954 2342 3154 2420 Siquis
3211 2360 3386 2403 autem
3430 2365 3530 2419 po—

1954 2451 2046 2495 nat
2081 2458 2193 2496 esse
2225 2457 2487 2496 summum
2524 2442 2745 2505 malum,
2784 2443 3009 2496 alterum
3048 2442 3331 2510 reperietur
3377 2442 3528 2510 prin-

1953 2535 2148 2601 cipium
2171 2533 2278 2587 Deo
2304 2534 2603 2599 adversum,
2634 2534 2771 2605 quod
2793 2534 3001 2604 quidem
3033 2532 3084 2585 Μ
3094 2532 3318 2587 anicluei
3346 2547 3530 2602 ρει-ρον

1954 2644 2070 2679 ram
2101 2636 2383 2691 asserunt;
2416 2642 2563 2681 nunc
2601 2635 2780 2682 autem
2817 2646 2831 2681 :
2864 2626 3252 2697 ignorationem
3293 2627 3399 2680 veri
3432 2625 3530 2679 Dei

1954 2735 2057 2772 non
2105 2718 2321 2777 aliunde
2362 2735 2519 2787 quam
2548 2734 2613 2772 ex
2644 2719 2858 2787 propria
2899 2718 3160 2772 oblivione
3206 2717 3385 2770 anima
3428 2731 3528 2782 pa-

1953 2809 2129 2872 titur;
2194 2809 2306 2863 illic
2366 2825 2642 2863 summum
2716 2809 3022 2864 substantia
3084 2808 3327 2874 malum;
3401 2808 3526 2871 hic,

1952 2897 2097 2967 quod
2140 2899 2456 2967 operatione
2490 2900 2567 2961 fit,
2602 2900 2899 2970 abrogans.
2929 2899 3218 2969 Abrogans
3256 2907 3439 2952 autem
3474 2906 3531 2953 et

1954 2989 2164 3059 species
2199 2987 2291 3043 Dei
2317 2990 2697 3059 ignorationis,
2728 3003 2867 3060 quas
2892 2991 3007 3060 ipse
3031 2990 3224 3044 statuit
3254 3009 3265 3042 :
3297 2987 3421 3043 Non
3450 2998 3527 3043 est

1953 3080 2116 3151 509
2154 3082 2387 3145 omnino,
2432 3081 2627 3150 inquit,
2668 3080 2762 3135 Dei
2817 3082 3123 3153 ignoratio;
3169 3098 3346 3135 omnes
3387 3084 3526 3135 enim

1954 3171 2123 3225 Deum
2164 3190 2276 3228 esse
2303 3175 2566 3227 communi
2610 3174 2846 3242 fatentur
2887 3175 3165 3228 sententia.
3204 3175 3281 3228 Ac
3322 3175 3367 3228 si
3400 3175 3526 3244 qui-

265 3262 437 3331 κοινῇ
462 3262 685 3329 ἐννοίᾳ.
811 3237 908 3333 μὲν
934 3260 1027 3316 οὖν
1055 3264 1155 3316 οὐκ
1176 3262 1322 3316 ἐστιν
1346 3261 1482 3325 ὅλως
1508 3237 1698 3331 ἀγνοια
1720 3263 1849 3333 περὶ

1951 3266 2072 3319 dem
2124 3281 2351 3335 prorsus
2399 3282 2507 3320 non
2552 3273 2638 3321 est
2679 3268 2955 3337 ignoratio
2988 3266 3113 3333 Dei,
3162 3265 3359 3322 falsum
3398 3282 3531 3337 pro—

264 3353 420 3417 Θεοῦ,
455 3353 634 3423 δῆλον,
665 3355 748 3407 ὅτι
777 3354 970 3423 ψευδὲς
997 3354 1058 3407 τὸ
1088 3356 1300 3423 ἀγνοεῖν
1332 3353 1423 3407 τὸν
1456 3354 1586 3407 Θεὸν
1618 3352 1849 3424 συμϐαί-

264 3466 344 3502 νει
370 3450 485 3512 τοῖς
517 3447 827 3520 ἀνθρώποις
858 3449 890 3519 ἢ
932 3448 1071 3502 κατά
1110 3449 1309 3521 λήθην,
1337 3450 1372 3520 ἢ
1422 3448 1565 3502 κατά
1594 3447 1691 3519 τὴν
1723 3448 1849 3502 ἀπι-

266 3557 388 3595 στον
414 3540 573 3610 φύσιν
593 3582 607 3604 ,
645 3540 678 3611 ἣ
713 3540 856 3594 κατὰ
884 3541 983 3612 τὴν
1017 3535 1235 3612 ’ἀγαθὴν
1281 3541 1426 3595 δόσιν
1446 3558 1458 3570 ο
1491 3542 1539 3593 εί
1573 3539 1631 3593 δὲ
1663 3540 1847 3611 κοινὴν

264 3633 468 3686 ἔννοιαν
506 3632 722 3687 πάντων
762 3632 907 3701 λέγει
938 3634 1037 3704 τὴν
1083 3633 1226 3686 κατὰ
1254 3632 1352 3703 τὴν
1396 3618 1599 3703 εἰδικὴν
1641 3630 1848 3684 ἔννοιαν

263 3725 501 3796 ἑκάστης
553 3724 660 3777 τῶν
718 3725 1025 3791 κακοδὸξων
1085 3726 1352 3797 αἱρέσεως
1414 3725 1845 3795 ἀναιρουμένην,

262 3817 370 3870 οὐδ’
402 3816 574 3880 οὕτως
605 3816 757 3871 ἔσται
804 3817 1003 3886 γνῶσις
1031 3817 1165 3871 Θεοῦ
1199 3820 1257 3871 ἐν
1288 3820 1399 3882 τοίς
1428 3818 1612 3871 πᾶσιν.
1657 3817 1849 3887 Ἡμεῖς

261 3909 319 3961 δὲ
361 3907 484 3962 οὔτε
522 3909 583 3961 τὸ
616 3909 757 3963 κατὰ
801 3910 927 3973 τοὺς
971 3909 1301 3980 Μανιχαίους
1346 3908 1603 3981 μέγιστον
1643 3908 1845 3971 κακὸν,

261 4000 382 4054 οὐδὲ
412 4001 513 4072 τὴν
540 4003 658 4054 κατ’
686 4000 848 4053 αὑτὸν
876 4002 965 4054 τὸν
998 3987 1433 4071 ἀποκρινάμενον
1459 4000 1681 4069 ἄγνοιαν
1712 3997 1846 4053 Θεοῦ

260 4091 539 4163 ἐθήκαμεν
570 4094 626 4146 ὲν
653 4096 720 4165 τῇ
749 4095 1033 4165 ἐρωτήσει,
1066 4112 1097 4146 0.
1135 4093 1202 4145 λά
1236 4094 1492 4165 μέγιστον
1525 4093 1694 4147 κακὸν
1724 4093 1844 4147 κατ’

261 4185 467 4239 ἔννοιαν
484 4185 732 4258 εἴπομεν,
753 4186 814 4238 τὸ
841 4185 981 4239 κατά
998 4184 1091 4240 τοῦ
1131 4190 1139 4199 '
1182 4184 1261 4239 ;οῦ
1293 4178 1487 4255 ψεῦδος
1506 4202 1519 4214 ο
1544 4185 1765 4253 ἄγνοιαν
1790 4184 1848 4238 δὲ

262 4280 396 4333 Θεοῦ
427 4280 525 4350 τὴν
554 4281 614 4334 τὸ
633 4278 827 4349 ψεῦδος
851 4281 1131 4351 εἰρηκυῖαν
1152 4297 1165 4309 ·
1226 4295 1328 4348 περ
1357 4280 1474 4331 ἐστὶ
1498 4279 1683 4350 τρίτον
1709 4272 1848 4340 εἶδος

261 4372 358 4425 τοῦ
400 4372 658 4443 μεγίστου
709 4371 882 4426 κακοῦ
902 4411 917 4435 ,
952 4372 1017 4426 ὲκ
1062 4372 1162 4443 τῆς
1194 4371 1445 4424 εκουσίου
1474 4370 1758 4434 ἀπειθείας
1787 4387 1848 4423 τε

262 4465 356 4517 καὶ
396 4463 653 4527 ἀπιστίας
683 4462 985 4535 ἀνθρώπων
1027 4463 1319 4535 συμϐαῖνον
1362 4463 1567 4526 αὐτοῖς.
1612 4462 1671 4516 ὐ
1713 4478 1847 4534 προ-

1951 3358 2096 3415 l‘ecto
2127 3367 2246 3424 est,
2293 3358 2697 3428 ignorationem
2732 3357 2827 3413 Dei
2871 3358 3160 3428 obtingere
3201 3360 3530 3416 mortalibus

1948 3453 2033 3507 vel
2069 3452 2369 3518 oblivione,
2410 3453 2494 3506 vel
2526 3453 2745 3522 ingenio
2772 3452 3076 3515 incredula,
3107 3452 3189 3506 vel
3222 3454 3341 3507 utili
3370 3454 3532 3508 bene-

1950 3542 2095 3598 ficio.
2134 3542 2193 3597 Si
2227 3559 2355 3598 vero
2387 3556 2732 3597 communem
2764 3542 3011 3596 omnium
3042 3543 3367 3597 sententiam
3395 3544 3532 3598 dicit

1948 3653 2091 3701 eam,
2124 3652 2287 3707 quam
2335 3634 2553 3705 pr0pria
2596 3634 2864 3703 cujusque
2902 3650 3083 3705 pravae
3129 3633 3354 3690 haeresis
3391 3651 3525 3690 sen-

1952 3729 2120 3784 tentia
2170 3728 2403 3791 evertit,
2441 3741 2509 3782 ne
2548 3725 2629 3781 sic
2673 3726 2893 3795 quidem
2943 3725 3036 3779 Dei
3082 3726 3324 3797 cognitio
3364 3726 3530 3781 inerit

1950 3821 2225 3875 omnibus.
2257 3818 2369 3874 Nos
2412 3826 2593 3873 autem
2634 3832 2810 3887 neque
2850 3817 2982 3871 illud
3014 3818 3316 3873 secundum
3349 3819 3527 3873 Mani-

1949 3914 2132 3969 chaeos
2181 3913 2476 3966 maximum
2532 3910 2769 3975 malum,
2823 3926 3000 3980 neque
3052 3909 3178 3975 Dei,
3222 3909 3529 3965 secundum

1949 4019 2374 4077 responsorem,
2423 4002 2822 4073 ignorationem
2870 4002 2927 4055 in
2984 4002 3287 4071 quaestione
3336 4001 3528 4072 posui-

1948 4115 2105 4167 mus;
2140 4098 2232 4154 sed
2269 4111 2544 4153 summum
2583 4096 2785 4150 malum
2815 4093 2870 4149 in
2900 4102 3235 4169 menteesse
3264 4095 3525 4158 dicimus,

1948 4193 2015 4248 de
2049 4191 2161 4247 Deo
2205 4188 2520 4259 opinionem
2555 4187 2778 4253 falsam;
2813 4186 3213 4258 ignorationem
3246 4202 3374 4243 vero
3406 4186 3524 4250 Dei,

1948 4299 2071 4354 quae
2123 4281 2440 4351 opinionem
2487 4280 2805 4348 hujusmodi
2864 4279 3057 4334 falsam
3109 4276 3348 4349 profert,
3404 4293 3527 4348 quae

1947 4377 2172 4448 quidem
2217 4373 2377 4429 tertia
2411 4382 2495 4428 est
2533 4375 2748 4442 species
2794 4372 2993 4428 summi
3026 4372 3174 4430 mali.
3208 4370 3528 4425 hominibus

1949 4485 2017 4525 ex
2050 4466 2357 4523 voluntaria
2406 4463 2704 4520 rebellione
2751 4471 2805 4518 et
2840 4462 3158 4518 infidelitate
3203 4462 3521 4517 obveniens.

263 4556 486 4628 θέμενος
536 4560 565 4611 ὁ
612 4558 1046 4630 ἀποκρινάμενος
1093 4558 1339 4629 ἀναιρεῖν
1394 4557 1572 4611 ἀνεῖλε
1628 4556 1725 4627 μὲν
1775 4554 1845 4609 τά

1954 4560 2127 4627 Quam
2158 4574 2283 4614 cum
2317 4558 2647 4614 instituisset
2677 4571 2975 4627 responsor
3010 4555 3250 4617 abolere,
3286 4553 3525 4608 abolevit

263 4648 406 4703 κατά
445 4650 571 4713 τοὺς
600 4650 935 4720 Μανιχαίους
962 4650 1055 4703 δύο
1083 4650 1177 4703 τοῦ
1211 4649 1468 4721 μεγίστου
1494 4648 1666 4703 κακοῦ
1693 4647 1852 4720 εἴδη,

262 4742 324 4795 τὸ
356 4741 412 4794 δὲ
443 4741 561 4796 καθ’
581 4743 729 4812 ἡμᾶς
753 4743 853 4796 οὐκ
875 4743 1071 4796 ἀνεῖλε.
1095 4743 1186 4796 Διὸ
1208 4743 1354 4797 δυοῖν
1377 4743 1604 4813 θάτερον
1635 4742 1847 4813 ἀνάγκη

262 4835 412 4904 ἡμᾶς
444 4834 621 4902 λέγειν
653 4836 779 4907 περὶ
807 4834 903 4887 τοῦ
926 4834 1441 4907 ἀποκριναμένουοηῆ
1462 4834 1525 4887 τὸ
1556 4835 1630 4905 μὴ
1657 4833 1849 4904 νοῆσαι

262 4926 326 4977 τὸ
358 4925 477 4978 καθ’
512 4927 659 4996 ήμᾶς
682 4926 864 4998 τρίτον
894 4922 1031 4990 εἶδος
1056 4928 1152 4981 τοῦ
1186 4927 1442 4998 μεγίστου
1474 4924 1646 4980 κακοῦ
1670 4966 1686 4990 ,
1719 4926 1752 4997 ἢ
1787 4926 1859 4979 τὸ.

268 5018 344 5090 μὴ
362 5019 664 5090 εὐπορῆσαι
692 5020 904 5084 δικαίας
933 5013 1239 5088 ἀντιλογίας
1258 5021 1451 5074 τούτου
1474 5019 1851 5090 ἀναιρετικῆς.

268 5111 390 5163 Ὅτι
414 5110 479 5164 δέ
504 5112 618 5164 ἐστι
651 5111 711 5165 τὺ
738 5112 858 5167 καθ’
886 5115 1034 5184 ἡμᾶς
1066 5113 1319 5183 μέγιστον
1350 5113 1518 5167 κακὸν
1546 5111 1605 5176 ἐξ
1628 5111 1848 5180 ἀγνοίας

263 5202 400 5258 Θεοῦ
435 5202 729 5274 συμϐαῖνον
758 5208 870 5269 τοῖς
898 5200 1225 5277 ἀνθρώποις,
1260 5205 1531 5259 δείκνυται
1557 5204 1748 5268 οὕτως.
1773 5204 1861 5258 Τὸν

269 5298 526 5369 μέγιστον
555 5298 744 5362 κακὸν,
778 5299 838 5352 τὸ
873 5299 948 5371 μὴ
986 5299 1044 5351 ὃν
1076 5299 1196 5353 κατ’
1215 5298 1423 5363 οὐσίαν,
1441 5297 1599 5352 τοῦτο
1629 5298 1717 5352 διά
1747 5299 1849 5371 τὴν

266 5392 488 5459 ἄγνοιαν
533 5390 628 5444 τοῦ
653 5392 787 5446 Θεοῦ
833 5392 1091 5446 ὑπέθεντο
1135 5394 1186 5445 οἱ
1228 5392 1507 5461 ἄνθρωποι
1549 5389 1690 5447 εἶναι
1735 5394 1849 5455 τοῖς

265 5484 475 5538 ἑαυτῶν
518 5484 786 5557 δόγμασι·
834 5489 1101 5558 μαρτυρεῖ
1139 5486 1196 5539 δὲ
1246 5486 1420 5556 τούτῳ
1468 5486 1562 5539 καὶ
1610 5485 1772 5549 αὐτὸς
1818 5485 1860 5537 ἁ

340 5644 422 5713 (51
434 5670 451 5714 θ
512 5645 621 5699 Τὸν
662 5646 884 5717 οπως.
928 5644 1163 5717 Monuit,
1202 5643 1530 5717 Sylburgius
1556 5643 1755 5698 deesse
1782 5644 1845 5697 τὸ

270 5713 684 5786 ἁγνοεῖνλιιυοᾶ
721 5716 941 5786 quidem
995 5732 1105 5771 non
1133 5713 1287 5786 deeét
1346 5713 1559 5783 iu'ips'a
1599 5728 1845 5786 _respon-

273 5785 446 5839 sione.
481 5784 577 5842 llis
633 5782 813 5841 autem
876 5786 1078 5849 verbis,
1141 5782 1536 5853 Ignorationem
1590 5782 1845 5837 Dei'non

274 5853 484 5911 aliunde
508 5872 663 5927 quam
684 5872 750 5914 ex
769 5858 984 5926 propria
1014 5857 1268 5912 oblivione
1297 5856 1474 5910 anima
1502 5856 1725 5927 patitur,
1757 5870 1845 5911 re-

1952 4650 2174 4723 quidem
2215 4650 2355 4705 duas
2390 4648 2809 4702 Manichaeorum
2856 4645 3056 4700 summi
3102 4644 3231 4697 mali
3269 4643 3523 4712 species,

1953 4752 2201 4807 nostram
2234 4734 2349 4795 non
2375 4740 2634 4795 abolevit.
2662 4737 3008 4808 Quapropter
3036 4736 3270 4790 duorum
3295 4734 3524 4788 alterum

1952 4836 2019 4892 de
2060 4849 2388 4906 responsore
2434 4832 2616 4887 dicere
2646 4845 2877 4885 necesse
2917 4829 3214 4883 habemus:
3248 4833 3341 4880 aut
3372 4826 3524 4896 igno-

1951 4945 2107 4987 rasse
2135 4942 2261 4985 eum
2304 4925 2521 4982 tertiam
2566 4926 2813 4979 nostram
2848 4922 3048 4977 summi
3078 4920 3223 4974 .mali
3259 4919 3520 4989 speciem,

1952 4995 2055 5077 aut.
2077 5021 2125 5076 ei
2157 5020 2364 5091 justam
2396 5015 3068 5077 contradicendi‘causam
3111 5012 3374 5077 defuisse,
3402 5025 3524 5081 quae

1950 5115 2187 5185 speciem
2229 5127 2350 5167 eam
2392 5110 2654 5165 aboleret.
2696 5107 2989 5163 Enimvero
3036 5120 3334 5169 summum,
3375 5103 3524 5174 quod

1948 5221 2053 5262 nos
2081 5205 2350 5268 dicimus,
2400 5203 2601 5256 malum
2645 5199 2962 5255 hominibus
2996 5197 3244 5251 accidere
3272 5211 3337 5251 ex
3369 5194 3523 5265 igno-

1948 5298 2165 5353 ratione
2207 5296 2335 5363 Dei,
2383 5295 2459 5349 ita
2488 5294 2922 5350 demonstratur.
2954 5288 3239 5344 Summum
3282 5287 3518 5347 malum.

1948 5390 2094 5461 quod
2135 5388 2447 5445 substantia
2484 5402 2595 5441 non
2643 5392 2760 5449 est,
2796 5383 3046 5437 homines
3086 5395 3180 5449 per
3218 5376 3517 5448 ignoratio--

1948 5498 2073 5538 nem
2105 5481 2223 5545 Dei,
2259 5479 2478 5552 placitis
2512 5479 2616 5549 ipsi
2658 5477 2774 5534 suis
2813 5490 2937 5531 esse
2977 5476 3317 5534 statuerunt;
3349 5474 3519 5522 testa-

1948 5644 2153 5700 fellitur
2178 5641 2449 5699 sententia
2506 5638 3180 5710 Manichaeorum,_nempe
3217 5627 3349 5710 illud
3404 5642 3511 5680 ma-

1946 5717 2059 5769 lum
2079 5714 2224 5785 quod
2264 5712 2322 5767 fit
2352 5727 2449 5785 per
2469 5710 2844 5785 operationem
2871 5706 3028 5761 malae
3056 5705 3397 5766 substantia,
3426 5712 3523 5752 su-

1946 5784 2285 5842 blatolibero
2308 5784 2555 5840 arbitria.
