4146 6440
686 366 823 423 “07

1397 364 1767 436 APPENDIX.
1799 397 1870 410 --
1907 367 2092 424 PARS
2130 367 2168 425 1.
2213 368 2272 424 S.
2309 364 2576 422 JUSTINI
2614 365 2844 422 OPERA
2883 365 3156 423 SPURIA.

3817 372 3975 428 1408

681 494 775 541 tur
805 487 908 542 hoc
923 494 979 542 et
993 487 1108 556 ipse
1125 499 1440 555 responsor,
1464 501 1587 540 cum
1608 486 1684 539 ait
1708 505 1722 539 :
1744 484 2042 540 Maximum
2060 486 2261 539 malum

2370 483 2798 554 ἀποκρινάμενος
2825 483 2883 537 ὲν
2909 477 2992 553 οἷς
3021 483 3170 552 ἔλεγε
3191 499 3205 513 ο
3228 483 3528 552 Μέγιστον
3550 484 3743 538 κακὸν
3773 485 3974 540 οὐδέν

683 579 891 634 nullum
925 588 1034 641 est,
1071 594 1133 630 ac
1161 579 1209 631 si
1247 580 1363 648 quis
1394 588 1654 646 supponat
1706 579 1907 632 malum
1941 579 2255 642 maximum,

683 671 976 726 invenietur
1007 670 1234 722 alterum
1265 671 1583 739 principium
1618 669 1726 724 Deo
1760 669 2037 725 adversum
2071 686 2089 723 :
2122 670 2261 740 quod

684 761 895 832 quidem
953 759 1244 814 Maniclmri
1301 776 1574 830 perperam
1629 769 1895 816 asserunt.
1955 761 2262 815 Absurdum

684 853 822 906 enim
852 859 953 911 est,
980 849 1145 903 Deum
1176 867 1279 903 non
1321 850 1570 902 universa
1597 850 1892 918 complecti,
1922 865 2085 921 neque
2114 850 2264 904 boni-

689 945 814 996 tatis
837 943 1005 996 lucem
1033 943 1086 994 in
1127 943 1309 996 omnia
1336 942 1662 1010 diffundere;
1695 959 1962 995 summum
1991 960 2116 1012 ergo
2147 960 2264 996 ma-

687 1038 798 1091 lum
843 1037 1049 1090 nullum
1091 1046 1188 1089 est.
1219 1034 1279 1089 ιη
1313 1036 1398 1090 his
1424 1035 1643 1106 quidem
1680 1037 1956 1091 sublatum
1996 1044 2084 1091 est-
2112 1053 2264 1092 sum-

686 1142 836 1180 mum
880 1127 1196 1180 substantia
1237 1127 1474 1191 malum;
1515 1127 1767 1180 relictum
1808 1137 1988 1182 autem
2025 1127 2078 1181 id
2115 1128 2262 1197 quod

686 1218 741 1271 in
787 1218 1139 1288 opinionibus
1169 1217 1520 1287 supponitur,
1578 1218 1835 1288 quodque
1875 1234 1976 1273 nos
2014 1220 2068 1273 in
2114 1236 2263 1290 quae-

686 1310 868 1364 stione
898 1310 1205 1379 posuimus.
1226 1309 1497 1363 Caeterum
1532 1311 1660 1378 quia
1693 1325 1990 1379 responsor
2011 1311 2077 1363 ad
2108 1327 2264 1365 ever-

686 1400 912 1454 tendum
945 1400 1100 1462 illud,
1135 1401 1280 1469 quod
1323 1399 1579 1466 dicimus,
1613 1417 1890 1455 summum
1939 1403 2141 1456 malum
2187 1403 2266 1457 in-

684 1499 870 1546 tentus
900 1492 1058 1555 dixit,
1083 1509 1346 1546 summum
1366 1492 1564 1546 malum
1589 1493 1796 1548 nullum
1822 1505 1899 1548 est
1923 1511 1941 1559 ;
1973 1503 2263 1565 propterea

684 1592 901 1638 certum
941 1593 1054 1648 εει,
1099 1601 1225 1639 eum
1270 1585 1356 1639 vel
1395 1601 1505 1639 non
1556 1586 1922 1652 intellexisse,
1962 1600 2125 1658 prout
2180 1597 2266 1644 est

684 1675 917 1740 dictum,
951 1691 1251 1740 summum,
1279 1675 1424 1746 quod
1453 1676 1708 1745 dicimus,
1735 1679 1963 1743 malum,
1999 1681 2081 1735 vel
2109 1681 2266 1750 justa

686 1767 1103 1822 contradicendi
1141 1784 1309 1822 causa
1355 1769 1677 1826 destitutum
1721 1771 1924 1838 fuisse;
1955 1773 2009 1826 id
2050 1788 2182 1828 vero
2215 1775 2262 1829 si

687 1858 768 1910 ita
795 1858 977 1923 habet,
1009 1868 1259 1928 apertum
1308 1871 1414 1926 est,
1456 1879 1732 1920 summum
1765 1850 1898 1921 esse
1927 1866 1984 1919 in
2021 1866 2262 1922 homini-
2297 1844 2335 1900 Β

685 1949 813 2012 bus,
838 1948 984 2018 quod
1013 1950 1067 2003 in
1090 1951 1351 2019 Opinione
1371 1956 1729 2023 supponilur,
1761 1958 1985 2012 malum.
2019 1957 2081 2012 Si
2111 1976 2264 2012 nam-

683 2055 803 2109 que,
836 2039 1035 2108 inquit,
1069 2056 1333 2095 summum
1365 2042 1558 2097 bonum
1578 2045 1720 2100 Deus
1745 2053 1823 2099 est
1844 2085 1859 2108 ,
1891 2060 2019 2100 vera
2042 2047 2262 2116 quidem

685 2142 752 2181 ac
788 2131 875 2198 pia
908 2145 1016 2184 vox
1045 2147 1166 2200 quae
1197 2131 1364 2186 Deum
1402 2149 1674 2188 summum
1704 2136 1907 2190 bonum
1947 2152 2071 2191 esse
2094 2137 2261 2204 dicit;

688 2220 787 2274 sed
819 2222 949 2291 quia
984 2225 1229 2277 nonnulli
1267 2225 1518 2281 homines
1545 2243 1609 2281 ex
1643 2228 1989 2297 ignoratione
2017 2227 2136 2292 Dei,
2167 2244 2264 2284 ve-

685 2327 810 2367 rum
842 2312 1008 2368 Deum
1037 2315 1204 2383 justis
1228 2317 1543 2374 nominibus
1567 2326 1620 2373 et
1651 2319 1954 2375 honoribus
1985 2320 2261 2386 fraudant,

685 2411 742 2458 et
769 2404 835 2458 ad
873 2420 1001 2468 eos,
1044 2409 1137 2476 qui
1169 2408 1245 2460 dii
1281 2425 1387 2463 non
1423 2416 1583 2471 sunt,
1630 2425 1694 2464 ea
1738 2411 2114 2475 transferunt,
2167 2425 2265 2466 an-

690 2511 803 2550 non
857 2500 1175 2566 responsori
1227 2500 1507 2568 duplicata
1550 2516 1674 2555 esse
1720 2501 1935 2555 videtur
1987 2503 2262 2571 impietas,

611 2591 616 2595 '
687 2601 796 2657 qua
822 2589 996 2658 major
1028 2604 1137 2644 non
1163 2598 1266 2656 est,
1301 2607 1489 2645 verum
1522 2592 1744 2661 quidem
1776 2591 1946 2647 Deum
1977 2593 2262 2665 ignorare,

686 2693 813 2733 eum
847 2686 1054 2742 autem,
1093 2680 1189 2748 qui
1239 2680 1383 2735 Deus
1416 2689 1653 2747 nonest,
1691 2681 1839 2737 illius
1868 2698 2066 2738 ornare
2092 2685 2266 2741 titulis

686 2778 743 2826 et
774 2771 1116 2828 honoribus?
1147 2772 1267 2838 Quo
1299 2783 1482 2827 autem
1521 2775 1682 2829 modo
1721 2783 1869 2830 stare
1908 2786 2090 2847 potest
2115 2777 2268 2834 illius

687 2862 1000 2927 sententia,
1049 2880 1157 2933 qua
1195 2874 1357 2936 negat
1386 2881 1510 2921 esse
1536 2867 1591 2919 in
1634 2866 1950 2922 hominibus
1989 2883 2266 2924 summum

688 2956 924 3017 malum,
959 2971 1085 3013 cum
1117 2959 1172 3013 in
1208 2961 1293 3014 eis
1323 2977 1538 3016 summa
1572 2961 1645 3016 sit
1673 2961 1966 3031 impietas?-
1993 2959 2106 3016 Nisi
2131 2962 2269 3018 forte

689 3059 963 3100 summam
995 3047 1354 3116 impietatem,
1393 3066 1670 3105 summum
1702 3067 1811 3104 non
1838 3050 2119 3106 existimat
2153 3067 2269 3105 ma-

690 3136 828 3243 lum.
859 3137 920 3193 Si
949 3141 1088 3209 quis,
1134 3142 1229 3206 ait,
1270 3151 1532 3211 supponat
1565 3158 1832 3196 summum
1873 3144 2096 3208 malum,
2124 3145 2267 3197 insc-
2296 3183 2343 3243 ϐ

691 3228 867 3282 nietur
915 3232 1236 3300 principium
1293 3235 1522 3288 alterum
1573 3234 1681 3288 Deo
1739 3235 2020 3289 aduersum
2062 3251 2081 3288 :
2129 3236 2268 3306 quod

691 3319 980 3377 Hanichwi
1023 3340 1296 3393 perperam
1335 3337 1603 3380 asserunt.
1640 3326 1946 3381 Absurdum
1987 3330 2127 3383 enim
2158 3337 2268 3394 est,

697 3410 862 3466 Deum
891 3431 994 3467 non
1037 3417 1282 3473 universa
1316 3418 1626 3487 complecti,
1671 3434 1834 3488 neque
1871 3420 2125 3474 bonitatis
2157 3436 2270 3473 sua:

690 3503 863 3559 lucem
903 3507 958 3559 in
998 3509 1179 3561 omnia
1221 3509 1537 3578 di/fundere.
1587 3508 1864 3564 Summum
1902 3529 2026 3582 ergo
2069 3494 2271 3565 malum

694 3597 923 3654 nullum.
957 3599 1120 3672 510
1158 3599 1218 3655 Si
1265 3604 1475 3658 nullum
1504 3613 1590 3660 est
1634 3606 1688 3659 in
1717 3604 2033 3660 hominibus
2064 3605 2270 3658 malum

694 3704 1004 3755 summum,
1058 3695 1332 3762 quomodo
1375 3695 1704 3767 Maniehzeos
1762 3697 2078 3752 criminaris
2123 3696 2272 3766 quod

693 3781 835 3835 male
865 3781 1055 3836 dicant
1075 3799 1198 3853 quae.
1234 3785 1467 3841 dicunt?
1495 3786 1552 3841 Si
1583 3789 1728 3843 enim
1767 3789 1910 3843 male
1937 3788 2132 3842 dicunt
2161 3786 2273 3841 lla-

693 3874 888 3930 nichaei
950 3893 1072 3946 quae
1122 3878 1335 3945 dicunt,
1386 3897 1582 3950 nempe
1625 3883 1828 3936 malum
1882 3888 1969 3936 est
2017 3879 2165 3951 quod
2203 3879 2272 3934 ab

694 3965 832 4035 ipsis
879 3965 1103 4024 dicitur.
1156 3968 1422 4040 Quisquis
1462 3973 1609 4026 enim
1653 3974 1794 4028 male
1841 3972 2012 4039 dicit,
2066 3971 2269 4025 malum

695 4059 840 4114 male
868 4061 1025 4115 dicit.
1061 4059 1233 4116 Porro
1265 4060 1688 4118 Manichaeorum
1719 4065 1921 4119 malum
1949 4064 2270 4135 hujusmodi

693 4162 800 4218 est,
832 4160 892 4205 ut
920 4167 986 4206 eo
1023 4154 1201 4223 majus
1239 4169 1349 4208 non
1371 4155 1469 4210 sit.
1507 4154 1672 4224 Atqui
1705 4157 1809 4210 hoc
1837 4155 1887 4210 si
1926 4170 2118 4210 verum
2156 4166 2264 4221 est,

697 4259 887 4298 revera
933 4254 1083 4300 certe
1128 4248 1321 4317 ingens
1362 4255 1447 4303 est
1495 4248 1900 4325 inihominibus
1951 4251 2187 4316 malum;
2225 4249 2273 4305 si

698 4336 882 4392 minus
907 4337 1234 4405 substantia,
1270 4341 1465 4395 saltem
1493 4340 1783 4411 hypothesi
1811 4349 1867 4397 et
1894 4342 2169 4411 opinione.

2363 575 2522 628 ἐστι·
2571 575 2667 627 καὶ
2697 575 2754 628 ετ
2777 592 2867 640 τις
2904 576 3186 630 ὑπόθοιτο
3214 575 3505 645 μέγιστον
3532 576 3723 631 κακὸν
3742 617 3759 640 ,
3788 580 3972 646 εὑρε-

2365 669 2610 734 θήσεται
2638 667 2812 735 ἐτέρα
2834 666 2993 736 ἀρχὴ
3023 667 3268 720 ἐναντία
3290 667 3372 734 τῷ
3396 668 3518 733 Θεῷ
3535 684 3550 700 ο
3579 667 3725 736 ὅπερ
3757 673 3816 723 οὶ
3841 672 3972 723 Ma-

2362 760 2579 828 νιχαῖοι
2609 758 2806 824 κακῶς
2827 758 3111 827 λέγοντες
3135 756 3406 826 λέγουσι.
3437 759 3545 812 Kal
3578 761 3690 827 γὰρ
3717 759 3970 812 ἄτοπον

2362 851 2468 904 τὸν
2499 851 2645 904 Θεὸν
2672 850 2758 919 μὴ
2791 849 2990 904 πάντα
3016 850 3510 920 καταλαμϐάνειν,
3541 851 3626 920 μὴ
3654 849 3816 905 πᾶσι
3843 851 3969 919 τὴν

2363 943 2581 997 ἑαυτοῦ
2620 944 2956 1012 ἀγαθότητα
2981 942 3358 1012 ἐπιλάμπειν.
3402 943 3701 1012 Μέγιστον
3736 943 3966 996 τοίνυν

2365 1034 2554 1087 κακὸν
2580 1034 2780 1088 οὐδέν.
2822 1035 2912 1088 Ἐν
2937 1033 3148 1098 τούτοις
3195 1035 3460 1106 ἀνῄρηται
3493 1035 3591 1105 μὲν
3613 1035 3675 1088 τὸ
3700 1038 3829 1088 κατ’
3863 1037 3964 1089 οὐ-

2367 1128 2483 1179 σίαν
2528 1127 2783 1196 μέγιστον
2827 1127 2995 1182 κακὸν
3014 1169 3028 1192 ,
3060 1128 3437 1180 ὑπολέλειπται
3469 1129 3525 1182 δὲ
3555 1128 3615 1180 τὸ
3647 1129 3773 1181 καθ’
3817 1130 3961 1183 ὑπιό-

2365 1219 2510 1272 θεσιν
2540 1222 2597 1271 ὲν
2625 1219 2878 1291 δόγματι,
2908 1220 2936 1272 ὃ
2968 1221 3242 1292 ἐθήκαμεν
3273 1223 3432 1292 ἡμεῖς
3463 1224 3520 1275 ὲν
3547 1224 3613 1292 τῇ
3655 1223 3955 1292 ἐρωτήσει.

2379 1311 2514 1363 Ἀλλ’
2547 1312 2735 1383 ἐπειδὴ
2765 1313 2899 1384 πρὸς
2923 1313 3199 1384 ἀναίρεσιν
3231 1313 3323 1366 τοῦ
3355 1313 3474 1366 καθ’
3505 1316 3650 1384 ἡμᾶς
3683 1314 3957 1385 μεγίστου

2365 1405 2536 1457 κακοῦ
2573 1407 2602 1456 6
2643 1407 3072 1476 ἀποκρινάμενος
3099 1407 3514 1477 ἀποτεινόμενος
3553 1406 3706 1474 ἔλεγε
3729 1447 3742 1470 ,
3768 1406 3956 1475 Μέγι-

2364 1511 2516 1549 στον
2559 1495 2750 1549 κακὸν
2788 1497 2971 1550 οὐδέν
3007 1499 3170 1561 ἐστι,
3204 1499 3290 1551 διὰ
3329 1498 3487 1550 τοῦτο
3525 1497 3683 1568 δῆλός
3730 1500 3884 1552 ἐστιν
3927 1501 3956 1551 ὁ

2364 1590 2796 1661 ἀποκρινάμενος
2829 1589 2865 1659 ἢ
2900 1590 2974 1660 μὴ
3014 1591 3211 1660 νοήσας
3231 1631 3246 1654 ,
3274 1590 3416 1642 καθά
3447 1590 3692 1662 εἴρηται,
3733 1591 3796 1643 τὸ
3831 1591 3954 1644 καθ’

2363 1681 2511 1750 ἡμᾶς
2542 1680 2796 1750 μέγιστον
2830 1678 3024 1742 κακὸν,
3050 1679 3082 1749 ἦ
3110 1681 3182 1750 μὴ
3218 1681 3526 1751 εὐπορήσας
3556 1681 3767 1744 δικαίας
3801 1683 3956 1734 ἀντι-

2365 1768 2552 1837 λογίας
2572 1786 2584 1798 ·
2621 1768 2734 1821 ἀλλ’
2767 1769 2817 1820 εί
2847 1767 3004 1820 τοῦτο
3026 1767 3197 1831 οὕτως
3229 1769 3362 1838 ἔχει,
3389 1770 3563 1839 δῆλον,
3589 1772 3670 1823 ὃτι
3698 1771 3818 1822 ἐστι
3858 1772 3954 1841 μέ-

2365 1877 2550 1928 γιστον
2576 1861 2742 1914 κακὸν
2764 1862 2820 1914 ὲν
2844 1859 3152 1931 ἀνθρώποις
3181 1861 3304 1914 καθ’
3329 1862 3583 1914 ὑπόθεσιν
3617 1864 3673 1915 ὲν
3692 1863 3949 1933 δόγματι.

2366 1955 2436 2005 El
2466 1951 2598 2021 γὰρ,
2631 1953 2782 2023 φησι,
2808 1953 3094 2021 μέγιστον
3115 1953 3234 2006 τῶν
3259 1954 3494 2020 ἀγαθῶν
3521 1956 3552 2006 ό
3584 1955 3729 2020 Θεός
3755 1956 3951 2018 ἐστιν,

2366 2041 2569 2115 ἀληθὴς
2605 2043 2704 2113 μὲν
2732 2045 2826 2097 καὶ
2856 2043 3083 2113 εὐσεϐὴς
3107 2047 3140 2113 ἠ
3172 2045 3322 2113 φωνὴ
3350 2046 3383 2114 ή
3427 2043 3660 2112 λέγουσα
3687 2045 3782 2097 τὸν
3820 2045 3954 2098 Θεὸν

2369 2135 2624 2203 μέγιστον
2662 2130 2799 2188 εἶναι
2839 2135 2947 2190 τῶν
2989 2135 3208 2204 ἀγαθῶν
3229 2152 3243 2165 ο
3293 2135 3409 2189 ἀλλ’
3443 2137 3630 2206 ἐπειδή
3664 2153 3812 2199 τινες
3844 2132 3954 2190 τῶν

2366 2226 2668 2299 ἀνθρώπων
2703 2226 2763 2291 ἐξ
2789 2227 3011 2296 ἀγνοίας
3036 2226 3171 2279 Θεοῦ
3215 2227 3578 2297 ἀποστεροῦσι
3607 2227 3706 2296 μὲν
3736 2228 3832 2279 τὸν
3863 2227 3953 2280 δν-

2365 2336 2472 2381 τως
2504 2319 2633 2371 ὄντα
2678 2319 2810 2371 Θεὸν
2855 2319 2963 2372 τῶν
3010 2319 3231 2371 δικαίων
3263 2318 3427 2373 αὑτοῦ
3474 2319 3860 2390 προσηγοριῶν
3894 2337 3952 2372 τε

2365 2412 2461 2465 καὶ
2485 2410 2682 2481 τιμῶν,
2717 2411 2812 2464 καὶ
2855 2410 3261 2482 προσάπτουσιν
3292 2410 3462 2472 αὑτάς
3489 2413 3600 2473 τοῖς
3632 2413 3733 2464 οὐκ
3761 2408 3915 2464 οὖσιν
3935 2452 3950 2474 ,

2367 2501 2477 2575 ἆρά
2502 2522 2565 2573 γε
2595 2505 2656 2557 οὐ
2681 2503 2838 2557 δοκεῖ
2862 2502 2940 2573 τῷ
2965 2503 3385 2574 ἀποκριναμένῳ
3411 2502 3666 2554 ἀσέϐειαν
3697 2497 3842 2556 εἶναι
3877 2503 3950 2555 δι-

2369 2595 2508 2665 πλῆν
2532 2636 2547 2659 ,
2575 2590 2644 2667 ἧς
2675 2593 2874 2666 μείζων
2901 2595 3000 2646 οὐκ
3045 2593 3200 2656 ἔστι,
3235 2592 3296 2645 τὸ
3324 2593 3415 2672 τὸν
3460 2595 3558 2662 μὲν
3598 2593 3771 2657 ὅντως
3816 2595 3950 2647 ὅντα

2367 2684 2498 2736 Θεὸν
2535 2685 2747 2752 ἀγνοεῖν
2767 2723 2780 2746 ,
2823 2683 2916 2735 τὸν
2960 2682 3017 2735 δὲ
3060 2683 3161 2735 οὐκ
3208 2682 3335 2734 ὄντα
3376 2685 3497 2744 ταῖς
3532 2683 3740 2735 ἐκείνου
3789 2686 3953 2754 τιμᾷν

2369 2774 2762 2846 προσηγορίαις
2789 2775 2883 2826 καὶ
2903 2775 3123 2842 τιμαῖς;
3159 2772 3284 2835 Πῶς
3305 2773 3362 2825 δὲ
3387 2773 3660 2842 ἐνδέχεται
3684 2773 3827 2826 κατά
3857 2773 3954 2843 τὴν

2369 2869 2577 2922 ἐκείνου
2611 2867 2882 2935 ἀπόφασιν
2916 2865 3211 2933 λέγουσαν,
3259 2864 3333 2934 μὴ
3373 2862 3508 2920 εἶναι
3555 2866 3811 2936 μέγιστον
3858 2884 3957 2920 κα-

2370 2959 2465 3012 κὸν
2504 2961 2561 3012 ὲν
2605 2956 2911 3029 ἀνθρώποις
2934 2997 2949 3021 ,
2979 2957 3078 3027 τῆς
3110 2955 3374 3026 μεγίστης
3417 2956 3670 3020 ἀσεὸείας
3695 2957 3866 3028 οὔσης
3897 2959 3956 3011 ἐν

2370 3049 2712 3121 ἀνθρώποις,
2746 3051 2793 3102 εἰ
2826 3053 2900 3124 μή
2927 3047 2980 3100 τί
3009 3065 3071 3117 γε
3117 3048 3225 3119 ἄρα
3275 3048 3371 3120 τὴν
3408 3048 3667 3120 μεγίστην
3697 3049 3956 3102 ἀσέϐειαν

2370 3143 2468 3214 οὐχ
2513 3146 2730 3214 ἡγεῖται
2775 3142 3030 3213 μέγιστον
3081 3137 3219 3196 εἶναι
3258 3142 3460 3207 κακόν;
3497 3143 3570 3195 EI
3598 3159 3688 3207 τις
3710 3183 3725 3207 ,
3753 3144 3951 3213 φησὶν,

2370 3237 2654 3291 ὑπόθοιτο
2705 3236 2997 3304 μέγιστον
3048 3235 3273 3298 κακὸν,
3333 3233 3721 3302 εὑρεθήσεται
3782 3235 3955 3303 ἑτέρα

2369 3325 2524 3392 ἀρχὴ
2557 3324 2804 3378 ἐναντία
2828 3322 2908 3390 τῷ
2933 3322 3086 3388 Θεῷ·
3119 3323 3266 3392 ὅπερ
3310 3327 3363 3377 οι
3398 3323 3713 3392 Μανιχαῖοι
3755 3324 3953 3392 κακῶς

2369 3417 2654 3486 λέγοντες
2682 3417 2933 3486 λέγουσι
2951 3432 2971 3446 ι
2999 3415 3098 3468 καί
3127 3415 3240 3484 γὰρ
3266 3415 3492 3470 ἄτοπον
3511 3454 3525 3478 ,
3555 3417 3662 3468 τὸν
3695 3415 3843 3469 Θεὸν
3862 3417 3952 3484 μὴ

2370 3507 2567 3562 πάντα
2592 3506 3091 3576 καταλαμϐάνειν,
3117 3493 3225 3575 μὴ’
3249 3506 3400 3561 πᾶσι
3424 3508 3537 3574 τὴν
3562 3508 3780 3561 ἑαυτοῦ
3807 3509 3951 3577 ἁγα-

2371 3601 2589 3668 θότητα
2627 3599 3013 3668 ἐπιλάμπειν.
3043 3598 3343 3667 Μέγιστον
3384 3599 3592 3652 τοίνυν
3626 3600 3818 3652 κακὸν
3854 3602 3951 3654 οὺ-

2370 3690 2496 3744 δέν.
2539 3693 2602 3745 El
2642 3692 2898 3761 μέγιστον
2931 3690 3100 3743 κακὸν
3131 3690 3284 3743 οὐδέν
3316 3691 3464 3744 ὲστιν
3504 3692 3562 3744 ὲν
3607 3690 3953 3762 ἀνθρώποις,

2373 3781 2492 3845 πῶς
2523 3781 2767 3845 διέϐαλες
2806 3783 2932 3845 τοὺς
2966 3781 3304 3850 Μανιχαίους
3350 3781 3426 3844 ὡς
3456 3782 3643 3845 κακῶς
3673 3782 3950 3850 λέγουσιν;

2373 3875 2438 3926 Εἰ
2470 3875 2568 3944 μὲν
2597 3874 2705 3946 γὰρ
2724 3873 2909 3937 κακῶς
2939 3873 3188 3941 λέγουσιν
3215 3873 3264 3925 οἱ
3296 3873 3585 3943 Μανιχαῖοι
3613 3873 3648 3926 ἂ
3679 3874 3952 3943 λέγουσιν,

2372 3963 2614 4034 δηλονότι
2642 3965 2811 4018 κακόν
2841 3966 2957 4017 ἐστι
2989 3964 3050 4015 τὸ
3091 3963 3381 4033 λεγόμενον
3421 3965 3550 4035 παρ’
3586 3963 3787 4018 αὐτῶν.
3840 3966 3954 4028 Πᾶς

2373 4055 2484 4128 γὰρ
2506 4059 2535 4110 6
2552 4056 2727 4126 λέγων
2748 4056 2952 4121 κακῶς,
2974 4058 3038 4111 τὸ
3053 4056 3220 4110 κακὸν
3241 4055 3386 4122 λέγει
3413 4053 3616 4117 κακῶς.
3639 4055 3714 4107 Τὸ
3739 4053 3796 4108 δὲ
3816 4055 3958 4108 κατά

2373 4150 2501 4211 τοὺς
2527 4147 2862 4218 Μανιχαίους
2888 4148 3056 4201 κακὸν
3079 4144 3320 4199 τοιοῦτόν
3349 4146 3496 4196 ἐστιν
3513 4183 3536 4207 ,
3553 4133 3613 4195 οὗ
3651 4143 3834 4214 μεῖζον
3855 4145 3955 4197 οὐκ

2375 4239 2543 4292 ἐστιν.
2585 4238 2723 4291 Ἀλλ’
2751 4240 2800 4291 εί
2831 4239 3031 4311 ἀληθὲς
3056 4238 3216 4291 τοῦτο
3239 4277 3253 4300 ,
3283 4235 3498 4307 ἀληθῶς
3525 4236 3633 4306 ἄρα
3661 4235 3776 4288 ἐστι
3813 4237 3955 4307 μέγα

2376 4330 2546 4383 κακὸν
2570 4332 2628 4383 ὲν
2659 4328 2997 4400 ἀνθρώποις
3024 4331 3072 4384 εἰ
3112 4329 3206 4382 καὶ
3241 4328 3314 4400 μὴ
3343 4328 3463 4381 κατ’
3491 4328 3680 4380 οὐσίαν
3700 4359 3714 4385 .
3751 4327 3864 4380 ἀλλ’
3895 4331 3952 4381 ὲν

2378 4421 2632 4476 ὑποθέσει
2667 4422 2760 4474 καὶ
2785 4421 3047 4492 δόγματι..

768 4517 822 4570 5.
869 4515 1014 4570 Nam
1047 4519 1343 4588 ignoratio,
1389 4519 1616 4590 inquit,
1644 4536 1779 4589 stupe
1809 4521 1864 4574 in
1892 4521 2131 4590 beneficii
2157 4521 2271 4576 loco

2451 4515 2504 4568 '5.
2536 4513 2647 4566 Καὶ
2676 4513 2809 4582 γὰρ,
2841 4513 3024 4584 φησὶν,
3056 4515 3095 4582 ἠ
3121 4512 3334 4582 ἄγνοια
3361 4509 3656 4577 πολλάκις
3693 4513 3786 4566 ἐπ’
3809 4513 3957 4582 ἀγυι

696 4608 858 4661 datur
893 4608 1192 4664 hominibus
1223 4627 1240 4663 :
1271 4609 1407 4666 unde
1453 4612 1636 4666 multis
1672 4612 1908 4667 videmus
1953 4629 2090 4681 sa’pe
2131 4615 2272 4668 acci—

695 4701 855 4764 dere,
908 4710 964 4753 ut
1016 4704 1185 4772 magis
1242 4705 1452 4774 cognita
1507 4704 1802 4774 despiciant
1851 4721 2011 4774 quam
2069 4707 2270 4776 ignota.

702 4792 974 4848 Prwterea
1017 4797 1278 4864 ignoratio
1323 4798 1431 4850 veri
1475 4796 1576 4850 Dei
1603 4813 1708 4851 non
1753 4797 1971 4851 aliunde
2003 4813 2164 4867 quam
2209 4814 2276 4852 ea:

698 4885 922 4956 propria
957 4883 1213 4938 oblivione
1243 4887 1420 4940 animo
1452 4886 1688 4951 obvenit;
1712 4889 1914 4941 obvenit
1935 4905 2163 4958 namque
2192 4889 2276 4941 hic

698 4991 902 5045 quoque
924 4974 1118 5026 animis
1153 4977 1378 5045 cognitio
1406 4977 1523 5040 Dei,
1555 4974 1694 5030 sicut
1725 4994 1852 5031 sane
1879 4978 2115 5033 videmus
2144 4989 2194 5034 et
2220 4982 2278 5034 in

699 5067 800 5118 hac
828 5068 935 5119 vita
973 5066 1205 5120 homines
1237 5067 1403 5121 Deum
1440 5078 1827 5138 cognoscentes.
1857 5069 1935 5123 Ac
1963 5071 2012 5124 si
2044 5072 2162 5140 quis
2193 5091 2278 5128 ve-

706 5172 825 5208 rum
848 5156 1021 5210 dicere
1049 5158 1194 5220 velit,
1229 5158 1377 5211 nulla
1397 5161 1608 5214 omnino
1634 5161 1729 5214 Dei
1761 5163 2046 5233 ignoratio.
2083 5162 2276 5219 Omnes

702 5243 840 5295 enim
873 5241 1040 5294 Deum
1075 5259 1209 5307 esse,
1240 5245 1502 5297 communi
1532 5245 1769 5314 fatentur
1796 5251 2073 5303 sententia.
2105 5249 2276 5303 Porro

705 5332 939 5386 homines
957 5331 1053 5384 hoc
1080 5334 1240 5387 etiam
1267 5335 1323 5386 in
1356 5334 1550 5390 mundo
1574 5335 1743 5390 Deum
1763 5354 2071 5408 cognoscere
2098 5356 2274 5408 posse,

705 5423 1124 5478 orthodoxorum
1151 5424 1350 5495 liquido
1378 5427 1616 5481 declarat
1645 5428 1806 5498 ﬁdes,
1844 5447 1963 5500 qua:
1994 5431 2163 5485 Deum
2199 5435 2278 5501 ip-

707 5532 828 5569 sum
857 5515 1205 5578 descendisse,
1229 5527 1277 5570 et
1301 5534 1333 5570 a
1358 5519 1669 5572 mortalibus
1701 5522 1972 5590 cognitum
2003 5539 2114 5577 esse
2141 5539 2281 5591 pra:-

706 5607 874 5664 dicat.
924 5606 1248 5665 Hominibus
1295 5609 1436 5664 dixit
1489 5612 1766 5667 multoties
1814 5615 1996 5668 datam
2051 5631 2177 5670 esse
2223 5619 2280 5670 in

708 5700 957 5754 beneﬁcii
1002 5700 1124 5755 loco
1156 5701 1581 5772 ignorationem.
1610 5702 1764 5768 Quod
1803 5707 1848 5760 si
1871 5721 1996 5760 eam
2028 5706 2165 5760 dicit
2202 5707 2281 5776 ig-

712 5793 1079 5862 norationem,
1123 5793 1191 5852 de
1246 5809 1355 5868 qua
1404 5796 1563 5855 nobis
1603 5813 1784 5855 sermo
1827 5807 1949 5869 est;
1980 5800 2282 5856 manifesta:

2375 4605 2457 4671 θῷ
2500 4603 2727 4658 δίδοται
2774 4604 2900 4670 τοῖς
2956 4604 3287 4674 ἀνθρώποις
3310 4622 3324 4635 '
3377 4603 3606 4674 δρῶμεν
3653 4606 3799 4677 γοῦν
3852 4607 3944 4660 ἐπὶ

2375 4697 2624 4751 πολλῶν
2659 4697 2740 4762 ὡς
2793 4695 3087 4761 πολλάκις
3126 4697 3441 4765 συμϐαίνει
3485 4696 3727 4766 μᾶλλον
3776 4713 3945 4752 κατα-

2376 4789 2620 4859 φρονεῖν
2643 4788 2763 4843 τῶν
2790 4787 3269 4860 γινωσκομένων,
3300 4788 3455 4859 ἤπερ
3483 4788 3600 4842 τῶν
3626 4791 3942 4860 ἀγνοουμέ-⁹

2375 4899 2515 4936 νων.
2548 4883 2786 4947 Ἄλλως
2822 4898 2885 4934 τε
2925 4882 3022 4934 καὶ
3070 4879 3138 4933 τὸ
3181 4881 3423 4949 ἀγνοεῖν
3450 4882 3557 4934 τὸν
3595 4881 3785 4947 ὄντως
3810 4882 3959 4935 ὄνταί

2379 4973 2527 5026 Θεὸν
2553 4974 2664 5027 οὐκ
2687 4973 2758 5026 ἐκ
2781 4990 2944 5039 τινος
2966 4971 3181 5036 ἄλλου,
3205 4974 3340 5026 ἀλλ’
3369 4972 3437 5025 ἐκ
3464 4971 3574 5040 τῆς
3600 4973 3821 5038 οἰκείας
3839 4974 3942 5039 λή-

2377 5068 2487 5131 θης
2519 5066 2557 5133 ὴ
2582 5063 2754 5134 ψυχὴ
2787 5063 3041 5134 πάσχει·
3069 5065 3448 5133 παραγίνεται
3477 5062 3546 5116 δὲ
3574 5064 3674 5116 καὶ
3714 5065 3840 5129 ταῖς
3862 5065 3946 5118 ἑν-

2377 5156 2567 5212 ταῦθα
2592 5155 2820 5225 ψυχαῖς
2859 5153 3084 5225 γνῶσις
3106 5156 3210 5209 τοῦ
3239 5156 3416 5210 Θεοῦ⁸
3445 5155 3649 5224 ὥσπερ
3672 5152 3788 5211 οὖν
3812 5156 3947 5225 όρῶ-

2374 5265 2488 5316 μεν
2536 5248 2634 5301 καὶ
2685 5247 2946 5303 ἐνταῦθα
2992 5246 3342 5315 ἀνθρώπους
3394 5248 3798 5318 γινώσκοντας
3848 5247 3946 5301 τὸν

2381 5341 2546 5394 Θεόν.
2588 5342 2656 5393 El
2693 5339 2760 5393 δέ
2804 5357 2893 5405 τις
2925 5340 3119 5393 ἐθέλοι
3167 5338 3233 5392 τὸ
3276 5338 3501 5406 ἀληθὲς
3540 5339 3766 5408 λέγειν,
3813 5339 3946 5393 οὐδέ

2377 5432 2547 5485 ἐστιν
2574 5431 2729 5498 ὅλως
2779 5432 2990 5501 ἄγνοια
3033 5432 3163 5498 περὶ
3192 5431 3296 5484 τοῦ
3329 5431 3496 5484 Θεοῦ.
3543 5429 3775 5496 Πάντες
3803 5431 3903 5498 γὰρ
3927 5471 3945 5492 ,

2379 5524 2468 5577 ὅτι
2509 5525 2637 5576 ἐστι
2666 5523 2808 5589 Θεὸς
2828 5564 2842 5587 ,
2889 5523 3251 5592 ὁμολογοῦσι
3279 5522 3452 5590 κοινῇ
3480 5524 3706 5589 ἐννοίᾳ.
3741 5524 3854 5576 Ὅτι
3880 5523 3946 5576 δέ

2380 5617 2477 5668 καὶ
2516 5615 2775 5668 ἐνταῦθα
2815 5615 2985 5680 ὄντες
3023 5614 3308 5667 δύνανται
3352 5617 3404 5667 οί
3445 5615 3741 5682 ἄνθρωποι
3783 5633 3943 5683 γινωο

2381 5723 2554 5759 σχειν
2581 5707 2686 5760 τὸν
2715 5705 2882 5768 Θεὸν,
2913 5706 3008 5758 καὶ
3041 5707 3077 5772 ὴ
3105 5704 3220 5758 τῶν
3248 5705 3584 5772 ὁρθοδόξων
3611 5705 3813 5772 πίστις
3839 5723 3946 5759 σιτ-

2383 5798 2506 5869 ίεῶς
2529 5799 2724 5869 malai,
2749 5798 3013 5868 λέγουσα
3043 5797 3148 5852 τὸν
3176 5798 3322 5853 Θεὸν
3343 5797 3530 5854 αὑτὸν
3550 5798 3947 5869 scandala“-
