  <div class='ocr_page' id='page_1' title='image "/cluster/home/n/w/nwhite01/storage/ocr_20150623/6/pst.000005711826/720.png"; bbox 0 0 4146 6456; ppageno 0'>
   <div class='ocr_carea' id='block_1_1' title="bbox 200 400 344 456">
    <p class='ocr_par' dir='ltr' id='par_1_1' title="bbox 200 400 344 456">
     <span class='ocr_line' id='line_1_1' title="bbox 200 400 344 456; baseline 0.007 -1"><span class='ocrx_word' id='word_1_1' title='bbox 200 400 344 456; x_wconf 71' lang='grc'><strong>1409</strong></span> 
     </span>
    </p>
   </div>
   <div class='ocr_carea' id='block_1_2' title="bbox 1117 403 2524 471">
    <p class='ocr_par' dir='ltr' id='par_1_2' title="bbox 1117 403 2524 471">
     <span class='ocr_line' id='line_1_2' title="bbox 1117 403 2524 471; baseline 0.006 -13"><span class='ocrx_word' id='word_1_2' title='bbox 1117 403 1581 471; x_wconf 70' lang='lat' dir='ltr'><strong>QUAESTIONES</strong></span> <span class='ocrx_word' id='word_1_3' title='bbox 1607 405 2052 463; x_wconf 66' lang='lat' dir='ltr'><strong>CHIHSTIANIE</strong></span> <span class='ocrx_word' id='word_1_4' title='bbox 2087 407 2179 461; x_wconf 82' lang='lat' dir='ltr'><strong>AD</strong></span> <span class='ocrx_word' id='word_1_5' title='bbox 2205 407 2524 466; x_wconf 70' lang='lat' dir='ltr'><strong>GRECOS.</strong></span> 
     </span>
    </p>
   </div>
   <div class='ocr_carea' id='block_1_3' title="bbox 3313 427 3454 484">
    <p class='ocr_par' dir='ltr' id='par_1_3' title="bbox 3313 427 3454 484">
     <span class='ocr_line' id='line_1_3' title="bbox 3313 427 3454 484; baseline 0.028 -4"><span class='ocrx_word' id='word_1_6' title='bbox 3313 427 3454 484; x_wconf 74' lang='grc' dir='ltr'><strong>14ίο</strong></span> 
     </span>
    </p>
   </div>
   <div class='ocr_carea' id='block_1_4' title="bbox 195 514 1775 607">
    <p class='ocr_par' dir='ltr' id='par_1_4' title="bbox 195 514 1775 587">
     <span class='ocr_line' id='line_1_4' title="bbox 195 514 1775 587; baseline 0.003 -21"><span class='ocrx_word' id='word_1_7' title='bbox 195 530 303 568; x_wconf 76' lang='grc' dir='ltr'>ναι</span> <span class='ocrx_word' id='word_1_8' title='bbox 326 557 340 581; x_wconf 87' lang='grc'><strong>,</strong></span> <span class='ocrx_word' id='word_1_9' title='bbox 367 517 465 570; x_wconf 81' lang='grc' dir='ltr'>καὶ</span> <span class='ocrx_word' id='word_1_10' title='bbox 495 514 785 587; x_wconf 78' lang='grc' dir='ltr'><strong>ἐγνῶσθαι</strong></span> <span class='ocrx_word' id='word_1_11' title='bbox 819 516 942 584; x_wconf 80' lang='grc' dir='ltr'>τοῖς</span> <span class='ocrx_word' id='word_1_12' title='bbox 969 518 1318 585; x_wconf 78' lang='grc' dir='ltr'>ἀνθρώποις.</span> <span class='ocrx_word' id='word_1_13' title='bbox 1359 514 1526 573; x_wconf 81' lang='grc' dir='ltr'>Εἶπεν</span> <span class='ocrx_word' id='word_1_14' title='bbox 1569 522 1648 572; x_wconf 78' lang='grc' dir='ltr'><strong>ὅτι</strong></span> <span class='ocrx_word' id='word_1_15' title='bbox 1690 521 1775 571; x_wconf 79' lang='grc' dir='ltr'><strong>ἐπ’</strong></span> 
     </span>
    </p>
   </div>
   <div class='ocr_carea' id='block_1_5' title="bbox 1872 514 3458 607">
    <p class='ocr_par' dir='ltr' id='par_1_5' title="bbox 1882 521 3458 607">
     <span class='ocr_line' id='line_1_5' title="bbox 1882 521 3458 607; baseline 0.015 -34"><span class='ocrx_word' id='word_1_16' title='bbox 1882 521 2241 576; x_wconf 87' lang='lat' dir='ltr'><strong>absurditatis</strong></span> <span class='ocrx_word' id='word_1_17' title='bbox 2270 533 2357 577; x_wconf 91' lang='lat' dir='ltr'><strong>est</strong></span> <span class='ocrx_word' id='word_1_18' title='bbox 2385 537 2634 579; x_wconf 91' lang='lat' dir='ltr'><strong>asserere</strong></span> <span class='ocrx_word' id='word_1_19' title='bbox 2661 525 3057 597; x_wconf 76' lang='lat' dir='ltr'><strong>ignorationem</strong></span> <span class='ocrx_word' id='word_1_20' title='bbox 3082 533 3174 590; x_wconf 87' lang='lat' dir='ltr'><strong>Dei</strong></span> <span class='ocrx_word' id='word_1_21' title='bbox 3204 537 3458 607; x_wconf 87' lang='lat' dir='ltr'><strong>ignoran-</strong></span> 
     </span>
    </p>
   </div>
   <div class='ocr_carea' id='block_1_6' title="bbox 196 606 1774 679">
    <p class='ocr_par' dir='ltr' id='par_1_6' title="bbox 196 606 1774 679">
     <span class='ocr_line' id='line_1_6' title="bbox 196 606 1774 679; baseline 0.001 -21"><span class='ocrx_word' id='word_1_22' title='bbox 196 606 392 676; x_wconf 84' lang='grc' dir='ltr'>ἀγαθῷ</span> <span class='ocrx_word' id='word_1_23' title='bbox 411 608 616 661; x_wconf 79' lang='grc' dir='ltr'>δέδοται</span> <span class='ocrx_word' id='word_1_24' title='bbox 633 608 890 670; x_wconf 80' lang='grc' dir='ltr'><strong>πολλάκις</strong></span> <span class='ocrx_word' id='word_1_25' title='bbox 911 611 1022 670; x_wconf 87' lang='grc' dir='ltr'>τοῖς</span> <span class='ocrx_word' id='word_1_26' title='bbox 1045 607 1348 679; x_wconf 85' lang='grc' dir='ltr'>ἀνθρώποις</span> <span class='ocrx_word' id='word_1_27' title='bbox 1367 610 1400 679; x_wconf 71' lang='grc' dir='ltr'>ἡ</span> <span class='ocrx_word' id='word_1_28' title='bbox 1422 610 1636 676; x_wconf 78' lang='grc' dir='ltr'><strong>ἄγνοια·</strong></span> <span class='ocrx_word' id='word_1_29' title='bbox 1662 608 1774 662; x_wconf 81' lang='grc' dir='ltr'>ἀλλ’</span> 
     </span>
    </p>
   </div>
   <div class='ocr_carea' id='block_1_7' title="bbox 197 696 1778 772">
    <p class='ocr_par' dir='ltr' id='par_1_7' title="bbox 197 696 1778 772">
     <span class='ocr_line' id='line_1_7' title="bbox 197 696 1778 772; baseline 0.002 -23"><span class='ocrx_word' id='word_1_30' title='bbox 197 699 251 749; x_wconf 85' lang='grc' dir='ltr'><strong>εί</strong></span> <span class='ocrx_word' id='word_1_31' title='bbox 282 698 380 768; x_wconf 81' lang='grc' dir='ltr'>μὲν</span> <span class='ocrx_word' id='word_1_32' title='bbox 403 698 500 770; x_wconf 84' lang='grc' dir='ltr'>τὴν</span> <span class='ocrx_word' id='word_1_33' title='bbox 527 699 621 751; x_wconf 87' lang='grc' dir='ltr'><strong>τοῦ</strong></span> <span class='ocrx_word' id='word_1_34' title='bbox 649 699 781 752; x_wconf 87' lang='grc' dir='ltr'>Θεοῦ</span> <span class='ocrx_word' id='word_1_35' title='bbox 817 700 926 770; x_wconf 75' lang='grc'><strong>(52)</strong></span> <span class='ocrx_word' id='word_1_36' title='bbox 955 701 1102 767; x_wconf 75' lang='grc' dir='ltr'>λέγει</span> <span class='ocrx_word' id='word_1_37' title='bbox 1130 699 1350 767; x_wconf 83' lang='grc' dir='ltr'>ἄγνοιαν</span> <span class='ocrx_word' id='word_1_38' title='bbox 1383 701 1510 770; x_wconf 76' lang='grc' dir='ltr'>περὶ</span> <span class='ocrx_word' id='word_1_39' title='bbox 1541 696 1607 772; x_wconf 80' lang='grc' dir='ltr'>ἦς</span> <span class='ocrx_word' id='word_1_40' title='bbox 1634 702 1778 752; x_wconf 76' lang='grc' dir='ltr'>ἐστιν</span> 
     </span>
    </p>
   </div>
   <div class='ocr_carea' id='block_1_8' title="bbox 197 787 1778 862">
    <p class='ocr_par' dir='ltr' id='par_1_8' title="bbox 197 787 1778 862">
     <span class='ocr_line' id='line_1_8' title="bbox 197 787 1778 862; baseline 0.003 -25"><span class='ocrx_word' id='word_1_41' title='bbox 197 787 335 857; x_wconf 80' lang='grc' dir='ltr'>ἡμῖν</span> <span class='ocrx_word' id='word_1_42' title='bbox 373 788 401 838; x_wconf 98' lang='lat'><strong>6</strong></span> <span class='ocrx_word' id='word_1_43' title='bbox 441 787 596 856; x_wconf 93' lang='grc' dir='ltr'>λόγος</span> <span class='ocrx_word' id='word_1_44' title='bbox 619 828 633 853; x_wconf 93' lang='grc'><strong>,</strong></span> <span class='ocrx_word' id='word_1_45' title='bbox 667 790 948 860; x_wconf 85' lang='grc' dir='ltr'><strong>προδήλως</strong></span> <span class='ocrx_word' id='word_1_46' title='bbox 990 791 1188 843; x_wconf 83' lang='grc' dir='ltr'>ἄτοπον</span> <span class='ocrx_word' id='word_1_47' title='bbox 1217 790 1278 842; x_wconf 88' lang='grc' dir='ltr'><strong>τὸ</strong></span> <span class='ocrx_word' id='word_1_48' title='bbox 1305 791 1404 862; x_wconf 82' lang='grc' dir='ltr'>τὴν</span> <span class='ocrx_word' id='word_1_49' title='bbox 1431 791 1652 860; x_wconf 78' lang='grc' dir='ltr'>ἄγνοιαν</span> <span class='ocrx_word' id='word_1_50' title='bbox 1683 791 1778 843; x_wconf 91' lang='grc' dir='ltr'><strong>τοῦ</strong></span> 
     </span>
    </p>
   </div>
   <div class='ocr_carea' id='block_1_9' title="bbox 196 878 1778 957">
    <p class='ocr_par' dir='ltr' id='par_1_9' title="bbox 196 878 1778 957">
     <span class='ocr_line' id='line_1_9' title="bbox 196 878 1778 957; baseline 0.004 -26"><span class='ocrx_word' id='word_1_51' title='bbox 196 878 338 932; x_wconf 86' lang='grc' dir='ltr'>Θεοῦ</span> <span class='ocrx_word' id='word_1_52' title='bbox 371 881 547 948; x_wconf 90' lang='grc' dir='ltr'>λέγειν</span> <span class='ocrx_word' id='word_1_53' title='bbox 577 882 662 932; x_wconf 76' lang='grc' dir='ltr'><strong>ἐπ’</strong></span> <span class='ocrx_word' id='word_1_54' title='bbox 689 883 883 952; x_wconf 83' lang='grc' dir='ltr'>ἀγαθῷ</span> <span class='ocrx_word' id='word_1_55' title='bbox 905 883 1138 937; x_wconf 83' lang='grc' dir='ltr'><strong>δίδοσθαι</strong></span> <span class='ocrx_word' id='word_1_56' title='bbox 1167 886 1279 947; x_wconf 90' lang='grc' dir='ltr'>τοῖς</span> <span class='ocrx_word' id='word_1_57' title='bbox 1298 887 1570 954; x_wconf 83' lang='grc' dir='ltr'>ἀγνοοῦσι.</span> <span class='ocrx_word' id='word_1_58' title='bbox 1591 886 1778 957; x_wconf 84' lang='grc' dir='ltr'>Τούτῳ</span> 
     </span>
    </p>
   </div>
   <div class='ocr_carea' id='block_1_10' title="bbox 196 971 1821 1048">
    <p class='ocr_par' dir='ltr' id='par_1_10' title="bbox 196 971 1821 1048">
     <span class='ocr_line' id='line_1_10' title="bbox 196 971 1821 1048; baseline 0.004 -24"><span class='ocrx_word' id='word_1_59' title='bbox 196 971 310 1043; x_wconf 76' lang='grc' dir='ltr'><strong>γὰρ</strong></span> <span class='ocrx_word' id='word_1_60' title='bbox 337 972 412 1042; x_wconf 77' lang='grc' dir='ltr'>τῷ</span> <span class='ocrx_word' id='word_1_61' title='bbox 433 973 573 1042; x_wconf 87' lang='grc' dir='ltr'>λόγῳ</span> <span class='ocrx_word' id='word_1_62' title='bbox 598 973 808 1027; x_wconf 76' lang='grc' dir='ltr'>ἔσονται</span> <span class='ocrx_word' id='word_1_63' title='bbox 832 978 1000 1028; x_wconf 82' lang='grc' dir='ltr'>πᾶσαι</span> <span class='ocrx_word' id='word_1_64' title='bbox 1025 979 1080 1030; x_wconf 82' lang='grc' dir='ltr'>αἱ</span> <span class='ocrx_word' id='word_1_65' title='bbox 1104 977 1387 1048; x_wconf 82' lang='grc' dir='ltr'>θρησκεῖαι</span> <span class='ocrx_word' id='word_1_66' title='bbox 1411 980 1465 1032; x_wconf 91' lang='grc' dir='ltr'>αἱ</span> <span class='ocrx_word' id='word_1_67' title='bbox 1487 978 1776 1046; x_wconf 76' lang='grc' dir='ltr'><strong>ἀγνοοῦσαι</strong></span> <span class='ocrx_word' id='word_1_68' title='bbox 1810 1001 1821 1024; x_wconf 82' lang='grc' dir='ltr'><strong>ι</strong></span> 
     </span>
    </p>
   </div>
   <div class='ocr_carea' id='block_1_11' title="bbox 194 1063 1776 1140">
    <p class='ocr_par' dir='ltr' id='par_1_11' title="bbox 194 1063 1776 1140">
     <span class='ocr_line' id='line_1_11' title="bbox 194 1063 1776 1140; baseline 0.004 -24"><span class='ocrx_word' id='word_1_69' title='bbox 194 1064 290 1116; x_wconf 82' lang='grc' dir='ltr'><strong>τὸν</strong></span> <span class='ocrx_word' id='word_1_70' title='bbox 318 1063 470 1126; x_wconf 85' lang='grc' dir='ltr'><strong>Θεὸν,</strong></span> <span class='ocrx_word' id='word_1_71' title='bbox 494 1065 579 1116; x_wconf 79' lang='grc' dir='ltr'>ἐπ’</span> <span class='ocrx_word' id='word_1_72' title='bbox 601 1066 790 1136; x_wconf 83' lang='grc' dir='ltr'>ἀγαθῷ</span> <span class='ocrx_word' id='word_1_73' title='bbox 819 1067 1023 1121; x_wconf 81' lang='grc' dir='ltr'>ἑαυτῶν</span> <span class='ocrx_word' id='word_1_74' title='bbox 1048 1068 1336 1136; x_wconf 77' lang='grc' dir='ltr'>ἀγνοοῦσαι</span> <span class='ocrx_word' id='word_1_75' title='bbox 1363 1071 1454 1122; x_wconf 89' lang='grc' dir='ltr'><strong>τὸν</strong></span> <span class='ocrx_word' id='word_1_76' title='bbox 1486 1070 1633 1122; x_wconf 89' lang='grc' dir='ltr'>Θεόν·</span> <span class='ocrx_word' id='word_1_77' title='bbox 1663 1073 1695 1140; x_wconf 83' lang='grc' dir='ltr'>ἡ</span> <span class='ocrx_word' id='word_1_78' title='bbox 1720 1071 1776 1123; x_wconf 80' lang='grc' dir='ltr'>δὲ</span> 
     </span>
    </p>
   </div>
   <div class='ocr_carea' id='block_1_12' title="bbox 193 1154 1776 1233">
    <p class='ocr_par' dir='ltr' id='par_1_12' title="bbox 193 1154 1776 1233">
     <span class='ocr_line' id='line_1_12' title="bbox 193 1154 1776 1233; baseline 0.004 -25"><span class='ocrx_word' id='word_1_79' title='bbox 193 1155 291 1208; x_wconf 84' lang='grc' dir='ltr'><strong>τὸν</strong></span> <span class='ocrx_word' id='word_1_80' title='bbox 339 1154 472 1208; x_wconf 88' lang='grc' dir='ltr'>Θεὸν</span> <span class='ocrx_word' id='word_1_81' title='bbox 515 1157 857 1225; x_wconf 88' lang='grc' dir='ltr'>γινώσκουσα</span> <span class='ocrx_word' id='word_1_82' title='bbox 883 1160 1146 1230; x_wconf 82' lang='grc' dir='ltr'>θρησκεία</span> <span class='ocrx_word' id='word_1_83' title='bbox 1178 1162 1280 1214; x_wconf 80' lang='grc' dir='ltr'><strong>οὐκ</strong></span> <span class='ocrx_word' id='word_1_84' title='bbox 1308 1164 1395 1214; x_wconf 78' lang='grc' dir='ltr'><strong>ἐπ’</strong></span> <span class='ocrx_word' id='word_1_85' title='bbox 1428 1161 1616 1233; x_wconf 83' lang='grc' dir='ltr'>ἀγαθῷ</span> <span class='ocrx_word' id='word_1_86' title='bbox 1651 1164 1776 1214; x_wconf 84' lang='grc' dir='ltr'>ἑαυ-</span> 
     </span>
    </p>
   </div>
   <div class='ocr_carea' id='block_1_13' title="bbox 193 1245 1775 1325">
    <p class='ocr_par' dir='ltr' id='par_1_13' title="bbox 193 1245 1775 1325">
     <span class='ocr_line' id='line_1_13' title="bbox 193 1245 1775 1325; baseline 0.006 -29"><span class='ocrx_word' id='word_1_87' title='bbox 193 1245 314 1316; x_wconf 83' lang='grc' dir='ltr'><strong>τῆς.</strong></span> <span class='ocrx_word' id='word_1_88' title='bbox 348 1247 409 1299; x_wconf 77' lang='lat' dir='ltr'><strong>Ei</strong></span> <span class='ocrx_word' id='word_1_89' title='bbox 436 1247 491 1299; x_wconf 82' lang='grc' dir='ltr'>δὲ</span> <span class='ocrx_word' id='word_1_90' title='bbox 520 1249 710 1319; x_wconf 81' lang='grc' dir='ltr'><strong>ἑτέραν</strong></span> <span class='ocrx_word' id='word_1_91' title='bbox 729 1249 877 1318; x_wconf 78' lang='grc' dir='ltr'>λέγει</span> <span class='ocrx_word' id='word_1_92' title='bbox 908 1250 1133 1319; x_wconf 80' lang='grc' dir='ltr'>ἄγνοιαν</span> <span class='ocrx_word' id='word_1_93' title='bbox 1164 1255 1291 1322; x_wconf 75' lang='grc' dir='ltr'>περὶ</span> <span class='ocrx_word' id='word_1_94' title='bbox 1323 1248 1391 1325; x_wconf 85' lang='grc' dir='ltr'>ἦς</span> <span class='ocrx_word' id='word_1_95' title='bbox 1408 1255 1470 1306; x_wconf 80' lang='grc' dir='ltr'><strong>οὐ</strong></span> <span class='ocrx_word' id='word_1_96' title='bbox 1493 1255 1775 1324; x_wconf 81' lang='grc' dir='ltr'>προέκειτο</span> 
     </span>
    </p>
   </div>
   <div class='ocr_carea' id='block_1_14' title="bbox 192 1337 1773 1417">
    <p class='ocr_par' dir='ltr' id='par_1_14' title="bbox 192 1337 1773 1417">
     <span class='ocr_line' id='line_1_14' title="bbox 192 1337 1773 1417; baseline 0.006 -29"><span class='ocrx_word' id='word_1_97' title='bbox 192 1338 330 1407; x_wconf 82' lang='grc' dir='ltr'>ἡμῖν</span> <span class='ocrx_word' id='word_1_98' title='bbox 354 1337 530 1406; x_wconf 90' lang='grc' dir='ltr'>λέγειν</span> <span class='ocrx_word' id='word_1_99' title='bbox 551 1379 566 1402; x_wconf 95' lang='grc'><strong>,</strong></span> <span class='ocrx_word' id='word_1_100' title='bbox 594 1340 818 1413; x_wconf 76' lang='grc' dir='ltr'>ἄκαιρος</span> <span class='ocrx_word' id='word_1_101' title='bbox 846 1345 879 1413; x_wconf 81' lang='grc' dir='ltr'>ἡ</span> <span class='ocrx_word' id='word_1_102' title='bbox 908 1344 1208 1415; x_wconf 85' lang='grc' dir='ltr'>παράθεσις</span> <span class='ocrx_word' id='word_1_103' title='bbox 1234 1345 1354 1398; x_wconf 62' lang='grc' dir='ltr'><strong>ἀντὶ¹</strong></span> <span class='ocrx_word' id='word_1_104' title='bbox 1385 1347 1483 1417; x_wconf 85' lang='grc' dir='ltr'>τῆς</span> <span class='ocrx_word' id='word_1_105' title='bbox 1510 1345 1773 1417; x_wconf 81' lang='grc' dir='ltr'>ζητουμέ-</span> 
     </span>
    </p>
   </div>
   <div class='ocr_carea' id='block_1_15' title="bbox 192 1430 1772 1507">
    <p class='ocr_par' dir='ltr' id='par_1_15' title="bbox 192 1430 1772 1507">
     <span class='ocr_line' id='line_1_15' title="bbox 192 1430 1772 1507; baseline 0.006 -26"><span class='ocrx_word' id='word_1_106' title='bbox 192 1445 295 1499; x_wconf 90' lang='grc' dir='ltr'><strong>νης</strong></span> <span class='ocrx_word' id='word_1_107' title='bbox 331 1430 552 1498; x_wconf 82' lang='grc' dir='ltr'>ἀγνοίας</span> <span class='ocrx_word' id='word_1_108' title='bbox 595 1433 695 1504; x_wconf 81' lang='grc' dir='ltr'>τὴν</span> <span class='ocrx_word' id='word_1_109' title='bbox 729 1433 803 1504; x_wconf 81' lang='grc' dir='ltr'>μὴ</span> <span class='ocrx_word' id='word_1_110' title='bbox 836 1433 1180 1507; x_wconf 77' lang='grc' dir='ltr'><strong>ζητουμένην</strong></span> <span class='ocrx_word' id='word_1_111' title='bbox 1211 1437 1425 1507; x_wconf 74' lang='grc' dir='ltr'>ἔχουσα.</span> <span class='ocrx_word' id='word_1_112' title='bbox 1463 1433 1662 1502; x_wconf 76' lang='grc' dir='ltr'>Εἶπεν,</span> <span class='ocrx_word' id='word_1_113' title='bbox 1691 1439 1772 1491; x_wconf 83' lang='grc' dir='ltr'>ὅτι</span> 
     </span>
    </p>
   </div>
   <div class='ocr_carea' id='block_1_16' title="bbox 194 1519 1773 1598">
    <p class='ocr_par' dir='ltr' id='par_1_16' title="bbox 194 1519 1773 1598">
     <span class='ocr_line' id='line_1_16' title="bbox 194 1519 1773 1598; baseline 0.009 -30"><span class='ocrx_word' id='word_1_114' title='bbox 194 1519 264 1570; x_wconf 83' lang='grc' dir='ltr'>ὲκ</span> <span class='ocrx_word' id='word_1_115' title='bbox 296 1520 394 1589; x_wconf 85' lang='grc' dir='ltr'>τῆς</span> <span class='ocrx_word' id='word_1_116' title='bbox 428 1521 633 1584; x_wconf 87' lang='grc' dir='ltr'>οίκείας</span> <span class='ocrx_word' id='word_1_117' title='bbox 673 1522 841 1594; x_wconf 84' lang='grc' dir='ltr'>λήθης</span> <span class='ocrx_word' id='word_1_118' title='bbox 872 1525 1071 1594; x_wconf 87' lang='grc' dir='ltr'>πάσχει</span> <span class='ocrx_word' id='word_1_119' title='bbox 1107 1528 1140 1596; x_wconf 78' lang='grc' dir='ltr'><strong>ἡ</strong></span> <span class='ocrx_word' id='word_1_120' title='bbox 1173 1527 1318 1598; x_wconf 79' lang='grc' dir='ltr'>ψυχὴ</span> <span class='ocrx_word' id='word_1_121' title='bbox 1348 1528 1412 1580; x_wconf 90' lang='grc' dir='ltr'><strong>τὸ</strong></span> <span class='ocrx_word' id='word_1_122' title='bbox 1438 1530 1650 1597; x_wconf 83' lang='grc' dir='ltr'>ἀγνοεῖν</span> <span class='ocrx_word' id='word_1_123' title='bbox 1683 1526 1773 1582; x_wconf 84' lang='grc' dir='ltr'><strong>τὸν</strong></span> 
     </span>
    </p>
   </div>
   <div class='ocr_carea' id='block_1_17' title="bbox 192 1605 1773 1691">
    <p class='ocr_par' dir='ltr' id='par_1_17' title="bbox 192 1605 1773 1691">
     <span class='ocr_line' id='line_1_17' title="bbox 192 1605 1773 1691; baseline 0.008 -31"><span class='ocrx_word' id='word_1_124' title='bbox 192 1609 328 1662; x_wconf 83' lang='grc' dir='ltr'>Θεόν</span> <span class='ocrx_word' id='word_1_125' title='bbox 347 1627 360 1640; x_wconf 83' lang='grc'><em>’</em></span> <span class='ocrx_word' id='word_1_126' title='bbox 382 1605 553 1676; x_wconf 83' lang='grc' dir='ltr'>εἶπεν,</span> <span class='ocrx_word' id='word_1_127' title='bbox 576 1613 657 1664; x_wconf 81' lang='grc' dir='ltr'><strong>ὅτι</strong></span> <span class='ocrx_word' id='word_1_128' title='bbox 677 1614 768 1666; x_wconf 74' lang='grc' dir='ltr'>καὶ</span> <span class='ocrx_word' id='word_1_129' title='bbox 793 1615 1025 1669; x_wconf 78' lang='grc' dir='ltr'>ἐνταῦθα</span> <span class='ocrx_word' id='word_1_130' title='bbox 1049 1618 1406 1688; x_wconf 81' lang='grc' dir='ltr'>παραγίνεται</span> <span class='ocrx_word' id='word_1_131' title='bbox 1434 1621 1552 1682; x_wconf 79' lang='grc' dir='ltr'>ταῖς</span> <span class='ocrx_word' id='word_1_132' title='bbox 1571 1620 1773 1691; x_wconf 78' lang='grc' dir='ltr'>ψυχαῖς</span> 
     </span>
    </p>
   </div>
   <div class='ocr_carea' id='block_1_18' title="bbox 193 1701 1774 1783">
    <p class='ocr_par' dir='ltr' id='par_1_18' title="bbox 193 1701 1774 1783">
     <span class='ocr_line' id='line_1_18' title="bbox 193 1701 1774 1783; baseline 0.008 -31"><span class='ocrx_word' id='word_1_133' title='bbox 193 1701 398 1768; x_wconf 82' lang='grc' dir='ltr'>γνῶσις</span> <span class='ocrx_word' id='word_1_134' title='bbox 427 1703 562 1756; x_wconf 84' lang='grc' dir='ltr'>Θεοῦ</span> <span class='ocrx_word' id='word_1_135' title='bbox 585 1721 596 1733; x_wconf 93' lang='grc'><strong>·</strong></span> <span class='ocrx_word' id='word_1_136' title='bbox 628 1701 809 1770; x_wconf 81' lang='grc' dir='ltr'>εἶπεν,</span> <span class='ocrx_word' id='word_1_137' title='bbox 857 1707 938 1760; x_wconf 84' lang='grc' dir='ltr'>ὅτι</span> <span class='ocrx_word' id='word_1_138' title='bbox 971 1709 1063 1761; x_wconf 78' lang='grc' dir='ltr'><strong>καὶ</strong></span> <span class='ocrx_word' id='word_1_139' title='bbox 1104 1709 1334 1762; x_wconf 80' lang='grc' dir='ltr'>ἐνταῦθα</span> <span class='ocrx_word' id='word_1_140' title='bbox 1365 1711 1578 1783; x_wconf 83' lang='grc' dir='ltr'>ὁρῶμεν</span> <span class='ocrx_word' id='word_1_141' title='bbox 1610 1712 1774 1780; x_wconf 86' lang='grc' dir='ltr'>γινώ-</span> 
     </span>
    </p>
   </div>
   <div class='ocr_carea' id='block_1_19' title="bbox 195 1791 1770 1872">
    <p class='ocr_par' dir='ltr' id='par_1_19' title="bbox 195 1791 1770 1872">
     <span class='ocr_line' id='line_1_19' title="bbox 195 1791 1770 1872; baseline 0.008 -28"><span class='ocrx_word' id='word_1_142' title='bbox 195 1808 427 1857; x_wconf 88' lang='grc' dir='ltr'>σκοντας</span> <span class='ocrx_word' id='word_1_143' title='bbox 459 1794 550 1847; x_wconf 89' lang='grc' dir='ltr'><strong>τὸν</strong></span> <span class='ocrx_word' id='word_1_144' title='bbox 583 1795 743 1847; x_wconf 85' lang='grc' dir='ltr'>Θεόν·</span> <span class='ocrx_word' id='word_1_145' title='bbox 786 1791 958 1860; x_wconf 82' lang='grc' dir='ltr'>εἶπεν,</span> <span class='ocrx_word' id='word_1_146' title='bbox 999 1800 1080 1851; x_wconf 84' lang='grc' dir='ltr'><strong>ὅτι</strong></span> <span class='ocrx_word' id='word_1_147' title='bbox 1129 1799 1354 1864; x_wconf 85' lang='grc' dir='ltr'>οὐδόλως</span> <span class='ocrx_word' id='word_1_148' title='bbox 1385 1803 1532 1855; x_wconf 77' lang='grc' dir='ltr'>ἐστὶν</span> <span class='ocrx_word' id='word_1_149' title='bbox 1579 1804 1770 1872; x_wconf 79' lang='grc' dir='ltr'>ἄγνοια</span> 
     </span>
    </p>
   </div>
   <div class='ocr_carea' id='block_1_20' title="bbox 1879 612 3457 702">
    <p class='ocr_par' dir='ltr' id='par_1_20' title="bbox 1879 612 3457 702">
     <span class='ocr_line' id='line_1_20' title="bbox 1879 612 3457 702; baseline 0.015 -38"><span class='ocrx_word' id='word_1_150' title='bbox 1879 612 2029 666; x_wconf 91' lang='lat' dir='ltr'><strong>tibus</strong></span> <span class='ocrx_word' id='word_1_151' title='bbox 2067 612 2123 666; x_wconf 91' lang='lat' dir='ltr'><strong>in</strong></span> <span class='ocrx_word' id='word_1_152' title='bbox 2165 614 2416 669; x_wconf 84' lang='lat' dir='ltr'><strong>beneﬁcii</strong></span> <span class='ocrx_word' id='word_1_153' title='bbox 2448 617 2572 672; x_wconf 88' lang='lat' dir='ltr'><strong>loco</strong></span> <span class='ocrx_word' id='word_1_154' title='bbox 2606 633 2730 674; x_wconf 87' lang='lat' dir='ltr'><strong>esse</strong></span> <span class='ocrx_word' id='word_1_155' title='bbox 2757 638 3100 682; x_wconf 85' lang='lat' dir='ltr'><strong>concessam.</strong></span> <span class='ocrx_word' id='word_1_156' title='bbox 3133 626 3248 684; x_wconf 83' lang='lat' dir='ltr'><strong>liae</strong></span> <span class='ocrx_word' id='word_1_157' title='bbox 3279 633 3457 702; x_wconf 80' lang='lat' dir='ltr'><strong>siqui-</strong></span> 
     </span>
    </p>
   </div>
   <div class='ocr_carea' id='block_1_21' title="bbox 1878 701 3456 787">
    <p class='ocr_par' dir='ltr' id='par_1_21' title="bbox 1878 701 3456 787">
     <span class='ocr_line' id='line_1_21' title="bbox 1878 701 3456 787; baseline 0.016 -33"><span class='ocrx_word' id='word_1_158' title='bbox 1878 701 2003 755; x_wconf 91' lang='lat' dir='ltr'><strong>dem</strong></span> <span class='ocrx_word' id='word_1_159' title='bbox 2033 703 2249 758; x_wconf 79' lang='lat' dir='ltr'><strong>ratione</strong></span> <span class='ocrx_word' id='word_1_160' title='bbox 2280 705 2574 775; x_wconf 79' lang='lat' dir='ltr'><strong>religiones</strong></span> <span class='ocrx_word' id='word_1_161' title='bbox 2605 724 2796 766; x_wconf 90' lang='lat' dir='ltr'><strong>omnes</strong></span> <span class='ocrx_word' id='word_1_162' title='bbox 2837 713 2930 770; x_wconf 90' lang='lat' dir='ltr'><strong>Dei</strong></span> <span class='ocrx_word' id='word_1_163' title='bbox 2977 719 3201 787; x_wconf 69' lang='lat' dir='ltr'><strong>ignarae,</strong></span> <span class='ocrx_word' id='word_1_164' title='bbox 3248 701 3456 782; x_wconf 78' lang='lat' dir='ltr'><strong>utiliter</strong></span> 
     </span>
    </p>
   </div>
   <div class='ocr_carea' id='block_1_22' title="bbox 1879 791 3450 884">
    <p class='ocr_par' dir='ltr' id='par_1_22' title="bbox 1879 791 3450 884">
     <span class='ocr_line' id='line_1_22' title="bbox 1879 791 3450 884; baseline 0.019 -40"><span class='ocrx_word' id='word_1_165' title='bbox 1879 791 2049 847; x_wconf 89' lang='lat' dir='ltr'><strong>Deum</strong></span> <span class='ocrx_word' id='word_1_166' title='bbox 2102 794 2510 866; x_wconf 78' lang='lat' dir='ltr'><strong>ignoraverint;</strong></span> <span class='ocrx_word' id='word_1_167' title='bbox 2566 810 2622 854; x_wconf 91' lang='lat' dir='ltr'><strong>at</strong></span> <span class='ocrx_word' id='word_1_168' title='bbox 2661 805 2852 874; x_wconf 89' lang='lat' dir='ltr'><strong>religio</strong></span> <span class='ocrx_word' id='word_1_169' title='bbox 2899 807 3070 863; x_wconf 90' lang='lat' dir='ltr'><strong>Deum</strong></span> <span class='ocrx_word' id='word_1_170' title='bbox 3119 828 3450 884; x_wconf 81' lang='lat' dir='ltr'><strong>agnoscens,</strong></span> 
     </span>
    </p>
   </div>
   <div class='ocr_carea' id='block_1_23' title="bbox 1877 888 3454 978">
    <p class='ocr_par' dir='ltr' id='par_1_23' title="bbox 1877 888 3454 978">
     <span class='ocr_line' id='line_1_23' title="bbox 1877 888 3454 978; baseline 0.017 -39"><span class='ocrx_word' id='word_1_171' title='bbox 1877 901 1990 940; x_wconf 91' lang='lat' dir='ltr'><strong>non</strong></span> <span class='ocrx_word' id='word_1_172' title='bbox 2021 888 2233 942; x_wconf 88' lang='lat' dir='ltr'><strong>utiliter</strong></span> <span class='ocrx_word' id='word_1_173' title='bbox 2271 890 2422 944; x_wconf 86' lang='lat' dir='ltr'><strong>illum</strong></span> <span class='ocrx_word' id='word_1_174' title='bbox 2460 894 2626 948; x_wconf 88' lang='lat' dir='ltr'><strong>norit.</strong></span> <span class='ocrx_word' id='word_1_175' title='bbox 2658 894 2753 950; x_wconf 92' lang='lat' dir='ltr'><strong>Sin</strong></span> <span class='ocrx_word' id='word_1_176' title='bbox 2801 899 2964 954; x_wconf 87' lang='lat' dir='ltr'><strong>aliam</strong></span> <span class='ocrx_word' id='word_1_177' title='bbox 3011 905 3144 958; x_wconf 86' lang='lat' dir='ltr'><strong>dicit</strong></span> <span class='ocrx_word' id='word_1_178' title='bbox 3192 909 3454 978; x_wconf 83' lang='lat' dir='ltr'><strong>ignoran-</strong></span> 
     </span>
    </p>
   </div>
   <div class='ocr_carea' id='block_1_24' title="bbox 1880 977 3448 1070">
    <p class='ocr_par' dir='ltr' id='par_1_24' title="bbox 1880 977 3448 1070">
     <span class='ocr_line' id='line_1_24' title="bbox 1880 977 3448 1070; baseline 0.02 -42"><span class='ocrx_word' id='word_1_179' title='bbox 1880 977 2010 1030; x_wconf 82' lang='lat' dir='ltr'><strong>tiam</strong></span> <span class='ocrx_word' id='word_1_180' title='bbox 2038 1016 2053 1042; x_wconf 94' lang='lat'><strong>,</strong></span> <span class='ocrx_word' id='word_1_181' title='bbox 2097 979 2165 1034; x_wconf 91' lang='lat' dir='ltr'><strong>de</strong></span> <span class='ocrx_word' id='word_1_182' title='bbox 2191 996 2298 1050; x_wconf 89' lang='lat' dir='ltr'><strong>qua</strong></span> <span class='ocrx_word' id='word_1_183' title='bbox 2345 986 2687 1054; x_wconf 88' lang='lat' dir='ltr'><strong>propositum</strong></span> <span class='ocrx_word' id='word_1_184' title='bbox 2729 991 2890 1046; x_wconf 90' lang='lat' dir='ltr'><strong>nobis</strong></span> <span class='ocrx_word' id='word_1_185' title='bbox 2929 1010 3041 1049; x_wconf 88' lang='lat' dir='ltr'><strong>non</strong></span> <span class='ocrx_word' id='word_1_186' title='bbox 3083 997 3186 1052; x_wconf 81' lang='lat' dir='ltr'><strong>fuit</strong></span> <span class='ocrx_word' id='word_1_187' title='bbox 3226 977 3448 1070; x_wconf 86' lang='lat' dir='ltr'><strong>dicere,</strong></span> 
     </span>
    </p>
   </div>
   <div class='ocr_carea' id='block_1_25' title="bbox 1875 1069 3452 1164">
    <p class='ocr_par' dir='ltr' id='par_1_25' title="bbox 1875 1069 3452 1164">
     <span class='ocr_line' id='line_1_25' title="bbox 1875 1069 3452 1164; baseline 0.019 -42"><span class='ocrx_word' id='word_1_188' title='bbox 1875 1069 2262 1140; x_wconf 88' lang='lat' dir='ltr'><strong>intempestiva</strong></span> <span class='ocrx_word' id='word_1_189' title='bbox 2295 1081 2380 1129; x_wconf 90' lang='lat' dir='ltr'><strong>est</strong></span> <span class='ocrx_word' id='word_1_190' title='bbox 2414 1080 2742 1146; x_wconf 80' lang='lat' dir='ltr'><strong>propositio,</strong></span> <span class='ocrx_word' id='word_1_191' title='bbox 2775 1098 2874 1152; x_wconf 92' lang='lat' dir='ltr'><strong>pro</strong></span> <span class='ocrx_word' id='word_1_192' title='bbox 2899 1089 3132 1156; x_wconf 58' lang='lat' dir='ltr'><strong>quaesita</strong></span> <span class='ocrx_word' id='word_1_193' title='bbox 3161 1108 3271 1147; x_wconf 90' lang='lat' dir='ltr'><strong>non</strong></span> <span class='ocrx_word' id='word_1_194' title='bbox 3302 1069 3452 1164; x_wconf 35' lang='lat' dir='ltr'><strong>quae?</strong></span> 
     </span>
    </p>
   </div>
   <div class='ocr_carea' id='block_1_26' title="bbox 1877 1161 3452 1253">
    <p class='ocr_par' dir='ltr' id='par_1_26' title="bbox 1877 1161 3452 1253">
     <span class='ocr_line' id='line_1_26' title="bbox 1877 1161 3452 1253; baseline 0.018 -39"><span class='ocrx_word' id='word_1_195' title='bbox 1877 1161 2036 1214; x_wconf 90' lang='lat' dir='ltr'><strong>sitam</strong></span> <span class='ocrx_word' id='word_1_196' title='bbox 2067 1162 2371 1220; x_wconf 90' lang='lat' dir='ltr'><strong>obtrudens</strong></span> <span class='ocrx_word' id='word_1_197' title='bbox 2395 1166 2779 1236; x_wconf 84' lang='lat' dir='ltr'><strong>ignorantiam.</strong></span> <span class='ocrx_word' id='word_1_198' title='bbox 2803 1175 2948 1231; x_wconf 86' lang='lat' dir='ltr'><strong>Dixit</strong></span> <span class='ocrx_word' id='word_1_199' title='bbox 2971 1196 3037 1234; x_wconf 88' lang='lat' dir='ltr'><strong>ex</strong></span> <span class='ocrx_word' id='word_1_200' title='bbox 3062 1187 3281 1253; x_wconf 80' lang='lat' dir='ltr'><strong>propria</strong></span> <span class='ocrx_word' id='word_1_201' title='bbox 3308 1161 3452 1241; x_wconf 78' lang='lat' dir='ltr'><strong>obli-</strong></span> 
     </span>
    </p>
   </div>
   <div class='ocr_carea' id='block_1_27' title="bbox 1874 1251 3451 1347">
    <p class='ocr_par' dir='ltr' id='par_1_27' title="bbox 1874 1251 3451 1347">
     <span class='ocr_line' id='line_1_27' title="bbox 1874 1251 3451 1347; baseline 0.019 -43"><span class='ocrx_word' id='word_1_202' title='bbox 1874 1251 2036 1307; x_wconf 85' lang='lat' dir='ltr'><strong>vione</strong></span> <span class='ocrx_word' id='word_1_203' title='bbox 2057 1255 2296 1310; x_wconf 87' lang='lat' dir='ltr'><strong>animam</strong></span> <span class='ocrx_word' id='word_1_204' title='bbox 2319 1259 2429 1326; x_wconf 90' lang='lat' dir='ltr'><strong>pati</strong></span> <span class='ocrx_word' id='word_1_205' title='bbox 2455 1260 2846 1330; x_wconf 86' lang='lat' dir='ltr'><strong>ignorationem</strong></span> <span class='ocrx_word' id='word_1_206' title='bbox 2880 1267 2994 1324; x_wconf 91' lang='lat' dir='ltr'><strong>Dei.</strong></span> <span class='ocrx_word' id='word_1_207' title='bbox 3027 1251 3180 1326; x_wconf 72' lang='lat' dir='ltr'><strong>Dixit</strong></span> <span class='ocrx_word' id='word_1_208' title='bbox 3198 1275 3288 1330; x_wconf 88' lang='lat' dir='ltr'><strong>hic</strong></span> <span class='ocrx_word' id='word_1_209' title='bbox 3311 1294 3451 1347; x_wconf 88' lang='lat' dir='ltr'><strong>quo-</strong></span> 
     </span>
    </p>
   </div>
   <div class='ocr_carea' id='block_1_28' title="bbox 1873 1349 3451 1427">
    <p class='ocr_par' dir='ltr' id='par_1_28' title="bbox 1873 1349 3451 1427">
     <span class='ocr_line' id='line_1_28' title="bbox 1873 1349 3451 1427; baseline 0.02 -31"><span class='ocrx_word' id='word_1_210' title='bbox 1873 1359 1981 1412; x_wconf 89' lang='lat' dir='ltr'><strong>que</strong></span> <span class='ocrx_word' id='word_1_211' title='bbox 2033 1349 2254 1403; x_wconf 83' lang='lat' dir='ltr'><strong>evenire</strong></span> <span class='ocrx_word' id='word_1_212' title='bbox 2295 1350 2497 1408; x_wconf 91' lang='lat' dir='ltr'><strong>animis</strong></span> <span class='ocrx_word' id='word_1_213' title='bbox 2544 1355 2910 1425; x_wconf 85' lang='lat' dir='ltr'><strong>cognitionem</strong></span> <span class='ocrx_word' id='word_1_214' title='bbox 2974 1361 3068 1418; x_wconf 90' lang='lat' dir='ltr'><strong>Dei</strong></span> <span class='ocrx_word' id='word_1_215' title='bbox 3112 1384 3126 1419; x_wconf 91' lang='lat'>:</span> <span class='ocrx_word' id='word_1_216' title='bbox 3177 1367 3318 1423; x_wconf 80' lang='lat' dir='ltr'><strong>dixit</strong></span> <span class='ocrx_word' id='word_1_217' title='bbox 3361 1372 3451 1427; x_wconf 87' lang='lat' dir='ltr'><strong>hic</strong></span> 
     </span>
    </p>
   </div>
   <div class='ocr_carea' id='block_1_29' title="bbox 1873 1444 3451 1522">
    <p class='ocr_par' dir='ltr' id='par_1_29' title="bbox 1873 1444 3451 1522">
     <span class='ocr_line' id='line_1_29' title="bbox 1873 1444 3451 1522; baseline 0.018 -32"><span class='ocrx_word' id='word_1_218' title='bbox 1873 1452 2095 1508; x_wconf 89' lang='lat' dir='ltr'><strong>quoque</strong></span> <span class='ocrx_word' id='word_1_219' title='bbox 2133 1444 2381 1513; x_wconf 91' lang='lat' dir='ltr'><strong>conspici</strong></span> <span class='ocrx_word' id='word_1_220' title='bbox 2417 1447 2510 1515; x_wconf 91' lang='lat' dir='ltr'><strong>qui</strong></span> <span class='ocrx_word' id='word_1_221' title='bbox 2543 1447 2711 1504; x_wconf 89' lang='lat' dir='ltr'><strong>Deum</strong></span> <span class='ocrx_word' id='word_1_222' title='bbox 2739 1467 3098 1522; x_wconf 86' lang='lat' dir='ltr'><strong>cognoscant.</strong></span> <span class='ocrx_word' id='word_1_223' title='bbox 3129 1461 3275 1516; x_wconf 81' lang='lat' dir='ltr'><strong>Dixit</strong></span> <span class='ocrx_word' id='word_1_224' title='bbox 3315 1481 3451 1520; x_wconf 83' lang='lat' dir='ltr'><strong>nen-</strong></span> 
     </span>
    </p>
   </div>
   <div class='ocr_carea' id='block_1_30' title="bbox 1873 1529 3450 1626">
    <p class='ocr_par' dir='ltr' id='par_1_30' title="bbox 1873 1529 3450 1626">
     <span class='ocr_line' id='line_1_30' title="bbox 1873 1529 3450 1626; baseline 0.019 -45"><span class='ocrx_word' id='word_1_225' title='bbox 1873 1529 2081 1600; x_wconf 88' lang='lat' dir='ltr'><strong>tiquam</strong></span> <span class='ocrx_word' id='word_1_226' title='bbox 2123 1547 2249 1588; x_wconf 90' lang='lat' dir='ltr'><strong>esse</strong></span> <span class='ocrx_word' id='word_1_227' title='bbox 2288 1534 2689 1606; x_wconf 80' lang='lat' dir='ltr'><strong>ignorationem</strong></span> <span class='ocrx_word' id='word_1_228' title='bbox 2731 1542 2857 1611; x_wconf 88' lang='lat' dir='ltr'><strong>Dei;</strong></span> <span class='ocrx_word' id='word_1_229' title='bbox 2893 1549 3180 1608; x_wconf 88' lang='lat' dir='ltr'><strong>universos</strong></span> <span class='ocrx_word' id='word_1_230' title='bbox 3211 1570 3450 1626; x_wconf 86' lang='lat' dir='ltr'><strong>namque</strong></span> 
     </span>
    </p>
   </div>
   <div class='ocr_carea' id='block_1_31' title="bbox 1874 1620 3450 1717">
    <p class='ocr_par' dir='ltr' id='par_1_31' title="bbox 1874 1620 3450 1717">
     <span class='ocr_line' id='line_1_31' title="bbox 1874 1620 3450 1717; baseline 0.016 -40"><span class='ocrx_word' id='word_1_231' title='bbox 1874 1620 2043 1678; x_wconf 90' lang='lat' dir='ltr'><strong>Deum</strong></span> <span class='ocrx_word' id='word_1_232' title='bbox 2073 1641 2197 1682; x_wconf 88' lang='lat' dir='ltr'><strong>esse</strong></span> <span class='ocrx_word' id='word_1_233' title='bbox 2216 1631 2494 1686; x_wconf 87' lang='lat' dir='ltr'><strong>communi</strong></span> <span class='ocrx_word' id='word_1_234' title='bbox 2523 1632 2685 1690; x_wconf 84' lang='lat' dir='ltr'><strong>fateri</strong></span> <span class='ocrx_word' id='word_1_235' title='bbox 2706 1640 2998 1693; x_wconf 86' lang='lat' dir='ltr'><strong>sententia.</strong></span> <span class='ocrx_word' id='word_1_236' title='bbox 3019 1641 3168 1696; x_wconf 89' lang='lat' dir='ltr'><strong>Dixit</strong></span> <span class='ocrx_word' id='word_1_237' title='bbox 3197 1645 3283 1700; x_wconf 92' lang='lat' dir='ltr'><strong>hic</strong></span> <span class='ocrx_word' id='word_1_238' title='bbox 3308 1620 3450 1717; x_wconf 70' lang='lat' dir='ltr'><strong>quo-</strong></span> 
     </span>
    </p>
   </div>
   <div class='ocr_carea' id='block_1_32' title="bbox 1871 1716 3448 1806">
    <p class='ocr_par' dir='ltr' id='par_1_32' title="bbox 1871 1716 3448 1806">
     <span class='ocr_line' id='line_1_32' title="bbox 1871 1716 3448 1806; baseline 0.017 -38"><span class='ocrx_word' id='word_1_239' title='bbox 1871 1731 1979 1786; x_wconf 90' lang='lat' dir='ltr'><strong>que</strong></span> <span class='ocrx_word' id='word_1_240' title='bbox 2017 1716 2268 1775; x_wconf 88' lang='lat' dir='ltr'><strong>homines</strong></span> <span class='ocrx_word' id='word_1_241' title='bbox 2311 1737 2650 1792; x_wconf 87' lang='lat' dir='ltr'><strong>cognoscere</strong></span> <span class='ocrx_word' id='word_1_242' title='bbox 2697 1727 2868 1784; x_wconf 89' lang='lat' dir='ltr'><strong>Deum</strong></span> <span class='ocrx_word' id='word_1_243' title='bbox 2926 1746 3110 1801; x_wconf 85' lang='lat' dir='ltr'><strong>posse.</strong></span> <span class='ocrx_word' id='word_1_244' title='bbox 3147 1716 3340 1806; x_wconf 75' lang='lat' dir='ltr'><strong>Cujus</strong></span> <span class='ocrx_word' id='word_1_245' title='bbox 3367 1741 3448 1796; x_wconf 88' lang='lat' dir='ltr'><strong>rei</strong></span> 
     </span>
    </p>
   </div>
   <div class='ocr_carea' id='block_1_33' title="bbox 1871 1807 3448 1901">
    <p class='ocr_par' dir='ltr' id='par_1_33' title="bbox 1871 1807 3448 1901">
     <span class='ocr_line' id='line_1_33' title="bbox 1871 1807 3448 1901; baseline 0.019 -43"><span class='ocrx_word' id='word_1_246' title='bbox 1871 1807 2166 1901; x_wconf 71' lang='lat' dir='ltr'><strong>probanda:</strong></span> <span class='ocrx_word' id='word_1_247' title='bbox 2197 1825 2365 1869; x_wconf 85' lang='lat' dir='ltr'><strong>causa</strong></span> <span class='ocrx_word' id='word_1_248' title='bbox 2396 1816 2824 1875; x_wconf 89' lang='lat' dir='ltr'><strong>orthodoxorum</strong></span> <span class='ocrx_word' id='word_1_249' title='bbox 2855 1825 3083 1898; x_wconf 82' lang='lat' dir='ltr'><strong>protulit</strong></span> <span class='ocrx_word' id='word_1_250' title='bbox 3113 1826 3293 1894; x_wconf 80' lang='lat' dir='ltr'><strong>ﬁdem,</strong></span> <span class='ocrx_word' id='word_1_251' title='bbox 3325 1847 3448 1901; x_wconf 70' lang='lat' dir='ltr'><strong>qua:</strong></span> 
     </span>
    </p>
   </div>
   <div class='ocr_carea' id='block_1_34' title="bbox 193 1883 1775 1994">
    <p class='ocr_par' dir='ltr' id='par_1_34' title="bbox 193 1883 1769 1964">
     <span class='ocr_line' id='line_1_34' title="bbox 193 1883 1769 1964; baseline 0.007 -30"><span class='ocrx_word' id='word_1_252' title='bbox 193 1885 325 1954; x_wconf 73' lang='grc' dir='ltr'>περὶ</span> <span class='ocrx_word' id='word_1_253' title='bbox 349 1883 481 1936; x_wconf 86' lang='grc' dir='ltr'>Θεοῦ</span> <span class='ocrx_word' id='word_1_254' title='bbox 501 1901 513 1914; x_wconf 74' lang='grc' dir='ltr'><strong>ο</strong></span> <span class='ocrx_word' id='word_1_255' title='bbox 538 1885 738 1948; x_wconf 89' lang='grc' dir='ltr'>πάντες</span> <span class='ocrx_word' id='word_1_256' title='bbox 757 1886 884 1957; x_wconf 86' lang='grc' dir='ltr'>γὰρ,</span> <span class='ocrx_word' id='word_1_257' title='bbox 906 1889 987 1940; x_wconf 86' lang='grc' dir='ltr'>ὅτι</span> <span class='ocrx_word' id='word_1_258' title='bbox 1003 1889 1121 1941; x_wconf 78' lang='grc' dir='ltr'>ἐστὶ</span> <span class='ocrx_word' id='word_1_259' title='bbox 1144 1888 1274 1952; x_wconf 89' lang='grc' dir='ltr'>Θεὸς</span> <span class='ocrx_word' id='word_1_260' title='bbox 1287 1890 1769 1964; x_wconf 80' lang='grc' dir='ltr'>ὀμολογοῦσικοινῇ</span> 
     </span>
    </p>
   </div>
   <div class='ocr_carea' id='block_1_35' title="bbox 1872 1883 3448 1994">
    <p class='ocr_par' dir='ltr' id='par_1_35' title="bbox 1874 1883 3448 1994">
     <span class='ocr_line' id='line_1_35' title="bbox 1874 1883 3448 1994; baseline 0.019 -46"><span class='ocrx_word' id='word_1_261' title='bbox 1874 1895 2044 1967; x_wconf 84' lang='lat' dir='ltr'><strong>Deum</strong></span> <span class='ocrx_word' id='word_1_262' title='bbox 2077 1899 2254 1969; x_wconf 92' lang='lat' dir='ltr'><strong>ipsum</strong></span> <span class='ocrx_word' id='word_1_263' title='bbox 2284 1902 2656 1974; x_wconf 86' lang='lat' dir='ltr'><strong>descendisse,</strong></span> <span class='ocrx_word' id='word_1_264' title='bbox 2705 1919 2760 1964; x_wconf 91' lang='lat' dir='ltr'><strong>et</strong></span> <span class='ocrx_word' id='word_1_265' title='bbox 2814 1883 2884 1966; x_wconf 82' lang='lat' dir='ltr'><strong>ab</strong></span> <span class='ocrx_word' id='word_1_266' title='bbox 2913 1892 3229 1974; x_wconf 85' lang='lat' dir='ltr'><strong>hominibus</strong></span> <span class='ocrx_word' id='word_1_267' title='bbox 3255 1883 3448 1994; x_wconf 54' lang='lat' dir='ltr'><strong>cogn;-</strong></span> 
     </span>
    </p>
   </div>
   <div class='ocr_carea' id='block_1_36' title="bbox 193 1972 1773 2054">
    <p class='ocr_par' dir='ltr' id='par_1_36' title="bbox 193 1972 1773 2054">
     <span class='ocr_line' id='line_1_36' title="bbox 193 1972 1773 2054; baseline 0.008 -28"><span class='ocrx_word' id='word_1_268' title='bbox 193 1975 375 2046; x_wconf 72' lang='grc' dir='ltr'>ἐννοίᾳ</span> <span class='ocrx_word' id='word_1_269' title='bbox 397 1993 411 2005; x_wconf 89' lang='grc'><strong>·</strong></span> <span class='ocrx_word' id='word_1_270' title='bbox 441 1972 613 2041; x_wconf 76' lang='grc' dir='ltr'>εἶπεν,</span> <span class='ocrx_word' id='word_1_271' title='bbox 641 1979 722 2031; x_wconf 83' lang='grc' dir='ltr'>ὅτι</span> <span class='ocrx_word' id='word_1_272' title='bbox 749 1979 840 2032; x_wconf 73' lang='grc' dir='ltr'>καὶ</span> <span class='ocrx_word' id='word_1_273' title='bbox 875 1979 1106 2032; x_wconf 82' lang='grc' dir='ltr'>ἐνταῦθα</span> <span class='ocrx_word' id='word_1_274' title='bbox 1136 1980 1386 2034; x_wconf 82' lang='grc' dir='ltr'>δύνανται</span> <span class='ocrx_word' id='word_1_275' title='bbox 1425 1984 1475 2036; x_wconf 91' lang='grc' dir='ltr'>οἱ</span> <span class='ocrx_word' id='word_1_276' title='bbox 1500 1982 1773 2054; x_wconf 74' lang='grc' dir='ltr'>ἄνθρωποι</span> 
     </span>
    </p>
   </div>
   <div class='ocr_carea' id='block_1_37' title="bbox 193 2066 1774 2148">
    <p class='ocr_par' dir='ltr' id='par_1_37' title="bbox 193 2066 1774 2148">
     <span class='ocr_line' id='line_1_37' title="bbox 193 2066 1774 2148; baseline 0.006 -29"><span class='ocrx_word' id='word_1_277' title='bbox 193 2066 486 2135; x_wconf 73' lang='grc' dir='ltr'>γινώσκειν</span> <span class='ocrx_word' id='word_1_278' title='bbox 522 2069 616 2122; x_wconf 90' lang='grc' dir='ltr'><strong>τὸν</strong></span> <span class='ocrx_word' id='word_1_279' title='bbox 661 2069 793 2122; x_wconf 86' lang='grc' dir='ltr'>Θεόν</span> <span class='ocrx_word' id='word_1_280' title='bbox 812 2086 824 2098; x_wconf 96' lang='grc'><strong>·</strong></span> <span class='ocrx_word' id='word_1_281' title='bbox 860 2072 952 2122; x_wconf 81' lang='grc' dir='ltr'><strong>καὶ</strong></span> <span class='ocrx_word' id='word_1_282' title='bbox 977 2071 1166 2125; x_wconf 81' lang='grc' dir='ltr'>τούτου</span> <span class='ocrx_word' id='word_1_283' title='bbox 1196 2075 1276 2137; x_wconf 89' lang='grc' dir='ltr'>εἰς</span> <span class='ocrx_word' id='word_1_284' title='bbox 1306 2074 1577 2141; x_wconf 80' lang='grc' dir='ltr'>ἀπόδειξιν</span> <span class='ocrx_word' id='word_1_285' title='bbox 1604 2077 1774 2148; x_wconf 87' lang='grc' dir='ltr'>παρέ-</span> 
     </span>
    </p>
   </div>
   <div class='ocr_carea' id='block_1_38' title="bbox 194 2158 1772 2236">
    <p class='ocr_par' dir='ltr' id='par_1_38' title="bbox 194 2158 1772 2236">
     <span class='ocr_line' id='line_1_38' title="bbox 194 2158 1772 2236; baseline 0.006 -24"><span class='ocrx_word' id='word_1_286' title='bbox 194 2158 320 2213; x_wconf 88' lang='grc' dir='ltr'>θετο</span> <span class='ocrx_word' id='word_1_287' title='bbox 347 2161 444 2233; x_wconf 81' lang='grc' dir='ltr'>τὴν</span> <span class='ocrx_word' id='word_1_288' title='bbox 476 2161 655 2214; x_wconf 86' lang='grc' dir='ltr'>πίστιν</span> <span class='ocrx_word' id='word_1_289' title='bbox 689 2162 796 2216; x_wconf 85' lang='grc' dir='ltr'><strong>τῶν</strong></span> <span class='ocrx_word' id='word_1_290' title='bbox 833 2163 1126 2236; x_wconf 79' lang='grc' dir='ltr'>ὀρθοδόξων</span> <span class='ocrx_word' id='word_1_291' title='bbox 1167 2166 1430 2234; x_wconf 82' lang='grc' dir='ltr'>λέγουσαν</span> <span class='ocrx_word' id='word_1_292' title='bbox 1475 2168 1639 2221; x_wconf 81' lang='grc' dir='ltr'>αὑτὸν</span> <span class='ocrx_word' id='word_1_293' title='bbox 1679 2169 1772 2222; x_wconf 88' lang='grc' dir='ltr'><strong>τὸν</strong></span> 
     </span>
    </p>
   </div>
   <div class='ocr_carea' id='block_1_39' title="bbox 193 2250 1769 2329">
    <p class='ocr_par' dir='ltr' id='par_1_39' title="bbox 193 2250 1769 2329">
     <span class='ocr_line' id='line_1_39' title="bbox 193 2250 1769 2329; baseline 0.007 -26"><span class='ocrx_word' id='word_1_294' title='bbox 193 2250 328 2303; x_wconf 87' lang='grc' dir='ltr'>Θεὸν</span> <span class='ocrx_word' id='word_1_295' title='bbox 371 2251 786 2322; x_wconf 82' lang='grc' dir='ltr'>κατεληλυθέναι</span> <span class='ocrx_word' id='word_1_296' title='bbox 840 2256 931 2306; x_wconf 76' lang='grc' dir='ltr'><strong>καὶ</strong></span> <span class='ocrx_word' id='word_1_297' title='bbox 971 2253 1238 2323; x_wconf 82' lang='grc' dir='ltr'>ἐγνῶσθαι</span> <span class='ocrx_word' id='word_1_298' title='bbox 1283 2259 1396 2322; x_wconf 86' lang='grc' dir='ltr'>τοῖς</span> <span class='ocrx_word' id='word_1_299' title='bbox 1442 2257 1769 2329; x_wconf 85' lang='grc' dir='ltr'>ἀνθρώποις.</span> 
     </span>
    </p>
   </div>
   <div class='ocr_carea' id='block_1_40' title="bbox 209 2342 1770 2422">
    <p class='ocr_par' dir='ltr' id='par_1_40' title="bbox 209 2342 1770 2422">
     <span class='ocr_line' id='line_1_40' title="bbox 209 2342 1770 2422; baseline 0.006 -28"><span class='ocrx_word' id='word_1_300' title='bbox 209 2342 350 2394; x_wconf 85' lang='grc' dir='ltr'>Ἀλλ’</span> <span class='ocrx_word' id='word_1_301' title='bbox 387 2344 436 2395; x_wconf 87' lang='grc' dir='ltr'><strong>εί</strong></span> <span class='ocrx_word' id='word_1_302' title='bbox 480 2344 578 2414; x_wconf 78' lang='grc' dir='ltr'>μὲν</span> <span class='ocrx_word' id='word_1_303' title='bbox 619 2344 852 2414; x_wconf 79' lang='grc' dir='ltr'>ἀληθὲς,</span> <span class='ocrx_word' id='word_1_304' title='bbox 893 2347 1068 2418; x_wconf 80' lang='grc' dir='ltr'>ὅτιτῇ</span> <span class='ocrx_word' id='word_1_305' title='bbox 1111 2347 1288 2420; x_wconf 78' lang='grc' dir='ltr'>οίκείᾳ</span> <span class='ocrx_word' id='word_1_306' title='bbox 1325 2347 1464 2421; x_wconf 83' lang='grc' dir='ltr'>λήθῃ</span> <span class='ocrx_word' id='word_1_307' title='bbox 1493 2349 1692 2420; x_wconf 85' lang='grc' dir='ltr'>πάσχει</span> <span class='ocrx_word' id='word_1_308' title='bbox 1737 2353 1770 2422; x_wconf 84' lang='grc' dir='ltr'>ἠ</span> 
     </span>
    </p>
   </div>
   <div class='ocr_carea' id='block_1_41' title="bbox 194 2434 1772 2510">
    <p class='ocr_par' dir='ltr' id='par_1_41' title="bbox 194 2434 1772 2510">
     <span class='ocr_line' id='line_1_41' title="bbox 194 2434 1772 2510; baseline 0.003 -21"><span class='ocrx_word' id='word_1_309' title='bbox 194 2434 342 2506; x_wconf 78' lang='grc' dir='ltr'>ψυχὴ</span> <span class='ocrx_word' id='word_1_310' title='bbox 374 2434 436 2488; x_wconf 88' lang='grc' dir='ltr'><strong>τὸ</strong></span> <span class='ocrx_word' id='word_1_311' title='bbox 465 2438 678 2504; x_wconf 83' lang='grc' dir='ltr'>ἀγνοεῖν</span> <span class='ocrx_word' id='word_1_312' title='bbox 704 2437 796 2489; x_wconf 86' lang='grc' dir='ltr'><strong>τὸν</strong></span> <span class='ocrx_word' id='word_1_313' title='bbox 829 2437 980 2502; x_wconf 82' lang='grc' dir='ltr'>Θεὸν,</span> <span class='ocrx_word' id='word_1_314' title='bbox 1014 2437 1256 2510; x_wconf 86' lang='grc' dir='ltr'>δηλονότι</span> <span class='ocrx_word' id='word_1_315' title='bbox 1275 2439 1485 2508; x_wconf 80' lang='grc' dir='ltr'>ψευδὲς,</span> <span class='ocrx_word' id='word_1_316' title='bbox 1516 2441 1597 2504; x_wconf 89' lang='grc' dir='ltr'><strong>τὸ,</strong></span> <span class='ocrx_word' id='word_1_317' title='bbox 1630 2441 1772 2494; x_wconf 79' lang='grc' dir='ltr'>οὐδὲ</span> 
     </span>
    </p>
   </div>
   <div class='ocr_carea' id='block_1_42' title="bbox 194 2523 1772 2603">
    <p class='ocr_par' dir='ltr' id='par_1_42' title="bbox 194 2523 1772 2603">
     <span class='ocr_line' id='line_1_42' title="bbox 194 2523 1772 2603; baseline 0.005 -26"><span class='ocrx_word' id='word_1_318' title='bbox 194 2525 369 2580; x_wconf 79' lang='grc' dir='ltr'>ἐστιν</span> <span class='ocrx_word' id='word_1_319' title='bbox 399 2523 554 2593; x_wconf 75' lang='grc' dir='ltr'>ὅλως</span> <span class='ocrx_word' id='word_1_320' title='bbox 581 2528 786 2597; x_wconf 71' lang='grc' dir='ltr'>ἄγνοια</span> <span class='ocrx_word' id='word_1_321' title='bbox 810 2529 943 2596; x_wconf 79' lang='grc' dir='ltr'>περὶ</span> <span class='ocrx_word' id='word_1_322' title='bbox 968 2531 1115 2584; x_wconf 86' lang='grc' dir='ltr'>Θεοῦ</span> <span class='ocrx_word' id='word_1_323' title='bbox 1135 2547 1148 2559; x_wconf 72' lang='grc' dir='ltr'><strong>ο</strong></span> <span class='ocrx_word' id='word_1_324' title='bbox 1179 2531 1378 2593; x_wconf 85' lang='grc' dir='ltr'>πάντες</span> <span class='ocrx_word' id='word_1_325' title='bbox 1400 2532 1528 2603; x_wconf 85' lang='grc' dir='ltr'>γὰρ,</span> <span class='ocrx_word' id='word_1_326' title='bbox 1554 2533 1635 2585; x_wconf 85' lang='grc' dir='ltr'><strong>ὅτι</strong></span> <span class='ocrx_word' id='word_1_327' title='bbox 1657 2531 1772 2585; x_wconf 79' lang='grc' dir='ltr'>ἐστι</span> 
     </span>
    </p>
   </div>
   <div class='ocr_carea' id='block_1_43' title="bbox 195 2616 1770 2694">
    <p class='ocr_par' dir='ltr' id='par_1_43' title="bbox 195 2616 1770 2694">
     <span class='ocr_line' id='line_1_43' title="bbox 195 2616 1770 2694; baseline 0.005 -25"><span class='ocrx_word' id='word_1_328' title='bbox 195 2616 332 2679; x_wconf 87' lang='grc' dir='ltr'>Θεὸς</span> <span class='ocrx_word' id='word_1_329' title='bbox 350 2657 365 2679; x_wconf 95' lang='grc'><strong>,</strong></span> <span class='ocrx_word' id='word_1_330' title='bbox 391 2617 711 2687; x_wconf 85' lang='grc' dir='ltr'>ὁμολογοῦσι</span> <span class='ocrx_word' id='word_1_331' title='bbox 755 2623 905 2691; x_wconf 82' lang='grc' dir='ltr'>κοινῇ</span> <span class='ocrx_word' id='word_1_332' title='bbox 935 2621 1130 2693; x_wconf 75' lang='grc' dir='ltr'>ἐννοίᾳ.</span> <span class='ocrx_word' id='word_1_333' title='bbox 1163 2622 1257 2686; x_wconf 91' lang='grc' dir='ltr'><strong>Τίς</strong></span> <span class='ocrx_word' id='word_1_334' title='bbox 1285 2621 1343 2675; x_wconf 87' lang='grc' dir='ltr'>δὲ</span> <span class='ocrx_word' id='word_1_335' title='bbox 1380 2617 1448 2693; x_wconf 80' lang='grc' dir='ltr'>ἦν</span> <span class='ocrx_word' id='word_1_336' title='bbox 1478 2624 1636 2694; x_wconf 87' lang='grc' dir='ltr'>χρεία</span> <span class='ocrx_word' id='word_1_337' title='bbox 1675 2625 1770 2678; x_wconf 91' lang='grc' dir='ltr'><strong>τοῦ</strong></span> 
     </span>
    </p>
   </div>
   <div class='ocr_carea' id='block_1_44' title="bbox 195 2709 1768 2784">
    <p class='ocr_par' dir='ltr' id='par_1_44' title="bbox 195 2709 1768 2784">
     <span class='ocr_line' id='line_1_44' title="bbox 195 2709 1768 2784; baseline 0.005 -23"><span class='ocrx_word' id='word_1_338' title='bbox 195 2709 605 2780; x_wconf 80' lang='grc' dir='ltr'>παραγενέσθαι</span> <span class='ocrx_word' id='word_1_339' title='bbox 628 2714 749 2774; x_wconf 90' lang='grc' dir='ltr'>ταῖς</span> <span class='ocrx_word' id='word_1_340' title='bbox 778 2713 1006 2766; x_wconf 79' lang='grc' dir='ltr'>ἐνταῦθα</span> <span class='ocrx_word' id='word_1_341' title='bbox 1033 2714 1230 2784; x_wconf 78' lang='grc' dir='ltr'>ψυχαῖς</span> <span class='ocrx_word' id='word_1_342' title='bbox 1255 2714 1457 2783; x_wconf 86' lang='grc' dir='ltr'>γνῶσιν</span> <span class='ocrx_word' id='word_1_343' title='bbox 1488 2715 1582 2769; x_wconf 93' lang='grc' dir='ltr'><strong>τοῦ</strong></span> <span class='ocrx_word' id='word_1_344' title='bbox 1612 2716 1768 2784; x_wconf 82' lang='grc' dir='ltr'>Θεοῦ,</span> 
     </span>
    </p>
   </div>
   <div class='ocr_carea' id='block_1_45' title="bbox 195 2802 1771 2878">
    <p class='ocr_par' dir='ltr' id='par_1_45' title="bbox 195 2802 1771 2878">
     <span class='ocr_line' id='line_1_45' title="bbox 195 2802 1771 2878; baseline 0.005 -24"><span class='ocrx_word' id='word_1_345' title='bbox 195 2802 415 2855; x_wconf 89' lang='grc' dir='ltr'>πάντων</span> <span class='ocrx_word' id='word_1_346' title='bbox 469 2805 840 2872; x_wconf 78' lang='grc' dir='ltr'>γινωσκόντων</span> <span class='ocrx_word' id='word_1_347' title='bbox 893 2806 986 2859; x_wconf 87' lang='grc' dir='ltr'><strong>τὸν</strong></span> <span class='ocrx_word' id='word_1_348' title='bbox 1039 2805 1171 2859; x_wconf 87' lang='grc' dir='ltr'>Θεὸν</span> <span class='ocrx_word' id='word_1_349' title='bbox 1221 2808 1314 2859; x_wconf 78' lang='grc' dir='ltr'>καὶ</span> <span class='ocrx_word' id='word_1_350' title='bbox 1368 2807 1771 2878; x_wconf 79' lang='grc' dir='ltr'>ὁμολογούντων</span> 
     </span>
    </p>
   </div>
   <div class='ocr_carea' id='block_1_46' title="bbox 196 2894 1776 2968">
    <p class='ocr_par' dir='ltr' id='par_1_46' title="bbox 196 2894 1776 2968">
     <span class='ocr_line' id='line_1_46' title="bbox 196 2894 1776 2968; baseline 0.006 -23"><span class='ocrx_word' id='word_1_351' title='bbox 196 2897 350 2964; x_wconf 78' lang='grc' dir='ltr'>κοινῇ</span> <span class='ocrx_word' id='word_1_352' title='bbox 379 2894 595 2966; x_wconf 79' lang='grc' dir='ltr'>ὲννοίᾳ;</span> <span class='ocrx_word' id='word_1_353' title='bbox 634 2895 707 2947; x_wconf 91' lang='grc' dir='ltr'>Τὸ</span> <span class='ocrx_word' id='word_1_354' title='bbox 733 2896 790 2949; x_wconf 81' lang='grc' dir='ltr'>δὲ</span> <span class='ocrx_word' id='word_1_355' title='bbox 810 2939 825 2962; x_wconf 94' lang='grc'><strong>,</strong></span> <span class='ocrx_word' id='word_1_356' title='bbox 865 2898 973 2950; x_wconf 82' lang='lat' dir='ltr'><strong>Kal</strong></span> <span class='ocrx_word' id='word_1_357' title='bbox 1008 2898 1267 2968; x_wconf 85' lang='grc' dir='ltr'>ἐνταῦθα</span> <span class='ocrx_word' id='word_1_358' title='bbox 1293 2898 1522 2968; x_wconf 78' lang='grc' dir='ltr'>ὁρῶμεν</span> <span class='ocrx_word' id='word_1_359' title='bbox 1556 2899 1776 2968; x_wconf 52' lang='grc' dir='ltr'>ἀνθρώ.</span> 
     </span>
    </p>
   </div>
   <div class='ocr_carea' id='block_1_47' title="bbox 193 2967 1770 3060">
    <p class='ocr_par' dir='ltr' id='par_1_47' title="bbox 193 2967 1770 3060">
     <span class='ocr_line' id='line_1_47' title="bbox 193 2967 1770 3060; baseline 0.006 -24"><span class='ocrx_word' id='word_1_360' title='bbox 193 2996 352 3048; x_wconf 68' lang='lat' dir='ltr'><strong>aton</strong></span> <span class='ocrx_word' id='word_1_361' title='bbox 377 2985 784 3054; x_wconf 76' lang='grc' dir='ltr'>γινώσκοντας</span> <span class='ocrx_word' id='word_1_362' title='bbox 811 2988 915 3040; x_wconf 85' lang='grc' dir='ltr'>τὸν</span> <span class='ocrx_word' id='word_1_363' title='bbox 940 2988 1107 3053; x_wconf 83' lang='grc' dir='ltr'>Θεὸν,</span> <span class='ocrx_word' id='word_1_364' title='bbox 1139 2967 1277 3060; x_wconf 44' lang='lat' dir='ltr'><strong>napi?</strong></span> <span class='ocrx_word' id='word_1_365' title='bbox 1296 2967 1459 3044; x_wconf 85' lang='grc' dir='ltr'>τίνων</span> <span class='ocrx_word' id='word_1_366' title='bbox 1491 2992 1639 3060; x_wconf 86' lang='grc' dir='ltr'>λέγει</span> <span class='ocrx_word' id='word_1_367' title='bbox 1666 2967 1770 3047; x_wconf 77' lang='grc' dir='ltr'>ἀνέ</span> 
     </span>
    </p>
   </div>
   <div class='ocr_carea' id='block_1_48' title="bbox 193 3073 1771 3150">
    <p class='ocr_par' dir='ltr' id='par_1_48' title="bbox 193 3073 1771 3150">
     <span class='ocr_line' id='line_1_48' title="bbox 193 3073 1771 3150; baseline 0.008 -24"><span class='ocrx_word' id='word_1_368' title='bbox 193 3073 430 3144; x_wconf 83' lang='grc' dir='ltr'>θρώπων</span> <span class='ocrx_word' id='word_1_369' title='bbox 456 3093 470 3140; x_wconf 91' lang='grc'><strong>;</strong></span> <span class='ocrx_word' id='word_1_370' title='bbox 503 3079 564 3130; x_wconf 82' lang='grc' dir='ltr'>Εἰ</span> <span class='ocrx_word' id='word_1_371' title='bbox 596 3079 695 3148; x_wconf 82' lang='grc' dir='ltr'>μὲν</span> <span class='ocrx_word' id='word_1_372' title='bbox 725 3081 851 3150; x_wconf 78' lang='grc' dir='ltr'>περὶ</span> <span class='ocrx_word' id='word_1_373' title='bbox 877 3079 985 3132; x_wconf 83' lang='grc' dir='ltr'><strong>τῶν</strong></span> <span class='ocrx_word' id='word_1_374' title='bbox 1010 3081 1339 3148; x_wconf 82' lang='grc' dir='ltr'>ὲγνωκὸτων”</span> <span class='ocrx_word' id='word_1_375' title='bbox 1358 3083 1449 3135; x_wconf 89' lang='grc' dir='ltr'><strong>τὸν</strong></span> <span class='ocrx_word' id='word_1_376' title='bbox 1469 3083 1602 3138; x_wconf 83' lang='grc' dir='ltr'>Θεὸν</span> <span class='ocrx_word' id='word_1_377' title='bbox 1635 3103 1771 3138; x_wconf 68' lang='grc' dir='ltr'>κατ-</span> 
     </span>
    </p>
   </div>
   <div class='ocr_carea' id='block_1_49' title="bbox 193 3166 1770 3247">
    <p class='ocr_par' dir='ltr' id='par_1_49' title="bbox 193 3166 1770 3247">
     <span class='ocr_line' id='line_1_49' title="bbox 193 3166 1770 3247; baseline 0.008 -29"><span class='ocrx_word' id='word_1_378' title='bbox 193 3166 416 3220; x_wconf 88' lang='grc' dir='ltr'>ελθόντα</span> <span class='ocrx_word' id='word_1_379' title='bbox 475 3170 571 3222; x_wconf 71' lang='grc' dir='ltr'><strong>καὶ</strong></span> <span class='ocrx_word' id='word_1_380' title='bbox 618 3172 982 3242; x_wconf 80' lang='grc' dir='ltr'>γνωρισθέντα</span> <span class='ocrx_word' id='word_1_381' title='bbox 1027 3173 1207 3237; x_wconf 80' lang='grc' dir='ltr'>αὐτοῖς</span> <span class='ocrx_word' id='word_1_382' title='bbox 1258 3175 1400 3228; x_wconf 84' lang='grc' dir='ltr'>κατὰ</span> <span class='ocrx_word' id='word_1_383' title='bbox 1442 3176 1540 3247; x_wconf 85' lang='grc' dir='ltr'><strong>τὴν</strong></span> <span class='ocrx_word' id='word_1_384' title='bbox 1591 3177 1770 3231; x_wconf 86' lang='grc' dir='ltr'>πίστιν</span> 
     </span>
    </p>
   </div>
   <div class='ocr_carea' id='block_1_50' title="bbox 193 3233 1838 3340">
    <p class='ocr_par' dir='ltr' id='par_1_50' title="bbox 193 3233 1838 3340">
     <span class='ocr_line' id='line_1_50' title="bbox 193 3233 1838 3340; baseline 0.009 -33"><span class='ocrx_word' id='word_1_385' title='bbox 193 3256 304 3310; x_wconf 81' lang='grc' dir='ltr'><strong>τῶν</strong></span> <span class='ocrx_word' id='word_1_386' title='bbox 338 3233 650 3329; x_wconf 27' lang='grc' dir='ltr'>ὀρθοδόξωνν,</span> <span class='ocrx_word' id='word_1_387' title='bbox 681 3233 882 3335; x_wconf 75' lang='grc' dir='ltr'>ἀληθὴς</span> <span class='ocrx_word' id='word_1_388' title='bbox 909 3266 938 3315; x_wconf 91' lang='lat'><strong>6</strong></span> <span class='ocrx_word' id='word_1_389' title='bbox 965 3264 1145 3333; x_wconf 86' lang='grc' dir='ltr'>λόγος·</span> <span class='ocrx_word' id='word_1_390' title='bbox 1170 3233 1386 3337; x_wconf 71' lang='grc' dir='ltr'>δρῶμεν</span> <span class='ocrx_word' id='word_1_391' title='bbox 1409 3233 1518 3340; x_wconf 75' lang='grc' dir='ltr'>γὰρ</span> <span class='ocrx_word' id='word_1_392' title='bbox 1553 3268 1766 3332; x_wconf 81' lang='grc' dir='ltr'>αὐτούς.</span> <span class='ocrx_word' id='word_1_393' title='bbox 1797 3233 1838 3292; x_wconf 72' lang='lat' dir='ltr'>C</span> 
     </span>
    </p>
   </div>
   <div class='ocr_carea' id='block_1_51' title="bbox 195 3350 1772 3430">
    <p class='ocr_par' dir='ltr' id='par_1_51' title="bbox 195 3350 1772 3430">
     <span class='ocr_line' id='line_1_51' title="bbox 195 3350 1772 3430; baseline 0.006 -28"><span class='ocrx_word' id='word_1_394' title='bbox 195 3350 324 3414; x_wconf 82' lang='grc' dir='ltr'><strong>Πῶς</strong></span> <span class='ocrx_word' id='word_1_395' title='bbox 372 3352 430 3405; x_wconf 86' lang='grc' dir='ltr'><strong>δὲ</strong></span> <span class='ocrx_word' id='word_1_396' title='bbox 461 3355 490 3406; x_wconf 89' lang='lat'><strong>6</strong></span> <span class='ocrx_word' id='word_1_397' title='bbox 531 3357 597 3426; x_wconf 78' lang='grc' dir='ltr'>τῇ</span> <span class='ocrx_word' id='word_1_398' title='bbox 640 3354 733 3408; x_wconf 92' lang='grc' dir='ltr'><strong>τοῦ</strong></span> <span class='ocrx_word' id='word_1_399' title='bbox 782 3355 918 3409; x_wconf 89' lang='grc' dir='ltr'>Θεοῦ</span> <span class='ocrx_word' id='word_1_400' title='bbox 961 3357 1096 3429; x_wconf 87' lang='grc' dir='ltr'>πρὸς</span> <span class='ocrx_word' id='word_1_401' title='bbox 1140 3356 1458 3428; x_wconf 84' lang='grc' dir='ltr'>ἀνθρώπους</span> <span class='ocrx_word' id='word_1_402' title='bbox 1499 3359 1772 3430; x_wconf 82' lang='grc' dir='ltr'>παρουσίᾳ</span> 
     </span>
    </p>
   </div>
   <div class='ocr_carea' id='block_1_52' title="bbox 196 3442 1772 3521">
    <p class='ocr_par' dir='ltr' id='par_1_52' title="bbox 196 3442 1772 3521">
     <span class='ocr_line' id='line_1_52' title="bbox 196 3442 1772 3521; baseline 0.006 -28"><span class='ocrx_word' id='word_1_403' title='bbox 196 3442 468 3507; x_wconf 79' lang='grc' dir='ltr'>ἀποδείξει</span> <span class='ocrx_word' id='word_1_404' title='bbox 498 3446 842 3518; x_wconf 87' lang='grc' dir='ltr'>χρησάμενος</span> <span class='ocrx_word' id='word_1_405' title='bbox 867 3447 960 3499; x_wconf 92' lang='grc' dir='ltr'><strong>τοῦ</strong></span> <span class='ocrx_word' id='word_1_406' title='bbox 989 3449 1211 3501; x_wconf 84' lang='grc' dir='ltr'>δυνατὸν</span> <span class='ocrx_word' id='word_1_407' title='bbox 1240 3445 1379 3502; x_wconf 81' lang='grc' dir='ltr'>εἶναι</span> <span class='ocrx_word' id='word_1_408' title='bbox 1409 3451 1522 3512; x_wconf 88' lang='grc' dir='ltr'>τοῖς</span> <span class='ocrx_word' id='word_1_409' title='bbox 1564 3449 1772 3521; x_wconf 85' lang='grc' dir='ltr'>ἀνθρώ-</span> 
     </span>
    </p>
   </div>
   <div class='ocr_carea' id='block_1_53' title="bbox 198 3538 1772 3610">
    <p class='ocr_par' dir='ltr' id='par_1_53' title="bbox 198 3538 1772 3610">
     <span class='ocr_line' id='line_1_53' title="bbox 198 3538 1772 3610; baseline 0.004 -23"><span class='ocrx_word' id='word_1_410' title='bbox 198 3553 324 3599; x_wconf 87' lang='grc' dir='ltr'>ποις</span> <span class='ocrx_word' id='word_1_411' title='bbox 356 3539 450 3590; x_wconf 74' lang='grc' dir='ltr'><strong>καὶ</strong></span> <span class='ocrx_word' id='word_1_412' title='bbox 492 3538 724 3593; x_wconf 74' lang='grc' dir='ltr'>ἐνταῦθα</span> <span class='ocrx_word' id='word_1_413' title='bbox 756 3542 954 3610; x_wconf 82' lang='grc' dir='ltr'>γνῶναι</span> <span class='ocrx_word' id='word_1_414' title='bbox 993 3542 1154 3608; x_wconf 87' lang='grc' dir='ltr'>Θεὸν,</span> <span class='ocrx_word' id='word_1_415' title='bbox 1209 3543 1370 3607; x_wconf 79' lang='grc' dir='ltr'>αὐτὸς</span> <span class='ocrx_word' id='word_1_416' title='bbox 1401 3545 1624 3596; x_wconf 82' lang='grc' dir='ltr'>ἀπιστεῖ</span> <span class='ocrx_word' id='word_1_417' title='bbox 1660 3545 1772 3606; x_wconf 90' lang='grc' dir='ltr'>τοῖς</span> 
     </span>
    </p>
   </div>
   <div class='ocr_carea' id='block_1_54' title="bbox 197 3628 1770 3706">
    <p class='ocr_par' dir='ltr' id='par_1_54' title="bbox 197 3628 1770 3706">
     <span class='ocr_line' id='line_1_54' title="bbox 197 3628 1770 3706; baseline 0.006 -28"><span class='ocrx_word' id='word_1_418' title='bbox 197 3628 329 3698; x_wconf 87' lang='grc' dir='ltr'>παρ’</span> <span class='ocrx_word' id='word_1_419' title='bbox 375 3629 539 3682; x_wconf 81' lang='grc' dir='ltr'>αὐτοῦ</span> <span class='ocrx_word' id='word_1_420' title='bbox 596 3631 805 3702; x_wconf 75' lang='grc' dir='ltr'>ῥηθεῖσι</span> <span class='ocrx_word' id='word_1_421' title='bbox 848 3634 978 3704; x_wconf 73' lang='grc' dir='ltr'>περὶ</span> <span class='ocrx_word' id='word_1_422' title='bbox 1021 3634 1118 3703; x_wconf 79' lang='grc' dir='ltr'>τῆς</span> <span class='ocrx_word' id='word_1_423' title='bbox 1157 3634 1249 3687; x_wconf 90' lang='grc' dir='ltr'><strong>τοῦ</strong></span> <span class='ocrx_word' id='word_1_424' title='bbox 1292 3635 1496 3706; x_wconf 85' lang='grc' dir='ltr'>κόσμου</span> <span class='ocrx_word' id='word_1_425' title='bbox 1548 3636 1770 3690; x_wconf 84' lang='grc' dir='ltr'>ἀνακτί-</span> 
     </span>
    </p>
   </div>
   <div class='ocr_carea' id='block_1_55' title="bbox 199 3721 1772 3795">
    <p class='ocr_par' dir='ltr' id='par_1_55' title="bbox 199 3721 1772 3795">
     <span class='ocr_line' id='line_1_55' title="bbox 199 3721 1772 3795; baseline 0.006 -24"><span class='ocrx_word' id='word_1_426' title='bbox 199 3736 338 3782; x_wconf 88' lang='grc' dir='ltr'>σεως</span> <span class='ocrx_word' id='word_1_427' title='bbox 373 3721 518 3791; x_wconf 79' lang='grc'>(55);</span> <span class='ocrx_word' id='word_1_428' title='bbox 562 3723 625 3775; x_wconf 85' lang='grc' dir='ltr'>Ἡ</span> <span class='ocrx_word' id='word_1_429' title='bbox 659 3724 768 3795; x_wconf 87' lang='grc' dir='ltr'>γὰρ</span> <span class='ocrx_word' id='word_1_430' title='bbox 800 3727 1026 3789; x_wconf 80' lang='grc' dir='ltr'>ἄπιστος</span> <span class='ocrx_word' id='word_1_431' title='bbox 1058 3724 1330 3790; x_wconf 81' lang='grc' dir='ltr'>ἀπόδειξις</span> <span class='ocrx_word' id='word_1_432' title='bbox 1359 3727 1548 3780; x_wconf 88' lang='grc' dir='ltr'>πιστὸν</span> <span class='ocrx_word' id='word_1_433' title='bbox 1577 3727 1638 3779; x_wconf 81' lang='grc' dir='ltr'><strong>οὐ</strong></span> <span class='ocrx_word' id='word_1_434' title='bbox 1666 3727 1772 3780; x_wconf 83' lang='grc' dir='ltr'>δεί-</span> 
     </span>
    </p>
   </div>
   <div class='ocr_carea' id='block_1_56' title="bbox 198 3820 1772 3897">
    <p class='ocr_par' dir='ltr' id='par_1_56' title="bbox 198 3820 1772 3897">
     <span class='ocr_line' id='line_1_56' title="bbox 198 3820 1772 3897; baseline 0.006 -26"><span class='ocrx_word' id='word_1_435' title='bbox 198 3836 360 3872; x_wconf 87' lang='grc' dir='ltr'>κνυσι</span> <span class='ocrx_word' id='word_1_436' title='bbox 401 3820 461 3872; x_wconf 87' lang='grc' dir='ltr'><strong>τὸ</strong></span> <span class='ocrx_word' id='word_1_437' title='bbox 493 3822 573 3886; x_wconf 87' lang='grc' dir='ltr'><strong>είς</strong></span> <span class='ocrx_word' id='word_1_438' title='bbox 603 3823 767 3888; x_wconf 78' lang='grc' dir='ltr'>δεῖξιν</span> <span class='ocrx_word' id='word_1_439' title='bbox 814 3825 1190 3896; x_wconf 87' lang='grc' dir='ltr'>προκείμενον.</span> <span class='ocrx_word' id='word_1_440' title='bbox 1233 3827 1295 3878; x_wconf 85' lang='grc' dir='ltr'><strong>Εἰ</strong></span> <span class='ocrx_word' id='word_1_441' title='bbox 1339 3826 1396 3878; x_wconf 87' lang='grc' dir='ltr'>δὲ</span> <span class='ocrx_word' id='word_1_442' title='bbox 1443 3825 1519 3897; x_wconf 79' lang='grc' dir='ltr'><strong>μὴ</strong></span> <span class='ocrx_word' id='word_1_443' title='bbox 1548 3827 1675 3890; x_wconf 81' lang='grc' dir='ltr'>τοὺς</span> <span class='ocrx_word' id='word_1_444' title='bbox 1706 3829 1772 3880; x_wconf 83' lang='grc' dir='ltr'>ἐκ</span> 
     </span>
    </p>
   </div>
   <div class='ocr_carea' id='block_1_57' title="bbox 196 3908 1770 3988">
    <p class='ocr_par' dir='ltr' id='par_1_57' title="bbox 196 3908 1770 3988">
     <span class='ocr_line' id='line_1_57' title="bbox 196 3908 1770 3988; baseline 0.004 -27"><span class='ocrx_word' id='word_1_445' title='bbox 196 3908 541 3974; x_wconf 81' lang='grc' dir='ltr'>διδασκαλίας</span> <span class='ocrx_word' id='word_1_446' title='bbox 579 3911 672 3966; x_wconf 90' lang='grc' dir='ltr'><strong>τοῦ</strong></span> <span class='ocrx_word' id='word_1_447' title='bbox 706 3914 1052 3977; x_wconf 80' lang='grc' dir='ltr'>κατελθόντος</span> <span class='ocrx_word' id='word_1_448' title='bbox 1095 3914 1230 3967; x_wconf 83' lang='grc' dir='ltr'>Θεοῦ</span> <span class='ocrx_word' id='word_1_449' title='bbox 1279 3915 1596 3988; x_wconf 85' lang='grc' dir='ltr'>ἀνθρώπους</span> <span class='ocrx_word' id='word_1_450' title='bbox 1623 3915 1770 3984; x_wconf 90' lang='grc' dir='ltr'>λέγει</span> 
     </span>
    </p>
   </div>
   <div class='ocr_carea' id='block_1_58' title="bbox 198 4001 1765 4075">
    <p class='ocr_par' dir='ltr' id='par_1_58' title="bbox 198 4001 1765 4075">
     <span class='ocr_line' id='line_1_58' title="bbox 198 4001 1765 4075; baseline 0.004 -22"><span class='ocrx_word' id='word_1_451' title='bbox 198 4001 435 4054; x_wconf 75' lang='grc' dir='ltr'>ἐνταῦθα</span> <span class='ocrx_word' id='word_1_452' title='bbox 461 4003 769 4069; x_wconf 78' lang='grc' dir='ltr'>ἐγνωκότας</span> <span class='ocrx_word' id='word_1_453' title='bbox 787 4003 876 4055; x_wconf 89' lang='grc' dir='ltr'><strong>τὸν</strong></span> <span class='ocrx_word' id='word_1_454' title='bbox 896 4005 1047 4071; x_wconf 84' lang='grc' dir='ltr'>Θεὸν,</span> <span class='ocrx_word' id='word_1_455' title='bbox 1069 4003 1268 4075; x_wconf 72' lang='grc' dir='ltr'>ψευδὴς</span> <span class='ocrx_word' id='word_1_456' title='bbox 1283 4005 1312 4056; x_wconf 88' lang='grc' dir='ltr'>ὁ</span> <span class='ocrx_word' id='word_1_457' title='bbox 1335 4004 1492 4073; x_wconf 87' lang='grc' dir='ltr'>λόγος</span> <span class='ocrx_word' id='word_1_458' title='bbox 1510 4009 1538 4059; x_wconf 89' lang='lat'><strong>6</strong></span> <span class='ocrx_word' id='word_1_459' title='bbox 1566 4005 1737 4073; x_wconf 88' lang='grc' dir='ltr'>λέγων</span> <span class='ocrx_word' id='word_1_460' title='bbox 1751 4022 1765 4036; x_wconf 75' lang='grc'><strong><em>⁸</em></strong></span> 
     </span>
    </p>
   </div>
   <div class='ocr_carea' id='block_1_59' title="bbox 211 4084 1768 4166">
    <p class='ocr_par' dir='ltr' id='par_1_59' title="bbox 211 4084 1768 4166">
     <span class='ocr_line' id='line_1_59' title="bbox 211 4084 1768 4166; baseline 0.004 -19"><span class='ocrx_word' id='word_1_461' title='bbox 211 4093 463 4163; x_wconf 74' lang='grc' dir='ltr'>Ὁρῶμεν</span> <span class='ocrx_word' id='word_1_462' title='bbox 483 4093 831 4162; x_wconf 80' lang='grc' dir='ltr'>ἀνθρώπους</span> <span class='ocrx_word' id='word_1_463' title='bbox 850 4084 1107 4151; x_wconf 75' lang='grc' dir='ltr'>ἐνταῦθα</span> <span class='ocrx_word' id='word_1_464' title='bbox 1128 4095 1461 4166; x_wconf 74' lang='grc' dir='ltr'>ἐγνωκότας</span> <span class='ocrx_word' id='word_1_465' title='bbox 1484 4098 1590 4150; x_wconf 83' lang='grc' dir='ltr'>τὸν</span> <span class='ocrx_word' id='word_1_466' title='bbox 1603 4101 1768 4153; x_wconf 85' lang='grc' dir='ltr'>Θεόν.</span> 
     </span>
    </p>
   </div>
   <div class='ocr_carea' id='block_1_60' title="bbox 212 4185 1774 4261">
    <p class='ocr_par' dir='ltr' id='par_1_60' title="bbox 212 4185 1774 4261">
     <span class='ocr_line' id='line_1_60' title="bbox 212 4185 1774 4261; baseline 0.004 -23"><span class='ocrx_word' id='word_1_467' title='bbox 212 4185 356 4254; x_wconf 88' lang='grc' dir='ltr'>Ἐγὼ</span> <span class='ocrx_word' id='word_1_468' title='bbox 392 4186 501 4257; x_wconf 85' lang='grc' dir='ltr'>γὰρ</span> <span class='ocrx_word' id='word_1_469' title='bbox 539 4187 759 4250; x_wconf 79' lang='grc' dir='ltr'>τούτους</span> <span class='ocrx_word' id='word_1_470' title='bbox 805 4189 903 4257; x_wconf 83' lang='grc' dir='ltr'><strong>οὐχ</strong></span> <span class='ocrx_word' id='word_1_471' title='bbox 946 4189 1075 4260; x_wconf 82' lang='grc' dir='ltr'>ὁρῶ.</span> <span class='ocrx_word' id='word_1_472' title='bbox 1133 4190 1242 4242; x_wconf 77' lang='grc' dir='ltr'>Καὶ</span> <span class='ocrx_word' id='word_1_473' title='bbox 1283 4191 1333 4241; x_wconf 85' lang='grc' dir='ltr'><strong>εί</strong></span> <span class='ocrx_word' id='word_1_474' title='bbox 1375 4190 1476 4246; x_wconf 81' lang='grc' dir='ltr'><strong>οὐκ</strong></span> <span class='ocrx_word' id='word_1_475' title='bbox 1519 4186 1588 4261; x_wconf 74' lang='grc' dir='ltr'>ἦν</span> <span class='ocrx_word' id='word_1_476' title='bbox 1638 4191 1774 4254; x_wconf 85' lang='grc' dir='ltr'>ὅλως</span> 
     </span>
    </p>
   </div>
   <div class='ocr_carea' id='block_1_61' title="bbox 201 4279 1772 4356">
    <p class='ocr_par' dir='ltr' id='par_1_61' title="bbox 201 4279 1772 4356">
     <span class='ocr_line' id='line_1_61' title="bbox 201 4279 1772 4356; baseline 0.001 -22"><span class='ocrx_word' id='word_1_477' title='bbox 201 4279 392 4348; x_wconf 79' lang='grc' dir='ltr'>ἄγνοια</span> <span class='ocrx_word' id='word_1_478' title='bbox 427 4282 553 4352; x_wconf 71' lang='grc' dir='ltr'>περὶ</span> <span class='ocrx_word' id='word_1_479' title='bbox 579 4280 713 4334; x_wconf 88' lang='grc' dir='ltr'>Θεοῦ</span> <span class='ocrx_word' id='word_1_480' title='bbox 737 4299 751 4311; x_wconf 71' lang='grc' dir='ltr'><strong>ο</strong></span> <span class='ocrx_word' id='word_1_481' title='bbox 788 4281 988 4344; x_wconf 88' lang='grc' dir='ltr'>πάντες</span> <span class='ocrx_word' id='word_1_482' title='bbox 1019 4283 1128 4353; x_wconf 85' lang='grc' dir='ltr'>γὰρ</span> <span class='ocrx_word' id='word_1_483' title='bbox 1151 4283 1468 4354; x_wconf 83' lang='grc' dir='ltr'>ὁμολογοῦσι</span> <span class='ocrx_word' id='word_1_484' title='bbox 1501 4288 1654 4356; x_wconf 76' lang='grc' dir='ltr'>κοινῇ</span> <span class='ocrx_word' id='word_1_485' title='bbox 1682 4286 1772 4336; x_wconf 76' lang='grc' dir='ltr'><strong>ὲν-</strong></span> 
     </span>
    </p>
   </div>
   <div class='ocr_carea' id='block_1_62' title="bbox 202 4373 1773 4447">
    <p class='ocr_par' dir='ltr' id='par_1_62' title="bbox 202 4373 1773 4447">
     <span class='ocr_line' id='line_1_62' title="bbox 202 4373 1773 4447; baseline 0.002 -22"><span class='ocrx_word' id='word_1_486' title='bbox 202 4373 348 4444; x_wconf 78' lang='grc' dir='ltr'>νοίᾳ·</span> <span class='ocrx_word' id='word_1_487' title='bbox 379 4374 507 4425; x_wconf 87' lang='grc' dir='ltr'>ποία</span> <span class='ocrx_word' id='word_1_488' title='bbox 526 4374 726 4441; x_wconf 84' lang='grc' dir='ltr'>γνῶσις</span> <span class='ocrx_word' id='word_1_489' title='bbox 751 4373 847 4426; x_wconf 85' lang='grc' dir='ltr'><strong>τοῦ</strong></span> <span class='ocrx_word' id='word_1_490' title='bbox 873 4374 1008 4427; x_wconf 90' lang='grc' dir='ltr'>Θεοῦ</span> <span class='ocrx_word' id='word_1_491' title='bbox 1039 4375 1270 4428; x_wconf 84' lang='grc' dir='ltr'>ἐνταῦθα</span> <span class='ocrx_word' id='word_1_492' title='bbox 1300 4376 1642 4447; x_wconf 87' lang='grc' dir='ltr'>παραγέγονε</span> <span class='ocrx_word' id='word_1_493' title='bbox 1660 4380 1773 4440; x_wconf 88' lang='grc' dir='ltr'>τοῖς</span> 
     </span>
    </p>
   </div>
   <div class='ocr_carea' id='block_1_63' title="bbox 203 4475 1774 4548">
    <p class='ocr_par' dir='ltr' id='par_1_63' title="bbox 203 4475 1774 4548">
     <span class='ocr_line' id='line_1_63' title="bbox 203 4475 1774 4548; baseline 0 -20"><span class='ocrx_word' id='word_1_494' title='bbox 203 4475 528 4547; x_wconf 88' lang='grc' dir='ltr'>ἀνθρώποις,</span> <span class='ocrx_word' id='word_1_495' title='bbox 554 4477 602 4528; x_wconf 90' lang='grc' dir='ltr'><strong>εί</strong></span> <span class='ocrx_word' id='word_1_496' title='bbox 638 4479 712 4547; x_wconf 82' lang='grc' dir='ltr'>μὴ</span> <span class='ocrx_word' id='word_1_497' title='bbox 740 4479 774 4547; x_wconf 84' lang='grc' dir='ltr'>ἡ</span> <span class='ocrx_word' id='word_1_498' title='bbox 811 4477 983 4548; x_wconf 82' lang='grc' dir='ltr'>είδικὴ</span> <span class='ocrx_word' id='word_1_499' title='bbox 1014 4477 1231 4546; x_wconf 72' lang='grc' dir='ltr'>γνῶσις,</span> <span class='ocrx_word' id='word_1_500' title='bbox 1261 4476 1381 4530; x_wconf 76' lang='grc' dir='ltr'>καθ’</span> <span class='ocrx_word' id='word_1_501' title='bbox 1413 4477 1481 4548; x_wconf 73' lang='grc' dir='ltr'>ἢν</span> <span class='ocrx_word' id='word_1_502' title='bbox 1512 4478 1686 4530; x_wconf 80' lang='grc' dir='ltr'>πᾶσαι</span> <span class='ocrx_word' id='word_1_503' title='bbox 1716 4478 1774 4530; x_wconf 87' lang='grc' dir='ltr'>αἱ</span> 
     </span>
    </p>
   </div>
   <div class='ocr_carea' id='block_1_64' title="bbox 1871 1995 3448 2072">
    <p class='ocr_par' dir='ltr' id='par_1_64' title="bbox 1871 1995 3448 2072">
     <span class='ocr_line' id='line_1_64' title="bbox 1871 1995 3448 2072; baseline 0.018 -29"><span class='ocrx_word' id='word_1_504' title='bbox 1871 1998 1987 2044; x_wconf 90' lang='lat' dir='ltr'><strong>tum</strong></span> <span class='ocrx_word' id='word_1_505' title='bbox 2032 2007 2155 2048; x_wconf 91' lang='lat' dir='ltr'><strong>esse</strong></span> <span class='ocrx_word' id='word_1_506' title='bbox 2192 1995 2504 2064; x_wconf 81' lang='lat' dir='ltr'><strong>proﬁtetur.</strong></span> <span class='ocrx_word' id='word_1_507' title='bbox 2537 1999 2606 2053; x_wconf 86' lang='lat' dir='ltr'><strong>At</strong></span> <span class='ocrx_word' id='word_1_508' title='bbox 2655 2003 2700 2057; x_wconf 90' lang='lat' dir='ltr'><strong>si</strong></span> <span class='ocrx_word' id='word_1_509' title='bbox 2745 2021 2931 2060; x_wconf 87' lang='lat' dir='ltr'><strong>verum</strong></span> <span class='ocrx_word' id='word_1_510' title='bbox 2977 2019 3063 2064; x_wconf 86' lang='lat' dir='ltr'><strong>est</strong></span> <span class='ocrx_word' id='word_1_511' title='bbox 3099 2013 3336 2070; x_wconf 89' lang='lat' dir='ltr'><strong>animam</strong></span> <span class='ocrx_word' id='word_1_512' title='bbox 3377 2032 3448 2072; x_wconf 85' lang='lat' dir='ltr'><strong>ex</strong></span> 
     </span>
    </p>
   </div>
   <div class='ocr_carea' id='block_1_65' title="bbox 1871 2083 3448 2165">
    <p class='ocr_par' dir='ltr' id='par_1_65' title="bbox 1871 2083 3448 2165">
     <span class='ocr_line' id='line_1_65' title="bbox 1871 2083 3448 2165; baseline 0.018 -33"><span class='ocrx_word' id='word_1_513' title='bbox 1871 2083 2092 2150; x_wconf 89' lang='lat' dir='ltr'><strong>propria</strong></span> <span class='ocrx_word' id='word_1_514' title='bbox 2139 2084 2417 2141; x_wconf 82' lang='lat' dir='ltr'><strong>oblivione</strong></span> <span class='ocrx_word' id='word_1_515' title='bbox 2459 2089 2852 2160; x_wconf 84' lang='lat' dir='ltr'><strong>ignorationem</strong></span> <span class='ocrx_word' id='word_1_516' title='bbox 2898 2099 3010 2165; x_wconf 88' lang='lat' dir='ltr'><strong>pati</strong></span> <span class='ocrx_word' id='word_1_517' title='bbox 3042 2119 3056 2155; x_wconf 87' lang='lat'><strong>:</strong></span> <span class='ocrx_word' id='word_1_518' title='bbox 3096 2102 3350 2158; x_wconf 85' lang='lat' dir='ltr'><strong>videlicet</strong></span> <span class='ocrx_word' id='word_1_519' title='bbox 3381 2106 3448 2160; x_wconf 89' lang='lat' dir='ltr'><strong>il-</strong></span> 
     </span>
    </p>
   </div>
   <div class='ocr_carea' id='block_1_66' title="bbox 1869 2173 3447 2263">
    <p class='ocr_par' dir='ltr' id='par_1_66' title="bbox 1869 2173 3447 2263">
     <span class='ocr_line' id='line_1_66' title="bbox 1869 2173 3447 2263; baseline 0.016 -37"><span class='ocrx_word' id='word_1_520' title='bbox 1869 2173 1964 2228; x_wconf 91' lang='lat' dir='ltr'><strong>lud</strong></span> <span class='ocrx_word' id='word_1_521' title='bbox 2006 2174 2208 2230; x_wconf 76' lang='lat' dir='ltr'><strong>falsum</strong></span> <span class='ocrx_word' id='word_1_522' title='bbox 2263 2179 2392 2244; x_wconf 86' lang='lat' dir='ltr'><strong>erit,</strong></span> <span class='ocrx_word' id='word_1_523' title='bbox 2423 2196 2552 2234; x_wconf 86' lang='lat' dir='ltr'><strong>non</strong></span> <span class='ocrx_word' id='word_1_524' title='bbox 2598 2198 2721 2239; x_wconf 90' lang='lat' dir='ltr'><strong>esse</strong></span> <span class='ocrx_word' id='word_1_525' title='bbox 2762 2203 2992 2256; x_wconf 82' lang='lat' dir='ltr'><strong>prorsus</strong></span> <span class='ocrx_word' id='word_1_526' title='bbox 3045 2191 3447 2263; x_wconf 85' lang='lat' dir='ltr'><strong>ignorationem</strong></span> 
     </span>
    </p>
   </div>
   <div class='ocr_carea' id='block_1_67' title="bbox 1869 2259 3446 2340">
    <p class='ocr_par' dir='ltr' id='par_1_67' title="bbox 1869 2259 3446 2340">
     <span class='ocr_line' id='line_1_67' title="bbox 1869 2259 3446 2340; baseline 0.016 -25"><span class='ocrx_word' id='word_1_527' title='bbox 1869 2259 2001 2329; x_wconf 89' lang='lat' dir='ltr'><strong>Dei;</strong></span> <span class='ocrx_word' id='word_1_528' title='bbox 2031 2279 2227 2322; x_wconf 87' lang='lat' dir='ltr'><strong>omnes</strong></span> <span class='ocrx_word' id='word_1_529' title='bbox 2259 2269 2407 2322; x_wconf 91' lang='lat' dir='ltr'><strong>enim</strong></span> <span class='ocrx_word' id='word_1_530' title='bbox 2431 2268 2602 2325; x_wconf 93' lang='lat' dir='ltr'><strong>Deum</strong></span> <span class='ocrx_word' id='word_1_531' title='bbox 2633 2289 2756 2331; x_wconf 89' lang='lat' dir='ltr'><strong>esse</strong></span> <span class='ocrx_word' id='word_1_532' title='bbox 2797 2259 3088 2334; x_wconf 78' lang='lat' dir='ltr'><strong>communi</strong></span> <span class='ocrx_word' id='word_1_533' title='bbox 3107 2281 3269 2337; x_wconf 83' lang='lat' dir='ltr'><strong>fateri</strong></span> <span class='ocrx_word' id='word_1_534' title='bbox 3313 2300 3446 2340; x_wconf 88' lang='lat' dir='ltr'><strong>sen-</strong></span> 
     </span>
    </p>
   </div>
   <div class='ocr_carea' id='block_1_68' title="bbox 1869 2353 3447 2432">
    <p class='ocr_par' dir='ltr' id='par_1_68' title="bbox 1869 2353 3447 2432">
     <span class='ocr_line' id='line_1_68' title="bbox 1869 2353 3447 2432; baseline 0.016 -25"><span class='ocrx_word' id='word_1_535' title='bbox 1869 2353 2060 2409; x_wconf 86' lang='lat' dir='ltr'><strong>tentia.</strong></span> <span class='ocrx_word' id='word_1_536' title='bbox 2079 2354 2223 2421; x_wconf 87' lang='lat' dir='ltr'><strong>Quid</strong></span> <span class='ocrx_word' id='word_1_537' title='bbox 2257 2374 2387 2413; x_wconf 90' lang='lat' dir='ltr'><strong>vero</strong></span> <span class='ocrx_word' id='word_1_538' title='bbox 2404 2376 2543 2430; x_wconf 90' lang='lat' dir='ltr'><strong>opus</strong></span> <span class='ocrx_word' id='word_1_539' title='bbox 2570 2361 2688 2428; x_wconf 80' lang='lat' dir='ltr'><strong>fuit,</strong></span> <span class='ocrx_word' id='word_1_540' title='bbox 2717 2367 2979 2424; x_wconf 90' lang='lat' dir='ltr'><strong>obvenire</strong></span> <span class='ocrx_word' id='word_1_541' title='bbox 3003 2371 3092 2427; x_wconf 89' lang='lat' dir='ltr'><strong>hic</strong></span> <span class='ocrx_word' id='word_1_542' title='bbox 3111 2374 3312 2431; x_wconf 90' lang='lat' dir='ltr'><strong>animis</strong></span> <span class='ocrx_word' id='word_1_543' title='bbox 3343 2394 3447 2432; x_wconf 82' lang='lat' dir='ltr'><strong>no-</strong></span> 
     </span>
    </p>
   </div>
   <div class='ocr_carea' id='block_1_69' title="bbox 1871 2445 3447 2534">
    <p class='ocr_par' dir='ltr' id='par_1_69' title="bbox 1871 2445 3447 2534">
     <span class='ocr_line' id='line_1_69' title="bbox 1871 2445 3447 2534; baseline 0.018 -38"><span class='ocrx_word' id='word_1_544' title='bbox 1871 2445 2007 2501; x_wconf 89' lang='lat' dir='ltr'><strong>stris</strong></span> <span class='ocrx_word' id='word_1_545' title='bbox 2044 2449 2296 2504; x_wconf 84' lang='lat' dir='ltr'><strong>notitiam</strong></span> <span class='ocrx_word' id='word_1_546' title='bbox 2327 2449 2421 2506; x_wconf 91' lang='lat' dir='ltr'><strong>Dei</strong></span> <span class='ocrx_word' id='word_1_547' title='bbox 2443 2494 2457 2515; x_wconf 91' lang='lat'><strong>,</strong></span> <span class='ocrx_word' id='word_1_548' title='bbox 2488 2455 2536 2509; x_wconf 89' lang='lat' dir='ltr'><strong>si</strong></span> <span class='ocrx_word' id='word_1_549' title='bbox 2563 2471 2754 2512; x_wconf 91' lang='lat' dir='ltr'><strong>omnes</strong></span> <span class='ocrx_word' id='word_1_550' title='bbox 2783 2457 2951 2513; x_wconf 90' lang='lat' dir='ltr'><strong>Deum</strong></span> <span class='ocrx_word' id='word_1_551' title='bbox 2987 2477 3362 2534; x_wconf 87' lang='lat' dir='ltr'><strong>cognoscunt,</strong></span> <span class='ocrx_word' id='word_1_552' title='bbox 3389 2478 3447 2525; x_wconf 87' lang='lat' dir='ltr'><strong>et</strong></span> 
     </span>
    </p>
   </div>
   <div class='ocr_carea' id='block_1_70' title="bbox 1871 2534 3450 2624">
    <p class='ocr_par' dir='ltr' id='par_1_70' title="bbox 1871 2534 3450 2624">
     <span class='ocr_line' id='line_1_70' title="bbox 1871 2534 3450 2624; baseline 0.018 -38"><span class='ocrx_word' id='word_1_553' title='bbox 1871 2534 2209 2595; x_wconf 79' lang='lat' dir='ltr'><strong>conﬁtentur</strong></span> <span class='ocrx_word' id='word_1_554' title='bbox 2242 2545 2523 2597; x_wconf 90' lang='lat' dir='ltr'><strong>communi</strong></span> <span class='ocrx_word' id='word_1_555' title='bbox 2553 2550 2864 2603; x_wconf 70' lang='lat' dir='ltr'><strong>sententia?</strong></span> <span class='ocrx_word' id='word_1_556' title='bbox 2893 2551 3028 2609; x_wconf 81' lang='lat' dir='ltr'><strong>Illud</strong></span> <span class='ocrx_word' id='word_1_557' title='bbox 3068 2564 3283 2624; x_wconf 90' lang='lat' dir='ltr'><strong>autem,</strong></span> <span class='ocrx_word' id='word_1_558' title='bbox 3309 2559 3450 2614; x_wconf 78' lang='lat' dir='ltr'><strong>vide-</strong></span> 
     </span>
    </p>
   </div>
   <div class='ocr_carea' id='block_1_71' title="bbox 1871 2631 3448 2720">
    <p class='ocr_par' dir='ltr' id='par_1_71' title="bbox 1871 2631 3448 2720">
     <span class='ocr_line' id='line_1_71' title="bbox 1871 2631 3448 2720; baseline 0.02 -43"><span class='ocrx_word' id='word_1_559' title='bbox 1871 2633 1990 2680; x_wconf 70' lang='lat' dir='ltr'><strong>mts</strong></span> <span class='ocrx_word' id='word_1_560' title='bbox 2024 2637 2076 2681; x_wconf 87' lang='lat' dir='ltr'><strong>et</strong></span> <span class='ocrx_word' id='word_1_561' title='bbox 2106 2631 2201 2684; x_wconf 79' lang='lat' dir='ltr'><strong>hic</strong></span> <span class='ocrx_word' id='word_1_562' title='bbox 2235 2631 2470 2690; x_wconf 75' lang='lat' dir='ltr'><strong>homines</strong></span> <span class='ocrx_word' id='word_1_563' title='bbox 2501 2635 2670 2691; x_wconf 84' lang='lat' dir='ltr'><strong>Deum</strong></span> <span class='ocrx_word' id='word_1_564' title='bbox 2701 2654 3062 2710; x_wconf 82' lang='lat' dir='ltr'><strong>cognoscentes</strong></span> <span class='ocrx_word' id='word_1_565' title='bbox 3084 2687 3101 2709; x_wconf 90' lang='lat'><strong>,</strong></span> <span class='ocrx_word' id='word_1_566' title='bbox 3134 2649 3203 2703; x_wconf 91' lang='lat' dir='ltr'><strong>de</strong></span> <span class='ocrx_word' id='word_1_567' title='bbox 3246 2651 3448 2720; x_wconf 83' lang='lat' dir='ltr'><strong>quibus</strong></span> 
     </span>
    </p>
   </div>
   <div class='ocr_carea' id='block_1_72' title="bbox 1871 2715 3448 2808">
    <p class='ocr_par' dir='ltr' id='par_1_72' title="bbox 1871 2715 3448 2808">
     <span class='ocr_line' id='line_1_72' title="bbox 1871 2715 3448 2808; baseline 0.018 -38"><span class='ocrx_word' id='word_1_568' title='bbox 1871 2715 2189 2779; x_wconf 90' lang='lat' dir='ltr'><strong>hominibus</strong></span> <span class='ocrx_word' id='word_1_569' title='bbox 2215 2723 2387 2780; x_wconf 82' lang='lat' dir='ltr'><strong>dicit?</strong></span> <span class='ocrx_word' id='word_1_570' title='bbox 2415 2726 2472 2782; x_wconf 89' lang='lat' dir='ltr'><strong>Si</strong></span> <span class='ocrx_word' id='word_1_571' title='bbox 2500 2730 2720 2799; x_wconf 90' lang='lat' dir='ltr'><strong>quidem</strong></span> <span class='ocrx_word' id='word_1_572' title='bbox 2761 2733 2828 2788; x_wconf 85' lang='lat' dir='ltr'><strong>de</strong></span> <span class='ocrx_word' id='word_1_573' title='bbox 2871 2734 2980 2791; x_wconf 88' lang='lat' dir='ltr'><strong>illis</strong></span> <span class='ocrx_word' id='word_1_574' title='bbox 3009 2740 3104 2808; x_wconf 91' lang='lat' dir='ltr'><strong>qui</strong></span> <span class='ocrx_word' id='word_1_575' title='bbox 3144 2715 3314 2796; x_wconf 75' lang='lat' dir='ltr'><strong>Deum</strong></span> <span class='ocrx_word' id='word_1_576' title='bbox 3351 2760 3448 2798; x_wconf 86' lang='lat' dir='ltr'><strong>co-</strong></span> 
     </span>
    </p>
   </div>
   <div class='ocr_carea' id='block_1_73' title="bbox 1869 2820 3447 2899">
    <p class='ocr_par' dir='ltr' id='par_1_73' title="bbox 1869 2820 3447 2899">
     <span class='ocr_line' id='line_1_73' title="bbox 1869 2820 3447 2899; baseline 0.019 -40"><span class='ocrx_word' id='word_1_577' title='bbox 1869 2820 2208 2881; x_wconf 85' lang='lat' dir='ltr'><strong>gnoverunt,</strong></span> <span class='ocrx_word' id='word_1_578' title='bbox 2250 2825 2547 2887; x_wconf 83' lang='lat' dir='ltr'><strong>postquam</strong></span> <span class='ocrx_word' id='word_1_579' title='bbox 2590 2820 2875 2878; x_wconf 83' lang='lat' dir='ltr'><strong>descendit</strong></span> <span class='ocrx_word' id='word_1_580' title='bbox 2912 2835 2966 2880; x_wconf 92' lang='lat' dir='ltr'><strong>et</strong></span> <span class='ocrx_word' id='word_1_581' title='bbox 3001 2833 3447 2899; x_wconf 88' lang='lat' dir='ltr'><strong>cognoscendum</strong></span> 
     </span>
    </p>
   </div>
   <div class='ocr_carea' id='block_1_74' title="bbox 1872 2902 3448 2987">
    <p class='ocr_par' dir='ltr' id='par_1_74' title="bbox 1872 2902 3448 2987">
     <span class='ocr_line' id='line_1_74' title="bbox 1872 2902 3448 2987; baseline 0.018 -33"><span class='ocrx_word' id='word_1_582' title='bbox 1872 2912 1934 2955; x_wconf 87' lang='lat' dir='ltr'><strong>se</strong></span> <span class='ocrx_word' id='word_1_583' title='bbox 1963 2902 2046 2958; x_wconf 88' lang='lat' dir='ltr'><strong>eis</strong></span> <span class='ocrx_word' id='word_1_584' title='bbox 2085 2906 2320 2974; x_wconf 59' lang='lat' dir='ltr'><strong>praebuit</strong></span> <span class='ocrx_word' id='word_1_585' title='bbox 2336 2909 2499 2976; x_wconf 86' lang='lat' dir='ltr'><strong>juxta</strong></span> <span class='ocrx_word' id='word_1_586' title='bbox 2525 2913 2959 2971; x_wconf 86' lang='lat' dir='ltr'><strong>orthodoxornm</strong></span> <span class='ocrx_word' id='word_1_587' title='bbox 2995 2918 3179 2987; x_wconf 82' lang='lat' dir='ltr'><strong>ﬁdem,</strong></span> <span class='ocrx_word' id='word_1_588' title='bbox 3207 2939 3334 2978; x_wconf 90' lang='lat' dir='ltr'><strong>vera</strong></span> <span class='ocrx_word' id='word_1_589' title='bbox 3361 2935 3448 2982; x_wconf 88' lang='lat' dir='ltr'><strong>est</strong></span> 
     </span>
    </p>
   </div>
   <div class='ocr_carea' id='block_1_75' title="bbox 1870 2995 3446 3086">
    <p class='ocr_par' dir='ltr' id='par_1_75' title="bbox 1870 2995 3446 3086">
     <span class='ocr_line' id='line_1_75' title="bbox 1870 2995 3446 3086; baseline 0.017 -38"><span class='ocrx_word' id='word_1_590' title='bbox 1870 2995 2071 3061; x_wconf 84' lang='lat' dir='ltr'><strong>oratio,</strong></span> <span class='ocrx_word' id='word_1_591' title='bbox 2103 2997 2354 3074; x_wconf 68' lang='lat' dir='ltr'><strong>videmus</strong></span> <span class='ocrx_word' id='word_1_592' title='bbox 2375 3004 2520 3058; x_wconf 90' lang='lat' dir='ltr'><strong>enim</strong></span> <span class='ocrx_word' id='word_1_593' title='bbox 2552 3020 2667 3060; x_wconf 91' lang='lat' dir='ltr'><strong>eos.</strong></span> <span class='ocrx_word' id='word_1_594' title='bbox 2705 3005 2992 3072; x_wconf 87' lang='lat' dir='ltr'><strong>Quomodo</strong></span> <span class='ocrx_word' id='word_1_595' title='bbox 3015 3020 3195 3068; x_wconf 90' lang='lat' dir='ltr'><strong>autem</strong></span> <span class='ocrx_word' id='word_1_596' title='bbox 3225 3019 3320 3086; x_wconf 90' lang='lat' dir='ltr'><strong>qui</strong></span> <span class='ocrx_word' id='word_1_597' title='bbox 3353 3020 3446 3075; x_wconf 90' lang='lat' dir='ltr'><strong>Dei</strong></span> 
     </span>
    </p>
   </div>
   <div class='ocr_carea' id='block_1_76' title="bbox 1871 3084 3447 3174">
    <p class='ocr_par' dir='ltr' id='par_1_76' title="bbox 1871 3084 3447 3174">
     <span class='ocr_line' id='line_1_76' title="bbox 1871 3084 3447 3174; baseline 0.018 -36"><span class='ocrx_word' id='word_1_598' title='bbox 1871 3084 1940 3138; x_wconf 87' lang='lat' dir='ltr'><strong>ad</strong></span> <span class='ocrx_word' id='word_1_599' title='bbox 1970 3087 2225 3144; x_wconf 85' lang='lat' dir='ltr'><strong>homines</strong></span> <span class='ocrx_word' id='word_1_600' title='bbox 2263 3091 2557 3148; x_wconf 84' lang='lat' dir='ltr'><strong>adventum</strong></span> <span class='ocrx_word' id='word_1_601' title='bbox 2586 3102 2896 3166; x_wconf 88' lang='lat' dir='ltr'><strong>argumenti</strong></span> <span class='ocrx_word' id='word_1_602' title='bbox 2929 3105 3050 3157; x_wconf 91' lang='lat' dir='ltr'><strong>loco</strong></span> <span class='ocrx_word' id='word_1_603' title='bbox 3082 3084 3353 3174; x_wconf 77' lang='lat' dir='ltr'><strong>adhibuit,</strong></span> <span class='ocrx_word' id='word_1_604' title='bbox 3387 3120 3447 3166; x_wconf 89' lang='lat' dir='ltr'><strong>ut</strong></span> 
     </span>
    </p>
   </div>
   <div class='ocr_carea' id='block_1_77' title="bbox 1873 3179 3448 3269">
    <p class='ocr_par' dir='ltr' id='par_1_77' title="bbox 1873 3179 3448 3269">
     <span class='ocr_line' id='line_1_77' title="bbox 1873 3179 3448 3269; baseline 0.016 -39"><span class='ocrx_word' id='word_1_605' title='bbox 1873 3179 2130 3247; x_wconf 90' lang='lat' dir='ltr'><strong>probaret</strong></span> <span class='ocrx_word' id='word_1_606' title='bbox 2169 3182 2419 3239; x_wconf 85' lang='lat' dir='ltr'><strong>homines</strong></span> <span class='ocrx_word' id='word_1_607' title='bbox 2462 3186 2558 3240; x_wconf 83' lang='lat' dir='ltr'><strong>hic</strong></span> <span class='ocrx_word' id='word_1_608' title='bbox 2613 3204 2832 3260; x_wconf 89' lang='lat' dir='ltr'><strong>quoque</strong></span> <span class='ocrx_word' id='word_1_609' title='bbox 2881 3192 3052 3249; x_wconf 88' lang='lat' dir='ltr'><strong>Deum</strong></span> <span class='ocrx_word' id='word_1_610' title='bbox 3108 3214 3448 3269; x_wconf 86' lang='lat' dir='ltr'><strong>cognoscere</strong></span> 
     </span>
    </p>
   </div>
   <div class='ocr_carea' id='block_1_78' title="bbox 1873 3265 3445 3349">
    <p class='ocr_par' dir='ltr' id='par_1_78' title="bbox 1873 3265 3445 3349">
     <span class='ocr_line' id='line_1_78' title="bbox 1873 3265 3445 3349; baseline 0.016 -24"><span class='ocrx_word' id='word_1_611' title='bbox 1873 3265 2056 3342; x_wconf 64' lang='lat' dir='ltr'><strong>posse,</strong></span> <span class='ocrx_word' id='word_1_612' title='bbox 2096 3273 2326 3343; x_wconf 87' lang='lat' dir='ltr'><strong>ipsemet</strong></span> <span class='ocrx_word' id='word_1_613' title='bbox 2369 3277 2529 3333; x_wconf 79' lang='lat' dir='ltr'><strong>tidem</strong></span> <span class='ocrx_word' id='word_1_614' title='bbox 2562 3280 2710 3336; x_wconf 90' lang='lat' dir='ltr'><strong>illius</strong></span> <span class='ocrx_word' id='word_1_615' title='bbox 2745 3284 2914 3342; x_wconf 89' lang='lat' dir='ltr'><strong>dictis</strong></span> <span class='ocrx_word' id='word_1_616' title='bbox 2950 3288 3019 3343; x_wconf 87' lang='lat' dir='ltr'><strong>de</strong></span> <span class='ocrx_word' id='word_1_617' title='bbox 3055 3265 3245 3346; x_wconf 68' lang='lat' dir='ltr'><strong>mundi</strong></span> <span class='ocrx_word' id='word_1_618' title='bbox 3278 3296 3445 3349; x_wconf 88' lang='lat' dir='ltr'><strong>resti-</strong></span> 
     </span>
    </p>
   </div>
   <div class='ocr_carea' id='block_1_79' title="bbox 1873 3365 3445 3439">
    <p class='ocr_par' dir='ltr' id='par_1_79' title="bbox 1873 3365 3445 3439">
     <span class='ocr_line' id='line_1_79' title="bbox 1873 3365 3445 3439; baseline 0.015 -23"><span class='ocrx_word' id='word_1_619' title='bbox 1873 3365 2083 3419; x_wconf 87' lang='lat' dir='ltr'><strong>tutione</strong></span> <span class='ocrx_word' id='word_1_620' title='bbox 2137 3381 2248 3420; x_wconf 91' lang='lat' dir='ltr'><strong>non</strong></span> <span class='ocrx_word' id='word_1_621' title='bbox 2300 3367 2506 3424; x_wconf 77' lang='lat' dir='ltr'><strong>habet?</strong></span> <span class='ocrx_word' id='word_1_622' title='bbox 2552 3369 2794 3429; x_wconf 81' lang='lat' dir='ltr'><strong>lnﬁdelis</strong></span> <span class='ocrx_word' id='word_1_623' title='bbox 2840 3377 2987 3432; x_wconf 90' lang='lat' dir='ltr'><strong>enim</strong></span> <span class='ocrx_word' id='word_1_624' title='bbox 3044 3368 3445 3439; x_wconf 86' lang='lat' dir='ltr'><strong>demonstratio</strong></span> 
     </span>
    </p>
   </div>
   <div class='ocr_carea' id='block_1_80' title="bbox 1874 3455 3449 3538">
    <p class='ocr_par' dir='ltr' id='par_1_80' title="bbox 1874 3455 3449 3538">
     <span class='ocr_line' id='line_1_80' title="bbox 1874 3455 3449 3538; baseline 0.015 -28"><span class='ocrx_word' id='word_1_625' title='bbox 1874 3455 2039 3512; x_wconf 80' lang='lat' dir='ltr'><strong>ﬁdem</strong></span> <span class='ocrx_word' id='word_1_626' title='bbox 2077 3458 2128 3513; x_wconf 93' lang='lat' dir='ltr'><strong>ei</strong></span> <span class='ocrx_word' id='word_1_627' title='bbox 2177 3461 2260 3515; x_wconf 87' lang='lat' dir='ltr'><strong>rei</strong></span> <span class='ocrx_word' id='word_1_628' title='bbox 2317 3477 2429 3516; x_wconf 85' lang='lat' dir='ltr'><strong>non</strong></span> <span class='ocrx_word' id='word_1_629' title='bbox 2504 3466 2733 3530; x_wconf 88' lang='lat' dir='ltr'><strong>astruit,</strong></span> <span class='ocrx_word' id='word_1_630' title='bbox 2785 3468 2946 3538; x_wconf 75' lang='lat' dir='ltr'><strong>cujus</strong></span> <span class='ocrx_word' id='word_1_631' title='bbox 3005 3470 3449 3533; x_wconf 70' lang='lat' dir='ltr'><strong>demonstranda:</strong></span> 
     </span>
    </p>
   </div>
   <div class='ocr_carea' id='block_1_81' title="bbox 1873 3551 3447 3640">
    <p class='ocr_par' dir='ltr' id='par_1_81' title="bbox 1873 3551 3447 3640">
     <span class='ocr_line' id='line_1_81' title="bbox 1873 3551 3447 3640; baseline 0.015 -38"><span class='ocrx_word' id='word_1_632' title='bbox 1873 3551 2048 3619; x_wconf 84' lang='lat' dir='ltr'><strong>gratia</strong></span> <span class='ocrx_word' id='word_1_633' title='bbox 2079 3559 2164 3606; x_wconf 91' lang='lat' dir='ltr'><strong>est</strong></span> <span class='ocrx_word' id='word_1_634' title='bbox 2195 3554 2482 3622; x_wconf 86' lang='lat' dir='ltr'><strong>producta.</strong></span> <span class='ocrx_word' id='word_1_635' title='bbox 2503 3554 2602 3610; x_wconf 89' lang='lat' dir='ltr'><strong>Sin</strong></span> <span class='ocrx_word' id='word_1_636' title='bbox 2631 3573 2740 3612; x_wconf 91' lang='lat' dir='ltr'><strong>non</strong></span> <span class='ocrx_word' id='word_1_637' title='bbox 2763 3575 2860 3616; x_wconf 93' lang='lat' dir='ltr'><strong>eos</strong></span> <span class='ocrx_word' id='word_1_638' title='bbox 2889 3562 3024 3617; x_wconf 91' lang='lat' dir='ltr'><strong>dicit</strong></span> <span class='ocrx_word' id='word_1_639' title='bbox 3052 3564 3323 3635; x_wconf 86' lang='lat' dir='ltr'><strong>homines,</strong></span> <span class='ocrx_word' id='word_1_640' title='bbox 3349 3571 3447 3640; x_wconf 90' lang='lat' dir='ltr'><strong>qui</strong></span> 
     </span>
    </p>
   </div>
   <div class='ocr_carea' id='block_1_82' title="bbox 1867 3643 3447 3725">
    <p class='ocr_par' dir='ltr' id='par_1_82' title="bbox 1867 3643 3447 3725">
     <span class='ocr_line' id='line_1_82' title="bbox 1867 3643 3447 3725; baseline 0.013 -27"><span class='ocrx_word' id='word_1_641' title='bbox 1867 3646 1940 3698; x_wconf 81' lang='lat' dir='ltr'><strong>ex</strong></span> <span class='ocrx_word' id='word_1_642' title='bbox 1972 3643 2223 3698; x_wconf 88' lang='lat' dir='ltr'><strong>doctrina</strong></span> <span class='ocrx_word' id='word_1_643' title='bbox 2251 3647 2473 3703; x_wconf 64' lang='lat' dir='ltr'><strong>caelitus</strong></span> <span class='ocrx_word' id='word_1_644' title='bbox 2500 3647 2569 3701; x_wconf 88' lang='lat' dir='ltr'><strong>ad</strong></span> <span class='ocrx_word' id='word_1_645' title='bbox 2585 3664 2687 3705; x_wconf 91' lang='lat' dir='ltr'><strong>nos</strong></span> <span class='ocrx_word' id='word_1_646' title='bbox 2715 3651 2923 3720; x_wconf 88' lang='lat' dir='ltr'><strong>delapsi</strong></span> <span class='ocrx_word' id='word_1_647' title='bbox 2949 3653 3106 3725; x_wconf 78' lang='lat'><strong>511</strong></span> <span class='ocrx_word' id='word_1_648' title='bbox 3131 3657 3248 3724; x_wconf 89' lang='lat' dir='ltr'><strong>Dei,</strong></span> <span class='ocrx_word' id='word_1_649' title='bbox 3276 3660 3447 3720; x_wconf 86' lang='lat' dir='ltr'><strong>Deum</strong></span> 
     </span>
    </p>
   </div>
   <div class='ocr_carea' id='block_1_83' title="bbox 1873 3741 3553 3813">
    <p class='ocr_par' dir='ltr' id='par_1_83' title="bbox 1873 3741 3553 3813">
     <span class='ocr_line' id='line_1_83' title="bbox 1873 3741 3553 3813; baseline 0.015 -23"><span class='ocrx_word' id='word_1_650' title='bbox 1873 3748 2281 3808; x_wconf 86' lang='lat' dir='ltr'><strong>cognoverunt,</strong></span> <span class='ocrx_word' id='word_1_651' title='bbox 2341 3741 2540 3798; x_wconf 84' lang='lat' dir='ltr'><strong>falsum</strong></span> <span class='ocrx_word' id='word_1_652' title='bbox 2586 3745 2691 3798; x_wconf 88' lang='lat' dir='ltr'><strong>erit</strong></span> <span class='ocrx_word' id='word_1_653' title='bbox 2739 3745 2844 3800; x_wconf 89' lang='lat' dir='ltr'><strong>hoc</strong></span> <span class='ocrx_word' id='word_1_654' title='bbox 2893 3746 3101 3803; x_wconf 86' lang='lat' dir='ltr'><strong>dictum</strong></span> <span class='ocrx_word' id='word_1_655' title='bbox 3142 3770 3157 3806; x_wconf 90' lang='lat'><strong><em>:</em></strong></span> <span class='ocrx_word' id='word_1_656' title='bbox 3199 3753 3448 3813; x_wconf 68' lang='lat' dir='ltr'><strong>Videmus</strong></span> <span class='ocrx_word' id='word_1_657' title='bbox 3550 3778 3553 3783; x_wconf 90' lang='grc'>·</span> 
     </span>
    </p>
   </div>
   <div class='ocr_carea' id='block_1_84' title="bbox 1871 3830 3449 3912">
    <p class='ocr_par' dir='ltr' id='par_1_84' title="bbox 1871 3830 3449 3912">
     <span class='ocr_line' id='line_1_84' title="bbox 1871 3830 3449 3912; baseline 0.014 -30"><span class='ocrx_word' id='word_1_658' title='bbox 1871 3830 2107 3885; x_wconf 80' lang='lat' dir='ltr'><strong>homines</strong></span> <span class='ocrx_word' id='word_1_659' title='bbox 2161 3835 2254 3902; x_wconf 84' lang='lat' dir='ltr'><strong>qui</strong></span> <span class='ocrx_word' id='word_1_660' title='bbox 2288 3835 2372 3887; x_wconf 79' lang='lat' dir='ltr'><strong>hic</strong></span> <span class='ocrx_word' id='word_1_661' title='bbox 2394 3835 2564 3890; x_wconf 78' lang='lat' dir='ltr'><strong>Deum</strong></span> <span class='ocrx_word' id='word_1_662' title='bbox 2603 3849 2940 3906; x_wconf 79' lang='lat' dir='ltr'><strong>cognoscunt.</strong></span> <span class='ocrx_word' id='word_1_663' title='bbox 2988 3840 3101 3912; x_wconf 85' lang='lat' dir='ltr'><strong>Ego</strong></span> <span class='ocrx_word' id='word_1_664' title='bbox 3145 3846 3290 3899; x_wconf 91' lang='lat' dir='ltr'><strong>enim</strong></span> <span class='ocrx_word' id='word_1_665' title='bbox 3344 3849 3449 3904; x_wconf 76' lang='lat' dir='ltr'><strong>hos</strong></span> 
     </span>
    </p>
   </div>
   <div class='ocr_carea' id='block_1_85' title="bbox 1875 3924 3447 4008">
    <p class='ocr_par' dir='ltr' id='par_1_85' title="bbox 1875 3924 3447 4008">
     <span class='ocr_line' id='line_1_85' title="bbox 1875 3924 3447 4008; baseline 0.013 -34"><span class='ocrx_word' id='word_1_666' title='bbox 1875 3937 1986 3976; x_wconf 90' lang='lat' dir='ltr'><strong>non</strong></span> <span class='ocrx_word' id='word_1_667' title='bbox 2017 3924 2198 3979; x_wconf 81' lang='lat' dir='ltr'><strong>video.</strong></span> <span class='ocrx_word' id='word_1_668' title='bbox 2237 3926 2304 3980; x_wconf 86' lang='lat' dir='ltr'><strong>Et</strong></span> <span class='ocrx_word' id='word_1_669' title='bbox 2365 3929 2411 3982; x_wconf 90' lang='lat' dir='ltr'><strong>si</strong></span> <span class='ocrx_word' id='word_1_670' title='bbox 2450 3928 2676 3985; x_wconf 88' lang='lat' dir='ltr'><strong>omnino</strong></span> <span class='ocrx_word' id='word_1_671' title='bbox 2722 3946 2834 3985; x_wconf 89' lang='lat' dir='ltr'><strong>non</strong></span> <span class='ocrx_word' id='word_1_672' title='bbox 2877 3942 2962 3986; x_wconf 91' lang='lat' dir='ltr'><strong>est</strong></span> <span class='ocrx_word' id='word_1_673' title='bbox 3014 3935 3286 4005; x_wconf 88' lang='lat' dir='ltr'><strong>ignoratio</strong></span> <span class='ocrx_word' id='word_1_674' title='bbox 3326 3938 3447 4008; x_wconf 87' lang='lat' dir='ltr'><strong>Dei,</strong></span> 
     </span>
    </p>
   </div>
   <div class='ocr_carea' id='block_1_86' title="bbox 1873 4016 3446 4087">
    <p class='ocr_par' dir='ltr' id='par_1_86' title="bbox 1873 4016 3446 4087">
     <span class='ocr_line' id='line_1_86' title="bbox 1873 4016 3446 4087; baseline 0.013 -20"><span class='ocrx_word' id='word_1_675' title='bbox 1873 4016 2020 4084; x_wconf 93' lang='lat' dir='ltr'><strong>quod</strong></span> <span class='ocrx_word' id='word_1_676' title='bbox 2045 4033 2168 4072; x_wconf 88' lang='lat' dir='ltr'><strong>eum</strong></span> <span class='ocrx_word' id='word_1_677' title='bbox 2201 4034 2393 4075; x_wconf 88' lang='lat' dir='ltr'><strong>omnes</strong></span> <span class='ocrx_word' id='word_1_678' title='bbox 2427 4023 2704 4076; x_wconf 88' lang='lat' dir='ltr'><strong>communi</strong></span> <span class='ocrx_word' id='word_1_679' title='bbox 2732 4024 3099 4082; x_wconf 77' lang='lat' dir='ltr'><strong>conﬁteantur</strong></span> <span class='ocrx_word' id='word_1_680' title='bbox 3128 4034 3400 4086; x_wconf 88' lang='lat' dir='ltr'><strong>sententia</strong></span> <span class='ocrx_word' id='word_1_681' title='bbox 3428 4052 3446 4087; x_wconf 86' lang='lat'><strong>:</strong></span> 
     </span>
    </p>
   </div>
   <div class='ocr_carea' id='block_1_87' title="bbox 1872 4110 3446 4193">
    <p class='ocr_par' dir='ltr' id='par_1_87' title="bbox 1872 4110 3446 4193">
     <span class='ocr_line' id='line_1_87' title="bbox 1872 4110 3446 4193; baseline 0.013 -33"><span class='ocrx_word' id='word_1_682' title='bbox 1872 4123 2122 4176; x_wconf 76' lang='lat' dir='ltr'><strong>quamam</strong></span> <span class='ocrx_word' id='word_1_683' title='bbox 2157 4110 2214 4164; x_wconf 92' lang='lat' dir='ltr'><strong>in</strong></span> <span class='ocrx_word' id='word_1_684' title='bbox 2245 4112 2345 4165; x_wconf 89' lang='lat' dir='ltr'><strong>hac</strong></span> <span class='ocrx_word' id='word_1_685' title='bbox 2376 4113 2488 4167; x_wconf 85' lang='lat' dir='ltr'><strong>vita</strong></span> <span class='ocrx_word' id='word_1_686' title='bbox 2520 4116 2743 4170; x_wconf 85' lang='lat' dir='ltr'><strong>obvenit</strong></span> <span class='ocrx_word' id='word_1_687' title='bbox 2785 4121 3110 4178; x_wconf 82' lang='lat' dir='ltr'><strong>mortalibus</strong></span> <span class='ocrx_word' id='word_1_688' title='bbox 3141 4125 3294 4178; x_wconf 92' lang='lat' dir='ltr'><strong>notio</strong></span> <span class='ocrx_word' id='word_1_689' title='bbox 3326 4125 3446 4193; x_wconf 89' lang='lat' dir='ltr'><strong>Dei,</strong></span> 
     </span>
    </p>
   </div>
   <div class='ocr_carea' id='block_1_88' title="bbox 1873 4199 3445 4284">
    <p class='ocr_par' dir='ltr' id='par_1_88' title="bbox 1873 4199 3445 4284">
     <span class='ocr_line' id='line_1_88' title="bbox 1873 4199 3445 4284; baseline 0.013 -30"><span class='ocrx_word' id='word_1_690' title='bbox 1873 4201 1981 4255; x_wconf 92' lang='lat' dir='ltr'><strong>nisi</strong></span> <span class='ocrx_word' id='word_1_691' title='bbox 2027 4204 2282 4272; x_wconf 88' lang='lat' dir='ltr'><strong>specialis</strong></span> <span class='ocrx_word' id='word_1_692' title='bbox 2318 4205 2410 4258; x_wconf 90' lang='lat' dir='ltr'><strong>illa</strong></span> <span class='ocrx_word' id='word_1_693' title='bbox 2461 4209 2737 4277; x_wconf 79' lang='lat' dir='ltr'><strong>cognitio,</strong></span> <span class='ocrx_word' id='word_1_694' title='bbox 2780 4226 2843 4265; x_wconf 81' lang='lat' dir='ltr'><strong>ex</strong></span> <span class='ocrx_word' id='word_1_695' title='bbox 2885 4199 2994 4282; x_wconf 87' lang='lat' dir='ltr'><strong>qua</strong></span> <span class='ocrx_word' id='word_1_696' title='bbox 3033 4214 3093 4267; x_wconf 83' lang='lat' dir='ltr'><strong>ﬁt</strong></span> <span class='ocrx_word' id='word_1_697' title='bbox 3131 4226 3189 4271; x_wconf 89' lang='lat' dir='ltr'><strong>ut</strong></span> <span class='ocrx_word' id='word_1_698' title='bbox 3228 4232 3445 4284; x_wconf 91' lang='lat' dir='ltr'><strong>omnes,</strong></span> 
     </span>
    </p>
   </div>
   <div class='ocr_carea' id='block_1_89' title="bbox 1871 4294 3448 4379">
    <p class='ocr_par' dir='ltr' id='par_1_89' title="bbox 1871 4294 3448 4379">
     <span class='ocr_line' id='line_1_89' title="bbox 1871 4294 3448 4379; baseline 0.012 -33"><span class='ocrx_word' id='word_1_699' title='bbox 1871 4309 1994 4362; x_wconf 67' lang='lat' dir='ltr'><strong>qua:</strong></span> <span class='ocrx_word' id='word_1_700' title='bbox 2041 4294 2095 4348; x_wconf 89' lang='lat' dir='ltr'><strong>in</strong></span> <span class='ocrx_word' id='word_1_701' title='bbox 2143 4297 2308 4350; x_wconf 86' lang='lat' dir='ltr'><strong>terris</strong></span> <span class='ocrx_word' id='word_1_702' title='bbox 2355 4311 2506 4362; x_wconf 88' lang='lat' dir='ltr'><strong>sunt,</strong></span> <span class='ocrx_word' id='word_1_703' title='bbox 2549 4301 2847 4371; x_wconf 84' lang='lat' dir='ltr'><strong>religiones</strong></span> <span class='ocrx_word' id='word_1_704' title='bbox 2887 4305 3191 4363; x_wconf 84' lang='lat' dir='ltr'><strong>mendaciis</strong></span> <span class='ocrx_word' id='word_1_705' title='bbox 3225 4309 3448 4379; x_wconf 80' lang='lat' dir='ltr'><strong>quidem</strong></span> 
     </span>
    </p>
   </div>
   <div class='ocr_carea' id='block_1_90' title="bbox 1873 4388 3449 4469">
    <p class='ocr_par' dir='ltr' id='par_1_90' title="bbox 1873 4388 3449 4469">
     <span class='ocr_line' id='line_1_90' title="bbox 1873 4388 3449 4469; baseline 0.011 -28"><span class='ocrx_word' id='word_1_706' title='bbox 1873 4388 2200 4457; x_wconf 82' lang='lat' dir='ltr'><strong>simpliciter</strong></span> <span class='ocrx_word' id='word_1_707' title='bbox 2230 4391 2300 4443; x_wconf 89' lang='lat' dir='ltr'><strong>ab</strong></span> <span class='ocrx_word' id='word_1_708' title='bbox 2336 4405 2400 4444; x_wconf 85' lang='lat' dir='ltr'><strong>ea</strong></span> <span class='ocrx_word' id='word_1_709' title='bbox 2421 4433 2434 4457; x_wconf 90' lang='lat'><strong>,</strong></span> <span class='ocrx_word' id='word_1_710' title='bbox 2467 4409 2590 4451; x_wconf 74' lang='lat' dir='ltr'><strong>qua:</strong></span> <span class='ocrx_word' id='word_1_711' title='bbox 2620 4396 2903 4451; x_wconf 86' lang='lat' dir='ltr'><strong>veritatem</strong></span> <span class='ocrx_word' id='word_1_712' title='bbox 2946 4400 3252 4469; x_wconf 81' lang='lat' dir='ltr'><strong>proﬁtetur,</strong></span> <span class='ocrx_word' id='word_1_713' title='bbox 3291 4420 3449 4460; x_wconf 87' lang='lat' dir='ltr'><strong>men-</strong></span> 
     </span>
    </p>
   </div>
   <div class='ocr_carea' id='block_1_91' title="bbox 1872 4478 3451 4568">
    <p class='ocr_par' dir='ltr' id='par_1_91' title="bbox 1872 4478 3451 4568">
     <span class='ocr_line' id='line_1_91' title="bbox 1872 4478 3451 4568; baseline 0.013 -38"><span class='ocrx_word' id='word_1_714' title='bbox 1872 4478 2015 4532; x_wconf 84' lang='lat' dir='ltr'><strong>dacii</strong></span> <span class='ocrx_word' id='word_1_715' title='bbox 2067 4488 2250 4535; x_wconf 87' lang='lat' dir='ltr'><strong>autem</strong></span> <span class='ocrx_word' id='word_1_716' title='bbox 2295 4480 2617 4568; x_wconf 74' lang='lat' dir='ltr'><strong>discrimine</strong></span> <span class='ocrx_word' id='word_1_717' title='bbox 2666 4502 2696 4540; x_wconf 91' lang='lat' dir='ltr'><strong>a</strong></span> <span class='ocrx_word' id='word_1_718' title='bbox 2748 4503 2808 4543; x_wconf 87' lang='lat' dir='ltr'><strong>se</strong></span> <span class='ocrx_word' id='word_1_719' title='bbox 2858 4489 3095 4546; x_wconf 81' lang='lat' dir='ltr'><strong>invicem</strong></span> <span class='ocrx_word' id='word_1_720' title='bbox 3152 4493 3451 4551; x_wconf 69' lang='lat' dir='ltr'><strong>differant!</strong></span> 
     </span>
    </p>
   </div>
   <div class='ocr_carea' id='block_1_92' title="bbox 201 4565 1775 4654">
    <p class='ocr_par' dir='ltr' id='par_1_92' title="bbox 201 4565 1772 4641">
     <span class='ocr_line' id='line_1_92' title="bbox 201 4565 1772 4641; baseline 0 -19"><span class='ocrx_word' id='word_1_721' title='bbox 201 4565 356 4622; x_wconf 78' lang='grc' dir='ltr'>οὖσαι</span> <span class='ocrx_word' id='word_1_722' title='bbox 401 4571 492 4621; x_wconf 77' lang='grc' dir='ltr'><strong>ἐπὶ</strong></span> <span class='ocrx_word' id='word_1_723' title='bbox 524 4569 629 4640; x_wconf 78' lang='grc' dir='ltr'>γῆς</span> <span class='ocrx_word' id='word_1_724' title='bbox 672 4570 956 4641; x_wconf 83' lang='grc' dir='ltr'>θρησκεῖαι</span> <span class='ocrx_word' id='word_1_725' title='bbox 997 4570 1096 4640; x_wconf 85' lang='grc' dir='ltr'><strong>τῆς</strong></span> <span class='ocrx_word' id='word_1_726' title='bbox 1129 4569 1227 4640; x_wconf 87' lang='grc' dir='ltr'><strong>μὲν</strong></span> <span class='ocrx_word' id='word_1_727' title='bbox 1273 4570 1364 4623; x_wconf 87' lang='grc' dir='ltr'><strong>τὸν</strong></span> <span class='ocrx_word' id='word_1_728' title='bbox 1408 4568 1583 4640; x_wconf 85' lang='grc' dir='ltr'>ἀληθῆ</span> <span class='ocrx_word' id='word_1_729' title='bbox 1615 4568 1772 4637; x_wconf 85' lang='grc' dir='ltr'>λόγον</span> 
     </span>
    </p>
   </div>
   <div class='ocr_carea' id='block_1_93' title="bbox 1872 4565 3450 4654">
    <p class='ocr_par' dir='ltr' id='par_1_93' title="bbox 1874 4565 3450 4654">
     <span class='ocr_line' id='line_1_93' title="bbox 1874 4565 3450 4654; baseline 0.013 -33"><span class='ocrx_word' id='word_1_730' title='bbox 1874 4567 2028 4633; x_wconf 83' lang='lat' dir='ltr'><strong>Quod</strong></span> <span class='ocrx_word' id='word_1_731' title='bbox 2070 4573 2115 4626; x_wconf 91' lang='lat' dir='ltr'><strong>si</strong></span> <span class='ocrx_word' id='word_1_732' title='bbox 2140 4573 2216 4625; x_wconf 91' lang='lat' dir='ltr'><strong>ita</strong></span> <span class='ocrx_word' id='word_1_733' title='bbox 2245 4582 2348 4638; x_wconf 93' lang='lat' dir='ltr'><strong>est,</strong></span> <span class='ocrx_word' id='word_1_734' title='bbox 2378 4591 2486 4629; x_wconf 92' lang='lat' dir='ltr'><strong>non</strong></span> <span class='ocrx_word' id='word_1_735' title='bbox 2513 4565 2625 4644; x_wconf 67' lang='lat' dir='ltr'><strong>Iam</strong></span> <span class='ocrx_word' id='word_1_736' title='bbox 2642 4594 2790 4648; x_wconf 88' lang='lat' dir='ltr'><strong>ergo,</strong></span> <span class='ocrx_word' id='word_1_737' title='bbox 2818 4581 3119 4636; x_wconf 85' lang='lat' dir='ltr'><strong>secundum</strong></span> <span class='ocrx_word' id='word_1_738' title='bbox 3149 4599 3450 4654; x_wconf 83' lang='lat' dir='ltr'><strong>responso-</strong></span> 
     </span>
    </p>
   </div>
   <div class='ocr_carea' id='block_1_94' title="bbox 201 4659 1775 4742">
    <p class='ocr_par' dir='ltr' id='par_1_94' title="bbox 201 4659 1768 4732">
     <span class='ocr_line' id='line_1_94' title="bbox 201 4659 1768 4732; baseline 0.001 -19"><span class='ocrx_word' id='word_1_739' title='bbox 201 4659 611 4731; x_wconf 75' lang='grc' dir='ltr'>πρεσϐευούσης</span> <span class='ocrx_word' id='word_1_740' title='bbox 642 4660 934 4731; x_wconf 83' lang='grc' dir='ltr'>θρησκείας</span> <span class='ocrx_word' id='word_1_741' title='bbox 960 4660 1152 4724; x_wconf 77' lang='grc' dir='ltr'>’ἁπλῶς</span> <span class='ocrx_word' id='word_1_742' title='bbox 1180 4661 1259 4732; x_wconf 82' lang='grc' dir='ltr'>τῷ</span> <span class='ocrx_word' id='word_1_743' title='bbox 1287 4661 1492 4731; x_wconf 79' lang='grc' dir='ltr'>ψεύδει,</span> <span class='ocrx_word' id='word_1_744' title='bbox 1524 4662 1768 4732; x_wconf 86' lang='grc' dir='ltr'>ἀλλήλων</span> 
     </span>
    </p>
   </div>
   <div class='ocr_carea' id='block_1_95' title="bbox 1872 4659 3448 4742">
    <p class='ocr_par' dir='ltr' id='par_1_95' title="bbox 1872 4661 3448 4742">
     <span class='ocr_line' id='line_1_95' title="bbox 1872 4661 3448 4742; baseline 0.013 -30"><span class='ocrx_word' id='word_1_745' title='bbox 1872 4661 1950 4714; x_wconf 91' lang='lat' dir='ltr'><strong>ris</strong></span> <span class='ocrx_word' id='word_1_746' title='bbox 1983 4662 2274 4728; x_wconf 90' lang='lat' dir='ltr'><strong>rationem,</strong></span> <span class='ocrx_word' id='word_1_747' title='bbox 2309 4665 2399 4719; x_wconf 90' lang='lat' dir='ltr'><strong>hic</strong></span> <span class='ocrx_word' id='word_1_748' title='bbox 2429 4667 2630 4722; x_wconf 88' lang='lat' dir='ltr'><strong>animis</strong></span> <span class='ocrx_word' id='word_1_749' title='bbox 2662 4671 2906 4740; x_wconf 86' lang='lat' dir='ltr'><strong>cognitio</strong></span> <span class='ocrx_word' id='word_1_750' title='bbox 2935 4671 3030 4726; x_wconf 90' lang='lat' dir='ltr'><strong>Dei</strong></span> <span class='ocrx_word' id='word_1_751' title='bbox 3073 4675 3315 4742; x_wconf 86' lang='lat' dir='ltr'><strong>obvenit,</strong></span> <span class='ocrx_word' id='word_1_752' title='bbox 3349 4679 3448 4732; x_wconf 83' lang='lat' dir='ltr'><strong>sed</strong></span> 
     </span>
    </p>
   </div>
   <div class='ocr_carea' id='block_1_96' title="bbox 199 4746 1775 4840">
    <p class='ocr_par' dir='ltr' id='par_1_96' title="bbox 199 4746 1770 4823">
     <span class='ocr_line' id='line_1_96' title="bbox 199 4746 1770 4823; baseline 0.004 -25"><span class='ocrx_word' id='word_1_753' title='bbox 199 4746 257 4798; x_wconf 82' lang='grc' dir='ltr'>δὲ</span> <span class='ocrx_word' id='word_1_754' title='bbox 289 4749 408 4809; x_wconf 88' lang='grc' dir='ltr'>ταῖς</span> <span class='ocrx_word' id='word_1_755' title='bbox 438 4748 717 4819; x_wconf 75' lang='grc' dir='ltr'>διαφοραῖς</span> <span class='ocrx_word' id='word_1_756' title='bbox 747 4748 840 4801; x_wconf 91' lang='grc' dir='ltr'><strong>τοῦ</strong></span> <span class='ocrx_word' id='word_1_757' title='bbox 883 4749 1111 4818; x_wconf 80' lang='grc' dir='ltr'>ψεύδους</span> <span class='ocrx_word' id='word_1_758' title='bbox 1139 4750 1514 4823; x_wconf 77' lang='grc' dir='ltr'>διαφέρουσιν;</span> <span class='ocrx_word' id='word_1_759' title='bbox 1552 4751 1688 4803; x_wconf 80' lang='grc' dir='ltr'>Ἀλλ’</span> <span class='ocrx_word' id='word_1_760' title='bbox 1720 4751 1770 4804; x_wconf 84' lang='grc' dir='ltr'><strong>εί</strong></span> 
     </span>
    </p>
   </div>
   <div class='ocr_carea' id='block_1_97' title="bbox 1872 4746 3447 4840">
    <p class='ocr_par' dir='ltr' id='par_1_97' title="bbox 1874 4754 3447 4840">
     <span class='ocr_line' id='line_1_97' title="bbox 1874 4754 3447 4840; baseline 0.011 -35"><span class='ocrx_word' id='word_1_761' title='bbox 1874 4754 2049 4822; x_wconf 89' lang='lat' dir='ltr'><strong>magis</strong></span> <span class='ocrx_word' id='word_1_762' title='bbox 2111 4754 2386 4824; x_wconf 87' lang='lat' dir='ltr'><strong>ignoratio</strong></span> <span class='ocrx_word' id='word_1_763' title='bbox 2429 4775 2446 4810; x_wconf 87' lang='lat'><strong>:</strong></span> <span class='ocrx_word' id='word_1_764' title='bbox 2507 4759 2776 4828; x_wconf 88' lang='lat' dir='ltr'><strong>siquidem</strong></span> <span class='ocrx_word' id='word_1_765' title='bbox 2836 4763 3130 4834; x_wconf 88' lang='lat' dir='ltr'><strong>religiones</strong></span> <span class='ocrx_word' id='word_1_766' title='bbox 3184 4782 3294 4822; x_wconf 88' lang='lat' dir='ltr'><strong>non</strong></span> <span class='ocrx_word' id='word_1_767' title='bbox 3352 4786 3447 4840; x_wconf 73' lang='lat' dir='ltr'><strong>ge-</strong></span> 
     </span>
    </p>
   </div>
   <div class='ocr_carea' id='block_1_98' title="bbox 199 4838 1775 4926">
    <p class='ocr_par' dir='ltr' id='par_1_98' title="bbox 199 4838 1772 4912">
     <span class='ocr_line' id='line_1_98' title="bbox 199 4838 1772 4912; baseline 0.003 -22"><span class='ocrx_word' id='word_1_768' title='bbox 199 4842 359 4891; x_wconf 79' lang='grc' dir='ltr'>τοῦτο</span> <span class='ocrx_word' id='word_1_769' title='bbox 386 4838 558 4902; x_wconf 68' lang='grc' dir='ltr'>οὕτως</span> <span class='ocrx_word' id='word_1_770' title='bbox 586 4838 698 4909; x_wconf 73' lang='grc' dir='ltr'>ἔχει</span> <span class='ocrx_word' id='word_1_771' title='bbox 717 4879 732 4902; x_wconf 89' lang='grc'><strong>,</strong></span> <span class='ocrx_word' id='word_1_772' title='bbox 761 4841 863 4894; x_wconf 77' lang='grc' dir='ltr'><strong>οὐκ</strong></span> <span class='ocrx_word' id='word_1_773' title='bbox 893 4841 1000 4912; x_wconf 79' lang='grc' dir='ltr'>ἄρα</span> <span class='ocrx_word' id='word_1_774' title='bbox 1031 4840 1172 4895; x_wconf 88' lang='grc' dir='ltr'><strong>κατά</strong></span> <span class='ocrx_word' id='word_1_775' title='bbox 1201 4841 1291 4895; x_wconf 85' lang='grc' dir='ltr'><strong>τὸν</strong></span> <span class='ocrx_word' id='word_1_776' title='bbox 1322 4842 1478 4909; x_wconf 84' lang='grc' dir='ltr'>λόγον</span> <span class='ocrx_word' id='word_1_777' title='bbox 1508 4842 1602 4896; x_wconf 89' lang='grc' dir='ltr'><strong>τοῦ</strong></span> <span class='ocrx_word' id='word_1_778' title='bbox 1635 4844 1772 4896; x_wconf 77' lang='grc' dir='ltr'>ἀπο-</span> 
     </span>
    </p>
   </div>
   <div class='ocr_carea' id='block_1_99' title="bbox 1872 4838 3446 4926">
    <p class='ocr_par' dir='ltr' id='par_1_99' title="bbox 1874 4838 3446 4926">
     <span class='ocr_line' id='line_1_99' title="bbox 1874 4838 3446 4926; baseline 0.012 -30"><span class='ocrx_word' id='word_1_779' title='bbox 1874 4845 2046 4899; x_wconf 85' lang='lat' dir='ltr'><strong>nerali</strong></span> <span class='ocrx_word' id='word_1_780' title='bbox 2077 4843 2167 4900; x_wconf 88' lang='lat' dir='ltr'><strong>Dei</strong></span> <span class='ocrx_word' id='word_1_781' title='bbox 2191 4847 2504 4917; x_wconf 85' lang='lat' dir='ltr'><strong>cognitione</strong></span> <span class='ocrx_word' id='word_1_782' title='bbox 2535 4851 2671 4922; x_wconf 92' lang='lat' dir='ltr'><strong>ipsis</strong></span> <span class='ocrx_word' id='word_1_783' title='bbox 2705 4853 2872 4909; x_wconf 88' lang='lat' dir='ltr'><strong>insita</strong></span> <span class='ocrx_word' id='word_1_784' title='bbox 2901 4855 3044 4911; x_wconf 88' lang='lat' dir='ltr'><strong>inter</strong></span> <span class='ocrx_word' id='word_1_785' title='bbox 3071 4872 3132 4913; x_wconf 87' lang='lat' dir='ltr'><strong>se</strong></span> <span class='ocrx_word' id='word_1_786' title='bbox 3152 4838 3446 4926; x_wconf 70' lang='lat' dir='ltr'><strong>differunt,</strong></span> 
     </span>
    </p>
   </div>
   <div class='ocr_carea' id='block_1_100' title="bbox 201 4931 1775 5020">
    <p class='ocr_par' dir='ltr' id='par_1_100' title="bbox 201 4931 1771 5003">
     <span class='ocr_line' id='line_1_100' title="bbox 201 4931 1771 5003; baseline 0.003 -20"><span class='ocrx_word' id='word_1_787' title='bbox 201 4931 526 5000; x_wconf 88' lang='grc' dir='ltr'>κριναμένου</span> <span class='ocrx_word' id='word_1_788' title='bbox 559 4932 917 5002; x_wconf 82' lang='grc' dir='ltr'>παραγίνεται</span> <span class='ocrx_word' id='word_1_789' title='bbox 945 4935 1063 4996; x_wconf 90' lang='grc' dir='ltr'>ταῖς</span> <span class='ocrx_word' id='word_1_790' title='bbox 1095 4933 1324 4988; x_wconf 84' lang='grc' dir='ltr'>ἐνταῦθα</span> <span class='ocrx_word' id='word_1_791' title='bbox 1350 4934 1547 5003; x_wconf 80' lang='grc' dir='ltr'>ψυχαῖς</span> <span class='ocrx_word' id='word_1_792' title='bbox 1569 4935 1771 5002; x_wconf 81' lang='grc' dir='ltr'>γνῶσις</span> 
     </span>
    </p>
   </div>
   <div class='ocr_carea' id='block_1_101' title="bbox 1872 4931 3447 5020">
    <p class='ocr_par' dir='ltr' id='par_1_101' title="bbox 1875 4935 3447 5020">
     <span class='ocr_line' id='line_1_101' title="bbox 1875 4935 3447 5020; baseline 0.012 -32"><span class='ocrx_word' id='word_1_793' title='bbox 1875 4935 1973 4989; x_wconf 89' lang='lat' dir='ltr'><strong>sed</strong></span> <span class='ocrx_word' id='word_1_794' title='bbox 2005 4952 2068 4990; x_wconf 88' lang='lat' dir='ltr'><strong>ea</strong></span> <span class='ocrx_word' id='word_1_795' title='bbox 2098 4937 2280 5007; x_wconf 87' lang='lat' dir='ltr'><strong>potius</strong></span> <span class='ocrx_word' id='word_1_796' title='bbox 2305 4954 2426 5008; x_wconf 68' lang='lat' dir='ltr'><strong>quae</strong></span> <span class='ocrx_word' id='word_1_797' title='bbox 2466 4940 2556 4995; x_wconf 91' lang='lat' dir='ltr'><strong>hic</strong></span> <span class='ocrx_word' id='word_1_798' title='bbox 2589 4943 2671 4999; x_wconf 90' lang='lat' dir='ltr'><strong>eis</strong></span> <span class='ocrx_word' id='word_1_799' title='bbox 2715 4959 2816 5014; x_wconf 87' lang='lat' dir='ltr'><strong>pro</strong></span> <span class='ocrx_word' id='word_1_800' title='bbox 2843 4959 2904 5001; x_wconf 91' lang='lat' dir='ltr'><strong>se</strong></span> <span class='ocrx_word' id='word_1_801' title='bbox 2937 4948 3138 5018; x_wconf 88' lang='lat' dir='ltr'><strong>cuique</strong></span> <span class='ocrx_word' id='word_1_802' title='bbox 3162 4952 3447 5020; x_wconf 87' lang='lat' dir='ltr'><strong>speciatim</strong></span> 
     </span>
    </p>
   </div>
   <div class='ocr_carea' id='block_1_102' title="bbox 200 5023 2115 5097">
    <p class='ocr_par' dir='ltr' id='par_1_102' title="bbox 200 5023 2115 5097">
     <span class='ocr_line' id='line_1_102' title="bbox 200 5023 2115 5097; baseline 0.005 -21"><span class='ocrx_word' id='word_1_803' title='bbox 200 5024 336 5076; x_wconf 86' lang='grc' dir='ltr'>Θεοῦ</span> <span class='ocrx_word' id='word_1_804' title='bbox 363 5065 376 5089; x_wconf 96' lang='grc'><strong>,</strong></span> <span class='ocrx_word' id='word_1_805' title='bbox 411 5023 546 5077; x_wconf 89' lang='grc' dir='ltr'><strong>ἀλλά</strong></span> <span class='ocrx_word' id='word_1_806' title='bbox 598 5025 795 5096; x_wconf 79' lang='grc' dir='ltr'>μᾶλλον</span> <span class='ocrx_word' id='word_1_807' title='bbox 825 5028 860 5096; x_wconf 88' lang='grc' dir='ltr'><strong>ή</strong></span> <span class='ocrx_word' id='word_1_808' title='bbox 892 5026 1111 5095; x_wconf 78' lang='grc' dir='ltr'>ἄγνοια,</span> <span class='ocrx_word' id='word_1_809' title='bbox 1141 5024 1256 5094; x_wconf 82' lang='grc' dir='ltr'>εἴγε</span> <span class='ocrx_word' id='word_1_810' title='bbox 1305 5027 1380 5097; x_wconf 82' lang='grc' dir='ltr'>μὴ</span> <span class='ocrx_word' id='word_1_811' title='bbox 1421 5030 1488 5097; x_wconf 77' lang='grc' dir='ltr'>τῇ</span> <span class='ocrx_word' id='word_1_812' title='bbox 1539 5027 1767 5081; x_wconf 81' lang='grc' dir='ltr'>καθόλου</span> <span class='ocrx_word' id='word_1_813' title='bbox 1876 5029 2115 5085; x_wconf 78' lang='lat' dir='ltr'><strong>obvenit.</strong></span> 
     </span>
    </p>
   </div>
   <div class='ocr_carea' id='block_1_103' title="bbox 201 5115 3452 5205">
    <p class='ocr_par' dir='ltr' id='par_1_103' title="bbox 201 5115 3452 5205">
     <span class='ocr_line' id='line_1_103' title="bbox 201 5115 3452 5205; baseline 0.006 -36"><span class='ocrx_word' id='word_1_814' title='bbox 201 5118 402 5185; x_wconf 81' lang='grc' dir='ltr'>γνώσει</span> <span class='ocrx_word' id='word_1_815' title='bbox 451 5116 546 5170; x_wconf 86' lang='grc' dir='ltr'><strong>τοῦ</strong></span> <span class='ocrx_word' id='word_1_816' title='bbox 571 5118 707 5171; x_wconf 85' lang='grc' dir='ltr'>Θεοῦ</span> <span class='ocrx_word' id='word_1_817' title='bbox 765 5119 900 5191; x_wconf 73' lang='grc' dir='ltr'>οὔσῃ</span> <span class='ocrx_word' id='word_1_818' title='bbox 949 5119 1010 5173; x_wconf 61' lang='grc' dir='ltr'><strong>ιι</strong></span> <span class='ocrx_word' id='word_1_819' title='bbox 1051 5121 1243 5184; x_wconf 81' lang='grc' dir='ltr'>αὑταῖς</span> <span class='ocrx_word' id='word_1_820' title='bbox 1291 5115 1534 5192; x_wconf 77' lang='grc' dir='ltr'>ἀλλήλων</span> <span class='ocrx_word' id='word_1_821' title='bbox 1577 5122 1919 5194; x_wconf 81' lang='grc' dir='ltr'>διαφέρουσιν</span> <span class='ocrx_word' id='word_1_822' title='bbox 1969 5125 2026 5176; x_wconf 88' lang='grc' dir='ltr'>αἱ</span> <span class='ocrx_word' id='word_1_823' title='bbox 2066 5123 2380 5196; x_wconf 84' lang='grc' dir='ltr'>θρησκεῖαι,</span> <span class='ocrx_word' id='word_1_824' title='bbox 2422 5130 2490 5198; x_wconf 81' lang='grc' dir='ltr'>τῇ</span> <span class='ocrx_word' id='word_1_825' title='bbox 2527 5127 2700 5201; x_wconf 80' lang='grc' dir='ltr'>είδικῇ</span> <span class='ocrx_word' id='word_1_826' title='bbox 2744 5125 2802 5184; x_wconf 79' lang='grc' dir='ltr'>δὲ</span> <span class='ocrx_word' id='word_1_827' title='bbox 2845 5131 3050 5205; x_wconf 76' lang='grc' dir='ltr'>μᾶλλον</span> <span class='ocrx_word' id='word_1_828' title='bbox 3095 5137 3164 5205; x_wconf 74' lang='grc' dir='ltr'>τῇ</span> <span class='ocrx_word' id='word_1_829' title='bbox 3218 5136 3452 5190; x_wconf 73' lang='grc' dir='ltr'>ἐνταῦθα</span> 
     </span>
    </p>
   </div>
   <div class='ocr_carea' id='block_1_104' title="bbox 202 5208 1795 5282">
    <p class='ocr_par' dir='ltr' id='par_1_104' title="bbox 202 5208 1795 5282">
     <span class='ocr_line' id='line_1_104' title="bbox 202 5208 1795 5282; baseline 0.002 -21"><span class='ocrx_word' id='word_1_830' title='bbox 202 5208 622 5282; x_wconf 77' lang='grc' dir='ltr'>παραγενομένῃ</span> <span class='ocrx_word' id='word_1_831' title='bbox 651 5210 862 5274; x_wconf 84' lang='grc' dir='ltr'>αὐταῖς.</span> <span class='ocrx_word' id='word_1_832' title='bbox 1780 5259 1795 5275; x_wconf 84' lang='grc'><strong>,</strong></span> 
     </span>
    </p>
   </div>
   <div class='ocr_carea' id='block_1_105' title="bbox 269 5304 1775 5384">
    <p class='ocr_par' dir='ltr' id='par_1_105' title="bbox 269 5304 1767 5376">
     <span class='ocr_line' id='line_1_105' title="bbox 269 5304 1767 5376; baseline 0.003 -19"><span class='ocrx_word' id='word_1_833' title='bbox 269 5304 324 5357; x_wconf 70' lang='grc'><strong>4.</strong></span> <span class='ocrx_word' id='word_1_834' title='bbox 356 5307 424 5358; x_wconf 82' lang='lat' dir='ltr'><strong>El</strong></span> <span class='ocrx_word' id='word_1_835' title='bbox 450 5305 657 5358; x_wconf 74' lang='grc' dir='ltr'>τοίνυν</span> <span class='ocrx_word' id='word_1_836' title='bbox 683 5305 945 5359; x_wconf 81' lang='grc' dir='ltr'>δυνατὸν</span> <span class='ocrx_word' id='word_1_837' title='bbox 965 5306 1063 5360; x_wconf 80' lang='grc' dir='ltr'>καὶ</span> <span class='ocrx_word' id='word_1_838' title='bbox 1097 5307 1353 5362; x_wconf 73' lang='grc' dir='ltr'>ἐνταῦθα</span> <span class='ocrx_word' id='word_1_839' title='bbox 1377 5308 1520 5374; x_wconf 81' lang='grc' dir='ltr'>τοὺς</span> <span class='ocrx_word' id='word_1_840' title='bbox 1544 5308 1767 5376; x_wconf 74' lang='grc' dir='ltr'>ἀνθρώ-</span> 
     </span>
    </p>
   </div>
   <div class='ocr_carea' id='block_1_106' title="bbox 1872 5304 3449 5384">
    <p class='ocr_par' dir='ltr' id='par_1_106' title="bbox 1939 5305 3449 5384">
     <span class='ocr_line' id='line_1_106' title="bbox 1939 5305 3449 5384; baseline 0.008 -22"><span class='ocrx_word' id='word_1_841' title='bbox 1939 5307 1996 5362; x_wconf 69' lang='grc'><strong>4.</strong></span> <span class='ocrx_word' id='word_1_842' title='bbox 2028 5305 2218 5378; x_wconf 78' lang='lat' dir='ltr'><strong>Itaque</strong></span> <span class='ocrx_word' id='word_1_843' title='bbox 2243 5310 2293 5363; x_wconf 89' lang='lat' dir='ltr'><strong>si</strong></span> <span class='ocrx_word' id='word_1_844' title='bbox 2320 5311 2378 5363; x_wconf 86' lang='lat' dir='ltr'><strong>in</strong></span> <span class='ocrx_word' id='word_1_845' title='bbox 2411 5308 2510 5366; x_wconf 79' lang='lat' dir='ltr'><strong>hac</strong></span> <span class='ocrx_word' id='word_1_846' title='bbox 2531 5312 2640 5365; x_wconf 80' lang='lat' dir='ltr'><strong>vita</strong></span> <span class='ocrx_word' id='word_1_847' title='bbox 2662 5314 2912 5369; x_wconf 83' lang='lat' dir='ltr'><strong>mortales</strong></span> <span class='ocrx_word' id='word_1_848' title='bbox 2954 5313 3122 5370; x_wconf 84' lang='lat' dir='ltr'><strong>Deum</strong></span> <span class='ocrx_word' id='word_1_849' title='bbox 3152 5335 3303 5373; x_wconf 76' lang='lat' dir='ltr'><strong>nosse</strong></span> <span class='ocrx_word' id='word_1_850' title='bbox 3324 5333 3449 5384; x_wconf 82' lang='lat' dir='ltr'><strong>pos-</strong></span> 
     </span>
    </p>
   </div>
   <div class='ocr_carea' id='block_1_107' title="bbox 199 5398 1775 5478">
    <p class='ocr_par' dir='ltr' id='par_1_107' title="bbox 199 5398 1770 5470">
     <span class='ocr_line' id='line_1_107' title="bbox 199 5398 1770 5470; baseline 0.004 -19"><span class='ocrx_word' id='word_1_851' title='bbox 199 5411 355 5464; x_wconf 76' lang='grc' dir='ltr'>πους</span> <span class='ocrx_word' id='word_1_852' title='bbox 390 5398 568 5464; x_wconf 78' lang='grc' dir='ltr'>ὄντας</span> <span class='ocrx_word' id='word_1_853' title='bbox 614 5399 929 5467; x_wconf 73' lang='grc' dir='ltr'>γινώσκειν</span> <span class='ocrx_word' id='word_1_854' title='bbox 963 5401 1070 5455; x_wconf 82' lang='grc' dir='ltr'>τὸν</span> <span class='ocrx_word' id='word_1_855' title='bbox 1112 5402 1280 5470; x_wconf 80' lang='grc' dir='ltr'>Θεὸν,</span> <span class='ocrx_word' id='word_1_856' title='bbox 1331 5403 1512 5458; x_wconf 72' lang='grc' dir='ltr'>οὐδὲν</span> <span class='ocrx_word' id='word_1_857' title='bbox 1563 5402 1770 5470; x_wconf 85' lang='grc' dir='ltr'>αὐτοῖς</span> 
     </span>
    </p>
   </div>
   <div class='ocr_carea' id='block_1_108' title="bbox 1872 5398 3450 5478">
    <p class='ocr_par' dir='ltr' id='par_1_108' title="bbox 1872 5401 3450 5478">
     <span class='ocr_line' id='line_1_108' title="bbox 1872 5401 3450 5478; baseline 0.009 -25"><span class='ocrx_word' id='word_1_858' title='bbox 1872 5410 2018 5466; x_wconf 79' lang='lat' dir='ltr'><strong>sunt,</strong></span> <span class='ocrx_word' id='word_1_859' title='bbox 2052 5401 2187 5454; x_wconf 84' lang='lat' dir='ltr'><strong>nihil</strong></span> <span class='ocrx_word' id='word_1_860' title='bbox 2207 5402 2283 5456; x_wconf 83' lang='lat' dir='ltr'><strong>eis</strong></span> <span class='ocrx_word' id='word_1_861' title='bbox 2324 5405 2520 5458; x_wconf 73' lang='lat' dir='ltr'><strong>summi</strong></span> <span class='ocrx_word' id='word_1_862' title='bbox 2547 5405 2708 5470; x_wconf 81' lang='lat' dir='ltr'><strong>mali,</strong></span> <span class='ocrx_word' id='word_1_863' title='bbox 2735 5422 2800 5461; x_wconf 76' lang='lat' dir='ltr'><strong>ex</strong></span> <span class='ocrx_word' id='word_1_864' title='bbox 2828 5423 2888 5460; x_wconf 86' lang='lat' dir='ltr'><strong>eo</strong></span> <span class='ocrx_word' id='word_1_865' title='bbox 2914 5408 3054 5478; x_wconf 79' lang='lat' dir='ltr'><strong>quod</strong></span> <span class='ocrx_word' id='word_1_866' title='bbox 3081 5409 3166 5464; x_wconf 83' lang='lat' dir='ltr'><strong>hic</strong></span> <span class='ocrx_word' id='word_1_867' title='bbox 3194 5412 3322 5476; x_wconf 77' lang='lat' dir='ltr'><strong>sint,</strong></span> <span class='ocrx_word' id='word_1_868' title='bbox 3361 5415 3450 5467; x_wconf 82' lang='lat' dir='ltr'><strong>ob-</strong></span> 
     </span>
    </p>
   </div>
   <div class='ocr_carea' id='block_1_109' title="bbox 271 5639 1760 5717">
    <p class='ocr_par' dir='ltr' id='par_1_109' title="bbox 271 5639 1760 5717">
     <span class='ocr_line' id='line_1_109' title="bbox 271 5639 1760 5717; baseline 0.005 -21"><span class='ocrx_word' id='word_1_869' title='bbox 271 5639 383 5717; x_wconf 55' lang='grc' dir='ltr'><strong>(ξῼ)</strong></span> <span class='ocrx_word' id='word_1_870' title='bbox 421 5643 715 5717; x_wconf 17' lang='grc' dir='ltr'>ζοῆίθεοῦ.</span> <span class='ocrx_word' id='word_1_871' title='bbox 734 5644 940 5717; x_wconf 83' lang='lat' dir='ltr'><strong>Deerat</strong></span> <span class='ocrx_word' id='word_1_872' title='bbox 960 5645 1096 5699; x_wconf 90' lang='grc' dir='ltr'>Θεοῦ</span> <span class='ocrx_word' id='word_1_873' title='bbox 1126 5646 1269 5717; x_wconf 87' lang='lat' dir='ltr'><strong>apud</strong></span> <span class='ocrx_word' id='word_1_874' title='bbox 1301 5645 1363 5699; x_wconf 86' lang='lat' dir='ltr'><strong>R.</strong></span> <span class='ocrx_word' id='word_1_875' title='bbox 1387 5646 1760 5717; x_wconf 82' lang='lat' dir='ltr'><strong>Stephanum;</strong></span> 
     </span>
    </p>
   </div>
   <div class='ocr_carea' id='block_1_110' title="bbox 200 5710 1618 5787">
    <p class='ocr_par' dir='ltr' id='par_1_110' title="bbox 200 5710 1618 5787">
     <span class='ocr_line' id='line_1_110' title="bbox 200 5710 1618 5787; baseline 0.003 -19"><span class='ocrx_word' id='word_1_876' title='bbox 200 5710 808 5787; x_wconf 44' lang='lat' dir='ltr'><strong>sddjﬂitSylburgiu’s;</strong></span> <span class='ocrx_word' id='word_1_877' title='bbox 840 5716 1041 5787; x_wconf 67' lang='lat' dir='ltr'><strong>legitur</strong></span> <span class='ocrx_word' id='word_1_878' title='bbox 1071 5717 1126 5770; x_wconf 89' lang='lat' dir='ltr'><strong>in</strong></span> <span class='ocrx_word' id='word_1_879' title='bbox 1155 5710 1343 5772; x_wconf 70' lang='lat' dir='ltr'><strong>codice</strong></span> <span class='ocrx_word' id='word_1_880' title='bbox 1376 5710 1618 5773; x_wconf 73' lang='lat' dir='ltr'><strong>Clarum.</strong></span> 
     </span>
    </p>
   </div>
   <div class='ocr_carea' id='block_1_111' title="bbox 276 5780 1763 5857">
    <p class='ocr_par' dir='ltr' id='par_1_111' title="bbox 276 5780 1763 5857">
     <span class='ocr_line' id='line_1_111' title="bbox 276 5780 1763 5857; baseline 0.004 -19"><span class='ocrx_word' id='word_1_881' title='bbox 276 5780 386 5855; x_wconf 76' lang='lat'><strong>(53)</strong></span> <span class='ocrx_word' id='word_1_882' title='bbox 419 5780 818 5852; x_wconf 67' lang='grc' dir='ltr'>Ἁὶιακτιόνοωςέ.</span> <span class='ocrx_word' id='word_1_883' title='bbox 851 5780 921 5841; x_wconf 50' lang='lat' dir='ltr'><strong>Ri</strong></span> <span class='ocrx_word' id='word_1_884' title='bbox 951 5785 1260 5857; x_wconf 81' lang='lat' dir='ltr'><strong>Stephanus</strong></span> <span class='ocrx_word' id='word_1_885' title='bbox 1294 5794 1349 5846; x_wconf 81' lang='lat' dir='ltr'><strong>et</strong></span> <span class='ocrx_word' id='word_1_886' title='bbox 1383 5802 1518 5845; x_wconf 85' lang='lat' dir='ltr'><strong>mss.</strong></span> <span class='ocrx_word' id='word_1_887' title='bbox 1558 5787 1763 5846; x_wconf 80' lang='lat' dir='ltr'><strong>habent</strong></span> 
     </span>
    </p>
   </div>
   <div class='ocr_carea' id='block_1_112' title="bbox 1863 5649 3446 5728">
    <p class='ocr_par' dir='ltr' id='par_1_112' title="bbox 1863 5649 3446 5728">
     <span class='ocr_line' id='line_1_112' title="bbox 1863 5649 3446 5728; baseline 0.008 -26"><span class='ocrx_word' id='word_1_888' title='bbox 1863 5649 2236 5728; x_wconf 75' lang='grc' dir='ltr'>ἀνακτήσεως,</span> <span class='ocrx_word' id='word_1_889' title='bbox 2260 5657 2323 5728; x_wconf 85' lang='lat' dir='ltr'><strong>et_</strong></span> <span class='ocrx_word' id='word_1_890' title='bbox 2344 5649 2496 5728; x_wconf 50' lang='lat' dir='ltr'><strong>infra</strong></span> <span class='ocrx_word' id='word_1_891' title='bbox 2515 5654 2924 5728; x_wconf 80' lang='grc' dir='ltr'>κηρυττομένην</span> <span class='ocrx_word' id='word_1_892' title='bbox 2953 5657 3254 5728; x_wconf 85' lang='grc' dir='ltr'>ἀνάκτησιν</span> <span class='ocrx_word' id='word_1_893' title='bbox 3273 5697 3290 5721; x_wconf 94' lang='grc'><strong>,</strong></span> <span class='ocrx_word' id='word_1_894' title='bbox 3348 5659 3446 5714; x_wconf 82' lang='lat' dir='ltr'><strong>sed</strong></span> 
     </span>
    </p>
   </div>
   <div class='ocr_carea' id='block_1_113' title="bbox 1863 5721 3444 5793">
    <p class='ocr_par' dir='ltr' id='par_1_113' title="bbox 1863 5721 3444 5793">
     <span class='ocr_line' id='line_1_113' title="bbox 1863 5721 3444 5793; baseline 0.007 -19"><span class='ocrx_word' id='word_1_895' title='bbox 1863 5729 2012 5793; x_wconf 73' lang='lat' dir='ltr'><strong>recte</strong></span> <span class='ocrx_word' id='word_1_896' title='bbox 2038 5722 2352 5793; x_wconf 71' lang='lat' dir='ltr'><strong>emendavit</strong></span> <span class='ocrx_word' id='word_1_897' title='bbox 2385 5721 2732 5793; x_wconf 82' lang='lat' dir='ltr'><strong>Sylburgius,</strong></span> <span class='ocrx_word' id='word_1_898' title='bbox 2760 5721 2916 5780; x_wconf 45' lang='lat' dir='ltr'><strong>’cut&#39;n</strong></span> <span class='ocrx_word' id='word_1_899' title='bbox 2954 5728 3008 5780; x_wconf 93' lang='lat' dir='ltr'><strong>in</strong></span> <span class='ocrx_word' id='word_1_900' title='bbox 3041 5721 3164 5782; x_wconf 78' lang='lat' dir='ltr'><strong>aliis</strong></span> <span class='ocrx_word' id='word_1_901' title='bbox 3197 5729 3444 5793; x_wconf 79' lang='lat' dir='ltr'><strong>gemellis</strong></span> 
     </span>
    </p>
   </div>
   <div class='ocr_carea' id='block_1_114' title="bbox 1865 5790 3437 5864">
    <p class='ocr_par' dir='ltr' id='par_1_114' title="bbox 1865 5790 3437 5864">
     <span class='ocr_line' id='line_1_114' title="bbox 1865 5790 3437 5864; baseline 0.006 -19"><span class='ocrx_word' id='word_1_902' title='bbox 1865 5790 2004 5847; x_wconf 78' lang='lat' dir='ltr'><strong>locis</strong></span> <span class='ocrx_word' id='word_1_903' title='bbox 2035 5791 2176 5849; x_wconf 89' lang='lat' dir='ltr'><strong>idem</strong></span> <span class='ocrx_word' id='word_1_904' title='bbox 2195 5790 2261 5849; x_wconf 74' lang='lat' dir='ltr'><strong>R.</strong></span> <span class='ocrx_word' id='word_1_905' title='bbox 2287 5790 2612 5864; x_wconf 65' lang='lat' dir='ltr'><strong>Stephanus</strong></span> <span class='ocrx_word' id='word_1_906' title='bbox 2619 5800 2674 5851; x_wconf 88' lang='lat' dir='ltr'><strong>et</strong></span> <span class='ocrx_word' id='word_1_907' title='bbox 2696 5809 2834 5853; x_wconf 82' lang='lat' dir='ltr'><strong>mss.</strong></span> <span class='ocrx_word' id='word_1_908' title='bbox 2864 5796 3103 5854; x_wconf 78' lang='lat' dir='ltr'><strong>habeant</strong></span> <span class='ocrx_word' id='word_1_909' title='bbox 3130 5790 3437 5854; x_wconf 78' lang='grc' dir='ltr'>ἀνάκτισιν.</span> 
     </span>
    </p>
   </div>
  </div>
