4146 6442
710 432 841 486 NH

1485 418 1848 477 APPENDIX.
1885 450 1956 460 ——
1981 417 2161 473 PARS
2185 418 2225 473 1.
2256 416 2315 475 S.
2356 416 2623 473 JUSTINI
2660 415 2891 473 OPERA
2932 414 3205 471 SPURIA.

3836 414 3985 469 N12

704 548 859 602 venit.
894 544 1102 599 Etenim
1139 539 1526 613 ignorantibus,
1557 547 1613 591 ut
1639 537 1837 590 dictum
1880 545 1981 599 est,
2013 534 2276 589 increduli

2378 534 2668 604 μέγιστον
2692 533 2881 587 κακὸν
2908 532 3225 601 συμϐαίνει
3263 530 3331 584 ἐκ
3375 529 3481 585 τοῦ
3508 529 3769 584 ἐνταῦθα
3792 526 3979 584 εἶναι.

701 640 897 710 ingenii
941 638 1065 691 vitio
1096 635 1311 703 proprio
1358 631 1456 685 Dei
1500 631 1763 700 ignoratio
1810 628 1998 683 evenit.
2057 626 2282 682 Duo'bus

701 732 888 797 dictis,
923 743 1043 799 quae
1080 743 1138 782 se
1169 724 1400 778 invicem
1430 722 1651 785 tollunt,
1685 719 2025 790 complicatis
2052 733 2282 787 respon-

701 839 796 879 sor
825 823 881 875 in
908 817 1269 890 responsione
1302 829 1403 871 sua
1432 812 1567 868 illud
1598 813 1785 883 posuit
1820 828 1832 862 :
1871 810 1931 865 Si
1960 810 2195 875 homines
2228 810 2282 863 in

700 914 800 967 hac
834 914 941 967 vita
987 912 1153 965 Deum
1182 922 1491 977 cognoscere
1525 913 1773 973 possunt,
1801 903 2005 957 nullum
2037 903 2112 956 eis
2147 918 2277 955 con-

700 1012 853 1080 tingit
877 1022 1139 1062 summum
1170 1003 1389 1057 malum.
1410 999 1476 1054 Et
1503 999 1637 1054 illud
1666 984 1679 1051 ι
1714 996 2088 1069 Ignorantibus
2112 996 2281 1049 incre-

700 1102 815 1155 duli
853 1099 1047 1172 ingenii
1090 1099 1218 1152 vitio
1256 1095 1466 1167 proprie
1504 1092 1767 1163 ignoratio
1814 1090 1913 1145 Dei
1960 1089 2181 1144 obvenit.
2215 1087 2281 1142 Et

700 1205 974 1248 summum
1006 1188 1210 1243 malum
1241 1183 1387 1256 quod
1433 1183 1617 1254 priore
1654 1180 1842 1251 ejecit,
1887 1178 1941 1233 id
1976 1178 2280 1250 posteriore

700 1284 917 1338 induxit
947 1282 1096 1337 dicto
1128 1295 1142 1331 :
1176 1278 1447 1349 siquidem
1483 1290 1759 1331 summum
1797 1274 2001 1327 mnium
2031 1279 2135 1335 est,
2178 1270 2280 1326 du-

698 1376 896 1447 plicata
937 1373 1221 1443 impietate
1263 1371 1317 1425 in
1366 1384 1558 1425 verum
1611 1367 1781 1423 Deum
1827 1364 2051 1434 impium
2101 1376 2274 1418 esse:

699 1468 880 1537 ipsum
905 1464 1118 1520 scilicet
1144 1478 1231 1527 ea,
1256 1475 1418 1532 quam
1449 1458 1684 1514 essentia
1698 1456 1933 1518 obtinet,
1955 1451 2281 1508 defraudare

697 1557 985 1626 majestate
1019 1570 1151 1610 :eos
1180 1560 1363 1607 autem
1380 1552 1481 1622 qui
1508 1549 1582 1603 dii
1613 1563 1721 1603 non
1755 1555 1903 1614 sunt,
1928 1546 2076 1600 illius
2106 1542 2279 1616 gloria

697 1648 839 1702 falso
874 1648 1175 1711 honorare,
1225 1642 1371 1713 quod
1419 1641 1668 1713 profecto
1720 1638 1787 1693 ad
1823 1636 2087 1691 malitiam
2127 1650 2278 1689 sum-

695 1752 837 1791 mam
860 1737 998 1791 nihil
1033 1736 1164 1790 facit
1188 1733 1406 1804 reliqui.
1442 1732 1597 1799 Quod
1633 1737 1814 1785 autem
1843 1727 2179 1790 hominibus,
2211 1739 2277 1780 eo

695 1828 842 1898 quod
883 1827 1053 1885 Deum
1094 1828 1149 1881 in
1176 1827 1280 1881 bac
1305 1827 1417 1880 vita
1450 1838 1613 1878 nosse
1642 1821 1874 1893 possint,
1894 1818 2125 1890 ,pullum
2157 1831 2276 1872 eve-

694 1921 779 1974 nit
808 1935 1081 1975 summum
1113 1920 1339 1981 malum,
1374 1916 1427 1971 id
1465 1914 1666 1971 summi
1708 1912 1835 1967 mali
1869 1926 1979 1966 non
2021 1908 2271 1978 depulsio

693 2020 799 2077 est,
835 2012 929 2068 sed
972 2011 1237 2077 intentio;
1269 2009 1543 2080 siquidem
1583 2007 1637 2060 in
1670 2020 1736 2060 eo
1776 2005 1940 2059 etiam
1971 2000 2115 2072 quod
2144 2016 2270 2071 pos~

688 2110 823 2159 sunt
851 2102 1122 2165 homines,
1147 2099 1455 2155 voluntaria
1480 2082 1576 2151 sua
1609 2092 1992 2149 incredulitate
2016 2108 2124 2146 non
2146 2107 2273 2161 pos-

694 2205 859 2262 sunt,
898 2202 1104 2249 etcum
1142 2193 1354 2263 possint
1404 2187 1639 2259 simplici
1683 2186 1902 2256 pietate,
1941 2199 2061 2255 qua
2095 2180 2273 2238 homi-

694 2305 793 2344 nes
842 2269 1036 2351 salvat,
1066 2286 1140 2357 pii
1172 2299 1316 2348 esse.
1368 2282 1698 2351 duplicatum
1746 2278 1797 2333 ei
1844 2276 2140 2348 praeferunt
2172 2277 2273 2329 im-

696 2380 981 2450 pietatem;
1006 2392 1170 2447 quam
1208 2388 1485 2431 summum
1513 2378 1719 2425 malum
1750 2384 1858 2424 non
1898 2369 2083 2425 dicere
2114 2369 2273 2437 longe

695 2468 1151 2525 absurdissimum
1182 2472 1285 2521 est.

763 2779 816 2833 5.
852 2775 1004 2844 Quod
1032 2774 1078 2829 si
1112 2773 1227 2844 quis
1253 2772 1414 2825 etiam
1457 2766 1731 2832 concedat,
1762 2764 1906 2839 quod
1935 2763 2143 2837 quidem
2178 2763 2272 2817 ub-

694 2871 935 2933 snrd‘um,
961 2883 1223 2922 summum
1236 2880 1347 2919 esse
1370 2862 1573 2916 malum
1591 2879 1673 2925 ea,
1696 2877 1813 2931 qua:
1840 2860 1922 2913 hic
1946 2867 2088 2923 sunt,
2110 2872 2273 2927 eaque

694 2981 797 3018 non
825 2963 1075 3017 exsistere
1099 2960 1267 3015 satius
1288 2974 1400 3013 esse
1420 2973 1576 3027 quam
1600 2955 1881 3017 exsistere;
1907 2954 1952 3006 si
1975 2950 2184 3022 quidem
2209 2966 2273 3004 ea

692 3072 808 3125 qua:
840 3056 923 3107 hic
972 3062 1094 3108 sunt
1121 3052 1186 3105 ab
1221 3050 1405 3119 opiﬁce
1449 3051 1511 3104 ob
1540 3048 1906 3117 inﬁrmitatem
1938 3044 2081 3098 mala
2110 3042 2272 3112 fuisse

693 3150 838 3219 facta
876 3148 1028 3208 dicit,
1073 3145 1294 3209 insanit,
1332 3142 1458 3195 dum
1494 3142 1589 3196 Dei
1629 3140 1921 3210 potentiam
1968 3148 2119 3208 negat
2151 3135 2273 3189 uni—

694 3259 846 3295 versa
868 3238 1161 3308 complecti.
1183 3237 1282 3291 Sin
1309 3245 1484 3289 autem
1511 3250 1629 3287 cum
1652 3250 1715 3287 ea
1744 3247 1861 3301 quin
1876 3231 1958 3284 hic
1983 3237 2108 3283 sunt
2135 3226 2271 3280 bona

2390 625 2518 691 Τοῖς
2540 626 2830 695 ἀγνοοῦσι
2851 626 2983 696 γὰρ,
3013 624 3209 692 καθὼς
3236 624 3480 693 εῐρηται,
3511 623 3579 676 ἐκ
3609 622 3720 692 τῆς
3744 626 3984 690 οἰκείας

2381 718 2642 772 ἀπίστου
2674 718 2914 789 φύσεως
2946 717 3011 771 τὸ
3047 710 3289 786 ἀγνοεῖν
3315 718 3423 771 τὸν
3453 716 3601 770 Θεὸν
3628 719 3979 786 συμϐαίνει.

2382 811 2487 865 Δύο
2513 809 2697 879 φωνάς
2733 809 2976 881 ἀλλήλων
3022 810 3371 883 ἀναιρεπκάς
3412 809 3722 881 συμπλέξας
3752 813 3783 865 ὀ
3830 812 3982 865 ἀπο-

2382 902 2728 975 κρινάμενος,
2767 902 2963 973 ἔθηκεν
3010 904 3068 956 ἐν
3112 906 3178 974 τῇ
3215 902 3412 956 ἑαυτοῦ
3460 902 3751 974 ἀποκρίσει
3785 903 3871 967 τὸ,
3900 905 3982 957 Et

2380 992 2645 1046 δυνατὸν
2680 992 2822 1057 τοὺς
2871 991 3223 1059 ἀνθρώπους
3260 992 3518 1046 ἐνταῦθα
3565 992 3747 1059 ὄντας
3794 991 3982 1060 τινώ-

2380 1100 2555 1137 σκειν
2590 1084 2699 1137 τὸν
2732 1083 2901 1149 Θεὸν,
2936 1082 3117 1137 οὐδὲν
3158 1083 3363 1150 αὐτοῖς
3397 1082 3687 1153 μέγιστον
3712 1086 3980 1154 συμϐαί-

2382 1192 2472 1228 νει
2511 1175 2701 1226 κακόν
2718 1189 2732 1202 ·
2764 1172 2857 1225 καί
2885 1172 2965 1237 τὸ,
3001 1171 3127 1239 Τοῖς
3152 1174 3478 1241 ἀγνοοῦσιν
3507 1173 3576 1225 ἐκ
3607 1172 3715 1240 τῆς
3738 1177 3980 1241 οίκείας

2379 1267 2642 1322 ἀπίστου
2682 1268 2922 1336 φύσεως
2942 1267 3259 1336 συμϐαίνει
3287 1265 3353 1319 τὸ
3382 1265 3626 1336 ἀγνοεῖν
3654 1268 3765 1321 τὸν
3790 1269 3970 1323 Θεόν.

2379 1360 2487 1414 Καὶ
2536 1359 2597 1413 τὸ
2642 1360 2896 1431 μέγιστον
2936 1360 3105 1413 κακὸν
3142 1359 3172 1412 ὃ
3215 1356 3435 1424 ἐξέϐαλε
3473 1359 3560 1414 διὰ
3595 1360 3696 1431 τῆς
3736 1360 3974 1431 πρώτης

2381 1452 2583 1524 φωνῆς,
2617 1451 2775 1506 τοῦτο
2807 1450 2892 1507 διά
2924 1451 3024 1522 τῆς
3058 1452 3321 1521 δευτέρας
3352 1453 3612 1523 εἰσήγαγε
3655 1452 3876 1522 φωνῆς·
3916 1455 3971 1505 εί

2383 1544 2634 1615 μέγιστόν
2663 1546 2778 1597 ἐστι
2812 1544 2981 1598 κακὸν
3011 1544 3073 1596 τὸ
3107 1542 3248 1597 κατὰ
3289 1542 3484 1613 διπλῆν
3528 1543 3783 1596 ἀσέϐειαν
3835 1544 3973 1596 ἀσε-

2378 1638 2491 1690 ϐεῖν
2524 1640 2605 1702 είς
2635 1639 2726 1691 τὸν
2760 1636 2929 1699 ὅντως
2968 1636 3096 1690 ὄντα
3118 1636 3269 1701 Θεὸν,
3305 1636 3468 1690 αὐτὸν
3502 1636 3599 1707 μὲν
3634 1636 3971 1708 ἀποστερεῖν

2374 1730 2473 1800 τῆς
2501 1730 2621 1781 κατ’
2650 1729 2840 1781 οὐσίαν
2877 1726 3056 1797 δόξης,
3100 1729 3226 1792 τοὺς
3257 1727 3313 1781 δὲ
3355 1727 3456 1780 οὐκ
3497 1726 3657 1791 ὄντας
3702 1727 3865 1789 Θεοὺς
3893 1730 3965 1798 τῇ

2376 1819 2585 1872 ἐκείνου
2630 1818 2760 1889 δόξῃ
2790 1818 3001 1887 ψευδῶς
3042 1819 3243 1889 τιμᾷν·
3281 1818 3419 1890 ὅπερ
3462 1817 3765 1889 ὑπερϐολὴν
3806 1819 3964 1872 οὐδε·-

2378 1913 2506 1982 μιᾶς
2536 1911 2859 1965 ἀπολέλοιπε
2890 1912 3111 1973 κακίας.
3141 1910 3214 1963 Τὸ
3248 1911 3325 1976 δὲ,
3357 1910 3445 1963 διὰ
3476 1911 3537 1964 τὸ
3566 1911 3787 1965 δυνατὸν
3817 1907 3964 1965 εἶναι

2373 2002 2679 2073 ἀνθρώποις
2708 2002 2943 2057 ἐνταῦθα
2971 1998 3090 2057 οὖσι
3136 2002 3423 2071 γινώσκειν
3463 2002 3556 2056 τὸν
3588 2002 3742 2067 Θεὸν,
3789 2003 3962 2075 μηδὲν

2374 2097 2557 2160 αὐτοῖς
2604 2096 2859 2168 μέγιστον
2900 2094 3215 2165 συμϐαίνειν
3260 2093 3451 2157 κακὸν,
3497 2092 3654 2146 τοῦτο
3692 2094 3795 2147 οὐκ
3842 2095 3963 2147 ἔστι

2372 2188 2466 2241 τοῦ
2501 2188 2757 2259 μεγίστου
2781 2186 2949 2242 κακοῦ
2979 2185 3273 2257 ἀναίρεσις,
3298 2184 3411 2238 ἀλλ’
3440 2184 3689 2248 ἐπίτασις
3708 2202 3723 2215 ’
3753 2186 3839 2238 ὅτι
3866 2186 3963 2239 καὶ

2374 2282 2431 2334 ὲν
2464 2281 2542 2351 τῷ
2563 2281 2775 2351 δυνατῷ
2803 2279 3152 2333 ἀδυνατοῦσιν
3175 2278 3221 2331 oi
3246 2276 3340 2333 ἀνθ
3349 2294 3520 2349 ρωποι
3548 2279 3611 2330 ὲκ
3632 2278 3728 2348 τῆς
3748 2278 3964 2341 οἰκείας

2373 2372 2618 2429 ἑκουσίου
2652 2371 2929 2438 ἀπιστίας,
2968 2371 3059 2425 καὶ
3091 2370 3375 2441 δυνάμενοι
3407 2367 3548 2423 κατά
3585 2368 3764 2439 ἁπλῆν
3800 2369 3963 2422 εὗσέ-

2373 2467 2527 2519 ϐειαν
2562 2464 2834 2535 σωστικὴν
2861 2462 3160 2535 ἀνθρώπων
3189 2461 3449 2525 εὐσεϐεῖν,
3483 2460 3789 2531 προτιμῶσι
3826 2461 3962 2514 ταύ-

2372 2574 2471 2628 της
2516 2557 2616 2628 τὴν
2660 2555 2859 2625 διπλῆν
2891 2553 3184 2608 ἀσέϐειαν
3230 2554 3295 2625 ἢν
3341 2553 3416 2624 μὴ
3471 2546 3647 2621 λέγειν
3696 2552 3960 2623 μέγιστον

2376 2654 2564 2713 κακὸν,
2596 2648 2706 2702 τῶν
2739 2647 3105 2703 ἀτοπωτάτων
3135 2647 3302 2699 ἐστίν.

2443 2742 2494 2795 5.
2530 2742 2601 2794 Et
2628 2739 2697 2794 δέ
2722 2756 2815 2805 τις
2842 2738 2940 2792 καὶ
2968 2736 3369 2808 συγχωρήσει,
3400 2738 3545 2807 ὅπερ
3573 2738 3818 2801 ἄτοπον,
3845 2736 3959 2807 μέ-

2372 2845 2581 2902 γιστον
2635 2827 2788 2885 εἶναι
2844 2830 3039 2885 κακὸν
3090 2828 3163 2884 τὰ
3214 2829 3492 2892 ἐνταῦθα,
3547 2828 3643 2882 καί
3697 2826 3961 2881 κάλλιον

2372 2922 2670 2993 ὑπάρχειν
2698 2923 2762 2976 τὸ
2799 2922 2886 2991 μὴ
2924 2918 3075 2976 εῖναι
3115 2920 3186 2975 τὰ
3225 2919 3368 2988 τῇδε
3394 2920 3502 2974 τοῦ
3546 2915 3697 2973 εἶναι
3718 2936 3730 2949 ·
3762 2920 3814 2971 εί
3839 2918 3961 2988 μὲν

2376 3016 2544 3086 λέγει
2572 3015 2729 3069 κακὰ
2755 3014 3142 3083 πεποιηκέναι
3166 3015 3238 3069 τὰ
3281 3014 3426 3083 τῇδε
3462 3012 3568 3066 τὸν
3591 3012 3962 3081 δημιουργὸν

2374 3109 2448 3164 δι’
2477 3110 2820 3171 ἀσθένειαν,
2850 3107 3207 3174 ἀνοηταίνει,
3239 3103 3353 3172 τὴν
3378 3104 3487 3159 τοῦ
3517 3104 3664 3159 Θεοῦ
3690 3103 3959 3173 δύναμιν

2371 3202 2625 3273 φάσκων
2643 3201 2728 3272 μὴ
2757 3198 3236 3268 καταλαμϐάνειν
3262 3198 3475 3251 πάντα.
3502 3198 3570 3251 Et
3596 3196 3663 3250 δὲ
3691 3195 3956 3265 δυνάμε-

698 3282 846 3295 ......
869 3282 1161 3308 -.....,..--...
1183 3282 1280 3291 ν-.-
1310 3282 1481 3289 πη..-
1514 3282 1628 3287 πω
1654 3282 1711 3287 η
1748 3282 1851 3301 τμη
1894 3282 1901 3284 _
1940 3282 1945 3283 ,
1992 3282 1997 3283 ,

693 3335 890 3405 eﬂicere
929 3339 1125 3401 posset,
1152 3328 1393 3399 permisit
1433 3326 1554 3380 aliis
1595 3334 1653 3378 ut
1693 3325 1838 3377 mata
1878 3320 2130 3391 facerent,
2166 3317 2268 3372 erit

2373 3314 2481 3365 νος
2505 3295 2757 3364 ποιῆσαι
2784 3282 3041 3350 καλὰτὰ
3076 3291 3240 3361 τῇδε,
3270 3291 3703 3362 συνεχώρησεν
3727 3290 3961 3358 ἑτέροις

694 3427 790 3479 hoc
824 3438 1023 3494 quoque
1051 3422 1149 3476 Dei
1187 3420 1471 3474 incusatio.
1502 3416 1643 3470 Nam
1678 3418 1767 3487 qui
1796 3412 2070 3482 prohibere
2103 3418 2267 3480 potest

692 3527 743 3572 et
786 3514 1092 3578 contemnit,
1123 3512 1295 3567 verius
1326 3512 1437 3579 ipse
1477 3508 1690 3577 e/Tector
1727 3514 1826 3561 est.
1879 3501 1961 3568 Si,
1994 3509 2053 3555 ut
2102 3515 2271 3573 supra

692 3614 922 3675 dictum,
964 3608 1346 3681 ignorantibus
1378 3606 1544 3660 Deum
1576 3601 1868 3673 contingit,
1901 3607 1961 3653 ut
1985 3596 2156 3653 Deum
2186 3598 2271 3651 in-

694 3704 904 3761 creduli
942 3699 1146 3769 ingenii
1173 3698 1307 3753 vitio
1329 3696 1551 3767 pr0prio
1578 3710 1686 3749 non
1715 3692 1925 3754 norint,
1956 3689 2099 3759 quod
2124 3699 2272 3744 certe

696 3810 971 3853 summum
999 3792 1123 3848 esse
1150 3791 1354 3845 malum
1389 3785 1630 3843 confessi
1662 3800 1871 3847 sumus,
1906 3781 2183 3853 quomodo
2216 3782 2269 3835 id

694 3904 843 3945 nunc
860 3893 925 3969 ut
945 3883 1242 3965 absurdum
1272 3879 1523 3936 concedit
1546 3876 1879 3949 responsor?
1897 3873 2053 3939 Quod
2083 3873 2130 3928 si
2161 3888 2272 3929 non

693 3981 799 4044 hoc
830 3981 1010 4050 ipsum
1036 4022 1052 4046 ,
1085 3978 1177 4034 sed
1201 3974 1347 4030 aliud
1372 3987 1644 4029 summum
1670 3972 1870 4025 malum
1890 3977 1950 4024 ut
1973 3968 2271 4024 absurdum
2342 4019 2358 4027 η

693 4070 986 4133 concedit,
1039 4083 1151 4122 non
1197 4072 1389 4121 nostro
1432 4061 1640 4132 judicio
1682 4060 1815 4114 illud
1860 4067 1946 4115 est
1995 4071 2271 4114 summum

693 4163 921 4223 malum,
966 4174 1157 4215 verum
1186 4157 1254 4212 de
1286 4153 1707 4209 Manichzeorum
1748 4151 2039 4207 sententia.
2072 4148 2271 4205 Nostra

695 4262 846 4309 certe
884 4250 1156 4306 sententia
1195 4249 1251 4303 in
1278 4247 1443 4302 terris
1482 4242 1665 4299 omnia
1704 4243 1848 4298 bona
1886 4248 2034 4306 sunt,
2066 4247 2126 4294 ut
2151 4252 2273 4310 qua

694 4358 974 4401 summum
1007 4343 1212 4397 bonum
1257 4339 1493 4393 habeant
1520 4324 1771 4407 opificem
1804 4341 1857 4389 et
1883 4341 2194 4399 auctorem;
2216 4339 2272 4387 et

696 4452 967 4493 summum
994 4435 1197 4490 malum
1226 4432 1526 4488 secundum
1561 4425 1925 4484 substantiam
1949 4424 2158 4479 nullum
2186 4430 2272 4478 est

696 4531 752 4585 in
773 4528 855 4584 eis
879 4566 895 4591 ,
930 4520 1027 4581 sed
1062 4538 1164 4579 nec
1193 4519 1496 4577 secundum
1519 4515 1894 4587 operationem
1924 4512 2095 4576 illius,
2123 4510 2271 4582 quod

696 4618 1007 4678 substantia
1039 4616 1243 4670 malum
1276 4611 1369 4675 sit,
1391 4609 1486 4666 sed
1513 4608 1687 4663 libero
1706 4606 1988 4661 hominum
2017 4603 2268 4665 arbitrio,

692 4667 1214 4786 ᾇῖιξῖἶέέίέὲἶάᾷἓίυὲη
1245 4667 1406 4776 51';
1429 4700 1646 4758 veritati
1676 4696 1918 4771 praefert,
1950 4694 2178 4767 duplici,
2208 4702 2267 4749 ut
2299 4667 2347 4727 ο

658 4862 659 4865 η
693 4806 900 4861 dictum
948 4809 1055 4865 est,
1100 4798 1396 4869 impietate.
1440 4793 1617 4860 Quam
1670 4790 1888 4863 quidem
1931 4796 1990 4844 ut
2028 4786 2268 4869 corrigat

694 4896 887 4951 mundi
916 4864 1212 4948 fabricator
1240 4896 1297 4943 et
1323 4888 1488 4951 Deus,
1529 4886 1675 4941 diem
1722 4882 2027 4945 constituit,
2059 4881 2116 4934 in
2156 4864 2267 4949 quo

695 4986 879 5042 omnia
909 4984 965 5038 in
995 4980 1200 5036 mundo
1236 4994 1305 5034 ex
1339 4976 1659 5032 infidelitate
1690 4981 1743 5029 et
1767 4970 2147 5028 incredulitate
2172 4966 2269 5022 ad-

696 5090 892 5131 versus
927 5086 1054 5127 eum
1098 5061 1287 5149 exorta
1318 5068 1465 5122 mala
1504 5062 1810 5135 abrogabit,
1852 5060 2154 5118 secundum
2176 5074 2267 5114 or-

695 5152 1086 5228 thodosorum,
1116 5160 1211 5231 qui
1255 5158 1344 5213 hic
1374 5156 1546 5213 Deum
1586 5159 1980 5225 cognoverunt,
2001 5150 2187 5215 ﬁdem,
2213 5158 2270 5205 et

698 5260 873 5331 ipsius
910 5252 1260 5326 responsoris
1289 5249 1685 5307 testimonium.
1719 5244 1841 5300 Non
1869 5243 2057 5299 debuit
2083 5250 2266 5297 autem

695 5362 1014 5423 responsor,
1034 5346 1165 5402 dum
1197 5343 1267 5399 de
1291 5352 1505 5398 summo
1526 5336 1830 5415 secundum
1858 5350 1962 5391 nos
1990 5335 2133 5389 malo
2153 5333 2269 5404 agi—

695 5452 809 5507 tur,
851 5440 919 5495 ad
961 5439 1235 5494 summum
1267 5432 1571 5490 secundum
1612 5428 1943 5484 Manichaaos
1982 5426 2185 5482 malum
2209 5439 2268 5479 se

696 5540 1051 5598 convertere;
1089 5527 1324 5585 inscitiae
1346 5525 1493 5581 enim
1534 5522 1590 5579 id
1635 5521 1852 5595 signum
1894 5525 2064 5575 estet
2106 5532 2267 5588 argu-

768 5819 900 5891 (53')
929 5817 1038 5874 Καί
1075 5815 1189 5891 τὴν
1211 5811 1542 5891 μαρξυρίαν
1595 5807 1703 5891 eo?
1722 5878 1734 5891 ι
1757 5806 1972 5891 datoth

2371 3391 2526 3444 κακὰ
2548 3388 2760 3450 ποιεῖν,
2780 3388 2877 3441 καὶ
2902 3386 3079 3441 τοῦτό
3098 3386 3229 3440 ἐστι
3252 3385 3633 3455 κατηγόρημα
3651 3383 3759 3437 τοῦ
3780 3383 3954 3437 Θεοῦ.

2382 3482 2435 3535 Ὀ
2460 3480 2572 3551 γὰρ
2598 3479 2934 3550 δυνάμενος
2955 3478 3072 3548 μὲν
3099 3478 3349 3541 παῦσαι,
3378 3474 3665 3545 περιορῶν
3688 3474 3777 3539 δὲ,
3805 3476 3958 3543 ἀλη-

2369 3575 2658 3642 θέστερον
2696 3572 2881 3639 αὐτὸς
2910 3570 3039 3640 δρᾷ.
3076 3571 3138 3623 Εἰ
3183 3568 3321 3622 κατά
3351 3568 3420 3621 τὰ
3457 3570 3514 3621 ὲν
3545 3569 3658 3630 τοῖς
3695 3566 3958 3638 ἀνωτέρω

2371 3667 2635 3740 εἰρημένα
2667 3683 2729 3719 συ
2738 3665 2951 3737 μὸαίνει
2970 3666 3081 3726 τοῖς
3100 3662 3351 3730 ἀγνοοῦσι
3375 3660 3465 3714 τὸν
3487 3659 3617 3712 Θεὸν
3643 3659 3704 3711 τὸ
3736 3660 3958 3727 ἀγνοεῖν

2369 3760 2460 3813 τὸν
2494 3758 2626 3812 Θεὸν
2654 3758 2719 3811 ὲκ
2757 3758 2855 3827 τῆς
2886 3754 3093 3817 οἰκείας
3126 3753 3354 3806 ἀπίστου
3391 3752 3624 3821 φύσεως,
3666 3751 3805 3823 ὅπερ
3834 3750 3958 3803 ἐστὶ

2374 3853 2628 3925 μέγιστον
2665 3849 3092 3921 ὁμολογούμενον
3119 3847 3306 3910 κακὸν,
3344 3845 3461 3908 πῶς
3493 3843 3586 3897 νῦν
3614 3843 3776 3897 τοῦτο
3812 3844 3956 3897 κατά

2368 3946 2467 4017 τὴν
2495 3946 2697 3999 ἄτοπον
2732 3942 3005 4014 συγχωρεῖ
3037 3938 3381 4010 συγχώρησιν
3410 3938 3439 3989 ὁ
3477 3936 3952 4006 ἀποκρινάμενοςς

2384 4037 2520 4091 Ἀλλ’
2547 4039 2597 4090 εί
2628 4035 2704 4109 μὴ
2736 4034 2917 4097 τοῦτο,
2945 4031 3057 4086 ἀλλ’
3088 4032 3274 4102 ἕτερον
3314 4029 3567 4101 μέγιστον
3610 4027 3782 4081 κακὸν
3811 4026 3953 4081 κατὰ

2369 4130 2468 4201 τὴν
2496 4130 2697 4185 ἄτοπον
2721 4128 2992 4198 συγχωρεῖ
3015 4122 3380 4193 συγχώρησιν,
3427 4119 3540 4174 ἀλλ’
3571 4118 3631 4172 οὐ
3665 4118 3787 4173 καθ’
3808 4120 3953 4190 ἡμᾶς

2369 4222 2517 4274 ἐστὶν
2546 4222 2723 4273 ἐκεῖνο
2752 4218 2813 4271 τὸ
2847 4218 3100 4289 μέγιστον
3129 4214 3318 4278 κακὸν,
3350 4211 3497 4289 ἀλλά.
3516 4210 3655 4265 κατά
3680 4210 3807 4273 τοὺς
3834 4212 3952 4263 Μα-

2370 4314 2629 4385 νιχαίους.
2665 4311 2803 4366 Καθ’
2849 4286 2998 4381 ημᾶς
3031 4308 3139 4378 γὰρ
3185 4305 3325 4360 καλά
3358 4305 3427 4358 τά
3464 4286 3587 4376 τῇδε
3636 4304 3833 4367 πάντα,
3878 4304 3952 4365 ὼς

2368 4407 2460 4460 τὸν
2508 4407 2761 4477 μέγιστον
2801 4403 2913 4457 τῶν
2957 4399 3177 4470 ἀγαθῶν
3226 4399 3417 4469 ἔχοντα
3461 4395 3791 4469 δημιουργόν
3810 4411 3823 4425 ·
3860 4396 3952 4448 καὶ

2373 4501 2629 4571 μέγιστον
2669 4496 2841 4551 κακὸν
2883 4496 3003 4548 κατ’
3040 4493 3231 4547 οὐσίαν
3273 4490 3425 4544 οὐδέν
3467 4490 3615 4542 ἐστιν
3651 4489 3709 4540 ὲν
3746 4488 3947 4551 αὐτοῖς,

2370 4592 2493 4647 οὔτε
2524 4588 2665 4646 κατὰ
2686 4588 2785 4662 τὴν
2817 4589 3095 4660 ἐνέργειαν
3117 4583 3211 4636 τοῦ
3244 4582 3362 4636 κατ’
3395 4582 3604 4643 οὐσίαν,
3644 4578 3779 4633 ἀλλά
3812 4580 3951 4632 κατὰ

2371 4682 2468 4754 τὴν
2503 4681 2748 4735 ἑκούσιον
2790 4678 3111 4750 προαίρεσιν
3153 4673 3261 4727 τῶν
3296 4671 3619 4744 ἀνθρώπων,
3654 4670 3717 4723 τὸ
3756 4668 3948 4740 ψεῦδος

2373 4772 2728 4845 προτιμῶσαν
2769 4771 2870 4841 τῆς
2909 4767 3185 4839 ἀληθείας,
3228 4764 3369 4819 κατά
3407 4763 3506 4833 τὴν
3550 4761 3949 4834 προειρημένην

2370 4865 2562 4936 διπλῆν
2588 4862 2862 4919 ἀσέϐειαν.
2900 4861 3004 4914 Ἦν
3030 4857 3409 4931 διορθούμενος
3438 4858 3467 4909 ὁ
3499 4854 3593 4907 τοῦ
3623 4854 3829 4925 κόσμου
3856 4852 3949 4923 δη-

2377 4957 2633 5029 μιουργὸς
2673 4956 2768 5009 καὶ
2805 4954 2955 5016 Θεὸς,
2996 4949 3152 5014 ἔταξε
3186 4950 3284 5021 τὴν
3310 4947 3522 5019 ἡμέραν
3551 4946 3676 4999 καθ’
3711 4947 3777 5015 ἢν
3811 4945 3946 4997 πάν-

2372 5066 2479 5103 των
2511 5046 2620 5101 τῶν
2652 5049 2709 5100 ὲν
2741 5044 2827 5116 τῷ
2852 5044 3042 5115 κόσμῳ
3075 5041 3135 5105 ἐξ
3170 5039 3426 5102 ἀπιστίας
3451 5055 3511 5095 τε
3549 5038 3644 5091 καὶ
3668 5034 3947 5096 ἀπειθείας

2372 5140 2470 5194 τοῦ
2502 5139 2639 5193 Θεοῦ
2685 5138 2871 5192 κακῶν
2912 5137 3056 5189 ποιεῖ
3086 5134 3185 5204 τὴν
3218 5131 3514 5203 ἀναίρεσιν,
3548 5128 3689 5182 κατὰ
3720 5128 3819 5197 τὴν
3861 5128 3947 5179 πί-

2377 5249 2492 5286 στιν
2537 5230 2646 5284 τῶν
2689 5225 2983 5301 ὀρθοδὸξων
3014 5224 3123 5278 τῶν
3169 5222 3399 5277 ἐνταῦθα
3442 5219 3830 5290 ὲπεγνωκότων
3859 5215 3947 5267 τὸν

2374 5322 2507 5377 Θεὸν
2529 5322 2623 5374 καὶ
2642 5312 2740 5391 τὴν
2766 5317 3067 5391 μαρτυρίαν
3085 5314 3181 5367 τοῦ
3201 5310 3635 5384 ἀποκριναμένου
3653 5308 3812 5380 (53‘).
3834 5308 3946 5360 Οὐκ

2372 5415 2539 5488 ἐχρῆν
2580 5409 2673 5466 οὖν
2717 5411 2808 5464 τὸν
2854 5408 3310 5481 ἀποκρινάμενον,
3359 5405 3494 5476 πρὸς
3539 5402 3601 5456 τὸ
3647 5400 3769 5454 καθ’
3801 5401 3945 5470 ἡμᾶς

2377 5507 2633 5577 μέγιστον
2665 5499 3048 5571 κακὸνῖχοντα
3072 5499 3163 5551 τὸν
3192 5497 3365 5566 λόγον,
3401 5493 3538 5566 πρὸς
3562 5491 3625 5545 τὸ
3656 5490 3795 5544 κατά
3822 5490 3945 5553 cui»;

2291 5796 2598 5868 Legendum
2635 5793 2794 5868 atad
2831 5793 2930 5864 τὴν
2958 5789 3286 5868 ,μαρτυρίαν
3336 5785 3430 5868 τοῦ
3486 5779 3945 5868 ἀποκριναμένου,

768 5819 900 5891 (53')
929 5818 1038 5874 Καὶ
1075 5818 1189 5885 τὴν
1211 5818 1542 5886 μαρτυρίαν
1595 5818 1703 5863 του
1757 5818 2253 5925 αποκρινιῒενου.
2291 5818 2598 5879 Legenuum
2650 5818 2794 5848 κατα
2831 5818 2930 5864 την
2958 5818 3286 5874 ,μαρῐυμωιν
3336 5818 3430 5839 τιυυ
3486 5818 3945 5852 υιηυηγηηηηη

697 5905 763 5945 ac
807 5892 888 5946 sic
922 5890 1278 5945 vertendum:
1311 5881 1610 5939 Secundum
1660 5878 1817 5948 ﬁdem
1879 5874 2027 5928 ortho
2067 5884 2286 5927 oxorum
2311 5909 2326 5933 ,
2373 5885 2461 5940 qui
2511 5867 2594 5922 hic
2627 5865 2827 5929 Deum,
2869 5872 2923 5916 ut
2951 5877 3061 5931 ipse
3091 5867 3315 5916 testatur
3344 5856 3668 5924 Responsor,
3699 5865 3946 5921 cognoui:b

700 5973 841 6007 σαιιι.
