4146 6440
164 440 318 495 1415

1073 433 1539 504 QUA'JSTIONES
1569 432 2028 490 CHRlSTlANA-I
2069 431 2161 487 AD
2195 430 2514 488 GRAECOS.

3301 434 3441 488 MM

163 555 506 627 Μανιχαίους
562 556 814 628 μέγιστον
859 552 1027 608 κακὸν
1079 555 1487 607 ἀποτείνεσθαι·
1536 554 1753 622 ἀγνοίας

1861 559 2171 606 mentorum
2196 551 2459 621 penuriae,
2492 559 2551 603 ut
2589 550 2796 605 dictum
2826 556 2931 605 est.
2958 547 3232 605 Permittit
3261 559 3442 606 autem

163 649 284 722 γὰρ
318 648 478 702 τοῦτο
511 651 735 720 σημεῐον
766 648 860 700 καὶ
891 647 1123 718 ἀπορίας
1157 646 1402 716 ἐλέγχου,
1435 643 1576 697 καθὰ
1609 645 1757 714 εῐρη-

164 758 284 792 ται.
325 741 604 811 Συγχωρεῖ
627 739 684 791 δὲ
717 739 864 809 ἡμᾶς
904 738 1164 808 πράττειν
1199 736 1234 789 ἂ
1269 736 1529 798 ἑκουσίως
1569 733 1755 807 αἱρού-

170 831 318 901 μεθα
341 832 504 896 κακὰ,
530 831 590 882 οὐ
614 829 698 885 διὰ
719 829 818 901 τὴν
842 829 1126 882 ἀσθένειαν
1153 829 1252 899 τῆς
1275 827 1435 881 αὑτοῦ
1455 827 1752 898 δυνάμεως,

165 925 290 994 ἀλλ’
324 926 410 978 ἵνα
442 925 504 976 τὸ
530 922 684 994 ἡμῶν
707 921 1027 992 αὐθαίρετον
1057 921 1151 974 καὶ
1192 920 1254 973 τὸ
1286 919 1450 973 αὑτοῦ
1484 920 1756 991 μακρόθυ-

169 984 277 1087 μοῦ
326 1016 508 1086 δειχθῇ
534 984 675 1068 ’Πῶν
723 984 892 1084 χωρὶς
935 1010 1059 1065 οὔτε
1101 1013 1264 1082 ἡμεῖς
1297 984 1754 1081 ἀνθρωποιίοῠτε

164 1108 336 1171 αὐτὸς
358 1107 561 1176 ἀγαθὸς
588 1106 861 1176 ἐνεδέχετο
882 1102 1018 1158 εἶναι
1044 1105 1136 1157 ἐπὶ
1159 1104 1257 1176 τῆς
1285 1103 1563 1175 παρούσης
1586 1121 1751 1158 κατα-

167 1199 437 1262 στάσεως.

243 1290 298 1343 6.
334 1294 402 1344 Ει
429 1289 496 1342 δὲ
523 1290 704 1356 αὐτός
728 1290 899 1344 ἐστιν
925 1293 958 1344 d
987 1291 1131 1357 Θεὸς
1161 1295 1195 1346 ό
1218 1290 1478 1357 ποιήσας
1499 1289 1568 1343 τὰ
1587 1287 1750 1357 τῇδε,

165 1381 385 1451 δῆλον,
436 1382 545 1444 ὅτι,
582 1383 687 1436 τοῦ
733 1382 920 1436 αὐτοῦ
981 1383 1129 1437 Θεοῦ
1180 1383 1494 1452 μένοντος,
1542 1381 1641 1435 καὶ
1688 1382 1754 1448 ἐς

164 1472 431 1541 ὕστερον
457 1470 554 1524 καὶ
582 1472 671 1526 ἀεὶ
714 1471 900 1524 ταῦτα
930 1472 1123 1526 ἔσται.
1155 1474 1216 1526 Ἃ
1245 1473 1357 1541 γὰρ
1385 1471 1571 1526 πάλαι
1609 1471 1754 1540 ἠδύ-

162 1581 336 1627 νατο,
370 1563 468 1616 καὶ
495 1564 614 1617 νῦν
639 1561 885 1616 δύναται
905 1579 917 1592 ·
944 1566 996 1616 el
1020 1563 1087 1615 δὲ
1113 1563 1229 1617 νῦν
1257 1563 1448 1618 πλέον
1489 1581 1545 1617 τι
1573 1562 1754 1616 δύνα-

164 1673 266 1709 ται
313 1656 471 1723 παρὰ
511 1655 577 1708 τὸ
625 1654 847 1722 προτοῦ
869 1695 883 1720 ,
929 1655 1219 1725 ἕτχρονος
1265 1655 1451 1709 αὑτοῦ
1495 1656 1666 1709 ἔσται
1711 1656 1750 1723 ή

163 1750 412 1816 τοιαύτη
439 1748 690 1815 δύναμις
712 1764 724 1776 ·
759 1745 903 1814 ὅπερ
929 1746 1155 1800 ἄτοπον
1181 1765 1193 1778 ·
1227 1747 1293 1800 τὸ
1321 1747 1430 1817 γὰρ
1457 1748 1753 1818 ἐγχρονον

166 1845 453 1910 φθαρτόν.
497 1841 610 1909 Ἐφ’
643 1836 717 1893 ὦν
743 1837 958 1906 λέγεται
998 1840 1059 1892 τὸ
1106 1839 1385 1906 ποιήσας,
1423 1840 1517 1894 ἐπὶ
1548 1839 1751 1894 τούτων

166 1937 384 2006 λέγεται
417 1936 510 1988 καὶ
556 1935 616 1988 τὸ
660 1935 968 2003 πεποίηκε,
1005 1935 1098 1987 καὶ¹
1132 1935 1193 1987 τὸ
1225 1935 1466 2002 ποιήσει
1489 1953 1504 1966 ο
1551 1938 1644 1990 καὶ
1676 1936 1752 2001 ὡς

171 2029 631 2100 ἰσοδυναμούντων
675 2027 922 2098 ἀλλήλοις
965 2029 1110 2081 ἐστὶν
1158 2029 1335 2081 αὐτῶν
1367 2030 1401 2100 ἡ
1453 2029 1752 2101 μετάληψις

166 2118 481 2185 ἀκώλυτος·
518 2123 840 2191 προηγεῖται
885 2121 943 2173 δὲ
975 2119 1035 2174 τὸ
1077 2122 1338 2188 ποιήσας
1369 2122 1462 2175 τοῦ
1513 2121 1752 2189 ποιήσει

169 2217 374 2286 φυσικῇ
432 2213 682 2285 ἀνάγκηο
751 2214 908 2267 ἆτινά
965 2216 1078 2267 ἐστι
1138 2206 1448 2285 σημαντικὰ
1498 2216 1606 2269 τῶν
1659 2215 1752 2269 δύο

167 2308 356 2378 ἄκρων
395 2306 488 2359 τοῦ
515 2307 739 2377 ⁹χρόνου.
779 2305 882 2359 Τὸν
923 2307 978 2360 δὲ
1010 2307 1200 2378 ἔχοντα
1233 2309 1299 2361 τὰ
1340 2308 1431 2361 δύο
1471 2309 1617 2380 ἄκρα
1656 2308 1750 2363 τοῦ

169 2398 384 2469 χρόνου,
436 2396 678 2449 τουτέστι
729 2397 790 2448 τὸ
844 2396 1216 2468 παρεληλυθὸς
1279 2399 1370 2450 καὶ
1420 2397 1481 2450 τὸ
1540 2399 1749 2469 μέλλον,

169 2488 386 2558 ἀνάγκη
418 2487 561 2557 ἔχειν
595 2487 688 2540 καὶ
722 2486 782 2540 τὸ
825 2488 1025 2558 μεταξὺ
1059 2489 1168 2541 τῶν
1196 2488 1381 2559 ἄκρων
1406 2489 1500 2542 τοῦ
1536 2491 1748 2562 χρόνου,

166 2579 417 2632 τουτέστι
450 2578 510 2630 τὸ
542 2579 792 2639 ἐνεστώς.
846 2580 954 2632 Καὶ
983 2580 1170 2650 ἐπειδὴ
1213 2583 1470 2654 χρονικὴν
1503 2582 1615 2652 ἔχει
1656 2581 1752 2652 ἔμ-

169 2686 334 2738 φασιν
364 2669 424 2721 τὸ
458 2668 736 2734 ποιήσας,
786 2669 842 2734 ἐξ
888 2669 1131 2740 ἀνάγκης
1155 2671 1250 2722 καὶ⁹
1281 2671 1308 2722 6
1353 2671 1488 2736 Θεὸς
1523 2675 1752 2745 ποιήσας

169 2762 239 2815 τὰ
285 2763 412 2834 τῇδε
467 2763 609 2816 κατὰ
655 2763 754 2834 τὴν
808 2763 988 2833 φωνὴν
1038 2763 1132 2816 τοῦ
1181 2765 1638 2836 ἀποκριναμένου,
1694 2769 1751 2820 ὲν

170 2854 350 2926 χρόνῳ
394 2854 532 2907 αὐτὰ
583 2853 902 2923 πεποίηκεν.
951 2854 1111 2906 Ἀλλά
1159 2858 1388 2926 ποιήσας
1433 2859 1460 2910 6
1512 2857 1643 2921 Θεὸς
1683 2859 1753 2912 τὰ

170 2945 319 3016 τῇδε,
346 2945 416 2998 τά
436 2943 688 3016 ἄφθαρτα
715 2945 809 2999 καὶ
838 2945 908 2998 τὰ
941 2945 1153 3016 φθαρτὰ
1186 2948 1406 3018 ἐποίησε
1428 2966 1440 2977 ·
1472 2949 1613 3020 μέρη
1645 2950 1752 3022 γὰρ

168 3036 344 3090 ταῦτα
375 3037 482 3090 τῶν
526 3037 689 3108 τῇδε·
717 3036 797 3089 διὸ
822 3035 997 3106 δῆλον,
1032 3037 1112 3089 ὃτι
1145 3038 1381 3106 εὐλόγως
1417 3038 1514 3108 μὲν
1558 3039 1750 3110 ἔθηκεν

170 3129 199 3180 6
235 3128 668 3200 ἀποκρινάμενος
708 3127 932 3195 ὲπὶ,τοῦ
966 3127 1099 3180 Θεοῦ
1126 3129 1186 3181 τὸ
1219 3128 1478 3196 ποιήσας
1502 3150 1514 3160 ·
1543 3131 1753 3200 ἀλόγως

1861 643 2027 709 Deus,
2074 651 2134 697 ut
2175 659 2296 712 quae
2339 649 2534 712 sponte
2576 642 2902 712 deligimus,
2949 644 3090 696 mala
3140 643 3441 710 faciamus;

1858 752 1969 790 non
1999 736 2070 790 ob
2109 736 2399 805 potestatis
2432 750 2544 790 sua:
2575 734 3026 800 imbecillitatem,
3063 737 3158 791 sed
3195 745 3254 790 ut
3295 738 3445 792 arbi~

1856 828 1954 881 trii
1984 828 2160 886 nostri
2204 827 2454 892 libertas,
2488 827 2721 898 ejusque
2762 828 3028 897 patientia
3063 828 3390 884 ostendatur
3423 843 3440 882 :

1855 920 1974 974 sine
2010 920 2211 990 quibus
2243 934 2418 989 neque
2450 934 2552 974 nos
2593 919 2865 983 homines,
2897 935 3077 990 neque
3123 921 3240 990 ipse
3265 921 3446 978 bonus

1855 1025 1978 1066 esse
2003 1019 2189 1081 posset
2222 1010 2276 1065 in
2318 1013 2570 1083 praesenti
2598 1027 2780 1068 rerum
2813 1019 2979 1068 statu.

1930 1273 1985 1326 6.
2019 1272 2115 1327 Sin
2146 1277 2253 1344 ipse
2277 1274 2417 1330 Deus
2452 1286 2532 1330 est
2563 1279 2652 1348 qui
2683 1295 2765 1332 res
2807 1279 2964 1334 hasce
2987 1283 3245 1349 condidit,
3281 1284 3442 1352 liquet

1854 1365 2032 1419 eodem
2063 1364 2172 1419 Deo
2195 1377 2436 1420 manente
2456 1368 2638 1422 eadem
2659 1383 2861 1439 quoque
2889 1381 2940 1424 et
2971 1375 3191 1441 posthac
3235 1384 3286 1429 et
3313 1393 3442 1430 sem-

1852 1469 1943 1523 per
1977 1456 2121 1525 fore;
2152 1473 2268 1526 qua:
2316 1459 2456 1511 enim
2488 1459 2689 1513 dudum
2724 1463 2919 1529 potuit,
2955 1480 3095 1518 nunc
3124 1483 3326 1538 quoque
3343 1484 3442 1537 po-

1855 1556 1972 1601 test.
2025 1547 2180 1613 Quod
2215 1549 2261 1601 si
2300 1565 2436 1602 nunc
2469 1551 2729 1618 prolixius
2759 1553 3047 1624 quidquam
3085 1567 3255 1626 potest
3283 1577 3444 1628 quam

1853 1649 2034 1703 antea,
2062 1642 2386 1709 temporaria
2404 1646 2503 1695 erit
2521 1642 2828 1712 hujusmodi
2855 1649 3089 1714 potentia
3120 1651 3234 1719 ejus
3258 1667 3276 1704 :
3303 1655 3443 1724 quod

1855 1727 2145 1781 absurdum
2181 1740 2298 1792 est;
2347 1748 2470 1784 nam
2516 1733 2654 1801 quod
2700 1739 3100 1805 temporarium,
3144 1741 3282 1795 idem
3325 1761 3442 1798 cor-

1853 1819 2103 1888 ruptibite
2145 1830 2245 1891 est.
2281 1821 2355 1876 De
2385 1824 2587 1893 quibus
2625 1826 2792 1883 rebus
2823 1828 3045 1895 dicitur,
3077 1837 3169 1902 qui
3197 1835 3343 1904 fecit,
3375 1837 3445 1893 de

1785 1905 1826 1959 Β
1854 1911 2060 1967 eisdem
2093 1913 2256 1968 etiam
2286 1915 2490 1970 dicitur
2531 1917 2678 1987 fecit,
2715 1930 2766 1973 et
2803 1920 2983 1990 faciet,
3025 1935 3079 1980 et
3126 1929 3440 2001 utriusque,

1859 2011 1916 2057 ut
1941 2019 2135 2058 vocum
2167 2005 2413 2075 ejusdem
2441 2008 2585 2064 inter
2607 2025 2666 2065 se
2688 2015 3001 2082 potestatis,
3022 2015 3159 2072 liber
3178 2027 3263 2074 est
3284 2036 3441 2078 usus.

1855 2093 2100 2150 Naturali
2134 2105 2313 2152 autem
2346 2101 2674 2178 necessitate
2709 2107 2960 2171 verbum,
2985 2109 3075 2178 qui
3104 2109 3252 2178 fecit,
3287 2114 3445 2181 praeit

1855 2188 2022 2242 verbo
2053 2188 2232 2256 faciet,
2266 2206 2388 2260 quae
2417 2191 2583 2247 verba
2611 2193 2844 2250 duorum
2877 2201 3141 2270 temporis
3169 2211 3448 2258 extremo-

1857 2297 1976 2336 rum
2015 2293 2145 2338 sunt
2193 2292 2354 2338 notae.
2399 2283 2572 2341 Porro
2603 2289 2698 2358 qui
2728 2288 2839 2344 duo
2862 2293 3126 2361 temporis
3156 2293 3320 2350 habet
3347 2311 3447 2351 ex-

1855 2380 2051 2438 trema,
2077 2375 2131 2430 id
2166 2383 2250 2429 est
2282 2377 2617 2445 praeteritum
2650 2387 2705 2434 et
2737 2379 2980 2434 futurum
3002 2422 3015 2445 ,
3063 2398 3186 2436 eum
3213 2399 3446 2440 necesse

1855 2465 2018 2519 etiam
2051 2474 2134 2522 est
2163 2466 2215 2521 id
2259 2467 2407 2537 quod
2440 2469 2584 2524 inter
2618 2473 2881 2541 temporis
2922 2482 3166 2530 extrema
3207 2477 3442 2530 medium

1853 2567 1936 2610 est
1967 2557 2190 2621 habere,
2249 2559 2352 2622 hoc
2393 2568 2478 2614 est
2529 2576 2794 2631 praesens.
2823 2561 2890 2616 Et
2938 2579 3063 2618 cum
3098 2567 3322 2620 verbum
3353 2568 3446 2638 qui

1856 2646 1998 2715 fecit,
2046 2648 2243 2703 habeat
2290 2650 2746 2721 signiﬁcationem
2794 2657 3078 2726 temporis,
3128 2661 3445 2714 necessario

1855 2754 2072 2809 quoque
2119 2739 2283 2804 Deus,
2327 2743 2420 2813 qui
2480 2760 2569 2797 res
2621 2745 2784 2800 hasce
2837 2747 3010 2825 fecit,
3045 2757 3102 2801 ut
3147 2765 3445 2819 responsor

1855 2831 2014 2897 dixit,
2038 2833 2093 2886 in
2118 2839 2363 2905 tempore
2381 2851 2476 2890 eas
2507 2835 2654 2891 fecit.
2692 2836 2893 2893 Verum
2925 2841 3018 2910 qui
3045 2842 3146 2896 has
3169 2859 3257 2897 res
3287 2842 3444 2909 fecit,

1853 2932 1908 2979 et
1937 2938 2000 2977 ea
2023 2940 2143 2994 quae
2175 2935 2304 2981 sunt
2335 2930 2712 2999 corruptibilia
2741 2930 2892 2997 fecit,
2921 2941 2974 2987 et
3011 2949 3074 2988 ea
3105 2951 3225 3005 quae
3265 2936 3447 2991 incor-

1853 3015 2175 3085 ruptibilia:
2220 3017 2335 3073 haec
2387 3020 2532 3075 enim
2582 3032 2766 3091 partes
2800 3034 2928 3079 sunt
2966 3025 3131 3095 hujus
3177 3027 3441 3083 universi.

1855 3103 2203 3189 Quapropter
2233 3116 2400 3178 patet,
2435 3112 2632 3166 merito
2683 3113 2903 3183 quidem
2951 3132 3337 3186 responsorum
3375 3119 3445 3174 de

169 3222 226 3275 δὲ
268 3221 350 3287 τῷ
375 3195 640 3290 ἐγχρονῳ
662 3221 731 3287 τᾲ
765 3219 979 3292 φθαρτά
1005 3221 1114 3274 τῶν
1148 3222 1439 3294 ἀφθάρτων
1458 3195 1749 3290 διέστειλε,

1858 3195 1969 3252 Deo
2015 3199 2301 3268 posuisse,
2347 3204 2438 3271 qui
2482 3203 2647 3271 fecit;
2693 3216 2892 3275 praeter
2936 3210 3202 3265 rationem
3261 3220 3444 3266 autem

169 3315 276 3366 τῶν
314 3315 381 3384 τῇ
419 3314 512 3366 τοῦ
540 3312 799 3379 ποιήσας
823 3315 971 3384 φωνῇ
998 3312 1242 3383 ἀλλήλων
1271 3315 1344 3384 μὴ
1379 3314 1750 3386 διαστελλομέ-

170 3425 296 3472 νων,
329 3408 444 3475 εῐγε
489 3405 712 3476 ἐποίησε
765 3405 834 3458 τὰ
868 3403 1081 3474 φθαρτά
1128 3406 1221 3456 καὶ
1265 3405 1332 3457 τὰ
1380 3405 1649 3474 ἄφθαρτα.
1687 3407 1749 3458 Εἰ

169 3501 347 3554 τοίνυν
368 3502 396 3554 ὁ
428 3499 600 3567 λέγων
633 3499 759 3569 περὶ
787 3496 882 3550 τοῦ
917 3494 1050 3548 Θεοῦ
1086 3496 1145 3548 τὸ
1179 3495 1442 3562 ποιήσει,
1478 3499 1576 3569 τὴν
1615 3498 1749 3550 ἀνά-

170 3611 348 3648 κτισιν
372 3593 514 3646 κατά
535 3592 838 3662 πρόσληψιν
863 3592 1008 3662 λέγει
1031 3593 1131 3662 τῆς
1166 3589 1422 3662 ὲγχρόνου
1448 3589 1766 3661 δυνάμεως,

171 3687 322 3739 ἔσται
355 3685 463 3755 ἄρα
496 3685 592 3737 καὶ
616 3687 641 3736 6
673 3683 846 3752 λέγων
880 3685 1007 3755 περὶ
1032 3684 1197 3736 αὑτοῦ
1230 3683 1290 3735 τὸ
1322 3681 1581 3748 ποιήσας
1609 3681 1752 3735 κατὰ
1797 3751 1800 3755 λ

172 3776 475 3850 πρόσληψιν
508 3776 680 3843 λέγων
714 3776 814 3845 τῆς
839 3775 1096 3845 ὲγχρόνου
1125 3774 1423 3844 δυνάμεως,
1450 3774 1564 3840 εἴγε
1597 3775 1749 3842 ἡγεῖ-

172 3887 260 3923 ται
294 3868 568 3939 πανταχοῦ
600 3869 661 3921 τὸ
687 3867 946 3934 ποιήσας
971 3865 1064 3919 τοῦ
1094 3865 1352 3930 ποιήσει.
1395 3864 1458 3919 Εἰ
1498 3865 1554 3918 δὲ
1590 3867 1748 3938 ποιή-

174 3979 273 4025 σας
297 3963 378 4015 οὑ,
399 3959 542 4014 κατὰ
587 3958 889 4031 πρόσληψιν
924 3958 1147 4027 ἐποίησε
1176 3957 1274 4026 τῆς
1306 3955 1562 4027 ὲγχρόνου
1590 3956 1749 4009 δυνά-

176 4073 339 4126 μεως,
367 4055 474 4108 οὐδ’
499 4053 607 4125 ἄρα
631 4053 845 4122 ποιήσεσι
874 4050 1014 4103 κατά
1041 4049 1343 4122 πρόσληψιν
1371 4050 1468 4120 τῆς
1493 4049 1749 4120 ὲγχρόνου

161 4147 468 4218 δυνάμεως.

246 4324 299 4378 7.
333 4326 403 4377 El
431 4322 519 4388 δὲ,
549 4320 885 4390 δυνάμενος
924 4320 1022 4375 καὶ
1051 4321 1234 4374 πάλαι
1264 4320 1532 4374 κωλῦσαι
1576 4320 1749 4374 τοῦτο

167 4415 239 4470 ,τὸ
280 4414 569 4484 μέγιστον
604 4411 812 4475 κακὸν,
865 4413 975 4464 οὐκ
1015 4410 1307 4474 ἐκώλυσε,
1351 4411 1640 4486 φθονερὸς
1675 4410 1751 4465 ἂν

173 4509 266 4574 ειη
291 4525 303 4536 ·
335 4506 481 4573 ὅπερ
521 4504 737 4570 ἀσεϐὲς
774 4504 870 4557 καὶ
911 4502 1325 4571 φαντάζεσθαι.
1362 4503 1460 4556 Δεῖ
1497 4499 1611 4557 οὖν
1643 4502 1751 4556 τὸν

1863 3292 2180 3357 temporario
2215 3295 2595 3364 corruptibilia
2645 3298 2712 3352 ab
2775 3299 3288 3374 incorruptibilihus
3332 3305 3446 3360 dis-

1860 3383 2090 3439 tinxisse
2123 3403 2134 3438 :
2173 3399 2295 3439 cum
2328 3401 2392 3441 ea
2421 3390 2589 3443 verbo
2633 3392 2724 3459 qui
2751 3391 2894 3459 fecit,
2923 3394 3066 3448 inter
3104 3412 3163 3450 se
3182 3397 3445 3454 distincta

1859 3489 1966 3528 non
2002 3474 2144 3544 sint;
2197 3477 2466 3548 siquidem
2510 3489 2564 3534 et
2609 3485 2990 3553 corruptibilia
3025 3495 3078 3540 et
3110 3489 3447 3561 incorrupti-

1858 3563 1988 3617 bilia
2019 3564 2166 3637 fecit.
2200 3566 2255 3621 Si
2284 3568 2413 3638 ergo
2437 3571 2528 3639 qui
2562 3571 2694 3625 dicit
2726 3573 2792 3628 de
2828 3573 2956 3638 Deo,
2996 3577 3176 3644 faciet,
3214 3583 3444 3635 restitu-

1858 3656 2060 3713 tionem
2109 3663 2431 3716 accessione
2492 3667 2838 3734 temporariaz
2886 3672 3140 3737 potentiae
3202 3671 3445 3727 futuram

1858 3749 1990 3802 dicit
2028 3769 2039 3802 :
2090 3765 2222 3803 sane
2251 3752 2472 3821 quidem
2507 3762 2560 3809 et
2605 3756 2698 3824 qui
2741 3757 2807 3810 de
2857 3773 2924 3811 co
2963 3760 3116 3823 dicit,
3158 3763 3247 3830 qui
3296 3763 3443 3832 fecit,

1859 3839 2175 3894 accessione
2199 3843 2542 3910 temporariae
2570 3847 2825 3914 potentia:
2859 3847 3056 3904 fecisse
3079 3850 3212 3908 dicit
3235 3871 3249 3920 ;
3272 3857 3446 3924 siqui-

1858 3930 1981 3985 dem
2017 3932 2264 3999 verbum,
2295 3935 2384 4004 qui
2411 3935 2556 4004 fecit,
2605 3938 2808 4008 ubique
2855 3942 3008 4009 praeit
3048 3945 3228 4014 verbo,
3259 3945 3440 4014 faciet.

1859 4020 1954 4077 Sin
1985 4027 2077 4094 qui
2113 4025 2260 4090 fecit,
2297 4041 2409 4080 non
2437 4029 2756 4085 accessione
2791 4032 2918 4086 fecit
2966 4037 3308 4104 temporariae
3343 4054 3442 4109 po-

1858 4117 2060 4184 tentiae,
2090 4133 2201 4172 non
2231 4119 2417 4190 utique
2439 4121 2605 4174 etiam
2637 4120 2800 4177 faciet
2824 4127 3166 4194 temporaria;
3189 4131 3446 4198 potentias

1858 4209 2192 4263 accessione.

1928 4299 1980 4351 7.
2016 4298 2132 4364 Sin,
2158 4317 2272 4369 cum
2292 4301 2450 4358 etiam
2482 4305 2610 4358 olim
2627 4298 2899 4373 prohibere
2924 4312 3444 4377 potueritsummum

1855 4392 1952 4447 hoc
1983 4394 2207 4459 malum,
2245 4412 2348 4449 non
2389 4396 2680 4466 prohibuit,
2712 4400 2918 4456 invidus
2959 4403 3161 4471 fuerit:
3189 4407 3328 4474 quod
3367 4409 3444 4475 vel

1859 4485 2146 4556 imaginari
2177 4487 2394 4555 impium
2430 4497 2537 4546 est.
2574 4489 2801 4560 Necesse
2838 4511 2959 4564 ergo
3001 4505 3078 4549 est
3107 4498 3344 4551 eutndem
3388 4501 3444 4553 in

174 4596 378 4659 αὐτὸν,
409 4594 507 4647 ἐπὶ
550 4592 668 4646 τῶν
693 4593 893 4647 αὐτῶν
930 4592 1212 4662 μένοντα,
1244 4593 1316 4646 τὰ
1342 4593 1493 4648 αὐτὰ
1538 4593 1748 4647 ποιεῖν.

1858 4579 2053 4632 eisdem
2086 4591 2403 4645 manentem,
2428 4581 2611 4637 eadem
2637 4587 2829 4655 facere.
2863 4585 3122 4644 Homines
3149 4605 3246 4659 per
3287 4592 3446 4661 igno-

177 4692 297 4742 Ὅτι
331 4687 516 4740 ἕνεκεν
556 4685 779 4760 ἀγνοίας
821 4685 957 4738 Θεοῦ
993 4685 1345 4756 πολυτρόπως
1375 4685 1662 4738 ἀσεϐοῦσιν
1704 4687 1754 4738 οἱ

173 4780 467 4850 ἄνθρωποι,
496 4779 544 4829 εἰ
569 4777 660 4830 τὸν
689 4776 858 4840 ὅντως
891 4776 1019 4830 ὄντα
1053 4778 1184 4832 Θεὸν
1218 4777 1522 4846 ἀγνοοῦσιν,
1558 4778 1614 4830 ὲν
1643 4781 1754 4842 τοῖς

173 4871 428 4943 ἀνωτέρω
450 4867 750 4939 ἐδείξαμεν.
786 4870 856 4921 Ἣ
890 4869 998 4942 γὰρ
1032 4870 1281 4925 ἀθετοῦσι
1321 4871 1411 4924 τὸν
1438 4871 1589 4935 Θεὸν,
1617 4873 1753 4926 ἀπο-

176 4963 489 5034 στεροῦντες
512 4961 674 5016 αὑτὸν
699 4963 797 5034 τῆς
835 4962 970 5027 ἰδίας
1001 4963 1180 5034 δόξης,
1216 4964 1311 5017 καὶ⁵
1333 4965 1458 5028 τοὺς
1479 4965 1577 5018 οὐκ
1599 4965 1755 5028 ὄντας

176 5057 327 5120 θεοὺς
361 5059 471 5119 τοῖς
503 5056 710 5110 ἐκείνου
739 5054 961 5126 ὀνόμασαι
988 5057 1082 5109 καὶ
1112 5057 1398 5127 πράγμασι
1429 5056 1638 5126 ψευδῶς
1671 5073 1754 5110 τι-

179 5149 378 5220 μῶσιν·
409 5149 442 5219 ἢ
487 5150 585 5220 τὴν
616 5147 978 5221 δημιουργίαν
1018 5165 1076 5200 τε
1123 5148 1218 5200 καὶ
1248 5147 1504 5217 πρόνοιαν
1541 5146 1634 5200 τοῦ
1667 5147 1756 5200 κό-

176 5257 312 5310 σμου
335 5239 680 5293 ὑποτιθέασιν
711 5236 844 5294 εἶναι
875 5239 1193 5311 μαχομένων
1222 5238 1470 5311 ἀλλήλοις
1496 5239 1756 5310 δημιουρ-

175 5332 284 5402 γῶν
303 5351 316 5362 ·
357 5333 390 5402 ἢ
420 5332 498 5402 τῷ
523 5331 615 5385 τοῦ
647 5333 914 5402 ἀγενήτου
945 5330 1167 5400 ὀνόματι
1204 5329 1348 5400 μόνῳ
1381 5328 1642 5400 πρέποντι
1676 5327 1756 5399 τῷ

175 5421 484 5493 δημιουργῷ
508 5421 602 5474 τοῦ
636 5423 838 5492 κόσμου
865 5419 1004 5490 Θεῷ,
1036 5416 1358 5488 ὀνομάζουσι
1381 5415 1449 5468 τὰ
1660 5414 1754 5508 τοῦ

177 5515 377 5584 κόσμου
399 5555 413 5578 ,
440 5514 532 5566 καὶ
551 5515 716 5584 χωρὶς
740 5513 834 5566 τοῦ
865 5512 1218 5585 δημιουργεῖν
1247 5507 1646 5580 προσριπτοῦσι
1678 5507 1756 5578 τῷ

176 5600 292 5673 Θεῷ
323 5604 384 5656 τὸ
425 5603 595 5675 ὄνομα
643 5605 737 5657 τοῦ
780 5603 1110 5676 δημιουργοῦ
1133 5619 1148 5635 ·
1197 5602 1282 5653 ἵνα
1317 5599 1636 5670 παραλείψω
1688 5599 1757 5652 τὰ

176 5696 305 5752 ἄλλα
331 5697 388 5751 ὲν
407 5695 710 5768 ἀνθρώποις
733 5696 846 5767 εἴδη
876 5695 985 5750 τῶν
1011 5698 1284 5766 μεγίστων
1313 5692 1518 5756 κακῶν,
1539 5691 1608 5745 τὰ
1633 5693 1756 5762 ἴσην

177 5789 210 5860 ἢ
253 5791 346 5842 καὶ
401 5790 622 5860 μείζονα
673 5789 862 5859 ἔχοντα
900 5788 1154 5843 ἀσέϐειαν
1201 5787 1303 5860 τῆς
1347 5785 1598 5848 ἀσεϐείας
1648 5783 1758 5837 τῶν

179 5881 428 5954 φθονερὸν
471 5882 563 5937 τὸν
612 5882 742 5937 Θεὸν
789 5880 1230 5953 φανταζομὲνων.
1301 5878 1439 5932 Ἀλλ’
1491 5879 1539 5932 εἱ
1583 5876 1757 5931 ταῦτα

1859 4672 2127 4727 rationem
2159 4672 2274 4735 Dei,
2316 4674 2360 4728 si
2393 4690 2583 4752 verum
2619 4692 2726 4732 non
2758 4678 2944 4733 norint
2980 4678 3172 4745 Deum,
3197 4665 3444 4739 multifa—

1857 4765 1993 4817 riam
2018 4765 2214 4835 impios
2241 4783 2384 4831 esse,
2407 4769 2460 4822 in
2487 4769 2572 4824 his
2601 4785 2721 4839 quae
2743 4785 2909 4840 supra
2928 4771 3074 4826 dicta
3104 4783 3232 4829 sunt
3258 4781 3448 4834 osten-

1855 4858 2060 4914 dimus.
2098 4856 2198 4912 Vel
2231 4859 2376 4913 enim
2410 4858 2580 4913 Deum
2619 4861 2838 4915 abolent
2866 4863 3154 4931 majestate
3189 4881 3313 4921 eum
3343 4883 3444 4924 sua

1856 4950 2159 5019 privantes,
2185 4957 2239 5006 ct
2268 4966 2364 5006 eos
2394 4952 2485 5021 qui
2529 4951 2604 5006 dii
2638 4968 2747 5008 non
2771 4964 2914 5009 .sunt
2949 4957 3171 5012 nomine
3203 4967 3256 5012 et
3279 4959 3444 5023 rebus

1855 5041 2032 5112 ipsius
2055 5041 2194 5117 falso
2227 5041 2500 5107 honorant
2533 5060 2545 5094 :
2581 5052 2676 5097 aut
2708 5047 2897 5100 mundi
2925 5047 3204 5118 Opiﬁcium
3231 5059 3446 5122 etepro-

1855 5134 2153 5189 videntiam
2182 5132 2498 5205 supponunt
2520 5150 2642 5191 esse
2662 5127 2917 5206 opiﬁcum
2942 5139 3086 5195 inter
3117 5157 3175 5196 se
3195 5157 3444 5215 pugnan-

1857 5226 2023 5290 tium;
2077 5226 2238 5296 513
2280 5235 2374 5281 aut
2404 5228 2625 5282 nomine
2666 5229 2918 5299 ingeniti,
2969 5233 3117 5302 quod
3167 5235 3268 5290 soli
3311 5252 3446 5294 con-

1857 5319 2004 5389 gruit
2020 5319 2321 5374 architecto
2351 5320 2539 5375 mundi
2563 5319 2695 5388 Deo,
2715 5333 2899 5391 partes
2921 5327 3111 5382 mundi
3135 5329 3443 5395 nominant,

1856 5420 2023 5482 atque
2070 5412 2278 5482 absque
2332 5413 2552 5484 opiﬁcio
2583 5415 2814 5485 «opiﬁcis
2867 5433 3068 5474 nomen
3123 5419 3232 5476 Deo
3272 5423 3445 5492 proji-

1856 5505 2045 5560 ciunt:
2096 5514 2155 5560 ut
2196 5507 2412 5561 interim
2457 5507 2594 5562 alias
2631 5508 2688 5562 in
2728 5508 3046 5566 hominibus
3079 5513 3443 5571 maximorum

1859 5597 2133 5652 malorum
2184 5599 2434 5653 omittam
2480 5601 2715 5670 species,
2748 5616 2869 5671 qua:
2919 5619 3108 5672 parem
3153 5606 3238 5660 vel
3279 5607 3443 5661 etiam

1857 5691 2118 5758 majorem
2162 5689 2363 5745 habent
2393 5691 2749 5762 impietatem,
2786 5709 2950 5764 quam
2995 5693 3165 5763 Deum
3193 5697 3437 5752 invidum

1860 5781 2168 5853 imaginari.
2196 5781 2302 5838 Sed
2322 5784 2370 5839 si
2392 5784 2507 5840 hrec
2536 5792 2592 5840 et
2620 5785 2726 5839 alia
2752 5785 3020 5856 ejusmodi
3047 5789 3102 5843 in
3122 5789 3437 5847 hominibus

1859 5877 2099 5932 maxima
2125 5876 2268 5931 mala
2295 5884 2444 5946 sunt,
2465 5878 2817 5949 praedicatam
2844 5887 3026 5937 autem
3054 5895 3086 5940 a
3108 5878 3437 5942 Christianis
