4146 6430
741 378 882 434 1415

1521 380 1884 436 APPENDIX.
1921 414 1992 425 —
2028 382 2210 438 PARS
2247 384 2288 439 l.
2332 384 2389 440 S.
2431 384 2696 440 JUSTINI
2731 385 2966 442 OPEBA
3005 385 3281 444 SPURIA.

3889 387 3916 440 i
3937 386 4028 441 HG

736 494 1162 557 restitutionem,
1209 493 1266 547 in
1296 509 1403 564 qua
1433 493 1492 548 fit
1522 498 1767 548 omnium
1804 496 1858 550 in
1911 496 2228 552 hominibus
2271 514 2301 552 e

2433 498 2531 568 μὲν
2585 499 2679 552 καὶ
2735 500 2804 553 τὰ
2853 500 3077 554 τοιαῦτά
3125 502 3272 554 ἐστιν
3325 501 3382 554 ἐν
3436 497 3751 570 ἀνθρώποις
3787 499 4029 568 μέγιστα

735 589 934 641 anima:
958 592 1012 639 et
1038 585 1288 654 corporis
1318 585 1587 638 malorum
1614 585 1860 651 abolitio,
1894 602 2005 640 non
2031 587 2206 642 credit
2235 603 2324 642 re-

735 695 1008 750 sponsor;
1057 676 1339 748 quomodo
1397 694 1507 732 non
1566 680 1789 733 invidus
1847 680 1994 734 illius
2053 680 2323 735 sententia

735 773 902 836 Deus,
933 772 1027 842 qui
1074 787 1200 826 cum
1239 771 1531 842 prohibere
1559 774 1734 842 possit
1780 772 2016 826 maxima
2053 773 2107 827 in
2146 773 2322 826 homi-

733 868 898 921 nibus
933 867 1100 928 maia,
1147 881 1258 919 non
1294 865 1570 936 prohibet,
1625 865 1720 920 sed
1769 865 1821 919 in
1858 866 2050 920 iisdem
2094 881 2322 921 manens

733 974 952 1027 semper
985 973 1101 1018 eos,
1146 958 1241 1026 qui
1273 957 1328 1011 in
1383 957 1560 1026 ipsum
1592 964 1648 1011 et
1690 957 1745 1011 in
1789 973 1848 1012 se
1895 959 2124 1012 invicem
2169 960 2321 1028 impii

733 1058 883 1113 sunt,
920 1049 1087 1103 facit?
1122 1049 1235 1103 Cur
1283 1058 1465 1102 autem
1503 1048 1695 1102 mundi
1749 1048 2153 1103 restitutionem
2207 1065 2320 1104 non

732 1141 906 1196 credit
930 1141 1266 1210 responsor?
1297 1139 1486 1193 Utrum
1518 1141 1589 1194 ob
1615 1139 1918 1195 conditoris
1942 1141 2195 1211 potentiae
2224 1157 2319 1210 pe-

731 1235 971 1297 nuriam,
1017 1249 1085 1287 an
1120 1241 1344 1304 propter
1390 1232 1576 1303 operis
1627 1233 2052 1303 indignitatem?
2083 1233 2240 1299 Quod
2268 1235 2316 1289 si

727 1327 802 1381 ob
831 1327 1140 1381 conditoris
1178 1329 1435 1396 potentia:
1467 1327 1775 1397 penuriam,
1813 1343 1882 1380 ne
1906 1327 2159 1380 conditor
2188 1327 2316 1397 qui-

727 1419 854 1474 dem
884 1419 991 1475 erit
1022 1418 1186 1474 Deus.
1216 1418 1348 1485 Qua:
1379 1421 1525 1474 enim
1557 1421 1848 1474 restituere
1887 1435 1997 1474 non
2025 1428 2224 1489 potest,
2251 1435 2316 1476 ea

727 1527 832 1566 nec
865 1511 1044 1567 facere
1073 1518 1274 1582 potest.
1302 1509 1731 1580 Consequuntur
1764 1527 2001 1580 namque
2027 1512 2142 1566 haec
2171 1513 2316 1568 inter

725 1620 853 1661 sese
882 1613 1096 1670 mutuo,
1119 1621 1217 1661 seu
1245 1615 1546 1676 ponantur,
1581 1605 1696 1660 sive
1734 1607 2018 1661 tollantur.
2055 1604 2153 1659 Sin
2184 1622 2314 1677 pro-

725 1704 848 1766 pter
876 1698 956 1752 rei
1001 1698 1422 1767 indignitatem;
1466 1712 1610 1767 opus
1642 1713 1774 1767 ergo
1814 1699 2167 1767 praestantius
2203 1699 2311 1754 erit

727 1788 1010 1861 indignum
1047 1789 1177 1856 Deo,
1221 1789 1369 1858 quod
1413 1789 1564 1843 dictu
1619 1791 1920 1846 absurdum
1959 1800 2076 1858 est,
2113 1807 2310 1862 nempe

2423 590 2590 657 κακὰ,
2623 593 2723 663 τὴν
2751 593 2808 645 δὲ
2835 594 2941 647 ὑπὸ
2974 593 3316 666 Χριστιανῶν
3345 594 3765 666 κηρυττομένην
3792 593 4028 645 ἀνάκτι-

2426 698 2531 747 σιν,
2561 683 2620 735 ἐν
2714 683 2924 751 γίνεται
2958 677 3174 738 πάντων
3193 683 3302 737 τῶν
3336 686 3393 737 ἐν
3417 683 3729 755 ἀνθρώποις
3757 684 3913 737 κατὰ
3936 684 4028 752 τὴν

2422 771 2600 844 ψυχὴν
2634 775 2728 826 καὶ
2760 774 2901 827 κατὰ
2932 776 2992 828 τὸ
3023 775 3180 846 σῶμα
3205 773 3391 828 κακῶν
3419 777 3453 845 ἡ
3485 773 3790 846 ἀναίρεσις,
3823 776 3858 826 ὁ
3889 774 4026 825 ἀπο-

2423 865 2749 936 κρινάμενος
2779 867 2998 920 ἀπιστεῖ
3021 884 3034 897 ’
3069 868 3187 931 πῶς
3209 869 3307 919 οὑκ
3340 866 3456 918 ἔστι
3483 868 3601 920 κατ’
3625 867 3795 919 αὑτὸν
3829 868 3866 917 ὀ
3897 866 4030 927 85b;

2425 955 2703 1027 φθονερὸς,
2738 957 2817 1022 ὃς,
2852 958 3148 1028 δυνάμενος
3187 957 3426 1011 κωλῦσαι
3472 957 3542 1010 τὰ
3592 959 3651 1010 ἐν
3702 956 4031 1027 ἀνθρώποις

2425 1047 2659 1115 μέγιστα
2699 1049 2865 1115 κακά,
2911 1052 2970 1102 οὐ
3007 1049 3228 1113 κωλύει,
3270 1049 3384 1102 ἀλλ’
3419 1049 3514 1102 ἐπὶ
3552 1048 3660 1100 τῶν
3692 1048 3887 1101 αὐτῶν
3935 1048 4022 1116 μὲ-

2416 1152 2530 1188 νειν
2557 1135 2668 1208 (54)
2711 1139 2799 1191 ἀεὶ
2833 1143 2978 1193 ποιεῖ
3003 1140 3130 1203 τοὺς
3167 1140 3250 1202 είς
3288 1140 3450 1193 αὐτόν
3479 1156 3540 1192 τε
3585 1141 3679 1192 καὶ
3719 1142 3807 1203 εἰς
3856 1139 4030 1209 ἀλλή-

2418 1226 2541 1291 λους
2570 1228 2932 1294 ἀσεϐοῦντας;
2963 1232 3118 1294 Τίνος
3149 1230 3207 1284 δὲ
3232 1229 3420 1283 ἕνεκεν
3461 1231 3680 1284 ἀπιστεί
3715 1232 3748 1282 ὁ
3781 1230 4028 1300 ἀποκρί-

2420 1320 2649 1389 νάμενος
2680 1321 2773 1374 τοῦ
2804 1322 3011 1392 κόσμου
3197 1323 3516 1389 ἀνάκτισιν;
3543 1323 3639 1376 Διὰ
3671 1322 3774 1393 τὴν
3815 1323 4027 1375 ἀδυνα-

2418 1411 2550 1481 μίαν
2594 1411 2689 1464 τοῦ
2737 1415 3040 1477 ποιοῦντος,
3087 1413 3120 1485 ἦ
3169 1413 3259 1467 διὰ
3303 1415 3366 1467 τὸ
3410 1416 3654 1486 ἀπρεπὲς
3679 1415 3779 1468 τοῦ
3808 1414 4024 1486 ἔργου;

2429 1501 2567 1554 Ἀλλ’
2601 1504 2650 1555 εί
2685 1503 2786 1573 μὲν
2811 1504 2899 1558 διὰ
2937 1504 3033 1575 τὴν
3062 1505 3361 1576 ἀδυναμίαν
3392 1505 3486 1558 τοῦ
3515 1505 3824 1570 ποιοῦντος,
3859 1505 4022 1557 ἔσται

2413 1595 2443 1646 ὁ
2485 1594 2618 1658 Θεὸς
2661 1594 2786 1649 οὔτε
2832 1600 3096 1670 ποιητής’
3127 1591 3204 1653 ὧν
3244 1599 3354 1671 γὰρ
3389 1600 3491 1668 τῆς
3537 1599 3967 1669 μεταποιήσεως
3997 1598 4024 1649 ὁ

2412 1684 2546 1749 Θεὸς
2567 1687 2668 1738 οὐκ
2693 1687 2804 1758 ἔχει
2829 1689 2930 1760 τὴν
2953 1689 3203 1762 δύναμιν,
3227 1691 3431 1744 τούτων
3453 1690 3574 1744 οὐδὲ
3599 1690 3701 1760 τῆς
3730 1691 4022 1760 ποιήσεως

2412 1777 2525 1848 ἔχει
2549 1796 2561 1807 ·
2596 1779 2843 1850 ἑπόμενα
2886 1781 2994 1852 γάρ
3025 1783 3144 1835 ἐστι
3171 1782 3343 1836 ταῦτα
3377 1782 3646 1855 ἀλλήλοις,
3666 1781 3941 1852 τιθέμενα
3986 1782 4015 1851 ἢ

727 1881 898 1937 Deum
943 1882 1139 1938 decere
1177 1893 1237 1936 ut
1269 1882 1521 1938 homines
1571 1881 1736 1938 faciat
1784 1885 2200 1956 corruptibiles,
2249 1895 2302 1940 ul

2413 1866 2781 1938 ἀναιρούμενα
2803 1886 2817 1898 ο
2851 1871 2900 1921 εἰ
2931 1870 2990 1922 δὲ
3017 1870 3106 1924 διὰ
3130 1873 3192 1925 τὸ
3226 1874 3474 1945 ἀπρεπὲς
3499 1872 3594 1926 τοῦ
3628 1872 3820 1944 ἔργου,
3851 1871 4014 1924 ἔσται

721 1984 908 2030 autem
937 1976 1406 2046 incorruptibiles,
1432 1977 1655 2033 minime
1676 1978 1892 2034 decere.

720 2259 1057 2329 QUESTIO
1077 2261 1502 2320 CHRISTIANA
1523 2263 1614 2316 AD
1635 2262 1939 2320 GRAECOS
1964 2265 2309 2324 SECUNDA.

793 2422 854 2492 Si
883 2437 1000 2492 fieri
1032 2453 1145 2492 non
1176 2444 1360 2508 potest
1394 2447 1452 2493 ut
1492 2437 1639 2495 Deus
1681 2439 1755 2494 sit
1777 2441 1871 2510 qui
1903 2441 2041 2495 nihil
2072 2441 2261 2497 fecerit
2292 2457 2309 2497 :

714 2529 999 2601 quomodo
1030 2528 1174 2584 Deus
1200 2529 1308 2597 est,
1326 2529 1374 2587 si
1399 2530 1640 2588 mundus
1664 2533 1947 2604 ingenitus
1975 2545 2085 2602 est,
2119 2542 2179 2589 ut
2209 2551 2313 2590 no-

714 2622 890 2677 nulis
922 2619 1179 2676 videtur!

861 2733 1251 2790 RESPONSIO
1272 2732 1538 2791 GRECA
1566 2735 1658 2790 AD
1680 2736 2162 2797 CHRISTIANOS.

792 2907 939 2964 Fieri
966 2924 1077 2963 non
1105 2924 1288 2979 posse,
1313 2918 1376 2964 ut
1405 2909 1551 2968 Deus
1577 2914 1648 2970 sit
1670 2915 1764 2984 qui
1797 2916 1935 2970 nihil
1965 2916 2176 2983 fecerit,
2203 2919 2304 2976 ab.

711 3000 950 3054 surdum
985 3001 1139 3054 dictu
1179 3011 1284 3055 est.
1328 3001 1546 3059 Rursus
1585 3006 1732 3059 enim
1788 3007 1894 3063 huc
1942 3010 2085 3064 ratio
2113 3011 2304 3068 eadem

709 3091 974 3162 quadrat,
1003 3093 1148 3162 apud
1180 3093 1349 3149 Deum
1375 3111 1488 3150 non
1532 3112 1657 3152 esse
1700 3108 2115 3171 temporaneum
2145 3105 2305 3174 quid-

711 3199 906 3253 quam.
933 3184 1090 3250 Quod
1114 3187 1157 3240 si
1203 3187 1341 3240 nihil
1369 3197 1454 3242 est
1476 3190 1622 3260 apud
1659 3189 1829 3245 Deum
1865 3200 2297 3264 temporaneum,

713 3277 890 3346 liquet
923 3292 1103 3347 neque
1149 3280 1486 3348 praeteritum
1518 3291 1734 3353 tempus
1768 3284 1879 3340 Deo
1907 3289 2300 3345 convenienter

709 3371 914 3440 aptari.
965 3371 1125 3449 Quod
1173 3372 1222 3426 si
1258 3372 1362 3426 hoc
1409 3388 1523 3428 non
1569 3378 1861 3445 convenit;
1909 3395 2088 3450 neque
2137 3383 2302 3437 etiam

709 3464 971 3516 convenit
1012 3469 1074 3516 ut
1107 3462 1252 3518 Deus
1294 3466 1593 3535 quidquam
1640 3467 1838 3526 fecisse
1881 3472 2116 3527 dicatur.
2157 3475 2301 3542 Quid

707 3553 880 3622 ergo?
905 3552 1144 3610 Peccare
1175 3571 1276 3611 nos
1310 3558 1462 3612 dices
1492 3560 1642 3628 quod
1673 3560 1844 3616 Deum
1866 3565 2104 3620 otiosum
2145 3567 2300 3622 dica-

709 3647 877 3701 mus?
910 3646 1113 3702 Verum
1169 3649 1273 3703 hoc
1320 3665 1431 3705 non
1479 3654 1736 3720 dicimus,
1781 3658 1876 3713 sed
1925 3657 2094 3714 Deum
2123 3676 2300 3730 neque

713 3739 932 3806 fecisse,
968 3743 1161 3812 neque
1175 3740 1376 3806 facere,
1403 3761 1580 3814 neque
1623 3746 1896 3804 facturum
1925 3767 2049 3807 esse
2084 3753 2139 3806 in
2159 3763 2301 3808 tem-

711 3847 865 3903 pore.
903 3832 1090 3904 Neque
1113 3836 1262 3889 enim
1292 3836 1592 3907 quidquam
1636 3839 1765 3895 fecit
1805 3844 1978 3913 magis
2015 3860 2182 3916 quam
2217 3846 2300 3900 fa-

708 3927 820 3992 cit;
854 3936 950 3980 aut
999 3928 1177 3998 magis
1217 3929 1349 3983 facit
1390 3945 1556 4000 quam
1592 3931 1777 3991 faciet.
1811 3933 1921 3990 Sed
1963 3944 2018 3993 ct
2072 3949 2289 4009 praster-

709 4018 849 4072 itum
895 4020 1041 4089 apud
1075 4020 1245 4076 Deum
1277 4023 1333 4076 in
1383 4029 1668 4093 prasenti,
1693 4035 1749 4082 et
1779 4027 2024 4084 futurum
2064 4032 2123 4086 in
2157 4049 2296 4102 pra:-

707 4113 878 4165 terito
897 4121 1012 4179 est;
1046 4114 1249 4184 quippe
1270 4131 1397 4169 cum
1435 4115 1576 4172 Deus
1604 4118 1742 4172 nihil
1783 4119 1917 4175 ﬂuxi
1945 4123 2162 4191 habeat,
2196 4127 2294 4181 sed

705 4203 902 4257 eadem
950 4220 1167 4276 semper
1206 4206 1391 4272 faciat,
1435 4218 1661 4279 propter
1688 4212 1984 4281 perfectam
2035 4217 2209 4286 ipsius
2240 4226 2294 4273 et

707 4293 1109 4352 immutabilem
1143 4301 1444 4367 potentiam
1495 4311 1550 4356 et
1591 4313 1796 4359 actum.
1839 4306 2028 4377 Itaque
2063 4325 2130 4364 eo
2173 4311 2293 4380 ipso

703 4387 858 4457 quod
878 4395 981 4452 est,
1014 4392 1279 4445 mundum
1298 4391 1484 4458 eﬂicit,
1511 4394 1641 4450 dum
1667 4407 1870 4452 motum
1895 4399 1944 4455 ei
1967 4409 2289 4470 perpetuum

702 4479 1044 4548 suppeditat,
1083 4480 1322 4553 facitque
1353 4494 1418 4538 ut
1455 4501 1554 4555 per
1581 4502 1745 4542 omne
1777 4505 1953 4544 aevum
1996 4492 2286 4547 colluceat.

2415 1956 2526 2029 ἄρα
2551 1958 2613 2011 τὸ
2645 1962 2888 2031 κρεῖττον
2921 1961 3081 2033 ἔργον
3127 1964 3203 2035 μὴ
3243 1966 3452 2037 πρέπον
3487 1964 3668 2035 αὐτῷ·
3697 1965 3841 2035 ὅπερ
3886 1966 4015 2017 ἄτο-

2417 2065 2538 2114 πον,
2595 2050 2658 2102 τὸ
2701 2051 2879 2120 λέγειν
2927 2054 3202 2127 φθαρτοὺς
3255 2055 3354 2127 μὲν
3404 2054 3723 2127 ἀνθρώπους
3770 2057 4013 2127 πρέπειν

2413 2141 2564 2211 αὐτῷ
2597 2146 2790 2208 ποιεῖν,
2820 2145 3134 2217 ἀφθάρτους
3170 2146 3231 2200 δὲ
3259 2148 3335 2219 μὴ
3365 2149 3598 2218 πρέπειν
3629 2148 3782 2219 αὐτῷ
3806 2152 4008 2200 ποιεῖν.

2427 2279 2778 2334 ἘΡΩΤΗΣΙΣ
2823 2283 3496 2408 ΧΡΙΣἸῚῈΝᾸΣΚἛΙΠΡΟΣ
3541 2283 3721 2337 TOTIS
3764 2283 4010 2337 ἘΛΛΗυ

2482 2463 2548 2516 Ei
2593 2463 2856 2517 ἀδύνατον
2911 2459 3052 2518 εἶναι
3097 2464 3235 2519 Θεὸν
3281 2464 3376 2519 τὸν
3423 2464 3590 2537 μηδὲν
3632 2464 4006 2534 πεσιωιηκότα,

2411 2556 2532 2620 sui»;
2563 2556 2682 2610 ἐστι
2731 2557 2885 2622 Θεὸς,
2935 2561 2986 2612 εί
3024 2560 3054 2611 ὁ
3103 2559 3310 2630 κόσμος
3351 2559 3637 2630 ἀγένητος,
3688 2558 3839 2612 καθά
3891 2576 4009 2612 τισι

2409 2648 2560 2702 δοκεῖ
2574 2665 2589 2714 ;

2422 2761 2808 2817 ἈΠΟΚΡῘΣΙΣ
2895 2765 3278 2819 ῈΛΛΗΝῙΚΗ
3353 2764 3533 2822 ΠΡΟΣ
3589 2764 3775 2818 ΤΟΥΣ
3849 2764 4003 2817 ΧΡΙ-

3028 2835 3390 2888 ΣΤΙΔΝΟΥΣ.

2475 2946 2554 3001 τὸ
2571 2945 2753 3016 λέγειν
2781 2945 3042 3000 ἀδύνατον
3070 2941 3212 3000 εῖναι
3261 2947 3394 3000 Θεὸν
3442 2947 3536 3000 τὸν
3565 2947 3736 3018 μηδὲν
3762 2964 4005 3018 πεποιη·

2406 3038 2563 3103 κότα,
2597 3037 2798 3091 ἄτοπόν
2817 3040 2952 3090 ἐστι.
2983 3036 3156 3090 Πάλιν
3180 3036 3290 3108 γὰρ
3309 3037 3587 3091 κάνταῦθα
3601 3039 3633 3090 ὁ
3648 3037 3815 3099 αὐτὸς
3833 3039 4004 3108 ἐφαρ-

2407 3129 2560 3199 μόζει
2606 3129 2719 3200 (55)
2747 3127 2924 3198 λόγος,
2958 3129 3035 3192 ὡς
3060 3129 3212 3183 οὐδὲν
3254 3129 3510 3201 ἐγχρονόν
3549 3132 3666 3183 ἐστι
3725 3129 3880 3200 παρά
3917 3130 4001 3200 τῷ

2402 3220 2542 3291 Θεῷ.
2578 3221 2642 3272 Et
2669 3220 2726 3273 δέ
2761 3220 2926 3292 μηδὲν
2958 3221 3215 3292 ἐγχρονόν
3241 3223 3360 3274 ἐστι
3396 3221 3548 3293 παρά
3569 3221 3649 3292 τῷ
3667 3221 3809 3291 Θεῷ,
3835 3221 3998 3291 δῆλον

2402 3313 2479 3377 ὡς
2505 3312 2630 3366 οὔτε
2661 3314 2724 3366 τὸ
2769 3314 3144 3385 παρεληλυθὸς
3195 3314 3294 3368 τοῦ
3349 3315 3549 3384 χρόνου
3593 3314 3825 3384 ἁρμόζει
3873 3316 4000 3366 ἐπι-

2404 3405 2591 3473 φέρειν
2631 3406 2711 3477 τῷ
2753 3405 2892 3477 Θεῷ.
2934 3407 2998 3460 Et
3047 3406 3125 3459 ὸέκ
3151 3405 3313 3458 τοῦτο
3365 3404 3442 3475 μὴ
3486 3404 3738 3475 ἁρμόζει,
3786 3405 3884 3457 καὶ
3932 3407 3998 3458 τὸ

2403 3496 2762 3565 πεποιηκέναι
2796 3497 2893 3549 τὸν
2945 3495 3080 3547 Θεὸν
3114 3494 3178 3546 τὸ
3209 3492 3387 3546 ὁτιοῦν
3428 3493 3529 3562 οὐχ
3586 3491 3852 3562 ἁρμόττει
3901 3491 3996 3544 λέ·-

2401 3603 2539 3654 γειν.
2576 3585 2641 3639 Τί
2667 3583 2760 3640 οὖν
2783 3603 2799 3651 ;
2846 3587 3015 3658 φαίης
3043 3585 3406 3658 ἀνενὲργητον
3425 3583 3519 3637 τὸν
3542 3582 3675 3636 Θεὸν
3720 3585 3872 3654 ἡμᾶς
3899 3582 3994 3637 λέ-

2399 3695 2597 3747 γοντας
2625 3680 2989 3751 ἁμαρτάνεινς
3038 3678 3177 3730 Ἀλλ’
3215 3679 3278 3731 οὐ
3309 3677 3469 3730 τοῦτό
3509 3693 3712 3746 φαμεν,
3762 3675 3880 3728 ἀλλ’
3907 3679 3994 3730 ὅτι

2397 3771 2461 3822 οὐ
2494 3772 2761 3842 πεποίηκε
2797 3773 2894 3842 μὲν
2919 3774 2950 3824 ὁ
2976 3771 3133 3834 Θεὸς,
3149 3769 3280 3822 οὔτε
3316 3773 3480 3833 ποιεῖ,
3523 3768 3648 3822 οὔτε
3682 3771 3901 3840 ποιήσει
3931 3773 3992 3823 ἐν

2397 3862 2605 3933 χρόνῳ·
2636 3864 2787 3915 οὐδὲν
2816 3863 2926 3934 γὰρ
2961 3860 3160 3932 μᾶλλον
3181 3861 3480 3930 πεποίηκεν
3511 3860 3546 3930 ἢ
3576 3862 3742 3921 ποιεῖ,
3775 3859 3886 3912 οὐδ’
3915 3855 3985 3912 αὗ

2397 3957 2543 4007 ποιεῖ
2572 3953 2864 4024 ἢποιήσει.
2906 3947 3065 4007 Ἀλλά
3092 3953 3156 4005 τό
3184 3969 3245 4005 τε
3276 3950 3544 4026 παρελθὸν
3572 3950 3726 4022 παρὰ
3763 3951 3844 4021 τῷ
3869 3952 3988 4021 Θεῷ

2396 4048 2455 4100 ἐν
2485 4046 2562 4117 τῷ
2590 4046 2866 4110 ἐνεστῶτι,
2902 4045 2997 4100 καὶ
3015 4045 3077 4099 τὸ
3111 4044 3303 4116 μέλλον
3333 4045 3394 4097 ὲν
3419 4043 3498 4115 τῷ
3525 4045 3629 4115 ἢδη
3660 4045 3980 4112 γεγονέναι·

2392 4139 2469 4202 ὡς
2491 4139 2643 4192 οὐδὲν
2664 4138 2764 4209 μὲν
2793 4137 3019 4210 ρευστὸν
3049 4136 3267 4208 ἔχοντος
3292 4135 3387 4189 τοῦ
3415 4134 3574 4201 Θεοῦ,
3593 4136 3684 4190 ἀεὶ
3710 4136 3771 4189 δὲ
3787 4135 3859 4188 τὰ
3885 4137 3983 4188 αὐ·-

2391 4230 2462 4298 τά
2494 4230 2796 4293 ποιοῦντος,
2824 4229 2914 4283 διὰ
2940 4229 3039 4302 τὴν
3067 4228 3279 4282 τελείαν
3307 4226 3474 4294 αὑτοῦ
3519 4226 3615 4280 καὶ
3661 4227 3980 4298 ἀμετάϐλη-

2391 4340 2484 4376 τον
2529 4323 2756 4394 δύναμίν
2792 4340 2853 4376 τε
2894 4324 2991 4377 καὶ
3033 4323 3334 4394 ἐνέργειαν.
3370 4322 3528 4374 Ποιεξ
3561 4321 3744 4374 τοίνυν
3769 4321 3865 4373 τὸν
3897 4323 3979 4374 κό-

2393 4432 2530 4486 σμον
2558 4418 2616 4470 ἐν
2650 4416 2800 4488 αὐτῷ
2840 4416 3017 4487 τούτῳ
3046 4417 3183 4485 ὅπερ
3213 4414 3351 4478 ἐστὶ,
3401 4414 3502 4484 τὴν
3557 4412 3778 4482 κίνησιν
3827 4414 3975 4485 αὐτῷ

2392 4506 2670 4564 ἄπαυστον
2715 4510 2990 4581 παρέχων,
3033 4507 3114 4579 τῷ
3140 4506 3439 4578 ἐλλάμπειν
3465 4504 3629 4559 αὑτὸν
3659 4504 3728 4558 δι’
3759 4505 3971 4567 αἰῶνος.

701 4570 892 4637 Quare
935 4573 1072 4627 nihil
1106 4575 1327 4644 quidem
1374 4577 1577 4643 effecit,
1625 4595 1807 4652 neque
1853 4581 2068 4639 eﬂiciet.
2113 4582 2288 4639 Edicit

2406 4601 2557 4654 Ὥστε
2585 4570 3174 4672 πετωίηκέμέννούέέν,
3207 4570 3332 4652 οὔτε
3364 4598 3601 4668 ποιήσει.
3629 4597 3785 4649 Ποιεῖ
3810 4596 3866 4649 δὲ
3889 4596 3972 4648 ἀεὶ

703 4673 891 4719 autem
936 4665 1080 4720 idem
1113 4667 1230 4737 ipse
1260 4683 1477 4741 semper
1525 4671 1692 4740 idem,
1736 4689 1844 4730 non
1891 4675 2101 4732 habens
2134 4693 2285 4732 crea-

2388 4693 2419 4744 ὁ
2449 4693 2612 4758 αὐτὸς
2641 4694 2704 4747 τὸ
2753 4693 2908 4758 αὐτὸ,
2937 4691 3013 4764 μὴ
3038 4691 3178 4763 ἔχων
3203 4690 3382 4763 ἀρχὴν
3423 4689 3527 4760 τῆς
3558 4691 3855 4761 ποιήσεως,
3884 4691 3967 4742 ἴνα

703 4757 877 4814 tionis
912 4774 1026 4814 suae
1069 4762 1362 4816 exordium
1393 4781 1462 4819 ne
1491 4773 1547 4820 et
1577 4765 1736 4822 finem
1786 4769 2016 4837 habeat,
2065 4771 2191 4841 quia
2239 4772 2286 4826 si

2406 4783 2477 4856 μὴ
2625 4784 2811 4847 τέλος·
3137 4757 3315 4856 ἀρχὸν
3338 4757 3529 4852 *ἔχουσι
3571 4757 3687 4836 καὶ⁷
3713 4782 3965 4853 τελευτὴν

702 4857 866 4904 actus
894 4849 1014 4920 ejus
1050 4853 1377 4924 principium
1407 4855 1643 4912 habeant
1679 4868 1734 4914 et
1758 4860 1986 4925 exitum,
2014 4863 2289 4933 corrupti-

2388 4878 2445 4929 αἱ
2475 4877 2745 4950 ἐνέργειαι
2788 4875 2975 4940 αὑτοῦ,
3008 4867 3248 4946 φθαρτὸς
3289 4874 3444 4928 ισται
3473 4875 3503 4927 ὀ
3528 4873 3664 4938 Θεὸς
3702 4877 3772 4946 τῇ
3819 4875 3964 4946 ἐνερ-

705 4941 834 4996 bilis
860 4950 989 4996 actu
1020 4942 1163 5001 Deus
1211 4945 1355 5001 erit:
1386 4948 1532 5018 quod
1577 4950 1877 5007 absurdum
1917 4964 2022 5009 est.
2051 4953 2194 5021 Quin
2231 4963 2286 5011 et

2406 4967 2542 5039 τείᾳ·
2564 4941 2713 5040 ’ὅπερ
2739 4968 2958 5022 ἄτοπον.
3221 4965 3332 5038 γὰρ
3359 4967 3510 5038 καίἠ
3541 4941 3772 5036 δύναμις
3803 4941 3961 5020 αὑτοῦ

702 5033 946 5102 pueritia
978 5033 1101 5104 ejus
1131 5037 1411 5094 mutabilis
1442 5041 1571 5105 erit,
1605 5051 1666 5095 ut
1695 5058 1828 5113 quas
1853 5044 1989 5102 alias
2021 5047 2142 5117 aliis
2164 5055 2286 5104 uta-

701 5131 796 5179 tur
827 5123 991 5197 51‘
1021 5130 1453 5198 operationibus,
1488 5143 1543 5187 et
1575 5135 1880 5193 substantia
1914 5142 2280 5205 concutietur,

702 5213 846 5269 alias
877 5215 1175 5284 aliquando
1217 5233 1488 5289 generans
1521 5227 1820 5294 potentias,
1855 5243 1919 5283 ac
1951 5245 2059 5284 non
2090 5231 2144 5284 in
2169 5232 2284 5286 eis-

700 5305 833 5360 dem
851 5309 1188 5366 consistens.
1231 5310 1412 5376 Quare
1443 5315 1490 5371 si
1525 5317 1641 5373 hac
1666 5319 1741 5374 ad
1770 5323 1954 5376 omnia
1986 5325 2280 5394 pertinent,

2389 5060 2718 5134 μεταϐλητὴ,
2753 5061 2831 5123 ὡς
2856 5059 3044 5114 ἄλλοτε
3087 5059 3274 5123 ἄλλαις
3305 5058 3645 5130 κεχρημένος
3677 5058 3791 5131 (56)
3815 5060 3961 5131 ἐνερ-

2384 5154 2597 5223 γείαιςο
2647 5153 2743 5204 καὶ
2784 5154 2819 5222 ἡ
2856 5152 3014 5205 οὐσία
3074 5151 3490 5223 σαλευθήσεται,
3545 5149 3735 5205 ἄλλοτε
3798 5152 3959 5215 ἄλλας

2383 5243 2628 5314 γεννῶσα
2658 5243 2934 5314 δυνάμεις,
2975 5244 3072 5298 καὶ
3115 5243 3192 5317 μὴ
3223 5244 3455 5314 μένουσα
3479 5245 3538 5296 ὲν
3575 5246 3694 5306 ταῖς
3744 5245 3954 5307 αὑταῖς.

2385 5339 2548 5390 Ὥστε
2575 5338 2623 5390 εί
2649 5335 2819 5388 ταῦτα
2841 5335 2929 5389 διὰ
2946 5334 3184 5399 πάντων,
3208 5335 3366 5405 δῆλον
3393 5333 3514 5397 ὡςὸ
3541 5333 3678 5396 Θεὸς
3695 5333 3850 5387 ἔσται
3873 5353 3955 5406 με·

704 5398 876 5468 liquet
908 5399 1076 5500 Deum
1107 5405 1425 5461 mutabilem
1447 5407 1564 5465 fore
1595 5412 1923 5481 substantia,
1962 5418 2206 5487 potentia
2221 5425 2282 5473 ‘et

2406 5427 2647 5500 τασλητὸς
2677 5425 2857 5498 οὐσίᾳ,
2885 5427 3134 5497 δυνάμει,
3153 5398 3522 5497 καὶ-ἐνεργείᾳ
3539 5442 3552 5454 ·
3579 5425 3718 5495 ὅπερ

703 5495 852 5555 actu,
879 5492 1027 5561 quod
1053 5501 1139 5549 est
1170 5496 1491 5556 absurdum.
1523 5497 1709 5573 Itaque
1731 5504 1872 5560 idem
1907 5508 1996 5563 ille
2028 5524 2279 5576 manens,

775 5670 886 5757 (5s)
906 5673 1148 5757 μένειν.
1198 5676 1510 5757 Legendum
1549 5695 1693 5757 esse,
1729 5682 1905 5754 μένων
1949 5687 2278 5757 perspicitur

698 5755 773 5829 εξ
803 5750 1095 5829 postremis
1137 5750 1519 5829 responsionis
1546 5750 1769 5829 verbis,
1799 5756 1891 5807 Δεῖ
1935 5750 2030 5829 οὖν
2059 5750 2148 5812 τὸν
2181 5761 2278 5814 αὺ-

701 5811 920 5888 τὸνζξπὶ
936 5814 1060 5888 ,τῶν
1091 5811 1268 5888 αὐτῶν
1293 5818 1521 5888 μένοντα
1547 5822 1616 5875 τά
1645 5811 1784 5877 αὐτὰ
1817 5828 2008 5880 ποιεῖν.

775 5881 887 5953 (55)
936 5881 1556 5955 Fyap;id(ec.'Clarom.
1591 5895 1913 5965 ἐφαρμόσει,
1947 5907 2002 5952 et
2028 5913 2153 5953 mox
2176 5899 2273 5970 ἁρ-

2391 5523 2450 5576 ’0
2482 5522 2645 5585 αὐτὸς
2689 5520 2866 5573 τοίνυν
2921 5519 3096 5592 μένων
3144 5519 3294 5574 οὐδὲν
3325 5517 3438 5588 ἔχει
3490 5516 3768 5589 ἔγχρσνονο
3817 5524 3953 5574 ποιεί

2380 5689 2551 5768 posst»
2568 5696 2862 5768 ἐπιφέρειν.

2449 5764 2562 5854 (56)
2593 5764 3004 5854 μέχρνυιένος.
3045 5765 3360 5840 Lugendum
3416 5767 3754 5841 κεχρημένη.
3781 5775 3841 5824 ιιι
3867 5770 3948 5825 ιι.

2377 5833 2469 5892 ιη’
2489 5833 2551 5893 ιι.
2593 5837 2644 5892 7.
