4146 6466
263 361 404 419 ΗΠ

1184 363 1645 433 QUIESTION‘ES
1675 357 2123 415 cumsrmum
2159 358 2250 410 AD
2297 353 2617 413 cumcos.

3363 361 3498 415 1418

250 476 434 528 τοίνυν
459 475 554 528 τὸν
587 476 790 549 κόσμον
835 476 1047 530 τάττων
1092 476 1257 530 αὐτὸν
1303 477 1419 530 ἀεί·
1455 479 1548 529 καὶ
1577 477 1606 528 ὁ
1641 474 1812 543 κόσμο

1931 471 2068 524 nihil
2117 470 2278 525 habet
2330 474 2740 539 temporarium.
2797 472 2972 527 Emcit
3031 485 3162 545 ergo
3210 473 3495 541 mundum,

251 565 332 633 τῷ
367 567 465 633 μὲν
509 567 595 618 ἀεὶ
628 566 977 638 φρουρεῖσθαι
1021 569 1364 638 γίνεται,’τῷ
1394 569 1448 621 δὲ
1479 568 1565 620 ἀεὶ
1622 563 1756 617 εἶναι
1796 563 1824 614 ὁ

247 662 416 718 αὐτὸς
445 657 706 729 ἀγένητος
731 660 981 732 ὑπάρχει.

257 850 546 917 Ἔλεγχος
596 846 709 914 τῆς
755 845 1133 930 ἀποκρίσεως
1183 845 1293 896 οὐκ
1351 843 1535 912 ὀρθῶς
1588 860 1828 913 γεγενη-

923 931 1132 982 μενης-

324 1035 376 1086 1.
427 1031 724 1099 Τὸ·.1έγειν
756 1029 1060 1082 ἀδύνατον
1112 1023 1262 1080 εἶναι
1314 1029 1462 1080 Θεὸν
1505 1026 1614 1079 τὸν
1633 1027 1828 1095 μηδὲν

247 1124 612 1190 πεποιηκότα
635 1120 860 1174 ἄτοπόν
883 1121 1036 1174 ἐστι.
1073 1119 1268 1172 Πάλιν
1317 1119 1426 1188 γὰρ
1471 1118 1773 1172 κάνταῦθα
1791 1123 1825 1172 ὀ

245 1217 432 1282 αὐτὸς
456 1209 762 1283 ἐφαρμόζει
793 1214 998 1286 λόγος,
1041 1212 1122 1276 ὡς
1150 1210 1335 1264 οὐδὲν
1373 1211 1667 1283 ἐγχρονόν
1691 1211 1823 1264 ἐστι

241 1307 406 1375 παρὰ
437 1305 517 1370 τῷ
541 1302 683 1369 Θεῷ.
714 1305 778 1357 Ei
801 1302 890 1356 διά
911 1303 975 1355 τὸ
1009 1303 1174 1373 μηδὲν
1212 1303 1467 1373 ἐγχρονον
1500 1297 1637 1354 εἶναι
1670 1301 1823 1372 παρά

243 1399 323 1469 τῷ
341 1398 461 1468 Θεῷ
484 1397 684 1452 ἄτοπόν
715 1398 832 1447 ἐστι
863 1393 973 1465 (57)
991 1395 1054 1446 τὸ
1079 1393 1258 1462 λέγειν
1291 1394 1422 1464 περὶ
1448 1393 1614 1445 αὑτοῦ
1638 1394 1700 1446 τὸ
1729 1410 1826 1446 πε-

238 1492 476 1557 ποίηκε,
521 1489 623 1558 τῆς
649 1488 818 1556 αὐτῆς
849 1489 996 1539 ἐστιν
1018 1485 1251 1547 ἀτοπίας
1275 1487 1369 1537 καὶ
1396 1485 1457 1536 rb
1477 1484 1691 1550 ποιεῖν,
1727 1484 1818 1553 ἐγ-

241 1600 433 1652 χρονον
459 1583 536 1644 ὡς
569 1582 633 1632 rb
665 1579 977 1646 πεποίηκε.
1029 1577 1154 1641 Πῶς
1188 1573 1281 1630 οὖν
1323 1577 1663 1648 ἀνάρμοστον
1723 1579 1822 1648 μὲν

240 1673 386 1741 λέγει
417 1675 446 1724 ὁ
477 1670 915 1744 ἀποκρινάμενος
940 1668 1166 1740 τῷ”Θεῷ
1191 1670 1253 1722 rb
1286 1661 1630 1736 πεποίηκεν,
1661 1671 1822 1740 εὐάρ-

240 1778 439 1832 μοστον
462 1761 519 1814 δὲ
555 1762 618 1813 τὸ
646 1760 842 1823 ποιεῖ;
869 1761 981 1812 Καὶ
1005 1763 1054 1812 εί
1085 1761 1182 1829 μὲν
1207 1759 1268 1812 rb
1295 1759 1558 1825 ποιήσας
1594 1759 1706 1812 ἴσον
1732 1760 1821 1812 δύ-

1931 575 2146 631 semper
2174 578 2298 616 eum
2333 563 2598 619 ordinans
2623 574 2711 630 ;et
2743 566 2981 621 mundus
3013 582 3079 623 eo
3110 568 3258 638 quod
3288 585 3497 639 sempor

1930 654 2291 716 custodiatur,
2332 654 2606 725 gignitur;
2656 672 2723 711 eo
2756 657 2902 726 quod
2957 674 3174 728 semper
3215 662 3306 728 sit,
3358 662 3496 716 idem

1929 746 2204 814 ingenitus
2234 754 2340 799 est.

2034 859 2342 930 Confutatio
2385 880 2488 916 non
2533 873 2670 918 recte
2711 865 2970 919 instituta:
3013 868 3389 934 responsionis.

2000 1044 2051 1096 1.
2089 1041 2239 1096 Fieri
2271 1060 2373 1096 non
2410 1061 2583 1112 posse,
2634 1053 2693 1096 ut
2727 1044 2867 1098 Deus
2901 1046 2972 1097 sit
3011 1047 3102 1115 qui
3133 1047 3266 1100 nihil
3290 1047 3494 1116 fecerit,

1925 1134 2214 1187 absurdum
2247 1135 2394 1188 dictu
2426 1144 2523 1189 est.
2561 1133 2765 1188 Rursus
2803 1137 2942 1189 enim
2980 1137 3080 1189 huc
3128 1140 3264 1191 ratio
3313 1139 3493 1192 eadem

1924 1226 2176 1292 quadrat,
2212 1226 2352 1295 apud
2397 1225 2565 1279 Deum
2610 1243 2713 1279 non
2746 1243 2859 1280 esse
2910 1218 3303 1298 temporaneum
3341 1231 3496 1300 quid-

1921 1334 2101 1386 quam.
2141 1317 2359 1388 Si.quin
2395 1319 2531 1372 nihil
2566 1320 2958 1388 temporarium
2997 1310 3363 1390 apudt‘Deum,
3399 1326 3495 1378 ab-

1925 1407 2150 1461 surdum
2203 1408 2272 1462 de
2309 1409 2405 1466 illo
2453 1409 2605 1463 dictu
2657 1415 2762 1472 est,
2807 1409 2951 1478 fecit,
2990 1422 3145 1480 teque
3196 1412 3492 1468 absurdum

1923 1503 2070 1558 dictu
2122 1512 2228 1564 est.
2276 1505 2473 1573 facere,
2525 1504 2689 1575 quod
2721 1521 2830 1560 non
2877 1506 3062 1561 minus
3105 1510 3492 1577 temporarium

1922 1613 2087 1665 quam
2121 1597 2264 1665 fecit.
2302 1596 2550 1662 Quonam
2588 1596 2754 1667 igitur
2786 1597 2950 1653 modo
2992 1615 3290 1670 responsor
3336 1601 3491 1665 dicit,

1924 1703 2033 1741 non
2075 1697 2383 1758 competere
2404 1689 2515 1743 Deo
2546 1691 2771 1744 verbum
2803 1690 2946 1758 fecit,
2982 1700 3289 1761 competere
3309 1679 3492 1746 autem

1923 1781 2150 1835 verbum
2193 1782 2360 1850 facit?
2391 1783 2469 1835 Ac
2493 1783 2539 1836 si
2573 1783 2665 1853 qui
2711 1783 2854 1852 fecit,
2888 1782 3031 1838 idem
3053 1785 3200 1840 valet
3231 1801 3298 1839 ac
3327 1787 3490 1854 facit;

235 1869 396 1906 ναται
421 1852 499 1922 τῷ
545 1853 872 1919 πεποίηκεν
897 1849 1034 1923 (58),
1082 1852 1346 1913 ὡσαύτως
1373 1851 1430 1902 δὲ
1450 1851 1544 1903 καὶ
1581 1850 1642 1904 τὸ
1667 1851 1815 1903 ποιεῖ

1922 1872 2174 1926 Similiter
2198 1885 2376 1927 autem
2401 1882 2454 1928 et
2471 1874 2622 1942 facit,
2655 1874 2798 1928 idem
2821 1889 2886 1928 ac
2913 1876 3114 1943 faciet:
3146 1892 3337 1930 eorum
3365 1894 3491 1932 vero

234 1944 317 2014 τῷ
348 1944 612 2010 ποιήσει·
653 1943 763 1995 τῶν
790 1944 847 1995 δὲ
878 1942 1340 2012 ἰσοδυναμούντων
1365 1941 1638 2004 ἀκώλυτος
1667 1944 1700 2012 ἡ
1731 1959 1820 2012 με-

235 2035 498 2108 τάληψις·
529 2035 649 2098 πῶς
678 2038 736 2088 ὲν
771 2035 872 2107 μὲν
910 2037 978 2105 τῇ
1020 2033 1214 2108 πρώτῃ
1241 2034 1526 2107 ἀποκρίσει
1570 2036 1763 2105 ἔθηκεν
1791 2039 1818 2088 ὁ

235 2132 669 2202 ἀποκρινάμενος
695 2131 788 2182 ἐπὶ
812 2130 906 2182 τοῦ
921 2127 1056 2182 Θεοῦ
1082 2131 1143 2182 rb
1161 2129 1423 2196 ποιήσας
1446 2132 1540 2183 καὶ
1561 2131 1623 2182 rb
1643 2130 1815 2193 ποιεῖ,

236 2222 412 2296 νῦνδὲ
463 2225 678 2293 ἀναιρεῖ
728 2223 821 2274 ἀπ’
879 2221 1044 2275 αὑτοῦ
1100 2223 1419 2295 ἀμφάτερας
1472 2224 1583 2276 Καὶ
1618 2224 1672 2276 rb
1722 2225 1818 2293 μὲν

233 2315 500 2383 ποιήσας
525 2315 698 2379 οὕτως
720 2315 914 2385 ἔθηκεν
943 2317 1035 2368 ἐπὶ
1059 2316 1153 2368 τοῦ
1169 2316 1304 2368 Θεοῦ
1327 2333 1343 2346 ·
1383 2317 1435 2367 '0
1460 2317 1643 2381 αὑτός
1665 2317 1816 2380 ἐστι,

237 2409 420 2480 φησιν,
446 2412 479 2461 ὁ
509 2407 654 2473 Θεὸς
677 2407 990 2476 ὀποιήσας
1019 2407 1092 2461 τὰ
1117 2407 1288 2476 τῇδε·
1318 2407 1380 2460 rb
1405 2407 1462 2460 δὲ
1505 2408 1695 2461 ποιεῖν
1729 2407 1818 2460 οὔ-

231 2519 344 2565 τως
378 2501 545 2572 ἔθηκε
567 2517 580 2530 °
610 2499 712 2554 Δεῖ
727 2495 862 2562 οὖν,
892 2501 1047 2570 φησι,
1095 2500 1203 2552 τὸν
1225 2500 1414 2552 αὑτὸν
1438 2499 1538 2551 ἐπὶ
1577 2499 1696 2552 τῶν
1721 2502 1819 2552 αὐ-

235 2591 355 2645 τῶν
401 2592 662 2661 μένοντα
688 2594 761 2646 τὰ
782 2592 937 2644 αὐτὰ
989 2591 1202 2644 ποιεῖν.
1246 2591 1507 2662 ’Λναιρῶν
1543 2592 1599 2643 δὲ
1649 2593 1706 2643 ὲν
1749 2595 1814 2662 τῇ

233 2685 467 2756 δευτέρᾳ
517 2684 806 2755 ἀποκρίσει
847 2683 920 2737 τὰ
947 2683 1177 2755 κείμενα
1201 2686 1261 2737 ὲν
1279 2687 1346 2755 τῇ
1375 2683 1566 2757 πρώτῃ
1591 2685 1820 2755 ἀποκρί-

239 2794 342 2841 σει,
401 2776 574 2838 οὖτως
601 2776 766 2846 φησίν
789 2793 803 2806 ⁸
839 2778 1110 2829 ’Ἄτοπον
1155 2777 1222 2829 τὸ
1268 2777 1472 2845 λέγειν
1518 2777 1819 2830 ἀδύνατον

233 2863 388 2921 εῖναι
409 2867 520 2938 (59)
550 2867 700 2920 Θεὸν
719 2867 830 2920 τὸν
847 2867 1039 2936 μηδὲν
1060 2869 1443 2935 πεποιηκότα.
1471 2868 1582 2921 Καὶ
1622 2867 1782 2921 πάλιν
1802 2885 1815 2898 ·

237 2960 391 3013 Οὔτε
417 2960 744 3025 πεποίηκεν
771 2962 805 3012 ό
827 2958 996 3024 Θεὸς,
1025 2960 1166 3012 οὔτε
1192 2958 1366 3022 ποιεῖ,
1408 2960 1547 3012 οὔτε
1577 2958 1817 3024 ποιήσει

232 3051 308 3103 ἐν
332 3051 546 3118 χρόνῳ.
590 3050 728 3102 Ἀλλ’
764 3049 896 3112 ἴσως
924 3049 988 3103 rb
1015 3051 1178 3113 αὐτὸς
1201 3050 1378 3120 ἑαυτῷ
1405 3050 1700 3119 ἀντιλέγειν
1721 3067 1820 3104 κα-

234 3141 305 3194 τά
330 3141 430 3213 τὴν
477 3142 684 3195 οἰκείαν
718 3142 890 3213 λήθην
943 3143 1226 3215 ὑπέμεινε,
1277 3143 1400 3196 καθ’
1429 3143 1516 3214 ἦν,
1569 3143 1646 3206 ὠς
1669 3140 1813 3208 εἶπε,

235 3235 525 3306 συμϐαίνει
565 3238 679 3298 τοῖς
703 3234 1013 3306 ἀνθρώποις
1059 3235 1125 3287 τὸ
1170 3236 1401 3303 ἀγνοεῖν.
1445 3235 1815 3307 Ἐξετάσωμεν

228 3329 289 3383 ἃ
315 3331 478 3400 ἡμεῖς
497 3329 569 3382 τά
594 3329 800 3382 τούτων
825 3328 975 3398 ἑξῆς.

300 3421 356 3474 2.
381 3421 594 3485 Οὐδὲν,
627 3422 814 3491 φησὶν,
843 3421 1140 3490 ἐγχρονόν
1180 3420 1313 3472 ἐστι
1354 3418 1514 3485 παρὰ
1560 3417 1640 3482 τῷ
1667 3417 1808 3483 Θεῷ.

229 3512 448 3579 Δῆλον,
477 3513 558 3577 ὠς
592 3512 732 3565 οὔτε
754 3511 822 3564 τὸ
848 3509 1267 3578 ,παρεληλυθὸς
1307 3510 1414 3562 τοῦ
1451 3510 1673 3578 χρόνου
1713 3510 1815 3577 ἁρ-

229 3603 385 3673 μόζει
409 3605 716 3673 ἐπιφέρειν
738 3603 820 3668 τῷ
850 3604 993 3669 Θεῷ.
1044 3606 1116 3656 El
1142 3602 1211 3656 δὲ
1233 3603 1409 3656 τοῦτο
1429 3602 1515 3670 μὴ
1559 3603 1810 3670 ἁρμόζει,

228 3697 329 3750 καὶ
352 3697 421 3751 τὸ
449 3696 836 3764 πεποιηκέναι
857 3696 970 3748 τὸν
983 3693 1136 3749 Θεὸν
1153 3694 1220 3746 τὸ
1243 3693 1448 3747 ὁτιοῦν
1473 3696 1584 3762 οὺχ
1610 3695 1815 3762 ἁρμότ-

228 3807 315 3843 τει
359 3789 578 3857 λέγειν.
643 3789 731 3842 Ἐν
792 3787 1008 3849 τούτοις
1048 3788 1111 3839 rb
1159 3786 1358 3840 ἄτοπον
1410 3785 1742 3854 ὑποθέμενος
1785 3787 1813 3837 ὁ

227 3881 682 3952 ἀποκρινάμενος,
709 3879 786 3942 ὡς
811 3879 964 3933 οὐδὲν
992 3878 1249 3948 ἔγχρονον
1279 3877 1430 3949 παρά
1464 3877 1545 3948 τῷ
1575 3876 1714 3947 Θεῷ,
1743 3875 1813 3928 τὰ

228 3972 306 4042 τῷ
329 3974 516 4042 ἀτόπῳ
541 3973 600 4038 EE
628 3973 874 4041 ἀνάγκης
901 3970 1144 4040 ἑπόμενα
1177 3971 1254 4032 ὡς
1281 3969 1478 4038 εὔλογα
1521 3967 1770 4040 ἐπιφέρει
1793 3984 1807 3996 ·

225 4065 306 4127 rb,
331 4067 380 4117 εί
411 4065 576 4135 μηδὲν
601 4064 856 4134 ἐγχρονον
881 4063 1036 4133 παρά
1079 4061 1160 4132 τῷ
1191 4061 1331 4132 Θεῷ,
1359 4062 1537 4131 δῆλον,
1571 4060 1648 4123 ὡς
1685 4057 1811 4111 οὕτε

225 4157 286 4208 rb
315 4155 687 4227 παρεληλυθὸς
744 4154 840 4208 τοῦ
896 4155 1094 4226 χρόνου
1141 4154 1371 4224 ἁρμόζει
1427 4155 1706 4226 ἐπιφέρειν
1732 4152 1810 4222 τῷ

225 4247 346 4317 Θεῷ
370 4264 384 4278 ·
422 4248 472 4299 εί
498 4247 558 4300 δὲ
585 4247 746 4299 τοῦτο
803 4246 878 4317 μὴ
934 4246 1188 4318 ἁρμόζει,
1241 4247 1336 4300 καὶ
1359 4246 1423 4298 rb
1452 4246 1808 4316 πεποιηκέναι

225 4341 316 4393 τδν
336 4340 474 4392 Θεὸν
493 4340 556 4392 τὸ
576 4340 755 4393 ὁτιοῦν
780 4343 880 4410 οὐχ
905 4340 1135 4412 ἁρμόζει
1157 4340 1355 4408 λέγειν.
1373 4342 1497 4392 ’Ὁτι
1513 4339 1570 4392 δὲ
1594 4339 1810 4402 ἀτόπως

226 4433 466 4506 ὑπέθηκε
500 4434 586 4486 τὸ.
609 4433 804 4502 μηδὲν
840 4434 1135 4502 ἕτχρονον
1154 4428 1307 4485 εἶναι
1348 4431 1509 4500 παρὰ
1569 4428 1649 4496 τῷ
1684 4429 1808 4494 Θεῷ

1919 1979 2041 2032 quae
2063 1964 2203 2018 idem
2234 1966 2436 2029 valent,
2459 1967 2594 2020 liber
2622 1975 2706 2020 est
2740 1982 2908 2020 usus:
2934 1969 3208 2037 quomodo
3228 1971 3283 2024 in
3316 1973 3492 2040 prima

1920 2055 2275 2124 responsione
2309 2057 2491 2126 posuit
2534 2074 2833 2127 responsor
2864 2060 2934 2113 de
2970 2059 3102 2122 Deo,
3144 2063 3238 2130 qui
3278 2062 3404 2130 fecit
3437 2072 3490 2114 et

1920 2147 2070 2215 facit,
2106 2155 2160 2203 et
2192 2165 2340 2202 nunc
2370 2151 2439 2204 ab
2465 2165 2532 2204 eo
2576 2160 2808 2222 utraque
2842 2155 3016 2208 tollit?
3053 2153 3118 2206 Et
3170 2156 3324 2224 prius
3369 2157 3492 2224 qui-

1921 2238 2044 2296 dem
2075 2237 2142 2294 de
2173 2237 2284 2293 Deo
2317 2239 2388 2292 ita
2431 2241 2614 2309 posuit
2648 2262 2659 2295 :
2699 2241 2821 2312 Ipse
2851 2243 3006 2298 Deus
3032 2253 3131 2307 est,
3169 2246 3366 2315 inquit,
3402 2249 3493 2316 qui

1918 2347 2000 2384 res
2034 2332 2190 2384 hasce
2215 2331 2370 2400 fecit;
2405 2334 2634 2386 alterum
2655 2343 2836 2390 autem
2868 2338 2990 2392 sic:
3026 2335 3258 2402 Idcirco,
3292 2339 3487 2408 inquit,

1919 2423 2090 2490 ipsum
2115 2423 2354 2478 eumdem
2379 2426 2433 2478 in
2456 2426 2654 2479 eisdem
2689 2439 3075 2497 permanentem
3107 2431 3290 2484 eadem
3321 2432 3492 2500 facere

1918 2527 2124 2566 necesse
2161 2523 2257 2568 est.
2313 2515 2552 2570 Abolens
2605 2528 2786 2573 autem
2835 2521 2890 2577 in
2936 2537 3202 2590 responso
3249 2525 3490 2578 secundo

1917 2618 1982 2657 ea
2016 2620 2138 2672 qum
2171 2605 2225 2658 in
2263 2605 2443 2674 primo
2495 2617 2623 2661 sunt
2671 2610 2871 2676 posita,
2913 2612 2995 2664 sic
3033 2611 3111 2666 ait
3142 2631 3154 2664 :
3187 2611 3490 2664 Absurdum

1916 2705 1993 2748 est
2019 2696 2165 2748 dictu
2199 2696 2365 2749 Deum
2393 2714 2504 2751 esse
2550 2715 2655 2752 non
2697 2717 2850 2769 posse
2898 2703 2990 2772 qui
3028 2703 3165 2757 nihil
3191 2704 3390 2772 fecerit.
3427 2705 3491 2756 Et

1918 2802 2136 2841 rursum
2159 2803 2176 2838 :
2215 2787 2391 2856 Neque
2418 2789 2542 2856 fecit
2566 2789 2728 2854 Deus,
2759 2809 2919 2862 neque
2948 2793 3099 2861 facit,
3137 2809 3297 2863 neque
3324 2795 3487 2863 factu-

1919 2887 2010 2926 rus
2046 2883 2125 2926 est
2158 2875 2214 2927 in
2253 2884 2502 2944 tempore.
2540 2877 2796 2934 Fortasse
2829 2888 3013 2939 autem
3063 2890 3122 2935 ut
3152 2885 3268 2952 ipse
3295 2897 3489 2938 comm

1920 2965 2161 3032 seipsqu
2195 2966 2423 3034 diceret,
2452 2971 2671 3039 propria
2703 2971 2882 3041 ipsius
2915 2973 3194 3029 oblivione
3235 2974 3437 3028 factum
3473 2996 3485 3029 :

1920 3069 1983 3108 ex
2018 3071 2148 3125 qm,
2188 3067 2248 3110 ut
2273 3057 2431 3124 dixit,
2469 3061 2789 3118 hominibus
2837 3065 3111 3134 ignoratio
3142 3067 3346 3120 evenit.
3378 3066 3488 3121 Nos

1920 3163 2047 3202 vero
2074 3152 2356 3220 sequentia
2389 3155 2782 3222 expendamus.

1983 3416 2038 3469 2.
2072 3416 2246 3483 Nihil,
2297 3419 2497 3490 inquit,
2554 3423 2702 3491 apud
2745 3424 2914 3478 Deum
2966 3434 3346 3499 temporarium
3383 3446 3484 3489 est.

1915 3507 2098 3578 Liquet
2127 3526 2217 3562 nec
2231 3513 2780 3582 prmeritumtempus
2810 3515 2920 3570 Deo
2944 3523 3306 3576 convenienter
3335 3536 3486 3593 apta-

1913 3600 1980 3652 ri.
2047 3598 2200 3664 Quod
2219 3601 2265 3653 si
2292 3601 2388 3654 hoc
2432 3618 2535 3656 non
2568 3607 2828 3669 convenit,
2858 3623 3021 3677 neque
3039 3612 3201 3664 etiam
3227 3618 3484 3678 convenit,

1911 3703 1969 3741 ut
1997 3689 2283 3760 quidquam
2315 3691 2458 3746 Deus
2492 3694 2678 3763 fecisse
2694 3697 2926 3752 dicatur.
2960 3698 3255 3770 Postquam
3289 3705 3486 3759 absur-

1911 3779 2041 3834 dum
2065 3783 2118 3835 in
2139 3797 2206 3836 eo
2233 3785 2475 3853 reposuit
2503 3801 2820 3856 responsor,
2859 3796 2918 3841 ut
2950 3788 3062 3845 Deo
3090 3796 3484 3863 temporarium

1910 3874 2209 3943 qtn’dquam
2256 3877 2552 3941 tribuatur,
2588 3895 2710 3948 qua:
2756 3882 2880 3937 inde
2929 3888 3243 3941 necessario
3290 3904 3486 3945 conse-

1911 3973 2176 4034 quuntur,
2210 3981 2274 4020 ea
2301 3977 2362 4020 ut
2391 3968 2589 4022 rationi
2617 3981 2983 4027 consentanea
3018 3975 3241 4031 deducit
3270 3996 3286 4045 ;
3323 3979 3485 4032 nimi-

1910 4073 2056 4122 rum,
2092 4059 2138 4112 si
2174 4060 2310 4113 nihil
2342 4063 2735 4130 temporarium
2767 4065 2913 4134 apud
2947 4065 3140 4132 Deum,
3182 4069 3352 4140 liquet
3384 4089 3485 4129 ne-

1908 4165 2016 4218 que
2047 4155 2378 4219 praeteritum
2422 4160 2642 4223 tempus
2689 4155 2800 4210 Deo
2843 4160 3236 4216 convenienter
3282 4165 3480 4234 aptari.

1901 4240 2064 4307 Quod
2099 4244 2142 4297 si
2179 4243 2282 4297 hoc
2315 4261 2426 4298 non
2471 4248 2760 4315 convenit,
2797 4265 2978 4321 neque
3009 4255 3172 4306 etiam
3222 4259 3481 4312 convenit

1909 4339 1972 4385 ut
2006 4331 2149 4396 Deus
2179 4334 2480 4404 quidquam
2534 4335 2734 4393 fecisse
2763 4339 3000 4395 dicatur.
3033 4342 3210 4398 Porro
3245 4346 3483 4404 absurde

1908 4424 2041 4481 illud
2077 4428 2424 4498 suppositum
2456 4445 2601 4493 esse,
2633 4431 2788 4498 Apud
2831 4433 3000 4488 Deum
3027 4437 3162 4491 nihil
3209 4454 3322 4492 esse
3350 4447 3482 4494 tem-

227 4519 311 4597 (οὗ
344 4527 481 4598 πρὸς
511 4527 612 4596 τὴν
649 4525 921 4591 ἀπόδειξιν
951 4528 1064 4587 τοῖς
1088 4525 1218 4594 ἑξῆς
1249 4523 1606 4594 ἐπαγομένοις
1645 4522 1804 4612 ὲχρῇσ·

1915 4521 2174 4572 aerarium
2234 4520 2363 4590 (quo
2396 4523 2665 4593 principio
2717 4540 2852 4580 usus
2881 4535 2970 4582 est
3005 4527 3073 4580 ad
3103 4544 3168 4583 ea
3194 4545 3318 4612 quae
3347 4546 3482 4587 con-

227 4619 401 4690 aaro),
433 4619 837 4687 ὲλέγχειαὺτδς
870 4617 1064 4669 ἑαυτὸν
1087 4619 1117 4667 ὁ
1148 4616 1600 4686 ἀποκρινάμενος,
1635 4614 1692 4666 ὲν
1724 4607 1806 4675 οἷς

209 4708 464 4778 ’ἔφασκεν
497 4710 558 4762 ἐν
673 4707 866 4782 πρώτῃ
917 4708 1236 4778 ἀποκρίσει·
1273 4709 1344 4759 El
1366 4705 1435 4758 δὲ
1459 4704 1663 4770 αὐτὸς,
1701 4721 1805 4774 φη-

228 4803 333 4865 σὶν,
389 4806 421 4855 ό
465 4803 610 4868 Θεὸς
639 4806 671 4856 ὀ
692 4801 952 4868 ποιήσας
976 4802 1050 4855 τὰ
1075 4799 1240 4868 τῇδε,
1262 4799 1542 4866 δηλονότι
1566 4797 1670 4851 τοῦ
1697 4799 1804 4850 αὑ-

1907 4620 2214 4680 sequuntur
2234 4614 2560 4687 probanda),
2584 4617 2702 4687 ipse
2731 4626 2922 4673 contra
2957 4636 3019 4676 se
3047 4624 3228 4691 arguit
3253 4640 3480 4693 respon-

1907 4717 2021 4766 sor,
2049 4704 2147 4774 qui
2175 4705 2232 4758 in
2250 4707 2427 4775 prima
2462 4710 2827 4778 responsione
2849 4711 2990 4766 dixit
3021 4729 3034 4764 :
3070 4713 3168 4769 Sin
3197 4718 3306 4786 ipse
3336 4717 3480 4776 Deus

1905 4795 2102 4863 estqui
2141 4793 2249 4849 hac
2305 4795 2461 4863 fecit,
2508 4809 2715 4854 constat
2759 4802 2943 4856 eodem
2993 4803 3101 4858 Deo
3148 4818 3390 4863 manente
3411 4826 3478 4864 ea

226 4894 334 4947 τοῦ
365 4895 514 4948 Θεοῦ
555 4895 869 4964 μένοντος,
911 4894 1010 4946 καί
1037 4894 1104 4958 ἐς
1143 4893 1404 4960 ὕστερον
1454 4891 1552 4944 καὶ
1595 4889 1687 4944 del
1734 4889 1807 4943 τὰ

1915 4888 2308 4954 quoqueeadem
2331 4899 2387 4943 et
2401 4891 2621 4958 posthac
2644 4902 2694 4947 et
2721 4911 2924 4964 semper
2943 4896 3130 4965 futura
3154 4915 3172 4953 :
3195 4917 3314 4970 qua:
3339 4905 3478 4958 enim

225 4986 379 5040 αὐτὰ
401 4985 601 5038 ἔσται’
631 4985 670 5037 d
697 4986 807 5054 τὰρ
829 4983 1019 5038 πάλαι
1053 4982 1338 5052 ἠδύνατο,
1366 4982 1462 5037 καὶ
1491 4982 1608 5036 νῦν
1633 4981 1808 5035 Bura»

1915 4977 2102 5033 ιιιάιιιι
2123 4983 2320 5050 potuit,
2349 5000 2488 5067 nunc
2509 5001 2714 5057 quoque
2732 4997 2922 5056 potest.
2954 4988 3113 5055 Quod
3143 4993 3188 5048 si
3222 4994 3362 5052 nihil
3390 5005 3477 5050 est

225 5095 342 5132 ται.
391 5077 456 5129 Εἰ
497 5076 678 5129 τοίνυν
715 5076 877 5148 μηδὲν
911 5075 1169 5147 ἐγχρονόν
1207 5079 1325 5128 ἐστι
1371 5073 1522 5146 παρά
1551 5072 1631 5144 τῷ
1660 5072 1801 5143 Θεῷ,

1904 5076 2209 5143 temporale
2239 5077 2382 5147 apud
2417 5077 2608 5144 Deum,
2643 5081 2996 5136 manifestum
3026 5092 3132 5149 est,
3174 5103 3354 5157 neque
3384 5089 3476 5158 qui

226 5170 408 5240 δῆλον,
437 5170 521 5225 ὅτι
552 5169 678 5222 οὔτε
703 5171 767 5222 rb
791 5167 1080 5236 ποιήσας,
1115 5169 1247 5223 οὔτε
1285 5169 1350 5221 rb
1369 5167 1562 5230 ¹ποιεῖ’,
1589 5165 1716 5220 οὒτε
1739 5167 1803 5219 rb

1915 5164 2048 5228 Fecit,
2083 5181 2260 5236 neque
2291 5166 2444 5236 facit,
2487 5184 2667 5238 neque
2695 5172 2844 5238 prius
2877 5181 2934 5227 et
2965 5176 3252 5242 posterius.
3294 5191 3474 5246 neque

228 5263 520 5330 πρότερον
543 5263 640 5315 καὶ
665 5263 944 5329 ὕστερον,
987 5261 1111 5314 οὔτε
1152 5261 1216 5314 rb
1256 5259 1444 5314 ,πάλαι
1470 5261 1564 5312 καὶ
1581 5260 1644 5312 rb
1665 5259 1801 5321 νῦν,

1915 5256 2102 5310 dudum
2130 5266 2186 5312 et
2224 5275 2393 5323 ιιιιιιο,
2441 5275 2622 5331 neque
2673 5263 2845 5330 potuit
2901 5272 2953 5317 et
3003 5274 3197 5332 potest.
3240 5266 3293 5323 ei
3338 5281 3471 5321 con-

228 5352 350 5406 οὔτε
385 5354 449 5406 rb
469 5353 732 5422 ἠδύνατο
765 5356 859 5406 καὶ
886 5353 1154 5407 δύναται.
1173 5353 1247 5406 Tb
1268 5353 1382 5424 γὰρ
1393 5355 1672 5420 ποιήσας,
1708 5351 1804 5406 καὶ

1915 5366 2118 5419 gruere.
2153 5351 2286 5405 Nam
2317 5355 2409 5424 qui
2435 5353 2579 5420 fecit,
2608 5360 2665 5408 et
2693 5356 2864 5424 prius,
2886 5363 2944 5411 et
2974 5356 3280 5423 “domet
3301 5359 3472 5425 potuit

227 5446 288 5499 rb
319 5447 625 5514 πρότερον,
655 5447 752 5499 καὶ
771 5447 834 5499 rb
885 5447 1093 5510 πάλαι,
1144 5447 1240 5498 καὶ
1275 5447 1340 5499 rb
1389 5445 1673 5513 ἠδύνατο,
1703 5440 1800 5496 τοῦ

1915 5443 2161 5511 μι-ειει-ἰιὶ
2189 5444 2454 5514 temporis
2475 5453 2607 5500 sunt
2633 5446 3068 5517 signiﬁcationes
3099 5468 3114 5503 :
3149 5456 3206 5502 et
3234 5448 3386 5517 facit,
3412 5455 3471 5502 et

255 5668 280 5690 ν
302 5601 734 5690 (5“1)”“’.Δτο;ὶῑι;ςνΔ
769 5601 926 5690 ἐστέἰ
981 5601 1041 5690 lp
1098 5609 1333 5670 utroque
1383 5602 1574 5656 mdia:
1599 5602 1798 5656 ἄτοπον

229 5671 387 5735 εἶναι.
424 5673 742 5726 Emendavit
767 5672 833 5723 Β.
868 5671 1202 5741 Stephanus.

1971 5599 2083 5672 (59)
2110 5602 2411 5672 ἀδύνατον
2435 5599 2608 5657 εἶναι.
2659 5601 2788 5657 Haec
2839 5606 3039 5665 verba,
3073 5618 3196 5672 qua:
3240 5601 3330 5656 hic
3373 5601 3470 5655 de-

1896 5671 2075 5745 erant,
2133 5671 2409 5742 desumpsi
2444 5690 2512 5728 ex
2551 5675 2672 5745 ipsa
2708 5671 3104 5744 responsione,
3121 5674 3216 5729 ubi
3244 5674 3471 5728 minime

303 5742 414 5811 (58)
445 5743 757 5812 Legendum
784 5737 1000 5796 videtur
1018 5737 1720 5812 τῷῖωιεῖ.-ΕεΑιίι1ειιόίδ
1746 5750 1797 5795 et
1897 5741 2115 5799 desunt.

232 5808 608 5868 Enundandis.

548 5908 813 5965 ΡΑτιιοι..
846 5908 965 5966 GR.
1014 5905 1122 5966 Vl.

3115 5899 3192 5962 ιδ
