4146 6430
712 311 853 369 1419
1511 310 1833 370 PPENDIX.
1871 345 1941 354 —
1978 312 2162 368 PARS
2195 314 2234 368 Ι.
2273 314 2285 366 ε

2387 314 2636 372 IUSTINI
2657 317 2910 402 .OPERA
2949 319 3226 378 SPURIA.
3841 334 4003 389 κω

703 429 964 501 posthac,
1005 425 1167 500 515
1187 433 1261 481 -ει
1294 441 1451 492 nunc,
1483 438 1538 484 et
1578 438 1770 500 potest,
1800 432 2090 501 praise-mis
2120 439 2176 487 et
2205 431 2285 485 fu-r

2397 433 2830 504 παρεληλυθότος
2855 435 3052 508 χρόνον
3097 437 3216 491 ἐστὶ
3252 438 3556 509 δηλωτικὰ·
3587 447 3686 498 καὶ
3708 446 3757 498 τ’
3799 449 3997 510 ιοιρῖ,

709 523 816 578 turi
856 521 1120 590 temporis
1165 525 1295 575 sunt
1343 531 1504 574 notae.
1550 519 1648 574 Sin
1687 519 1811 575 hate
1847 521 1917 575 de
1962 519 2075 576 Deo
2110 523 2285 592 posita

2387 524 2483 576 καὶ
2502 523 2564 576 τὸ
2593 523 2872 594 ὕστερον,
2899 527 2998 580 καὶ
3035 527 3097 580 τὸ
3132 528 3268 594 νῦν,
3303 531 3399 588 καὶ
3441 531 3504 584 τὸ
3546 533 3828 600 δύναται,
3887 554 4000 592 τοο

707 616 1005 684 designant
1028 621 1084 668 et
1118 620 1329 684 ponunt
1369 612 1555 666 omnia
1591 611 1686 666 Dei
1739 625 1904 682 Opera
1956 615 2285 683 temporaria

2387 613 2684 679 ἐνεστῶτος
2709 617 2805 670 καὶ
2831 618 2927 670 τοῦ
2957 617 3241 689 μέλλοντος
3273 621 3463 693 χρόνου
3488 623 3609 677 ἐστὶ
3633 631 3995 698 σημαντικὰ,

705 722 830 761 esse
854 705 998 776 apud
1047 722 1198 770 eum,
1257 713 1469 761 certum
1498 713 1584 759 est
1618 705 1858 760 absurde
1889 708 1960 762 ab
1986 722 2054 762 eo
2086 723 2285 778 suppo-

2390 706 2452 759 El
2478 706 2536 759 δὲ
2579 707 2773 774 ταῦτα,
2814 709 3040 780 κείμενα
3082 713 3176 766 ἐπὶ
3218 713 3312 767 τοῦ
3366 714 3524 781 Θεοῦ,
3560 721 3882 788 σημαντικά
3929 738 3997 773 τε

707 800 872 852 situm
915 812 1040 852 esse
1097 796 1235 851 nihil
1284 811 1409 852 esse
1451 795 1598 865 apud
1657 796 1825 851 Deum
1872 799 2286 868 temporarium.

707 890 822 947 lloc
855 896 1036 945 autem
1073 888 1314 949 sublato.
1353 893 1412 940 ut
1445 885 1685 940 absurde
1723 872 1934 956 posito,
1980 890 2294 963 necessario

707 985 875 1056 simul
907 983 1015 1037 hoc
1061 982 1225 1036 etiam
1259 980 1475 1034 tollitur
1524 993 1634 1034 non
1669 988 1982 1049 competere
2028 980 2082 1035 in
2116 980 2287 1043 Deum

707 1078 857 1147 fecit,
886 1083 942 1131 et
969 1074 1288 1130 necessario
1322 1072 1584 1128 statuitur
1618 1073 1743 1126 huic
1771 1073 2112 1127 contrarium
2134 1115 2149 1139 ,
2182 1073 2293 1132 sci-

707 1170 836 1224 licet
861 1175 1176 1237 competere
1209 1165 1265 1220 in
1295 1164 1466 1220 Deum
1496 1164 1640 1233 fecit.
1673 1158 1741 1218 In
1775 1179 1836 1219 re
1869 1177 2108 1235 namque
2153 1180 2292 1235 qua-

707 1261 861 1324 libet,
889 1257 986 1315 aut
1028 1258 1445 1314 aﬂirmationem
1505 1269 1690 1310 veram
1736 1271 1861 1312 esse
1904 1271 2136 1312 necesse
2171 1265 2290 1322 est,

2393 799 2486 852 καὶ
2505 798 2694 854 θετικὰ
2721 802 2962 870 γίνονται
2984 801 3080 856 τοῦ
3108 804 3285 858 πάντα
3309 804 3379 877 τὰ
3411 808 3696 882 ποιήματα
3713 810 3817 864 τοῦ
3841 810 3996 866 Θεοῦ

2390 889 2620 961 ἐγχρονα
2663 887 2804 946 εἶναι
2850 895 2987 966 παρ’,
3025 893 3194 965 αὐτῷ,
3236 886 3414 968 δῆλον,
3462 888 3564 952 ὅτι
3588 901 3815 966 ἀτόπως
3846 903 3996 956 ὑπέ-

2390 980 2524 1053 θηκε
2571 981 2633 1035 τὸ
2678 981 2844 1054 μηδὲν
2867 983 3124 1056 ἐγχρονον
3156 981 3295 1042 εἶναι
3331 992 3459 1062 παρ’
3485 990 3652 1063 αὐτῷ.
3680 994 3897 1048 Τούτου
3931 995 3996 1048 δὲ

2385 1071 2462 1138 ὡς
2494 1074 2712 1139 ἀτόπως
2745 1076 3098 1142 ὑποτεθέντος
3122 1080 3539 1153 ἀναιρουμένου,
3569 1090 3994 1156 συναναιρεῖται

2386 1167 2446 1235 ἐξ
2475 1168 2719 1239 ἀνάγκης
2749 1169 2846 1223 καὶ
2883 1170 2946 1223 τὸ
2967 1171 3042 1242 μὴ
3067 1172 3360 1244 ἁρμόττειν
3382 1174 3461 1245 τῷ
3488 1175 3609 1247 Θεῷ
3633 1177 3696 1251 τὸ
3719 1180 3992 1245 πεποίη-

2387 1277 2473 1314 κε.
2504 1261 2613 1315 Καὶ
2631 1260 2821 1315 τούτου
2846 1257 2955 1335 γὰρ
2979 1263 3378 1334 ἀναιρεθέντος,
3403 1265 3464 1330 ἐξ
3491 1266 3740 1337 ἀνάγκης
3762 1268 3993 1323 τίθεται

708 1362 804 1408 aut
818 1352 1189 1423 negationem.
1212 1349 1387 1405 Porro
1412 1350 1459 1406 si
1486 1364 1667 1418 ponas
1692 1354 2008 1418 competere
2030 1349 2084 1403 in
2117 1348 2285 1405 Deum

2387 1351 2446 1403 τὸ
2479 1351 2669 1406 τούτου
2713 1354 2979 1420 ἐναντίον,
3009 1355 3256 1408 τουτέστι
3284 1355 3348 1409 τὸ
3374 1356 3633 1430 ἁρμόζειν
3654 1358 3736 1429 τῷ
3766 1358 3904 1436 Θεῷ
3921 1361 3991 1413 τὸ

707 1446 862 1515 fecit,
894 1445 1077 1500 dicere
1109 1460 1219 1500 non
1246 1445 1435 1515 possis
1486 1441 1658 1499 Deum
1709 1456 1835 1498 esse
1873 1443 1970 1513 qui
2031 1442 2170 1498 nihil
2210 1443 2294 1499 fe-

708 1537 865 1607 cerit.
919 1536 1034 1591 Hoc
1063 1538 1210 1598 enim
1250 1536 1386 1592 illud
1409 1535 1791 1607 consequitur.

2388 1447 2733 1514 πεποίηκεν.
2777 1447 2901 1501 Ἐπὶ
2933 1449 3153 1520 παντὸς
3177 1447 3286 1522 γὰρ
3319 1450 3425 1522 χρὴ
3449 1451 3483 1521 ἢ
3510 1453 3610 1524 τὴν
3642 1451 3810 1522 φάσιν
3836 1448 3991 1507 εἶναι

2393 1537 2568 1609 ἀληθῆ
2602 1538 2758 1611 ἧτὴν
2786 1539 3081 1609 ἀπόφασιν.
3111 1541 3378 1613 Κειμένου
3427 1542 3486 1596 δὲ
3535 1541 3631 1596 τοῦ
3674 1543 3990 1616 ἁρμόττειν

705 1630 784 1701 τῷ
811 1628 931 1701 Θεῷ
979 1630 1040 1683 τὸ
1075 1630 1425 1696 πεποίηκεν,
1467 1627 1729 1684 ἀδύνατον
1782 1627 1965 1700 λέγειν
2021 1628 2155 1683 Θεὸν
2186 1629 2280 1682 τὸν
2313 1627 2480 1701 μηδὲν
2506 1632 2877 1703 πεποιηκότα·
2927 1631 3086 1686 τοῦτο
3123 1633 3234 1706 γάρ
3276 1635 3424 1688 ἐστιν
3461 1635 3655 1706 ἐκείνῳ
3679 1636 3984 1707 ἑπόμενον.

777 1727 832 1780 5.
857 1724 1002 1792 Quid
1027 1727 1191 1795 ergo?
1222 1723 1451 1779 Peccare
1465 1741 1562 1779 nos
1585 1725 1754 1789 dices,
1783 1723 1922 1795 quod
1950 1723 2115 1778 Deum
2143 1725 2285 1787 otio-.-

706 1835 824 1873 sum
867 1818 1150 1873 dicamus?
1201 1817 1391 1872 Verum
1435 1833 1539 1871 non
1571 1817 1668 1870 hoc
1709 1816 1960 1880 dicimits,
1991 1816 2083 1871 sed
2121 1816 2289 1872 Deum

704 1926 869 1981 neque
898 1911 1105 1980 fecisse,
1146 1926 1308 1979 neque
1341 1909 1536 1973 facere,
1582 1925 1744 1980 neque
1786 1908 2056 1978 facturum
2098 1926 2212 1964 esse
2235 1910 2290 1964 in

707 2015 955 2073 tempore.
1006 2001 1186 2072 Neque
1235 2002 1376 2056 enim
1413 2001 1704 2072 quidquam
1753 2001 1880 2071 fecit
1922 2003 2093 2072 magis
2130 2018 2290 2073 quam

707 2095 858 2162 facit,
888 2110 1050 2165 neque
1082 2110 1270 2148 rursus
1316 2095 1448 2162 facit
1487 2095 1657 2163 magis
1686 2110 1846 2163 quam
1877 2093 2058 2163 faciet.
2099 2092 2205 2148 Sed
2238 2102 2290 2147 et

704 2189 1033 2254 prwteritum
1073 2187 1210 2256 apud
1256 2187 1425 2242 Deum
1467 2189 1522 2240 in
1542 2187 1813 2254 prazsenti,
1857 2196 1909 2241 et
1949 2185 2189 2255 futurum
2233 2187 2289 2241 in

704 2279 972 2343 prmterito
1021 2290 1136 2332 est:
1186 2280 1375 2348 quippe
1404 2295 1526 2332 cum
1561 2278 1703 2332 Deus
1745 2279 1877 2332 nihil
1907 2279 2044 2348 fluxi
2072 2279 2284 2343 habeat,

705 2369 795 2424 sed
823 2369 1008 2424 eadem
1049 2385 1253 2438 semper
1281 2369 1471 2438 faciat,
1512 2378 1728 2438 propter
1757 2369 2045 2439 perfectam
2086 2371 2201 2440 ejus
2235 2380 2286 2424 et

703 2462 1089 2518 immutabilem
1135 2463 1426 2533 potentiam
1469 2471 1521 2517 et
1559 2471 1759 2518 actum.
1799 2453 1906 2519 Sed
1941 2463 2130 2535 iugere
2158 2479 2287 2534 pec-

704 2562 892 2609 catum
919 2571 1030 2625 quo
1050 2555 1192 2611 Deus
1217 2555 1436 2610 otiosus
1452 2555 1685 2618 dicitur,
1711 2562 1766 2609 et
1798 2555 1868 2610 de
1895 2571 1964 2610 eo
1995 2555 2286 2622 aﬂirmare,

704 2663 884 2718 neque
918 2648 1140 2711 fecisse,
1176 2662 1354 2716 neque
1395 2647 1598 2710 facere,
1644 2662 1823 2718 neque
1855 2646 2130 2703 facturum
2164 2663 2288 2706 esse

703 2743 761 2798 in
792 2749 1070 2810 tempore,
1107 2740 1164 2794 in
1218 2740 1362 2795 idem
1412 2747 1499 2795 est
1534 2727 1775 2795 incidere
1809 2749 2114 2811 peccatum.
2146 2738 2284 2794 Nam

705 2833 752 2886 si
803 2833 972 2912 velles
1005 2844 1236 2902 peccare
1283 2838 1339 2887 et
1383 2830 1551 2887 Deum
1601 2832 1840 2886 otiosum
1887 2831 2114 2895 dicere,
2143 2815 2289 2901 quid

703 2939 896 2994 posses
922 2924 1161 2994 amplius
1183 2923 1388 2987 dicere,
1410 2939 1574 2994 quam
1597 2923 1744 2993 quod
1770 2937 2003 2992 peccare
2030 2931 2086 2978 et
2117 2922 2285 2978 Deum

703 3017 944 3072 otiosum
979 3016 1164 3071 dicere
1193 3017 1386 3073 nolens
1419 3017 1743 3087 prolocutus
1766 3031 1848 3080 es,
1881 3029 2061 3086 neque
2089 3014 2286 3072 fecisse

2457 1727 2509 1780 5.
2543 1727 2606 1782 Τί
2630 1722 2745 1783 οὖν
2778 1712 2962 1796 palm;
2984 1720 3386 1810 ἁνενέρτητον
3410 1727 3690 1798 ήμᾶςτὸν
3706 1727 3867 1782 Θεὸν
3887 1730 3988 1782 λέ-

2392 1835 2606 1888 φοντας
2630 1819 3022 1889 ἁμαρτάνειν;
3058 1821 3326 1875 Ἀλλ”σύ
3364 1819 3544 1874 τοῦτό
3575 1837 3796 1891 φαμεν,
3835 1821 3984 1875 ἀλλ’

2394 1911 2482 1964 ὅτι
2505 1913 2577 1965 οὐ
2593 1911 2881 1979 πεποίηκε
2902 1908 3065 1980 μὲνό
3085 1910 3229 1977 Θεὸς
3253 1909 3456 1977 οὐδὲν,
3474 1912 3613 1966 οὔτε
3633 1912 3811 1977 ποιεῖ,
3838 1914 3992 1967 οὔτε

2393 2004 2632 2072 ποιήσει
2655 2004 2728 2058 ἐν
2759 2005 2989 2073 χρόνῳο
3018 2003 3200 2061 οὐδὲν
3225 2004 3336 2075 γὰρ
3367 2003 3609 2075 μᾶλλον
3641 2006 3987 2074 πεποίηκεν
4082 2033 4089 2038 -

2393 2093 2431 2162 ἢ
2461 2096 2635 2160 ποιεῖ,
2665 2095 2793 2150 οὐδ’
2822 2092 2900 2152 αὖ
2928 2095 3093 2151 ποιεῖ
3112 2096 3151 2166 ἢ
3178 2097 3448 2164 ποιήσει·
3474 2097 3637 2152 ἀλλὰ
3673 2098 3747 2152 τό
3770 2115 3840 2152 τε
3867 2115 3986 2152 πα-

2384 2183 2609 2253 ρελθὸτ⁹
2635 2189 2796 2256 παρὰ
2817 2188 2900 2254 τῷ
2916 2189 3039 2254 Θεῷ
3065 2189 3137 2243 ἐν·
3161 2188 3242 2255 τῷ
3265 2188 3546 2248 ἐνεστῶτι
3564 2229 3578 2255 ,
3611 2190 3712 2243 καὶ
3738 2190 3806 2244 τὸ
3827 2191 3985 2261 μέλ-

2389 2280 2503 2330 λον
2525 2277 2596 2330 ἐν
2621 2277 2701 2343 τῷ
2729 2277 2846 2346 ἤδη
2875 2277 3212 2348 τετυνέναν
3242 2279 3325 2345 ὡς
3356 2277 3673 2346 οὐδὲνμὲν
3706 2279 3986 2347 pawn»

2388 2369 2640 2436 ἔχοντος
2663 2369 2771 2423 τοῦ
2801 2370 2949 2425 Θεοῦ
2968 2410 2983 2435 ,
3013 2371 3104 2425 ἀεὶ
3131 2370 3202 2425 δὲ
3223 2373 3296 2426 τὰ
3321 2372 3470 2427 αὐτὰ
3501 2371 3612 2441 (60)
3652 2371 3985 2437 ποιοῦντος

2389 2459 2485 2514 διὰ
2510 2459 2624 2528 τὴν
2649 2462 2888 2516 τελείαν
2913 2462 3099 2517 αὐτοῦ
3139 2463 3236 2518 καὶ
3264 2462 3675 2534 ἀμετάϐλητον
3711 2461 3984 2531 δύναμίν

2389 2568 2454 2604 τε
2477 2552 2574 2606 καὶ
2603 2553 2926 2622 ἐνέργειαν.
2945 2554 3106 2608 Ἀλλὰ
3130 2555 3193 2609 τὸ
3221 2546 3442 2624 φεῦγειν
3463 2555 3560 2626 μὲν
3575 2554 3672 2624 τὴν
3694 2555 3984 2625 ἁμαρτίαν

2389 2641 2652 2710 λέγουσαν
2672 2646 2764 2698 τὸν
2797 2644 2928 2699 Θεὸν
2955 2647 3334 2719 ἀνενέργητον,
3351 2646 3530 2715 λέγειν
3559 2646 3616 2700 δὲ
3645 2646 3782 2717 περὶ
3803 2644 3979 2699 αὐτοῦ

2386 2736 2446 2788 τὸ
2480 2735 2603 2789 οὔτε
2623 2738 2946 2809 πεποίηκεν,
2966 2738 3091 2792 οὕτε
3109 2742 3273 2803 ποιεῖ,
3291 2738 3416 2792 οὔτε
3441 2739 3655 2811 ποιήσει
3680 2742 3739 2792 ὲν
3769 2739 3979 2810 χρόνῳ,

2388 2829 2468 2890 εἰς
2484 2829 2582 2900 τὴν
2608 2830 2778 2901 αὑτήν
2810 2832 2957 2884 ἐστιν
2979 2832 3255 2902 ἁμαρτίαν
3287 2831 3773 2902 ὲμπεσεῖν.Εῑγὰρ
3803 2831 3978 2901 ἠϐου-

2389 2919 2559 2992 λήθης
2592 2923 2946 2994 ἁμαρτάνειν,
2980 2923 3074 2976 καὶ
3106 2923 3284 2992 λέγειν
3306 2923 3400 2978 τὸν
3424 2922 3557 2976 Θεὸν
3587 2923 3976 2993 ἀνενέργητον,

2387 3012 2440 3065 τί
2463 3014 2624 3068 πλέον
2652 3011 2798 3085 εἶχες
2820 3015 2998 3085 λέγειν
3031 3010 3104 3071 ὧν
3137 3016 3233 3070 νῦν
3258 3004 3507 3089 εἴρηκας,
3538 3015 3612 3087 μὴ
3649 3014 3977 3084 βουλόμενος

707 3109 898 3171 Deum,
929 3124 1106 3178 neque
1139 3109 1341 3176 facere,
1376 3124 1556 3179 neque
1584 3108 1857 3164 facturum
1891 3123 2015 3163 esse
2036 3108 2062 3162 ἵ
2091 3106 2285 3164 Verbis

2388 3105 2724 3177 ἁμαρτάνειν
2770 3108 2866 3160 καὶ
2905 3108 3082 3176 λέγειν
3115 3109 3474 3180 ἀνενέργητον
3521 3107 3613 3160 τὸν
3662 3106 3828 3168 Θεὸν,
3874 3104 3975 3158 τοῦ

705 3216 961 3270 namque,
985 3216 1106 3270 quae
1136 3201 1402 3272 temporis
1432 3207 1617 3255 notam
1651 3200 1963 3271 signiﬁcant
2015 3201 2286 3255 et'conti-

704 3309 858 3360 nent,
889 3310 956 3349 ex
1001 3294 1324 3364 operatione
1362 3293 1458 3349 Dei
1508 3293 1764 3359 sublatis,
1808 3294 2115 3363 reperietur
2143 3293 2287 3350 Deus

703 3388 940 3452 otiosus,
971 3401 1035 3442 ac
1066 3387 1297 3459 proinde
1324 3401 1426 3443 nec
1447 3386 1719 3443 conditor.

776 3655 830 3708 4.
854 3651 914 3707 Si
948 3653 1084 3707 nihil
1106 3661 1192 3708 est
1213 3652 1358 3722 apud
1381 3651 1553 3706 Deum
1581 3651 1995 3721 temporarium,
2023 3651 2285 3706 nimirum

704 3760 808 3801 nec
828 3745 1160 3814 praeteritum
1186 3750 1405 3815 tempus
1429 3743 1574 3814 apud
1599 3759 1727 3799 eum
1757 3751 1865 3807 est,
1888 3760 1990 3799 nec
2018 3759 2283 3814 praesens,

703 3855 808 3894 nec
838 3839 1105 3893 futurum.
1129 3837 1417 3904 Quomodo
1450 3839 1619 3909 igitur
1649 3852 1947 3908 responsor
1975 3838 2070 3909 qui
2101 3853 2286 3894 remo-

705 3939 794 3984 vet
834 3945 864 3982 a
896 3929 1008 3984 Deo
1035 3929 1389 4000 temporaria,
1422 3931 1579 4000 ponit
1610 3929 1665 3984 in
1697 3928 1808 3983 Deo
1833 3929 2187 3998 temporaria,
2230 3939 2287 3983 et

704 4021 821 4075 ait:
869 4021 1062 4076 Veram
1089 4031 1138 4076 et
1166 4021 1492 4091 prazteritum
1524 4020 1666 4089 apud
1708 4019 1878 4077 Deum
1919 4023 1974 4074 in
2015 4023 2282 4090 praesenti,

702 4125 754 4168 et
800 4115 1039 4184 futurum
1087 4118 1140 4170 in
1179 4117 1492 4184 praeterito?
1521 4112 1638 4169 Hoc
1668 4115 1850 4186 ipsum
1880 4114 1991 4168 duo
2013 4113 2286 4184 quodam-

705 4208 869 4261 modo
895 4207 1188 4278 signiﬁcat,
1209 4209 1292 4263 vel
1312 4206 1444 4262 illud
1463 4205 1611 4276 quod
1630 4220 1747 4260 non
1780 4213 1897 4270 est,
1938 4206 2081 4276 apud
2115 4204 2283 4260 Deum

704 4316 830 4356 esse
854 4301 910 4355 in
929 4317 995 4356 eo
1017 4301 1162 4373 Quod
1181 4316 1292 4355 non
1313 4300 1522 4363 est,vel
1543 4298 1679 4353 illud
1708 4298 1855 4369 quod
1883 4313 1993 4352 non
2009 4309 2114 4362 est,
2141 4298 2283 4368 apud

704 4391 876 4448 Deum
893 4409 1017 4450 esse
1030 4395 1084 4448 in
1100 4408 1166 4448 eo
1177 4393 1322 4463 quod
1336 4399 1442 4447 est.
1455 4389 1518 4446 Si
1538 4392 1798 4462 primum,
1818 4390 2154 4460 impossibile
2166 4398 2252 4445 est
2268 4409 2280 4443 :

2392 3199 2527 3268 μήτε
2554 3199 2914 3270 πεποιηκέναι
2943 3200 3035 3253 τὸν
3067 3199 3222 3263 Θεὸν,
3248 3201 3386 3271 μήτε
3409 3201 3604 3260 ποιεῖν,
3640 3199 3778 3268 μήτε
3813 3198 3975 3268 ποιή-

2391 3305 2541 3355 σειν;
2574 3291 2683 3355 τῶν
2724 3291 2832 3363 γὰρ
2875 3292 3134 3364 ῥημάτων
3161 3292 3270 3346 τῶν
3307 3291 3563 3364 χρονικὴν
3597 3290 3840 3362 ἔμφασιν
3872 3290 3972 3358 δη-

2388 3378 2621 3434 λούντων
2674 3384 2770 3436 καὶ
2819 3382 3051 3453 ἐχόντων
3069 3425 3083 3449 ,
3125 3384 3191 3436 ὲκ
3242 3383 3342 3453 τῆς
3369 3381 3648 3454 ἐνεργείας
3686 3379 3782 3434 τοῦ
3829 3378 3972 3432 Θεοῦ

2388 3473 2830 3544 ἀναιρουμένων,
2859 3474 3212 3546 εὑρεθήσεται
3244 3476 3274 3529 ὸ
3304 3474 3438 3538 Θεὸς
3467 3473 3859 3544 ἁνενέργητοςο
3890 3471 3980 3525 διὸ

2388 3564 2512 3617 οὔτε
2546 3567 2797 3636 ποιητής.

2459 3657 2512 3711 4.
2547 3658 2609 3710 Et
2647 3658 2812 3728 μηδὲν
2846 3657 3100 3730 ἔγχρονόν
3131 3659 3247 3712 ἐστι
3285 3658 3436 3731 παρὰ
3470 3658 3551 3727 τῷ
3586 3658 3746 3728 Θεῷ,
3783 3658 3968 3728 δῆλον,

2388 3750 2469 3802 ὅτι
2503 3747 2625 3801 οὔτε
2649 3749 2711 3802 τὸ
2733 3748 3105 3821 παρεληλυθὸς
3135 3748 3230 3803 τοῦ
3256 3750 3450 3822 χρόνου
3481 3752 3599 3804 ἐστὶ
3632 3752 3764 3824 παρ’
3792 3752 3968 3823 αὐτῷ,

2388 3841 2511 3903 οὔτε
2543 3843 2606 3895 τὸ
2633 3842 2884 3907 ἐνεστὼς,
2919 3841 3042 3896 οὔτε
3073 3842 3137 3896 τὸ
3165 3842 3376 3915 μέλλον.
3411 3840 3653 3907 Πιῖιςόὖν
3676 3845 3706 3896 ό
3729 3845 3967 3917 ἀποκριο

2387 3934 2635 4004 νὰμενος,
2667 3934 2905 4007 ἀναιρῶν
2940 3935 3049 3989 ἀπὸ
3072 3933 3167 3989 τοῦ
3201 3934 3336 3989 Θεοῦ
3367 3933 3440 3988 τὰ
3468 3935 3720 4008 ιγχρονα,
3753 3935 3969 4007 τίθησιν

2388 4027 2481 4080 ἐπὶ
2507 4026 2600 4080 τοῦ
2635 4027 2771 4081 Θεοῦ
2818 4027 2888 4082 τὰ
2919 4028 3171 4101 ἐγχρονα,
3208 4028 3303 4082 καὶ
3338 4015 3500 4099 φησιν
3523 4046 3538 4061 ο
3580 4027 3766 4083 Ἀλλὰ
3808 4030 3880 4083 τό
3904 4047 3967 4083 τε

2387 4121 2688 4188 παρελθὸν
2713 4123 2875 4191 παρὰ
2918 4121 3000 4188 τῷ
3027 4121 3150 4188 Θεῷ
3187 4123 3259 4177 ἐν
3292 4121 3375 4188 τῷ
3411 4121 3714 4186 ἐνεστῶτι,
3756 4124 3857 4177 atat
3899 4123 3966 4178 τὸ

2381 4212 2615 4282 μέλλον
2659 4215 2730 4268 ἐν
2770 4214 2850 4281 τῷ
2875 4214 2992 4284 ἤδη
3037 4213 3374 4284 refoverat;
3416 4213 3588 4268 Τοῦτο
3609 4213 3756 4270 δυεῖν
3806 4230 3966 4268 τινων

2387 4305 2500 4374 ἔχει
2529 4306 2628 4377 τὴν
2652 4306 2911 4378 ἔμφασιν,
2943 4305 2977 4377 ἢ
3010 4305 3170 4359 τοῦτο
3203 4306 3279 4377 μὴ
3302 4305 3362 4359 ὃν
3385 4304 3537 4377 παρὰ
3557 4304 3636 4376 τῷ
3667 4303 3788 4376 Θεῷ
3819 4305 3964 4358 ἐστιν

2389 4399 2447 4450 ὲν
2466 4397 2542 4468 τῷ
2572 4399 2646 4470 μὴ
2666 4399 2802 4462 ὄντι,
2829 4397 2862 4468 ἢ
2885 4398 3044 4451 τοῦτο
3062 4398 3136 4470 μὴ
3153 4397 3212 4451 ὃν
3240 4397 3392 4470 παρὰ
3417 4395 3630 4468 τῷΘεῷ
3645 4396 3796 4450 ἐστιν
3812 4398 3872 4450 ὲν
3886 4398 3964 4469 τῷ

704 4502 831 4542 nam
863 4488 919 4541 in
951 4487 1137 4557 aliquo
1164 4501 1288 4542 esse
1309 4485 1394 4540 vel
1417 4499 1528 4539 non
1555 4499 1679 4540 esse
1705 4484 1852 4538 illius
1876 4493 1962 4538 est
1997 4481 2144 4552 quod
2175 4489 2280 4537 est.

2391 4467 2526 4540 bim.
2575 4467 2713 4541 ςἈλλ’
2757 4490 2806 4541 εἰ
2839 4467 2938 4559 μὲν
2980 4467 3335 4559 τὸπρῶτον,
3367 4487 3514 4542 ἐστιν
3557 4487 3853 4542 ἀδύνατον·

708 4580 767 4633 Si
806 4579 1147 4642 secundum,
1182 4585 1269 4634 est
1314 4578 1456 4649 apud
1489 4577 1658 4632 Deum
1690 4576 1742 4631 id
1783 4575 1931 4645 quod
1976 4589 2087 4629 non
2117 4584 2201 4630 est
2229 4576 2285 4628 in

702 4686 771 4726 eo
797 4672 943 4741 quod
968 4679 1072 4734 est,
1103 4670 1158 4725 id
1185 4680 1269 4725 est
1293 4669 1651 4748 ,ρι’ωιοτίιιιω
1669 4677 1886 4738 tempus
1915 4669 1972 4722 in
2002 4668 2280 4739 praesenti.

703 4765 821 4820 Hoc
848 4772 1030 4819 autem
1060 4765 1257 4833 posito,
1292 4778 1402 4817 non
1422 4771 1596 4824 recte,
1630 4762 1766 4816 nihil
1786 4761 1931 4831 apud
1958 4761 2129 4816 Deum
2162 4775 2284 4816 esse

704 4856 1120 4928 temporarium,
1146 4855 1352 4910 dictum
1390 4869 1516 4910 esse
1558 4855 1739 4923 arguit
1767 4854 1901 4908 illud
1949 4853 2280 4923 praeteritum

701 4951 760 5006 in
787 4949 1069 5020 presenti,
1101 4956 1157 5003 et
1189 4947 1431 5002 futurum
1467 4949 1522 5000 in
1568 4948 1863 5015 praeterito,
1900 4961 2022 5014 qua:
2061 4945 2281 5016 quidem

701 5051 832 5100 sunt
881 5040 1254 5111 temponaria;
1305 5049 1357 5094 et
1403 5040 1658 5110 quamvis
1706 5040 2002 5094 mutaverit
2033 5039 2277 5102 modum,

702 5145 813 5203 quo
847 5132 990 5201 apud
1042 5129 1215 5185 Deum
1268 5138 1399 5184 sunt
1441 5129 1711 5198 temporis
1751 5137 1969 5199 partes,
2006 5131 2282 5186 concessit

703 5234 888 5278 tamen
923 5221 1068 5292 apud
1096 5236 1222 5276 eum
1256 5236 1381 5276 esse
1414 5223 1752 5292 praeteritum
1797 5229 2012 5290 tempus
2058 5230 2113 5276 et
2143 5236 2282 5290 prae-

701 5333 832 5372 sens
866 5324 924 5369 et
967 5298 1244 5369 futurum?
1277 5313 1493 5368 etiamsi
1528 5329 1638 5368 non
1681 5313 1857 5386 magis
1896 5312 2085 5368 iecerit
2114 5328 2278 5382 quam

702 5409 902 5475 faciat;
936 5423 1040 5463 nec
1069 5422 1265 5463 rursus
1291 5405 1466 5476 magis
1508 5405 1676 5460 faciat
1703 5420 1866 5475 quam
1904 5404 2152 5460 facturus
2183 5405 2276 5459 sit.

703 5501 859 5556 Enim
889 5517 1021 5557 vero
1051 5501 1180 5570 quid
1212 5516 1351 5572 opus
1385 5508 1504 5554 erat
1539 5500 1670 5554 illud
1706 5501 1874 5570 magis
1903 5514 2182 5558 removere
2211 5499 2279 5553 ab

773 5656 884 5798 (60}
911 5657 988 5711 Τὰ
1016 5657 1188 5713 αὐτὰ.
1221 5657 1297 5714 Ita
1325 5659 1563 5714 Clarom.
1600 5659 1740 5714 Editi
1764 5660 1955 5714 ταῦτα.

773 5728 853 5798 (tit
917 5728 1022 5783 Καὶ
1052 5731 1102 5783 εἰ
1133 5729 1238 5798 μή.
1283 5728 1412 5798 Leg.
1460 5736 1509 5787 εἰ
1544 5732 1636 5784 καί
1671 5732 1765 5798 μή.
1805 5731 1955 5786 Pauli

773 5728 884 5799 (tit)
917 5728 1022 5783 Καὶ
1052 5731 1102 5783 εἰ
1133 5729 1238 5798 μή.
1283 5728 1412 5800 Leg.
1460 5736 1509 5787 εἰ
1544 5732 1636 5784 καί
1671 5732 1765 5803 μή.
1805 5731 1975 5786 Paulo
2013 5739 2134 5804 post
2166 5731 2270 5801 leg.

2387 4579 2496 4650 γὰρ
2517 4580 2574 4633 ἐν
2601 4598 2707 4634 τινι
2739 4576 2900 4644 εἶναι,
2930 4580 2963 4650 ἢ
2997 4579 3071 4651 μὴ
3094 4575 3271 4644 εἶναι,
3297 4579 3391 4641 τοῦ
3419 4580 3572 4644 ὄντος
3611 4578 3758 4633 ἐστιν
3779 4597 3791 4610 ·
3826 4580 3875 4632 εἰ
3904 4580 3961 4634 δὲ

2385 4671 2446 4724 τὸ
2470 4673 2740 4744 δεύτερον,
2772 4673 2887 4726 ἔστι
2917 4674 3067 4744 παρὰ
3099 4673 3178 4743 τῷ
3206 4673 3326 4745 Θεῷ
3353 4673 3416 4726 τὸ
3444 4673 3520 4744 μὴ
3542 4673 3602 4727 ὸν
3635 4673 3695 4726 ὲν
3717 4673 3798 4742 τῷ
3827 4673 3955 4738 ὕντι,

2385 4766 2626 4818 τουτέστι
2659 4767 2722 4819 τὸ
2759 4765 3128 4838 παρεληλυθὸς
3156 4765 3251 4819 τοῦ
3277 4767 3468 4838 χρόνου
3491 4767 3551 4819 ὲν
3601 4765 3679 4836 τῷ
3706 4768 3956 4821 ἐνεστῶτι

2384 4856 2476 4908 τοῦ
2512 4859 2722 4928 χρόνου.
2742 4859 2941 4910 Τούτου
2975 4858 3033 4911 δὲ
3067 4858 3340 4929 κειμένου,
3371 4857 3594 4928 ἐλεγχος
3625 4858 3835 4926 γίνεται
3865 4857 3955 4911 τοῦ

2389 4949 2461 5019 μὴ
2491 4948 2667 5019 ὀρθῶς
2699 4949 2952 5020 εἰρῆσθαι
2976 4951 3038 5003 τὸ
3060 4950 3212 5003 οὐδὲν
3235 4949 3492 5020 ἐγχρονον
3527 4949 3676 5021 παρὰ
3710 4949 3790 5020 τῷ
3819 4950 3952 5021 Θεῷ,

2382 5041 2443 5092 τὸ
2475 5041 2842 5112 παρεληλυθὸς
2875 5044 2932 5095 ὲν
2965 5041 3043 5112 τῷ
3074 5042 3349 5106 ἐνεστῶτι,
3384 5041 3560 5095 καὶτὸ
3587 5041 3778 5112 μέλλον
3797 5045 3856 5095 ὲν
3880 5041 3954 5111 τῷ

2383 5134 2482 5205 ἤδη
2516 5134 2833 5202 γεγονέναι·
2884 5134 3042 5188 ἁτινὰ
3093 5135 3241 5188 ἐστιν
3272 5133 3532 5206 ἐγχρονασ
3575 5133 3671 5187 καὶ
3708 5134 3758 5186 εἰ
3804 5134 3954 5204 ὲνήλ-

2381 5225 2506 5289 λαξε
2537 5227 2629 5280 τὸν
2667 5227 2870 5297 τρόπον
2901 5227 2995 5280 τοῦ
3036 5225 3155 5291 πῶς
3183 5229 3298 5280 ἐστι
3336 5227 3487 5296 ⁴ιταρὰ
3523 5225 3602 5296 τῷ
3623 5225 3743 5296 Θεῷ
3774 5225 3845 5278 τὰ
3865 5225 3954 5279 τοῦ

2382 5317 2573 5386 χρόνου
2599 5318 2761 5390 μέρη,
2787 5319 2899 5372 ἀλλ’
2932 5319 3080 5389 ὅμως
3109 5318 3339 5372 δέδωκεν
3363 5315 3501 5372 εἶναι
3532 5320 3662 5390 παρ’
3690 5318 3842 5389 αὐτῷ
3864 5319 3953 5371 τοῦ

2381 5408 2574 5479 χρόνου
2607 5411 2669 5462 τὸ
2706 5409 3096 5482 παρεληλυθὸς,
3132 5412 3225 5464 καὶ
3251 5411 3312 5464 τὸ
3346 5411 3598 5475 ἐνεστὼς,
3623 5411 3719 5465 καὶ
3742 5412 3806 5465 τὸ
3833 5411 3954 5481 μέλ-

2380 5499 2500 5553 λον·
2527 5503 2621 5554 καὶ
2660 5503 2706 5555 εἰ
2755 5503 2828 5574 μὴ
2863 5503 2972 5574 (61)
3008 5501 3204 5573 μᾶλλον
3243 5503 3304 5556 τὸ
3335 5505 3603 5575 πεποίηκε
3641 5501 3736 5555 τοῦ
3779 5503 3949 5564 ποιεῖ,

2379 5661 2786 5735 τῶνᾷτηιήσεων
2805 5659 3199 5735 οὐσῶντειιριέ
3233 5662 3336 5732 leg.
3370 5663 3403 5734 ἢ
3431 5662 3589 5718 τοῦτο
3625 5662 3700 5735 μὴ
3731 5662 3790 5716 ὃν
3807 5664 3949 5734 παρὰ

2380 5733 2456 5803 τῷ
2483 5732 2600 5804 Θεῷ
2633 5732 2778 5786 ἐστιν
2801 5734 2857 5785 ἐν
2897 5733 2971 5807 τῷ
2996 5732 3128 5789 ὖντιζ
3195 5768 3202 5772 -
