4146 6444
232 369 357 430 1491

1123 362 1591 434 ΟΗᾸΞΞΤΙΟΝΕΘ
1623 357 2070 418 CHRISTIANAE
2111 357 2204 413 AD
2240 355 2554 414 GRAECOS

3363 360 3508 415 1422

228 492 350 546 οὐδ’
373 485 441 544 αὖ
474 489 536 542 τὸ
562 490 707 542 ποιεῖ
734 485 829 540 τοῦ
863 486 1100 556 ποιήσει.
1148 485 1304 537 Ἐπεὶ
1329 483 1415 546 τίς
1437 477 1506 554 ἦν
1541 481 1700 553 χρεία
1724 480 1811 550 τῆς

1926 477 2348 549 operationibus
2375 477 2522 530 inter
2548 490 2610 531 se
2638 473 2942 531 secundum
2968 473 3156 540 verba,
3186 475 3309 544 fecit
3337 485 3392 531 et
3420 477 3511 548 fa-

228 584 328 639 τοῦ
349 581 590 652 μᾶλλον
621 580 953 651 ἀναιρέσεως
978 577 1088 631 ἀπὸ
1109 576 1220 629 τῶν
1249 576 1520 647 ποιήσεων
1544 574 1654 638 τῷν
1675 573 1815 626 κατά

229 677 295 732 τὸ
334 677 642 744 πεποίηκε,
677 673 771 727 καὶ
797 671 972 736 ποιεῖ,
1001 671 1096 724 καὶ
1125 669 1384 736 ποιήσει,
1410 667 1654 738 ἀλλήλων
1699 667 1815 719 δια-

230 768 514 842 φερουσῶν
537 809 553 833 ,
589 766 700 819 τῶν
746 748 1020 836 ποιήσεων
1061 764 1163 817 οὐκ
1194 763 1370 816 οὐσῶν
1411 761 1522 815 τῶν
1565 759 1706 814 κατὰ
1756 760 1817 812 τὸ

233 863 453 934 μᾶλλον,
481 862 576 916 καὶ
617 854 782 932 ἦττον
820 859 900 929 μὴ
947 854 1320 931 διαφερουσῶν
1363 854 1608 926 ἀλλήλων
1628 870 1641 883 ο
1697 853 1815 906 οὐδὲ

229 957 344 1030 γὰρ
391 953 674 1026 ἀναίρεσίς
715 954 832 1005 ἐστι
877 949 973 1003 τοῦ
1011 949 1370 1020 πεποιηκέναι
1403 948 1465 1001 τὸ
1512 947 1587 1018 μὴ
1619 946 1817 1022 μᾶλλον

230 1049 531 1121 πεποίηκεν
554 1047 588 1118 ἢ
615 1049 776 1110 ποιεί,
798 1044 934 1098 ἀλλά
963 1043 1110 1108 θέσις
1145 1042 1343 1114 μᾶλλον
1369 1039 1464 1094 τοῦ
1494 1039 1812 1110 πεποίηκεν.

243 1142 408 1198 Ἀλλά
436 1140 718 1214 προδήλως
745 1135 924 1192 πάντα
951 1137 1053 1190 ὅσα
1085 1135 1293 1189 ἀνεῖλεν
1324 1133 1554 1200 ἀπὸτοῦ
1585 1133 1720 1186 Θεοῦ
1749 1133 1816 1186 τὰ

230 1239 464 1311 ἐγχρονα
498 1238 556 1288 ἐν
589 1231 668 1304 τῷ
707 1231 980 1313 προοιμίῳ
1011 1231 1110 1300 τῆς
1152 1228 1411 1300 δευτέρας
1450 1227 1814 1298 ἀποκρίσεως,

229 1327 402 1382 ταῦτα
427 1324 576 1396 αὑτῷ
607 1323 894 1378 κατέλιπεν
934 1319 1169 1374 ἐνταῦθα
1190 1360 1204 1382 ,
1229 1320 1310 1385 ὠς
1336 1317 1520 1373 οὐδὲν
1552 1316 1818 1386 ρευστὸν

228 1422 480 1491 ἔχοντος
496 1418 600 1472 τοῦ
615 1415 888 1480 Θεοῦ,ἀεὶ
907 1413 975 1467 δὲ
991 1405 1062 1467 τὰ
1081 1411 1234 1468 αὐτὰ
1254 1411 1572 1477 ποιοῦντος
1587 1409 1686 1465 διὰ
1702 1408 1817 1476 τὴν

229 1513 466 1569 τελείαν
474 1510 660 1566 αὑτοῦ
671 1509 769 1563 καί
781 1507 1191 1578 ἀμετάϐλητον
1203 1507 1422 1578 δύναμί
1424 1524 1462 1560 ν
1471 1523 1535 1560 τε
1548 1505 1644 1558 καὶ
1661 1505 1817 1572 ἐνέρ-

229 1623 417 1677 rem.
456 1606 512 1658 '0
539 1601 776 1674 ἀναιρῶν
805 1599 874 1654 τὰ
908 1599 1140 1672 ἐγχρονα
1169 1599 1230 1651 οὐ
1259 1597 1440 1668 τίθησι
1465 1595 1532 1650 τὰ
1561 1596 1813 1666 ἐγχρονα.

229 1697 357 1762 Πῶς
383 1692 561 1759 οὗν,εί
595 1694 738 1748 κατά
765 1692 856 1746 τὸν
895 1690 1329 1764 ἀποκρινάμενον
1359 1689 1524 1761 μηδὲν
1561 1688 1816 1760 έγχρονον

229 1790 382 1863 παρά
399 1787 476 1860 τῷ
490 1787 628 1858 Θεῷ,
649 1788 793 1840 ποιεῖ
814 1784 882 1839 τά
901 1785 1041 1838 αὐτά
1054 1784 1082 1836 6
1103 1783 1265 1848 Θεός;
1287 1782 1360 1836 Τὸ
1379 1781 1486 1853 γὰρ
1510 1781 1668 1835 ποιεῖ
1690 1780 1816 1835 ἀδύ-

1918 574 2065 630 citet
2093 571 2276 642 faciet,
2321 568 2796 639 discrepantibus,
2845 567 2953 622 nisi
2990 568 3122 638 quia
3151 569 3509 640 operationes

1919 674 2048 721 sunt
2084 679 2205 736 qua:
2260 663 2331 717 ab
2375 663 2610 717 invicem
2639 661 2944 718 secundum
2976 661 3158 731 majus
3187 669 3282 716 aut
3323 666 3508 721 minus

1917 774 2030 814 non
2071 757 2364 813 diﬂ'erunt?
2400 755 2520 810 Non
2563 756 2711 811 enim
2742 753 2912 809 Deum
2965 755 3163 812 fecisse
3191 767 3377 829 negat,
3412 761 3509 831 qui

1919 849 2095 919 magis
2131 833 2329 903 fecisse
2355 855 2518 918 negat
2544 863 2710 918 quam
2745 846 2947 912 facere,
2972 849 3067 904 sed
3093 853 3278 926 potius
3308 853 3511 912 fecisse

1918 949 2215 996 asseverat.
2251 939 2425 994 Porro
2473 939 2764 995 manifeste
2805 956 3150 1012 quacunque
3202 958 3233 997 a
3300 944 3412 1001 Deo
3453 948 3507 1002 in

1917 1033 2144 1088 exordio
2178 1031 2404 1090 secundi
2435 1024 2917 1104 respon'si'adimit
2948 1034 3114 1108 516
3149 1041 3506 1108 temporaria,

1917 1141 1982 1179 ea
2006 1125 2086 1179 illi
2118 1125 2210 1180 hic
2238 1126 2460 1197 reliquit
2492 1127 2710 1181 omnia:
2765 1125 2908 1181 Deus
2961 1130 3150 1198 quippe
3196 1147 3315 1184 cum
3371 1133 3510 1188 nihil

1916 1220 2052 1287 ﬂuxi
2080 1219 2291 1286 habeat,
2318 1221 2408 1275 sed
2444 1221 2626 1276 eadem
2654 1239 2858 1292 semper
2901 1223 3091 1292 faciat,
3138 1237 3353 1296 propter
3387 1244 3511 1298 per;

1916 1312 2110 1381 fectant
2146 1310 2261 1384 ejus
2317 1323 2366 1368 et
2409 1314 2794 1369 immutabilem
2840 1319 3134 1386 potentiam
3188 1329 3239 1374 et
3303 1333 3504 1392 actum.

1919 1405 2025 1486 Qui
2060 1409 2394 1478 temporaria
2439 1408 2604 1478 tollit,
2657 1426 2768 1465 non
2805 1412 2962 1480 ponit
3012 1415 3366 1486 temporaria.
3400 1417 3506 1484 Qui

1916 1513 2070 1571 ergo,
2119 1501 2168 1556 si
2198 1501 2336 1556 nihil
2373 1509 2477 1569 est,
2516 1503 2586 1558 de
2618 1506 2971 1574 responsoris
3019 1512 3312 1573 sententia,
3362 1511 3508 1581 apud

1918 1589 2089 1649 Deum
2132 1596 2548 1666 temporarium,
2580 1594 2726 1652 Deus
2753 1598 2946 1653 eadem
2976 1598 3150 1656 facit?
3180 1600 3319 1658 lllud
3355 1605 3507 1662 enim

1917 1685 2051 1753 facit
2108 1688 2326 1761 concipi
2391 1704 2501 1743 non
2553 1697 2734 1760 potest
2788 1698 2945 1745 extra
2977 1708 3223 1762 praesens
3263 1703 3502 1768 tempus.

1919 1778 2207 1846 Quomodo
2235 1798 2366 1838 vero
2404 1782 2705 1852 perfectam
2740 1785 2906 1842 habet
2946 1784 3088 1843 Deus
3119 1792 3419 1859 potentiam
3449 1802 3506 1849 et

227 1900 388 1937 νατον
403 1879 657 1952 νοηθῆναι
671 1876 764 1931 τοῦ
781 1876 1074 1940 ἐνεστῶτος
1086 1875 1282 1960 χρόνου
1303 1873 1479 1936 ἐκτός.
1493 1873 1617 1937 Πῶς
1631 1872 1687 1926 δὲ
1705 1872 1811 1942 ἔχει

1921 1874 2318 1941 operationem,
2352 1876 2397 1931 si
2436 1875 2811 1932 indesinenter
2842 1877 3034 1933 eadem
3075 1880 3250 1938 facit?
3283 1884 3420 1941 Nam
3454 1888 3506 1942 si

226 1974 440 2028 τελείαν
466 1970 694 2042 δύναμίν
725 1987 786 2022 τε
820 1969 920 2022 καὶ
944 1969 1224 2039 ἐνέργειαν
1249 1969 1278 2021 6
1312 1965 1465 2031 Θεὸς,
1486 1967 1534 2018 εί
1643 1963 1814 2016 ἀπαύ-

226 2085 368 2130 στως
394 2067 538 2119 ποιεῖ
551 2065 617 2118 τὰ
637 2062 804 2127 uina;
824 2063 884 2115 El
916 2059 1026 2134 γὰρ
1045 2057 1301 2116 διὰτοῦτο
1315 2059 1580 2129 λέγεταιή
1601 2058 1812 2130 κίνησις

223 2161 477 2234 ἐνέργεια
489 2158 682 2230 ἀτελὴς
693 2157 781 2212 διὰ
795 2157 858 2210 τὸ
873 2157 959 2210 ἀεὶ
973 2155 1256 2210 κινεῖσθαι·
1273 2148 1340 2224 ἧς
1358 2155 1406 2206 εί
1424 2150 1562 2207 κατὰ
1584 2151 1812 2222 μίμησιν

227 2253 323 2308 καὶ
345 2255 374 2306 6
402 2253 532 2315 Θεὸς
561 2250 756 2312 ἐποίει,
785 2247 983 2320 ἀτελὴς
1014 2247 1166 2300 ἐσται
1195 2248 1230 2318 ή
1250 2243 1419 2299 αὐτοῦ
1447 2244 1698 2317 ἐνέργεια
1721 2244 1814 2296 κα)⁸

224 2346 288 2399 οὐ
316 2342 496 2397 τελεία
516 2360 529 2371 ·
558 2343 591 2413 ἡ
623 2339 732 2413 γὰρ
762 2339 945 2397 τελεία
969 2338 1218 2409 ἐνέργεια
1240 2339 1298 2391 ἐν
1321 2335 1399 2408 τῷ
1429 2337 1532 2408 ήδη
1554 2336 1812 2390 ἀποτελε-

228 2437 408 2490 σθέντι
461 2435 607 2506 ἔργῳ
651 2433 972 2504 θεωρεῖται,
1020 2431 1115 2484 καὶ
1163 2430 1262 2482 οὐκ
1307 2430 1366 2482 ἐν
1395 2427 1473 2500 τῷ
1514 2428 1810 2499 ἀτελέστῳ.

239 2530 380 2583 Ἀλλ’
414 2531 462 2583 εἰ
498 2530 596 2600 μὲν
625 2526 714 2581 διὰ
749 2526 810 2579 τὸ
848 2525 1036 2590 ἀτελὲς
1067 2524 1169 2595 τῆς
1201 2523 1478 2596 ἐνεργείας
1517 2523 1611 2576 καὶ
1636 2522 1723 2575 διὰ
1753 2523 1812 2575 τὸ

226 2622 579 2677 ἀτελέστατον
606 2619 700 2674 τοῦ
734 2620 894 2690 λόγου
930 2618 1078 2688 λέγει
1100 2617 1190 2671 τὸν
1224 2616 1356 2670 Θεὸν
1384 2615 1549 2686 μηδὲν
1587 2631 1813 2685 πεποιη-

190 2760 192 2762 τ
226 2715 380 2770 κέναι
429 2715 459 2767 6
491 2713 930 2784 ἀποκρινάμενος
953 2750 968 2774 ,
1001 2711 1102 2765 οὐκ
1147 2707 1470 2780 ἀληθεύσει,
1513 2706 1688 2776 λέγων
1727 2724 1814 2759 τε-

223 2789 375 2859 λείαν
403 2798 538 2857 εῖναι
565 2803 665 2875 τὴν
698 2802 985 2874 ἐνέργειαν
1015 2799 1109 2853 τοῦ
1142 2799 1312 2863 Θεοῦ,
1347 2798 1450 2869 τὴν
1481 2797 1648 2868 μηδὲν
1689 2794 1812 2849 οὔτε

225 2895 304 2969 τῷ
335 2896 441 2967 ὅλῳ
469 2895 591 2949 οὔτε
627 2893 704 2966 τῷ
739 2895 895 2966 μέρει
936 2891 1265 2946 τελέσασαν·
1303 2892 1351 2944 εί
1381 2890 1472 2954 δὲ,
1521 2888 1614 2942 τοῦ
1649 2889 1811 2960 ἔργου

227 2989 305 3062 μὴ
336 2989 700 3052 τελεσθέντος,
732 2987 988 3040 ἀδύνατον
1007 2984 1217 3038 τελείαν
1242 2981 1381 3038 εἶναι
1407 2984 1508 3055 τὴν
1532 2983 1812 3054 ἐνέργειαν

222 3083 319 3136 τοῦ
361 3081 638 3145 ποιοῦντος
663 3120 677 3145 ,
716 3079 909 3152 δῆλον,
940 3079 1022 3132 ὅτι
1064 3077 1184 3131 οὐδὲ
1225 3079 1254 3130 6
1285 3076 1418 3139 Θεὸς
1447 3076 1560 3146 ἔχει
1597 3073 1812 3128 τελείαν

220 3176 525 3247 ἐνέργειαν,
561 3174 648 3227 ἀεὶ
676 3171 844 3225 ποιῶν
869 3171 931 3224 τὸ
966 3169 1313 3241 ποιούμενον.

296 3277 350 3330 5.
378 3275 543 3330 IIoch
561 3275 770 3328 τοίνυν
793 3271 900 3327 τὸν
923 3273 1154 3340 κόσμον
1176 3271 1247 3323 ἐν
1268 3268 1430 3336 αὑτῷ
1453 3271 1640 3336 τούτῳ
1665 3268 1812 3344 ᾇπερ

219 3371 380 3434 ἐστι,
412 3369 526 3437 τὴν
553 3355 799 3435 κίνηὰιν
837 3363 1000 3430 αὐτῷ
1038 3363 1356 3418 ἄπαυστον
1391 3363 1702 3432 παρέχων,
1731 3362 1813 3429 τῷ

219 3460 551 3531 ἐλλάμπων
577 3458 767 3513 αὑτὸν
791 3457 866 3510 δι’
894 3455 1126 3521 αἰῶνος.
1169 3457 1232 3508 El
1278 3457 1336 3508 ἐν
1364 3458 1431 3528 τῇ
1467 3458 1680 3528 παροχῇ
1712 3457 1812 3528 τῆς

224 3551 490 3624 κινήσεως
517 3553 663 3604 ποιεῖ
689 3549 781 3603 τὸν
803 3549 1006 3620 κόσμον
1029 3550 1058 3600 6
1078 3547 1232 3613 Θεὸς,
1253 3536 1432 3618 δῆλον,
1449 3549 1532 3601 ὅτι
1556 3548 1811 3621 έγχρονον

224 3648 368 3699 ποιεῖ
396 3645 490 3698 τὸν
531 3645 768 3714 κόσμονο
817 3643 878 3696 οὐ
908 3643 1016 3714 γὰρ
1043 3640 1171 3694 ἀνευ
1222 3641 1416 3714 χρόνου
1459 3645 1493 3714 ἡ
1535 3643 1809 3714 κίνησιςή

223 3738 305 3810 τῷ
340 3738 530 3808 κόσμῳ
563 3735 718 3807 παρὰ
762 3733 858 3788 τοῦ
908 3732 1045 3787 Θεοῦ
1092 3733 1230 3804 πρὸς
1255 3733 1354 3805 τὴν
1381 3733 1546 3787 αὐτοῦ
1595 3734 1809 3804 κίνησιν

225 3831 598 3901 παρεχομένη.
632 3829 694 3882 Εἰ
725 3829 906 3880 τοίνυν
932 3827 995 3880 τὸ
1037 3831 1210 3880 ποιεῖν
1237 3825 1331 3880 τοῦ
1370 3826 1662 3890 ἐνεστῶτος
1692 3828 1808 3880 ἐστι

223 3923 439 3996 χρόνου,
468 3923 562 3976 καὶ
605 3925 637 3994 η
681 3923 896 3993 κίνησις
942 3919 1203 3992 ἐγχρονός-
1227 3920 1376 3982 ἐστι,
1404 3919 1521 3983 πῶς
1550 3920 1651 3972 οὐκ
1695 3918 1810 3972 ἐστι

221 4016 414 4086 ψευδὲς
435 4054 450 4079 ,
492 4015 554 4069 τὸ
573 4055 588 4078 ,
628 4013 820 4069 Οὐδὲν
846 4015 1140 4084 ἐγχρονόν
1179 4013 1309 4066 ἐστι
1345 4013 1504 4081 παρὰ
1542 4012 1623 4078 τῷ
1653 4011 1810 4078 Θεῷ;

223 4109 348 4173 Πῶς
377 4108 434 4161 δέ
461 4105 685 4161 δυνατὸν
720 4107 986 4161 κινεῖσθαι
1017 4107 1110 4159 τὸν
1149 4105 1363 4177 κόσμον
1388 4107 1480 4169 τὸν
1511 4107 1675 4177 μήπω
1715 4123 1809 4176 γε-

223 4202 441 4272 γονότα,
469 4203 586 4255 ἀλλ’
616 4203 665 4254 εί
686 4201 796 4272 (62)
827 4203 888 4254 ἐν
907 4200 986 4271 τῷ
1013 4201 1282 4254 ποιεῖσθαι
1306 4200 1456 4264 ὅντα,
1482 4199 1560 4270 τῷ
1589 4201 1680 4253 τὸν
1712 4200 1809 4270 μὲν

222 4293 356 4347 Θεὸν
406 4296 578 4346 ποιεῖν
619 4293 864 4366 ἀχρόνως
889 4332 904 4355 ,
937 4291 1028 4344 τὸν
1064 4292 1121 4344 δὲ
1163 4291 1366 4360 κόσμον
1411 4290 1470 4342 ὲν
1518 4287 1596 4358 τῷ
1633 4287 1810 4360 χρόνῳ

223 4385 527 4450 ποιεῖσθαι;
558 4385 772 4455 ἀνάγκη
801 4383 930 4455 γὰρ,
967 4383 1156 4454 ὥσπερ
1190 4385 1334 4435 ποιεί
1362 4385 1390 4436 6
1419 4380 1608 4445 ποιῶν,
1637 4379 1810 4443 οὕτως

222 4481 493 4534 ποιεῖσθαι
534 4480 596 4534 τὸ
621 4479 945 4550 ποιούμενον
987 4479 1253 4551 ἀχρόνως.
1290 4478 1353 4530 El
1393 4477 1450 4530 δὲ
1492 4478 1559 4548 τῇ
1594 4477 1807 4545 παροχῇ

1839 3217 1886 3277 C

1915 1965 2039 2020 ideo
2073 1969 2245 2022 motio
2279 1969 2636 2038 imperfectus
2673 1971 2878 2026 dicitur
2927 1981 3110 2040 actus,
3153 1978 3284 2048 quia
3323 1983 3503 2036 conti-

1915 2068 2111 2115 nenter
2141 2070 2413 2129 movetur,
2443 2073 2519 2138 et,
2545 2064 2613 2119 ad
2643 2066 2766 2134 ejus
2797 2067 3158 2126 imitationem
3192 2072 3337 2132 Deus
3363 2094 3502 2147 quo-

1914 2169 2022 2223 que
2045 2153 2178 2208 facit
2203 2173 2216 2221 ;
2251 2155 2572 2225 imperfecta
2592 2159 2700 2213 erit
2727 2169 2782 2215 et
2810 2177 2921 2216 non
2953 2163 3202 2220 absoluta
3224 2165 3346 2238 ejus
3372 2186 3504 2242 0pc-

1915 2244 2080 2300 ralio.
2117 2246 2384 2302 Absoluta
2431 2248 2578 2308 enim
2615 2252 2865 2321 Operatio
2899 2255 2954 2309 in
2988 2256 3256 2326 perfecto,
3286 2278 3399 2317 non
3444 2266 3499 2320 in

1914 2336 2237 2407 imperfecto
2281 2340 2616 2410 perspicitur
2658 2358 2844 2413 opere.
2875 2345 3148 2406 Cancrum
3197 2354 3245 2407 si
3275 2364 3502 2426 propter

1915 2429 2293 2500 imperfectam
2323 2434 2700 2504 operationem
2739 2445 2793 2492 et
2829 2438 3373 2510 imperfectissimam
3411 2466 3503 2503 ra-

1914 2520 2120 2576 tionem
2163 2539 2461 2596 responsor
2488 2529 2688 2583 asserit
2722 2529 2892 2586 Deum
2934 2533 3075 2588 nihil
3103 2534 3303 2594 fecisse.
3325 2583 3339 2598 .
3372 2558 3503 2597 vcra

1916 2629 2027 2669 non
2054 2614 2200 2672 dicet
2228 2616 2528 2688 perfectam
2549 2635 2674 2677 esse
2696 2638 2955 2680 asserens
2978 2624 3076 2681 Dei
3101 2631 3501 2698 operationem,

1915 2723 2038 2777 qua:
2071 2708 2209 2763 nihil
2242 2727 2419 2782 neque
2451 2712 2504 2766 in
2537 2713 2753 2786 integro
2785 2732 2988 2788 Opere,
3026 2736 3205 2792 neque
3256 2703 3314 2780 in
3355 2725 3504 2781 illius

1916 2809 2070 2871 parte
2101 2803 2347 2872 perfecit.
2387 2802 2484 2860 Sin
2517 2823 2684 2878 opere
2715 2825 2823 2866 non
2857 2812 3131 2880 absoluto,
3167 2815 3284 2871 fieri
3314 2821 3507 2889 nequit

1916 2900 1976 2946 ut
2019 2893 2232 2965 opificis
2273 2897 2515 2966 perfecta
2554 2900 2627 2956 sit
2654 2905 2934 2974 operatio:
2968 2923 3148 2978 neque
3177 2907 3323 2965 Deus
3351 2911 3504 2965 vide~

1917 2987 2043 3042 licet
2070 2989 2373 3058 perfectam
2403 2992 2568 3049 habet
2591 2998 2992 3066 operationem,
3025 3016 3150 3055 cum
3180 3019 3397 3075 semper
3423 3006 3503 3058 fn-

1915 3081 2026 3136 ciat
2050 3082 2103 3137 id
2129 3085 2274 3154 quod
2299 3085 2375 3140 fit.

1987 3265 2040 3318 5.
2077 3263 2264 3348 Itaque
2287 3269 2544 3324 mundum
2573 3273 2706 3341 facit
2738 3290 2799 3327 eo
2829 3275 2944 3344 ipso
2963 3278 3102 3346 quod
3125 3286 3224 3344 est,
3246 3278 3371 3331 dum
3391 3297 3506 3333 mo-

1917 3367 2027 3412 tum
2073 3371 2379 3427 perpetuum
2413 3364 2462 3417 ei
2511 3365 2833 3434 suppeditat,
2868 3367 3101 3439 facitque
3143 3379 3198 3422 ut
3227 3386 3320 3438 per
3349 3389 3515 3444 omne.

1914 3469 2082 3506 cavum
2149 3454 2428 3510 colluceat.
2489 3457 2546 3511 Si
2623 3454 3068 3530 suppeditatione
3111 3472 3294 3520 motus
3357 3465 3504 3522 Deus

1911 3546 2182 3602 mundum
2233 3547 2436 3616 ellicit,
2476 3561 2693 3607 constat
2735 3556 3125 3624 temporarium
3153 3557 3222 3612 ab
3254 3573 3321 3613 eo
3343 3574 3504 3613 mun-

1912 3635 2043 3691 dum
2067 3639 2239 3708 effici;
2271 3657 2383 3697 non
2411 3645 2557 3698 enim
2586 3645 2794 3717 absque
2824 3654 3068 3720 tempore
3085 3661 3176 3723 est
3201 3662 3386 3711 motus
3405 3658 3500 3725 qui

1913 3731 2121 3786 mundo
2152 3749 2183 3787 a
2215 3733 2327 3790 Deo
2356 3737 2653 3805 praebetur.
2690 3738 2748 3794 Si
2775 3741 2940 3812 igitur
2969 3741 3183 3800 efﬁcere
3215 3750 3504 3815 praesentis

1912 3833 1996 3879 est
2022 3827 2310 3896 temporis,
2353 3837 2408 3884 et
2452 3839 2638 3887 motus
2668 3836 3037 3905 temporarius
3065 3847 3151 3892 est
3175 3880 3192 3905 ,
3227 3840 3504 3909 quomodo

1915 3917 2113 3975 falsum
2140 3935 2248 3975 non
2276 3929 2381 3988 est,
2418 3923 2553 3977 nihil
2575 3942 2688 3980 eue
2716 3927 2858 3996 apud
2885 3926 3049 3984 Deum
3081 3935 3458 4001 temporarium
3477 3939 3505 3992 Ρ

1914 4007 2020 4075 Qui
2049 4021 2228 4067 autem
2247 4015 2362 4069 fleri
2391 4025 2574 4086 potest
2618 4027 2678 4072 ut
2709 4022 2947 4078 mundus
2974 4025 3092 4097 qui,
3121 4027 3356 4081 necdum
3390 4029 3503 4084 fac-

1915 4114 2003 4160 tus
2034 4106 2558 4173 sit,moveatur,aut
2589 4111 2637 4166 si
2661 4111 2790 4167 dum
2814 4099 3069 4182 ellicitur,
3099 4119 3504 4184 exsistit,Deus

1913 4198 2135 4267 quidem
2177 4201 2386 4271 absque
2431 4211 2675 4273 tempore
2713 4205 2931 4271 eﬂiciat,
2985 4210 3396 4268 munduswero
3444 4216 3504 4270 in

1913 4299 2162 4361 tempore
2202 4294 2507 4350 efficiatur?
2546 4296 2786 4354 Necesse
2816 4316 3055 4372 namque
3091 4310 3208 4369 est,
3246 4306 3389 4360 sicut
3423 4307 3482 4360 ef
3497 4336 3507 4344 ~

1914 4380 2088 4437 fector
2118 4382 2271 4451 facit,
2306 4386 2381 4439 ita
2411 4402 2632 4457 quoque
2665 4387 2920 4444 ell'ectum
2959 4387 3097 4446 efﬁci
3125 4394 3336 4464 absque
3365 4406 3505 4450 tem-

1914 4488 2068 4542 pore.
2110 4474 2208 4530 Sin
2254 4486 2438 4534 motus
2479 4479 2998 4538 subministratione
3039 4483 3187 4540 Deus
3236 4487 3505 4542 mundum

220 4573 323 4644 τῆς
347 4575 613 4645 κινήσεως
645 4572 910 4625 ποιεῖ’τὸν
943 4571 1144 4642 κόσμον
1172 4571 1200 4622 6
1239 4570 1394 4636 Θεὸς,
1431 4569 1525 4622 καὶ
1563 4569 1659 4638 οὐχ
1703 4568 1801 4638 ἀρ-

1915 4568 2061 4630 facit,
2098 4585 2202 4623 nec
2233 4570 2625 4626 convenienter
2651 4571 2720 4626 de
2751 4588 2817 4627 eo
2860 4573 3085 4640 dicitur,
3130 4578 3389 4633 Mundam
3423 4581 3504 4634 fe-

225 4665 411 4736 μόττει
425 4666 486 4718 τὸ
496 4665 747 4733 λέγεσθαι
759 4666 889 4736 περὶ
900 4661 1065 4716 αὐτοῦ
1080 4663 1163 4727 τὸ,
1181 4663 1456 4732 Πεποίηκε
1473 4661 1562 4742 τὸν
1579 4661 1802 4730 κόσμον,

221 4759 330 4812 οὐδ’
356 4759 464 4831 ἀρα
497 4757 574 4828 τῷ
605 4758 797 4829 κόσμῳ
821 4758 1084 4829 ἁρμόττει
1109 4755 1170 4808 τὸ
1191 4756 1495 4827 κινηθῆναι.
1531 4756 1592 4809 El
1619 4755 1806 4826 ἕτερον

227 4853 325 4922 μὲν
356 4852 418 4904 τὸ
449 4850 798 4921 κινούμενον,
829 4851 995 4922 ἐτέρα
1026 4850 1084 4903 δὲ
1117 4852 1150 4920 ἡ
1199 4850 1440 4920 κίνησις⁹
1481 4844 1624 4914 οἷον,
1670 4848 1808 4902 ἔστω

220 4944 282 4997 τὸ
316 4943 412 5014 μὲν
437 4943 751 5014 κινούμενον
777 4946 807 4997 6
833 4943 1005 5014 ἥλιος,
1035 4947 1069 5012 ἡ
1097 4944 1152 4997 δὲ
1195 4943 1409 5014 κίνησις
1439 4941 1605 4996 αὐτοῦ
1640 4943 1808 5012 μετά-

225 5053 410 5100 στασις
438 5037 578 5090 κατὰ
609 5037 782 5108 φορὰν
804 5039 868 5090 ἐκ
893 5037 1058 5090 τόπου
1082 5039 1162 5101 είς
1183 5039 1348 5091 τόπον
1369 5054 1382 5066 ·
1416 5038 1509 5090 καὶ
1531 5038 1563 5108 ἡ
1596 5037 1808 5108 κίνησις

222 5127 284 5181 οὐ
318 5128 546 5199 παρέχει
574 5128 671 5198 μὲν
701 5127 780 5199 τῷ
800 5128 934 5200 ἡλίῳ
960 5129 1060 5200 τὴν
1088 5118 1297 5194 οὐσίαν,
1323 5130 1556 5201 παρέχει
1578 5129 1635 5183 δὲ
1658 5129 1808 5200 αὐτῷ

222 5222 286 5273 τὸ
307 5219 570 5274 κινεῖσθαι
600 5220 742 5275 κατά
761 5223 931 5294 φοράν
951 5240 962 5251 ·
993 5222 1171 5294 δῆλον,
1193 5224 1276 5276 ὃτι
1306 5223 1400 5276 δύο
1427 5223 1676 5295 ποιήσεις
1695 5222 1808 5294 ἔχει

225 5314 254 5366 6
284 5314 467 5383 ἥλιος,
505 5313 633 5385 μίαν
667 5314 766 5385 μὲν
798 5303 898 5386 τῆς
937 5317 1157 5381 οὐσίας,
1190 5317 1385 5388 ἐτέραν
1431 5317 1488 5369 δὲ
1525 5319 1623 5387 τῆς
1652 5319 1806 5388 κινή-

230 5422 367 5469 σεως
386 5423 399 5435 ·
426 5401 536 5460 οἷόν
561 5409 706 5460 ἐστιν
732 5409 761 5460 6
779 5407 927 5479 ἥλιος
957 5408 1169 5481 πίλημα
1188 5409 1512 5480 αἰθερωιδές
1538 5413 1604 5481 τῇ
1627 5410 1805 5481 οὐσία,

229 5499 478 5572 λαμπρὸς
504 5501 582 5572 τῷ
599 5501 747 5565 εἴδει,
780 5487 1124 5576 σφαιροειδὴς
1147 5503 1226 5574 τῷ
1256 5506 1493 5576 σχήματι
1513 5521 1526 5534 ο
1554 5499 1629 5558 ὧν
1657 5505 1809 5558 οὐδὲν

225 5591 314 5644 διά
338 5594 602 5664 κινήσεως
629 5596 657 5647 6
687 5593 855 5664 ἥλιος.
897 5595 1035 5647 Ἀλλ’
1069 5595 1118 5647 εί
1149 5595 1313 5666 μηδὲν
1344 5593 1547 5647 τούτων
1585 5593 1675 5648 διὰ
1705 5595 1806 5664 τῆς

229 5682 491 5753 κινήσεως
526 5683 637 5754 ἔχει
667 5686 696 5739 6
722 5683 890 5755 ἥλιος,
923 5684 1100 5756 δῆλον,
1131 5686 1212 5738 ὃτι
1239 5685 1358 5738 οὐδὲ
1389 5684 1475 5738 διὰ
1517 5686 1616 5756 τῆς
1648 5687 1804 5757 ποιή-

1912 4660 2024 4716 cit:
2055 4674 2160 4714 nec
2184 4661 2286 4730 ipsi
2308 4662 2474 4715 etiam
2497 4663 2704 4717 mundo
2725 4673 2994 4734 congruet
3009 4669 3238 4723 moveri.
3266 4669 3322 4723 Si
3353 4672 3505 4726 aliud

1914 4761 2000 4808 est
2029 4755 2177 4823 quod
2206 4763 2479 4818 movetur,
2525 4765 2580 4812 et
2610 4758 2751 4812 alius
2785 4768 2968 4816 motus
2996 4780 3008 4814 :
3057 4769 3117 4815 ut
3155 4772 3305 4832 puta,
3337 4766 3410 4819 sit
3450 4767 3505 4820 id

1918 4847 2062 4916 quod
2111 4857 2360 4902 movetur
2402 4850 2506 4912 sol,
2538 4858 2721 4906 motus
2745 4860 2926 4906 autem
2959 4853 3082 4923 ejus
3117 4857 3372 4911 transitio
3407 4875 3506 4929 per

1916 4941 2244 4995 delationem
2275 4957 2306 4995 e
2339 4941 2460 4996 loco
2486 4942 2540 4996 in
2576 4943 2787 4999 locum:
2825 4954 2878 4999 et
2923 4957 3108 5001 motus
3147 4949 3368 5018 quidem
3401 4954 3505 5008 soli

1916 5033 2214 5089 eSsentiam
2237 5049 2346 5088 non
2365 5035 2592 5102 prazbet,
2619 5038 2824 5105 praabet
2851 5047 3035 5094 autem
3063 5039 3112 5093 ei
3141 5048 3202 5094 ut
3228 5041 3506 5098 delatione

1918 5138 2200 5182 moveatur
2221 5148 2234 5182 :
2254 5127 2527 5196 duplicem
2548 5130 2802 5184 videlicet
2823 5131 3159 5187 creationem
3192 5135 3276 5188 sol
3300 5135 3464 5191 habet
3485 5178 3501 5200 ,

1918 5235 2084 5274 unam
2150 5221 2512 5289 substantiae,
2554 5225 2781 5277 alteram
2847 5225 3145 5279 motionis:
3187 5234 3270 5280 est
3301 5228 3504 5298 quippe

1919 5313 2000 5365 sol
2034 5311 2314 5365 concretio
2334 5352 2349 5372 ,
2380 5313 2601 5369 :etheris
2633 5313 2796 5368 modo
2823 5314 3131 5384 pellucidus
3166 5317 3500 5379 substantia,

1919 5403 2239 5473 splendidus
2268 5405 2468 5473 specie,
2511 5407 2782 5462 rotundus
2813 5407 3019 5478 ﬁgura:
3052 5425 3284 5480 quarum
3317 5425 3504 5464 rerum

1917 5499 2055 5552 nihil
2085 5515 2178 5568 per
2212 5507 2416 5553 motum
2441 5501 2521 5554 sol
2539 5501 2728 5555 habet.
2763 5499 2820 5554 Si
2853 5502 2990 5555 nihil
3022 5503 3218 5556 horum
3252 5519 3350 5572 per
3383 5520 3502 5556 mo-

1914 5599 2033 5644 tum
2080 5591 2267 5657 habet,
2319 5607 2497 5662 neque
2530 5609 2628 5663 per
2672 5593 2772 5648 Dei
2807 5596 3182 5664 operationem
3220 5596 3496 5651 videlicet.

1915 5683 2070 5750 Quod
2111 5686 2156 5740 si
2195 5687 2442 5756 perpetui
2481 5695 2664 5744 motus
2705 5686 3218 5747 subministratione
3241 5728 3258 5756 ,
3299 5689 3498 5756 solem,

287 5842 408 5914 (62)
458 5844 609 5898 Ἀλλ’
637 5847 707 5900 ει.
739 5843 978 5902 Clarom.
1036 5845 1171 5900 ἀλλὰ
1195 5847 1301 5902 ἀεί.
1349 5845 1476 5902 Mox
1506 5847 1793 5919 legendum

1915 5849 2002 5902 τὸν
2053 5849 2152 5919 μὲν
2213 5850 2364 5907 Θεόν.
