4146 6434
699 362 840 418 “'23

1461 359 1823 415 APPENDIX.
1859 392 1929 403 —-
1965 357 2146 416 PARS
2171 359 2212 414 Ι.
2256 359 2313 414 S.
2354 357 2621 416 JUSTlNl
2661 357 2892 413 OPERA
2933 357 3206 413 SPURIA.

3844 369 3992 423 1424

697 486 793 558 qui
839 497 966 554 pars
1020 488 1105 538 est
1135 479 1362 544 mundi,
1397 478 1559 534 ellicit
1601 479 1768 544 Deus,
1816 478 2282 551 quemadmodum

2390 495 2526 542 σεως
2558 477 2656 548 τῆς
2685 476 2837 549 παρὰ
2867 476 3139 556 τοῦρΘεοῦ.
3163 479 3225 530 El
3250 477 3306 532 δὲ
3333 481 3401 551 τῇ
3430 485 3645 554 παροχῇ
3680 485 3782 555 τῆς
3807 485 3995 538 ἀπαύ-

696 588 874 637 totum
905 575 1068 633 ellicit
1093 574 1376 637 mundum,
1401 587 1464 627 ac
1490 572 1642 643 prius
1665 587 1788 627 esse
1809 576 2023 642 oportet
2055 572 2110 626 id
2134 571 2282 643 quod

697 673 898 728 mobile
925 678 1010 726 est
1037 677 1090 724 et
1122 668 1479 740 posteriorem
1515 673 1720 721 motum
1748 708 1764 732 ,
1795 667 1880 720 vel
1920 665 2167 735 profecto
2200 665 2282 726 in-

698 766 876 821 fectus
901 772 984 820 est
1013 763 1097 819 sol
1135 761 1466 825 substantia,
1495 761 1582 814 vel
1629 761 1736 814 alia
1767 760 2088 829 operatione
2133 759 2283 814 illius

699 858 828 913 fecit
857 855 1221 914 substantiam
1252 861 1307 908 et
1353 852 1459 907 alia
1490 861 1720 919 motum,
1772 852 1848 905 ita
1879 841 1940 908 ut
1972 853 2126 922 prius
2159 853 2285 922 quia

698 952 820 1008 dem
843 949 1038 1006 fecerit
1065 949 1215 1003 illius
1234 947 1826 1016 substantiam,postea
1856 953 2037 1000 autem
2071 952 2283 1002 motum

699 1043 1013 1118 praebuerit.
1061 1041 1165 1097 Sed
1208 1039 1255 1096 si
1291 1055 1507 1109 semper
1545 1037 1674 1093 facit
1708 1047 1769 1093 ut
1795 1047 2100 1103 moveatur,
2133 1038 2283 1094 illius

702 1147 885 1193 autem
916 1134 1282 1192 substantiam
1318 1148 1428 1187 non
1476 1147 1692 1202 semper
1729 1131 1878 1196 facit,
1925 1130 2281 1199 manifestum

697 1240 783 1286 est
802 1237 926 1301 post
946 1229 1279 1284 creationem
1300 1227 1447 1281 illius
1474 1225 1796 1282 substantiae
1818 1223 2009 1279 datum
2032 1224 2082 1281 ei
2108 1223 2284 1280 fuisse

699 1329 909 1378 motum
957 1327 1303 1392 perpetuum,
1334 1330 1389 1375 et
1421 1320 1585 1374 linem
1616 1317 1917 1373 creationis
1957 1315 2118 1388 517
2152 1316 2286 1373 sub-

700 1416 916 1471 stantia:
939 1415 1080 1484 ejus,
1105 1411 1436 1484 principium
1481 1426 1606 1467 esse
1644 1409 1903 1464 motionis
1948 1409 2092 1480 ejus.
2124 1409 2284 1475 Quod

700 1508 747 1564 si
797 1507 917 1564 haec
974 1509 1051 1565 ita
1103 1522 1163 1562 se
1205 1507 1430 1570 habent,
1463 1505 1723 1560 nimirum
1757 1503 1900 1574 apud
1933 1502 2101 1558 Deum
2146 1502 2285 1556 nihil

699 1601 908 1671 absque
929 1608 1179 1670 tempore
1209 1597 1390 1653 luerit.
1421 1597 1640 1654 Creatio
1668 1597 1814 1652 enim
1853 1595 2123 1652 creationi
2159 1609 2286 1651 suc-

696 1682 923 1760 cedens,
960 1701 1208 1748 tempore
1238 1691 1468 1747 minime
1499 1699 1680 1745 vacat.

2386 588 2513 624 στου
2548 572 2818 642 κινήσεως
2847 554 3001 623 ποιεῖ
3022 573 3115 623 τὸν
3140 571 3293 642 ἡλιον
3317 576 3347 626 6
3371 573 3507 638 Θεὸς
3538 575 3630 628 τὸν
3649 554 3786 632 ὖνεα
3825 579 3994 651 μέρος

2357 662 2478 716 ’τοῦ
2527 665 2735 735 κόσμου
2758 704 2771 728 ,
2814 663 3005 737 ὥσπερ
3037 668 3180 718 ποιεῖ
3222 667 3343 721 ὅλον
3379 669 3472 722 τὸν
3504 671 3744 749 κᾶσμον,
3783 674 3886 726 καὶ
3915 675 3996 727 δεῖ

2386 755 2603 827 πρῶτον
2647 750 2789 808 εἶναι
2821 755 2885 808 τὸ
2931 758 3152 827 κινητὸν
3194 760 3308 812 καὶ
3333 759 3563 833 ὕστερον
3591 764 3692 834 τὴν
3735 766 3993 836 κίνησιν,

2383 845 2418 916 ἢ
2444 846 2552 917 ἄρα
2580 847 2842 918 ἀποίητός
2874 849 3024 901 ἐστιν
3055 851 3083 901 6
3109 849 3262 920 ἡλιος
3284 854 3351 923 τῇ
3372 852 3552 933 οὐσίᾳι
3581 853 3613 926 ἢ
3649 855 3800 908 κατὰ
3823 857 3996 929 ἄλλην

2384 937 2600 1011 ποίησιν
2629 940 2892 1012 ἐποίησεν
2923 941 3087 996 αὐτοῦ
3119 942 3221 1015 τὴν
3258 944 3480 1011 οὐσίαν,
3514 948 3609 1000 καὶ
3650 947 3799 1002 κατὰ
3824 949 3995 1021 ἄλλην

2387 1025 2605 1104 ποίησιν
2633 1034 2738 1106 τὴν
2766 1037 3003 1107 κίνησινο
3040 1038 3134 1092 καὶ
3165 1042 3398 1112 ποιήσας
3435 1043 3534 1115 μὲν
3574 1045 3800 1116 πρῶτον
3823 1046 3996 1100 αὐτοῦ

2385 1128 2485 1198 τὴν
2503 1128 2714 1189 οὐσίαν,
2749 1127 2974 1202 ὕστερον
3001 1131 3058 1185 δὲ
3092 1133 3393 1205 παρασχὼν
3426 1135 3576 1207 αὐτῷ
3604 1137 3706 1208 τὴν
3744 1140 3992 1210 κίνησιν.

2400 1218 2540 1272 Ἀλλ’
2563 1222 2612 1273 εί
2650 1221 2714 1274 τὸ
2746 1222 3017 1278 κινεῖσθαι
3059 1214 3222 1280 αὐτὸν
3256 1228 3342 1282 ἀεὶ
3373 1232 3539 1294 ποιεί,
3571 1226 3671 1302 τὴν
3701 1231 3762 1284 δὲ
3799 1234 3997 1286 οὐσίαν

2386 1312 2552 1366 αὐτοῦ
2580 1313 2682 1367 οὐκ
2710 1315 2798 1368 ἀεὶ
2827 1320 2989 1384 ποιεῖ,
3020 1318 3200 1391 δῆλον,
3223 1322 3304 1374 ὅτι
3335 1321 3475 1392 μετὰ
3505 1322 3608 1394 τὴν
3635 1324 3866 1396 ποίησιν
3892 1326 3997 1396 τῆς

2385 1402 2573 1468 οὐσίας
2605 1405 2771 1460 αὐτοῦ
2809 1409 3040 1481 παρέχει
3083 1410 3232 1481 αὐτῷ
3277 1410 3378 1484 τὴν
3419 1413 3703 1469 ἄπαυστον
3736 1417 3994 1489 κίνησιν,

2391 1497 2490 1550 καὶ
2532 1497 2648 1552 ἐστι
2685 1499 2749 1553 τὸ
2800 1501 2959 1566 τέλος
2997 1502 3094 1573 τῆς
3137 1503 3329 1568 οὐσίας
3359 1507 3460 1578 τῆς
3511 1510 3789 1580 ποιήσεως
3823 1512 3998 1564 αὐτοῦ

2387 1589 2529 1663 ἀρχὴ
2563 1591 2666 1663 τῆς
2697 1595 2966 1665 κινήσεως
2999 1596 3187 1652 αὐτοῦ.
3212 1597 3277 1650 Et
3318 1598 3375 1652 δὲ
3410 1599 3590 1654 ταῦτα
3626 1601 3809 1666 οὕτως
3854 1603 3995 1675 ἔχει,

2384 1683 2571 1753 δῆλον,
2591 1686 2671 1738 ὅτι
2700 1686 2854 1740 οὐδὲν
2875 1687 3105 1759 ἄχρονον
3132 1690 3284 1762 παρά
3307 1691 3386 1762 τῷ
3405 1691 3543 1765 Θεῷ·
3563 1696 3596 1766 ἡ
3627 1697 3740 1770 γὰρ
3765 1699 3997 1769 ποίησις

2389 1778 2609 1850 ποίησιν
2629 1778 2985 1856 διαδεχομένη
3016 1783 3244 1859 ἄχρονος
3266 1786 3365 1840 οὐκ
3390 1787 3555 1841 ἐστιν.

769 1875 823 1930 6.
861 1875 1124 1942 Quocirca
1154 1872 1290 1928 nihil
1319 1871 1529 1943 quidem
1561 1872 1705 1942 fecit,
1735 1886 1894 1945 neque
1916 1872 2098 1950 faciet.
2127 1869 2282 1927 Facit

2459 1871 2512 1928 6.
2559 1865 2745 1928 ’Ὥστε
2793 1857 3101 1946 πεποίηκεν
3116 1877 3237 1947 μὲν
3283 1879 3484 1948 οὐδὲν,
3517 1884 3657 1937 οὔτε
3702 1885 3953 1951 ποιήσει
3973 1904 3989 1918 ·

696 1977 875 2025 autem
913 1969 1050 2022 idem
1089 1967 1198 2036 ipse
1220 1981 1422 2035 semper
1461 1965 1622 2029 idem,
1665 1983 1773 2020 non
1799 1965 1993 2021 habens
2023 1966 2287 2035 operatio-

696 2061 780 2114 nis
823 2059 1128 2124 exordium,
1173 2068 1230 2112 ut
1280 2075 1445 2129 neque
1489 2059 1647 2128 ﬁnem
1693 2057 1905 2113 habeat.
1956 2058 2094 2114 Cum
2149 2059 2284 2115 solis

697 2152 861 2208 aliam
893 2153 1252 2217 creationem,
1293 2168 1415 2223 quae
1443 2163 1528 2207 est
1579 2152 1922 2216 substantiae,
1954 2151 2118 2208 aliam
2160 2168 2286 2212 esse

695 2245 1134 2301 demonstratum
1166 2247 1258 2310 sit,
1292 2248 1415 2315 q‘ua:
1457 2244 1514 2298 ﬁt
1547 2259 1644 2315 per
1674 2251 1906 2307 motum,
1933 2259 2097 2315 quam
2130 2244 2285 2301 inde-

693 2339 966 2396 sinentem
1013 2335 1248 2408 appellat
1294 2352 1614 2410 responsor,
1660 2352 1727 2392 ac
1768 2339 2105 2394 creationem
2148 2339 2282 2395 sub-

689 2431 912 2490 stantiae
944 2431 1183 2501 priorem
1222 2446 1346 2487 esse
1389 2446 1453 2486 ea
1486 2431 1766 2486 creatione
1794 2445 1917 2500 quae
1947 2431 2006 2484 tit
2038 2446 2139 2502 per
2164 2446 2285 2486 mo-

694 2533 810 2579 tum
837 2568 854 2591 ,
879 2524 1156 2596 quomodo
1180 2540 1290 2579 non
1333 2525 1634 2580 absurdum
1657 2532 1743 2580 est
1771 2524 1906 2581 solis
1945 2525 2281 2580 creationem

705 2621 880 2684 illam,
911 2635 1035 2689 qua:
1077 2618 1136 2673 lit
1165 2634 1265 2690 per
1304 2628 1532 2684 motum,
1562 2619 1682 2676 sine
1719 2619 1988 2690 principio
2017 2635 2142 2675 esse
2170 2628 2284 2676 sta-

697 2721 891 2780 tuere,
916 2728 1041 2768 cum
1066 2713 1149 2769 sol
1171 2719 1299 2768 ante
1322 2712 1723 2768 indesinentem
1755 2713 1900 2767 illam
1925 2715 2278 2778 creationem,

690 2771 816 2876 sua:
867 2771 925 2860 fit
975 2820 1072 2877 per
1121 2812 1351 2868 motum,
1402 2806 1566 2860 aliam
1613 2805 1891 2869 habuerit,
1920 2821 2042 2876 quae
2093 2805 2279 2871 desiit,

695 2915 892 2970 nempe
937 2897 1301 2954 substantiae?
1330 2898 1519 2969 Itaque
1567 2907 1663 2953 aut
1693 2897 1837 2954 Dens
1867 2899 2120 2954 conditor
2147 2899 2282 2955 sub-

697 2992 914 3047 stantia:
961 2991 1096 3047 solis
1135 3005 1242 3045 non
1285 2998 1369 3046 est
1415 3008 1430 3046 :
1469 3003 1562 3045 aut
1604 2991 1814 3046 creatio
1853 3007 1949 3062 per
1982 2991 2281 3047 motionem

695 3085 849 3153 solis,
883 3067 1139 3154 principii
1164 3098 1362 3154 expers
1390 3075 1502 3138 non
1525 3093 1630 3139 est.
1664 3082 1818 3150 Quod
1850 3083 1896 3139 si
1926 3084 2165 3155 primum
2191 3129 2205 3153 ,
2233 3085 2281 3140 si

632 3242 634 3245 λ
694 3177 949 3233 essentia:
980 3175 1113 3230 solis
1144 3173 1287 3230 Deus
1338 3181 1558 3229 creator
1608 3189 1718 3229 non
1766 3182 1872 3239 est,
1925 3191 2105 3244 neque
2149 3190 2281 3230 sane
2308 3206 2350 3263 ε

696 3284 794 3338 per
824 3277 1032 3321 motum
1062 3267 1212 3321 illius
1244 3274 1464 3322 creator
1485 3268 1610 3322 erit.
1639 3266 1682 3321 Δ
1711 3283 1821 3338 quo
1850 3283 2088 3338 namque
2115 3267 2280 3323 habet

694 3363 1018 3424 essentiam,
1052 3362 1121 3417 ab
1166 3376 1232 3416 eo
1276 3376 1495 3431 quoque
1540 3367 1749 3414 motum
1804 3360 2000 3415 habeat
2053 3375 2280 3415 necesse

694 3463 800 3510 est.
853 3454 948 3509 Sin
1002 3453 1304 3509 secundum
1333 3496 1346 3519 ,
1400 3453 1781 3526 corruptibilis
1809 3454 1914 3509 erit
1962 3454 2281 3524 operatione

696 3548 887 3615 Deus;
935 3548 1205 3618 siquidem
1253 3546 2020 3618 secundum.-responsorem,
2080 3562 2280 3618 opera-

696 3644 846 3696 tione
874 3640 972 3695 Dei
1025 3648 1302 3703 cessante,
1351 3639 1724 3711 corrumpitur
1777 3638 1921 3694 Deus
1976 3638 2279 3693 secundum

694 3731 1196 3807 operationem-At
1226 3731 1274 3784 si
1313 3729 1454 3786 Deus
1497 3731 1821 3787 substantia:
1847 3729 1984 3786 solis
2028 3730 2281 3785 conditor

694 3832 799 3887 est,
828 3837 1062 3894 eamque
1106 3839 1217 3880 non
1269 3841 1488 3896 semper
1516 3824 1704 3880 condit
1739 3844 1751 3879 :
1797 3823 2043 3880 condidit
2070 3824 2278 3880 scilicet

692 3918 860 3981 hanc,
900 3917 1222 3987 priusquam
1267 3917 1358 3972 ille
1387 3923 1718 3979 moveretur,
1749 3931 1849 3970 nec
1882 3916 1993 3971 ulla
2029 3922 2114 3971 est
2135 3915 2278 3988 apud

695 4008 865 4065 Deum
900 4011 1021 4065 sine
1052 4018 1300 4079 tempore
1326 4017 1603 4064 creatura.

770 4099 822 4156 7.
849 4098 993 4154 Nam
1014 4101 1062 4155 si
1089 4100 1300 4154 initium
1325 4099 1516 4154 habent
1538 4109 1588 4154 et
1606 4099 1766 4168 ﬁnem
1789 4099 1902 4168 ejus
1924 4107 2275 4170 operationes,

693 4193 1052 4261 corruptibilis
1103 4194 1203 4247 erit
1244 4193 1545 4262 operatione
1588 4191 1753 4258 Deus,
1801 4191 1940 4261 quod
1985 4190 2278 4246 absurdum

689 4293 794 4339 est.
822 4282 940 4337 Erit
966 4289 1144 4337 autem
1168 4289 1218 4336 et
1247 4283 1483 4352 potentia
1503 4280 1650 4335 illius
1680 4280 1978 4344 mutabilis,
2012 4279 2151 4335 alias
2174 4280 2279 4334 ali-

690 4375 904 4447 quando
936 4375 1209 4445 proferens
1245 4369 1597 4443 operat'iones.
1631 4373 1784 4440 Quod
1814 4375 1861 4427 si
1889 4374 2126 4444 potentia
2162 4389 2280 4428 mu-

696 4469 896 4534 tabilis,
923 4479 980 4523 ut
1006 4469 1144 4523 alias
1181 4469 1306 4522 aliis
1339 4476 1490 4522 utens
1515 4465 1932 4536 operationibus,
1965 4466 2127 4520 etiam
2153 4469 2280 4519 sub-

2389 1966 2549 2021 ποιεῖ
2565 1965 2634 2020 δὲ
2659 1968 2749 2023 del
2780 1971 2812 2022 ὀ
2848 1969 3032 2037 αὐτὸς
3057 1970 3125 2024 τὸ
3150 1972 3321 2036 αὐτὸ,
3346 1972 3433 2040 μὴ
3461 1975 3620 2041 ἔχων
3645 1976 3852 2045 ἀρχὴν
3875 1977 3990 2047 τῆς

2389 2056 2710 2125 ποιήσεως,
2741 2060 2844 2114 ἵνα
2865 2060 2952 2130 μὴ
2991 2061 3089 2115 καί
3119 2061 3316 2130 τέλος.
3343 2064 3660 2137 Δειχθέντος
3695 2067 3792 2121 τοῦ
3824 2071 3994 2142 ἄλλην

2387 2145 2524 2202 εἶναι
2569 2149 2664 2202 τοῦ
2705 2151 2860 2222 ἡλίου
2911 2154 3011 2225 τὴν
3041 2155 3260 2230 ποίησιν
3305 2158 3408 2228 τῆς
3437 2158 3630 2225 οὐσίας
3674 2161 3770 2213 καὶ
3820 2161 3994 2232 ἄλλην

2385 2242 2484 2314 τὴν
2511 2243 2598 2296 διὰ
2633 2246 2920 2317 κινήσεως,
2953 2248 3021 2320 ἡν
3049 2249 3328 2306 ἄπαυστον
3369 2251 3655 2323 ὠνόμασεν
3683 2255 3716 2306 6
3747 2255 3993 2324 ἀποκρι-

2383 2336 2636 2406 νάμενος,
2673 2338 2767 2390 καὶ
2811 2338 2892 2392 ὅτι
2933 2344 3261 2414 προηγεῖται
3307 2346 3341 2416 ἡ
3385 2346 3604 2417 ποίησις
3648 2349 3754 2418 τῆς
3795 2352 3993 2415 οὐσίας

2384 2430 2552 2484 αὐτοῦ
2608 2431 2711 2502 τῆς
2743 2431 2847 2486 διὰ
2874 2431 3162 2506 κιῆσεως,
3199 2436 3318 2501 πῶς
3344 2438 3445 2491 οὐκ
3478 2439 3628 2492 ἐστιν
3668 2442 3875 2496 ἄτοπον
3927 2445 3991 2496 τὸ

2385 2522 2619 2595 ἄναρχον
2661 2524 2842 2594 λέγειν
2875 2524 2970 2579 τοῦ
3021 2526 3173 2598 ἡλίου
3223 2527 3322 2599 τὴν
3355 2529 3594 2601 ποίησιν,
3628 2531 3728 2602 τὴν
3762 2531 3857 2586 διὰ
3883 2533 3991 2603 τῆς

2386 2619 2673 2690 κινήσεως,
2706 2618 2801 2672 τοῦ
2827 2620 3000 2691 ἡλίου,
3037 2619 3146 2692 πρὸ
3173 2620 3274 2691 τῆς
3302 2620 3580 2675 ἀπαύστου
3607 2621 3697 2676 διὰ
3714 2626 3992 2696 κινήσεως

2386 2712 2676 2782 πθιήσεωςν
2716 2713 2814 2784 τὴν
2847 2712 2947 2782 τῆς
2971 2712 3159 2776 οὐσίας
3187 2714 3542 2786 παυσαμένην
3565 2714 3786 2786 ποίησιν
3819 2719 3992 2788 ἐσχη-

2383 2803 2574 2869 κότος;
2613 2805 2685 2856 Ἦ
2723 2805 2900 2858 τοίνυν
2943 2805 3068 2868 οὐκῆ
3092 2804 3207 2859 ἐστι
3254 2807 3484 2880 ποιητὴς
3538 2808 3642 2880 τῆς
3686 2809 3782 2863 τοῦ
3830 2810 3991 2882 ἡλίου

2384 2897 2572 2960 οὐσίας
2599 2897 2628 2950 6
2645 2896 2848 2967 Θεὸς,ἢ
2871 2898 2970 2951 οὐκ
2991 2897 3140 2952 ἔστιν
3162 2898 3449 2973 ἄναρχοςὴ
3477 2901 3564 2954 διὰ
3586 2901 3685 2972 τῆς
3713 2904 3991 2973 κινήσεως

2387 2990 2606 3061 ποίησις
2626 2990 2721 3043 τοῦ
2737 2989 2913 3062 ἡλίου.
2940 2991 3078 3045 Ἀλλ’
3099 2993 3148 3046 εί
3181 2993 3279 3064 μὲν
3300 2994 3362 3047 τὸ
3393 2995 3628 3067 πρῶτον,
3651 2998 3699 3049 εί
3733 2997 3836 3051 οὐκ
3868 2998 3988 3052 ἐστι

2387 3077 2618 3151 ποιητὴς
2645 3081 2743 3152 τῆς
2787 3081 2882 3135 τοῦ
2924 3082 3078 3155 ἡλίου
3121 3084 3310 3150 οὐσίας
3350 3087 3380 3140 6
3419 3085 3573 3151 Θεὸς,
3600 3088 3713 3141 οὐδ’
3754 3091 3865 3161 ἄρα
3897 3091 3988 3145 διὰ

2385 3172 2484 3244 τῆς
2538 3173 2806 3245 κινήσεώς
2855 3175 3004 3231 ἐστιν
3055 3177 3220 3231 αὐτοῦ
3279 3174 3537 3252 ποιητής·
3586 3181 3718 3252 παρ’
3767 3178 3831 3237 οὗ
3873 3184 3988 3260 γὰρ

2385 3262 2500 3334 ἔχει
2523 3263 2621 3336 τὴν
2661 3265 2872 3331 οὐρίαν,
2917 3267 3068 3338 παρὰ
3110 3268 3301 3322 τούτου
3329 3269 3544 3340 ἀνάγκη
3587 3270 3731 3342 ἔχειν
3760 3276 3857 3328 καὶ
3884 3275 3987 3347 τὴν

2385 3357 2636 3428 κίνησιν’
2680 3360 2728 3412 εί
2775 3359 2832 3412 δὲ
2875 3359 2938 3412 τὸ
2967 3359 3240 3434 δεύτερον,
3282 3361 3524 3434 φθαρτὸς
3564 3362 3718 3418 ἐσται
3770 3369 3799 3419 6
3846 3367 3985 3432 Θεὸς

2384 3449 2481 3520 τὴν
2507 3450 2807 3522 ἐνέργειαν,
2838 3450 2953 3520 εῐγε
2983 3452 3124 3505 κατᾶ
3153 3454 3247 3506 τὸν
3267 3452 3725 3527 ἄποᾶιρινάμενον,
3762 3475 3982 3512 παυσα-

2387 3541 2556 3614 μένης
2586 3542 2686 3612 τῆς
2728 3545 3010 3614 ἐνεργείας
3054 3545 3147 3598 τοῦ
3179 3545 3336 3609 Θεοῦ,
3365 3546 3650 3622 φθείρεται
3680 3552 3708 3604 6
3745 3551 3884 3617 Θεὸς
3910 3557 3982 3625 τῇ

2385 3633 2655 3706 ἐνεργείᾳ.
2690 3635 2753 3687 El
2779 3635 2836 3688 δὲ
2861 3635 3091 3708 ποιητὴς
3121 3637 3221 3706 τῆς
3248 3635 3344 3690 τοῦ
3365 3637 3520 3710 ἡλίου
3552 3641 3745 3706 οὐσίας
3769 3644 3921 3696 ἐστὶν
3951 3645 3981 3695 6

2383 3723 2538 3789 Θεὸς,
2570 3728 2664 3780 καὶ
2711 3727 2916 3798 ταύτην
2947 3729 3036 3782 ἀεὶ
3076 3729 3138 3781 οὐ
3186 3733 3353 3796 ποιεῖ,
3379 3729 3558 3803 δῆλον,
3602 3734 3684 3786 δτι
3705 3737 3978 3807 πεποίηκε

2383 3818 2587 3888 ταύτην
2616 3817 2723 3888 πρὸ
2763 3817 2856 3871 τοῦ
2893 3818 3162 3872 κινεῖσθαι
3195 3819 3382 3893 αὐτὸν,
3419 3821 3517 3874 καὶ
3564 3822 3719 3876 οὐδὲν
3764 3825 3978 3897 ποίημα

2383 3909 2622 3981 ἄχρονον
2637 3910 2786 3982 παρὰ
2815 3909 2895 3980 τῷ
2911 3908 3048 3982 Θεῷ.

2455 4094 2506 4147 7.
2561 4095 2658 4163 Ὠς
2685 4095 2809 4166 εἴτε
2828 4093 3028 4164 ἀρχὴν
3048 4095 3264 4166 ἔχουσι
3293 4096 3392 4150 καὶ
3416 4097 3714 4166 τελευτὴν
3738 4100 3802 4153 al
3821 4097 3976 4168 me

2383 4205 2534 4258 τειαι
2570 4187 2782 4252 αὐτοῦ,
2813 4186 3078 4256 φθαρτὸς
3109 4187 3282 4242 ἔσται
3310 4191 3345 4243 ό
3373 4189 3520 4257 Θεὸς
3555 4187 3634 4259 τῇ
3669 4190 3972 4265 ἐνεργείᾳ·

2383 4279 2540 4350 ὅπερ·
2555 4279 3024 4334 ἆτοπον.¹Εσται
3044 4279 3115 4334 δὲ
3139 4281 3239 4336 καί
3259 4282 3300 4350 ή
3325 4277 3784 4352 δύηιμὶςαύτοῦ
3806 4300 3977 4353 μετα-

2383 4373 2597 4442 ϐλητή,
2615 4372 3044 4440 ἄλλοτεωας
3058 4373 3364 4444 ἐνεργείας
3381 4374 3737 4445 προέχουσα
3753 4375 3886 4448 (63).
3906 4379 3972 4432 Ei

2383 4467 2501 4537 δὲή
2515 4467 2773 4539 δύναμις
2785 4466 3127 4538 parabunt");
3147 4468 3369 4525 ἄλλοτε
3387 4468 3604 4536 ἄλλως
3629 4471 3972 4540 κεχρημένη

695 4566 892 4618 stantia
920 4563 1148 4624 nutabit,
1193 4563 1332 4616 alias
1375 4560 1664 4633 aliquando
1693 4577 1946 4632 generans
1991 4561 2277 4629 potentias,

2385 4563 2729 4633 ἐνεργείαις,
2749 4562 2848 4616 καί
2865 4563 2904 4631 ἡ
2931 4563 3114 4617 οὐσία
3139 4562 3849 4630 σαλευθήσεταιβλλοτε
3863 4563 3938 4617 ἀι
3950 4594 3970 4603 -

693 4675 787 4714 nec
823 4658 880 4712 in
909 4656 1105 4712 eisdem
1148 4671 1482 4724 permanens.
1514 4655 1714 4722 Quare,
1748 4655 1797 4708 si
1841 4654 1950 4707 haec
1987 4653 2055 4706 ad
2101 4656 2281 4708 omnia

692 4755 1012 4824 pertineant,
1046 4754 1209 4824 liquet
1252 4752 1417 4806 Deum
1465 4753 1578 4821 fore
1607 4750 1912 4805 mutabilem
1954 4749 2277 4812 substantia,

692 4847 928 4915 potentia
971 4853 1021 4899 et
1061 4845 1382 4911 operatione,
1435 4842 1576 4913 quod
1623 4851 1700 4897 est
1750 4839 2060 4895 absurdum.
2112 4838 2171 4893 Si
2224 4849 2281 4892 ut

695 4939 840 4994 Deus
869 4937 989 5009 ipse
1014 4919 1123 4992 non
1154 4937 1322 4992 habet
1345 4943 1524 4990 ortum
1559 4943 1613 4990 et
1639 4933 1822 4996 linem,
1855 4934 1929 4987 ita
1955 4948 2056 4987 nec
2085 4923 2282 5002 opel’a-

695 5033 774 5085 tio
799 5039 854 5087 et
883 5045 1049 5102 opera
1075 5029 1197 5098 ejus
1233 5029 1604 5100 (operationes
1636 5027 1782 5082 enim
1812 5025 1987 5096 ipsius
2012 5027 2068 5079 in
2099 5026 2280 5096 operi-

696 5124 800 5180 bus
842 5123 963 5193 ejus
1002 5122 1154 5192 sunt)
1201 5129 1261 5175 ut
1307 5137 1484 5192 neque
1531 5121 1634 5190 ipsi
1677 5119 1954 5185 videlicet,
1995 5117 2075 5181 ita.
2105 5133 2282 5187 neque

694 5219 777 5271 eis
809 5232 932 5287 quae
960 5217 1224 5271 dicuntur
1251 5216 1510 5286 Operibus
1540 5214 1683 5284 ejus,
1726 5213 1937 5268 factore
1980 5212 2084 5268 erit
2115 5227 2277 5281 opus.

697 5308 918 5366 Falsum
948 5325 1167 5381 quoque
1188 5311 1295 5365 erit
1329 5309 1496 5364 Deum
1537 5307 1849 5363 ell‘ectorem
1880 5307 2063 5361 dicere
2088 5321 2279 5381 eorum

697 5421 817 5475 qua:
866 5405 1040 5474 ipsius
1087 5414 1236 5466 sunt,
1289 5419 1412 5457 cum
1465 5401 1738 5479 principio
1785 5408 1840 5455 et
1883 5402 1988 5455 line
2029 5404 2276 5455 Careant.

700 5501 797 5554 Sin
825 5495 1050 5553 omnino
1079 5498 1528 5569 praeexsistentize
1555 5504 1607 5551 et
1654 5495 2119 5565 postexsistentim
2161 5494 2278 5548 dis-

695 5591 929 5647 crimine
979 5591 1286 5646 secernitur
1329 5592 1556 5645 Creator
1601 5603 1631 5640 a
1664 5603 1724 5642 re
1750 5596 1965 5654 creata,
2000 5589 2220 5642 sublato
2249 5601 2279 5638 a

772 5769 884 5840 {65)
912 5769 1281 5838 Προέχουσα.
1307 5769 1617 5840 legendum
1645 5775 1798 5839 putat
1818 5767 2153 5840 Sylburgius
2179 5783 2281 5820 πα-

700 5839 940 5918 ράγουσα
965 5842 1045 5898 vel
1073 5842 1284 5912 ἔχουσα.
1327 5839 1431 5896 Sed
1463 5839 1668 5897 f'ustra
1696 5839 1996 5911 quidquam
2031 5847 2276 5895 mutare-

2380 4659 2497 4722 λας
2523 4655 2797 4726 γεννῶσα
2824 4654 3133 4726 δυνάμεις,
3167 4656 3269 4710 καί
3305 4656 3392 4727 μὴ
3431 4656 3710 4726 μένουσα
3736 4657 3808 4710 ἐν
3844 4656 3970 4722 ταῖς

2381 4749 2822 4816 αὑταῖς.”Ωστε,
2867 4749 2920 4802 εί
2967 4749 3156 4802 ταῦτα
3180 4747 3278 4803 διὰ
3299 4747 3566 4813 πάντων,
3613 4748 3898 4817 δηλονότι
3937 4753 3970 4804 ό

2385 4842 2529 4908 Θεὸς
2544 4842 2715 4896 ἔσται
2740 4842 3117 4910 μεταϐλητὸς
3139 4841 3340 4908 οὐσίᾳ,
3369 4839 3641 4911 δυνάμει,
3663 4843 3930 4913 ἐνεργείᾳ
3952 4859 3963 4870 ·

2383 4935 2527 5002 ὅπερ
2555 4935 3020 5005 ἄτοπον-,Ὥσπερ
3035 4935 3198 4998 αὐτὸς
3221 4936 3249 4988 6
3279 4933 3416 4997 Θεὸς
3443 4935 3546 4988 οὐκ
3561 4936 3674 5005 ἔχει
3691 4936 3867 5008 ἀρχὴν
3881 4937 3970 4991 καὶ

2382 5028 2660 5099 τελευτὴν,
2681 5026 2856 5090 οὕτως
2889 5027 3012 5080 οὐδὲ
3041 5029 3074 5096 ἡ
3107 5027 3358 5099 ἐνέργεια
3382 5026 3572 5094 αὐτοῦ,
3596 5028 3718 5082 οὐδὲ
3743 5030 3816 5082 τὰ
3834 5031 3969 5102 ἔργα

2382 5118 2546 5172 αὐτοῦ
2578 5119 2656 5191 (αί
2677 5118 2784 5190 γὰρ
2799 5118 3067 5188 ἐνέργειαι
3088 5119 3254 5172 αὐτοῦ
3285 5121 3343 5171 ὲν
3362 5123 3474 5184 τοῖς
3500 5120 3684 5193 ἔργοις
3701 5123 3870 5178 αὐτοῦ
3897 5128 3969 5177 ει.

2387 5212 2512 5281 σιν)’
2534 5211 2686 5263 ἔσται
2701 5211 2809 5282 ἄρα
2824 5209 3015 5282 ὥσπερ
3039 5210 3114 5281 μὴ
3129 5211 3342 5283 χρῄζων
3364 5215 3530 5277 αὐτὸς
3549 5213 3644 5266 τοῦ
3664 5214 3966 5280 ποιοῦντος,

2381 5304 2554 5366 οὕτως
2586 5304 2708 5356 οὐδὲ
2750 5304 2819 5357 τὰ
2869 5303 3136 5376 λεγόμενα
3180 5304 3347 5357 αὐτοῦ
3388 5305 3556 5376 ἔργα·
3597 5307 3752 5360 ἔσται
3778 5308 3967 5377 ψεῦδος

2384 5395 2476 5449 καὶ
2527 5394 2589 5447 τὸ
2646 5393 2826 5460 λέγειν
2856 5392 2950 5444 τὸν
2996 5392 3132 5446 Θεὸν
3176 5395 3406 5466 ποιητὴν
3456 5394 3564 5448 τῶν
3612 5397 3736 5449 κατ’
3784 5399 3964 5459 αὐτὸν,

2383 5487 2632 5556 ἀνάρχων
2671 5502 2732 5537 τε
2760 5483 2930 5536 ὄντων
2965 5485 3058 5538 καὶ
3509 5485 3572 5537 El
3606 5485 3664 5538 δὲ
3690 5489 3966 5559 πανταχοῦ

2383 5578 2524 5632 κατὰ
2573 5577 2837 5650 διαφορὰν
2879 5576 3275 5649 προύπάρξεώς
3327 5593 3388 5630 τε
3437 5577 3532 5631 καὶ
3575 5575 3967 5651 μεθυτοάρξεως

2383 5773 2494 5828 tur,
2526 5779 2651 5819 cum
2677 5764 2902 5820 verbum
2939 5764 3195 5835 προέχειν
3228 5763 3370 5818 idem
3389 5761 3677 5835 interdum
3705 5766 3886 5821 valeat
3905 5779 3966 5819 ac

2382 5837 2648 5908 proferre.
2683 5836 2830 5890 Infra
2853 5836 2958 5907 leg.
2986 5831 3034 5887 εί
3066 5831 3255 5904 ὥσπερ
3283 5833 3446 5898 αὐτὸς
3467 5833 3498 5887 6
3524 5831 3678 5898 Θεός.
