4146 6446
218 422 357 478 1425

1131 416 1595 487 ΟΠΕΒΤΙΟΝΕΒ
1625 415 2065 471 CHRISTIANE
2088 416 2181 471 AD
2213 418 2526 475 GRAECOS.

3324 422 3457 477 “26

211 537 496 605 διέστηκεν
506 537 534 588 6
546 532 781 605 Ποιητὴς
796 531 887 586 τοῦ
905 533 1224 604 ποιήματος,
1242 534 1397 604 δῆλον
1409 534 1490 586 ὅτι
1507 536 1533 586 6
1548 533 1785 603 ἀναιρῶν

1897 533 2002 589 Deo
2046 544 2100 589 et
2132 538 2387 606 operibus
2417 539 2537 607 ejus
2571 538 2675 592 hoc
2720 538 3058 602 discrimine,
3098 545 3330 609 utraque
3359 536 3457 594 de-

211 627 325 681 ἀπὸ
346 626 441 679 τοῦ
472 625 606 678 Θεοῦ
632 626 726 677 καὶ
752 622 861 675 τῶν
886 623 1060 694 ἔργων
1087 624 1249 675 αὑτοῦ
1270 624 1367 693 τὴν
1385 624 1645 693 διαφορὰν
1656 622 1785 676 ταύ-

212 735 335 790 την,
368 718 649 787 ἀμφότερα
676 715 985 785 ἀποστερεῖ,
1018 714 1109 767 τὸν
1137 713 1269 766 Θεὸν
1296 714 1388 766 καὶ
1402 714 1467 767 τὰ
1486 715 1782 784 ποιήματα,

212 811 307 864 τὸν
323 806 433 881 ’μὲν
458 811 555 879 τῆς
580 806 673 861 τοῦ
703 807 923 877 ποιητοῦ
958 806 1347 878 προσηγορίας,
1370 805 1439 858 τὰ
1468 805 1523 858 δέ
1555 807 1652 876 τῆς
1678 806 1785 859 τῶν

214 902 555 975 ποιημάτων.
609 901 722 953 Καὶ
775 902 824 951 εί
884 898 998 952 ἔστι
1050 898 1205 968 μὲνὴ
1253 897 1345 951 τοῦ
1387 896 1519 950 Θεοῦ
1562 898 1788 968 δύναμις

211 995 461 1065 ἄπειρος,
494 992 682 1063 ὥσπερ
726 988 819 1043 οῦν
870 992 963 1043 καὶ
1007 990 1143 1051 ἐστι,
1193 989 1583 1060 πεπερασμένα
1622 989 1678 1041 δὲ
1722 989 1788 1042 τὰ

212 1086 353 1159 ἔργα
402 1083 586 1150 αὐτοῦ,
616 1085 733 1147 πῶς
767 1084 867 1137 οὐκ
913 1083 1059 1136 ἔστιν
1087 1085 1114 1135 6
1145 1082 1278 1145 Θεὸς
1306 1083 1428 1135 καθ’
1452 1082 1518 1147 ἃς
1550 1083 1662 1155 ἔχει
1694 1086 1790 1155 μὲν

211 1178 493 1248 δυνάμεις,
526 1179 600 1248 μὴ
628 1176 868 1247 ἐνεργῶν
904 1176 961 1229 δὲ
994 1178 1110 1229 κατ’
1144 1175 1333 1238 αὑτὰς,
1367 1178 1426 1227 οὑ
1460 1175 1697 1248 φθαρτὸς
1723 1179 1788 1247 τῇ

212 1270 463 1340 ἐνεργείᾳ
492 1268 622 1339 (64),
654 1267 796 1322 κατὰ
822 1266 921 1339 τὴν
964 1268 1143 1339 κρίσιν
1169 1266 1262 1319 τοῦ
1310 1266 1783 1337 ἁποκριναμένου;

212 1361 275 1413 Et
304 1360 361 1413 δὲ
396 1358 515 1413 καθ’
542 1358 609 1422 ἃς
644 1358 752 1429 ἔχει
797 1359 1086 1429 δυνάμεις,
1129 1346 1222 1412 καὶ
1272 1360 1345 1430 μὴ
1376 1360 1629 1429 ⁵ἐνεργῶν
1671 1361 1791 1413 κατ’

210 1450 403 1514 αὑτὰς,
447 1449 686 1521 φθαρτὸς
726 1451 826 1503 οὐκ
867 1450 1045 1515 ἐστιν,
1085 1451 1207 1503 οὐδὲ
1255 1452 1393 1522 ἄρα,
1438 1451 1795 1521 παυσαμένης

208 1544 312 1614 τῆς
338 1544 618 1614 ἐνεργείας
647 1541 741 1595 τοῦ
773 1541 908 1595 Θεοῦ
937 1543 1035 1613 τῆς
1062 1544 1153 1596 τὸν
1182 1543 1384 1614 κόσμον
1417 1542 1791 1614 παραγούσης,

218 1632 503 1705 φθείρεται
706 1637 771 1704 τῇ
804 1634 1071 1705 ἐνεργείᾳ.
1106 1636 1268 1686 Ὅσον
1294 1634 1358 1705 δὴ
1398 1637 1491 1687 καὶ
1524 1635 1791 1705 βούλεται,

208 1728 303 1779 καὶ
327 1727 425 1797 οὐχ
452 1727 576 1779 ὅσον
602 1725 823 1779 δύναται
855 1725 965 1798 (65)
984 1744 997 1759 ·
1036 1727 1129 1779 καὶ
1158 1727 1218 1778 οὐ
1248 1729 1391 1779 ποιεῖ
1434 1727 1673 1798 φθαρτὸν
1704 1728 1794 1779 τὸν

1890 627 2241 693 fraudantur,
2276 628 2420 685 Deus
2472 631 2692 700 quidem
2738 634 3025 694 creatoris,
3063 648 3228 701 opera
3278 642 3459 686 autem

1886 719 1968 774 rei
1999 730 2194 775 creata:
2224 724 2606 792 appellatione.
2634 724 2710 779 Ac
2734 725 2779 779 si
2804 724 3013 778 inﬁnita
3041 734 3125 779 est
3155 725 3247 781 Dei
3270 733 3463 795 poten-

1889 813 1986 877 tia,
2024 822 2083 867 ut
2120 814 2368 884 profecto
2396 823 2502 879 est,
2544 816 2697 870 finita
2728 811 2909 871 autem
2955 818 3074 887 ejus
3106 832 3291 887 Opera,
3324 831 3462 887 quo-

1890 905 2057 960 modo
2079 907 2224 962 Deus
2258 911 2558 963 secundum
2583 911 2853 980 potentias
2878 916 3018 981 quas
3039 911 3201 965 habet
3218 911 3459 981 quidem,

1892 998 1987 1053 sed
2024 1015 2119 1070 per
2147 1017 2285 1070 quas
2328 1018 2438 1057 non
2490 1011 2771 1071 operatur,
2818 1021 2929 1059 non
2975 1005 3078 1060 erit
3121 1006 3330 1075 judicio
3378 1021 3464 1060 re-

1892 1092 2181 1161 sponsoris
2209 1095 2607 1163 corruptibilis.
2656 1093 2813 1159 Quod
2859 1096 2903 1150 si
2934 1098 3237 1151 secundum
3270 1104 3465 1166 poten-

1893 1184 2021 1248 tias,
2054 1198 2192 1252 quas
2222 1184 2385 1240 habet
2430 1186 2672 1255 quidem,
2707 1186 2801 1242 sed
2832 1202 2927 1256 per
2957 1202 3093 1257 quas
3121 1202 3233 1241 non
3272 1202 3468 1257 opera-

1895 1284 2005 1339 tur,
2039 1278 2412 1347 corruptibilis
2443 1293 2551 1333 non
2589 1286 2707 1336 est:
2746 1295 2922 1349 neque
2970 1281 3133 1334 etiam
3183 1278 3465 1335 desinente

1896 1369 1989 1424 Dei
2012 1371 2348 1440 operatione,
2383 1388 2503 1443 quae
2544 1374 2807 1428 mundum
2850 1375 3130 1445 produxit,
3159 1376 3467 1451 corrumpi-

1896 1471 1987 1517 tur
2020 1462 2165 1519 Deus
2200 1465 2538 1535 operatione.
2571 1467 2843 1533 Quantum
2877 1475 3056 1521 autem
3088 1468 3227 1533 vult,
3257 1483 3466 1538 nequa-

1896 1567 2060 1623 quam
2092 1561 2272 1608 autem
2300 1562 2565 1624 quantum
2593 1565 2793 1627 potest,
2824 1566 3085 1628 operatur
3112 1578 3127 1613 :
3159 1575 3259 1615 nec
3299 1558 3469 1613 Deum

1898 1656 2307 1726 corruptibilem
2363 1656 2528 1727 518
2578 1656 2708 1711 facit
2754 1658 3089 1728 operationis
3145 1659 3469 1714 contractio.

1896 1744 2083 1816 Neque
2111 1762 2261 1817 ergo,
2302 1764 2427 1803 cum
2477 1750 2848 1817 operationem
2893 1751 3195 1813 contrahit,
3220 1767 3317 1821 per
3347 1767 3470 1805 mu-

206 1818 343 1872 Θεὸν
386 1819 419 1889 ὴ
460 1819 560 1889 τῆς
605 1819 884 1889 ἐνεργείας
933 1820 1197 1890 συστολή·
1245 1820 1363 1871 οὐδὲ
1404 1818 1511 1889 ipa
1540 1820 1669 1871 ὅταν
1703 1835 1793 1870 συ-

1899 1839 2160 1893 tationem
2193 1840 2466 1894 contrahit
2492 1842 2789 1909 potentia.
2831 1840 2937 1897 Sed
2990 1850 3075 1897 est
3103 1818 3325 1912 quidem
3375 1858 3466 1913 po—

209 1908 403 1980 στέλλῃ
430 1909 531 1980 τὴν
560 1910 861 1981 ἐνέργειαν,
886 1910 1027 1964 κατὰ
1061 1910 1361 1982 μεταϐολὴν
1393 1911 1668 1973 συστέλλει
1695 1911 1793 1981 τῆς

205 2000 516 2071 δυνάμεως·
564 2000 678 2054 ἀλλ’
720 2001 835 2063 ἐστι
895 2002 1000 2073 μέν
1037 2003 1070 2073 ή
1118 2001 1347 2072 δύναμις
1390 1999 1486 2054 τοῦ
1535 1999 1669 2053 Θεοῦ
1708 2003 1793 2054 ἀεὶ

206 2091 603 2162 ἀμετάϐλητος,
652 2093 917 2165 κέχρηται
962 2093 1019 2146 δὲ
1054 2096 1174 2157 ταῖς
1210 2093 1511 2163 ἐνεργείαις
1540 2092 1629 2161 ἐφ’
1670 2093 1802 2144 ὅσον

208 2186 589 2255 βούλεται..υύ
636 2186 747 2257 γὰρ
776 2188 988 2258 ἐνεργεῖ
1030 2186 1161 2249 Θεὸς
1190 2184 1441 2256 καθάπερ
1483 2183 1795 2257 ἐνεργοῦσιν

206 2278 260 2330 οἱ
288 2278 347 2329 ἐν
374 2275 453 2347 τῷ
479 2277 725 2349 ἐνεργεῖν
753 2276 813 2329 τὸ
842 2273 978 2331 εἶναι
1027 2276 1263 2347 ἔχοντες,
1296 2277 1390 2329 καὶ
1438 2275 1799 2347 παυσαμένης

206 2368 311 2439 τῆς
354 2369 636 2441 ἐνεργείας
680 2369 943 2423 παύονται
986 2370 1080 2422 καὶ
1121 2370 1277 2423 αὐτοὶ
1321 2368 1417 2421 τοῦ
1467 2364 1605 2423 εἶναι
1632 2408 1645 2434 ,
1683 2365 1800 2423 οἷον

205 2459 272 2513 τὸ
299 2459 411 2533 πῦρ
440 2461 537 2514 καὶ
560 2463 594 2531 ἡ
626 2460 778 2531 χιών.
821 2462 885 2514 Et
914 2462 1023 2532 γὰρ
1050 2461 1223 2525 οὕτως
1255 2462 1473 2533 ἐνεργεῖ
1515 2463 1669 2527 Θεὸς,
1698 2465 1797 2535 οὐχ

207 2552 393 2605 ἕνεκεν
420 2552 528 2605 τῶν
556 2552 859 2621 γινομένων
896 2553 1092 2607 μᾶλλον
1120 2552 1154 2624 ἢ
1193 2553 1378 2607 ἐνεκεν
1406 2554 1503 2619 τοῦ
1532 2550 1669 2608 εἶναι
1702 2556 1797 2608 a6—

207 2642 302 2695 τὸν
330 2644 570 2715 ἐνεργεῖ·
600 2644 695 2708 ὡς,
728 2647 776 2699 εί
803 2644 1063 2703 παύσαιτο
1116 2644 1211 2697 τοῦ
1239 2647 1498 2717 ἐνεργεῖν,
1533 2646 1797 2700 παύσεται

209 2734 306 2787 καὶ
329 2733 424 2786 τοῦ
455 2731 612 2789 εῖναι.
636 2737 708 2795 Et
736 2736 790 2789 δὲ
831 2737 1031 2790 ἄτοπον
1076 2736 1255 2800 τοῦτο,
1301 2738 1502 2792 ἄτοπον
1546 2739 1654 2809 ipa
1703 2739 1798 2791 καὶ

200 2827 272 2901 ,τὸ
296 2826 477 2895 λέγειν
512 2828 854 2900 μεταϐλητὴν
883 2828 981 2900 τὴν
1011 2829 1107 2883 τοῦ
1136 2828 1272 2883 Θεοῦ
1317 2830 1544 2901 δύναμιν
1588 2833 1654 2902 τῇ
1707 2848 1800 2882 συ-

211 2918 369 2989 στολῇ
398 2918 500 2988 τῆς
526 2921 828 2991 ἐνεργείας,
864 2921 897 2991 ἢ
948 2921 1322 2994 σαλευομένην
1352 2924 1455 2994 τὴν
1484 2925 1673 2976 οὐσίαν
1703 2925 1799 2977 αὐ-

208 3011 305 3066 τοῦ
334 3017 456 3076 ταῖς
483 3013 759 3076 ποικίλαις
790 3014 1095 3085 ἐνεργείαις
1132 3014 1319 3067 ἄλλοτε
1354 3014 1517 3077 ἄλλας
1563 3014 1800 3087 προϐαλ-

210 3105 463 3177 λομένην.
495 3106 605 3159 Καὶ
646 3105 899 3178 καθάπερ
931 3109 1075 3159 ποιεῖ
1106 3106 1215 3177 (66)
1259 3108 1406 3177 ἡμᾶς
1435 3107 1462 3159 6
1492 3106 1622 3170 Θεὸς
1649 3108 1800 3179 πρῶ-

208 3202 301 3250 τον
332 3199 429 3269 μὲν
464 3197 662 3269 βρέφη,
694 3200 881 3251 ἔπειτα
911 3200 965 3251 δὲ
996 3200 1330 3262 νεανίσκους,
1361 3196 1479 3251 εἶτα
1511 3200 1576 3267 γέ

209 3291 271 3342 οὐ
320 3290 461 3343 κατὰ
501 3290 599 3361 τὴν
646 3292 943 3362 μεταϐολὴν
990 3295 1135 3344 ποιεῖ
1176 3292 1277 3361 τῆς
1323 3293 1637 3363 δυνάμεως,
1675 3294 1795 3347 οὐδὲ

211 3382 353 3435 κατὰ
378 3382 478 3453 τὴν
520 3382 728 3454 φθορὰν
754 3384 855 3453 τῆς
893 3384 1191 3455 ἐνεργείας,
1222 3383 1344 3436 οὔτε
1387 3384 1535 3437 κατὰ.
1562 3384 1661 3455 τὴν
1699 3401 1796 3436 σα-

210 3474 505 3545 λευομένην
526 3474 690 3529 αὑτοῦ
709 3476 917 3539 οὐσίαν,
932 3476 1275 3530 ἐναλλάσσων
1294 3476 1451 3546 ήμῶν
1468 3475 1565 3538 τὰς
1580 3476 1798 3546 ἡλικίας

211 3565 353 3619 κατὰ
366 3566 653 3636 διαφόρους
668 3569 890 3639 καιροὺς
899 3569 975 3639 τῷ
988 3567 1190 3639 πρώτῳ
1206 3569 1299 3621 καὶ
1322 3568 1533 3638 ὑστέρῳ
1549 3567 1795 3639 ἀλλήλων

209 3656 591 3727 διαφερούσας,
621 3658 759 3711 ἀλλὰ
784 3660 926 3713 κατὰ
955 3659 1053 3730 τὴν
1082 3658 1352 3730 προόολὴν
1400 3661 1494 3712 καί
1534 3658 1797 3729 συστολὴν

210 3748 313 3820 τῆς
340 3750 648 3822 ἐνεργείας·
700 3750 871 3814 οὕτως
914 3752 975 3803 ού
1024 3750 1164 3804 κατὰ
1209 3751 1307 3822 τὴν
1358 3750 1655 3821 μεταϐολὴν
1698 3752 1799 3821 τῆς

210 3841 499 3917 δυνάμεως,
531 3842 705 3913 ἀρχὴν
746 3842 841 3895 καὶ
882 3843 1037 3905 τέλος
1080 3844 1114 3913 ἡ
1158 3842 1406 3914 ἐνέργεια
1456 3842 1622 3895 αὐτοῦ
1663 3844 1795 3914 ἔχει,

213 3934 349 3988 ἀλλὰ
377 3920 818 4006 καταπροὸολὴν
852 3937 945 3989 καὶ
978 3935 1261 4006 συστολὴν.
1319 3937 1383 3987 Et
1417 3936 1513 4006 μὲν
1552 3936 1661 4007 γὰρ
1708 3954 1800 3988 συ-

216 4028 569 4099 στελλομένης
610 4028 711 4099 τῆς
742 4028 1054 4098 ἐνεργείας,
1095 4028 1278 4081 οὐκέτι
1325 4027 1553 4098 ἠδύνατο
1595 4030 1623 4081 6
1670 4028 1800 4091 Θεὸς

211 4122 278 4191 τῇ
312 4120 637 4193 παυσαμένῃ
681 4121 931 4197 ἐνεργείᾳ.
972 4119 1296 4191 κεχρῆσθαι,
1326 4120 1549 4183 δικαίως
1576 4120 1643 4173 ἂν
1681 4120 1797 4172 ἐλέ-

214 4229 341 4280 γετο
385 4211 562 4283 φθορὰ
609 4212 921 4283 ἐνεργείας·
954 4214 1003 4264 εί
1031 4212 1088 4263 δέ
1120 4212 1209 4264 ἀεὶ
1237 4211 1459 4265 δύναται
1499 4211 1597 4283 τὴν
1631 4211 1800 4283 αὐτὴν

212 4301 585 4371 ἐνέργεωνὸτε
603 4302 848 4374 βούλεται
876 4302 1294 4373 προόάλλεσθαι,
1317 4305 1417 4357 οὐκ
1446 4304 1555 4374 ἄρα
1585 4302 1801 4374 φθείρε-

211 4412 301 4445 ται
327 4396 361 4466 ὴ
392 4395 640 4467 ἐνέργεια
665 4394 759 4447 τοῦ
788 4394 924 4448 Θεοῦ
970 4396 1386 4467 συστελλομένη.
1423 4396 1534 4467 Τῆς
1562 4394 1669 4465 γὰρ
1702 4394 1800 4446 δυ-

213 4486 428 4556 νάμεως
482 4487 556 4557 μὴ
613 4487 993 4559 φθειρομένης,
1045 4488 1304 4541 ἀδύνατον
1359 4488 1632 4558 φθαρῆναι
1691 4486 1789 4557 τὴν

1898 1933 2065 1986 tentia
2098 1931 2192 1987 Dei
2219 1947 2434 2003 semper
2460 1934 2836 2001 immutabilis,
2868 1934 3040 1989 utitur
3066 1944 3247 1990 autem
3279 1950 3475 2005 opera-

1896 2024 2143 2078 tionibus
2190 2033 2458 2095 quantum
2491 2026 2624 2082 vult.
2664 2024 2783 2080 Non
2828 2028 2970 2082 enim
3014 2035 3274 2097 operatur
3303 2027 3469 2090 Deus,

1896 2125 1956 2172 ut
1985 2125 2285 2187 operantur
2325 2135 2446 2189 qua:
2476 2120 2531 2173 in
2579 2120 2860 2189 operando
2891 2120 3090 2175 habent
3117 2135 3258 2184 esse,
3291 2128 3344 2177 et
3371 2119 3470 2175 de-

1897 2217 2113 2272 sinente
2169 2222 2486 2290 Operatione
2516 2220 2777 2275 desinunt
2827 2227 2881 2277 et
2932 2220 3053 2289 ipsa
3105 2236 3262 2286 esse,
3320 2222 3470 2277 velut

1899 2322 2042 2392 ignis
2066 2330 2120 2377 et
2150 2324 2268 2377 nix.
2293 2320 2429 2375 Nam
2450 2322 2497 2378 si
2530 2323 2602 2377 ita
2624 2330 2945 2394 operaretur
2970 2322 3135 2387 Deus,
3162 2338 3274 2378 non
3298 2324 3483 2395 magis

1898 2427 2126 2482 operum
2179 2427 2345 2467 causa
2403 2423 2758 2482 operaretur,
2803 2428 2967 2483 quam
3021 2422 3082 2469 ut
3135 2414 3253 2484 ipse
3300 2422 3483 2481 esset;

1899 2505 2099 2575 quippe
2124 2506 2240 2575 qui,
2268 2506 2314 2560 si
2346 2504 2621 2560 desineret
2646 2506 2885 2576 Operari,
2918 2507 3082 2561 etiam
3106 2523 3229 2563 esse
3261 2505 3490 2563 desine-

1900 2601 2000 2649 ret.
2029 2595 2186 2661 Quod
2215 2597 2259 2649 si
2283 2595 2337 2649 id
2362 2595 2684 2661 absurdum,
2710 2597 3009 2651 absurdum
3038 2598 3199 2652 etiam
3231 2597 3490 2669 profecto.

1900 2685 2051 2741 dictu
2080 2695 2163 2742 est
2189 2687 2387 2741 mutari
2419 2686 2512 2741 Dei
2538 2689 2835 2758 potentiam
2873 2690 3251 2745 contractione
3278 2705 3478 2759 opera-

1899 2781 2089 2843 tionis,
2120 2781 2351 2849 ejusque
2385 2780 2610 2834 concuti
2639 2781 2957 2844 essentiam,
2997 2781 3125 2834 dum
3169 2782 3238 2835 ab
3266 2798 3329 2836 ea
3360 2784 3479 2836 alia:

1902 2872 2038 2925 alias
2090 2870 2259 2925 variis
2297 2869 2708 2941 operationibus
2762 2869 3142 2939 producuntur
3199 2871 3473 2938 potentiae.

1901 2961 1968 3015 Et
2014 2960 2484 3031 quemadmodum
2519 2960 2726 3015 faciens
2774 2976 2880 3015 nos
2927 2960 3068 3014 Deus
3115 2959 3351 3029 primum
3395 2960 3479 3013 in-

1904 3052 2103 3116 fantes,
2144 3052 2341 3107 deinde
2368 3050 2767 3115 adolescentes,
2805 3057 2994 3121 postea
3025 3067 3205 3116 senes,
3234 3068 3340 3105 non
3366 3066 3479 3105 mu-

1903 3144 2111 3199 tatione
2140 3143 2399 3213 potentiae
2426 3144 2479 3199 id
2514 3143 2659 3211 facit,
2695 3159 2797 3198 nec
2827 3144 3180 3214 corruptione
3205 3146 3479 3215 operatio-

1824 3233 1867 3289 C
1901 3248 2019 3309 nis,
2054 3260 2155 3300 nec
2184 3247 2551 3301 concussione
2581 3247 2753 3315 ipsius
2789 3248 3127 3310 substantiae,
3157 3254 3348 3302 aetates
3379 3264 3475 3301 no-

1900 3346 2063 3402 stras,
2077 3352 2236 3408 quaea
2253 3353 2312 3392 se
2326 3336 2556 3391 invicem
2573 3338 2835 3392 varietate
2852 3345 3156 3407 temporum
3174 3338 3477 3392 secundum

1898 3430 2053 3498 prius
2080 3436 2172 3481 aut
2195 3429 2469 3500 posterius
2500 3427 2779 3493 differunt,
2810 3434 3127 3496 immutans,
3162 3430 3258 3485 sed
3287 3431 3469 3502 profe-

1900 3520 2068 3575 renda
2110 3529 2166 3575 et
2213 3520 2584 3575 contrahenda
2635 3506 2989 3590 Operatione,
3040 3522 3111 3576 ita
3164 3522 3380 3577 initium
3423 3530 3483 3576 et

1902 3612 2062 3666 ﬁnem
2109 3613 2270 3673 habet
2313 3613 2433 3681 ejus
2478 3614 2743 3681 operatio,
2780 3627 2887 3665 non
2920 3612 3065 3684 quod
3098 3622 3338 3669 mutetur
3376 3631 3476 3684 po-

1902 3706 2093 3771 tentia,
2126 3704 2218 3761 sed
2251 3706 2378 3774 quia
2432 3705 2706 3776 profertur
2736 3713 2789 3759 et
2829 3706 3191 3760 contrahitur.
3220 3704 3353 3760 Nam
3405 3708 3473 3769 si,

1900 3796 1995 3852 ubi
2037 3804 2320 3852 contracta
2354 3805 2437 3853 est
2486 3798 2750 3867 operatio,
2785 3812 2895 3852 non
2932 3798 3044 3867 jam
3099 3807 3283 3868 posset
3332 3799 3476 3856 Deus

1901 3912 2237 3981 operatione,
2286 3927 2405 3981 qua:
2433 3912 2619 3977 desiit,
2656 3912 2735 3964 uti
2762 3929 2788 3975 ;,
2807 3913 3001 3965 merito
3036 3913 3311 3967 diceretur
3354 3930 3476 3969 cor—

1903 4006 2085 4073 ruptio
2119 4004 2478 4074 Operatioois.
2516 4002 2621 4056 Sed
2652 4004 2697 4057 si
2746 3994 2963 4079 semper
3004 4015 3183 4073 potest
3226 4008 3481 4062 eamdem

1901 4098 2293 4166 operationem,
2336 4096 2425 4149 ubi
2461 4097 2594 4161 vult,
2620 4090 2897 4166 proferte;
2927 4090 3033 4155 non
3062 4113 3191 4167 ergo
3225 4112 3474 4151 corrum-

1902 4192 2048 4261 pitur
2098 4189 2191 4244 Dei
2240 4191 2485 4261 operatio
2531 4200 2833 4245 contracta.
2889 4189 3022 4243 Nam
3076 4193 3319 4260 potentia
3368 4208 3473 4247 non

1902 4293 2180 4353 corrupta,
2216 4299 2323 4337 non
2362 4290 2543 4353 potest
2581 4284 2857 4353 corrumpi
2897 4284 3162 4351 operatio.
3192 4281 3354 4338 Aliud
3393 4293 3476 4338 est

1901 4377 2045 4430 enim
2078 4376 2358 4443 corruptio
2404 4376 2758 4445 operationis,
2791 4374 2938 4428 aliud
2977 4375 3315 4439 contractio;
3349 4390 3474 4428 nam

1903 4467 1948 4523 si
1981 4482 2089 4521 non
2124 4475 2404 4520 contracta
2444 4473 2589 4519 esset
2618 4465 2883 4534 Operatio,
2914 4482 3035 4535 qua:
3083 4466 3349 4519 mundum
3398 4466 3476 4519 fe-

213 4554 510 4651 ἐνέργειαν.
546 4554 720 4650 ν’Δλλη
741 4554 876 4651 ’γαρ
920 4554 1119 4651 ἐστινὴ
1150 4579 1326 4651 φθορὰ
1476 4554 1792 4649 ἐνεργείας,

1903 4554 1999 4624 cit,
2029 4558 2227 4612 inﬁniti
2268 4575 2499 4612 numero
2528 4565 2713 4612 essent
2754 4559 2941 4613 mundi
2971 4559 3043 4612 ob
3072 4558 3473 4613 indesinentem

215 4673 308 4725 καὶ
335 4672 466 4742 ἄλλη
505 4674 538 4743 ὴ
584 4674 812 4744 συστολὴ
840 4673 939 4742 τῆς
967 4672 1271 4743 ἐνεργείας·
1306 4671 1403 4735 ὡς,
1434 4672 1483 4724 εἰ
1532 4661 1605 4742 μὴ
1638 4686 1794 4722 συνε-

214 4763 463 4841 στέλλετο
506 4765 539 4834 ἡ
574 4763 821 4835 ἐνέργεια
850 4767 881 4834 ὴ
913 4765 1005 4817 τὸν
1034 4766 1237 4835 κόσμον
1282 4762 1531 4826 ποιοῦσα,
1571 4763 1788 4833 ἄπειροι

213 4852 281 4906 ἂν
325 4855 518 4924 κόσμοι
555 4855 803 4923 ἐγένοντο
842 4855 920 4925 τῷ
965 4855 1158 4926 πλήθει
1199 4854 1339 4909 κατὰ
1373 4855 1470 4927 τὴν
1517 4856 1793 4910 ἄπαυστον

1898 4653 2291 4722 operationem.
2344 4650 2500 4705 Nunc
2557 4658 2736 4705 autem
2788 4666 2914 4704 cum
2968 4668 3111 4705 unus
3164 4650 3344 4709 factus
3394 4651 3465 4705 sit

1898 4745 2137 4799 mundus
2161 4788 2175 4809 ,
2214 4760 2280 4798 ex
2307 4760 2374 4797 eo
2409 4743 2555 4812 quod
2597 4742 2805 4795 ﬁnitum
2839 4741 2911 4796 sit
2941 4758 3100 4811 opus,
3131 4743 3473 4797 demonstra-

1896 4847 1989 4892 tur
2030 4837 2239 4891 tinitam
2281 4851 2405 4891 esse
2442 4834 2816 4903 operationem
2850 4818 2970 4904 qua
3010 4834 3275 4890 mundum
3320 4834 3467 4896 fecit.

214 4949 509 5020 ἐνέργειαν.
530 4949 645 5003 Νῦν
663 4950 741 5017 δέ,
772 4951 889 5013 ἐνὸς
934 4946 1092 5019 μόθου
1134 4952 1229 5003 τοῦ
1277 4951 1481 5022 κόσμου
1528 4951 1842 5022 γενομένου,
1882 4947 1960 5018 τῷ
1998 4944 2399 5017 πεπερασμένῳ
2426 4941 2521 4995 τοῦ
2565 4942 2726 5011 ἔργου
2768 4941 3041 4995 δείκνυται
3080 4940 3469 5013 πεπερασμένη

211 5042 248 5114 ἡ
278 5043 525 5113 ἐνέργεια
556 5045 589 5115 ἡ
617 5044 709 5097 τὸν
734 5045 937 5114 κόσμον
966 5047 1259 5116 ποιήσασα.

281 5136 333 5191 8.
373 5137 436 5190 '0
460 5139 644 5204 αὐτὸς
670 5141 879 5192 τοίνυν
895 5139 1094 5209 μένων
1118 5142 1301 5195 οὐδὲν
1321 5141 1443 5217 ἔχει
1473 5143 1782 5213 Emperor.

213 5227 380 5282 Ποιεῖ
395 5231 605 5283 τοίνυν
629 5231 737 5284 τὸν
1021 5232 1248 5286 τάττων
1274 5234 1461 5287 αὐτὸν
1487 5236 1601 5299 ἀεὶ,
1627 5236 1725 5289 καί
1756 5238 1795 5289 ὀ

212 5321 438 5392 κόσμος
476 5320 560 5386 τῷ
598 5322 717 5390 μὲν
758 5324 849 5377 ἀεὶ
898 5324 1284 5392 φρουρεῖσθαι
1328 5327 1569 5395 γίνεται,
1596 5326 1678 5391 τῷ
1721 5326 1788 5379 δὲ

210 5412 301 5466 ἀεὶ
328 5409 479 5466 εἷναι
504 5416 538 5467 ό
562 5414 745 5481 αὐτὸς
770 5414 1060 5484 ἀγένητος
1086 5415 1358 5485 ὑπάρχει.
1389 5419 1453 5470 Et
1484 5418 1647 5488 μηδὲν
1676 5419 1787 5489 ἔχει

210 5505 468 5575 ἔγχρονον
496 5508 526 5559 6
552 5506 704 5569 Θεὸς,
734 5508 841 5560 οὐδ’
887 5508 995 5579 ipa
1036 5510 1097 5561 τὸ
1127 5513 1298 5562 ποιεῖν
1347 5509 1458 5579 ἔχει
1482 5528 1495 5539 ·
1528 5510 1786 5581 ἐγχρονον

211 5596 319 5667 γὰρ
343 5598 404 5651 τὸ
432 5603 628 5654 ποιεῖν.
656 5601 767 5654 Καὶ
811 5601 862 5653 εί
907 5604 1050 5654 ποιεῖ
1088 5600 1179 5654 τὸν
1222 5603 1424 5672 κόσμον
1452 5604 1481 5655 6
1525 5603 1676 5667 Θεὸς,
1710 5604 1785 5675 μὴ

282 5749 820 5821 (64)7Τῇἐνερτείᾳ.
856 5753 948 5806 "te
992 5771 1154 5811 voces
1201 5764 1372 5810 totum
1418 5758 1561 5810 hunc
1604 5758 1783 5812 locum

213 5820 554 5893 perturbant,
576 5820 767 5893 eisque
791 5824 1024 5877 sublatis
1056 5828 1325 5880 enitescit.
1353 5826 1473 5881 Mox
1499 5843 1785 5882 resumens

212 5891 448 5962 scriptor
484 5891 692 5948 eadem
720 5894 904 5962 verba,
934 5896 1135 5951 omittit
1181 5900 1245 5967 τῇ
1277 5898 1545 5969 ἐνεργείᾳ.
1580 5897 1787 5953 Ibidem

1964 5138 2019 5193 8.
2054 5135 2241 5203 Itaque
2273 5131 2410 5185 idem
2446 5130 2536 5185 ille
2575 5144 2790 5183 manem
2836 5130 2971 5183 nihil
3006 5128 3160 5182 habet
3208 5140 3468 5199 tempora-

1895 5235 2053 5285 rium.
2088 5227 2243 5282 Facit
2271 5243 2392 5296 ergo
2418 5226 2694 5287 mundum,
2720 5239 2921 5292 semper
2947 5239 3066 5277 eum
3101 5223 3382 5288 ordinans,
3422 5236 3469 5277 et

1894 5320 2121 5376 mundus
2154 5327 2413 5388 quatenus
2452 5331 2653 5383 semper
2680 5315 2994 5381 custoditur,
3025 5315 3261 5384 gignitur
3291 5329 3308 5365 :
3337 5331 3465 5381 qua-

1897 5419 2059 5475 tenus
2079 5425 2279 5479 semper
2309 5419 2407 5471 est,
2436 5407 2575 5461 idem
2616 5407 2875 5477 ingenitus
2917 5418 3014 5461 est.
3050 5408 3106 5461 Si
3141 5407 3274 5460 nihil
3305 5404 3465 5460 habrt

1890 5505 2283 5577 temporarium
2312 5503 2473 5566 Deus,
2507 5517 2685 5571 neque
2714 5502 2877 5556 etiam
2910 5501 2963 5555 id
2992 5501 3153 5556 habet
3184 5510 3242 5555 ut
3266 5502 3463 5566 faciat;

1890 5601 2071 5655 facere
2097 5598 2246 5653 enim
2295 5594 2685 5665 temporarium
2716 5601 2818 5647 est.
2850 5593 2911 5646 Et
2950 5595 2993 5649 si
3023 5593 3289 5648 mundum
3323 5593 3464 5649 Deus

1889 5754 2126 5810 tollenda
2159 5753 2374 5823 negatio
2403 5750 2804 5873 ante_<,70ap:6;.

1963 5826 2076 5873 {65)
2105 5826 2375 5873 Δύναται.
2404 5822 2655 5873 Subtntel
2684 5837 2802 5873 men

2105 5822 2375 5901 Albi-(ttat.
2404 5822 2938 5901 Subintelligendum
2968 5822 3204 5891 ἐνεργεῖ.Δ

1963 5832 2055 5894 (65
2105 5832 2375 5878 Ain-arar.
2404 5832 2665 5875 Bubintel;

1961 5832 2076 5968 (66;
2106 5894 2281 5950 Ποιεῖ.
2310 5893 2445 5965 ‘ch.
2480 5892 2665 5945 ποιῶν.
