4146 6426
693 411 820 467 1451

1439 407 1798 464 ΑΡΡΕΝΒΙΧ.
1840 439 1906 449 —-
1932 406 2110 462 PARS
2143 408 2183 462 1.
2227 407 2284 461 S.
2325 406 2588 463 JUSTINI
2629 401 2857 464 OPERA
2900 405 3174 462 SPUBIA.

688 527 862 588 lineae,
895 525 1040 579 aliud
1076 531 1240 594 atque
1268 524 1438 580 aliud.
1469 525 1552 579 Ad
1585 525 1729 579 hunc
1754 523 1974 577 modum
1995 521 2259 578 dividitur

2361 520 2505 574 ἄλλο.
2537 521 2692 572 Κατά
2718 521 2810 573 τὸν
2835 520 3036 590 τρόπον
3061 519 3252 593 τοῦτον
3289 520 3353 571 οὐ
3384 519 3679 590 διαιρεῖται
3707 519 3837 590 (75)
3871 521 3972 571 τοῦ

687 626 881 685 natura
927 616 1041 680 Dei,
1095 617 1309 670 ratione
1357 617 1679 670 substantiae
1725 626 1778 670 et
1833 614 2149 669 voluntatis.
2199 612 2257 667 Si

685 710 832 762 aliud
863 717 948 763 est
975 724 1117 775 esse,
1147 716 1204 762 et
1249 706 1398 766 aliud
1449 708 1658 773 inesse;
1689 715 1742 760 et
1787 717 1873 762 est
1906 705 2124 777 quidem
2165 703 2258 760 Dei

683 803 944 864 essentia,
983 801 1126 856 inest
1155 816 1285 855 vero
1319 801 1572 855 essentia:
1603 799 1894 864 voluntas;
1931 797 2037 850 alia
2069 797 2257 866 utique

682 900 769 947 est
808 894 1046 948 essentia
1079 893 1194 956 Dei,
1230 900 1285 947 et
1335 892 1441 944 alia
1471 892 1745 945 voluntas.
1789 888 1847 944 Si
1876 891 2129 944 voluntas
2161 889 2256 944 Dei

683 998 749 1036 ex
781 983 1018 1037 essentia
1066 991 1173 1046 est,
1213 997 1324 1035 non
1366 990 1546 1034 autem
1578 979 1817 1035 essentia
1845 967 1915 1036 ex
1945 978 2255 1034 voluntate:

683 1074 789 1126 alia
837 1080 988 1144 certe
1025 1074 1263 1128 essentia
1310 1071 1426 1139 Dei,
1458 1082 1512 1127 et
1555 1072 1661 1125 alia
1697 1072 1970 1126 voluntas.
2007 1070 2256 1126 Essentia

681 1163 778 1219 Dei
827 1166 941 1220 ﬁeri
991 1179 1102 1218 non
1153 1172 1331 1234 potest
1365 1173 1423 1218 ut
1454 1159 1695 1219 essentia
1727 1179 1837 1216 non
1868 1163 1969 1231 sit;
2007 1161 2257 1218 voluntas

681 1265 863 1310 autem
919 1255 1032 1320 Dei,
1069 1267 1128 1312 ut
1163 1273 1272 1312 non
1309 1256 1460 1321 velit,
1499 1255 1614 1311 fieri
1669 1262 1846 1326 putest
1878 1272 1895 1310 :
1930 1254 2118 1320 veluti,
2162 1241 2258 1310 vo-

685 1346 786 1400 luit
820 1345 964 1402 Deus
997 1347 1178 1402 facere
1206 1347 1376 1403 solem
1408 1363 1598 1410 unum,
1636 1350 1937 1405 secundum
1973 1351 2142 1406 solem
2178 1351 2254 1404 fa-

685 1454 809 1493 cere
856 1455 963 1493 non
1001 1440 1206 1509 voluit,
1239 1440 1390 1511 quia,
1425 1448 1487 1494 ut
1536 1451 1654 1496 erat
1707 1444 1871 1498 rebus
1903 1444 2056 1509 utile,
2086 1459 2256 1499 unum

681 1545 804 1584 esse
851 1530 1021 1586 solem
1050 1575 1064 1596 ,
1101 1533 1236 1586 utile
1267 1532 1435 1588 rebus
1467 1549 1578 1588 non
1615 1533 1737 1600 fuit,
1783 1535 2083 1590 secundum
2109 1524 2258 1595 esse

681 1624 873 1678 solem.
898 1621 974 1678 Ac
1008 1622 1060 1678 id
1085 1624 1307 1694 quidem
1341 1625 1488 1696 quod
1519 1627 1654 1681 utile
1683 1627 1875 1694 voluit,
1897 1628 2040 1697 quod
2075 1635 2258 1682 autem

681 1729 790 1767 non
838 1714 970 1768 utile
1014 1730 1128 1768 non
1161 1716 1352 1770 voluit.
1389 1715 1592 1771 Verum
1626 1718 1674 1773 si
1709 1719 1783 1772 ita
1813 1718 2000 1783 habet,
2036 1719 2142 1772 alia
2172 1725 2256 1772 est

682 1807 940 1861 nimirum
993 1809 1236 1864 essentia
1269 1807 1363 1863 Dei
1395 1818 1451 1864 et
1482 1809 1588 1864 alia
1623 1811 1895 1866 voluntas.
1934 1809 1990 1865 Si
2026 1811 2167 1867 Deus
2201 1811 2269 1866 id.

2360 611 2494 682 Θεοῦ
2517 613 2551 682 ἡ
2582 610 2744 682 φύσις
2768 611 2848 682 τῷ
2874 611 3018 682 λόγῳ
3042 612 3143 684 τῆς
3160 608 3352 674 οὑσίις
3375 613 3472 666 καὶ
3499 613 3600 684 τῆς
3624 612 3870 683 βουλῆς.
3906 614 3972 667 El

2359 689 2486 758 ἄλλο
2510 706 2572 757 τὸ
2601 702 2889 776 ὑπάρχειν,
2910 704 3006 757 καὶ
3025 703 3156 758 ἄλλο
3181 703 3246 756 τὸ
3271 703 3630 775 ἐνυπάρχειν·
3656 706 3759 758 καὶ
3786 707 3974 777 ὑπάρ-

2359 815 2440 868 χει
2481 797 2578 868 μὲν
2610 796 2706 850 τοῦ
2732 796 2868 850 Θεοῦ
2889 792 3138 868 ἡούσία,
3167 785 3464 875 ἔνυττάρχει
3500 797 3558 850 δὲ
3600 800 3676 870 τῇ
3709 799 3894 870 οὐσίᾳ
3934 801 3970 868 ὴ

2361 890 2554 962 βουλὴο
2583 891 2716 963 ἄλλη
2737 891 2845 963 ἄρα
2876 892 2911 960 ἠ
2944 890 3106 944 οὐσία
3128 890 3230 943 τοῦ
3261 890 3420 953 Θεοῦ,
3450 891 3544 944 και
3585 891 3730 961 ἄλλη
3760 893 3802 961 ἡ
3833 890 3974 960 βω-

2357 982 2444 1054 λή.
2469 983 2533 1036 Et
2560 985 2595 1055 ὴ
2627 983 2727 1053 μὲν
2765 981 2925 1054 βουλὴ
2949 982 3049 1036 τοῦ
3073 980 3675 1054 Θεοῦὲκτῆςοὺσίας,
3707 985 3836 1054 ἠδὲ
3869 986 3970 1036 οὐ·

2360 1075 2450 1127 σία
2491 1075 2592 1128 οὐκ
2628 1076 2695 1128 ἐκ
2729 1071 2830 1145 τῆς
2866 1074 3081 1145 βουλῆς,
3118 1073 3254 1146 ἄλλη
3297 1074 3409 1147 ἄρα.
3431 1078 3466 1146 ή
3496 1075 3658 1129 οὐσία
3681 1074 3786 1128 τοῦ
3822 1075 3971 1129 Θεοῦ

2358 1167 2452 1220 καὶ
2478 1167 2609 1238 ἄλλη
2703 1166 2888 1238 βουλή.
2906 1167 2969 1220 Ἡ
2999 1165 3158 1220 οὐσία
3194 1166 3290 1220 τοῦ
3317 1162 3453 1220 Θεοῦ
3480 1167 3542 1220 τὺ
3573 1167 3647 1238 μὴ
3677 1163 3835 1221 εἶναι
3877 1171 3974 1221 οὑ-

2359 1257 2449 1311 σία
2480 1258 2540 1310 οὐ
2571 1259 2823 1328 δέχεταιι
2855 1259 2890 1329 ή
2919 1258 2976 1311 δὲ
3009 1258 3174 1329 βουλὴ
3207 1256 3306 1311 τοῦ
3352 1257 3490 1312 Θεοῦ
3531 1259 3749 1329 δέχεται
3781 1249 3860 1310 es
3894 1260 3974 1329 μὴ

2361 1351 2644 1422 βούλεσθαι
2663 1369 2677 1382 ο
2710 1346 2843 1411 οἷον,
2873 1350 3125 1404 meum
3159 1353 3190 1404 ὀ
3230 1352 3365 1417 Θεὸς
3392 1351 3620 1422 ποιῆσαι
3644 1354 3748 1405 ἕνα
3776 1353 3972 1422 ἥλιον,

2356 1444 2605 1516 δεύτερον
2635 1443 2785 1515 ἥλιον
2808 1443 2911 1497 οὐκ
2938 1443 3186 1499 ἐϐούλετο
3214 1446 3458 1516 ποιῆσαι,
3480 1445 3584 1508 ὅτι,
3619 1443 3827 1517 ὥσπερ
3852 1445 3974 1498 ἐλυ-

2360 1539 2556 1592 σιτέλει
2601 1539 2715 1602 τοῖς
2757 1533 2878 1591 οὖσι
2918 1536 2981 1590 τὸ
3017 1536 3116 1590 ἕνα
3155 1531 3299 1590 εἶναι
3318 1536 3413 1590 τὸν
3436 1536 3608 1607 ἥλιον,
3641 1535 3834 1600 οὕτως
3861 1539 3972 1589 οὐκ

2357 1629 2651 1689 ἐλυσιτέλει
2681 1631 2794 1692 τοῖς
2821 1626 2940 1682 οὖσι
2977 1629 3041 1682 τὸ
3079 1629 3334 1698 γενέσθαι
3358 1628 3610 1702 δεύτερον
3634 1629 3792 1700 ἥλιον
3815 1646 3832 1659 ο
3872 1630 3972 1682 καὶ

2357 1720 2606 1775 ἐϐούλετο
2653 1720 2753 1792 μὲν
2798 1720 2872 1773 τὸ
2904 1718 3206 1784 λυσιτελὲς,
3238 1720 3300 1774 τὺ
3325 1719 3383 1774 δὲ
3422 1721 3496 1792 μὴ
3543 1721 3833 1785 λυσιτελὲς
3861 1721 3971 1774 οὐκ

2359 1813 2628 1866 ἐϐούλετο.
2647 1811 2783 1864 Ἀλλ’
2815 1802 2865 1864 sl
2903 1811 3084 1878 τοῦτο,
3114 1811 3250 1883 ἄλλη
3285 1813 3394 1884 ἀρα
3425 1815 3460 1884 ἠ
3489 1813 3647 1866 οὐσία
3819 1813 3971 1865 Θεοῦ

681 1901 824 1968 quod
859 1909 945 1956 est
975 1900 1138 1968 etiam
1167 1901 1306 1962 vult,
1353 1916 1551 1972 nempe
1581 1918 1692 1957 non
1724 1903 1978 1959 voluntas
2009 1912 2114 1967 est,
2165 1905 2259 1959 sed

2361 1904 2455 1957 και
2481 1904 2615 1973 ἄλλη
2645 1904 2679 1974 ἡ
2710 1901 2894 1974 βουλή.
2923 1902 2988 1955 Et
3016 1903 3046 1956 δ
3071 1904 3222 1957 ἐστιν
3253 1903 3285 1956 ὁ
3310 1901 3464 1967 Θεὸς,
3491 1902 3652 1956 τοῦτο
3689 1903 3790 1956 καὶ
3835 1902 3968 1973 βού-

683 1992 736 2045 id
769 1991 914 2062 quod
948 1992 1227 2048 voluntate
1257 1992 1553 2063 expetitur.
1581 1992 1864 2060 Quomodo
1910 1996 2076 2064 igitur
2116 1995 2257 2052 idem

679 2093 764 2141 est
796 2100 919 2140 cum
953 2069 1194 2140 essentia
1228 2085 1514 2152 voluntas,
1537 2069 1662 2140 eum
1685 2085 1940 2142 voluntas
1960 2095 2014 2142 et
2036 2086 2090 2142 id
2111 2087 2256 2157 quod

679 2179 960 2234 voluntate
979 2179 1268 2249 expetitur,
1301 2177 1446 2234 aliud
1469 2185 1522 2232 et
1544 2178 1693 2232 aliud
1713 2178 1806 2242 sit,
1825 2187 1886 2232 ut
1911 2195 2106 2234 sensus
2127 2187 2182 2235 et
2202 2181 2256 2234 id

679 2273 825 2341 quod
844 2273 947 2328 sub
970 2287 1190 2340 sensum
1215 2273 1399 2326 cadit?
1423 2271 1480 2326 Si
1501 2272 1622 2328 sine
1644 2273 1914 2344 principio
1934 2280 1990 2344 et
2019 2281 2258 2328 aeternus

680 2362 826 2420 Deus
856 2373 960 2429 est,
997 2380 1175 2434 neque
1206 2379 1306 2434 per
1339 2365 1583 2435 seipsum
1613 2364 1920 2435 productus
1951 2357 2058 2427 est,
2082 2358 2278 2436 neque

679 2471 776 2524 per
795 2455 961 2508 alium
995 2473 1009 2509 :
1041 2469 1170 2509 nam
1202 2445 1301 2525 qui,
1321 2457 1545 2510 omnino
1571 2471 1667 2526 per
1689 2457 1932 2526 seipsum
1957 2456 2258 2526 productus

680 2556 784 2614 est,
816 2546 965 2601 nulla
986 2549 1205 2603 ratione
1236 2547 1355 2605 sine
1385 2548 1656 2620 principio
1687 2543 1740 2604 et
1771 2552 2011 2604 aeternus
2027 2558 2132 2605 est.
2155 2547 2262 2610 Be«

682 2653 918 2709 sponsor
950 2640 1073 2695 aliis
1097 2641 1283 2696 verbis
1314 2642 1569 2697 essentia:
1591 2651 1646 2696 et
1665 2638 1967 2697 voluntatis
1987 2642 2082 2709 Dei
2117 2643 2259 2696 tollit

681 2731 1068 2799 diﬂerentiam,
1103 2732 1228 2786 aliis
1265 2732 1446 2788 autem
1481 2734 1701 2800 statuit;
1750 2749 1815 2789 ac
1855 2733 1997 2789 tollit
2037 2732 2257 2804 quidem

681 2821 811 2877 dum
841 2823 916 2877 ait
940 2842 958 2878 :
985 2821 1111 2877 Non
1136 2825 1551 2881 existimandum
1594 2835 1650 2878 ut
1689 2827 1743 2879 in
1777 2825 1927 2880 nobis
1959 2825 2106 2879 aliud
2137 2825 2260 2896 qui-

681 2918 903 2973 dem'eu
934 2936 1069 2986 esse,
1099 2907 1249 2974 aliud
1291 2928 1467 2974 autem
1508 2920 1661 2985 uelle,
1698 2921 1776 2974 sic
1815 2920 1975 2973 etiam
2021 2921 2076 2973 in
2121 2918 2255 2973 Deo.

683 3011 840 3084 521
877 3010 1244 3068 Diﬂ'erentiam
1301 3029 1432 3069 vero
1482 3020 1749 3077 statuens,
1785 3012 1862 3067 ait
1903 3031 1918 3066 :
1966 3011 2067 3067 Sed
2122 3011 2258 3065 idem

682 3104 840 3173 plane
864 3113 964 3158 est.
1000 3102 1068 3156 Et
1095 3104 1290 3160 iterum
1320 3125 1334 3160 :
1366 3105 1471 3160 Sed
1509 3115 1559 3160 et
1582 3122 1714 3170 esse,
1745 3116 1795 3160 et
1825 3106 1955 3159 velte
1999 3104 2137 3158 idem
2180 3114 2259 3159 est

684 3197 739 3250 in
776 3194 908 3252 Deo.
944 3194 1414 3261 Quemadmodum
1467 3189 1631 3252 enim
1662 3198 1808 3267 quod
1857 3185 2002 3251 aliud
2049 3206 2155 3260 est,
2191 3198 2260 3252 ab

685 3289 793 3343 alio
817 3297 901 3344 est
931 3291 1116 3358 aliud,
1151 3290 1224 3344 ita
1277 3296 1332 3343 et
1375 3289 1520 3359 quod
1573 3289 1734 3352 idem,
1769 3289 1861 3342 alii
1910 3297 1994 3344 est
2038 3289 2262 3344 omnino

683 3383 858 3449 idem;
891 3383 1146 3438 similiter
1174 3382 1319 3454 quod
1353 3383 1580 3438 omnino
1604 3382 1774 3446 aliud,
1808 3383 1878 3437 ab
1898 3383 2006 3436 alio
2026 3391 2112 3437 est
2142 3396 2262 3436 om-

683 3475 816 3528 nino
848 3473 1018 3530 aliud.
1046 3476 1116 3530 At
1144 3461 1206 3532 si.
1228 3476 1371 3531 idem
1406 3484 1490 3532 est
1523 3477 1763 3533 essentia
1788 3474 1880 3529 Dei
1910 3482 1964 3529 et
1987 3474 2258 3534 voluntas,

683 3567 790 3621 erit
824 3570 1050 3622 omnino
1080 3567 1230 3622 aliud
1273 3577 1438 3640 atque
1471 3569 1650 3636 aliud;
1686 3569 1772 3624 sin
1799 3567 2002 3630 minus,
2038 3565 2147 3620 alio
2179 3571 2262 3618 at-

683 3673 792 3728 que
847 3659 956 3713 alio
1006 3660 1245 3725 sublato,
1281 3662 1504 3716 tolletur
1537 3659 1851 3716 necessario
1885 3658 2146 3714 identitas
2172 3671 2262 3712 es-

683 3749 876 3803 sentiae
909 3747 1000 3804 Dei
1036 3757 1090 3805 et
1121 3751 1442 3812 voluntatis,
1465 3759 1628 3820 atque
1659 3750 1822 3806 etiam
1854 3749 1990 3804 illud
2023 3750 2257 3803 omnino.

683 3841 1152 3908 Quemadmodum
1186 3845 1394 3900 moveri
1429 3844 1688 3898 motionis
1722 3843 1968 3912 Operatio
2009 3849 2094 3896 est
2129 3858 2145 3895 :
2186 3841 2262 3894 ita

685 3944 740 3991 et
771 3937 930 4004 velle,
964 3937 1264 3993 voluntatis
1295 3944 1380 3992 est
1411 3936 1680 4007 operatio.
1705 3933 1772 3987 Et
1803 3949 1925 4004 qua:
1955 3932 2261 3988 differentia

683 4039 770 4086 est
802 4030 1057 4101 potentia:
1108 4029 1174 4084 ad
1227 4031 1432 4093 actum,
1465 4043 1530 4083 ea
1558 4035 1647 4082 est
1679 4027 1947 4084 voluntati
1982 4024 2050 4079 ad
2081 4025 2258 4095 ipsum

685 4123 844 4177 velle.
875 4120 1018 4177 Fieri
1051 4128 1233 4176 autem
1265 4119 1474 4191 nequit,
1509 4127 1570 4173 ut
1602 4120 1739 4174 velle
1767 4119 1987 4188 quidem
2017 4133 2048 4170 a
2070 4114 2263 4170 volunt

683 4221 798 4269 tate
829 4213 1065 4278 dili'erat,
1100 4231 1132 4267 a
1164 4214 1382 4268 volente
1437 4198 1619 4267 autem
1673 4226 1781 4266 non
1833 4210 2068 4265 differat.
2102 4209 2170 4261 At
2214 4209 2262 4262 si

685 4307 833 4362 nulla
865 4308 1079 4363 ratione
1106 4308 1222 4362 ﬁeri
1255 4308 1433 4377 potest
1464 4314 1520 4359 ut
1549 4305 1691 4360 idem
1722 4305 1795 4360 sit
1822 4304 1979 4362 velle.
1998 4314 2051 4357 et
2070 4300 2262 4355 volun-

687 4410 794 4464 tas,
825 4407 881 4456 et
911 4402 1105 4457 volens
1134 4419 1149 4455 :
1179 4400 1275 4471 qui
1310 4415 1340 4453 a
1375 4398 1486 4453 Deo
1518 4410 1573 4454 et
1604 4397 1887 4452 voluntate
1918 4394 2064 4449 aliud
2099 4401 2262 4462 atque

685 4493 835 4548 aliud
889 4494 1090 4564 reiicit,
1126 4478 1277 4551 is'ab
1309 4501 1503 4564 agente
1531 4499 1586 4548 et
1619 4500 1745 4544 actu
1779 4488 2140 4545 diii‘erentiam
2175 4501 2261 4540 re-

2360 1994 2531 2058 λεται,
2563 1993 2804 2066 δηλονότι
2826 1993 3086 2064 βουλητόν
3117 1995 3258 2062 ἐστι,
3287 1993 3384 2055 καὶ
3411 1995 3472 2047 οὐ
3496 1993 3682 2065 βουλή.
3703 1993 3841 2056 Πῶς
3866 1988 3967 2046 ὥν

2357 2087 2555 2139 ταύτόν
2583 2088 2699 2138 ἐστι
2728 2087 2794 2156 τῇ
2822 2078 3055 2157 οὐσίᾳή
3090 2083 3276 2156 βουλὴ,
3302 2083 3407 2138 τοῦ.
3432 2083 3695 2156 βουλητοῦ
3726 2085 3828 2138 καὶ
3855 2084 3968 2154 τῆς

2361 2177 2556 2248 βουλῆς
2579 2176 2742 2231 ἄλλου
2780 2176 2874 2229 καὶ
2909 2176 3071 2230 ἄλλου
3107 2175 3294 2240 ὄντος,
3314 2175 3565 2248 καθάπερ
3596 2175 3662 2230 τὸ
3688 2166 3967 2247 αίοθητὺν

2359 2271 2455 2323 καὶ
2479 2271 2513 2340 ὴ
2543 2268 2822 2340 αἴσθησις;
2845 2269 2909 2321 Ei
2934 2269 3172 2342 ἄναρχος
3196 2271 3292 2323 καὶ
3313 2269 3483 2333 mw;
3507 2271 3622 2322 ἐστι
3648 2265 3808 2333 Θεὸς,
3829 2268 3963 2322 οὔτε

2359 2361 2770 2431 αὑτοπάρακτός
2786 2362 2931 2414 ἐστιν
2951 2361 3072 2414 οῦτε
3103 2353 3542 2435 ἑτεροπάράἆιτος
3554 2379 3570 2393 ⁶
3586 2365 3618 2417 ὁ
3632 2361 3747 2435 γὰρ
3762 2362 3965 2426 ἁπλῶς

2358 2454 2772 2526 αὑτοπάρακτος
2800 2455 2979 2518 οὐδενὶ
3003 2455 3148 2527 λόγῳ
3175 2456 3325 2510 ἐστὶν
3350 2455 3525 2520 ἀΐδιος
3554 2456 3650 2510 καὶ

2373 2549 2430 2602 '0
2457 2548 2890 2620 ἀποκρινάμενος
2924 2547 2992 2601 δι’
3021 2546 3220 2621 ἑτέρας
3260 2549 3446 2620 φωνῆς
3461 2549 3694 2620 -ἀναιρεῖ
3722 2548 3838 2618 τῆς
3859 2549 3959 2602 οὐ-

2362 2641 2483 2705 σίας
2509 2641 2601 2694 τοῦ
2625 2639 2762 2694 Θεοῦ
2787 2643 2880 2695 καὶ
2905 2641 3006 2711 τῆς
3032 2637 3230 2712 βουλῆς
3258 2642 3322 2694 τὸ
3347 2637 3556 2713 ἕτερον,
3585 2640 3651 2715 δί’
3669 2641 3871 2712 ἑτέρας
3900 2640 3960 2694 δὲ

2361 2734 2542 2804 φωνῆς
2584 2732 2744 2787 τοῦτο
2785 2733 3031 2804 τίθησιν·
3078 2725 3344 2808 ἀναιρῶν
3359 2732 3459 2804 μὲν
3503 2732 3606 2803 τῆς
3635 2733 3828 2808 οὐσίας
3855 2731 3962 2786 τοῦ

2359 2824 2496 2878 Θεοῦ
2528 2827 2623 2879 καὶ
2649 2827 2750 2897 τῆς
2775 2827 2971 2897 βουλῆς
2995 2827 3057 2879 τὸ
3079 2825 3288 2897 ἕτερον,
3310 2825 3494 2895 ἔλεγεν
3510 2839 3525 2856 ⁸
3550 2827 3674 2879 οὐκ
3690 2825 3953 2899 οίητέον,

2357 2915 2559 2985 ὥσπερ
2593 2917 2664 2970 ἐν
2703 2917 2846 2985 ἡμῖν
2867 2917 3023 2972 ἄλλο
3054 2916 3175 2986 μὲν
3212 2917 3349 2971 ἐστι
3379 2916 3446 2972 τὸ
3468 2912 3653 2981 εἶναι,
3684 2915 3843 2970 ἄλλο
3885 2916 3958 2969 δὲ

2361 3009 2427 3062 τὸ
2449 3005 2806 3076 βούλεσθαι,
2826 3010 2980 3064 οὕτω
3006 3010 3108 3065 καί
3136 3012 3208 3064 ἐν
3233 3010 3315 3076 τῷ
3330 3007 3472 3076 Θεῷ.
3491 3009 3787 3082 Τιοὲμενος
3807 3009 3868 3063 δὶ
3891 3009 3957 3062 τὸ

2359 3101 2565 3173 ἕτερον,
2605 3103 2768 3176 φησίν
2792 3119 2807 3133 ·
2851 3101 3048 3157 Ἀλλὰ
3069 3101 3137 3156 τὸ
3177 3103 3324 3162 αὐτὸ
3354 3103 3642 3172 ἄντικρυς
3667 3101 3954 3172 ὑπάρχει.

2361 3195 2472 3249 Καὶ
2501 3195 2664 3249 πάλιν
2681 3214 2696 3227 ·
2739 3197 2810 3251 Τὸ
2842 3196 2913 3250 δὲ
2953 3193 3108 3253 εἷναι
3132 3198 3240 3267 ,καὶ
3271 3197 3338 3252 τὸ
3359 3198 3698 3263 ,βούλεσθαι
3726 3197 3958 3269 ταύτὸν

2370 3295 2627 3366 ὑπάρχει
2655 3295 2736 3373 τῷ
2776 3296 3139 3371 Θεῷ.”Ωσπερ
3171 3299 3281 3371 γὰρ
3312 3300 3376 3354 τὸ
3411 3299 3600 3370 ἕτερον
3639 3297 3769 3353 ἄλλο

2362 3388 2510 3440 ἐστὶν
2538 3388 2744 3458 ἕτερον,
2762 3386 3017 3441 οὕτωκαὶ
3045 3389 3107 3443 τὺ
3132 3388 3329 3443 ταύτὸν
3358 3387 3486 3443 ἄλλο
3511 3385 3656 3457 ἄλλῳ
3682 3386 3834 3440 ἐστὶν
3854 3385 3956 3440 ἆν-

2360 3496 2550 3551 τικρυς
2571 3480 2767 3534 ταύτόν
2783 3498 2796 3510 ’
2823 3479 3156 3547 ὡσαύτωςδὲ
3178 3481 3274 3534 καὶ
3287 3481 3350 3534 τὺ
3368 3481 3630 3551 ἄντικρυς
3647 3478 3777 3533 ἄλλο

2362 3573 2508 3625 ἐστὶν
2533 3572 2808 3646 ἄντικρυς.
2831 3572 2968 3625 Ἀλλ’
2989 3575 3037 3626 εἰ
3063 3573 3260 3626 ταύτόν
3279 3575 3430 3627 ἐστιν
3447 3574 3487 3646 ἠ
3509 3572 3672 3626 οὐσία
3695 3571 3794 3624 τοῦ
3808 3571 3954 3625 Θεοῦ

2363 3664 2508 3735 καὶὴ
2545 3663 2726 3737 βουλὴ,
2745 3667 3004 3738 ἄντικρυς
3028 3665 3169 3718 ἔστω
3196 3663 3327 3720 ἄλλο
3358 3665 3454 3718 καὶ
3485 3663 3643 3720 ἄλλο·
3676 3665 3726 3716 si
3751 3663 3812 3716 δι
3843 3664 3954 3734 μή·

2361 3773 2445 3824 γε,
2466 3757 2858 3830 ἀναιρουμένου
2884 3757 2980 3810 τοῦ
3011 3757 3171 3812 ἄλλου
3201 3759 3300 3825 καὶ
3329 3755 3951 3827 ἀλλου,ἀναιρεθήσεται

2361 3847 2420 3912 ἐξ
2451 3849 2695 3928 ἀνάγκης
2733 3850 2796 3903 τὸ
2832 3845 3031 3903 ταύτὸν
3061 3849 3164 3921 τῆς
3203 3849 3392 3912 οὐσίας
3419 3847 3516 3904 τοῦ
3551 3846 3689 3901 Θεοῦ
3722 3848 3817 3918 καὶ
3846 3847 3956 3918 τῆς

2363 3939 2576 4012 βοιὲλῆςν
2609 3942 2703 3994 καὶ
2724 3941 2818 3994 τοῦ
2862 3942 3148 4011 ἄντικρυς
3177 3941 3314 4015 (76).
3334 3943 3553 4013 ’Ὠσπερ
3579 3941 3639 3994 τὸ
3678 3941 3952 3996 κινεῖσθαι

2362 4033 2613 4104 ἐνέργειά
2642 4036 2759 4087 ἔστι
2794 4036 3082 4107 κινήσεως,
3117 4031 3262 4091 οὕτω
3292 4036 3387 4091 καὶ
3415 4035 3478 4089 τὺ
3507 4033 3792 4106 βούλεσθαι
3813 4032 3950 4105 ’βου-

2361 4124 2462 4194 λῆς
2492 4127 2638 4180 ἐστιν
2666 4127 2949 4199 ἐνέργεια·
2981 4131 3075 4183 καὶ
3109 4129 3178 4200 ἢν
3217 4129 3330 4199 ἔχει
3362 4125 3624 4200 διαφορὰν
3650 4131 3685 4198 ἡ
3709 4127 3950 4198 ’δύναμις

2363 4217 2500 4287 πρὸς
2544 4217 2644 4289 τὴν
2687 4220 2986 4292 ἐνέργειαν,
3018 4222 3223 4294 ταύτην
3264 4222 3378 4291 ἔχει
3421 4222 3456 4290 ἡ
3501 4216 3664 4290 potui;
3711 4220 3850 4289 πρὸς
3884 4219 3950 4273 τὸ

2365 4306 2668 4378 βούλεσθαι.
2687 4311 2971 4367 Ἀδύνατον
3001 4313 3060 4367 δὲ
3103 4313 3165 4366 τὺ
3209 4311 3492 4385 βούλεσθαι
3536 4311 3674 4384 πρὸς
3710 4311 3813 4382 μὲν
3845 4310 3947 4383 τὴν

2365 4397 2560 4470 βουλὴν
2588 4399 2731 4472 ἔχειν
2759 4404 2859 4475 τὴν
2889 4402 3174 4476 διαφορὰν,
3209 4404 3347 4477 πρὸς
3390 4402 3448 4458 δὲ
3489 4403 3582 4458 τὸν
3628 4403 3947 4474 βαλλόμενον

2367 4488 2442 4559 μὴ
2487 4489 2650 4562 ἔχειν.
2686 4494 2748 4547 El
2791 4493 2848 4548 δὲ
2883 4495 3060 4549 οὐδενὶ
3092 4497 3234 4566 λόγῳ
3261 4496 3489 4550 δυνατὸν
3519 4495 3687 4550 ταὺτὸ
3713 4491 3853 4549 εἶναι
3882 4494 3944 4548 τὺ

681 4587 823 4660 jicit,
850 4588 998 4658 quod
1034 4587 1329 4644 absurdum
1362 4594 1466 4642 est.
1493 4584 1549 4640 Si
1580 4584 1727 4639 aliud
1758 4594 1842 4639 est
1865 4584 1918 4638 id
1949 4581 2250 4652 QDOdSUI)‘

2361 4579 2645 4649 βούλεσθαι
2678 4587 2773 4640 καὶ
2801 4586 2900 4658 τὴν
2931 4588 3146 4658 βουλὴν,
3166 4589 3260 4642 καὶ
3285 4587 3378 4641 τὸν
3400 4589 3747 4659 βουλόμενον,
3763 4586 3937 4658 δῆλον,

689 4680 860 4746 sistit,
881 4687 935 4735 et
956 4679 1104 4734 aliud
1137 4679 1284 4749 quod
1313 4695 1422 4734 non
1458 4678 1752 4745 subsistit,
1783 4684 1946 4747 atque
1974 4675 2107 4730 illud
2141 4676 2262 4745 ηυξ-ι

687 4773 811 4828 dem
838 4772 1004 4837 Deus,
1036 4773 1143 4827 hoc
1171 4779 1352 4827 autem
1383 4772 1637 4826 voluntas
1669 4778 1754 4826 est
1783 4789 1798 4824 :
1833 4769 2086 4825 videlicet
2117 4768 2263 4838 quia

685 4865 800 4922 Deo
830 4875 884 4921 et
914 4866 1194 4920 voluntate
1241 4863 1422 4934 rejicit
1469 4862 1618 4917 aliud
1668 4869 1832 4933 atque
1855 4850 2047 4926 "aliud,
2074 4863 2162 4917 vel
2210 4862 2263 4917 id

688 4958 833 5028 quod
867 4957 1119 5013 subsistit
1151 4957 1350 5025 reiicit,
1372 4956 1456 5011 vel
1488 4955 1542 5009 id
1573 4955 1717 5026 quod
1752 4969 1861 5008 non
1882 4955 2153 5010 subsistit.
2181 4952 2261 5017 Si,

688 5062 750 5106 ut
781 5053 960 5122 placet
989 5049 1326 5112 adversario,
1351 5048 1498 5119 quod
1531 5059 1615 5103 est
1639 5048 1783 5105 Deus
1809 5048 1861 5102 id
1888 5049 2022 5112 vult,
2044 5055 2097 5102 et
2117 5048 2260 5118 quod

685 5146 804 5201 vult
834 5143 888 5199 id
912 5152 1034 5209 est;
1065 5143 1112 5198 si
1147 5142 1294 5198 Deus
1325 5157 1434 5197 non
1455 5142 1690 5197 voluerit
1713 5141 2081 5212 operationem
2108 5156 2263 5197 suam

685 5253 797 5298 non
827 5237 1033 5309 perire,
1070 5237 1240 5306 liquet
1271 5252 1415 5299 eam,
1468 5237 1556 5293 ubi
1591 5236 1776 5302 desiit,
1812 5219 1990 5305 perire
2021 5251 2128 5290 non
2168 5250 2265 5289 vo-

686 5331 834 5386 lente
861 5332 999 5401 ipso.
1024 5329 1145 5383 Non
1177 5337 1262 5384 est
1294 5342 1426 5400 ergo
1463 5327 1604 5384 Deus
1636 5328 1690 5382 id
1722 5330 1870 5398 quod
1901 5329 2036 5382 vult.
2063 5328 2118 5381 Si
2148 5326 2264 5382 eiii-

687 5435 832 5485 cere,
865 5417 1168 5495 voluntatis
1211 5420 1310 5476 Dei
1357 5429 1472 5488 est,
1516 5420 1974 5492 quemadmodum
2003 5420 2150 5475 aliud
2181 5429 2265 5474 est

689 5514 1013 5585 simpliciter
1037 5514 1233 5579 facere,
1259 5515 1405 5570 aliud
1428 5517 1611 5585 qualia
1643 5524 1698 5569 et
1729 5522 1932 5584 quanta
1959 5520 2013 5567 et
2045 5513 2264 5583 quando

763 5780 875 5858 {75)
917 5783 1000 5835 οὐ
1037 5779 1359 5858 διαιρεῖται.
1400 5782 1497 5858 Vel
1528 5857 1532 5858 ί
1560 5787 1800 5843 tollenda
1858 5787 1972 5841 baac
2020 5790 2259 5858 negatio,

688 5853 773 5906 vel
793 5868 976 5908 secum
1008 5855 1274 5909 sententia
1303 5857 1584 5925 pugnabit.

2365 4675 2506 4728 ὅτιὸ
2537 4676 2890 4748 ἀπορρίπτων
2938 4679 3033 4732 τοῦ
3079 4679 3214 4733 Θεοῦ
3267 4678 3501 4734 καὶτοῦ
3557 4674 3842 4751 βούλεσθαι
3882 4681 3940 4735 τὸ

2364 4767 2490 4848 ἄλλο
2537 4769 2628 4823 καὶ
2671 4769 2819 4833 ἄλλο,
2852 4770 2947 4824 τοῦ
2994 4771 3342 4847 ἐνεργοῦντος
3386 4773 3482 4842 καὶ
3524 4772 3626 4842 τῆς
3672 4772 3940 4841 ἐνεργείας

2364 4860 2694 4934 ἀπορρίπτει
2735 4864 2834 4933 τὴν
2878 4862 3173 4935 διαφοράν
3205 4849 3343 4935 ὅπερ
3382 4863 3606 4919 ἄτοπον.
3637 4863 3700 4915 El
3731 4862 3859 4916 EAM
3882 4862 3942 4914 τὸ

2365 4953 2740 5008 ὲνυπόστατον·
2758 4953 2852 5006 καὶ
2882 4953 3009 5007 ἄλλο
3039 4954 3101 5007 τὸ
3132 4954 3509 5006 ἀνυπόστατον
3527 4970 3541 4982 ο
3567 4951 3661 5006 καὶ
3679 4950 3818 5015 Θεὸς
3847 4951 3938 5029 ut:

2367 5048 2560 5111 ἐκεῖνο,
2585 5048 2647 5100 τὸ
2681 5048 2961 5119 βούλεσθαι
3005 5049 3064 5101 δὲ
3108 5049 3298 5101 τοῦτο’
3344 5046 3586 5117 δηλονότι
3622 5046 3652 5097 ό
3681 5043 3779 5098 τοῦ
3810 5042 3938 5097 Θεοῦ

2368 5143 2459 5195 καὶ
2486 5141 2579 5195 τοῦ
2606 5141 2889 5214 βούλεσθαι
2917 5142 3271 5212 ἀπορρίπτων
3294 5140 3356 5193 τὸ
3377 5139 3507 5194 ἄλλο
3542 5138 3634 5192 καὶ
3664 5135 3813 5199 ἄλλο,
3830 5136 3862 5206 ἢ
3881 5135 3942 5190 τὺ

2367 5222 2726 5288 ὲνυπόστατον
2757 5235 3082 5306 ἀπορρίπτει
3128 5234 3162 5304 ἢ
3184 5234 3257 5288 ,τὺ
3289 5233 3681 5286 ἀνυπόστατον.
3717 5231 3782 5285 El
3807 5230 3941 5285 κατὰ

2363 5328 2454 5378 τὸν
2487 5326 2642 5396 λόγον
2671 5327 2768 5380 τοῦ
2799 5327 3194 5397 ἀντικειμένου,
3213 5327 3353 5396 ὅπερ
3378 5325 3496 5378 ἐστὶ
3526 5323 3682 5387 Θεὸς,
3700 5323 3794 5376 καὶ
3824 5321 3938 5393 βοῦ-

2365 5419 2536 5484 λεται,
2573 5418 2665 5472 καὶ
2699 5419 2728 5471 ὃ
2765 5417 3009 5489 βούλεταί
3041 5421 3160 5470 ἐστι
3194 5415 3330 5486 (π),
3636 5414 3685 5466 εί
3721 5411 3802 5484 μὴ
3832 5411 3940 5482 βου-

2360 5511 2393 5561 7.
2412 5511 2552 5581 ~0qu
2583 5511 2714 5574 Θεὸς
2756 5511 2817 5564 τὸ
2850 5511 2926 5581 μὴ
2959 5509 3274 5579 φθείρεσθαι
3313 5507 3414 5578 τὴν
3442 5505 3729 5577 ἐνέργειαν
3757 5503 3936 5568 αὐτοῦ,

2438 5786 2548 5856 (76)
2587 5785 2696 5839 Τοῦ
2727 5752 3028 5850 ἇντικρυς.
3065 5781 3381 5856 Legendum
3411 5780 3472 5833 τὸ
3497 5780 3777 5850 ἄντικρυς.

2436 5853 2551 5922 (77)
2598 5859 2777 5910 Ἐστι.
2805 5855 3043 5909 Claram.
3074 5855 3168 5906 καὶ
3191 5853 3332 5906 ἐστι.

3828 404 3974 461 me
4090 386 4091 398 ‘
