4146 6426
685 395 823 450 H39
1437 397 1798 458 APPENDIX.
1836 435 1907 444 —
1942 403 2124 461 PARS
2164 407 2204 461 Ι.
2250 407 2307 464 S.
2349 409 2616 468 JUSTIN]
2656 411 2886 469 OPERA
2926 411 3223 471 SPURIA.‘
3839 421 3986 477 μ’ίο

679 519 804 559 cum
857 521 921 560 eo
968 507 1209 576 ingenito
1264 511 1446 577 genita
1500 512 1831 570 subsistunt.
1883 513 1941 570 Si
1988 516 2134 572 Deus
2187 530 2258 575 es:

2373 540 2432 575 τε
2464 523 2560 577 καὶ
2599 525 2872 596 αἰσθητῶν
2922 527 3068 578 ἐστιν
3114 526 3390 593 ἐπέκεινα,
3423 526 3518 581 καὶ
3546 527 3608 580 ού
3645 531 3793 581 ποιεῖ
3840 530 3984 602 ἔργα

679 597 821 650 ultra
871 598 1234 669 intelligibilia
1283 609 1338 655 et
1383 603 1697 669 sensibilia,
1745 622 1847 661 nec
1894 608 2027 664 facit
2067 626 2258 681 opera1

2379 615 2587 686 νοητῶν
2625 634 2684 668 τε
2731 619 2825 669 καὶ
2865 618 3140 688 αἰσθητῶν
3187 620 3474 687 ἐπέκεινα,
3504 621 3616 674 οὐδ’
3650 623 3763 693 ἄρα

677 704 801 757 quae
848 691 960 744 sint
1009 693 1150 745 ultra
1200 693 1566 766 inlelligibilia
1617 706 1674 752 et
1717 701 2041 766 sensibilis,
2093 719 2258 775 neque

2378 727 2538 780 νητος
2578 707 2675 769 ὢν,
2719 711 2990 781 ἀγέννητα
3023 715 3185 765 ποιεῖ.
3217 714 3281 765 EE
3327 713 3587 766 ἀδύνατον
3636 691 3982 784 συνυφίστα-

679 793 834 843 sane,
881 797 1004 834 cum
1052 782 1330 852 ingenitus
1378 787 1484 848 sit,
1523 787 1768 856 ingenita
1818 789 2002 845 efﬁcit.
2037 791 2095 846 Si
2129 795 2258 848 nihil

2380 802 2504 855 σθαι
2535 803 2616 872 τῷ
2648 803 2911 856 ἐπέκεινα
2947 803 3165 869 ἑαυτοῦ,
3198 804 3316 866 πῶς
3357 806 3662 876 συνυπέστη
3695 807 3728 858 6

677 879 857 938 potest
905 873 1070 927 simul
1124 890 1246 928 cum
1300 893 1366 930 eo
1405 879 1709 934 subsistere
1747 883 1894 950 quod
1940 883 2082 937 ultra
2133 887 2258 942 illud

2377 897 2457 966 τῷ
2472 896 2593 969 Θεῷ
2639 897 2894 951 ἐπέκεινα
2927 899 3038 951 ὖντι
3061 899 3250 963 αὐτοῦς
3288 900 3348 952 Ei
3371 899 3629 953 ἀδύνατον
3651 873 3802 953 ⁷εἶναι
3823 873 3992 967 ἀνέν-

675 971 791 1026 est,
826 964 1102 1033 quomodo
1139 968 1376 1023 mundus
1411 970 1573 1024 simul
1603 972 1852 1027 substitit
1880 990 2007 1028 cum
2041 976 2266 1048 Deoqui

675 1056 820 1108 ultra
868 1055 1048 1124 ipsum
1095 1060 1226 1112 est?
1290 1059 1346 1112 Si
1400 1061 1642 1132 ingenita
1695 1079 1988 1122 essenon
2033 1083 2270 1139 possunt

671 1163 795 1216 quae
856 1157 988 1203 sunt
1048 1153 1394 1222 composita,
1459 1157 1737 1224 quomodo
1796 1159 2030 1227 caelum,
2078 1164 2164 1218 sol
2215 1173 2272 1221 et

2376 1006 2512 1059 νητα
2526 991 2594 1042 τὰ
2617 990 2866 1058 σύνθετα,
2886 991 3004 1055 πῶς
3028 993 3057 1044 6
3072 993 3296 1063 οὐρανὸς
3317 995 3449 1047 καὶό
3465 994 3614 1064 ἥλιος
3639 993 3851 1063 κόσμος
3868 994 3984 1064 (83)

2379 1083 2518 1134 εἰσὶν
2549 1082 2863 1165 ἀγέννητοι,
2898 1080 3142 1146 σύνθετοι
3170 1086 3345 1150 ὄντες,
3371 1086 3591 1140 ἄλλοθεν
3625 1087 3851 1155 ἔχοντες
3880 1087 3987 1155 τὴν

2381 1170 2514 1244 ὓλην
2538 1176 2633 1228 καὶ
2661 1175 2884 1230 ἄλλοθεν
2912 1177 2975 1229 τὸ
3006 1173 3146 1241 εἶδος
3171 1195 3187 1244 ;

669 1241 908 1296 mundus
967 1243 1208 1314 ingenita
1272 1262 1397 1301 esse
1447 1249 1693 1318 possint,
1740 1265 1868 1305 cum
1919 1255 2032 1310 sint
2083 1263 2408 1331 composita,
2468 1241 2542 1321 iac
2599 1267 2823 1324 aliunde
2873 1241 3266 1326 materiam'et
3309 1271 3532 1326 aliunde
3579 1271 3819 1326 formam
3875 1272 3982 1325 ha-

669 1332 880 1386 beant?

694 1499 701 1506 .
740 1425 800 1480 5.
833 1425 1044 1484 Idcirco
1072 1431 1338 1484 cernimus
1375 1443 1424 1486 et
1456 1443 1708 1489 naturam
1737 1439 1835 1492 hoc
1864 1441 1977 1509 ipso
2017 1445 2157 1512 quod
2186 1455 2266 1500 est

669 1513 865 1583 facere.
895 1531 948 1574 et
993 1523 1297 1576 universam
1345 1541 1556 1594 semper
1587 1533 1948 1586 mutationem
2005 1537 2220 1604 operari
2247 1552 2266 1590 :

666 1611 1112 1676 quemadmodum
1141 1614 1196 1666 in
1226 1616 1380 1668 lactis
1426 1620 1817 1689 coagulatione,
1849 1626 2115 1681 cernimus
2146 1630 2260 1682 uni-

667 1716 812 1754 verse
867 1704 1294 1772 coagulationem
1351 1707 1480 1763 lacti
1539 1711 1813 1769 advenire.
1868 1715 2043 1770 Multo
2100 1719 2267 1790 igitur

668 1792 838 1860 magis
880 1794 1210 1862 putandum,
1243 1798 1413 1853 Deum
1443 1802 1682 1857 universe
1725 1815 1776 1859 et
1808 1809 2000 1878 absque
2035 1819 2264 1880 tempore

666 1884 840 1951 facere
871 1888 1093 1940 omnia:
1124 1905 1244 1942 cum
1289 1892 1400 1959 ipse
1447 1894 1658 1963 quidem
1696 1897 1768 1950 sit
1809 1913 2004 1964 unum,
2050 1902 2270 1971 inﬁnita

667 1994 786 2031 raro
814 1983 1051 2047 potentia
1081 1981 1294 2037 diversa
1329 1987 1626 2055 producat,
1655 2007 1773 2060 qua
1801 1993 2012 2061 quidem
2053 1998 2268 2052 omnino

663 2088 756 2140 per
781 2075 956 2143 τείρεα
985 2075 1248 2144 producta
1280 2079 1411 2134 sint.
1445 2079 1652 2134 Natura
1690 2083 1914 2151 quidem
1949 2087 2266 2143 universam

663 2165 828 2222 ellicit
859 2169 1243 2234 mutationem,
1277 2185 1390 2225 non
1425 2173 1490 2225 ad
1540 2171 1884 2230 eifectionem
1917 2178 2262 2244 substantia,

664 2261 758 2314 sed
791 2261 860 2315 ad
885 2261 1227 2317 eﬂ'ectionem
1271 2267 1666 2336 perpessionis.
1699 2266 1835 2322 Nam
1866 2273 2178 2342 coagulatio
2208 2276 2266 2329 in

663 2352 824 2416 lacte,
869 2355 1152 2423 perpessio
1193 2349 1280 2410 est
1328 2357 1526 2424 lactis;
1577 2359 1949 2418 substantiam
1983 2378 2120 2418 vero
2166 2379 2265 2419 ne-

663 2461 940 2514 quaquam
991 2457 1191 2501 natura
1246 2450 1502 2505 universe
1544 2449 1730 2507 eiiicit.
1763 2451 2052 2518 Quomodo
2094 2456 2266 2525 igitur

662 2553 961 2607 respousor
1006 2540 1195 2594 minus
1239 2543 1466 2611 proprio
1513 2559 1624 2598 non
1679 2561 1816 2600 usus
1860 2554 1946 2600 est
1983 2549 2260 2616 exemplo,

664 2638 876 2685 natura:
902 2629 1144 2697 actione,
1181 2641 1242 2686 ut
1282 2633 1450 2688 Deum
1487 2636 1682 2704 probet
1709 2637 1830 2692 sine
1864 2645 2114 2708 tempore
2140 2654 2264 2709 ope-

661 2721 796 2787 rari,
833 2739 959 2777 cum
991 2726 1291 2779 multarum
1331 2735 1386 2780 et
1425 2727 1771 2783 diversarum
1808 2730 1994 2800 opifex
2024 2732 2099 2788 sit
2130 2732 2266 2786 sub-

661 2816 1016 2879 stantiarum,
1049 2832 1188 2886 quas
1218 2819 1434 2873 etiamsi
1470 2827 1694 2889 repente
1725 2829 1896 2887 creet,
1931 2839 2043 2876 non
2077 2831 2261 2878 tamen

662 2909 871 2979 absque
901 2911 1181 2980 tempore?
1213 2911 1581 2982 Repentinum
1611 2915 1756 2967 enim
1788 2922 2028 2986 tempus,
2059 2925 2146 2972 est
2176 2919 2262 2972 in-

658 2999 940 3056 dividuum
985 3014 1344 3059 momentum.
1387 3005 1448 3060 ln
1485 3022 1549 3060 ea
1594 3021 1719 3076 qua
1765 3024 1862 3078 per
1901 3010 2089 3079 seipsa
2130 3026 2260 3080 pro-

658 3095 826 3150 ducta
857 3104 1009 3163 sunt,
1041 3097 1300 3153 voluntas
1333 3097 1429 3154 Dei
1462 3115 1570 3154 non
1600 3100 1938 3158 dominatur.
1971 3101 2029 3156 ln
2061 3119 2125 3158 ea
2159 3119 2260 3158 au-

2447 1449 2500 1505 5.
2543 1448 2800 1522 Ὀρῶμεν
2829 1455 2927 1508 καὶ
2968 1455 3082 1524 τὴν
3111 1458 3301 1526 φύσιν
3344 1456 3505 1522 αὐτῷ
3536 1456 3614 1522 τῷ
3652 1454 3809 1511 εἶναι
3841 1474 3982 1513 ποι-

2374 1541 2592 1608 οῦσαν,
2635 1545 2732 1598 καὶ
2781 1546 3007 1614 ἁθρόαν
3041 1548 3132 1601 ἀεὶ
3178 1547 3293 1617 τὴν
3324 1549 3689 1618 μεταϐολὴν,
3735 1549 3982 1619 ἐργαζο-

2367 1635 2594 1704 μένην·
2641 1637 2844 1708 ὥσπερ
2896 1642 2995 1694 ἐπὶ
3051 1640 3158 1710 τῆς
3217 1642 3454 1710 πήξεως
3506 1645 3612 1698 τοῦ
3669 1643 3980 1715 γάλακτος

2373 1730 2600 1798 ἀθρόως
2652 1731 2768 1799 τὴν
2821 1732 3008 1801 πῆξιν
3047 1737 3308 1805 θεώμεθα
3360 1737 3848 1807 παραττνομένην
3896 1737 3985 1803 τῷ

2300 1863 2342 1917 Β
2371 1818 2642 1892 γάλακτι.
2671 1826 2889 1892 Πολλῷ
2920 1829 3130 1881 τοίνυν
3153 1827 3261 1882 τὸν
3293 1829 3443 1883 Θεὸν
3462 1829 3703 1899 μᾶλλον
3729 1833 3980 1899 οἰητέον

2375 1913 2604 1983 ἀθρόως
2648 1919 2746 1971 καὶ
2796 1920 3069 1988 ἁχρόνως
3113 1920 3310 1974 πάντα
3354 1923 3566 1985 ποιεῖν,
3605 1922 3800 1977 αὑτὸν
3850 1924 3982 1993 μὲν

2373 2007 2520 2061 ὄντα
2560 2008 2649 2075 ἐν,
2690 2009 2766 2079 τῇ
2814 2011 2883 2063 δὲ
2926 2013 3166 2081 ἀπειρίᾳ
3212 2011 3321 2080 τῆς
3360 2013 3668 2084 dor-ripsq-
3710 2014 3978 2084 διάφορα

2369 2100 2710 2170 προάγοντα
2734 2141 2750 2166 ,
2805 2105 2902 2157 καὶ
2955 2103 3109 2158 αὐτὰ
3166 2104 3474 2171 παντελῶς
3540 2106 3976 2175 αὐτοπάρακτα

2369 2193 2765 2262 τυγχάνοντα.
2813 2195 2878 2249 Ἠ
2925 2197 3023 2268 μὲν
3055 2197 3216 2267 φύσις
3257 2198 3462 2270 ἀθρόαν
3512 2201 3612 2270 τὴν
3657 2199 3976 2272 μεταϐολὴν

2368 2285 2660 2356 ἐργάζεται
2681 2289 2743 2342 οὐ
2775 2288 2913 2360 πρὸς
2941 2290 3158 2360 ποίησιν
3184 2291 3392 2355 οὐσίας,
3419 2291 3554 2345 ἀλλά
3580 2293 3718 2364 πρὸς
3744 2293 3975 2363 ποίησιν

2367 2379 2462 2433 τοῦ
2496 2381 2734 2444 πάθους·
2773 2384 2807 2452 η
2841 2382 2951 2451 γὰρ
2985 2383 3149 2453 πῆξις
3174 2385 3234 2436 ὲν
3263 2384 3342 2454 τῷ
3369 2384 3602 2451 γάλακτι
3642 2385 3821 2448 πάθος
3849 2387 3976 2438 ἐστὶ

2366 2472 2461 2525 τοῦ
2502 2473 2804 2542 γαλακτοςο
2841 2475 3027 2528 οὐσίαν
3073 2475 3130 2528 ἃ
3170 2476 3424 2547 οὐδαμῶς
3486 2477 3699 2549 ἀθρόως
3753 2481 3906 2531 τωιεί
3938 2480 3978 2548 ἡ

2368 2566 2551 2633 φύσις.
2588 2566 2714 2630 Πῶς
2745 2561 2836 2620 οὖν
2868 2567 2969 2620 οὐκ
3001 2567 3150 2622 ἐστιν
3177 2571 3206 2622 6
3242 2569 3680 2641 ἀποκρινάμενος
3707 2571 3973 2642 ἀνοικείῳ

2368 2649 2760 2728 ὑποδείγματι,
2802 2662 2870 2730 τῇ
2913 2661 3146 2731 ὲργασὲᾳ
3178 2661 3276 2732 τῆς
3324 2662 3573 2732 φύσεως,
3614 2663 3978 2734 χρησάμενος

2369 2750 2508 2819 πρὸς
2541 2751 2897 2820 παράστασιν
2935 2753 3039 2821 τῆς
3062 2753 3167 2806 τοῦ
3204 2753 3341 2806 Θεοῦ
3375 2754 3620 2827 ἀχρόνως
3665 2756 3980 2826 ἐργασίας,

2363 2844 2702 2916 δημιουργοῦ
2745 2845 2956 2898 πολλῶν
2989 2848 3084 2900 καὶ
3103 2847 3390 2916 διαφόρων
3430 2847 3629 2900 οὐσιῶν
3672 2847 3859 2914 ὄντος,
3899 2848 3970 2911 ἀς

2365 2939 2468 2992 κᾶν
2503 2939 2718 3011 ἀθρόως
2761 2942 2887 3010 ποιῇ
2945 2942 2974 2992 6
3015 2939 3181 3004 Θεὸς,
3227 2938 3335 2991 οὐδ’
3372 2938 3544 3002 οὕτως
3586 2940 3869 3009 ἀχρόνως;
3905 2939 3976 2992 τὸ

2363 3032 2472 3105 γὰρ
2504 3032 2702 3106 ἀθρόον
2733 3034 2829 3086 τοῦ
2865 3035 3059 3104 χρόνου
3091 3034 3208 3088 ἐστὶ
3233 3034 3296 3088 τὸ
3323 3033 3544 3104 ἄτομον.
3577 3033 3698 3086 Τῶν
3729 3034 3971 3086 αὐτοπο-

2367 3126 2583 3196 ρὰκτων
2614 3128 2676 3184 οὐ
2711 3127 2956 3199 κυριεύει
3000 3129 3034 3196 ὴ
3076 3125 3171 3180 τοῦ
3216 3126 3353 3180 Θεοῦ
3391 3126 3672 3196 βούλησιςο
3715 3126 3976 3198 κυριεύει

658 3220 768 3265 tem
813 3211 1133 3264 dominatur
1172 3210 1269 3265 Dei
1311 3213 1603 3277 voluntas,
1648 3229 1771 3283 qute
1816 3215 1934 3285 ipsa
1979 3217 2254 3286 producit.

2363 3217 2485 3289 δὲή
2528 3217 2782 3290 βούλησις
2823 3218 2919 3271 τοῦ
2961 3217 3100 3271 Θεοῦ
3127 3211 3202 3271 ὧν
3246 3218 3390 3289 αύτὴ
3436 3219 3694 3289 παράγει.
3741 3218 3884 3270 Ἀλλ’
3914 3220 3974 3269 εί

661 3305 769 3360 Sed
802 3305 850 3360 si
882 3307 1140 3360 voluntas
1173 3305 1269 3361 Dei
1315 3306 1369 3360 in
1401 3307 1585 3362 omnia
1617 3308 1956 3375 dominatur,
2003 3312 2137 3366 nihil
2174 3322 2261 3368 est

655 3397 910 3470 profecto
962 3399 1108 3470 quod
1152 3415 1248 3469 per
1303 3399 1545 3468 seipsum
1605 3401 1680 3455 sit
1733 3403 2090 3472 productum.
2143 3403 2257 3460 Re-

656 3507 895 3562 sponsor
929 3508 1025 3562 per
1051 3495 1298 3562 seipsum
1343 3494 1674 3563 productum
1720 3497 1972 3552 nominat
2001 3507 2054 3552 et
2088 3501 2259 3555 Deum

656 3592 712 3640 et
746 3585 1039 3640 mundum.
1101 3586 1208 3640 Sed
1263 3587 1309 3641 si
1362 3602 1458 3655 per
1515 3588 1760 3657 seipsum
1817 3588 2130 3658 productus
2173 3599 2260 3647 est

655 3677 933 3740 mundus.
978 3686 1040 3732 ut
1087 3679 1180 3746 qui
1219 3695 1402 3734 causa:
1439 3681 1818 3736 subsistentia:
1857 3681 1982 3752 ejus
2037 3687 2261 3740 coexsi-

655 3776 788 3833 stat,
830 3786 1064 3825 necesse
1115 3771 1365 3840 profecto
1409 3779 1525 3836 est,
1573 3781 1628 3828 et
1678 3773 1849 3829 Deum
1880 3777 1974 3846 qui
2023 3793 2124 3848 per
2170 3795 2260 3835 se-

654 3862 835 3930 ipsum
888 3862 1211 3932 productus,
1255 3879 1437 3919 causae
1466 3866 1842 3922 subsistentia:
1869 3884 1984 3924 sua
2013 3873 2258 3926 coexsti-

656 3954 812 4010 tisse.
843 3954 955 4009 Sed
981 3956 1026 4008 Si
1053 3955 1106 4009 id
1133 3956 1456 4024 absurdum,
1483 3957 1785 4014 absurdum
1816 3962 2064 4031 profecto
2085 3966 2254 4019 etiam

654 4046 810 4101 dictu
852 4055 938 4102 est
966 4054 1021 4101 et
1049 4047 1221 4103 Deum
1269 4057 1324 4103 et
1357 4051 1623 4106 mundum
1655 4067 1753 4121 per
1785 4055 2000 4124 seipsos
2043 4055 2273 4126 produ-r

651 4146 775 4193 ctus
804 4148 948 4203 esse,
978 4148 1033 4194 et
1068 4139 1233 4194 simul
1271 4142 1505 4196 alterum
1538 4159 1665 4198 cum
1702 4144 1880 4198 altero
1909 4147 2048 4200 citra
2082 4147 2255 4202 inter-

653 4231 859 4286 vallum
894 4233 1229 4288 substitisse.
1263 4233 1321 4288 Si
1367 4251 1465 4306 per
1501 4253 1561 4292 se
1591 4237 1814 4306 quidem
1846 4239 1993 4295 Deus
2040 4257 2140 4310 per
2167 4257 2256 4296 se-

653 4323 835 4392 ipsum
893 4327 1201 4394 productus
1247 4335 1369 4392 est,
1429 4329 1672 4384 mundus
1722 4340 1904 4386 autem
1960 4348 2060 4402 per
2101 4334 2253 4387 acci-

654 4420 810 4486 dens,
844 4420 939 4489 qui
987 4434 1114 4488 cum
1153 4437 1219 4475 eo
1269 4422 1434 4476 simul
1485 4423 1778 4479 subsistit:
1831 4425 2114 4498 quomodo
2147 4427 2252 4482 fal-

652 4527 776 4565 sum
824 4525 934 4566 non
975 4519 1062 4567 est
1108 4513 1242 4567 illud
1284 4533 1298 4568 :
1344 4511 1499 4568 Nihil
1542 4514 1656 4569 Deo
1701 4516 1939 4580 accidit,
1970 4516 2254 4587 siquidem

2363 3309 2609 3381 κυριεύει
2657 3312 2690 3380 ἡ
2740 3308 2994 3382 βούλησις
3035 3310 3131 3363 τοῦ
3185 3310 3320 3362 Θεοῦ
3369 3311 3608 3371 πάντων,
3654 3309 3810 3362 οὐδὲν
3851 3310 3970 3380 ἀρα

2362 3402 2804 3474 αὑτοπάρακτον.
2835 3403 3258 3474 Αὐτοπάρακτον
3298 3401 3555 3472 ὀνομάζει
3596 3405 3626 3454 6
3654 3403 3964 3473 ἀποκρινά-

2365 3513 2528 3566 μενος
2559 3498 2654 3551 καὶ
2680 3497 2770 3550 τὸν
2799 3496 2933 3550 Θεὸν
2961 3497 3055 3549 καὶ
3085 3497 3176 3549 τὸν
3206 3497 3429 3566 κόσμον.
3465 3496 3603 3548 Ἀλλ’
3627 3497 3676 3548 εί
3715 3495 3956 3549 αὐτοπά-

2362 3589 2563 3658 ρακτός
2589 3590 2737 3643 ἐστιν
2763 3591 2792 3642 6
2823 3589 3048 3660 κόσμος,
3075 3589 3539 3659 συνυφιστάμενος
3589 3592 3664 3670 τῇ
3685 3588 3838 3660 αἰτίᾳ
3861 3590 3970 3660 τῆς

2361 3680 2718 3744 ὑποστάσεως
2739 3682 2927 3745 αὐτοῦ,
2953 3683 3168 3753 ἀνάγκη
3197 3683 3306 3752 ἀρα
3337 3685 3432 3736 καὶ
3470 3683 3563 3736 τὸν
3601 3681 3757 3745 Θεὸν,
3799 3684 3967 3736 αὑτο-

2360 3773 2641 3844 πάρακτον
2669 3773 2818 3835 ὄντα,
2851 3773 3279 3843 συνυφίστασθαι
3314 3779 3382 3846 τῇ
3413 3774 3568 3845 αἰτίᾳ
3598 3773 3699 3843 τῆς
3729 3775 3966 3828 ὑποστά-

2360 3883 2500 3930 σεως
2535 3864 2721 3919 αὐτοῦ.
2775 3865 2916 3918 Ἀλλ’
2949 3868 2998 3919 ει
3035 3865 3194 3919 τοῦτο
3223 3867 3446 3931 ἄτοπον,
3491 3865 3690 3918 ἄτοπον
3721 3866 3830 3936 ἀρα
3864 3867 3962 3919 καὶ

2356 3959 2628 4028 τὸιλέγειν
2653 3959 2748 4012 τὸν
2795 3959 2930 4012 Θεὸν
2964 3962 3057 4013 καὶ
3104 3960 3196 4012 τὸν
3230 3959 3435 4030 κόσμον
3486 3959 3958 4030 αὐτοπαράκτους,

2356 4053 2453 4105 καὶ
2497 4053 3004 4122 συνυφισταμένους
3043 4051 3293 4122 ἀλλήλοις
3331 4051 3690 4114 ἀδιαστάτως.
3731 4051 3794 4102 Et
3836 4051 3958 4103 καθ’

2355 4141 2490 4194 αὐτὸ
2532 4142 2632 4211 μὲν
2659 4141 2806 4194 ἐστιν
2846 4142 2876 4192 6
2913 4140 3046 4204 Θεὸς
3080 4141 3528 4212 αὐτοπάρακτος,
3563 4139 3705 4193 κατὰ
3753 4141 3956 4210 συμᾶ-

2355 4232 2524 4303 6ηκὸς
2552 4233 2610 4285 δὲ
2639 4235 2668 4287 6
2689 4233 2894 4303 κόσμος
2921 4233 2984 4286 οὐ
3013 4233 3480 4304 συνυφιστάμενος
3503 4233 3617 4305 (δι)
3643 4233 3812 4303 αὐτῷ,
3837 4234 3960 4298 πῶς

2353 4325 2454 4378 οὐκ
2499 4324 2616 4378 ἔστι
2665 4325 2859 4395 ψευδὲς
2897 4326 2979 4391 τὸ,
3016 4325 3210 4380 Οὐδὲν
3258 4327 3572 4394 συμϐαίνει
3623 4324 3769 4390 Θεῷ,
3817 4327 3953 4395 εἴτε,

2353 4419 2787 4492 αύτοπαράκτως
2846 4421 3232 4492 παραγομένου
3275 4419 3372 4473 τοῦ
3427 4419 3593 4484 Θεοῦ,
3641 4421 3958 4492 συνυπέστη

2354 4511 2506 4582 αὐτῷ
2528 4513 2950 4584 αύτοπάρακτος
2976 4510 3010 4565 ’ὁ
3038 4514 3241 4584 κόσμος
3265 4530 3281 4577 ;
3314 4514 3377 4566 Et
3407 4513 3476 4566 τά
3503 4517 3702 4585 φυσικῇ
3733 4513 3952 4586 ἀνάγκῃ

653 4603 762 4658 Deo
803 4618 902 4673 per
932 4606 1178 4674 seipsum
1220 4607 1494 4677 producto
1537 4609 1822 4664 coexstitit
1857 4625 1954 4678 per
2001 4585 2251 4679 δείρουσι

2359 4604 2464 4656 τινὶ
2494 4604 2906 4676 συμσησόμενα,
2934 4607 3250 4677 ἀϐουλήτως
3278 4605 3567 4677 συμσαίνει
3606 4606 3778 4677 αὐτῷ,

648 4695 810 4767 525
828 4697 1130 4767 productus
1151 4699 1426 4756 mundus?
1449 4697 1506 4753 Si
1527 4715 1652 4770 qua:
1671 4701 1836 4755 alicui
1861 4701 2125 4755 eveniunt
2161 4718 2258 4757 na-

2359 4700 2405 4750 si
2437 4701 2641 4769 φυσικῇ
2669 4697 2888 4771 ἀνάγκῃ
2929 4698 3320 4768 συνυφίσταται
3366 4698 3396 4748 6
3430 4697 3637 4767 κόσμος
3684 4696 3764 4767 τῷ
3804 4695 3954 4766 Θεῷ,

647 4791 812 4843 turali
842 4784 1194 4854 necessitate,
1227 4799 1429 4860 prater
1455 4793 1798 4846 voluntatem
1824 4793 2000 4862 ipsius
2022 4794 2072 4848 ei
2124 4809 2253 4849 eve-

646 4884 840 4938 niunt:
875 4883 1176 4952 quomodo,
1211 4885 1258 4938 si
1288 4887 1542 4941 naturali
1563 4882 2090 4942 necessitate'simul
2120 4902 2247 4942 cum

647 4972 759 5027 Deo
790 4974 1037 5031 mundus
1067 4977 1343 5039 subsistit,
1365 4993 1477 5032 non
1504 4987 1702 5048 prater
1731 4980 1882 5034 illius
1907 4981 2246 5042 voluntatem

645 5083 770 5121 cum
795 5082 860 5122 eo
885 5068 1050 5123 simul
1079 5084 1178 5139 per
1225 5069 1484 5126 accidens
1528 5073 1821 5126 subsistit?
1869 5072 1925 5126 Si
1978 5072 2124 5127 idem
2153 5081 2243 5129 est

642 5161 787 5230 apud
824 5161 992 5215 Deum
1024 5177 1149 5217 esse
1171 5170 1227 5216 et
1254 5165 1393 5218 velle
1420 5184 1432 5218 :
1460 5165 1720 5220 videlicet
1742 5167 1799 5220 in
1823 5167 1930 5230 eis,
1961 5182 2084 5236 qua
2128 5181 2249 5221 non.

643 5254 781 5317 vult,
808 5269 917 5307 non
947 5262 1048 5308 est.
1083 5253 1374 5320 Quomodo
1428 5258 1596 5327 igitur
1647 5274 1775 5313 cum
1821 5259 1870 5315 is
1907 5258 2016 5313 non
2066 5267 2237 5324 esset,

638 5361 773 5400 cum
800 5347 924 5416 ipso
945 5347 1186 5403 mundus
1220 5350 1385 5404 simul
1415 5351 1696 5408 substitit?
1730 5351 1944 5407 Frater
1986 5354 2242 5406 volunta-

642 5446 750 5491 tem
776 5451 1021 5508 namque
1036 5440 1323 5509 ejus'cum
1361 5458 1428 5497 eo
1470 5444 1636 5499 simul
1679 5446 1920 5499 mundus
1969 5445 2236 5500 substitit.

642 5527 702 5583 Si
725 5531 970 5600 ingenito
998 5530 1240 5604 ingenita
1269 5535 1434 5590 eiﬁcit
1464 5536 1765 5605 ingenitus,
1806 5553 2008 5609 nempe
2047 5547 2104 5592 et
2153 5539 2238 5592 in-

640 5624 988 5694 compositus
1010 5626 1376 5698 incomposite
1401 5630 1766 5700 incomposita
1805 5628 1991 5685 eﬂicit.
2039 5630 2096 5685 Si
2149 5644 2239 5686 se-

712 5787 836 5861 (85)Δ
862 5787 977 5861 Καὶ
1006 5791 1040 5842 d
1075 5789 1270 5856 ἥλιος.
1302 5788 1498 5861 Melius
1523 5789 1552 5838 6
1584 5789 1856 5861 ἥλιος-καὶ
1884 5791 1915 5842 6
1953 5791 2175 5861 κόσμος.

2351 4790 2454 4842 οὐκ
2473 4789 2789 4862 ἀϐουλήτως
2808 4789 2960 4860 αὐτῷ
2986 4791 3379 4859 συνυφίσταται
3403 4787 3542 4841 κατά
3567 4787 3948 4858 συμϐεϐηκότι

2349 4885 2414 4936 Εἰ
2441 4881 2640 4938 ταύτόν
2669 4885 2788 4936 ἑστι
2819 4881 2972 4952 παρὰ
3001 4882 3086 4952 τῷ
3259 4881 3321 4934 τὸ
3360 4876 3499 4934 εἶναι
3525 4879 3604 4950 τῷ
3639 4878 3938 4949 βούλεσθαι,

2349 4977 2594 5046 δηλονότι
2623 4979 2684 5029 ὲν
2709 4971 2792 5040 οἷς
2817 4977 2880 5029 ού
2913 4975 3162 5045 βούλεται
3192 4978 3221 5028 6
3246 4975 3403 5037 Θεὸς,
3464 4974 3524 5026 ἐν
3564 4972 3781 5035 τούτοις
3824 4972 3941 5025 οὐδέ

2352 5072 2492 5122 ἐστι.
2525 5071 2652 5133 Πῶς
2680 5065 2798 5132 οὖν,
2835 5069 2909 5139 μὴ
2941 5069 3096 5132 ὄντος
3125 5066 3314 5131 αὐτοῦ,
3346 5069 3375 5120 6
3403 5067 3605 5137 κόσμος
3631 5066 3782 5137 αὐτῷ
3814 5084 3936 5118 συν-

2352 5161 2683 5230 υφίσταταις
2742 5161 3078 5234 Ἀσουλήτως
3119 5161 3229 5233 γὰρ
3269 5159 3422 5230 αύτῴ
3475 5160 3868 5227 συνυφίσταται
3901 5160 3929 5212 6

2351 5258 2576 5328 κόσμος.
2609 5258 2674 5310 Et
2699 5259 2730 5310 6
2769 5257 3067 5328 ἀγέννητὸς
3109 5255 3424 5326 ἀγεννήτως
3459 5253 3738 5322 ἀγένητα
3778 5253 3935 5311 ποιεῖ.

2347 5347 2592 5419 δηλονότι
2616 5351 2721 5403 καὶ
2736 5351 2766 5401 6
2795 5348 3092 5412 ἀσύνθετος
3122 5346 3435 5408 ἀσυνθέτυς
3457 5344 3728 5398 ἀσύνθετα
3775 5345 3932 5395 ποιεῖ.

2350 5441 2416 5493 Εἰ
2441 5441 2501 5494 δὲ
2532 5441 2608 5513 μὴ
2635 5441 2700 5494 τὸ
2733 5441 3008 5512 δεύτερον,
3045 5440 3152 5493 οὐδ’
3184 5440 3295 5512 ἄρα
3321 5439 3383 5491 τὸ
3412 5437 3648 5508 πρῶτον.
3683 5436 3936 5496 Σύνθετος

2352 5535 2462 5606 γάρ
2492 5537 2522 5588 6
2551 5536 2778 5607 κόσμος.
2799 5536 2863 5589 Et
2891 5537 2922 5588 6
2946 5535 3081 5597 Θεὸς
3111 5533 3307 5597 θείκῶς
3338 5531 3496 5595 θεοὺς
3526 5531 3591 5583 οὐ
3618 5531 3780 5592 ποιεῖ,
3823 5527 3935 5591 πῶς

2348 5629 2376 5678 ὁ
2404 5628 2698 5700 ἀγένητος
2719 5629 3029 5700 ἀγεννήτως
3057 5627 3326 5699 ἀγέννητοι
3345 5629 3517 5692 ποιεῖς
3539 5627 3614 5681 οὐ
3642 5623 3747 5696 γὰρ
3780 5623 3938 5687 αὐτὸς

713 5858 846 5930 (86)
893 5859 1020 5912 '0...
1055 5863 1126 5914 οὺ
1154 5858 1704 5929 συνυφιστάμενος.
1742 5859 1866 5932 Leg.
1894 5861 1922 5911 6
1957 5858 2442 5932 συνῦφιστάμενος.
