4146 6450
209 402 346 456 1441

1096 387 1559 458 ρὶΤᾹΞΞἹῚΟΝΕΞ
1598 387 2043 444 ΟΗΒΙΒΤῘΑΝΛΕ
2076 384 2168 440 AD
2207 384 2527 440 GRAECOS.

3326 391 3466 469 itte

208 513 387 584 ἐαυτῷ
429 508 851 579 συνυφίσταται,
892 502 1025 557 ἀλλὰ
1065 503 1270 575 ἕτερος.
1323 504 1484 556 ’Ἄλλο
1518 501 1587 554 τὸ
1626 500 1772 564 Θεὸς,

1884 501 2124 556 cundum
2158 500 2354 556 falsum
2379 510 2487 565 εει,
2525 499 2721 555 falsum
2745 507 2798 554 et
2823 500 3080 570 primum.
3111 500 3464 573 Compositus

207 609 336 663 ἄλλο
363 604 425 658 τὸ
454 602 769 671 ἀγέννητον·
798 601 971 650 ἐκεῖνο
990 596 1097 668 (85)
1122 597 1221 667 μὲν
1251 595 1505 667 ὑπάρχει,
1538 595 1697 648 τοῦτο
1725 596 1781 648 δὲ

208 696 500 770 χωρίζεται
529 695 637 747 τῶν
666 691 958 761 γεννητῶν.
991 691 1098 741 Καὶ
1128 688 1295 741 ποιῶν
1324 688 1499 750 όΘεὸς
1523 675 1776 757 ὑπάρχει·

207 791 352 843 ποιεῖ
383 787 512 858 (86),
561 786 622 836 οὑ
675 781 987 852 χωρίζεται.
1037 781 1102 833 Εἰ
1147 781 1205 832 δὲ
1261 780 1356 832 καὶ
1387 772 1433 846 ᾧ
1488 778 1780 848 χωρίζεται

205 884 368 944 ποιεῖ,
403 877 536 932 ἀλλὰ
569 876 708 930 κατὰ
737 863 1101 944 συμϐεϐηκὸς,
1125 875 1220 926 καὶ
1247 873 1307 924 οὑ
1338 871 1460 924 καθ’
1481 872 1634 936 αὐτὸ,
1665 871 1783 935 πῶς

202 972 358 1025 οὐδὲν
393 968 679 1039 συμϐαίνει
704 966 782 1035 τῷ
812 964 930 1035 Θεῷ
956 965 1095 1018 κατά
1128 964 1476 1035 συμϐεϐηκὸς
1503 963 1780 1029 ποιοῦντι;

204 1064 291 1125 Et,
323 1041 510 1131 ὥσπερ
545 1059 933 1127 συνυφίσταται
965 1061 1031 1129 τῇ
1068 1059 1278 1130 σφαίρᾳ
1300 1057 1360 1109 τὸ
1388 1057 1564 1110 κοῖλον
1592 1057 1688 1108 καὶ
1720 1055 1780 1107 τὸ

205 1151 422 1223 κυρτὸν,
449 1149 590 1208 οὑτω
621 1150 1005 1218 συνυφίσταται
1035 1148 1113 1218 τῷ
1140 1140 1260 1218 Θεῷ
1284 1151 1312 1201 6
1348 1144 1584 1218 κόσμος·
1616 1146 1780 1218 άλλη-

204 1242 398 1296 λαίτιοι
425 1243 530 1312 ἀρα
553 1242 582 1292 6
615 1242 710 1312 μὲν
732 1241 865 1303 Θεὸς
889 1240 984 1293 τοῦ
1017 1241 1245 1310 κόσμου,
1290 1242 1319 1292 ὁ
1350 1241 1406 1293 δὲ
1433 1240 1638 1310 κόσμος
1683 1239 1779 1294 τοῦ

203 1336 364 1399 Θεοῦ,
393 1334 646 1406 καθάπερ
675 1335 925 1389 κάκεῖνα.
970 1334 1034 1386 Εἰ
1057 1335 1118 1386 οὑ
1157 1337 1299 1389 ποιεῖ
1341 1351 1426 1396 τις
1456 1333 1704 1404 βουλήσει
1744 1334 1780 1387 ὃ.

204 1433 298 1484 καὶ
333 1432 405 1501 μὴ
438 1429 752 1499 βουλόμενος
773 1427 965 1490 ἐποίει,
1003 1426 1119 1489 πῶς
1142 1425 1234 1480 οὑν
1266 1427 1517 1496 βουλήσει
1553 1428 1644 1479 τὸν
1689 1428 1780 1479 κό-

211 1538 348 1591 σμον
377 1520 627 1590 ἐποίησεν
653 1520 682 1570 6
711 1517 861 1582 Θεὸς,
891 1516 950 1569 ὃν
979 1516 1073 1569 καὶ
1104 1518 1175 1588 μὴ
1214 1517 1533 1587 βουλόμενος
1584 1521 1776 1583 ποιεῖν,

202 1613 266 1678 ἐξ
297 1614 540 1682 ἀνάγκης
571 1610 742 1664 ἐποίει
765 1627 779 1675 ;
803 1611 867 1662 Εἰ
895 1609 954 1662 ἓν
991 1609 1090 1680 μὲν
1117 1613 1183 1680 τῇ
1212 1611 1372 1681 οὑσίᾳ
1395 1613 1424 1662 6
1450 1610 1602 1672 Θεὸς,
1633 1611 1780 1664 ἀπει-

202 1720 297 1774 ρος
324 1704 379 1756 δὲ
410 1707 474 1774 τῇ
502 1703 766 1772 δυνάμει·
797 1701 869 1755 τά
895 1702 953 1754 δὲ
988 1700 1430 1771 συνυφιστάμενα
1457 1701 1606 1771 αὑτῷ
1641 1703 1778 1772 μήτε

200 1794 259 1845 ἓν
287 1792 427 1846 κατὰ
465 1794 562 1863 τὴν
607 1791 795 1845 οὐσίαν
822 1789 1028 1855 -αὑτοῦ,
1076 1793 1212 1862 μήτε
1255 1791 1462 1864 ἄπειρα
1501 1791 1642 1844 κατὰ
1677 1794 1778 1862 τὴν

1883 594 2030 648 enim
2053 603 2135 647 est
2166 593 2422 646 mundus.
2462 591 2520 644 Si
2563 589 2708 646 Deus
2733 591 2917 647 divino
2961 592 3125 647 modo
3169 593 3303 650 deos
3351 614 3464 652 non

1884 694 2051 748 creat,
2087 685 2362 754 quomodo
2393 684 2672 754 ingenitus
2718 684 2960 754 ingenite
3006 685 3250 756 ingenita
3294 686 3469 744 facit?

1881 777 2002 829 Non
2029 777 2174 830 enim
2216 776 2340 844 ipse
2390 775 2495 830 sibi
2547 776 2652 845 ipsi
2704 777 3087 844 consubsistit,
3148 781 3244 842 sed
3300 782 3463 837 alius.

1880 867 2044 948 Aliud
2067 875 2152 922 est
2181 866 2347 931 Deus,
2379 868 2528 922 aliud
2562 869 2866 936 ingenitum
2898 889 2911 923 :
2941 871 3034 924 illo
3061 873 3283 941 quidem
3315 876 3467 929 exsi-

1882 961 2000 1025 stit,
2029 961 2134 1016 hoc
2158 969 2339 1019 autem
2365 962 2677 1016 secernitur
2703 978 2733 1015 a
2755 963 2973 1032 genitis.
2991 964 3064 1017 Et
3085 964 3293 1022 faciens
3320 962 3465 1021 Deus

1883 1054 2133 1120 exsistit;
2163 1052 2415 1107 faciendo
2443 1069 2554 1120 non
2589 1055 2916 1109 secernitur.
2967 1053 3063 1110 Sin
3113 1033 3168 1111 et
3219 1073 3327 1127 quo
3378 1073 3464 1113 se-

1882 1146 2154 1211 cernitur,
2188 1146 2339 1210 facit,
2367 1147 2460 1210 sed
2489 1163 2586 1216 per
2618 1148 2890 1213 accidens,
2925 1163 3035 1201 non
3068 1164 3165 1218 per
3207 1166 3296 1206 se:
3327 1167 3462 1224 qup-

1882 1239 2044 1292 modo
2065 1239 2202 1291 nihil
2230 1239 2432 1293 accidit
2481 1239 2590 1301 Deo
2622 1241 3014 1309 per-accidens
3071 1241 3331 1296 facienti?
3380 1242 3459 1310 Si,

1880 1330 2343 1399 quemadmodum
2371 1346 2478 1384 una
2501 1347 2625 1386 cum
2652 1332 2811 1399 globo
2844 1331 3006 1385 simul
3038 1333 3286 1388 subsistit
3325 1350 3463 1388 con-

1882 1437 2077 1475 cavum
2126 1432 2180 1476 et
2231 1437 2556 1488 convexum,
2594 1423 2676 1476 sic
2714 1438 2820 1475 una
2860 1439 2985 1476 cum
3013 1423 3122 1478 Deo
3151 1427 3311 1479 simul
3334 1428 3463 1482 sub-

1884 1515 2030 1570 sistit
2052 1515 2325 1581 mundus;
2366 1522 2531 1575 erunt
2575 1525 2725 1569 certe
2771 1515 3004 1570 invicem
3049 1518 3184 1570 alter
3233 1519 3463 1575 alterius

1881 1621 2072 1671 causa,
2103 1604 2249 1660 Deus
2277 1606 2488 1671 mundi,
2517 1606 2758 1661 mundus
2792 1606 2907 1670 Dei,
2940 1608 3086 1662 haud
3113 1611 3270 1662 aliter
3294 1591 3460 1680 atque

1869 1699 1995 1776 illa,
2029 1698 2088 1753 Si
2116 1714 2280 1754 nemo
2302 1699 2584 1754 voluntate
2609 1716 2671 1755 ea
2705 1701 2858 1764 facit,
2882 1717 3002 1770 quae
3030 1702 3245 1757 etiamsi
3269 1704 3458 1771 nollet,

1881 1791 2088 1846 faceret
2118 1798 2336 1845 tamen:
2362 1792 2641 1862 quomodo
2661 1808 2791 1863 ergo
2817 1793 3082 1846 mundum
3109 1793 3254 1848 Deus
3274 1796 3464 1849 volun-

197 1886 424 1955 δύναμιν
450 1884 612 1965 αὑτοῦ
632 1902 645 1915 ·
675 1884 782 1936 οὐδ’
807 1884 917 1953 ἀρα
949 1883 1337 1952 συνυφίσταται
1365 1882 1532 1952 αὑτῷ.
1567 1884 1626 1936 Ὁ
1644 1883 1772 1946 Θεὸς

1886 1894 1997 1939 tate
2024 1885 2179 1948 fecit,
2212 1900 2374 1954 quem
2423 1884 2640 1939 etiamsi
2684 1899 2793 1938 non
2823 1885 2984 1938 vellet
3029 1883 3230 1949 facere,
3269 1901 3462 1941 neces-

199 1979 288 2032 ἀεὶ
316 1977 517 2039 τέλειός
561 1981 726 2040 ἐστιν,
773 1977 859 2029 ἀεὶ
899 1976 1124 2038 δυνατός
1165 1977 1341 2028 ἐστιν·
1387 1975 1480 2028 καὶ
1520 1977 1577 2027 ὲν
1623 1975 1773 2045 αὑτῷ

203 2072 300 2141 μὲν
329 2071 591 2142 πρότερον
635 2071 728 2123 καὶ
779 2068 1004 2139 ὕστερον
1041 2065 1214 2120 οὐδέν·
1251 2069 1310 2120 ὲν
1349 2067 1406 2120 δὲ
1443 2070 1555 2129 τοῖς
1593 2067 1776 2137 ἔργοις

199 2163 367 2215 αὑτοῦ
401 2165 554 2214 ἐστιν
591 2162 895 2232 ἀμφότερα.
946 2161 1009 2213 El
1043 2159 1268 2213 σύνθετα
1304 2159 1372 2211 τὰ
1417 2159 1553 2231 ἔργα
1586 2158 1772 2224 αὑτοῦ,

201 2256 312 2306 πᾶν
342 2253 400 2305 δὲ
434 2251 685 2305 σύνθετον
715 2250 775 2315 ἐξ
815 2249 1002 2326 ἁπλῶν
1037 2248 1340 2317 σύγκειται,
1379 2249 1474 2304 καὶ
1517 2247 1774 2302 ἀδύνατον

201 2348 319 2416 ἅμα
350 2341 489 2398 εἶναι
518 2343 586 2396 τὰ
616 2343 763 2397 ἁπλᾶ
812 2342 925 2406 τοῖς
963 2342 1234 2404 συνθέτοις
1258 2357 1274 2370 ·
1311 2339 1512 2411 ,πρῶτα
1558 2337 1668 2413 γὰρ
1708 2337 1776 2390 τὰ

201 2438 369 2501 ἁπλᾶ,
403 2437 628 2508 ὕστερον
657 2437 715 2489 δὲ
741 2435 811 2488 τὰ
846 2434 1093 2490 σύνθετα.
1131 2434 1341 2502 Ὠσπερ
1373 2433 1691 2503 ἀδιάϐλητος
1749 2433 1776 2483 6

197 2529 332 2589 Θεὸς
359 2530 451 2582 ἐπὶ
576 2506 830 2599 ἀσθενείᾳ
861 2528 960 2599 τῆς
983 2526 1285 2596 δυνάμεως,
1317 2527 1400 2578 ὅτι
1435 2526 1507 2595 μὴ
1541 2527 1776 2597 ποιήσας

201 2626 418 2686 πλείους
449 2625 705 2694 κόσμους,
745 2621 879 2676 ἀλλά
909 2623 1141 2692 ποιήσας
1176 2621 1272 2672 ἕνα
1324 2619 1527 2687 κόσμον
1572 2617 1774 2669 ἔπαυσε

198 2717 298 2786 τὴν
327 2715 542 2786 ποίησιν
561 2733 575 2745 ·
607 2715 780 2778 οὕτως
800 2713 1116 2784 ἀδιάϐλητος
1146 2715 1175 2765 6
1198 2711 1332 2774 Θεὸς
1361 2711 1454 2762 ἐπὶ
1476 2710 1554 2779 τῷ
1598 2708 1791 2762 ἀτελεῖ

197 2808 300 2877 τῆς
356 2808 678 2878 δυνάμεως,
725 2808 806 2860 ὅτι
867 2807 941 2877 μὴ
986 2806 1102 2875 ἅμα
1149 2803 1227 2873 τῷ
1270 2799 1406 2855 εἶναι
1465 2802 1626 2854 αὑτὸν
1684 2800 1774 2852 τὸν

200 2900 400 2969 κόσμον
438 2898 710 2968 ἐποίησεν,
743 2897 856 2950 ἀλλ’
880 2898 972 2948 ὅτε
1007 2896 1274 2949 ἐϐούλετο.
1325 2894 1488 2946 οὐδὲν
1529 2893 1774 2962 διαφέρει

197 2991 606 3061 αὑτοπάρακτον
687 2989 782 3042 τοῦ
847 2990 978 3041 αὑτο
989 2987 1187 3056 γενοῦς.
1257 2985 1416 3038 Ἀλλά
1489 2988 1536 3037 εἰ
1617 2986 1774 3036 αὑτο-

200 3083 475 3153 πάρακτος
496 3085 525 3135 6
549 3083 681 3146 Θεὸς
712 3081 805 3136 καὶ
831 3081 1242 3152 αὑτοπάρακτος
1268 3083 1296 3132 6
1319 3080 1539 3147 κόσμος,
1562 3076 1772 3131 ἔσονται

199 3175 549 3245 αὑτογένητοι
571 3175 599 3226 ὅ
621 3191 678 3226 τε
703 3173 834 3236 Θεὸς
869 3175 960 3226 καὶ
986 3175 1014 3225 ὁ
1047 3173 1268 3242 κόσμος.
1295 3171 1378 3234 Ei,
1413 3169 1602 3240 ὥσπερ
1629 3169 1768 3240 ὁρῶ-

1877 1977 2028 2031 sario
2058 1976 2298 2031 faceret?
2331 1975 2389 2038 Si
2416 1975 2563 2032 Deus
2593 1991 2761 2030 unum
2796 1977 3014 2045 quidem
3062 1985 3147 2030 est
3175 1979 3459 2044 ,essentia,

1877 2069 2124 2124 inﬁnitus
2154 2080 2336 2123 autem
2369 2069 2614 2138 potentia
2652 2089 2663 2122 :
2694 2084 2757 2122 ea
2791 2084 2920 2122 vero
2954 2084 3074 2137 qua:
3098 2085 3224 2122 cum
3276 2085 3343 2123 eo
3387 2070 3461 2126 si-

1877 2152 1990 2217 mul
2019 2163 2351 2226 subsistunt,
2383 2177 2560 2232 neque
2587 2177 2754 2215 unum
2783 2161 2941 2230 juxta
2989 2162 3285 2216 essentiam
3316 2162 3455 2230 ejus,

1875 2269 2057 2324 neque
2089 2242 2303 2307 inﬁnita
2329 2253 2484 2323 juxta
2520 2254 2825 2322 potentiam
2873 2254 2992 2322 ejus
3021 2260 3186 2320 sunt;
3235 2253 3461 2308 minime

1875 2363 2009 2418 ergo
2033 2347 2198 2403 simul
2225 2363 2352 2400 cum
2385 2361 2451 2403 eo
2484 2335 2814 2400 subsistunt.
2844 2343 2988 2398 Deus
3032 2360 3248 2413 semper
3276 2344 3458 2414 perfev

1876 2449 2002 2496 ctus
2027 2448 2132 2503 est,
2162 2454 2379 2510 semper
2407 2449 2604 2507 potens
2628 2445 2732 2492 est.
2763 2437 2942 2506 Atque
2977 2436 3033 2490 in
3065 2437 3187 2505 ipso
3214 2436 3350 2489 nihil
3377 2445 3461 2491 est

1875 2533 2022 2602 quod
2058 2533 2211 2602 prius
2243 2533 2313 2586 sit
2343 2539 2397 2586 et
2426 2529 2720 2599 posterius.
2755 2530 2813 2580 ln
2842 2528 3104 2598 Operibus
3134 2536 3315 2604 autem
3338 2527 3459 2596 ejus

1875 2634 1964 2680 est
1988 2636 2303 2693 utrumque.
2344 2621 2399 2675 Si
2432 2637 2599 2691 opera
2629 2622 2748 2690 ejus
2779 2621 3086 2690 composita
3114 2629 3265 2685 sunt,
3299 2621 3460 2691 quid-

1875 2718 2005 2787 quid
2030 2731 2158 2770 vero
2190 2716 2553 2786 compositum
2583 2721 2689 2778 est,
2712 2730 2774 2768 cx
2801 2714 3146 2783 simplicibus
3172 2715 3462 2768 constitui-

1879 2818 2000 2875 tur,
2027 2809 2145 2866 ﬁeri
2177 2819 2326 2864 certe
2361 2808 2553 2877 nequit
2583 2817 2641 2862 ut
2668 2807 2831 2862 simul
2868 2808 3135 2875 simplicia
3164 2822 3287 2860 cum
3309 2821 3459 2860 com-

1876 2901 2072 2967 positis
2115 2901 2408 2955 exsistant.
2434 2897 2679 2953 Primum
2714 2914 2952 2969 namque
2984 2899 3275 2968 simplicia,
3307 2909 3460 2968 post-

1875 3007 1939 3046 ea
1981 3000 2163 3047 autem
2202 2993 2529 3062 composita.
2567 2991 3034 3058 Quemadmodqu
3065 2992 3322 3047 incusari
3346 3007 3454 3047 non

1876 3092 2056 3154 potest
2115 3086 2172 3138 in
2229 3083 2341 3138 Deo
2394 3084 2651 3152 potentia:
2698 3084 3026 3147 inﬁrmitas,
3081 3070 3227 3154 quod
3272 3085 3458 3154 plures

1875 3176 2112 3231 mundos
2139 3191 2246 3228 non
2281 3175 2571 3239 creaverit,
2603 3174 2701 3230 sed
2736 3191 2845 3229 uno
2896 3175 3138 3237 condito,
3180 3177 3457 3229 creatione

201 3283 300 3336 μεν
333 3243 542 3336 ἀθρόως
597 3265 693 3335 τὴν
736 3264 899 3336 πῆξιν
931 3264 1010 3335 τῷ
1041 3265 1269 3345 γάλακτι
1303 3261 1765 3332 παραγινομένην,

1874 3267 2244 3340 supersederit
2270 3287 2283 3320 :
2312 3267 2387 3320 ita
2413 3283 2513 3322 nec
2539 3267 2782 3320 incusari
2808 3267 3065 3335 potentia:
3091 3264 3451 3334 imperfectio,

199 3357 369 3421 οὑτως
393 3358 602 3429 ἀθρόως
619 3358 981 3428 παραγίνεται
1007 3357 1081 3426 τῷ
1105 3357 1293 3426 κόσμῳ
1322 3355 1382 3406 τὸ
1411 3350 1568 3417 εἶναι,
1585 3370 1770 3421 γεννη-

196 3451 289 3514 τὸς
315 3451 421 3522 ἄρα
448 3451 477 3502 6
507 3451 728 3520 κόσμος,
763 3449 856 3502 καὶ
900 3448 1230 3519 μεταϐλητὸς
1262 3448 1327 3498 ἐκ
1374 3444 1466 3497 τοῦ
1518 3445 1765 3498 ἁνουσίου

198 3544 278 3607 είς
305 3544 522 3596 οὐσίαν·
557 3545 616 3595 τὸ
645 3543 754 3614 γὰρ
777 3543 1158 3611 παραγίνεται
1197 3540 1257 3593 τὸ
1289 3539 1566 3610 γενέσθαι
1597 3538 1764 3607 δηλοῖ.

197 3636 263 3690 Εἰ
296 3636 709 3707 αὑτοπάρακτος
755 3639 781 3689 ὁ
826 3635 978 3698 Θεὸς,
1023 3636 1116 3715 καὶ
1155 3633 1568 3703 αὑτοπάρακτος
1611 3633 1639 3682 6
1680 3630 1770 3683 κό-

199 3748 355 3803 σμος,
383 3733 417 3802 ἡ
453 3729 825 3801 αὑτοπαραξία
856 3727 1138 3800 ἑκατέρου,
1163 3727 1424 3798 ἑκατέρου
1450 3724 1602 3777 ἔσται
1625 3723 1766 3794 ἀρχὴ

197 3827 297 3896 τῆς
326 3823 628 3894 ὑπάρξεως.
660 3823 786 3887 Πῶς
812 3819 903 3878 οὖν
950 3823 1184 3895 ἄναρχος
1222 3822 1318 3874 καὶ
1356 3820 1524 3889 ἀτδιος
1553 3821 1598 3887 ,ό
1636 3817 1770 3878 Θεὸς

198 3920 294 3970 καὶ
324 3920 352 3970 6
383 3917 603 3986 κόσμος,
634 3914 733 3980 τὰς
776 3914 1177 3986 αὑτοπαραξίας
1213 3913 1426 3983 ἔχοντες
1460 3910 1638 3964 αὑτῶν
1672 3911 1769 3980 ἀρ-

198 4011 299 4082 χάς
327 4011 425 4082 τῆς
455 4008 740 4081 ὑπάρξεως
771 4007 987 4074 αὑτῶνς
1029 4008 1104 4060 Τὸ
1141 4007 1554 4080 αὑτοπάρακτον
1593 4022 1770 4075 παρα-

197 4106 384 4176 γωγῆς
413 4105 525 4176 ἔχει
557 4104 825 4175 σημασίαν
847 4103 939 4156 τοῦ
973 4102 1068 4171 ἀφ’
1112 4100 1308 4154 ἑαυτοῦ
1357 4099 1762 4173 παραγομένου.

213 4199 370 4252 Ἀλλὰ
391 4197 578 4268 ἐπειδὴ
603 4199 708 4251 πᾶν
727 4197 786 4248 τὸ
809 4195 1188 4267 παραγόμενον
1214 4194 1248 4265 ἢ
1277 4195 1342 4264 τῇ
1372 4192 1642 4264 παρουσίᾳ
1666 4207 1768 4243 πα-

203 4293 424 4366 ράγεται
454 4289 594 4344 κατὰ
615 4290 940 4361 μετάστασιν
981 4290 1046 4340 ὲκ
1073 4288 1239 4340 τόπου
1286 4278 1367 4348 είς
1402 4284 1588 4347 τόπον,
1625 4283 1659 4354 ἦ
1698 4285 1765 4355 τῇ

198 4385 356 4456 οὑσίᾳ
390 4383 694 4454 παράγεται
717 4380 856 4435 κατά
887 4380 1103 4448 ποίησιν
1135 4379 1374 4446 ἄγουσαν
1406 4380 1470 4429 ὲκ
1497 4377 1596 4446 τῆς
1644 4377 1769 4428 ἀνυ-

202 4477 433 4551 παρξίας
461 4480 542 4540 είς
568 4474 797 4546 ὓπαρξιν
820 4491 834 4503 ·
871 4473 1034 4544 μηδὲν
1061 4472 1118 4524 δὲ
1149 4471 1353 4524 τούτων
1390 4472 1645 4540 πρόσεστι
1689 4467 1768 4539 τῷ

1869 3361 2016 3434 quod
2050 3376 2160 3415 non
2193 3346 2353 3414 simul
2385 3368 2549 3428 atque
2573 3359 2692 3428 ipse
2721 3358 2845 3422 fuit,
2875 3357 3138 3410 mundum
3191 3347 3452 3420 effecerit,

1870 3455 1967 3511 sed
2005 3469 2130 3509 cum
2156 3452 2353 3507 voluit.
2379 3450 2734 3512 Nihildiﬂ‘ert
2762 3451 2908 3520 quod
2939 3466 3036 3519 per
3060 3450 3304 3518 seipsum
3329 3463 3456 3518 pro-

1869 3547 2093 3602 ductum
2129 3554 2236 3610 est,
2270 3544 2339 3598 ab
2368 3560 2433 3600 eo
2463 3543 2612 3614 quod
2639 3558 2736 3612 per
2779 3542 3020 3611 seipsum
3057 3542 3302 3610 genitum
3344 3551 3451 3596 est.

1873 3639 1976 3695 Sed
2002 3640 2048 3695 si
2082 3654 2181 3710 per
2214 3638 2458 3707 seipsum
2483 3635 2788 3706 productus
2816 3646 2902 3689 est
2936 3634 3100 3699 Deus,
3147 3644 3202 3689 et
3236 3651 3334 3705 per
3364 3651 3452 3690 se-

1871 3734 2053 3802 ipsum
2093 3730 2398 3800 productus
2429 3727 2669 3782 mundus
2688 3727 2888 3793 ,‘erunt
2918 3743 3015 3796 per
3044 3727 3255 3796 seipsos
3285 3728 3452 3796 geniti

1868 3823 2015 3879 Deus
2041 3831 2096 3878 et
2115 3821 2374 3876 mundus.
2404 3818 2486 3884 Si,
2515 3829 2574 3873 ut
2601 3818 2851 3872 videmus
2874 3825 3099 3887 repente
3120 3819 3455 3888 coagulatio-

1868 3931 1995 3971 nem
2023 3916 2151 3969 lacti
2184 3914 2467 3978 advenire,
2501 3915 2575 3967 ita
2607 3920 2836 3981 repente
2883 3927 3008 3966 esse
3043 3911 3250 3966 mundo
3289 3912 3452 3965 adve-

1868 4009 2010 4072 nire,
2068 4008 2288 4078 genitns
2341 4002 2445 4062 erit
2500 4004 2738 4061 mundus
2792 4012 2846 4058 et
2899 4003 3200 4061 translatus
3252 4019 3320 4057 ex
3385 4019 3454 4058 eo

1868 4103 2018 4174 quod
2075 4118 2186 4155 non
2239 4094 2359 4155 erat
2404 4101 2460 4152 in
2518 4096 2884 4152 substantiam
2947 4115 2963 4150 :
3021 4109 3150 4149 nam
3209 4094 3454 4149 advenire

1869 4193 2146 4264 signiﬁcat
2205 4193 2343 4262 fieri.
2412 4189 2471 4244 Si
2536 4204 2634 4258 per
2693 4189 2935 4256 seipsum
2994 4187 3298 4256 productus
3365 4199 3454 4244 est

1867 4285 2035 4349 Deus,
2097 4293 2155 4340 et
2197 4299 2296 4353 per
2362 4283 2602 4351 seipsum
2665 4281 2964 4350 productus
3038 4279 3309 4344 mundus;
3355 4293 3454 4347 per

1869 4394 1930 4434 se
2008 4376 2298 4448 productio
2365 4375 2685 4442 utriusque,
2737 4372 3066 4443 principium
3133 4371 3241 4426 erit
3313 4370 3451 4425 sub-

1869 4469 2136 4524 sistentia:
2178 4465 2484 4534 utriusque.
2541 4461 2830 4528 Quomodo
2882 4473 3013 4530 ergo
3050 4459 3305 4529 principii
3356 4475 3454 4514 ex-

200 4571 339 4642 Θεῷ,
368 4569 608 4640 δηλονότι
629 4569 737 4621 οὑκ
768 4566 942 4638 ὀρθῶς
976 4565 1136 4619 αὑτὸν
1172 4563 1451 4634 ὠνόμασεν
1482 4566 1510 4616 6
1542 4563 1770 4632 ἀποκρι-

1874 4575 2002 4631 pers
2030 4567 2083 4613 et
2122 4567 2363 4613 etei-nus
2410 4556 2555 4610 Deus
2594 4564 2650 4609 et
2677 4553 2938 4614 mundus,
2973 4554 3064 4621 qui
3111 4552 3210 4605 bas
3255 4566 3352 4621 per
3394 4566 3454 4606 se

202 4664 428 4735 νάμενος
468 4660 892 4730 αὑτοπάρακτον.
948 4657 1023 4710 Τὸ
1066 4655 1175 4726 γὰρ
1215 4655 1630 4725 αὑτοπάρακτον
1669 4651 1764 4705 τοῦ

203 4755 639 4830 ἑτεροπαράκτου
667 4752 745 4822 τῷ
773 4752 908 4813 ὅλως
954 4748 1353 4820 αὑτοπαράκτῳ
1392 4747 1544 4800 οὐδὲν
1583 4745 1769 4814 διαφὲ-

205 4868 307 4923 ρει.
337 4850 402 4901 Εἰ
429 4848 686 4900 ἀδύνατον
715 4840 937 4897 εἶναιτὸ
969 4842 1260 4911 ἀγέννητον
1287 4840 1544 4910 ἀποίητον
1583 4880 1598 4904 ,
1643 4838 1769 4890 ἀδύ-

202 4959 359 4997 νατον
383 4938 520 4993 εἶναι
550 4939 638 4991 τὸν
669 4937 870 5006 κόσμον
899 4937 1211 5007 ἀγέννητον,
1242 4935 1336 4987 καὶ
1363 4933 1452 4985 τὸν
1467 4933 1768 5003 ποιήσαντα

202 5035 364 5093 αὑτὸν
396 5033 548 5088 Θεόν.
582 5033 646 5086 Ei
673 5030 728 5083 δὲ
754 5029 831 5100 τῷ
864 5027 1070 5099 ποιητῷ
1091 5028 1337 5098 διαφέρει
1377 5029 1405 5078 6
1431 5025 1634 5096 κόσμος
1671 5023 1766 5076 τοῦ

201 5127 359 5192 Θεοῦ,
392 5123 452 5190 ἐξ
482 5123 724 5192 ἀνάγκης
756 5120 850 5173 καὶ
875 5120 953 5189 τῷ
977 5117 1217 5189 γεννητῷ
1229 5117 1474 5188 διαφέρει
1495 5133 1510 5145 ·
1545 5113 1770 5185 ποιητὸς

203 5221 314 5291 γὰρ
339 5223 367 5273 6
389 5218 612 5288 κόσμος,
647 5214 903 5286 ἀποίητος
931 5213 987 5265 δὲ
1016 5214 1045 5264 6
1072 5211 1223 5276 Θεός.
1257 5212 1321 5265 Εἰ
1341 5213 1368 5263 6
1385 5211 1585 5280 φυσικῇ
1602 5209 1771 5277 ἀνάγ-

212 5327 282 5385 κῃ
318 5313 394 5384 τῷ
436 5309 714 5378 ἀγεννήτῳ
736 5304 1190 5374 συνυφιστάμενος
1213 5301 1470 5372 ἀποίητός
1494 5303 1632 5365 ἐστι,
1649 5299 1767 5363 qui);

204 5405 298 5461 οὖν
324 5407 424 5458 οὑκ
449 5403 562 5456 ἐστι
591 5402 784 5471 ψευδὲς
829 5399 922 5451 τό·
991 5396 1241 5466 Ἐποίησε.
1298 5394 1518 5465 ποιητὸν
1564 5393 1766 5462 κόσμον

201 5498 235 5548 6
261 5493 412 5556 Θεὸς,
444 5490 701 5560 ἀποίητον
723 5488 852 5540 ὅντα
875 5487 968 5538 καὶ
1012 5485 1300 5554 ἀγέννητον
1336 5486 1460 5536 κατ’
1478 5483 1682 5554 ,αὑτόν;
1717 5481 1768 5532 εί

345 5625 369 5659 δ
558 5624 775 5695 ποιητὸν

1871 4652 2264 4726 productiones
2291 4649 2563 4721 principia
2595 4647 2799 4701 habent
2820 4645 3299 4702 subsistentiarum
3332 4659 3453 4697 sua-

1871 4746 2039 4800 rum?
2069 4743 2175 4798 Per
2205 4744 2447 4812 seipsum
2489 4740 2738 4810 produci,
2789 4738 3247 4808 signiﬁcationem
3291 4736 3454 4790 habet

1870 4836 2248 4908 productionis
2293 4835 2466 4898 illius,
2498 4833 2648 4902 quod
2678 4846 2708 4884 a
2757 4833 2939 4900 seipso
2967 4830 3310 4900 producitur.
3343 4827 3450 4883 Sed

1870 4931 2019 4998 quia,
2049 4927 2318 4999 quidquid
2350 4925 2696 4996 producitur,
2730 4923 2894 4994 526
2930 4932 3023 4976 aut
3068 4922 3452 4990 adventu‘pro-

1871 5023 2091 5076 ducitur
2147 5037 2245 5091 per
2276 5019 2655 5075 transitionem
2705 5034 2737 5072 e
2793 5018 2914 5070 loco
2970 5017 3024 5068 in
3084 5015 3287 5078 locum,
3350 5022 3448 5068 aut

1873 5114 2182 5171 substantia
2207 5128 2302 5182 per
2323 5113 2682 5183 creationem,
2704 5123 2824 5178 quae
2851 5107 3007 5170 illud,
3025 5123 3150 5161 cum
3175 5121 3283 5159 non
3301 5106 3450 5160 exsi-

1873 5215 2063 5271 steret,
2096 5208 2161 5262 ad
2185 5206 2565 5261 exsistentiam
2597 5202 2884 5273 perduxit,
2928 5200 3067 5252 nihil
3107 5215 3239 5254 vero
3253 5199 3452 5251 borum

1872 5299 1985 5354 Deo
2017 5298 2206 5364 adest;
2246 5309 2378 5366 ergo
2407 5311 2518 5349 non
2550 5302 2698 5352 recte
2747 5309 2871 5348 eum
2914 5308 3210 5361 responsor
3240 5307 3336 5361 per
3365 5306 3452 5345 se-

1873 5394 2051 5462 ipsum
2084 5391 2410 5461 productum
2444 5387 2768 5443 nominavit.
2793 5385 2851 5439 Id
2883 5387 3028 5440 enim
3052 5385 3199 5454 quod
3227 5400 3323 5453 per
3359 5399 3447 5437 se-

1875 5486 2051 5555 ipsum
2082 5485 2406 5555 productum
2441 5491 2544 5549 est,
2580 5481 2650 5534 ab
2703 5496 2770 5535 eo
2798 5478 2944 5550 quod
2993 5479 3060 5533 ab
3091 5479 3197 5532 alio
3247 5477 3451 5548 produ-

285 5777 394 5852 (85)
435 5779 672 5852 Ἐκεῖνο,
703 5777 901 5852 Melius
915 5778 1088 5834 multo
1126 5778 1427 5847 legeremus
1464 5771 1657 5842 ἐκείνῳ
1709 5780 1763 5827 et

1874 5784 1921 5825 ix
1943 5768 2136 5838 τούτῳ.
2169 5766 2261 5821 Sic
2294 5770 2432 5824 enim
2468 5767 2633 5837 paulo
2663 5772 2788 5835 post
2816 5756 2859 5831 ᾧ
2888 5759 3204 5834 χωρίζεται.

282 5849 395 5927 (86)
418 5851 596 5907 Ποιεῖ.
619 5849 747 5922 Leg.
777 5849 965 5905 ποιῶν.
