4146 6418
760 351 900 409 Μιὸ

1487 344 1958 409 ΑΡΡΕΝοιι.--
1995 344 2179 422 rans
2215 344 2255 400 ι.
2303 329 2362 402 s.
2393 323 2671 403 'JUSTINI
2710 343 2938 402 ovans
2981 345 3256 402 summ.

3921 352 4059 406 ιω

755 460 905 528 ctum
929 479 1034 536 est,
1066 466 1310 540 ipsaper
1337 477 1399 523 se
1426 467 1784 538 productione
1806 461 1944 518 nihil
1976 477 2202 534 prorsus
2231 461 2317 516 dit

2429 463 2845 534 αὐτοπάρακτάς
2875 465 3023 517 ἐστιν
3042 464 3070 515 6
3088 439 3289 534 κόσμος
3311 465 3406 518 καὶ
3423 465 3488 517 οὐ
3511 467 3768 536 ποιητὸς,
3800 467 3873 531 ἐξ
3896 470 4040 536 ἀνα-γ

756 564 882 620 fert.
911 562 970 618 Si
1002 560 1057 618 id
1079 558 1226 633 quod
1253 559 1553 632 ingenitum
1577 567 1684 622 est,
1714 556 1917 610 factum
1944 570 2068 610 esse
2092 570 2204 608 non
2234 569 2332 624 po-

753 653 882 722 test,
908 655 1023 710 ﬁeri
1053 669 1162 708 non
1185 659 1389 722 potest,
1413 657 1474 705 ut
1495 647 1733 705 mundus
1761 648 2034 719 ingenitus
2057 646 2150 710 sit,
2168 655 2220 700 et
2239 645 2332 714 qui

751 766 879 804 eum
901 748 1027 802 fecit
1042 744 1206 819 Deus.
1227 743 1286 799 Si
1308 743 1437 814 quia
1460 741 1699 796 mundus
1722 740 1899 795 factus
1922 749 2028 803 est,
2053 755 2083 792 a
2107 738 2223 808 Deo
2235 740 2337 794 dif-

754 840 881 902 fert,
905 837 1221 892 necessario
1244 843 1299 890 et
1328 834 1456 904 quia
1479 832 1716 903 genitus,
1738 831 1916 886 dill'ert
1943 851 1957 885 :
1989 830 2162 886 factus
2186 830 2334 885 enim

710 983 712 990 .
751 929 1014 991 mundus,
1039 944 1147 983 non
1170 927 1547 982 factusinutem
1580 922 1742 978 Deus.
1772 922 1849 989 Si,
1872 924 1966 994 qui
1988 923 2222 977 naturali
2247 939 2337 978 ne»

751 1020 1011 1079 cessitate
1041 1021 1282 1092 ingenito
1310 1017 1618 1082 coexsistit,
1651 1016 1889 1072 infectus
1912 1027 2029 1071 est:
2059 1015 2335 1087 quomodo

699 1135 706 1141 ·
753 1118 919 1188 igitur
947 1116 1144 1170 falsum
1174 1113 1308 1167 illud
1325 1103 1442 1166 non
1469 1119 1589 1166 est:
1621 1109 1773 1164 Fecit
1794 1109 1937 1163 Deus
1959 1106 2221 1162 mundum
2257 1107 2336 1161 fa-

720 1208 990 1269 ‘zctitium,
1023 1216 1149 1258 cum
1174 1218 1241 1257 ex
1276 1202 1451 1272 ipsius
1473 1200 1748 1257 sententia
1777 1198 2014 1253 infectus
2055 1200 2124 1253 sit
2153 1204 2214 1253 et
2246 1197 2333 1251 in-

685 1283 693 1286 i
730 1285 1103 1372 :gcnitus‘lSi
1135 1294 1375 1350 mundus
1401 1309 1498 1364 per
1531 1293 1773 1363 seipsum
1809 1290 2107 1362 productus
2146 1297 2231 1345 est
2275 1297 2333 1345 et

755 1390 870 1448 non
916 1391 1119 1454 factus,
1173 1387 1488 1443 necessario
1545 1387 1709 1440 etiam
1734 1400 1832 1455 per
1859 1385 2099 1455 seipsum
2147 1383 2330 1439 factus

748 1492 857 1548 est.
893 1482 950 1538 ld
982 1481 1258 1554 quod.per
1284 1482 1527 1549 seipsum
1560 1486 1643 1534 est
1687 1477 2034 1548 productum,
2082 1476 2147 1534 id
2184 1477 2329 1547 quod

747 1592 847 1648 per
875 1578 1119 1646 seipsum
1146 1571 1394 1646 genitum
1434 1581 1487 1626 et
1517 1570 1662 1642 quod
1696 1586 1792 1641 per
1823 1570 2067 1640 seipsum
2097 1569 2325 1633 factum,

750 1658 887 1725 nihil
911 1667 1192 1724 diﬂ'erunt.
1217 1663 1287 1720 At
1317 1666 1363 1721 si
1387 1681 1484 1736 per
1513 1666 1726 1735 seipsos
1752 1661 2005 1732 producti
2036 1667 2163 1716 Sunt
2184 1658 2328 1714 Deus

745 1771 800 1816 et
833 1759 1104 1825 mundus,
1134 1774 1230 1828 per
1266 1757 1479 1826 seipsos
1503 1756 1694 1827 geniti,
1727 1761 1781 1808 et
1812 1768 1907 1822 per
1949 1752 2161 1824 seipsos
2196 1750 2326 1805 facti

2436 571 2543 631 κης
2595 553 2692 608 καὶ
2730 553 3086 624 αὑτοποίητός
3115 555 3282 607 ἐστιν.
3335 554 3442 607 Τοῦ
3489 557 3952 628 αὑτοπαράκτου
4001 561 4052 612 τέ

2437 644 2825 713 αὐτογέννητον
2856 644 2950 696 καὶ
2976 643 3330 713 αὑτοποίητον
3349 645 3503 699 οὐδὲν
3524 646 3810 717 διαφέρευ
3835 650 3990 703 ἀλλὰ
4011 655 4053 702 εἰ

2435 731 2850 802 αὐτοπάρακτος
2876 732 2906 784 ὃ
2936 748 2995 783 τε
3026 730 3158 796 Θεὸς
3190 733 3285 785 καὶ
3303 734 3333 786 ὁ
3361 734 3589 805 κόσμος,
3628 737 4052 810 αὐτογέννητοι

2435 824 2531 876 καὶ
2556 823 2901 894 αὑτοποίητοι
2931 822 3164 878 ἔσονται.
3199 825 3263 879 Et
3292 826 3349 880 δὲ
3373 825 3532 881 τοῦτο
3559 828 3794 896 ἄτοπον,
3838 830 4050 886 ἄτοπον

2433 915 2542 986 ἄρα
2570 916 2666 969 καὶ
2692 915 2756 968 τὺ
2781 915 2982 983 λέγειν,
3005 917 3418 988 αὐτοπάρακτον
3445 920 3543 991 μὲν
3565 921 3658 974 τὸν
3692 911 3960 1004 ἄναρχόν
3992 943 4049 979 τε

2434 1008 2528 1061 καὶ
2552 1007 2722 1062 ἀΐδιον
2749 1008 2904 1073 Θεὸν,
2935 1009 3231 1079 ἀγέννητον
3260 1009 3317 1064 δέ
3349 1011 3445 1066 καὶ
3493 1013 4050 1087 αὑτοπὰρακτοντδν

2435 1099 2656 1170 ποιητὸν
2684 1099 2908 1169 κόσμον.
2956 1100 3020 1154 Et
3051 1101 3466 1172 αὑτοπάρακτός
3523 1105 3674 1156 ἐστιν
3711 1108 3744 1158 6
3799 1107 4045 1178 κόσμος,

2431 1191 2535 1243 οὐκ
2555 1189 2670 1242 ἐστι
2700 1188 3076 1261 θεοπάρακτος
3095 1207 3109 1219 ο
3147 1192 3243 1243 καὶ
3267 1192 3320 1252 εἰ
3360 1190 3436 1261 μὴ
3468 1191 3895 1264 θεοπάρακτος,
3923 1198 4044 1250 οὐδὲ

2433 1284 2753 1355 παρήγαγεν
2785 1282 2947 1336 αὑτὸν
2983 1281 3194 1346 ὁ.Θεός.
3223 1281 3348 1346 Πῶς
3374 1278 3469 1337 οὖν
3492 1285 3523 1335 6
3548 1285 4041 1356 ἀτωκρινάμενος,

2431 1376 2559 1428 ὅταν
2592 1375 2729 1447 λέγῃ
2760 1375 3069 1445 προάγοντα
3095 1375 3197 1445 μὲν
3211 1375 3303 1428 τὸν
3325 1375 3477 1440 Θεὸν,
3506 1377 3960 1449 αὒτοπάρακτον
3985 1379 4038 1430 δὲ

2430 1467 2524 1520 τὸν
2558 1467 2782 1537 κόσμον,
2814 1468 2914 1520 οὐκ
2946 1465 3060 1519 ἐστι
3099 1466 3268 1538 ψευδῆ
3309 1454 3410 1521 και
3446 1468 3749 1539 ἀσύμϐατα
3797 1468 4036 1538 λέγωνς

2429 1557 2648 1624 1101λῷ
2679 1559 2907 1623 τοίνυν,
2943 1555 3097 1629 φηᾶὶ,
3146 1558 3255 1613 τὸν
3294 1557 3735 1629 Θεὸν-μᾶλλον
3780 1563 4040 1631 οἰητέον

2427 1652 2655 1720 ἁθρόως
2685 1653 2781 1705 καὶ
2828 1653 3098 1720 ἀχρόνως
3144 1651 3342 1706 πάντα
3383 1653 3607 1717 ποιεῖν,
3650 1655 3864 1715 αὑτὸν
3917 1655 4041 1724 μὲν

2430 1745 2576 1799 ὄντα
2605 1745 2695 1809 ἐν,
2722 1744 2797 1815 τῇ
2830 1744 2900 1798 δὲ
2929 1746 3165 1813 ἀπειρίᾳ
3187 1743 3303 1813 τῆς,
3319 1744 3625 1816 δυνάμεως
3648 1747 3726 1802 τὰ
3759 1747 4039 1818 διάφορα

744 1848 1117 1914 eruut.'Quod
1142 1848 1188 1901 si
1224 1848 1328 1900 hoc
1359 1845 1683 1910 absurdum,
1732 1843 2031 1897 absurdum
2079 1840 2317 1912 profecto

2424 1837 2779 1907 προάγοντα,
2799 1839 2896 1891 καὶ
2925 1838 3077 1891 αὐτὰ
3101 1838 3411 1904 παντελῶς
3427 1839 3870 1909 αὐτοπάρακτα
3885 1859 4036 1911 τυτ-

745 1943 1018 2004 etdicere,
1044 1955 1140 2009 per
1163 1939 1404 2008 seipsum
1423 1936 1749 2007 productum
1775 1935 1994 2004 quidem
2012 1933 2204 1998 Deum,
2229 1934 2324 2004 qui

744 2038 862 2091 sine
894 2033 1166 2106 principio
1197 2039 1363 2087 estet
1391 2040 1666 2095 aternus;
1718 2028 2019 2098 ingenitum
2051 2033 2233 2080 autem
2271 2033 2326 2080 et

742 2145 839 2198 per
870 2129 1111 2198 seipsum
1147 2124 1470 2196 productum
1504 2122 1767 2175 mundum
1799 2119 1893 2189 qui
1923 2118 2101 2174 factus
2130 2128 2233 2172 est.
2265 2115 2323 2170 Si

743 2239 840 2293 per
864 2223 1106 2291 seipsum
1131 2218 1430 2288 productus
1464 2222 1548 2268 est
1570 2211 1826 2272 mundus,
1870 2226 1980 2264 non
2025 2216 2110 2264 est
2148 2222 2177 2261 a
2212 2207 2325 2262 Deo

741 2315 1154 2384 productus;et
1187 2311 1233 2365 si
1274 2318 1386 2363 non
1423 2321 1468 2360 ‘a
1510 2305 1621 2360 Deo
1655 2302 1974 2373 productus,
2023 2315 2134 2355 non
2189 2314 2320 2369 pro-

738 2405 896 2459 duxit
919 2420 1044 2459 eum
1075 2402 1240 2457 Deus.
1268 2397 1553 2466 Quomodo
1575 2412 1705 2466 ergo
1727 2409 2024 2464 responsor
2047 2407 2155 2447 non
2183 2390 2324 2445 falsa.

739 2509 794 2553 et
819 2512 1005 2553 secum
1039 2494 1338 2565 pugnantia
1367 2491 1633 2560 loquitur,
1661 2503 1784 2543 cum
1829 2486 1965 2540 dicit
1999 2484 2167 2540 Deum
2196 2484 2321 2554 qui-

739 2585 864 2641 dem
898 2584 1317 2655 producentem,
1376 2579 1647 2633 mundum
1701 2586 1882 2630 autem
1929 2591 2027 2644 per
2080 2574 2321 2643 seipsum

2426 1929 2711 1999 χάνοντα.
2736 1932 2847 1983 Καὶ
2870 1933 2918 1983 εἰ
2955 1930 3262 2002 ἰσοδυναμεϊ
3289 1929 3351 1983 τὸ
3373 1931 3566 1984 ποιεῖν
3593 1932 3673 2002 τῷ
3697 1933 4032 2000 ποιήσειν,

2427 2021 2547 2086 πῶς
2571 2024 2601 2075 6
2632 2022 2869 2092 ἀναιρῶν
2903 2023 3012 2076 ἀπὸ
3039 2022 3135 2075 τοῦ
3165 2022 3299 2078 Θεοῦ
3325 2022 3386 2075 τὸ
3410 2020 3714 2090 ποιήσειν,
3736 2025 3818 2090 ὥς
3843 2026 4038 2098 ἐμφα-

2429 2129 2513 2166 σιν
2543 2114 2640 2184 μὲν
2671 2113 2795 2183 ἔχον
2821 2113 2915 2165 τοῦ
2950 2112 3234 2184 μέλλοντος
3263 2114 3479 2186 χρόνον,
3525 2115 3621 2169 νῦν
3666 2116 3899 2188 τίθησιν
3943 2121 4028 2172 ἐπ’

2426 2206 2591 2259 αὐτοῦ
2620 2208 2682 2258 16
2715 2204 2925 2267 ποιεῖν,
2960 2206 3060 2275 τὴν
3091 2206 3262 2276 αὐτὴν
3293 2205 3414 2277 ἔχον
3459 2207 3554 2260 τοῦ
3594 2208 3798 2280 χρόνου
3835 2192 4028 2279 ἔμφα-

2429 2314 2512 2350 σιν
2527 2313 2541 2362 ;
2559 2299 2608 2349 εἰ
2629 2298 2686 2349 δὲ
2706 2300 2801 2350 σὺν
2824 2300 2890 2366 τῇ
2913 2297 3150 2367 ἐμφάσει
3165 2298 3259 2351 τοῦ
3289 2299 3575 2369 μέλλοντος
3595 2301 3797 2372 χρόνου
3817 2281 3945 2374 ἔχει
3963 2305 4023 2356 τὸ

2425 2389 2618 2443 ποιεῖν
2651 2391 2744 2442 καὶ
2771 2389 2866 2442 τοῦ
2901 2389 3334 2460 παρεληλυθότος
3352 2389 3452 2461 τὴν
3477 2390 3742 2460 ἔμφασιν,
3772 2395 3902 2458 πῶς
3921 2395 4022 2448 οὐκ

2425 2479 2572 2533 ἐστιν
2604 2482 2659 2532 ὲν
2690 2483 2756 2550 τῇ
2775 2479 2869 2532 τοῦ
2898 2480 3034 2533 Θεοῦ
3066 2481 3298 2552 ἐργασίᾳ
3343 2481 3437 2535 τοῦ
3485 2482 3680 2554 χρόνου
3739 2484 3929 2540 πάντα
3953 2490 4021 2538 τὰ

2428 2569 2568 2640 μέρη
2603 2568 2712 2621 ὑπά
2722 2584 2947 2636 ρχοντα;

747 2676 1131 2748 productum?
1189 2672 1328 2727 Sane
1379 2671 1586 2741 quidem
1628 2669 1795 2723 multo
1841 2668 2034 2736 magis,
2093 2665 2293 2734 inquit.
2337 2660 2631 2731 putandum
2682 2659 2849 2712 Deum
2903 2661 3158 2724 universe,
3203 2671 3253 2715 et
3297 2660 3492 2733 absque
3540 2673 3798 2734 tempore,
3835 2667 4018 2738 fama

742 2779 960 2834 cuncta,
993 2787 1111 2822 cum
1138 2771 1249 2838 ipse
1275 2767 1482 2835 quidem
1515 2766 1581 2820 sit
1613 2779 1813 2827 unum;
1839 2762 2050 2831 inﬁnita
2089 2776 2206 2814 vero
2230 2757 2467 2827 potentia
2518 2754 2689 2807 multa
2751 2754 3031 2821 producat,
3082 2771 3199 2824 qua:
3241 2757 3449 2826 quidem
3496 2761 3709 2815 omnino
3765 2778 3864 2832 per
3940 2781 4017 2818 ει-

736 2868 855 2936 ipsa
890 2866 1170 2934 producta.
1205 2864 1272 2917 Et
1300 2864 1344 2917 si
1379 2863 1552 2932 facere
1585 2860 1727 2914 idem
1760 2840 1906 2912 valet
1949 2873 2012 2911 ac
2071 2857 2340 2926 facturum
2368 2867 2502 2916 esse,
2529 2849 2805 2920 quomodo
2844 2851 2938 2919 qui
2984 2861 3320 2920 postremum
3350 2867 3404 2911 ,a
3445 2852 3557 2908 Deo
3609 2856 3777 2922 tollit,
3828 2867 3894 2912 ut
3933 2863 4011 2914 si-

738 2963 1143 3033 gniﬁCationem
1197 2960 1404 3015 habens
1454 2957 1622 3010 futuri
1672 2954 1956 3025 temporis,
2007 2967 2155 3006 nunc
2197 2951 2432 3020 primum
2455 2946 2505 3002 ei
2536 2945 2809 3008 attribuit,
2866 2945 3013 3014 quod
3072 2947 3318 3001 eamdem
3372 2947 3535 3003 habet
3589 2953 3868 3022 temporis
3931 2958 4000 3011 si-

736 3056 1176 3129 gniﬁcationem?
1206 3055 1360 3121 Quod
1409 3055 1454 3109 si
1496 3053 1686 3115 facere,
1740 3066 1849 3103 non
1885 3051 2062 3105 solum
2110 3046 2302 3110 futuri,
2335 3042 2626 3099 sed-etiam
2654 3041 2915 3110 praeteriti
2967 3039 3231 3110 temporis
3280 3041 3443 3097 habet
3493 3042 4002 3114 signiﬁcationem;

745 3151 1025 3222 quomodo
1061 3166 1172 3205 non
1208 3151 1394 3203 insunt
1426 3146 1519 3203 Dei
1550 3147 1855 3217 operationi
1887 3159 2077 3199 omnes
2113 3140 2382 3211 temporis
2409 3137 2636 3209 partes?

734 3247 1023 3336 QUARTA'
1044 3261 1460 3333 CHRISTIANA
1495 3262 1586 3317 AD
1611 3259 1914 3318 cnxscos
1958 3256 2307 3326 QUIESTIO.
2341 3261 2386 3322 (ς

807 3439 867 3494 Si
896 3456 1006 3495 non
1035 3446 1216 3509 potest
1245 3437 1299 3491 id
1325 3437 1472 3508 quod
1508 3444 1664 3493 antea
1696 3453 1803 3491 non
1831 3447 1970 3500 erat,
2021 3443 2076 3490 et
2121 3443 2310 3504 postea

735 3532 859 3599 fuit,
886 3540 1220 3586 coaeternum
1245 3532 1294 3586 ei
1315 3547 1437 3586 esse
1464 3530 1608 3600 quod
1633 3545 1847 3601 semper
1872 3538 1988 3590 est,
2011 3527 2306 3598 quomodo,

732 3624 781 3678 si
809 3624 1028 3694 genitus
1059 3623 1319 3689 mundus,
1351 3630 1657 3678 comternus
1683 3630 1767 3676 est
1788 3621 1930 3692 apud
1959 3618 2168 3675 Deum?

803 3733 1226 3793 BESPONSUM
1265 3731 1583 3789 (ἓΒιΕΟυΜ
1616 3731 1708 3786 AD
1750 3730 2236 3789 CHRISTIANOS.

804 3930 946 3987 Fieri
985 3933 1209 4003 quidem
1240 3947 1350 3988 non
1383 3947 1546 4003 posse
1577 3933 1927 4003 perspicuum
1968 3940 2054 3987 est
2084 3939 2143 3985 ut
2169 3938 2308 3986 tem-

729 4027 1008 4097 porarium
1038 4025 1163 4096 (hac
1185 4026 1332 4080 enim
1361 4040 1497 4080 voce
1515 4024 1851 4094 signiﬁcatur
1881 4023 1936 4078 id
1969 4024 2112 4094 quod
2145 4030 2304 4078 antea

729 4134 843 4173 non
876 4126 1014 4184 erat,
1058 4125 1248 4187 postea
1278 4124 1460 4171 autem
1522 4115 1644 4187 fuit)
1681 4124 1944 4194 aeternum
1997 4117 2088 4182 sit,
2136 4124 2191 4170 et
2225 4117 2302 4194 ei,

727 4211 877 4282 quod
923 4226 1138 4281 semper
1171 4218 1276 4273 est.
1328 4219 1681 4268 coaeternum.
1743 4188 1850 4263 séd
1903 4224 1970 4264 ex
1999 4209 2099 4263 hac
2139 4191 2304 4262 etiam

728 4303 945 4357 ratione
968 4302 1234 4355 mundum
1268 4302 1567 4371 ingenitum
1599 4300 1984 4364 demonstrari,
2012 4301 2064 4354 id
2089 4315 2306 4370 quoque

725 4393 955 4449 cuilibet
970 4391 1345 4448 manifestum.
1373 4390 1430 4445 Si
1455 4393 1581 4462 quis
1605 4399 1784 4446 autem
1801 4392 1984 4447 dicere
2002 4392 2127 4446 velit
2147 4407 2306 4445 mult-

723 4484 854 4540 dum
880 4484 1125 4557 genitum
1169 4498 1202 4536 a
1238 4483 1517 4539 nonnullis
1545 4493 1787 4538 veterum
1835 4482 2055 4546 vocari;
2111 4482 2307 4536 merito

724 4589 860 4630 sane
883 4576 1355 4646 reprehendantur
1383 4577 1476 4647 qui
1508 4577 1560 4631 id
1609 4577 1816 4641 dicunt,
1848 4579 1893 4630 si
1925 4575 2082 4644 527
2115 4590 2306 4629 eorum

2572 3251 2923 3305 ἘΡΩῚῊΣΙΣ
2969 3252 3424 3307 ΧΡΙΣΤΙΑΝΙΚΗ
3452 3255 3631 3308 ΠΡΟΣ
3679 3256 3861 3311 ΤΟΥΣ

2978 3322 3328 3376 ἘΛΛΗΝΑΣ
3353 3326 3427 3377 Δ’.

2488 3435 2551 3486 Ei
2586 3432 2844 3487 ἀδύνατον
2876 3431 2954 3503 τῷ
2987 3433 3179 3505 πρώην
3215 3435 3312 3505 μὲν
3344 3436 3445 3488 οὐκ
3483 3437 3617 3500 ὄντι,
3672 3436 3901 3509 ὕστερον
3943 3439 3999 3493 δὲ

2414 3525 2552 3588 ὄντι,
2589 3525 2856 3577 συναΐδιον
2889 3519 3029 3576 εἶναι
3060 3525 3138 3595 τῷ
3164 3526 3250 3578 ἀεὶ
3280 3526 3412 3592 ὄντι,
3455 3527 3591 3591 πῶς,
3644 3531 3694 3582 εἰ
3742 3533 4001 3602 γεννητὸς

2411 3617 2441 3667 6
2478 3617 2703 3686 κόσμος,
2741 3616 3008 3680 συναῖδιός
3042 3619 3158 3670 ἐστι
3193 3617 3343 3690 παρὰ
3365 3618 3444 3690 τῷ
3476 3619 3628 3690 Θεῷ;

2591 3730 2974 3784 ἈΠΟΚΡΙΣΙΣ
3018 3733 3395 3786 ἘΛΛΗΝῙΚΗ
3426 3736 3606 3789 ΠΡΟΣ
3637 3736 3820 3790 ΤΟΥΣ

2956 3803 3438 3859 ΧΡΙΣΤΙΑΝΟΥΣ.

2485 3912 2612 3970 Ὀτι
2647 3916 2747 3986 μέν
2782 3917 3041 3971 ἀδύνατον
3071 3919 3132 3971 16
3163 3917 3417 3989 ἐγχρονον
3446 3917 3628 3990 (τοῦτο
3652 3923 3762 3997 γὰρ
3793 3927 3994 3998 σημαι.

2407 4025 2489 4059 νει
2516 4008 2576 4060 16
2609 4007 2777 4061 πάλαι
2807 4008 2906 4079 μὲν
2941 4009 3017 4080 μὴ
3037 4008 3117 4074 ὃν,
3149 4009 3374 4082 ὕστερον
3409 4011 3466 4064 δὲ
3497 4012 3599 4082 ὄνο)
3631 4013 3799 4070 ἀΐδιον
3849 4013 3990 4074 εἶναι

2414 4102 2510 4154 καὶ
2537 4101 2804 4154 συναῒδιον
2832 4101 2910 4173 τῷ
2941 4102 3027 4155 ἀεὶ
3057 4103 3190 4166 ὄντι,
3223 4102 3378 4173 δῆλον
3401 4122 3415 4135 ο
3450 4105 3530 4158 ὅτι
3561 4106 3619 4159 δέ
3649 4109 3745 4162 καὶ
3776 4113 3840 4164 ἐκ
3868 4114 3988 4168 τού-

2405 4209 2498 4244 του
2517 4193 2610 4245 τοῦ
2628 4191 2786 4261 λόγου
2802 4194 3072 4248 δείκνυται
3100 4197 3128 4248 6
3159 4195 3359 4267 κόσμος
3377 4197 3694 4268 ἁγέννητος,
3717 4204 3811 4256 καὶ
3831 4205 3984 4260 τοῦτο

2407 4285 2570 4338 παντί
2596 4303 2697 4338 που
2728 4286 2905 4355 δῆλον.
2954 4287 3091 4340 Ἀλλ’
3117 4289 3170 4342 et
3193 4306 3279 4352 τις
3308 4290 3484 4344 ἐθέλοι
3511 4291 3689 4359 λέγειν
3723 4293 3799 4359 ὥς
3842 4315 3980 4364 τινες

2404 4377 2514 4430 τῶν
2548 4377 2792 4432 παλαιῶν
2817 4380 2908 4432 τὸν
2943 4381 3146 4450 κόσμον
3187 4383 3443 4453 γεννητὸν
3475 4385 3752 4449 καλοῦσιν,
3787 4391 3836 4442 εἰ
3885 4393 3977 4461 μὲν

2407 4473 2740 4536 ἐπιπολαίως
2770 4473 3055 4542 σκέψοιντο
3070 4475 3193 4537 τοὺς
3220 4473 3407 4543 λόγους
3426 4475 3557 4546 (87),
3601 4479 3895 4550 μέμφοιντο
3916 4485 3976 4537 ἂν

2405 4563 2628 4626 δικαίως
2648 4566 2773 4626 τοὺς
2805 4564 2964 4617 τοῦτο
2983 4564 3236 4634 λέγοντας
3255 4585 3268 4598 ·
3297 4569 3345 4620 εἰ
3364 4567 3419 4622 δὲ
3442 4569 3503 4622 16
3533 4569 3694 4639 βάθος
3717 4577 3970 4645 κατανοή-

722 4669 871 4723 dicta
904 4671 1094 4724 leviter
1124 4671 1562 4725 considerentur.
1598 4669 1703 4723 Sed
1732 4670 1779 4723 si
1807 4677 2062 4722 accurate
2083 4668 2301 4722 investi-

2418 4673 2570 4708 rtocw
2597 4655 2837 4726 ἀκριϐῶς
2877 4655 2984 4710 τῶν
3015 4656 3331 4727 λεχθέντων,
3373 4661 3696 4731 εὑρήσουσιν
3743 4666 3969 4736 ἀκριϐῶς

723 4766 882 4828 getur
909 4760 1242 4828 profundum
1270 4776 1459 4815 eorum
1506 4777 1626 4831 qua:
1667 4761 1942 4825 dixerunt,
1999 4762 2299 4830 reperietur

723 4857 982 4903 accurate
1015 4858 1069 4902 et
1096 4850 1243 4904 clare
1287 4851 1549 4904 mundum
1591 4851 1661 4904 ab
1693 4851 1776 4905 eis
1817 4851 2118 4919 ingenitum
2168 4866 2298 4921 pro-

724 4943 988 5000 nuntiari.
1013 4941 1147 4995 Nam
1177 4958 1302 4996 cum
1340 4945 1442 5012 ipsi
1470 4943 1656 4997 dicant
1683 4944 2046 5011 exemplarem
2073 4953 2126 4996 et
2166 4943 2297 4998 etle-

722 5037 949 5087 ctricem
972 5048 1195 5087 causam
1221 5049 1344 5088 esse
1373 5044 1630 5088 aeternam
1650 5077 1664 5099 ,
1693 5035 1860 5103 liquet
1900 5041 1953 5086 et
2007 5035 2292 5096 mundum,

2402 4748 2495 4800 καὶ
2518 4747 2702 4815 σαφῶς
2726 4748 3016 4819 ἀγέννητον
3032 4753 3253 4815 τούτους
3278 4752 3368 4805 τὸν
3395 4755 3597 4825 κόσμον
3613 4757 3967 4828 ἀποφαινομέ-

2401 4856 2544 4901 νους.
2578 4839 2740 4891 Αὐτοὶ
2775 4840 2884 4911 γὰρ
2925 4840 3173 4909 λέγοντες
3217 4845 3316 4915 τήν
3361 4863 3421 4898 τε
3468 4847 3961 4920 παραδειγματικὴν

2401 4931 2493 4982 καὶ
2522 4931 2620 5002 τὴν
2662 4935 2952 5003 ποιητικὴν
2982 4936 3160 4988 αἰτίαν
3209 4936 3498 5008 ἀγέννητον
3543 4935 3704 5005 εἶναι,
3739 4941 3961 5011 δηλονότι

2401 5025 2493 5076 καὶ
2524 5025 2615 5078 τὸν
2639 5025 2861 5095 κόσμον,
2918 5027 3306 5099 δημιούργημα
3354 5031 3556 5085 τούτων
3607 5033 3759 5096 ὄντα,
3792 5035 3962 5104 σαφῶς

722 5127 816 5194 qui
847 5126 1135 5193 utriusque
1159 5126 1441 5196 Opilicium
1472 5136 1575 5193 est,
1600 5127 1748 5182 clare
1775 5126 2075 5194 ingenitum
2117 5127 2184 5181 ab
2217 5128 2296 5180 eis

2418 5116 2684 5187 ιγέννητον
2721 5118 3102 5186 ἀποφαίνουσι.
3135 5122 3260 5184 Τοῖς
3290 5122 3396 5194 γὰρ
3425 5123 3672 5187 παλαιοῖς
3704 5126 3961 5180 ἀποδέδει-

724 5217 1091 5287 pronuntiari.
1128 5217 1584 5283 Delnonstrardnt
1615 5221 1760 5273 enim
1804 5220 2014 5288 antiqui
2060 5235 2144 5282 ea,
2179 5236 2299 5288 quae

723 5315 991 5361 vocantur
1037 5309 1264 5361 rclativa
1293 5349 1308 5371 ,
1367 5310 1530 5364 simul
1582 5318 1778 5363 natura
1817 5311 2101 5365 exsistere.
2152 5301 2301 5374 Quo-

725 5400 872 5452 niam
895 5415 1026 5469 ergo
1068 5408 1122 5453 et
1163 5402 1342 5471 imago
1388 5402 1456 5456 ad
1505 5402 1804 5470 exemplar,
1839 5409 1896 5456 et
1926 5403 2200 5470 exemplar
2231 5401 2298 5454 ad

726 5491 1051 5559 imaginem,
1103 5501 1158 5546 et
1179 5492 1457 5560 opiﬁcium
1497 5494 1563 5546 ad
1608 5493 1879 5561 opiﬁcem,
1923 5502 1977 5547 et
2014 5495 2190 5563 opifex
2232 5495 2298 5548 ad

726 5584 1009 5654 opiﬁcium
1041 5585 1380 5649 referuntur,
1417 5586 1529 5640 haec
1571 5586 1734 5641 simul
1767 5596 1960 5640 natura
1997 5591 2297 5644 exsistcnt:

796 5741 910 5812 (87)
937 5742 1082 5816 Τοὺς
1108 5743 1350 5816 ⁸ᾅόγους.
1382 5740 1471 5816 Sic
1520 5744 1826 5798 emendavit
1871 5743 1936 5797 R2
1977 5743 2287 5816 Stephanus

725 5827 825 5880 pro
853 5827 920 5866 eo
942 5814 1086 5882 quod
1117 5813 1317 5869 habent
1349 5813 1564 5869 codices
1604 5830 1736 5870 mss.
1782 5817 1892 5878 τοῖς
1938 5813 2132 5884 λόγοις.
2180 5818 2285 5875 Sed

2395 5226 2523 5262 κται
2550 5209 2617 5263 τὰ
2650 5210 2958 5281 καλούμενα
2988 5213 3123 5284 πρὸς
3151 5214 3206 5267 τὶ
3231 5214 3346 5286 ἅμα
3370 5219 3436 5286 τῇ
3480 5217 3638 5285 φύσει
3687 5219 3956 5289 ὑπάρχειν.

2410 5301 2562 5354 Ἐπεὶ
2591 5297 2684 5355 οὖν
2712 5305 2746 5373 ἥ
2779 5321 2837 5356 τε
2870 5303 3030 5358 εἰκὼν
3059 5308 3194 5377 πρὸς
3237 5307 3298 5359 16
3346 5311 3721 5381 παράδειγμα,
3765 5313 3855 5364 καὶ
3907 5313 3960 5363 τὸ

2396 5394 2753 5465 παράδειγμα
2785 5396 2921 5467 πρὸς
2948 5396 3046 5467 τὴν
3078 5399 3282 5462 εἰκόνα,
3337 5401 3433 5452 καὶ
3478 5403 3540 5454 16
3585 5403 3956 5474 δημιούργημα

2397 5487 2534 5556 πρὸς
2557 5488 2649 5539 τὸν
2672 5487 3022 5558 δημιουργὸν,
3059 5491 3152 5543 καὶ
3182 5494 3210 5544 6
3242 5491 3573 5563 δημιουργὸς
3603 5495 3741 5564 πρὸς
3785 5494 3842 5546 τὸ
3873 5495 3955 5563 δη-

2399 5581 2744 5650 μιούργημα,
2776 5581 2893 5651 ἅμα
2921 5585 2986 5652 τῇ
3023 5582 3180 5652 φύσει
3224 5584 3473 5653 ὑπάρξει.
3509 5587 3572 5638 Εἰ
3601 5588 3781 5639 τοίνυν
3811 5586 3955 5655 ἀγέν-

2395 5756 2526 5868 μὲιιο
2573 5749 2843 5819 scriptum
2889 5746 3082 5812 fuisse,
3140 5727 3203 5801 ιιῖ
3245 5749 3422 5815 intra,
3479 5749 3809 5821 προσέχουσι
3856 5752 3953 5812 τοῖς

2396 5837 2422 5868 Α
2456 5836 2591 5868 γοιε-

2396 5836 2591 5885 Αογοις.
