4146 6448
200 374 347 430 1445

1090 372 1554 441 ρωΕΞΤΙΟΝΕδ
1589 372 2033 430 (ΣΗΒΙΒΤΙΑΝᾸΕ
2073 373 2164 428 AD
2200 371 2517 437 GRAECOS.

3308 383 3450 438 ιιισ

202 504 366 559 νητος
395 489 425 541 6
451 486 803 559 δημιουργὸς,
832 486 925 540 καὶ
972 487 1035 541 τὸ
1086 490 1435 561 παράδειγμα
1460 490 1753 559 ἀγέννητον

1882 490 1928 551 si
1960 506 2090 544 vero
2114 490 2294 564 opifex
2314 489 2611 560 ingenitus,
2627 494 2681 542 et
2702 487 3005 558 ingenitum
3031 492 3451 567 exemplar,“-

202 580 301 634 καὶ
325 580 355 632 6
386 579 592 649 κόσμος
616 578 711 632 τοῦ
743 579 845 649 μὲν
870 580 1315 651 παραδείγματος
1342 581 1503 635 είκὼν
1533 580 1632 646 ὣν,
1677 581 1771 635 τοῦ

188 670 252 724 δὲ
283 670 615 741 δημιουργοῦ
644 667 1054 741 δημιούργημα.
1089 671 1211 724 Ὀτι
1235 670 1292 725 δὲ
1310 671 1388 724 ιτά
1410 672 1546 743 πρὸς
1570 673 1625 725 τὶ
1657 674 1772 744 ἅμα.

186 762 259 829 τῇ
302 758 461 827 φύσει
489 759 745 829 ὑπάρχει,
803 759 988 829 σαφῶς
1042 762 1208 815 πᾶσιν
1250 762 1626 816 ἀποδέδεικται
1678 764 1772 829 καὶ

187 850 558 920 ὡμολόγηται,
585 851 677 903 xui
708 850 932 904 αὐτόθεν
964 850 1146 923 ῥᾴδιον
1186 851 1506 920 γινώσκειν·
1556 854 1624 907 τὸ
1663 854 1781 927 γὰρ

189 941 366 1005 δεξιὸν
398 941 493 993 καὶ
520 941 807 1011 ἀριστερὸν
836 940 944 993 τῶν
989 942 1127 1013 πρός
1174 958 1249 995 τι.
1284 944 1495 1017 Ὠσπερ
1540 942 1632 1000 οὖν
1672 948 1772 1001 οὐκ

192 1034 471 1103 ἐνδέχεται
498 1033 671 1099 δεξιὸν
702 1028 839 1085 εἶναι
875 1033 949 1103 μὴ
980 1031 1131 1096 δντος
1159 1033 1255 1086 τοῦ
1290 1036 1600 1108 ἀριστεροῦ,
1620 1039 1770 1108 μηδὲ

190 1125 257 1175 τὸ
285 1125 575 1195 ἀριστερὸν
605 1122 761 1186 ἐκτὸς
785 1122 879 1175 τοῦ
910 1122 1107 1188 δεξιοῦ·
1138 1123 1311 1187 οὕτως
1354 1126 1454 1179 οὐκ
1501 1128 1769 1198 ἐνδέχεται

190 1215 285 1268 τὸν
306 1217 636 1286 δημιουργὸν
667 1215 805 1271 εἶναι
835 1217 965 1270 ἀνευ
992 1216 1087 1269 τοῦ
1111 1217 1609 1290 δημιουργήματος,
1636 1222 1678 1292 ἢ
1708 1223 1769 1274 τὸ

187 1307 583 1380 δημιούργημα
607 1308 733 1361 ἀνευ
768 1308 861 1361 τοῦ
888 1307 1240 1378 δημιουργοῦ.
1265 1310 1328 1360 Εί
1356 1305 1450 1363 οὖν
1479 1311 1768 1382 ἀγέννητος

185 1399 217 1449 6
253 1398 604 1468 δημιουργὸς,
637 1400 931 1471 ἀγέννητον
962 1402 1056 1453 καὶ
1084 1400 1588 1473 τὸιδημιούργημα.
1616 1404 1679 1465 Εἰ
1712 1405 1769 1458 δέ

184 1506 274 1552 τις
302 1489 446 1542 θέλοι
471 1490 673 1558 λέγειν,
706 1493 787 1545 ὅτι
810 1494 1072 1563 πρότερον
1114 1494 1209 1563 μὲν
1238 1489 1306 1564 ἧν
1338 1496 1367 1546 6
1414 1494 1762 1566 δημιουργὸς,

187 1580 416 1651 ὕστερον
444 1580 501 1633 δὲ
523 1582 717 1650 γέγονε
747 1582 809 1635 τὸ
835 1582 1245 1655 δημιούργημα,
1289 1585 1386 1638 καὶ
1424 1584 1567 1656 ἄλλῳ
1610 1603 1767 1655 περι-

185 1676 436 1726 πεσεῖται
493 1674 710 1745 ἀπόπῳ.
772 1674 1143 1745 Εὐρεθήσεται
1200 1675 1312 1746 γάρ
1355 1676 1579 1747 δυνάμει
1628 1672 1765 1730 εἶναι

182 1766 358 1835 λέγων
388 1767 479 1820 τὸν
510 1768 860 1839 δημιουργὸν,
895 1769 990 1820 καὶ
1032 1768 1132 1842 οὐκ
1166 1768 1417 1839 ἐνεργείᾳ
1437 1785 1451 1798 ·
1493 1769 1629 1837 ὅπερ
1676 1768 1767 1820 οὐ-

181 1859 276 1911 δὲν
299 1858 427 1911 ἀλλο
458 1860 605 1928 ἐστὶν
634 1858 668 1929 ἢ
701 1838 792 1912 τὸν
824 1859 958 1912 Θεὸν
1009 1838 1171 1931 ἀτελῆ
1223 1838 1421 1929 λέγειν,
1479 1861 1572 1914 καλ⁵
1631 1860 1767 1931 πρὸς
1800 1838 1841 1891 Β

182 1950 397 2012 τούτοις
427 1950 578 2003 οὐδὲν
603 1945 765 2023 ἦττον
798 1950 1223 2019 συνυφίστασθαι
1248 1951 1327 2022 τῷ
1355 1950 1669 2022 δημιουργῷ
1704 1952 1766 2004 τὸ

178 2042 601 2114 δημιούργημα,
628 2043 857 2113 δυνάμει
880 2043 951 2095 ηδν
1001 2046 1093 2098 καὶ
1140 2044 1299 2097 τοῦτο
1352 2042 1539 2118 ὥσπερ
1587 2046 1615 2098 ό
1669 2044 1763 2116 δη-

185 2133 470 2203 μιουργὸς,
504 2134 816 2204 ἅπανταχοῦ
839 2134 947 2188 τῶν
985 2136 1125 2206 πρὸς
1150 2136 1204 2188 τὶ
1234 2136 1616 2206 ὑφισταμένων
1648 2134 1766 2187 ἐπί-

181 2240 306 2293 σης.
341 2224 406 2276 Et
437 2223 538 2294 μὲν
579 2221 672 2279 οὖν
709 2228 740 2279 ό
782 2224 1114 2297 δημιουργὸς
1154 2226 1401 2297 δυνάμει,
1436 2228 1532 2305 καὶ
1576 2227 1637 2279 τὸ
1669 2226 1763 2297 δη-

181 2315 508 2387 μιούργημα
536 2317 802 2388 δυνάμει-ο
858 2320 906 2373 εί
950 2319 1006 2372 δὲ
1050 2323 1081 2372 6
1116 2320 1452 2391 δημιουργὸς
1492 2321 1778 2391 ἐνεργείᾳ,

180 2406 282 2459 καὶ
313 2405 539 2471 τέλειος,
571 2408 663 2459 καὶ
685 2408 1162 2493 τὸδημιούργημα
1189 2411 1409 2481 ὁμοίως.
1445 2410 1640 2481 Σαφῶς
1664 2414 1766 2465 τοί-

178 2514 281 2550 νυν
310 2499 475 2551 παντὶ
514 2496 673 2569 δῆλον
700 2501 955 2572 ὑπάρχει,
988 2502 1049 2554 τὸ
1082 2502 1507 2571 συνυφίστασθαι
1552 2504 1629 2575 τῷ
1672 2504 1764 2575 δη-

184 2589 456 2660 μιουργῷ,
493 2590 636 2644 καθά
666 2592 1019 2664 δημιουργὸς,
1050 2594 1111 2646 τὸ
1141 2594 1551 2666 δημιούργημα.

181 2687 591 2770 Ἔλεγχος-τῆς
604 2704 978 2774 ἀποκρίσεως
988 2707 1099 2758 οὐκ
1133 2704 1318 2773 ὀρθῶς
1344 2706 1759 2776 γεγενημένης.

258 2815 310 2867 1.
360 2816 446 2877 Ὧς
472 2814 649 2880 δείξας
674 2818 707 2869 ὁ
736 2818 1174 2888 ἀποκρινάμενος
1203 2820 1259 2871 ἐν
1300 2821 1420 2882 ταῖς
1462 2819 1649 2883 ἀλλαις
1676 2820 1765 2873 a6-

176 2906 276 2959 τοῦ
306 2908 633 2979 ἀποκρίσεσι
664 2908 756 2962 τὸν
788 2909 991 2979 κόσμον
1025 2910 1341 2979 ἀγέννητον,
1388 2908 1529 2962 οὕτω
1570 2912 1663 2963 καὶ
1704 2912 1762 2964 ὲν

175 3000 249 3069 τῇ
309 2996 560 3071 παρούσῃ
629 2997 922 3069 ἀποκρίσει
982 2997 1374 3065 ἐπαγγέλλεται
1440 2998 1607 3061 δεῖξαι
1672 2999 1761 3053 τὸν

178 3090 385 3160 κόσμον
403 3090 697 3159 ἀγέννητον
716 3103 731 3117 ·
760 3090 935 3143 καίτοι
966 3090 1022 3141 ἐν
1048 3092 1169 3151 ταῖς
1207 3088 1393 3152 ἄλλαις
1424 3086 1589 3142 αὐτοῦ
1622 3092 1760 3143 ἀπο-

1876 580 1990 633 mul
2012 588 2210 634 natura
2234 581 2465 636 exsistet
2494 588 2552 639 et
2577 580 2841 645 mundus,
2880 581 2977 651 qui
3002 584 3335 653 exemplaris
3360 595 3448 641 est

1878 668 2058 739 imago
2088 680 2143 725 et
2184 669 2397 739 opiﬁcis
2427 668 2725 739 Opiﬁcium.
2762 666 3009 730 Relativa
3046 680 3229 727 autem
3280 676 3458 731 simul

1874 768 2072 814 natura
2100 760 2427 825 subsistere,
2458 761 2605 815 clare
2635 761 2894 816 omnibus
2937 744 3226 831 probatum
3280 773 3446 820 testa-

1874 861 2097 919 tumque
2124 860 2209 907 est
2237 872 2250 907 :
2281 860 2336 907 et
2372 853 2500 907 inde
2531 852 2690 907 facile
2733 853 3105 922 cognoscitur.
3138 851 3279 917 Nam
3312 848 3448 911 dex-

1872 950 2016 996 trum
2037 953 2090 997 et
2112 944 2396 999 sinistrum
2417 944 2645 999 relative
2663 953 2813 999 sunt.
2844 942 3017 998 Siculi
3039 960 3174 1015 ergo
3192 946 3442 1001 dextrum

1871 1048 1994 1088 esse
2018 1050 2126 1087 non
2158 1042 2355 1104 potest,
2393 1035 2440 1090 si
2474 1034 2761 1104 sinistrum
2794 1051 2903 1090 non
2939 1036 3049 1103 sit,
3092 1053 3269 1106 neque
3313 1040 3447 1093 sini-

1871 1130 2044 1177 strum
2079 1124 2199 1179 sine
2228 1124 2421 1179 dextro
2450 1142 2470 1179 7:
2503 1125 2583 1183 sic
2610 1140 2733 1179 esse
2762 1140 2870 1179 non
2898 1133 3077 1195 potest
3106 1124 3285 1197 opifex
3314 1128 3441 1183 abs-

1870 1229 1977 1282 que
2018 1214 2270 1284 Opiﬁcio,
2316 1231 2494 1285 neque
2547 1216 2826 1285 opiﬁcium
2879 1217 2997 1271 sine
3022 1218 3235 1286 opiﬁce.
3290 1217 3439 1283 Quo-

1870 1308 2013 1361 circa
2044 1308 2091 1363 si
2128 1306 2307 1378 opifex
2355 1308 2653 1378 ingenitus,
2705 1308 3007 1379 ingenitum
3058 1318 3112 1364 et
3143 1309 3440 1379 opiﬁcium.

1868 1398 1937 1451 At
1970 1398 2017 1453 si
2050 1400 2176 1467 quis
2203 1399 2386 1454 dicere
2415 1400 2563 1463 velit,
2600 1401 2754 1469 prius
2796 1400 2982 1467 fuisse
3032 1400 3308 1470 opiﬁcem,
3348 1417 3443 1472 po—

1870 1490 2073 1545 sterius
2107 1499 2289 1545 autem
2325 1491 2603 1561 opiﬁcium
2627 1532 2643 1559 ,
2678 1491 2787 1545 alio
2808 1508 3038 1562 quoque
3074 1479 3443 1561 implicabitur

1867 1581 2133 1636 absurdo.
2197 1581 2387 1637 Dicere
2442 1583 2590 1639 enim
2632 1585 2954 1657 reperietur,
3012 1585 3254 1653 potentia
3320 1602 3442 1642 esse

1867 1673 2140 1742 opiﬁcem,
2169 1689 2278 1728 non
2313 1682 2442 1729 actu
2475 1672 2644 1745 (quod
2668 1690 2806 1731 sane
2839 1675 2985 1729 aliud
3010 1690 3117 1730 non
3148 1684 3249 1743 est,
3275 1690 3437 1745 quam

1868 1762 2035 1819 Deum
2065 1764 2440 1835 imperfectum
2482 1765 2709 1837 dicere),
2741 1782 2806 1821 ac
2854 1774 3116 1836 prmterea
3164 1767 3439 1838 Opificium

1867 1856 2224 1912 nihilominus
2249 1873 2372 1912 cum
2408 1858 2601 1927 opiﬁce
2643 1859 2966 1924 subsistere,
3002 1867 3054 1913 et
3087 1862 3347 1930 potentia,
3372 1868 3439 1921 ut

1866 1947 2137 2017 opiﬁcem,
2170 1964 2314 2014 esse,
2346 1965 2473 2003 cum
2515 1951 2744 2004 relativa
2776 1951 2942 2006 simul
2966 1952 3255 2020 aequaliter
3300 1953 3436 2017 sub-

1867 2039 2085 2093 sistant.
2123 2038 2305 2105 Quare
2336 2041 2380 2096 si
2407 2040 2591 2109 opifex
2621 2041 2867 2110 potentia
2891 2049 2976 2097 est
2995 2085 3010 2107 ,
3040 2042 3279 2111 potentia
3309 2057 3443 2112 quo.

1866 2145 1971 2199 que
2002 2128 2313 2209 Opiﬁcium:
2345 2131 2432 2187 sin
2468 2129 2650 2202 Opifex
2693 2141 2817 2186 actu
2848 2140 2902 2188 et
2933 2130 3231 2201 perfectus:
3279 2134 3435 2188 simi-

1870 2224 1996 2277 liter
2036 2234 2089 2279 et
2120 2224 2417 2295 opificium.
2454 2226 2613 2290 Clare
2660 2226 2829 2299 igitur
2870 2227 3104 2297 quisque
3137 2227 3436 2298 .perSpicit,

1869 2334 1976 2373 una
2005 2333 2128 2371 cum
2160 2317 2375 2387 opiﬁce,
2407 2325 2681 2389 quatenus
2710 2317 2892 2390 opifex
2922 2329 3028 2384 est,
3062 2318 3223 2375 simul
3252 2318 3436 2374 subsi-

1867 2421 2011 2464 stere
2039 2408 2337 2479 opiﬁcium.

2110 2699 2237 2755 Non
2259 2709 2397 2756 recte
2416 2701 2647 2759 instituti
2658 2702 2894 2772 responsi
2915 2702 3189 2771 refutatio.

1933 2812 1985 2867 i.
2017 2810 2187 2878 Quasi
2212 2814 2648 2869 demonstrasset
2672 2828 2967 2884 responsor
2986 2813 3041 2868 in
3067 2813 3188 2869 aliis
3201 2813 3317 2869 suis
3343 2830 3431 2869 re-

1863 2907 2249 2978 sponsionibus
2274 2906 2536 2961 mundum
2566 2920 2688 2962 esse
2718 2905 3044 2976 ingenitum,
3073 2906 3150 2959 ita
3177 2914 3229 2960 et
3248 2905 3304 2960 in
3327 2906 3431 2961 hac

1860 3001 2113 3069 praesenti
2140 2998 2793 3067 responsione-pollicetur
2828 2998 3323 3053 demonstraturum
3371 3012 3431 3056 se

1862 3092 2127 3145 mundum
2165 3105 2288 3146 esse
2322 3090 2640 3159 ingenitﬁm.
2664 3088 2841 3160 Atque
2869 3088 2916 3141 is
2947 3086 3165 3158 quidem
3210 3087 3267 3141 in
3302 3086 3428 3143 aliis

175 3181 424 3257 κρίσεσιν
454 3180 577 3233 οὔτε
607 3183 672 3234 ἐκ
698 3180 806 3234 τῶν
839 3180 1086 3250 φανερῶν
1114 3196 1175 3231 τε
1217 3180 1311 3231 καὶ¹
1342 3179 1631 3251 γνωρίμων
1661 3180 1754 3233 τοῦ

1860 3178 2310 3253 responsionibus
2342 3197 2517 3252 neque
2549 3197 2616 3235 ex
2645 3180 2955 3235 manifestis
2988 3194 3053 3236 ac
3084 3180 3318 3249 cognitis
3341 3195 3425 3235 re-

175 3274 388 3343 κόσμου
413 3274 734 3343 ἐδογμάτισε
763 3273 860 3344 τὴν
890 3272 1238 3343 ἀγεννησίαν,
1269 3271 1390 3324 οὕτε
1410 3271 1606 3341 διάτῆς
1624 3274 1759 3326 ἀπο-

172 3364 395 3429 δείξεως
420 3364 626 3434 ταύτην
656 3364 868 3435 ἔθηκεν,
901 3363 1036 3416 ἀλλά
1072 3364 1227 3434 μόνον
1258 3362 1398 3416 κατά
1422 3362 1519 3434 τὴν
1551 3364 1754 3419 οἰκείαν

173 3454 461 3508 αὐθεντίαν
489 3456 551 3509 τὸ
572 3454 763 3509 δοκοῦν
804 3448 951 3525 αὐτῷ
990 3456 1322 3526 ἀπεφήνατο.
1370 3454 1569 3507 Ἐλθὼν
1596 3454 1653 3508 δὲ
1675 3456 1755 3517 είς

171 3550 275 3620 τὴν
307 3547 587 3620 παροῦσαν
615 3547 819 3620 ταύτην
854 3548 1165 3616 ἀπόκρισιν,
1196 3548 1253 3600 ὲν
1362 3548 1617 3618 πειρᾶται
1646 3547 1755 3600 δεῖ-

172 3641 264 3706 ξαι
284 3640 378 3693 τὸν
397 3639 599 3708 κόσμον
628 3638 943 3709 ἀγέννητον,
968 3638 1181 3709 πρῶτον
1220 3638 1493 3707 μέμνηται
1518 3632 1626 3691 τῶν
1650 3656 1755 3691 πα·-

171 3732 361 3796 λαιῶν,
404 3731 660 3801 γεννητὸν
701 3730 1000 3802 εἰρηκότων
1024 3730 1114 3782 τὸν
1149 3729 1351 3799 κόσμον
1375 3746 1390 3759 ⁸
1416 3729 1509 3793 οὒς
1540 3731 1753 3795 δικαίας

174 3824 437 3895 μέμψεως
464 3822 645 3886 ἔλεξεν
667 3822 869 3886 ἀξίους,
893 3822 1148 3891 γεννητὸν
1184 3820 1275 3873 τὸν
1303 3821 1505 3893 κόσμον
1533 3824 1752 3897 εἰρηκό-

169 3933 291 3979 τας,
348 3918 397 3967 εί
432 3914 506 3986 μὴ
544 3916 666 3977 ταῖς
718 3913 930 3985 ἑτέραις
970 3913 1149 3966 αὐτῶν
1181 3915 1383 3983 φωναῖς
1406 3912 1515 3976 τὰς
1548 3902 1752 3979 οἰκείας

169 4004 348 4057 αὐτῶν
368 4004 551 4073 φωνὰς
584 4003 887 4074 ἀνέτρεψαν
916 4003 1179 4073 λεγούσας
1208 4004 1300 4057 τὸν
1325 4005 1527 4075 κόσμον
1560 4022 1751 4075 γεννη-

166 4097 283 4150 τόν.
318 4095 489 4148 Τοῦτο
518 4096 575 4148 δὲ
606 4096 666 4149 ού
695 4094 907 4158 δικαίας
951 4096 1069 4149 ἐστὶ
1117 4097 1377 4167 μέμψεως
1420 4097 1750 4151 ἀπαλλακτι-

168 4190 287 4253 κδν,
315 4186 451 4242 ἀλλά
479 4188 758 4257 ποιητικὸν
791 4188 990 4258 μᾶλλον
1009 4190 1108 4260 τῆς
1142 4188 1384 4260 μεγάλης
1415 4192 1511 4243 καὶ
1534 4190 1749 4254 δικαίας

170 4279 453 4350 μέμψεως,
485 4279 548 4331 τὸ
576 4278 747 4332 θεῖναι
776 4280 870 4333 ἐπὶ
889 4279 989 4350 τῆς
1001 4278 1095 4333 τοῦ
1126 4279 1330 4349 κόσμου
1358 4281 1622 4349 γενέσεως
1650 4282 1748 4353 τὴν

166 4371 331 4439 φάσιν
348 4370 440 4422 καὶ
450 4370 548 4440 τὴν
565 4369 950 4438 ἀπόφασιν,καὶ
962 4369 1023 4421 τὸ
1038 4372 1147 4433 τοῖς
1159 4370 1375 4434 οἰκείοις
1392 4371 1569 4439 λόγοις
1582 4373 1750 4443 μάχε-

167 4462 293 4517 σθαι
324 4461 485 4514 αὑτὸν
527 4461 637 4533 (88)
671 4462 869 4533 ἐαυτῷ.
914 4453 1025 4517 Καὶ
1051 4464 1220 4518 ταῦτα
1255 4465 1354 4537 μὲν
1392 4466 1629 4538 είρήσθω
1665 4469 1745 4532 είς

1858 3275 1963 3331 bus
1989 3274 2251 3329 mundum
2283 3274 2470 3328 statuit
2498 3286 2620 3326 esse
2651 3271 2974 3341 ingenitum,
3005 3286 3180 3341 neque
3203 3270 3428 3325 demon-

1857 3368 2123 3422 stratione
2148 3367 2203 3421 id
2234 3365 2431 3428 eﬁ'ecit,
2464 3364 2559 3420 sed
2594 3372 2805 3419 tantum
2855 3362 3073 3432 prOpria
3106 3377 3206 3417 sua
3239 3370 3428 3417 aucto-

1856 3460 2017 3515 ritate
2062 3459 2385 3517 sententiam
2421 3473 2576 3514 suam
2623 3457 3015 3527 pronuntiavit.
3063 3454 3297 3513 Veniens
3328 3472 3426 3511 au-

1855 3556 1966 3606 tem
1990 3550 2058 3604 ad
2091 3550 2233 3606 hanc
2264 3548 3047 3620 praesentcmresponsionem,
3080 3546 3135 3600 in
3182 3562 3290 3618 qua
3331 3561 3426 3603 co-

1856 3654 2019 3700 natur
2069 3645 2447 3700 demonstrem
2491 3641 2754 3695 mundum
2796 3656 2918 3721 esse
2963 3639 3283 3709 ingenitum,
3314 3642 3426 3710 pri-

1858 3755 2002 3793 mum
2036 3736 2283 3792 meminit
2314 3736 2685 3812 antiquorum,
2716 3733 2810 3804 qui
2862 3732 3127 3787 mundum
3179 3732 3421 3803 genitqu

1855 3831 2137 3895 dixerunt,
2171 3843 2375 3897 eosque
2396 3827 2553 3897 justo
2580 3825 2848 3894 vituperio
2869 3825 3066 3895 dignos
3095 3824 3339 3882 dixisset.
3373 3826 3420 3879 si

1854 3938 1963 3977 non
1998 3922 2249 3991 pmprias
2297 3933 2427 3975 suas
2476 3924 2660 3993 voces,
2702 3932 2822 3987 qum
2869 3915 3131 3971 mundum
3176 3915 3419 3989 genitum

1852 4014 2063 4077 dicunt,
2092 4013 2217 4066 aliis
2244 4010 2471 4065 vocibus
2496 4008 2840 4064 evertissent.
2867 4007 2925 4062 id
2972 4012 3151 4062 autem
3179 4021 3288 4060 non
3335 4014 3421 4060 est

1846 4106 2007 4177 justa:
2049 4098 2487 4175 reprehensionis
2503 4092 2877 4171 ‘prOpulsatio,
2896 4099 2991 4155 sed
3018 4098 3199 4169 potius
3211 4110 3418 4169 magna!

1849 4210 1903 4258 et
1933 4198 2097 4271 iusta
2126 4195 2547 4267 vituperationis
2575 4194 2824 4259 materia,
2868 4194 2935 4248 de
2975 4191 3165 4246 mundi
3193 4206 3418 4263 genera-

1849 4296 1997 4349 tione
2045 4290 2455 4345 aﬂirmationem
2485 4295 2539 4342 et
2566 4286 2905 4357 negationem
2940 4298 3161 4354 ponere,
3190 4294 3253 4337 ac
3274 4298 3410 4353 apro-

1848 4382 2249 4455 priis‘vocibus
2292 4393 2479 4435 secum
2524 4391 2786 4448 pugnare.
2829 4374 3005 4445 Atque
3050 4373 3165 4427 haec
3194 4373 3414 4442 quidem

1848 4477 1992 4531 dicta
2021 4481 2187 4529 sunto
2221 4471 2486 4543 probandi
2516 4485 2702 4533 causa,
2728 4468 3002 4522 immerito
3029 4478 3413 4536 responsorem

164 4554 385 4624 ἔλεγχον
405 4553 497 4606 τοῦ
518 4553 824 4625 μὴδικαίως
858 4556 1160 4637 κεχρῆσθαι
1190 4557 1281 4609 τὸν
1311 4557 1742 4629 ἀποκρινάμενον

1857 4583 2009 4624 usum
2043 4583 2167 4625 esse
2198 4566 2425 4621 vocibus
2456 4554 2895 4619 secum'invicem
2923 4559 3313 4631 pugnantibus,
3351 4565 3413 4611 ut

161 4641 283 4703 ταῖς
303 4640 559 4710 ἀλλήλαις
594 4643 921 4712 μαχομέναις
955 4648 1155 4713 φωναῖς
1188 4647 1324 4717 πρὸς
1349 4648 1618 4715 ἀπόδειξιν
1649 4668 1741 4702 συ-

165 4731 426 4801 στατικὴν
447 4730 541 4784 τοῦ
582 4730 673 4784 τὸν
697 4732 901 4803 κόσμον
930 4730 1070 4787 εἷναι
1104 4734 1417 4807 ἀγέννητον.
1463 4738 1652 4809 Ἡμεῖς
1680 4739 1736 4792 δὲ

162 4819 506 4891 ἐξετάσωμεν
542 4822 640 4884 τάς
671 4824 778 4875 τῶν
804 4823 1046 4877 παλαιῶν
1075 4825 1297 4878 ἐκείνων
1321 4826 1523 4895 φωνὰς,
1558 4830 1615 4881 ἐν
1646 4824 1737 4894 αἷς

159 4906 514 4977 δεδειγμένως
539 4910 630 4963 τὸν
654 4910 853 4981 κόσμον
876 4912 1166 4985 ἀγέννητον
1189 4915 1564 4983 ἀποφαίνουσι,
1593 4918 1734 4972 καθά

160 5017 327 5071 φησιν
348 5003 377 5052 ό
398 5001 851 5072 ἀποκρινάμενος.

232 5094 417 5147 2.Ὅτι
430 5092 782 5164 δὲ,φησὶ,καὶ
801 5094 869 5147 ἐκ
884 5095 1100 5149 τούτου
1117 5096 1225 5151 τοῦ
1237 5098 1424 5168 λόγου
1435 5099 1737 5153 δείκνυται

156 5211 192 5261 ό
210 5210 438 5278 κόσμος
463 5209 815 5278 ἀγέννητος,
834 5211 934 5264 καὶ
964 5212 1139 5266 τοῦτο
1162 5214 1343 5266 παντί
1367 5226 1483 5265 που
1511 5213 1729 5283 δῆλον.

171 5318 348 5373 Ἀλλὰ
364 5320 462 5372 καὶ
477 5319 533 5372 ει
540 5336 630 5385 τις
640 5321 832 5385 ἐθέλοι
847 5322 1065 5391 λέγειν,
1078 5321 1157 5389 ὥς
1168 5340 1325 5389 τινες
1336 5323 1453 5377 τῶν
1470 5321 1739 5377 παλαιῶν

157 5431 266 5482 τὸν
290 5431 523 5500 κόσμον
544 5432 831 5502 γεννητόν
845 5434 1158 5499 καλοῦσιν,
1174 5435 1225 5487 εί
1240 5433 1357 5503 μὲν
1369 5434 1731 5499 ἐπιπολαίως

158 5540 532 5610 προσέχουσι
575 5544 701 5611 τοῖς
745 5546 967 5616 λόγοις,
1001 5546 1335 5615 μέμψοιντο
1361 5545 1438 5600 ἂν
1488 5544 1729 5609 δικαίως

1842 4659 2105 4715 mundum
2150 4673 2273 4714 esse
2334 4655 2630 4726 ingenitum
2683 4650 3101 4704 demonstraret.
3155 4645 3266 4702 Nos
3312 4660 3412 4699 au-

1836 4764 1947 4814 tem
1983 4759 2225 4806 veterum
2276 4750 2493 4802 illorum
2534 4744 2905 4815 expendamus
2926 4740 3093 4803 dicta,
3132 4740 3186 4794 in
3208 4739 3410 4810 quibus

1837 4826 2100 4898 mundum
2157 4840 2456 4913 ingenitum
2496 4852 2639 4902 esse,
2670 4842 2728 4889 ut
2785 4834 2861 4887 ait
2911 4845 3228 4901 responsor,
3260 4830 3410 4885 clare

1834 4935 2206 5007 pronuntiant.

1906 5090 2073 5162 528
2101 5088 2156 5143 2.
2186 5085 2290 5142 Sed
2312 5102 2375 5140 ea:
2392 5084 2489 5137 hac
2514 5083 2673 5137 etiam
2697 5081 2901 5133 ratione
2924 5074 3178 5130 mundum
3196 5073 3403 5143 ingeni-

1835 5166 1947 5236 tum
1990 5179 2366 5243 demonstrari,
2400 5176 2455 5230 id
2476 5191 2676 5246 quoque
2697 5170 2908 5226 cuilibet
2932 5168 3290 5235 manifestum.
3342 5163 3415 5216 Si

1832 5275 1949 5344 quis
1990 5281 2163 5325 autem
2196 5271 2367 5323 dicere
2408 5267 2529 5322 velit
2561 5264 2812 5319 mundum
2842 5259 3402 5316 anonnullislveterum

1831 5360 2120 5429 ingenitum
2137 5359 2344 5421 vocari;
2377 5356 2563 5410 merito
2592 5369 2719 5407 sane
2755 5347 3203 5420 reprehendantur
3230 5345 3318 5415 qui
3347 5344 3400 5396 id

1832 5454 2101 5516 dixerunt,
2127 5452 2173 5503 si
2214 5466 2396 5504 eorum
2450 5446 2591 5499 dicta
2636 5444 2813 5497 leviter
2850 5437 3276 5493 considerentur:
3311 5439 3399 5486 sed

1834 5545 1881 5598 si
1902 5557 2145 5597 accurate
2176 5543 2510 5610 investigetur
2542 5533 2862 5607 profundum
2890 5548 3091 5595 eorum,
3116 5543 3231 5598 quae
3252 5527 3400 5578 dixe-

234 5694 340 5771 (88)
378 5696 613 5763 Ἑαυτῷ.
668 5697 757 5755 Sic
799 5698 863 5756 ii.
917 5699 1225 5771 Stephanus
1280 5699 1606 5756 emendavit.
1654 5698 1758 5770 Leg

1857 5715 1876 5753 r
1938 5699 2150 5762 ἑαυτοῖς
2194 5698 2251 5751 ἱιι
2302 5704 2535 5766 utroque
2584 5709 2688 5749 ms.
2751 5691 2920 5746 Paulo
2980 5695 3107 5743 ante
3147 5687 3249 5755 leg.
3296 5682 3395 5737 οὐκ

159 5764 362 5821 ἀδίκου.
