4146 6428
756 327 894 381 ΝΗ

1499 322 1859 377 ΑΡΡΕΝΒΙΧ.
1901 355 1969 364 —
2005 323 2187 377 PARS
2226 323 2265 378 l.
2307 327 2364 380 S.
2407 326 2676 384 JUSTlNl
2717 325 2949 383 OPERA
2987 328 3262 386 SPURIA.

3929 333 4056 386 H‘S

755 454 902 507 runt,
928 444 1214 510 reperietur
1246 449 1493 494 accurate
1522 450 1572 493 et
1608 440 1750 494 clare
1780 441 2032 494 mundum
2066 440 2130 494 ab
2156 443 2230 494 eis
2255 444 2332 494 in-

2439 445 2581 512 τοὺς
2631 447 2806 502 τοῦτο
2853 449 3176 517 λέγονταςο
3213 450 3263 500 ει
3304 446 3372 500 δὲ
3399 448 3465 500 τὸ
3509 446 3714 513 ,ϐάθος
3757 450 4054 511 κατανοή-

754 537 993 606 gem’tum‘
1028 533 1382 602 pronuntiari.
1427 531 1569 584 Nam
1591 548 1712 585 cum
1744 535 1843 601 ipsi
1878 533 2057 586 dicant
2077 535 2344 601 exempla-

753 646 867 682 rem
908 637 959 682 et
995 627 1313 696 effectricem
1357 641 1578 678 causam
1619 641 1732 678 esse
1775 635 2051 690 internum,
2085 627 2244 695 liquet
2293 637 2342 680 et

754 721 1034 780 mundum,
1064 721 1156 789 qui
1180 721 1455 788 utriusque
1475 719 1747 786 opiﬁcium
1770 728 1870 785 est,
1899 729 2149 772 aeternum
2178 719 2243 772 ab
2264 722 2340 774 eis

752 813 1112 881 pronuntiari.
1155 809 1214 864 Si
1240 821 1450 864 veteres
1482 818 1784 881 posuerunt
1815 811 2077 864 mundum
2108 826 2230 866 esse
2252 827 2342 880 ge-

753 906 957 968 nitum,
984 903 1149 974 idque
1177 904 1372 958 leviter
1398 904 1811 958 consideratum
1863 913 2046 957 manet
2081 904 2339 956 immuta-

753 999 884 1063 bile,
919 998 1136 1068 penitus
1187 997 1515 1066 vestigatum
1567 996 1799 1048 vertitur
1853 997 1908 1049 in
1963 997 2338 1051 contrarium:

754 1105 856 1145 cur
877 1105 987 1145 non
1021 1091 1077 1144 in
1107 1089 1406 1158 exemplari
1437 1095 1491 1142 et
1525 1087 1802 1141 eﬁ'ectrice
1831 1101 2021 1149 causa,
2055 1101 2216 1156 quam
2243 1103 2335 1140 an-

755 1183 893 1254 tiqui
925 1190 1253 1253 posuerunt,
1292 1181 1458 1236 simili
1490 1179 1625 1234 levis
1649 1188 1702 1234 et
1727 1187 1998 1232 accuratae
2029 1179 2342 1234 considera-

753 1276 923 1331 tionis
970 1272 1375 1345 permutatione
1409 1279 1571 1326 utens
1602 1284 1924 1338 responsor,
1958 1271 2224 1323 mundum
2254 1270 2340 1323 in-

753 1369 1020 1438 genitum,
1053 1381 1215 1435 quem
1251 1363 1459 1432 antiqui
1486 1362 1849 1425 admiserunt,
1879 1363 1934 1414 in
1958 1361 2200 1431 genitum
2226 1378 2339 1414 mu-

762 1460 920 1520 tavit,
950 1468 1008 1512 ut
1045 1457 1112 1510 ab
1156 1457 1246 1518 iis,
1278 1456 1371 1524 qui
1415 1455 1468 1508 id
1499 1454 1780 1516 dixerunt,
1800 1455 2005 1522 justam
2041 1451 2338 1521 reprehen-

752 1551 962 1606 sionem
1015 1546 1414 1618 propulsaret?
1445 1545 1601 1610 Quod
1649 1545 1694 1598 si
1751 1545 1805 1598 id
1855 1543 2157 1597 absurdum
2189 1540 2334 1594 factu

749 1652 865 1708 est,
910 1657 977 1695 ex
1031 1656 1219 1694 rerum
1270 1639 1486 1691 naturis
1521 1636 1932 1692 consideranda
1986 1636 2333 1703 antiquorum

2445 553 2670 590 σουσιν
2730 538 2984 606 ἀκριϐῶς
3046 538 3164 592 τῶν
3227 539 3596 608 λεχθέντων,
3670 539 4054 606 εὐρήσοιοσιτ

2443 629 2698 697 ἀκριϐῶς
2757 631 2854 684 καὶ
2929 630 3139 699 σαφῶς
3208 632 3545 700 ἀγέννητον
3607 631 3886 696 τούτους
3962 649 4054 684 rm

2444 722 2678 789 κόσμον
2706 722 3248 790 ἀποφαινομένους.
3276 722 3456 775 Αὐτοὶ
3478 723 3588 791 γὰρ
3613 721 3926 790 λέγοντες
3953 724 4054 785 τήν

2441 830 2507 867 τε
2535 813 3088 883 παραδειγματικὴν
3102 814 3200 865 καὶ
3225 814 3548 880 ποιητικὴν
3573 814 3786 867 αἰτίαν
3812 814 4052 883 (ir-errr,-

2442 920 2548 955 τον
2569 899 2744 967 εἶναι,
2775 902 3058 970 δηλονότι
3085 904 3185 957 καὶ
3225 907 3332 957 τόν
3355 906 3588 973 κόσμον
3617 905 4049 975 δημιούργημα

2441 995 2669 1046 τούτων
2705 993 2874 1057 ὄντα,
2917 992 3124 1063 σαφῶς
3172 995 3506 1065 ἀγέννητον
3561 997 4046 1065 ἀποφαίνουσιν.

2443 1085 2507 1136 El
2536 1086 2714 1137 κεῖται
2743 1087 2860 1147 τοῖς
2888 1084 3137 1148 παλαιοῖς
3149 1085 3210 1138 τὸ
3227 1088 3486 1156 γεννητὸν
3516 1085 3659 1139 εἶναι
3690 1088 3795 1140 τὸν
3824 1091 4047 1159 κόσμον,

2442 1177 2535 1228 καὶ
2569 1177 2901 1239 ἐπιπολαίως
2953 1178 3053 1246 μὲν
3099 1178 3384 1248 νοούμενον
3439 1180 3500 1232 τὸ
3572 1181 3848 1250 κείμενον
3910 1184 4046 1251 μένει

2441 1269 2836 1339 ἀμετάϐλητον,
2875 1269 3085 1339 βαθέως
3115 1270 3225 1342 (89)
3249 1271 3306 1323 δὲ
3332 1271 3648 1341 νοούμενον,
3683 1275 3774 1335 είς
3802 1274 3869 1326 τὸ
3907 1277 4047 1327 ἀντι-

2440 1361 2694 1428 κείμενον
2728 1362 3078 1431 μεταπίπτει,
3136 1361 3228 1414 διά
3263 1362 3317 1414 τί
3351 1363 3424 1434 μὴ
3467 1364 3569 1432 τὴν
3593 1365 4048 1436 παραδειγματ-

2441 1451 2546 1521 κήν
2569 1467 2629 1502 τε
2657 1451 2753 1504 καὶ
2790 1453 3078 1522 ποιητικὴν
3119 1453 3300 1505 αίτίαν
3340 1455 3439 1523 τὴν
3472 1455 3742 1525 κειμένην
3790 1460 3915 1519 τοῖς
3949 1472 4044 1508 περ

2445 1542 2640 1606 λαιοῖς,
2670 1546 2792 1606 ταῖς
2823 1545 3038 1613 ὁμοίαις
3080 1548 3395 1617 προσοχαῖς,
3434 1547 3529 1599 τοῦ
3579 1547 3942 1612 ἐπιπολαίως
3981 1551 4048 1616 τί,

2439 1632 2649 1701 βαθέως
2689 1636 3038 1706 χρησαμένου
3072 1622 3204 1707 (90),
3227 1640 3307 1702 είς
3341 1640 3719 1710 ἀντικείμενον
3774 1643 4046 1720 μεταϐαλ-

749 1735 919 1797 dicta,
943 1750 1051 1788 non
1099 1747 1167 1786 ex
1205 1731 1442 1785 diversis
1483 1728 2018 1788 considerationibus
2077 1741 2163 1788 ea,
2213 1739 2332 1794 qua:

2435 1724 2692 1793 λομέναις
2711 1727 3054 1797 χρησάμενος
3158 1731 3612 1800 ἀποκρινάμενος,
3652 1733 3750 1784 τὸν
3781 1736 4043 1803 γεννητὸν

750 1831 882 1879 sunt
909 1791 1157 1886 istatuta,
1219 1823 1271 1875 in
1307 1821 1648 1874 contrarium
1689 1818 2049 1877 vertentibus.
2101 1816 2158 1870 Si
2188 1791 2332 1869 aliud

2440 1791 2644 1888 κόσμον
2799 1791 3052 1888 κείμενον
3081 1794 3196 1880 τοῖς
3226 1791 3474 1883 παλαιοῖς
3503 1791 3585 1884 είς
3603 1791 3713 1873 τὸν
3740 1791 4044 1890 ἀγέννητοι

750 1928 836 1969 est
857 1916 1157 1984 exemplar,
1174 1922 1229 1968 et
1259 1912 1405 1966 aliud
1425 1912 1476 1964 id
1505 1910 1650 1981 quod
1683 1910 1748 1963 ad
1771 1910 2078 1978 exemplar;
2107 1910 2337 1978 simplex

747 2007 895 2061 enim
924 2006 1229 2075 exemplar,
1253 2004 1622 2073 compositum
1645 2017 1776 2055 vero
1807 2001 1859 2053 id
1885 2001 2034 2070 quod
2057 1999 2124 2052 ad
2153 2016 2339 2054 exem-

748 2101 872 2170 plar
896 2118 910 2151 :
934 2098 1083 2168 quod
1115 2107 1298 2150 autem
1331 2097 1405 2149 ita
1446 2104 1530 2150 est
1559 2095 1706 2148 aliud
1737 2104 1898 2162 atque
1940 2092 2112 2154 aliud,
2144 2106 2336 2145 neces-

750 2191 901 2246 sario
922 2189 1060 2253 alias
1087 2196 1173 2242 est
1205 2195 1367 2255 atque
1413 2186 1582 2239 alias:
1619 2183 1766 2254 quod
1809 2197 1939 2237 vero
1990 2182 2128 2235 alias
2175 2187 2336 2249 atque

751 2276 911 2340 alias,
950 2275 1005 2329 id
1047 2281 1238 2344 utpote
1293 2273 1450 2342 prius
1503 2280 1558 2327 et
1603 2271 1900 2342 posterius,
1935 2269 2100 2324 simul
2137 2279 2334 2323 natura

747 2382 873 2421 esse
902 2381 1014 2420 non
1047 2375 1227 2436 potest
1259 2386 1272 2420 :
1302 2381 1412 2420 non
1442 2381 1573 2435 ergo
1603 2365 1763 2419 simul
1795 2373 1993 2418 natura
2031 2362 2332 2432 exemplar,

749 2469 804 2512 ct
836 2457 887 2515 id
921 2457 1070 2526 quod
1121 2458 1188 2510 ad
1213 2457 1516 2526 exemplar.
1548 2456 1865 2525 ltesponsor
1899 2471 2046 2508 nunc
2070 2454 2334 2508 mundum

749 2564 1042 2603 commune
1071 2549 1346 2618 Opiﬁcium
1376 2550 1508 2602 dicit
1527 2560 1580 2604 et
1608 2554 1934 2621 exemplaris
1965 2560 2018 2605 et
2048 2551 2333 2606 eﬂ’ectricis

749 2655 952 2703 causae,
986 2649 1040 2693 et
1071 2640 1147 2692 ait
1189 2656 1201 2690 :
1231 2639 1421 2709 Liquet
1455 2653 1507 2692 et
1544 2642 1796 2694 mundum
1826 2644 1917 2712 qui
1957 2642 2146 2694 harum
2182 2643 2335 2710 opiﬁ-

749 2729 890 2782 cium
934 2739 1051 2792 est;
1086 2744 1231 2783 nunc
1252 2729 1547 2785 eﬂecuicis
1571 2731 1794 2800 quidem
1818 2731 2120 2807 opiﬁcium,
2145 2746 2334 2786 exem-

747 2821 919 2891 plaris
947 2829 1130 2876 autem
1165 2822 1479 2891 imaginem.
1516 2821 1597 2876 Ac
1645 2823 1772 2877 inde
1800 2833 2034 2888 constat,
2058 2840 2235 2894 neque
2264 2825 2333 2878 ad

746 2912 1000 2982 opiﬁcem
1047 2913 1314 2966 mundum
1347 2912 1541 2967 referri
1570 2922 1842 2982 quatenus
1874 2915 2053 2984 imago
2081 2923 2188 2978 est,
2235 2931 2334 2970 ne-

745 3021 855 3075 que
895 3005 964 3058 ad
991 3005 1294 3076 exemplar,
1331 3014 1601 3076 quatenus
1641 3008 1945 3076 Opiﬁcium.
1983 3007 2139 3073 Quod
2169 3009 2216 3063 si
2257 3009 2331 3062 ita

2445 1907 2758 1977 μετέϐαλεν,
2777 1908 2863 1960 ῐνα
2880 1909 3010 1970 τοὺς
3030 1905 3190 1959 τοῦτο
3210 1907 3500 1976 εἰρηκότας
3519 1908 3746 1973 δικαίας
3783 1910 4046 1981 μέμψεως

2439 1998 2758 2072 ἀπαλλάξῃς
2791 1999 2854 2051 Et
2882 1999 2941 2052 δὲ
2970 1999 3130 2054 τοῦτο
3171 2003 3346 2053 ποιεῖν
3390 1999 3614 2063 ἄτοπον,
3651 2002 3764 2072 χρῆ
3784 2005 3917 2066 ταῖς

2441 2094 2786 2164 πραγμάτων
2815 2093 3009 2162 φύσεσι
3037 2094 3227 2164 νοῆσαι
3248 2092 3358 2148 τῶν
3382 2093 3628 2148 πλατῶν
3655 2095 3801 2158 τοὺς
3834 2095 4044 2167 λόγους.

2437 2188 2533 2240 καὶ
2571 2189 2654 2257 μὴ
2704 2189 2827 2250 ταῖς
2899 2184 3180 2257 διαφόροις
3231 2189 3530 2257 προσοχαῖς
3565 2185 4047 2256 μεταϐαλλούσας

2435 2278 2506 2330 τὰ
2531 2277 2762 2348 κείμενα
2781 2280 2860 2342 είς
2878 2277 2948 2330 τὰ
2975 2277 3344 2349 ἀντικείμενα.
3360 2277 3566 2331 Bima
3586 2277 3646 2330 τὸ
3684 2279 4044 2354 παράδειγμα

2438 2370 2532 2420 καὶ
2554 2369 2754 2422 ἀλλοτὸ
2769 2369 2912 2422 κατὰ
2931 2370 2992 2421 τὸ
3018 2369 3368 2439 παράδειγμα
3387 2386 3400 2399 ο
3420 2368 3624 2422 ἁπλοῦν
3643 2369 3763 2440 γὰρ
3784 2370 3856 2422 τὺ
3875 2388 3953 2422 πα
3962 2371 4043 2441 pci-

2435 2460 2633 2530 δειγμα
2652 2499 2666 2523 ,
2707 2458 2959 2512 σύνθετον
2989 2459 3047 2512 δὲ
3079 2460 3141 2511 τὸ
3184 2458 3327 2511 κατά
3361 2458 3426 2511 τὺ
3457 2459 3828 2528 παράδειγμα
3850 2476 3864 2490 ·
3901 2462 3966 2512 τὸ
3995 2460 4039 2510 εί

2436 2552 2608 2614 οὕτως
2642 2550 2778 2603 ἄλλο
2797 2552 2891 2604 κα).
2921 2551 3048 2604 ἄλλο
3077 2550 3136 2614 ἐξ
3161 2550 3407 2619 ἀνάγκης
3452 2548 3638 2603 ἄλλοτε
3678 2552 3779 2602 καὶ
3812 2551 4036 2604 ἄλλοτε·

2437 2642 2498 2694 τὸ
2525 2642 2582 2694 δὲ
2621 2641 2808 2695 ἄλλοτε
2845 2642 2940 2694 καὶ
2997 2640 3208 2704 ἄλλοτε,
3242 2641 3512 2711 πρότερον
3545 2640 3641 2692 καὶ
3684 2638 3952 2710 ὕστερον,
3988 2641 4038 2691 οὐ

2435 2734 2657 2787 δύναται
2687 2734 2806 2803 ἅμα
2834 2728 2978 2786 εἶναι
3007 2736 3072 2803 τῇ
3107 2734 3299 2801 φύσει·
3334 2733 3434 2785 οὐκ
3479 2731 3588 2802 ἄρα
3621 2731 3742 2800 ἅμα
3775 2735 3851 2801 τῇ
3890 2732 4040 2801 φύσει

2435 2828 2496 2879 τὸ
2528 2827 2875 2897 παράδειγμα
2910 2825 3002 2878 καὶ
3044 2824 3107 2877 τὸ
3135 2824 3277 2877 κατά
3297 2825 3358 2876 τὸ
3385 2823 3759 2894 παράδειγμα.
3811 2825 3873 2876 Ὀ
3907 2825 4037 2875 ἀπο-

2437 2920 2765 2992 κρινάμενός
2801 2935 2932 2970 ποτε
2991 2917 3090 2987 μὲν
3120 2917 3296 2970 κοινὸν
3339 2917 3733 2986 δημιούργημα
3765 2916 3925 2983 λέγει
3953 2917 4039 2968 τὶν

2438 3013 2640 3080 κόσμον
2667 3009 2766 3078 τῆς
2797 3026 2858 3060 τε
2881 3006 3388 3079 παραδειγματικῆς
3410 3007 3590 3068 αἰτίας
3624 3006 3722 3058 καὶ
3755 3007 3865 3076 τῆς
3886 3023 4036 3075 ποιῇ-

746 3103 869 3160 est,
918 3113 1028 3152 non
1083 3111 1216 3167 ergo
1269 3113 1458 3151 verum
1507 3105 1594 3152 est
1639 3113 1829 3151 eorum
1893 3100 2167 3170 opiﬁcium
2213 3116 2332 3155 esse

2436 3103 2616 3172 τικῆς,
2643 3101 2742 3154 καί
2797 3116 2964 3168 φησι·
3002 3096 3200 3163 Δῆλον
3255 3097 3345 3150 ὅτι
3397 3096 3496 3149 καὶ
3523 3095 3632 3149 τὸν
3655 3096 3908 3164 κόσμον
3939 3094 4040 3159 δη-

748 3186 1032 3242 mundum.
1066 3185 1127 3240 Si
1151 3187 1449 3256 exemplari
1479 3187 1662 3257 opifex
1701 3189 1964 3244 mundum
1995 3189 2207 3249 condit.
2233 3207 2329 3243 vo-

747 3283 867 3336 lens
889 3296 1015 3335 eum
1039 3281 1247 3335 condit.
1279 3280 1389 3334 Sed
1412 3281 1458 3334 si
1499 3282 1626 3351 quia
1659 3289 1741 3336 est
1770 3282 1980 3347 condit,
2011 3299 2336 3354 supervaca-

746 3387 910 3428 neum
930 3373 1233 3442 exemplar,
1267 3386 1394 3427 cum
1419 3376 1556 3428 satis
1585 3373 1659 3428 sit
1692 3373 1862 3429 Deum
1895 3390 2040 3438 esse,
2075 3384 2132 3428 ut
2157 3375 2249 3428 ﬁat
2280 3374 2333 3427 id

743 3464 895 3536 quod
946 3467 1007 3519 lit
1053 3480 1206 3519 :nec
1257 3464 1558 3535 quidquam
1614 3467 1719 3520 loci
1747 3476 1834 3522 est
1891 3468 2178 3521 voluntati.
2214 3466 2330 3521 Non

743 3558 891 3613 enim
922 3555 1233 3621 voluntaria
1263 3565 1414 3620 sunt,
1447 3572 1570 3628 qua:
1601 3559 1818 3612 etiamsi
1852 3574 1961 3612 non
1988 3560 2150 3613 vel'let
2173 3561 2220 3614 is
2238 3561 2330 3627 qui

745 3648 902 3713 facit,
929 3647 1130 3704 ﬁerent
1160 3656 1364 3704 tamen.
1394 3648 1528 3706 Tale
1555 3657 1642 3704 est
1667 3666 1857 3705 eorum
1879 3665 2017 3720 Opus
2043 3652 2136 3720 qui
2165 3659 2333 3721 agunt

744 3740 876 3810 quia
900 3748 1050 3794 sunt.
1080 3738 1227 3796 Deus
1269 3740 1496 3809 quidem
1540 3741 1658 3814 ipse
1688 3741 1965 3811 ingenitus
2008 3750 2116 3806 est,
2148 3758 2334 3797 exem—

744 3834 867 3904 plar
894 3840 1078 3886 autem
1110 3832 1298 3902 genuit
1317 3847 1388 3886 ex
1417 3846 1518 3886 sua
1549 3832 1723 3901 ipsius
1755 3841 1956 3899 mente,
1987 3825 2331 3887 et'mundum

744 3940 813 3979 ex
843 3924 1073 3978 materia
1094 3922 1400 3978 secundum
1415 3923 1693 3992 exemplar
1726 3923 1993 3978 condidit.
2037 3923 2141 3979 Sed
2169 3925 2238 3987 si,
2273 3933 2331 3977 ut

744 4017 926 4085 placet
971 4013 1313 4084 responsori,
1360 4015 1490 4084 quia
1538 4029 1677 4082 opus
1727 4023 1814 4071 est
1864 4014 2090 4085 ingeniti
2120 4015 2331 4084 opiﬁcis

744 4109 1008 4174 mundus,
1037 4108 1250 4162 idcirco
1283 4107 1564 4177 ingenitus
1590 4116 1708 4171 est;
1747 4108 1852 4162 erit
1885 4107 2132 4178 profecto
2170 4117 2224 4163 et
2246 4110 2329 4162 in-

741 4201 992 4273 genitum
1043 4200 1347 4269 exemplar,
1375 4200 1504 4270 quia
1535 4201 1676 4255 fetus
1701 4211 1786 4254 est
1813 4200 2060 4270 ingeniti.
2094 4200 2251 4267 Quod
2281 4202 2326 4256 si

745 4292 1048 4347 absurdum
1097 4299 1186 4346 est
1239 4289 1412 4344 fetum
1485 4291 1790 4358 ingenitum
1867 4291 2083 4358 dicere,
2139 4295 2329 4345 absur-

743 4387 873 4441 dum
903 4385 1153 4456 proiecto
1181 4391 1237 4439 et
1285 4385 1589 4454 ingenitum
1645 4384 1830 4440 dicere
1876 4385 1929 4439 id
1977 4385 2124 4454 quod
2180 4386 2326 4455 geni—

2432 3199 2768 3266 μιούργημα
2793 3195 3020 3247 τούτων
3047 3192 3194 3245 ὄντα
3213 3209 3225 3220 ’
3258 3192 3388 3244 ποτὲ
3408 3191 3466 3243 δὲ
3489 3191 3586 3262 τῆς
3613 3189 3715 3260 μὲν
3738 3190 4038 3260 ποιητικῆς

2434 3286 2848 3358 δημιούργημα,
2879 3285 2982 3355 τῆς
3013 3283 3069 3336 δὲ
3108 3280 3620 3354 ωραδειγματικῆς
3661 3280 3877 3332 εἰκόνα.
3932 3281 4039 3332 Καὶ

2435 3378 2591 3448 δῆλον
2641 3380 2708 3430 ὲκ
2759 3376 2975 3439 τούτου,
3023 3375 3104 3427 ὅτι
3149 3374 3271 3428 οὒτε
3307 3373 3386 3443 τῷ
3434 3371 3758 3442 δημιουργῷ
3807 3371 3953 3443 πρὸς
3987 3374 4039 3422 τὶ

2435 3472 2572 3534 ἐστὶ,
2605 3469 2742 3524 καθὸ
2790 3468 2954 3522 εἰκὼν
2995 3469 3025 3520 ὁ
3082 3468 3307 3536 κόσμος,
3342 3465 3465 3519 οὔτε
3493 3464 3572 3535 τῷ
3601 3463 4034 3534 παραδείγματι,

2435 3561 2572 3616 καθὸ
2626 3558 3035 3631 δημιούργημα.
3084 3557 3220 3609 Ἀλλ’
3264 3558 3312 3609 εἰ
3335 3555 3514 3616 τοῦτο,
3558 3557 3660 3607 οὐκ
3692 3555 3804 3624 ἄρα
3835 3556 4035 3625 ἀληθὲς

2434 3655 2494 3707 τὸ
2517 3653 2724 3706 τούτων
2746 3645 2886 3704 εἶναι
2913 3649 3304 3722 δημιούργημα
3343 3648 3434 3702 τὸν
3475 3647 3700 3718 κόσμον.
3736 3649 3800 3700 ΕΞ
3830 3648 3914 3718 τῷ
3935 3666 4034 3700 πα-

2437 3747 2756 3817 ραδείγματι
2775 3747 3111 3816 δημιουργεῖ
3129 3743 3457 3816 δημιουργὸς
3475 3743 3568 3795 τὸν
3589 3741 3824 3812 κόσμον,
3853 3741 4034 3812 βουλό·

2438 3856 2598 3909 μενος
2629 3838 2793 3890 αὐτὸν
2833 3837 3194 3907 δημιουργεῖ·
3229 3834 3346 3888 ἀλλ’
3389 3835 3440 3886 εί
3463 3833 3543 3902 τῷ
3569 3828 3713 3885 εἶναι
3752 3834 3920 3886 αὑτὸν
3944 3834 4032 3903 δη-

2435 3923 2978 3995 μιουργεῖ,περιττὸν
2991 3922 3053 3974 τὸ
3085 3919 3456 3993 παράδειγμα,
3485 3919 3581 3971 τοῦ
3622 3913 3768 3970 εἶναι
3783 3919 3881 3972 τὸν
3897 3919 4026 3972 Θεὸν

2431 4016 2726 4088 ἀρκοῦντος
2758 4016 2895 4086 πρὸς
2923 4013 3141 4084 ποίησιν
3161 4011 3258 4065 τοῦ
3283 4011 3632 4082 ποιουμένου,
3667 4014 3761 4064 καὶ
3784 4013 4024 4083 παράγει

2430 4109 2493 4159 τὸ
2523 4107 2788 4178 βούλημα.
2833 4107 2909 4160 Οὐ
2944 4104 3053 4176 γὰρ
3085 4104 3292 4172 vivescit
3327 4102 3562 4174 βουλητά
3599 4101 3636 4156 ἃ
3671 4104 3768 4155 καὶ
3798 4105 3876 4174 μὴ
3906 4104 4020 4173 βαυ-

2430 4199 2656 4270 λομένου
2678 4196 2773 4250 τοῦ
2802 4195 3084 4260 ποιοῦντος
3107 4194 3335 4265 ἐγίνετο.
3370 4193 3626 4246 Τοιοῦτον
3643 4193 3756 4264 γὰρ
3781 4195 3844 4246 τὸ
3871 4195 4023 4265 ἔργον

2429 4291 2538 4344 τῶν
2574 4289 2654 4360 τῷ
2687 4283 2827 4341 εἷναι
2880 4287 3197 4341 ποιούντων.
3257 4287 3315 4339 ΤΟ
3357 4286 3492 4348 Θεὸς
3531 4286 3629 4356 μὲν
3676 4286 3845 4348 αὑτός
3883 4288 4022 4337 ἐστιν

2430 4385 2743 4454 ἀγέννητος,
2767 4382 2830 4434 τὸ
2845 4380 2900 4433 δὲ
2925 4380 3279 4451 παράδειγμα
3293 4377 3584 4448 ἐγέννησεν
3603 4377 3668 4428 ὲκ
3697 4377 3803 4445 τῆς
3832 4378 4012 4429 ἑαυτοί

743 4486 860 4533 tum
891 4486 997 4534 est.
1048 4477 1108 4532 Si
1133 4479 1263 4549 quia
1304 4477 1490 4548 opifex
1547 4477 1847 4547 ingenitus,
1881 4492 2108 4532 necesse
2159 4485 2242 4531 est
2270 4485 2324 4530 ct

2435 4473 2684 4537 διανοίας,
2714 4473 2808 4524 τὸν
2841 4471 2898 4524 δὲ
2933 4471 3138 4541 κόσμον
3190 4469 3625 4539 ἐδημιούργησεν
3663 4468 3730 4519 ὲκ
3759 4468 3861 4538 τῆς
3895 4469 4012 4538 ὕλης

742 4585 885 4640 opus
914 4570 1410 4640 esse,ingenitum-,
1445 4567 1616 4638 liquet
1639 4571 1825 4623 eadem
1864 4569 2076 4623 ratione
2098 4584 2324 4622 necesse

744 4677 892 4724 esse,
935 4671 996 4717 ut
1018 4671 1076 4717 et
1101 4677 1243 4733 opus
1272 4662 1536 4744 inlectum
1565 4663 1656 4727 sit,
1691 4662 1819 4732 quia
1855 4660 2092 4716 inlectus
2121 4660 2320 4730 opifex.

743 4756 903 4823 Quod
945 4757 993 4812 si
1037 4759 1098 4813 id
1135 4756 1436 4812 absurdum
1493 4766 1603 4821 est,
1651 4757 1948 4811 absurdum
2003 4755 2248 4825 profecto
2273 4765 2326 4812 et

746 4847 1013 4902 mundum
1045 4847 1230 4902 dicere
1259 4848 1584 4918 ingenitum.
1619 4846 1844 4902 Factum
1874 4864 1902 4901 a
1931 4850 2114 4917 genito
2146 4848 2326 4903 dill'ert

747 4940 862 4992 sola
891 4954 1048 5002 voce,
1073 4938 1245 5008 ’529
1268 4955 1328 4993 re
1360 4955 1469 4993 non
1502 4938 1682 4993 dill'ert
1708 4958 1720 4994 :
1753 4949 2085 5010 quapropter
2112 4942 2252 4994 inter
2268 4957 2326 4994 se

747 5031 980 5085 invicem
1032 5038 1457 5094 convertuntur,
1499 5033 1631 5100 quia
1691 5032 1844 5100 paria
1897 5042 2044 5087 sunt.
2092 5031 2226 5086 Nam
2278 5033 2324 5086 si

746 5121 878 5191 quid
921 5121 1185 5191 genitum,
1213 5121 1266 5174 id
1310 5124 1627 5177 necessario
1668 5133 1723 5177 et
1768 5123 2081 5190 lactum;et
2115 5129 2159 5180 si
2195 5124 2324 5194 quid

739 5214 977 5277 factum,
1028 5214 1085 5268 id
1135 5216 1552 5281 necessario-et
1603 5216 1868 5283 genitum.
1903 5215 2010 5270 Sed
2047 5218 2175 5286 quia
2207 5217 2323 5272 ﬁeri

748 5325 858 5362 non
884 5315 1085 5378 potest,
1117 5316 1180 5362 ut
1206 5307 1448 5363 mundus
1472 5309 1750 5379 ingenitus
1794 5311 1866 5364 sit
1910 5317 1966 5364 et
1994 5312 2213 5381 genitus
2245 5311 2322 5381 (in

746 5401 896 5454 omni
924 5400 1071 5456 enim
1105 5415 1165 5454 re
1186 5401 1270 5454 vel
1296 5416 1425 5455 vera
1467 5412 1549 5455 est
1593 5401 1902 5466 afﬁrmatio,
1936 5405 2018 5457 vel
2049 5406 2320 5473 negatio);

746 5493 1024 5562 quomodo
1049 5493 1290 5547 mundus
1318 5501 1500 5563 potest
1538 5508 1660 5550 esse
1699 5495 1974 5566 ingenitus
2016 5507 2070 5550 et
2099 5496 2325 5552 factus?

821 5632 933 5704 (89)
992 5631 1245 5704 Βαρέως.
1303 5629 1730 5704 (Ζοῶεςεμωδι
1781 5640 1836 5687 et
1894 5632 1961 5688 li.
2005 5633 2319 5704 Stephanus

750 5701 953 5759 habent
980 5701 1202 5764 εὐθέως,
1228 5701 1384 5772 quod
1415 5717 1455 5772 a_
1481 5701 1772 5772 Sylburgio
1793 5701 2165 5758 emendatum.

817 5772 930 5845 (90)
957 5769 1371 5842 Χρησαμένου.
1435 5769 1747 5842 [ιεέοιιᾱυίυ
1783 5774 1997 5829 videtur
2028 5776 2062 5846 ἢ
2113 5776 2319 5846 βαθέως

2429 4568 2568 4622 κατὰ
2610 4569 2672 4620 τὸ
2706 4566 3076 4636 παράδειγμα.
3147 4562 3282 4615 Ἀλλ’
3308 4563 3356 4614 εί
3399 4561 3540 4614 κατά
3583 4561 3676 4614 τὸν
3726 4562 4010 4631 ἀποκρινά-

2433 4679 2611 4732 μενον,
2647 4660 2834 4732 ὲπειδὴ
2865 4659 3258 4730 δημιούργημα
3299 4654 3394 4708 τοῦ
3434 4655 3732 4724 ἀγεννήτου
3760 4654 4004 4724 δημιουρ-

2428 4755 2526 4821 γοῦ
2553 4757 2700 4806 ἐστιν
2729 4753 2758 4804 ό
2788 4753 3016 4822 κόσμος,
3054 4749 3143 4803 διὰ
3178 4747 3336 4800 τοῦτο
3377 4748 3470 4800 καὶ
3511 4746 3677 4808 αὐτὸς
3725 4747 4004 4815 ἀγέννητὸς

2429 4849 2596 4911 ἐστιν,
2623 4846 2773 4898 ἔσται
2805 4845 2915 4914 ἄρα
2959 4844 3054 4897 καὶ
3079 4843 3142 4894 τὸ
3176 4839 3526 4912 παράδειγμα
3547 4838 3864 4909 ἀγέννητον,
3893 4839 4000 4890 ἐπεὶ

2428 4941 2675 5008 γέννημα
2695 4937 2790 4989 τοῦ
2822 4936 3121 5005 ἀγεννήτου
3149 4933 3320 4986 ἐστίν.
3345 4933 3411 4985 El
3441 4931 3498 4985 δὲ
3525 4932 3728 4986 ἄτοπον
3749 4933 3813 4985 τὸ
3840 4932 3998 5000 λέγειν

2428 5033 2719 5100 ἀγέννητον
2746 5029 2808 5080 τὸ
2827 5029 3093 5098 γέννημα,
3114 5027 3312 5080 ἄτοπον
3331 5025 3441 5098 ἄρα
3463 5024 3558 5078 καὶ
3571 5023 3632 5076 τὸ
3661 5023 3840 5092 λέγειν
3858 5025 3999 5091 ἀγέν-

2429 5143 2585 5196 νητον
2612 5125 2675 5177 τὸ
2708 5124 2988 5194 γεννητόν.
3039 5124 3101 5174 Εἰ
3132 5121 3220 5174 διὰ
3275 5122 3338 5173 τὸ
3384 5116 3521 5172 εἶναι
3562 5119 3655 5172 τὸν
3689 5120 3997 5190 δημιουργὸω

2429 5222 2743 5290 ἀγέννητον,
2771 5218 2983 5285 ἀνάγκη
3017 5215 3112 5269 καὶ
3129 5215 3190 5266 τὸ
3217 5213 3608 5285 δημιούργημα
3636 5208 3774 5265 εἶναι
3797 5214 3998 5279 ἀγέννη-

2425 5329 2536 5375 τον,
2582 5310 2762 5380 δῆλον,
2819 5309 2902 5362 ὅτι
2955 5307 3130 5378 τούτῳ
3174 5306 3252 5376 τῷ
3278 5305 3464 5378 τρόπῳ
3500 5306 3716 5375 ἀνάγκη
3754 5301 3891 5357 εἶναι
3917 5306 3998 5355 καὶ

2427 5401 2861 5474 ἀδημιούργητον
2879 5400 2944 5453 τὸ
2980 5399 3371 5472 δημιούργημα
3389 5414 3404 5427 ’
3435 5397 3534 5467 ἀδη
3545 5397 3666 5466 μιού
3677 5413 3871 5468 ργητος
3900 5398 3997 5463 γὰρ

2427 5501 2454 5551 ό
2480 5496 2830 5569 δημιουργός.
2863 5497 2926 5548 Ei
2959 5497 3016 5548 δὲ
3043 5495 3203 5549 τοῦτο
3221 5494 3444 5556 ἄτοπον,
3470 5493 3673 5547 ἄτοπον
3689 5495 3798 5563 ἄρα
3827 5493 3916 5543 καὶ
3943 5491 3998 5542 τὸ

2427 5632 2791 5756 νοησαῦ-ένου,
2815 5641 2870 5688 et
2911 5635 3079 5704 paulo
3106 5639 3234 5686 ante
3273 5631 3413 5684 κατά
3439 5631 3537 5702 τὴν
3579 5630 3996 5701 παραδειγματι-

2427 5707 2548 5756 κήν.
2646 5720 2714 5756 0x
2772 5705 2875 5756 lea.
2935 5705 3027 5756 τὸν
3073 5703 3368 5756 ἀγέννητον
3406 5742 3419 5754 .
3461 5743 3473 5753 .
3513 5742 3526 5754 .
3568 5742 3581 5752 .
3619 5701 3702 5756 εἰς
3744 5701 3837 5754 τὸν
3883 5718 3996 5756 γενο

2425 5701 2548 5774 κήν.
2592 5701 2714 5758 Mox
2772 5705 2875 5774 leg.
2911 5701 3027 5758 ’τὸν
3073 5703 3368 5774 ἀγέννητον
3406 5742 3419 5754 .
3461 5743 3473 5753 .
3498 5701 3526 5754 “.
3568 5742 3581 5752 .
3619 5701 3702 5762 εἰς
3744 5701 3837 5754 τὸν
3883 5718 3996 5770 γενο

2426 5776 2602 5846 νητόν.
