4146 6444
144 401 314 455 1449

1106 399 1567 467 ΟΟᾹΞΞΤΙΟΝΕΞ
1595 399 2035 455 (ΞΙΙΙῖΙΞΤΙΑΝΑΞ
2075 401 2165 454 AD
2203 401 2518 457 GRECOS.

3301 405 3437 457 “50

142 514 357 581 λέγειν
399 514 494 567 τὸν
528 515 729 585 κόσμον
778 517 1093 587 ἀγέννητον.
1132 519 1206 571 Τὸ
1239 518 1636 588 δημιουργητὸν
1666 518 1751 587 δη-

1865 516 2021 581 Quod
2044 518 2130 571 bis
2162 517 2303 570 idem
2331 517 2384 570 in
2418 518 2527 571 alio
2544 516 2718 579 est,id
2752 518 3069 572 necessario
3098 518 3239 573 alias
3270 527 3434 588 atque

146 602 452 672 μιουργοῦ
477 603 641 672 ἧγουν
667 605 776 674 (91)
801 605 895 657 τοῦ
925 607 1190 676 γεννητοῦ
1234 607 1376 681 λέξει
1406 609 1544 680 μόνῃ
1572 608 1759 676 διαφέ-

146 707 275 761 ρει,
318 693 607 763 πράγματι
633 695 690 746 δὲ
721 696 781 746 οὐ
803 695 1050 767 διαφέρει
1068 714 1083 727 ο
1109 698 1190 750 διὸ
1221 699 1447 751 καθόλου
1482 700 1760 770 ἀντιστρέ-

147 803 258 853 φει
291 787 549 859 ἀλλήλοις
576 789 663 841 διὰ
687 791 747 842 τὸ
770 788 908 844 εἶναι
927 791 1065 844 αύτά
1092 793 1308 864 ἐπίσης.
1338 793 1406 845 Εἴ
1434 811 1487 846 τι
1505 794 1614 866 γὰρ
1637 812 1759 862 γεν-

148 875 360 944 νητὺν,
390 878 546 930 τοῦτο
585 877 648 943 ἐξ
684 880 929 951 ἀνάγκης
975 883 1070 934 καὶ
1117 882 1514 954 δημιουργητόν
1539 901 1552 913 ·
1582 886 1676 936 καὶ
1701 885 1764 936 -ετ

145 982 209 1017 τι
269 967 698 1038 δημιουργητὸν,
742 972 900 1024 τοῦτο
945 973 1002 1038 ἐξ
1055 975 1298 1044 ἀνάγκης
1345 976 1440 1028 καὶ¹
1482 977 1756 1046 γεννητόν.

1865 610 2002 662 alias
2017 615 2134 662 est:
2162 608 2326 662 veluti
2363 610 2641 677 exemplar
2672 618 2756 663 cst
2795 610 2848 662 in
2883 610 2997 666 Deo
3018 618 3072 664 et
3095 612 3150 664 in
3179 613 3431 670 materia.

1864 716 1929 755 ac
1955 702 2011 755 iu
2043 700 2156 755 Deo
2178 702 2397 770 quidem
2443 700 2728 765 infectum,
2765 702 2969 757 factum
2999 704 3052 758 in
3079 705 3306 759 materia
3331 723 3346 771 ;
3377 705 3431 757 in

1863 793 1976 847 Deo
2004 809 2111 847 non
2136 793 2393 857 mundus,
2424 795 2520 848 sed
2565 796 2842 864 exemplar
2869 796 3078 860 mundi,
3109 795 3346 852 mundus
3377 798 3431 851 in

1863 887 2112 940 materia.
2137 884 2244 941 Sed
2277 887 2324 940 si
2351 887 2486 940 alias
2513 894 2677 956 atque
2712 888 2848 942 alias
2867 896 2973 952 est,
2999 896 3052 942 et
3084 888 3240 945 aliter
3272 897 3432 959 atque

1864 978 2043 1042 aliter,
2107 979 2420 1032 necessario
2481 985 2536 1032 et
2609 980 2762 1046 prius
2829 987 2884 1034 et
2933 982 3226 1049 posterius.
3274 980 3428 1047 Quod

164 1055 327 1108 Ἀλλ’
382 1059 572 1129 ἐπειδὴ
607 1059 870 1114 ἀδύνατόν
902 1064 1020 1114 ἐστι
1061 1065 1152 1118 τὸν
1199 1065 1400 1136 κόσμον
1439 1063 1576 1119 εἶναι
1602 1068 1751 1135 ἀγέν-

1863 1070 1909 1124 si
1965 1075 2117 1139 prius
2173 1077 2228 1124 et
2278 1071 2588 1138 posterius,
2647 1070 2818 1138 liquet
2870 1087 2978 1124 non
3033 1088 3157 1127 esse
3211 1082 3431 1129 coaeter-

151 1165 333 1218 νητον
379 1151 472 1201 καὶ
526 1151 813 1220 γεννητόν·
877 1153 972 1205 ἐπὶ
1015 1154 1212 1219 παντὸς
1238 1156 1346 1227 γὰρ
1395 1158 1561 1227 ἦτὴν
1595 1159 1757 1226 φάσιν
1864 1177 2018 1216 num.

148 1241 352 1332 ἀληθῆ
395 1244 427 1314 ἢ
485 1245 585 1315 τὴν
623 1246 939 1316 ἀπόφασιν*
983 1249 1102 1313 πῶς
1128 1251 1252 1321 ’(92)
1289 1251 1396 1322 ἄρα
1447 1245 1539 1306 τδν
1573 1253 1773 1322 κόσμον
1828 1256 2048 1311 δυνατὸν
2109 1256 2245 1314 εἶναι
2281 1261 2679 1331 δημιουργητὸν
2729 1262 2822 1314 καὶ
2868 1261 3194 1332 ἀγέννητον;
3229 1261 3304 1314 Tb
3351 1261 3429 1324 δὶς

148 1331 313 1388 εἶναι
359 1335 422 1387 τὸ
465 1337 597 1390 αὐτὸ
641 1340 700 1390 ὲν
760 1339 924 1410 ἄλλῳ,
961 1338 1021 1404 ἐξ
1054 1342 1298 1412 ἀνάγκης
1325 1343 1513 1396 ἄλλοτε
1542 1348 1636 1398 καὶ
1668 1346 1855 1400 ἄλλοτε
1876 1367 1888 1378 ·
1923 1346 2033 1404 οἷον
2065 1352 2127 1404 τὸ
2150 1353 2499 1424 παράδειγμά
2524 1354 2668 1406 ἐστιν
2717 1355 2774 1406 ὲν
2806 1353 2885 1423 τῷ
2947 1331 3066 1422 Θεῷ
3124 1355 3217 1406 καὶ⁴
3270 1356 3326 1406 ὲν
3359 1358 3426 1424 τῇ

147 1425 268 1496 ὕλῃ
289 1443 303 1455 ·
344 1427 439 1478 καὶ
453 1429 517 1480 ἒν
539 1428 617 1498 τῷ
666 1429 786 1499 Θεῴ
825 1430 923 1500 μὲν
943 1431 1226 1498 ἀποίητον,
1262 1437 1482 1505 ποιητὸν
1513 1437 1571 1490 δὲ
1594 1440 1652 1490 ἐν
1678 1444 1745 1512 τῇ
1787 1441 1914 1515 ὕλῃ·
1941 1445 2034 1497 καὶ
2067 1446 2126 1497 ἐν
2155 1444 2235 1515 τῷ
2257 1443 2375 1514 Θεῷ
2411 1445 2508 1514 μὲν
2549 1445 2609 1496 οὺ
2645 1446 2870 1515 κόσμος,
2898 1445 3034 1498 ἀλλά
3070 1445 3166 1499 τοῦ
3221 1447 3426 1518 κόσμου

148 1522 546 1594 παράδειγμα,
573 1527 630 1577 ὲν
656 1529 720 1597 τῇ
745 1527 847 1599 ὕλῃ
868 1527 924 1580 δὲ
947 1529 1168 1600 κόσμος.
1208 1532 1348 1584 Ἀλλ’
1365 1536 1414 1586 εἰ
1441 1535 1539 1603 μὲν
1563 1537 1749 1591 ἄλλοτε
1787 1543 1881 1594 καὶ
1903 1542 2111 1608 ἄλλοτε,
2137 1545 2230 1595 καὶ
2251 1543 2424 1604 ἄλλως
2447 1543 2540 1595 καὶ
2561 1543 2755 1607 ἄλλως,
2779 1542 2840 1608 ἐξ
2859 1544 3104 1614 ἀνάγκης
3156 1547 3251 1598 καὶ
3296 1547 3427 1617 πρό-

145 1634 328 1688 τερον
373 1621 467 1672 καὶ
496 1620 753 1693 ὕστερον
779 1626 829 1676 εἰ
859 1623 917 1676 δὲ
941 1627 1203 1699 πρότερον
1239 1631 1332 1683 καὶ
1375 1629 1618 1704 ὕστερον,
1659 1635 1899 1704 δηλονότι
1925 1638 1986 1691 οὐ
2015 1639 2305 1691 ωναῖδιον.

231 1712 290 1766 3.
353 1712 481 1778 Τοῖς
522 1715 802 1788 quam}:
843 1716 1255 1774 ἀποδέδεικται
1306 1721 1380 1775 τὰ
1414 1726 1751 1794 καλούμενα

1928 1729 1983 1783 3.
2011 1727 2886 1798 Demonstraruntantiquieaqua:
2913 1736 3166 1780 vocantur
3183 1727 3422 1782 relation.

151 1806 320 1872 πρός
352 1822 409 1858 τι
439 1804 562 1874 ἅμα
589 1805 666 1874 τῇ
699 1808 881 1876 φύσει
920 1810 1232 1880 ὑπάρχειν.
1276 1813 1434 1868 Ἐ’πεί
1478 1812 1593 1871 οὖν
1620 1817 1659 1885 ἦ
1693 1837 1751 1873 τε

1860 1816 2020 1873 simul
2047 1828 2240 1873 natura
2281 1823 2554 1874 exsistere.
2592 1820 2856 1886 Quoniam
2897 1834 3019 1887 ergo
3068 1826 3120 1872 et
3150 1819 3322 1888 imago
3356 1817 3425 1869 ad

150 1897 350 1952 εἰκὼν
404 1899 557 1966 πρὸς
596 1900 662 1952 τὸ
704 1900 1092 1970 παράδειγμα,
1133 1904 1232 1957 καί
1275 1905 1340 1958 τὸ
1385 1906 1751 1978 παράδειγμα

1850 1912 2118 1981 exemplar
2141 1921 2192 1966 et
2223 1913 2492 1980 exemplar
2543 1912 2611 1965 ad
2650 1911 2950 1979 imaginem,
2986 1919 3036 1964 et
3059 1909 3326 1977 opiﬁcium
3356 1909 3424 1962 ad

159 1991 328 2060 πρὸς
358 1991 475 2059 τὴν
504 1992 733 2056 εἰκόνα,
777 1994 876 2047 καί
905 1995 970 2047 τὸ
1011 1995 1425 2066 δημιούργημα
1456 2000 1619 2065 πρὸς,
1647 2001 1751 2059 τὸν

1855 1994 2094 2072 opi/icem
2120 2011 2171 2056 et
2209 2004 2385 2072 opifex
2416 2003 2487 2056 ad
2530 2003 2798 2070 opiﬁcium
2849 2000 3178 2068 referuntur,
3213 1998 3324 2052 Iure
3347 1999 3423 2051 si-

158 2083 558 2153 δημιουρτόν,
579 2084 679 2137 καί
701 2087 733 2138 ό
753 2084 1109 2156 δημιουργὸς
1129 2089 1279 2156 πρὸς
1293 2090 1407 2156 τὴν
1420 2093 1619 2146 εἰκόνα
1643 2093 1751 2163 (95)

1855 2096 1968 2149 mu!
2003 2105 2199 2149 natura
2217 2097 2491 2149 exsistent.
2523 2095 2582 2149 Si
2619 2110 2740 2164 ergo
2771 2093 2944 2161 opifex
2965 2093 3224 2162 ingenitus
3265 2100 3316 2145 et
3342 2094 3423 2144 in-

153 2175 602 2244 δημιούρτημα,
651 2175 772 2245 ἅμα
829 2175 904 2245 τῇ
945 2179 1127 2246 φύσει
1165 2195 1238 2234 τα
1283 2183 1526 2237 τοιαῦτα
1558 2183 1751 2252 ,ὑπάρ-

1852 2184 2084 2255 genitum
2111 2187 2409 2255 exemplar,
2447 2187 2706 2256 ingenitus
2751 2196 2802 2238 et
2850 2185 3102 2246 mundus,
3132 2181 3219 2253 qui
3248 2197 3421 2235 exem~

155 2266 277 2330 ξει.
319 2269 391 2320 Εἰ
447 2269 658 2321 τοίνυν
709 2269 1038 2338 ἁγέννητος
1087 2273 1121 2324 ό
1155 2271 1508 2343 δημιουργὸς
1544 2275 1639 2328 καὶ
1684 2277 1751 2330 τὸ

155 2357 560 2428 παράδειγμα,
600 2359 930 2430 ἀγένητος
965 2363 1065 2416 καί
1106 2365 1140 2416 ό
1185 2365 1443 2433 κόσμος,
1482 2367 1590 2420 τοῦ
1635 2368 1753 2434 μὲν

157 2449 647 2520 παραδείγματος
670 2452 847 2506 εἰκὼν
882 2451 990 2517 ὢν,
1017 2453 1127 2508 τοῦ
1170 2454 1238 2508 δὲ
1264 2456 1623 2526 δημιουργοῦ
1649 2457 1752 2525 δη-

149 2543 524 2612 μιούργημα.
559 2540 657 2608 Οἷς
702 2543 954 2608 παλαιοῖς
985 2547 1365 2601 ἀποδέδεικται
1413 2547 1482 2600 τὰ
1524 2550 1659 2619 πρός
1697 2567 1749 2602 τι

161 2635 288 2704 ἆμα
333 2639 400 2708 τῇ
431 2637 612 2705 φύσει,
659 2637 846 2699 αὐτοῖς
889 2637 1205 2690 ἀποδέδοται
1242 2639 1343 2708 τῆς
1375 2639 1581 2702 εἰκόνος
1609 2643 1638 2693 ὁ
1661 2640 1749 2692 λό-

154 2743 282 2794 γος.
317 2728 516 2795 Εἰκὼν,
541 2730 725 2799 φησὶν,
756 2728 924 2793 ἐστὶν,
948 2723 1065 2801 ἦςὴ
1090 2731 1302 2798 γένεσις
1326 2731 1414 2784 διὰ
1446 2734 1746 2803 μιμήσεως.

175 2819 344 2873 Ἀ).λά
375 2822 425 2873 εἰ
475 2823 618 2874 κατά
659 2821 752 2873 τὸν
787 2822 1222 2893 ἀποκρινάμενον
1262 2823 1556 2894 ἀγέννητὸς
1603 2826 1749 2878 ἐστιν

157 2913 196 2963 ὁ
223 2910 448 2983 κόσμος,
487 2912 728 2984 δηλονότι
759 2912 1040 2967 ἀπώλεσεν
1079 2917 1108 2967 ό
1152 2916 1358 2985 κόσμος
1400 2917 1501 2986 τῆς
1544 2917 1750 2980 εἰκόνος

160 3003 228 3057 τὸ
255 3003 451 3076 ὄνομα·
485 3005 581 3057 καὶ
604 3006 666 3058 τὺ
691 3005 861 3076 ὄνομα
888 3007 986 3058 καὶ
1015 3006 1077 3059 τὸ
1108 3010 1358 3079 πρᾶγμα.
1409 3009 1496 3062 Ἐν
1522 3009 1750 3080 ἀγέννη-

166 3095 264 3164 σία
292 3095 402 3167 γὰρ
444 3097 705 3149 ἀδύνατον
736 3096 815 3167 τῷ
846 3097 1036 3168 κόσμῳ
1067 3097 1259 3162 σώζειν
1286 3100 1384 3169 τῆς
1422 3100 1630 3163 εἰκόνος
1658 3100 1748 3154 τὸν

164 3185 343 3254 λόγον.
391 3187 448 3242 '0
489 3188 662 3257 λέγων
690 3188 752 3242 τὺ
780 3189 1170 3262 δημιούργημα
1200 3191 1514 3261 ἀγέννητον,
1556 3193 1743 3264 ἐπειδὴ
1773 3236 1814 3260 η

164 3280 199 3330 δ
245 3281 573 3350 δημιουργὸς
618 3279 786 3334 αὐτοῦ
832 3283 1126 3352 ἀγέννητός
1178 3283 1356 3349 ἐστιν,
1395 3285 1599 3353 ὀφείλει
1651 3263 1744 3338 και
1771 3263 1815 3296 “

167 3370 601 3445 ἀδημιούργητον
629 3374 807 3444 λέγειν
833 3376 895 3429 τὸ
929 3375 1338 3449 δημιούργημα,
1367 3378 1553 3450 ἐπειδὴ
1581 3381 1612 3432 ό
1646 3379 1742 3450 δη-

171 3463 428 3534 μιουργὸς
447 3465 610 3519 αὑτοῦ
626 3467 725 3536 ἀδη
733 3465 1057 3540 μιούργητός
1075 3471 1241 3522 ἐστιν.
1273 3470 1743 3525 ’Δντακολουθοῦσι

168 3552 277 3624 γὰρ
308 3555 554 3627 ἀλλήλοις
585 3555 646 3622 ἐξ
672 3558 938 3628 ἀνάγκης,
967 3560 1047 3631 τῷ
1083 3561 1183 3631 μὲν
1214 3561 1493 3632 ἀγεννήτῳ
1523 3562 1586 3614 τὸ
1611 3563 1742 3633 ἀδη-

173 3643 520 3716 μιούργητον,
565 3649 662 3702 καὶ
700 3648 781 3719 τῷ
799 3650 1218 3726 ἀδημιουργήτῳ
1239 3651 1302 3704 τὸ
1335 3653 1646 3723 ἀγέννητον.
1681 3654 1742 3705 Εἰ

169 3743 228 3795 δὲ
253 3742 406 3796 τοῦτο
439 3742 656 3806 ἄτοπον,
691 3742 890 3795 ἄτοπον
923 3743 1032 3814 ἄρα
1066 3745 1158 3796 καὶ
1191 3745 1251 3797 τὺ
1280 3745 1458 3813 λέγειν
1486 3746 1743 3816 δημιούρ-

172 3852 322 3905 γημα
351 3834 665 3904 ἀγέννητον.
701 3835 765 3886 Εἰ
797 3833 915 3904 ἃμα
956 3837 1023 3905 τῇ
1069 3837 1226 3904 φύσει
1259 3838 1326 3890 τά
1358 3839 1496 3909 πρός
1535 3856 1613 3901 τι,
1649 3841 1743 3892 καὶ

171 3927 260 3979 διὰ
295 3925 447 3978 τοῦτο
485 3925 696 3996 ἀνάγκη
730 3925 1121 3998 συναγέννητον
1149 3924 1287 3982 εἶναι
1317 3929 1396 4000 τῷ
1427 3930 1742 4002 δημιουργῷ

172 4017 234 4070 τὸ
279 4017 696 4088 δημιούργημα,
755 4018 899 4070 καθά
957 4016 1037 4088 τῷ
1092 4019 1515 4092 ἀποκριναμένῳ
1573 4021 1739 4086 δοκεῖ,

173 4108 376 4180 ἀνάγκη
415 4109 524 4180 ἄρα
562 4107 654 4160 τὸν
687 4109 850 4161 αὑτὸν
896 4109 1098 4181 τρόπον
1136 4113 1527 4184 συναγέννητον
1564 4113 1741 4182 λέγειν

175 4203 235 4254 τὺ
270 4202 556 4273 ἀγέννητον
593 4201 700 4271 (94)
743 4200 822 4272 τῷ
864 4202 1142 4275 ἀγεννήτῳ
1164 4221 1176 4235 ο
1223 4205 1360 4275 πρός
1403 4222 1460 4258 τι
1509 4205 1618 4279 γὰρ
1649 4210 1741 4260 καὶ

175 4293 337 4346 ταῦτά
369 4295 506 4358 ἐστι,
537 4294 674 4366 πρὸς
709 4293 819 4365 γὰρ
838 4293 900 4346 τὸ
925 4295 1180 4366 γεννητὸν
1205 4297 1268 4348 τὸ
1299 4297 1611 4369 ἀγέννητον,
1646 4300 1740 4352 καὶ

177 4387 306 4458 πρὸς
339 4387 400 4440 τὺ
429 4389 721 4458 ἀγέννητον
750 4387 816 4440 τὸ
847 4390 1124 4459 γεννητόν.
1154 4391 1218 4442 Εἰ
1247 4390 1326 4455 δὲ,
1356 4391 1450 4444 τοῦ
1479 4392 1736 4462 γεννητοῦ

180 4479 274 4547 μὲν
297 4481 393 4532 οὐκ
422 4478 594 4544 ὄντος,
616 4477 846 4550 δυνάμει
876 4480 995 4533 ἐστὶ
1017 4482 1079 4534 τὸ
1099 4481 1393 4553 ἀγέννητον
1422 4484 1734 4555 ἀγέννητον,

1850 2276 2018 2343 piari:
2062 2285 2141 2330 est
2197 2278 2374 2347 imago
2401 2285 2452 2330 et
2494 2277 2696 2344 opiﬁcis
2724 2275 3022 2343 opiﬁcium.
3053 2272 3296 2335 Veteres,
3327 2271 3417 2341 qui

1851 2367 2296 2422 demonstrarunt
2325 2369 2547 2424 relativa
2563 2367 2724 2423 simul
2754 2377 2946 2420 natura
2971 2380 3115 2429 esse,
3140 2365 3300 2418 iidem
3327 2379 3417 2415 ra-

1823 2459 2052 2512 xtionem
2098 2460 2350 2530 imaginis
2405 2458 2780 2514 reddiderunt.
2837 2458 3044 2526 imago,
3091 2457 3294 2526 inquit,
3352 2471 3418 2509 ea

1849 2558 1956 2613 est,
1988 2551 2147 2618 cujus
2188 2553 2467 2621 generatio
2488 2566 2585 2620 per
2617 2549 2975 2622 imitationem
3005 2549 3085 2603 iit.
3114 2548 3218 2603 Sed
3255 2548 3323 2610 si,
3360 2559 3418 2600 ut

1851 2643 2028 2712 placet
2078 2643 2417 2712 responsori,
2443 2642 2718 2713 ingenitus
2753 2650 2838 2697 est
2875 2641 3132 2703 mundus,
3182 2639 3419 2693 mundus

1851 2734 2106 2789 videlicet
2137 2735 2324 2789 amisit
2351 2734 2610 2804 imaginis
2643 2748 2844 2788 nomen
2869 2741 2924 2788 et
2957 2749 3071 2788 rem
3103 2733 3277 2803 ipsam
3295 2749 3416 2787 cum

1850 2826 2092 2881 nomine.
2121 2826 2180 2880 In
2215 2825 2442 2896 ingeniti
2465 2825 2613 2880 enim
2639 2825 2863 2880 notione
2894 2839 3006 2878 non
3035 2833 3217 2894 potest
3256 2840 3418 2878 mun-

1849 2918 1955 2972 dus
1995 2933 2215 2974 servare
2272 2917 2527 2988 imaginis
2554 2917 2844 2972 rationem.
2874 2915 2980 2981 Qui
3013 2916 3147 2970 dicit
3167 2931 3304 2985 opus
3335 2916 3417 2969 in-

1849 3009 2118 3079 genitum,
2173 3011 2303 3079 quia
2356 3010 2636 3080 ingenitus
2672 3018 2757 3064 est
2815 3008 2964 3062 illius
3001 3007 3206 3077 epifex,
3259 3008 3416 3062 debet

1848 3103 2014 3157 etiam
2039 3102 2302 3157 iniectum
2331 3118 2472 3172 opus
2507 3103 2715 3165 dicere,
2746 3101 2876 3172 quia
2901 3101 3136 3156 infectus
3162 3110 3247 3156 est
3271 3101 3417 3154 illius

1847 3196 2062 3267 epifex;
2093 3204 2221 3252 sunt
2249 3197 2398 3251 enim
2437 3195 2551 3249 haec
2572 3195 2674 3250 sibi
2703 3195 2937 3248 invicem
2952 3193 3269 3248 necessario
3289 3207 3416 3246 cou-

1847 3289 2154 3357 sequentia,
2186 3287 2428 3358 iugenito
2449 3287 2711 3341 infectum
2761 3293 2816 3340 et
2843 3285 3046 3339 infecto
3092 3284 3412 3354 ingenitum.

1845 3381 2004 3448 Quod
2052 3382 2098 3435 si
2129 3380 2184 3434 id
2243 3380 2542 3434 absurdum
2589 3384 2694 3440 est,
2741 3376 3042 3431 absurdum
3088 3375 3334 3447 proiecto
3363 3385 3418 3428 et

1843 3488 1985 3542 opus
2029 3471 2329 3541 ingenitum
2359 3469 2562 3523 dicere.
2595 3466 2656 3521 Si
2691 3467 2858 3522 simul
2896 3474 3096 3522 natura
3124 3473 3254 3520 sunt
3274 3467 3415 3519 rela-

1845 3565 1977 3628 tiva,
2000 3571 2056 3619 et
2086 3564 2291 3617 ideirco
2312 3576 2536 3616 necesse
2563 3568 2650 3614 est
2677 3559 3051 3628 coingenitum
3077 3575 3205 3614 esse
3236 3560 3414 3628 opiﬁci

1843 3671 2002 3725 opus,
2028 3639 2290 3724 ut'placet
2317 3650 2661 3721 responsori:
2693 3666 2921 3707 necesse
2940 3659 3026 3705 est
3047 3651 3295 3720 profecto
3324 3667 3414 3704 ea-

1842 3747 1965 3800 dem
2003 3746 2216 3800 ratione
2252 3742 2621 3814 ooingenitum
2668 3742 2853 3797 dicere
2894 3742 3136 3811 ingenito
3184 3742 3238 3795 id
3267 3740 3414 3810 quod

1843 3846 1928 3891 est
1968 3837 2230 3908 genitum.
2275 3835 2409 3890 Nam
2440 3835 2555 3889 haec
2585 3834 2752 3888 etiam
2779 3833 3009 3887 relativa
3034 3841 3182 3888 sunt.
3219 3832 3299 3886 Ad
3323 3848 3412 3902 ge—

1843 3931 2020 3984 nitum
2072 3930 2218 3985 enim
2249 3929 2486 3983 refertur
2526 3927 2851 3998 ingenitum,
2887 3933 2942 3981 et
2961 3927 3202 3996 genitum
3227 3927 3296 3980 ad
3324 3928 3408 3982 in-

1841 4023 2106 4093 genitum.
2138 4021 2295 4094 Quod
2347 4019 2394 4075 si
2431 4019 2632 4090 genito
2665 4017 3083 4074 nonexsistente
3113 4019 3411 4089 ingenitum

1841 4123 2112 4185 potestate
2149 4112 2452 4184 ingenitum
2483 4118 2591 4174 est,
2623 4119 2680 4165 et
2709 4111 2891 4180 genito
2931 4109 3233 4166 exsistente
3261 4113 3401 4184 inge-

1841 4209 2016 4263 nitum
2052 4215 2139 4262 est
2168 4215 2292 4259 actu
2316 4205 2619 4274 ingenitum
2640 4246 2655 4269 ,
2686 4217 2913 4257 necesse
2947 4212 3032 4256 est
3076 4203 3327 4271 profecto
3355 4216 3411 4260 et

1839 4299 1908 4353 de
1941 4300 2135 4367 Opiﬁee
2160 4303 2216 4350 et
2242 4302 2489 4365 opere,et
2515 4293 2582 4347 de
2597 4293 2896 4362 exemplari
2925 4299 2981 4346 et
3011 4291 3245 4362 imagine
3268 4295 3409 4349 idem

1839 4391 2045 4460 pariter
2075 4389 2292 4453 dicere,
2325 4401 2501 4456 neque
2548 4387 2606 4440 in
2654 4401 2717 4439 ea
2752 4401 2811 4440 re
2837 4385 3136 4455 quidquam
3162 4387 3404 4440 absurdi.

1839 4481 2014 4549 Quam
2062 4482 2208 4534 enim
2248 4479 2412 4533 habet
2439 4484 2693 4530 naturam
2725 4477 3014 4530 relativum
3056 4477 3111 4529 in
3133 4477 3327 4546 Opiﬁce
3354 4486 3409 4532 et

175 4572 316 4635 ὄντος
340 4573 398 4626 δὲ
428 4570 522 4625 τοῦ
553 4569 831 4642 γεννητοῦ,
873 4573 1123 4644 ἐνεργείᾳ
1161 4575 1308 4626 ἐστὶν
1341 4573 1633 4644 ἀγέννητον
1673 4576 1735 4627 τὸ

1843 4587 2024 4643 opere,
2051 4569 2296 4624 eamdem
2335 4567 2495 4621 etiam
2551 4568 2607 4621 in
2641 4568 2824 4636 genito
2863 4575 2918 4620 et
2947 4561 3190 4635 ingenito
3220 4567 3402 4622 habet.

176 4666 454 4736 ἀγέννητον
471 4682 485 4694 ·
521 4665 734 4735 ἀνάγκη
763 4665 871 4735 ἀρα
899 4667 990 4718 καὶ
1018 4664 1111 4717 ἐπὶ
1143 4665 1238 4718 τοῦ
1262 4665 1612 4737 δημιουργοῦ,
1638 4667 1732 4719 καὶ

177 4757 266 4809 τοῦ
282 4757 768 4827 δημιουργήματος,
791 4757 885 4810 καὶ
910 4755 1004 4809 τοῦ
1035 4757 1492 4828 παραδείγματος,
1515 4759 1610 4811 καὶ
1634 4760 1732 4828 τῆς

179 4850 369 4912 εἰκόνος
397 4849 553 4901 τοῦτο
580 4848 840 4911 ὡσαύτως
862 4851 1028 4902 νοεῖν·
1065 4851 1158 4902 καὶ
1183 4849 1334 4901 οὐδὲν
1370 4848 1567 4901 ἄτοπον
1593 4867 1730 4919 συμ-

179 4942 356 4994 ϐαίνει.
395 4943 496 4993 Ἦν
526 4940 633 5010 γὰρ
665 4939 776 5008 ἔχει
807 4940 966 5008 φύσιν
1011 4941 1074 4992 τὸ
1106 4941 1243 5011 πρός
1271 4957 1322 4992 τι
1355 4940 1494 4993 κατά
1520 4941 1613 4992 τὸν
1638 4941 1731 5011 δη-

183 5035 420 5106 μιουργὸν
467 5034 651 5087 καὶτὸ
680 5033 1089 5104 δημιούργημα,
1131 5033 1229 5104 τὴν
1271 5033 1441 5104 αὐτὴν
1484 5033 1596 5103 ἔχει
1637 5035 1730 5086 κα)⁸

181 5129 307 5183 κατά
333 5129 392 5182 τὸ
418 5129 673 5198 γεννητὸν
699 5129 792 5181 καὶ
819 5128 1133 5197 ἀγέννητον.
1169 5129 1280 5182 Καὶ
1305 5130 1368 5180 τὸ
1400 5127 1614 5199 πρῶτον
1636 5129 1728 5180 καί

181 5222 383 5291 ὓστερον
424 5220 531 5273 τῶν
570 5221 705 5291 πρός
732 5219 784 5272 τί
828 5222 992 5272 ἐστιν.
1025 5221 1170 5292 Πρὸς
1197 5221 1306 5290 γὰρ
1334 5220 1396 5272 τὸ
1426 5220 1639 5290 πρῶτον
1666 5221 1729 5272 τὸ

182 5314 405 5384 ὕστερον,
435 5314 530 5368 καὶ
560 5313 697 5384 πρὸς
741 5306 803 5364 'cb
836 5311 1060 5382 ὕστερον
1103 5313 1164 5364 τὸ
1190 5313 1432 5384 ⁴ιιρῶτον,
1476 5313 1570 5364 καὶ
1611 5313 1727 5382 ἅμα

181 5406 276 5459 εἰσί
299 5408 357 5475 τῇ
390 5404 547 5472 φύσει
575 5404 820 5474 δυνάμει,
851 5403 885 5473 ἢ
917 5406 983 5473 τῇ
1010 5404 1167 5471 φύσει
1194 5405 1461 5475 ἐνεργείᾳ.
1510 5403 1648 5455 Ἀλλ’
1677 5407 1724 5455 εἰ

246 5585 340 5656 (91)
378 5583 486 5656 Ϊοῦ
516 5579 879 5656 δημιουργοῦ
909 5579 1115 5656 ἤγουν.
1150 5577 1272 5633 Haec
1303 5594 1529 5656 prorsus
1561 5596 1721 5656 repu-

183 5650 345 5728 gnant.
374 5653 552 5718 Quare
577 5650 667 5728 vel
705 5651 1063 5728 expungenda
1114 5650 1392 5728 ῥύομ’-νεξί
1437 5650 1719 5728 legendum

1838 4663 1978 4717 Sunt
2012 4662 2179 4714 etiam
2224 4658 2446 4712 relativa
2478 4657 2631 4726 prius
2660 4664 2714 4710 et
2737 4655 3028 4724 posterius.
3055 4654 3191 4708 Nam
3221 4666 3406 4724 poste—

1835 4756 1952 4810 rius
1981 4754 2047 4806 ad
2080 4753 2254 4821 prius,
2287 4759 2342 4804 et
2373 4749 2526 4819 prius
2555 4749 2623 4802 ad
2651 4748 2926 4818 posterius
2946 4748 3200 4811 refertur,
3223 4751 3407 4802 simul-

1830 4863 1939 4918 que
1974 4854 2171 4899 natura
2200 4844 2470 4899 exsistunt
2489 4842 2572 4895 vel
2610 4847 2880 4909 potestate
2903 4841 2984 4894 vel
3015 4849 3159 4894 actu.
3195 4839 3301 4896 Sed
3334 4844 3402 4905 si,

1832 4949 1892 4994 ut
1924 4941 2099 5010 placet
2122 4935 2461 5006 responsori.
2482 4950 2620 5002 opus
2653 4933 3025 5001 coingenitum
3049 4941 3149 4986 est
3166 4933 3404 5002 ingenito

1831 5034 2031 5105 opiﬁci,
2057 5032 2104 5087 si
2125 5031 2344 5101 quidem
2369 5029 2595 5082 relativa
2618 5033 2766 5089 sunt,
2792 5026 3069 5095 simulque
3092 5033 3288 5079 natura
3316 5043 3405 5080 ex-

1831 5129 2073 5192 sistunt;
2103 5125 2208 5178 erit
2229 5137 2360 5191 ergo
2388 5121 2491 5173 hac
2523 5120 2738 5173 ratione
2768 5128 2822 5172 et
2853 5118 3098 5187 genitum
3121 5119 3401 5189 coingeni-

1827 5227 1944 5272 tum
1977 5219 2219 5288 ingenito
2248 5214 2378 5270 Deo.
2415 5212 2575 5266 Prior
2596 5212 2743 5267 enim
2769 5210 2935 5268 Deus.
2970 5219 3025 5264 et
3047 5213 3322 5278 posterius
3345 5212 3397 5264 id

1827 5310 1974 5380 quod
2014 5309 2256 5378 genitum
2282 5315 2389 5372 est,
2433 5313 2616 5375 atque,
2654 5311 2710 5356 ut
2736 5303 3168 5368 relativa,simul
3201 5311 3395 5357 natura

1828 5411 1956 5459 sunt
1981 5403 2133 5471 prius
2175 5409 2230 5456 et
2261 5400 2554 5471 posterius.
2581 5397 2736 5462 Quod
2763 5398 2810 5451 si
2841 5412 2951 5450 non
2981 5408 3213 5466 possunt
3241 5397 3398 5466 (pra:-

1825 5588 1948 5650 post
1971 5578 2245 5650 ἀπόφασιν
2275 5579 2482 5650 deesse
2492 5584 2645 5646 putat
2679 5572 2816 5628 εἶναι
2843 5575 2941 5627 δεῖ.

1896 5651 2003 5720 (95)
2040 5646 2154 5716 Τὴν
2182 5650 2402 5702 εἰκόνα.
2437 5646 2562 5700 Hac
2615 5661 2779 5720 supra
2827 5646 3248 5720 poniileguntur,
3291 5659 3392 5700 nec

183 5717 264 5780 τοῦ
305 5717 792 5805 δημιουργήματος,
824 5717 914 5774 vel
967 5731 1027 5772 ut
1077 5721 1254 5789 placet
1282 5717 1593 5789 Sylburgio,
1625 5723 1719 5774 τοῦ

1843 5717 2188 5805 ιιὶιιηηπᾲεηητιξι
2219 5727 2366 5805 sunt,
2388 5731 2551 5805 quam
2584 5732 2649 5769 ex
2672 5717 2882 5805 in\euria
2913 5717 3283 5805 libi-amorim.

188 5812 380 5866 ποιητου
389 5835 402 5846 .

1895 5791 2003 5861 (94)
2040 5789 2107 5843 Τὸ
2143 5790 2490 5859 ἀγέννητον.
2521 5786 2651 5857 Leg.
2684 5786 2744 5838 τὸ
2775 5787 3052 5857 γεννητόν,
3086 5796 3144 5840 nt
3171 5785 3390 5856 Laugus

249 5860 344 5937 (92)
393 5863 544 5923 Πῶς.
579 5861 704 5916 Hac
749 5877 852 5916 vox
908 5879 937 5915 a
982 5861 1278 5953 S\vlburgio
1336 5860 1539 5918 addita.
1573 5863 1716 5918 Idem
1819 5870 1875 5918 et
1899 5861 2221 5931 Sylburgius
2253 5863 2516 5931 legerunt.

438 5961 710 6019 Ρηιιοι.
760 5958 878 6017 Gn.
928 5957 1031 6018 Vl.

2754 5951 2829 6009 ω
