4146 6436
740 391 870 448 1451
1521 383 1885 444 APPENDIX.
1925 411 1996 423 -—
2030 380 2209 436 PARS
2247 383 2290 437 1.

2429 381 2692 437 JUSTINI
2725 382 2950 439 OPERA
2988 384 3256 441 SPURIA.
3697 438 3709 442 _
3883 390 4022 444 1452

737 524 990 582 terquam
1017 509 1314 581 aliquando
1343 509 1609 580 potentia,
1647 503 1944 577 aliquando
1971 501 2120 572 actu)
2154 500 2317 555 simul

2424 500 2563 553 κατὰ
2593 502 2685 555 τὸν
2721 503 3158 574 ἀποκρινάμενον
3179 504 3241 556 τὸ
3271 503 3661 576 δημιούργημα
3692 505 4025 575 συναγέννη-

739 612 934 659 natura
969 618 1092 658 esse
1123 603 1278 674 prius
1308 614 1362 656 et
1397 602 1709 671 posterius,
1745 596 1906 666 53o
1931 609 2108 663 neque
2154 592 2319 646 etiam

2429 595 2518 647 :6v
2560 596 2676 648 ἐστι
2723 595 2802 666 τῷ
2852 597 3130 667 ἀγεννήτῳ
3172 595 3505 668 δημιουργῷ,
3547 596 3744 667 ἐπειδὴ
3798 597 3943 667 πρός
3977 613 4022 648 τι

739 697 985 769 profecto
1019 711 1158 765 opus
1202 702 1533 750 coaeternum
1587 699 1672 745 est
1718 689 1922 761 opifici,
1973 700 2076 740 nec
2144 685 2321 754 imago

2428 687 2546 739 ἐστι
2586 688 2681 739 καὶ
2718 688 2834 757 ἄμα
2869 689 2937 758 τῇ
2968 687 3146 756 φύσει,
3180 686 3331 741 ἔσται
3359 688 3469 760 ἀρα
3511 687 3694 758 τούτῳ
3721 687 3810 757 τῷ
3838 688 4022 758 τρόπῳ

735 787 1058 859 exemplari.

2431 777 2524 830 καὶ
2574 777 2636 830 τὺ
2680 777 2938 849 γεννητὸν
2981 778 3368 850 συναγέννητον
3412 779 3491 850 τῷ
3536 781 3837 852 ἀγεννήτῳ
3883 781 4018 850 Θεῷ.

736 886 962 958 Πρῶτος
1003 885 1101 949 μὲν
1138 882 1248 952 γὰρ
1281 882 1310 934 6
1351 882 1504 944 Θεὸς,
1553 878 1780 950 ὕστερον
1821 876 1881 929 δὲ
1912 875 1973 928 :6
2015 874 2271 946 γεννητόν
2295 891 2308 904 ’
2353 874 2444 927 καί
2485 876 2652 936 ἐστιν,
2679 875 2754 937 ὡς
2787 875 2925 946 πρός
2944 891 3020 938 τι,
3063 875 3177 946 ἅμα
3204 878 3270 947 τῇ
3299 877 3459 945 φύσει
3505 875 3567 930 :6
3598 878 3883 950 πρότερον
3937 877 4024 932 καὶ

737 981 984 1054 ὕστερον.
1038 980 1099 1032 Et
1145 978 1201 1031 δὲ
1245 978 1412 1048 χωρὶς
1454 976 1548 1029 τοῦ
1587 974 1718 1027 ποτὲ
1763 971 1862 1043 μὲν
1899 970 2160 1041 δυνάμει,
2205 970 2336 1022 ποτὲ
2397 969 2453 1022 δὲ
2488 969 2758 1040 ἐνεργείᾳ,
2807 968 3065 1023 ἀδύνατόν
3102 972 3217 1023 ἐστι
3255 970 3317 1023 τὸ
3364 970 3578 1042 πρῶτον
3623 971 3725 1025 καὶ
3795 971 4023 1041 ὕστερον

737 1072 878 1126 εἶναι.
903 1072 1018 1140 ἅμα
1049 1073 1114 1140 τῇ
1151 1068 1337 1138 φύσε;’
1361 1067 1468 1120 οὐδ’
1492 1067 1600 1138 ἀρα
1635 1065 1697 1118 τὸ
1723 1061 2110 1136 δημιούργημα
2133 1060 2397 1114 ωναῖδιὸν
2431 1063 2546 1116 ἐστι
2571 1060 2650 1130 τῷ
2679 1060 3012 1133 δημιουργῷ,
3035 1059 3156 1116 οὑτε
3192 1062 3225 1132 ή
3254 1060 3415 1115 εἰκὼν
3443 1060 3520 1132 τῷ
3552 1062 3995 1133 παραδείγματι.

807 1169 861 1222 ιι.
898 1166 1136 1220 Relativa
1183 1175 1357 1218 autem
1408 1162 1572 1217 simul
1621 1169 1818 1214 natura
1844 1157 2148 1220 subsistere,
2177 1157 2320 1210 clare

737 1255 979 1311 omnibus
1047 1257 1332 1325 probatum
1383 1261 1732 1320 testatumque
1787 1259 1887 1315 est,
1935 1259 1985 1302 et
2018 1246 2139 1301 inde
2162 1245 2321 1315 facile

737 1348 1093 1419 cognoscitur.
1155 1343 1301 1399 Nam
1345 1343 1590 1396 dextrum
1653 1350 1704 1416 et
1760 1340 2041 1394 sinistrum
2098 1337 2322 1391 relativo

738 1447 860 1492 sunt
892 1451 912 1490 :
948 1437 1109 1491 sicuti
1144 1452 1268 1505 ergo
1302 1434 1550 1488 dextrum
1593 1447 1706 1486 esse
1726 1447 1831 1484 non
1857 1438 2047 1499 potest,
2080 1429 2126 1482 si
2159 1428 2322 1483 sinis-

739 1539 878 1584 trum
908 1545 1012 1582 non
1040 1528 1131 1592 sit,
1161 1542 1325 1597 neque
1369 1525 1650 1579 sinistrum
1677 1524 1793 1576 sine
1829 1521 2044 1584 dextro,
2085 1520 2162 1574 sic
2209 1535 2322 1574 esse

738 1638 844 1676 non
891 1628 1061 1688 potest
1107 1617 1287 1688 opifex
1313 1617 1426 1673 sine
1456 1616 1690 1687 api/icio,
1726 1629 1888 1685 neque
1915 1611 2181 1682 opificium
2208 1611 2322 1665 sine

738 1712 946 1783 opiﬁce.
969 1709 1234 1776 Quocirca
1251 1709 1298 1764 si
1315 1708 1492 1778 opifex
1517 1706 1806 1778 ingenitus,
1824 1702 2115 1775 ingenitum
2141 1709 2190 1754 et
2208 1700 2317 1768 opi-

2493 1153 2548 1208 4.
2585 1155 2711 1209 Ὅτι
2750 1154 2818 1209 δὲ
2857 1156 2929 1210 τὰ
2956 1157 3104 1225 πρός
3140 1173 3196 1209 τι
3230 1155 3351 1225 ἅμα
3388 1154 3461 1224 τῇ
3503 1156 3692 1224 φύσει
3727 1155 4021 1225 ὑπάρχει,

2419 1247 2628 1317 σαφῶς
2656 1248 2847 1304 πᾶσιν
2884 1248 3316 1313 ἀποδέδεικται,
3345 1248 3442 1317 καί
3479 1248 3893 1318 ὡμολόγηται,
3926 1250 4024 1302 καὶ

2426 1341 2679 1394 αὐτόθεν
2714 1339 2926 1409 ῥᾴδιον
2966 1339 3303 1409 γινώσκειν.
3335 1340 3403 1394 Τὸ
3426 1340 3536 1410 γὰρ
3564 1339 3778 1404 δεξιὸν
3824 1341 3930 1394 καὶ
3959 1340 4022 1394 τὸ

2425 1429 2740 1497 ἀριστερὸν
2752 1428 2872 1483 τῶν
2901 1431 3050 1498 πρός
3074 1447 3150 1485 τι.
3172 1430 3400 1498 ’Ὠσπερ
3427 1424 3540 1483 οὖν
3562 1431 3676 1483 οὐκ
3702 1429 4022 1499 ἐνδέχεται

2424 1520 2492 1575 τὸ
2519 1520 2723 1586 δεξιὸν
2740 1517 2892 1576 εἶναι
2929 1523 3012 1591 μὴ
3043 1522 3220 1588 ὄντος
3246 1523 3353 1576 τοῦ
3377 1523 3722 1590 ἀριστεροῦ,
3756 1523 3924 1590 μηδὲ
3959 1524 4021 1577 τὸ

2424 1613 2742 1682 ἀριστερὸν
2760 1612 2933 1680 ἐκτὸς
2960 1613 3066 1668 τοῦ
3093 1613 3320 1678 δεξιοῦ,
3347 1615 3534 1682 οὕτως
3555 1617 3669 1669 οὐκ
3697 1615 4024 1685 ἐνδέχεται

2425 1704 2532 1758 τὸν
2556 1705 2918 1776 δημιουργὸν
2954 1703 3108 1760 εἶναι
3139 1706 3284 1760 ἄνευ
3328 1705 3435 1760 τοῦ
3461 1706 4018 1781 δτυιιουργηῂιατος,

737 1780 944 1875 licium.
991 1801 1050 1857 Si
1076 1800 1542 1873 quemadmodum
1576 1796 1879 1855 secundum
1900 1795 2149 1852 eamdem
2186 1791 2312 1849 sub-

2423 1798 2458 1866 ἢ
2490 1799 2556 1852 τὸ
2600 1799 3010 1870 δημιούργημα
3047 1800 3191 1854 ἄνευ
3215 1800 3323 1855 τοῦ
3367 1799 3757 1870 δημιουργοῦ.
3791 1804 3873 1855 Et
3911 1800 4023 1854 οὖν

738 1895 1003 1954 stantiam
1030 1894 1283 1951 dextrum
1318 1900 1375 1948 et
1418 1890 1708 1947 sinistrum
1747 1888 1806 1943 in
1833 1894 1952 1942 tota
1982 1893 2137 1958 parte
2165 1883 2232 1939 ad
2262 1898 2321 1940 se

740 1987 975 2045 invicem
1009 1994 1161 2054 sunt,
1191 1985 1269 2040 ita
1299 1985 1465 2040 etiam
1494 1981 1679 2054 opifex
1722 1988 1779 2037 et
1815 1977 2098 2050 opiflcium
2123 1991 2320 2033 secun-

737 2079 870 2134 dum
898 2078 1146 2134 eamdem
1178 2074 1546 2131 substantiam
1586 2073 1645 2128 in
1678 2078 1794 2126 tota
1815 2077 1973 2142 parte
2001 2070 2067 2124 ad
2093 2083 2154 2124 se
2182 2067 2323 2122 invi-

735 2187 858 2228 cem
882 2177 1103 2228 essent:
1137 2167 1364 2224 haberet
1412 2166 1592 2221 locum
1643 2162 1974 2235 exemplum,
2007 2171 2129 2230 quo‘
2162 2165 2321 2214 utens

739 2273 1040 2331 nesponsor
1089 2265 1319 2314 conatus
1367 2265 1455 2312 est
1512 2255 1894 2310 demonstrare
1948 2249 2320 2322 coingenitum

736 2367 863 2411 esse
907 2351 1090 2424 opiﬁci
1124 2336 1425 2424 Opificium.
1456 2347 1565 2404 Sed
1594 2347 1642 2403 si
1665 2347 1921 2425 dextrum
1946 2350 2006 2399 et
2032 2342 2321 2398 sinistrum

738 2445 1042 2502 secundum
1073 2443 1323 2500 eamdem
1366 2438 1734 2498 substantiam
1754 2434 1821 2491 ad
1851 2450 1912 2491 se
1936 2434 2172 2490 invicem
2194 2439 2323 2489 sunt

739 2541 808 2595 in
833 2545 951 2594 tota
975 2544 1162 2609 parte,
1211 2535 1393 2606 opifex
1419 2541 1603 2589 autem
1633 2539 1686 2586 et
1711 2527 1990 2601 opificium
2038 2540 2151 2580 non
2201 2523 2282 2580 sic
2303 2563 2320 2590 ,

740 2632 912 2703 liquet
944 2644 1108 2687 usum
1130 2643 1256 2685 esse
1296 2638 1684 2697 responsorem
1725 2618 1978 2691 exemplo
2000 2616 2226 2672 minime
2252 2613 2323 2674 ad

735 2723 817 2778 rei
870 2727 1124 2776 naturam
1174 2717 1448 2789 apposito,
1483 2714 1689 2786 quippe
1713 2726 1839 2768 cum
1869 2708 2078 2765 nullam
2123 2704 2324 2760 habeat

735 2826 864 2868 cum
895 2824 958 2866 re
987 2806 1414 2866 demonstranda
1438 2801 1926 2861 necessitudinem.
1947 2798 2321 2854 Relativorum

738 2905 844 2958 alia
874 2903 929 2958 id
975 2902 1124 2973 quod
1172 2901 1458 2964 dicuntur,
1507 2898 1740 2952 alterum
1785 2892 2012 2949 alterius
2040 2889 2319 2955 dicuntur,

739 2997 887 3052 velut
915 3002 1071 3066 pater
1099 2993 1302 3050 dicitur
1334 2990 1429 3045 filii
1459 2995 1699 3060 pater,et
1728 2985 1874 3042 illius
1908 2984 2113 3040 dicitur
2147 2981 2322 3054 patris

2421 1891 2751 1961 ἀγέννητος
2791 1895 2825 1946 ὁ
2850 1891 3228 1962 δημιουργὸς,
3271 1891 3604 1962 ἀγέννητον
3641 1893 3746 1946 καί
3799 1894 3877 1947 τὸ
3921 1893 4022 1962 δη-

2416 1985 2772 2054 μιούργημα.
2801 1985 2866 2038 Ei.
2897 1985 2995 2056 μὲν
3022 1984 3151 2057 γάρ,
3179 1983 3372 2056 ὥσπερ
3397 1984 3543 2038 κατά
3579 1985 3681 2055 τὴν
3716 1986 3908 2058 αὐτὴν
3934 1987 4022 2039 οὑ-

2424 2076 2544 2130 σίαν
2581 2076 2793 2149 ὑπῆρχε
2824 2076 3092 2164 τδκδεξιὸν
3135 2077 3318 2130 καὶτὸ
3361 2077 3651 2148 ἀριστερὸν
3695 2079 3758 2130 ὲν
3799 2077 3888 2148 τῷ
3915 2077 4020 2149 ὅλῳ

2425 2169 2580 2241 μέρει
2607 2169 2744 2241 πρὸς
2775 2169 3000 2239 ἄλληλα,
3028 2168 3200 2233 οὑτως
3241 2168 3455 2240 ὑπῆρχε
3503 2170 3593 2222 καὶ
3619 2169 3647 2222 6
3677 2168 4020 2242 δημιουργὸς

2423 2261 2514 2314 καὶ
2538 2261 2599 2314 :6
2641 2260 3031 2336 δημιούργημα
3062 2260 3204 2314 κατά
3245 2262 3345 2332 τὴν
3390 2260 3559 2333 αὑτὴν
3605 2261 3807 2316 οὐσίαν
3854 2264 3918 2316 ἐν
3945 2261 4019 2331 τῷ

2423 2353 2529 2424 ὅλῳ
2561 2352 2715 2425 μέρει
2758 2352 2893 2424 πρὸς
2922 2351 3148 2424 ἄλληλα,
3175 2345 3320 2422 εἶχεν
3350 2352 3416 2406 ἀν
3444 2351 3629 2424 χώραν
3670 2352 3737 2406 :6
3761 2351 4014 2421 ὑπόδειγ-

2430 2463 2525 2516 μα,
2581 2438 2626 2513 ᾧ
2654 2444 3052 2525 χρησάμενος-δ
3076 2445 3512 2518 ἀποκρινάμενος
3543 2446 3816 2517 ἐπειρᾶτο
3846 2446 4014 2513 δεῖξαι

2425 2535 2818 2605 συναγέννητον
2855 2535 2933 2606 τῷ
2955 2535 3269 2608 δημιουργῷ
3294 2536 3357 2590 :6
3390 2535 3832 2615 δημιούργημα;
3877 2541 3930 2592 εἰ
3962 2539 4014 2592 δὲ

2422 2628 2485 2680 τὸ
2515 2628 2611 2698 μὲν
2639 2627 2812 2692 δεξιὸν
2840 2629 2934 2682 καὶ
2971 2628 3036 2681 :6
3068 2628 3357 2700 ἀριστερὸν
3397 2629 3538 2682 κατά
3562 2629 3664 2701 τὴν
3705 2630 3891 2702 αὐτὴν
3930 2631 4016 2683 οὑ-

2426 2717 2546 2772 σίαν
2570 2719 2718 2772 ἐστὶν
2755 2720 2814 2772 ὲν
2855 2718 2933 2790 τῷ
2957 2719 3064 2790 ὅλῳ
3105 2719 3261 2791 μέρει
3307 2720 3445 2792 πρὸς
3480 2719 3710 2792 ἄλληλα·
3757 2724 3787 2774 6
3817 2723 3880 2775 δὲ
3921 2721 4012 2792 δη-

2428 2811 2684 2881 μιουργὸς
2706 2813 2801 2865 καὶ
2823 2811 2882 2864 τὸ
2903 2811 3291 2887 δημιούργημα
3315 2813 3415 2866 οὑκ
3451 2812 3568 2866 ἔστι
3606 2813 3862 2867 τοιοῦτον
3878 2832 3894 2845 ο
3918 2813 4012 2882 δῆν

2422 2901 2533 2967 λον,
2556 2903 2633 2956 ὅτι
2680 2901 2930 2975 ἀνοικείῳ
2967 2903 3325 2977 ὑποδείγματι
3357 2907 3630 2977 ἐχρήσατο
3653 2907 3682 2959 6
3707 2907 4016 2979 ἀποκρινά-

2427 3011 2606 3066 μενος,
2633 2995 2770 3068 πρὸς
2793 2996 2893 3068 τὴν
2920 2995 3081 3066 φύσιν
3101 2996 3202 3051 τοὺ
3224 2998 3548 3070 πράγματος
3574 2997 3854 3070 μηδεμίαν
3880 3001 4013 3054 ἀνα-

738 3081 914 3155 filius;
949 3086 1056 3140 alia
1082 3100 1216 3141 vero
1243 3083 1299 3138 id
1328 3079 1477 3153 quod
1515 3080 1794 3144 dicuntur,
1839 3076 2071 3132 alterum
2096 3073 2320 3129 alterius

2426 3086 2608 3183 λογίαν
2633 3086 2805 3183 ἔχοντι
2825 3088 2963 3159 πρὸς
2983 3089 3044 3143 τὺ
3063 3089 3347 3144 ὑποδεικνύ
3355 3107 3510 3162 μενον
3525 3090 3790 3161 (95).Τῶν
3806 3092 3950 3164 πρός
3965 3111 4014 3146 τι

738 3195 848 3234 non
887 3179 1170 3240 dicuntur,
1228 3183 1289 3230 ut
1340 3179 1555 3228 rectum
1598 3177 1656 3226 et
1701 3167 2028 3235 rotundum;
2083 3180 2318 3237 quorum

2423 3179 2492 3234 τά
2514 3181 2610 3252 μὲν
2626 3180 2871 3253 ἀλλήλων
2884 3179 3133 3250 λέγονται
3149 3182 3289 3254 ὅπερ
3318 3180 3564 3250 λέγονται
3581 3199 3596 3213 ο
3619 3177 3736 3236 οἷον
3770 3186 3800 3237 6
3827 3182 4016 3255 πατὴρ

736 3285 1029 3325 commune
1047 3275 1134 3323 est
1165 3271 1226 3320 ut
1253 3263 1530 3321 interdum
1567 3268 1843 3334 potestate
1889 3259 2123 3314 alterum
2167 3256 2318 3311 dica-

737 3371 829 3415 tur
859 3361 912 3416 id
963 3359 1111 3431 quod
1167 3357 1395 3420 dicitur,
1445 3353 1721 3409 interdum
1768 3361 1942 3406 actu:
1988 3349 2094 3403 alia
2138 3356 2318 3401 autem

739 3459 973 3523 utraque
998 3465 1212 3521 semper
1236 3454 1367 3504 sunt
1397 3445 1485 3501 vel
1514 3450 1785 3516 potestate
1818 3441 1903 3495 vel
1936 3447 2085 3505 actu,
2111 3444 2169 3492 ut
2188 3451 2321 3492 con-

738 3558 936 3599 cavum
959 3549 1014 3597 et
1042 3553 1390 3606 convexum;
1425 3536 1532 3591 alia
1564 3548 1785 3605 semper
1812 3539 1935 3588 actu
1991 3540 2050 3584 ut
2079 3544 2246 3599 supra
2266 3535 2320 3583 et

740 3635 906 3692 infra.
938 3632 1076 3688 Cum
1113 3638 1368 3688 constent
1397 3629 1482 3682 ha:
1507 3626 1864 3690 relativorum
1915 3622 2240 3685 divisiones,
2272 3620 2320 3677 si

737 3728 960 3801 quando
1011 3724 1245 3780 velimus
1296 3711 1530 3792 alicujus
1582 3717 1907 3790 quaestionis
1949 3715 2320 3770 difﬁcultatem

739 3823 954 3878 solvere
973 3832 1070 3889 per
1108 3815 1419 3879 relativum,
1457 3810 1920 3868 considerandum
1949 3807 2189 3878 primum
2235 3811 2320 3860 est

740 3912 809 3966 ad
826 3924 991 3982 quam
1023 3907 1353 3963 divisionem
1380 3898 2038 3970 relativorum‘pertineat
2080 3897 2135 3952 id
2173 3894 2322 3967 quod

739 4003 1041 4076 quaeritur;
1079 3997 1279 4055 deinde
1333 4011 1435 4067 pro
1493 4001 1692 4049 natura
1737 3990 2026 4046 divisionis
2069 3996 2325 4045 astrueno

739 4075 809 4150 da
872 4101 959 4149 est
1011 4090 1318 4162 proportio,
1369 4100 1536 4159 quam
1569 4084 1735 4139 habet
1763 4081 2075 4152 exemplum
2104 4075 2231 4136 cum
2264 4094 2324 4134 re

741 4181 1207 4241 demonstranda:
1264 4178 1352 4236 sin
1407 4177 1627 4241 minus,
1668 4169 1973 4245 reperietur
2015 4169 2322 4239 exemplum

741 4275 967 4330 minime
997 4279 1184 4342 aptum
1210 4278 1264 4323 et
1283 4266 1574 4323 diﬁicultas
1603 4277 1712 4320 non
1738 4260 1940 4318 soluta.
1978 4257 2035 4314 Si
2059 4256 2239 4329 opifex
2269 4264 2325 4312 et

741 4366 1017 4438 opillcium
1048 4379 1114 4419 ex
1142 4363 1210 4418 iis
1234 4359 1480 4416 relativis
1505 4366 1654 4423 sunt,
1679 4370 1802 4427 quas
1824 4354 2054 4409 alterum
2098 4349 2324 4405 alterius

2417 3271 2511 3324 τοῦ
2534 3271 2651 3324 υίοῠ
2675 3270 2888 3339 λέγεται
2917 3272 3118 3344 πατὴρ,
3145 3273 3241 3326 καὶ
3261 3272 3290 3325 6
3315 3272 3430 3336 υίὸς
3447 3272 3541 3326 τοῦ
3564 3273 3776 3341 πατρὸς
3790 3274 4014 3345 λέγεται

2419 3362 2550 3426 υἱός·
2565 3363 2634 3416 τά
2647 3363 2704 3416 δὲ
2716 3364 2778 3416 οὑ
2787 3361 3031 3432 λέγονται
3046 3363 3288 3435 ἀλλήλων
3297 3365 3394 3418 δπε
3400 3381 3432 3437 ρ
3442 3364 3792 3434 λέγονται,ὡς
3802 3366 3868 3420 :6
3882 3367 4012 3421 εὑθὺ

2420 3452 2514 3506 καὶ
2534 3453 2595 3506 τὸ
2613 3454 2934 3526 περιφερές·
2964 3450 3038 3508 ὧν
3059 3456 3175 3508 ἔστι
3210 3455 3387 3509 κοινὸν
3413 3455 3475 3509 τὸ
3499 3457 3630 3510 ποτὲ
3652 3456 3754 3526 μὲν
3781 3458 4014 3529 δυνάμει

2419 3542 2670 3611 λέγεσθαι
2685 3544 2908 3616 θάτερον
2933 3544 3352 3616 ὅπερ-λέγονται,
3385 3545 3513 3599 ποτὲ
3541 3544 3597 3598 δὲ
3624 3546 3883 3618 ἐνεργείᾳ
3906 3543 3921 3579 έ
3942 3549 4017 3603 τὰ

2420 3636 2477 3690 δὲ
2501 3636 2783 3708 ἀμφότερα
2806 3637 2892 3690 ἀεὶ
2927 3637 2960 3706 ἢ
3004 3635 3231 3707 δυνάμει
3256 3638 3404 3691 ἐστὶν
3431 3637 3467 3709 ἢ
3511 3627 3788 3709 ἐνεργείᾳ,
3825 3640 3907 3702 ὡς
3947 3641 4014 3694 τδ

2427 3727 2604 3780 κοῖλον
2629 3728 2723 3780 καὶ
2748 3727 2810 3780 :6
2833 3729 3064 3800 κυρτόνηο
3093 3728 3162 3781 τά
3191 3729 3248 3782 δὲ
3280 3729 3368 3782 ἀεὶ
3391 3728 3664 3799 ἐνεργείᾳ,
3695 3729 3775 3792 ὡς
3809 3731 3873 3783 :6
3898 3731 4015 3784 ἀνω

2422 3819 2516 3872 καὶ
2535 3819 2705 3873 κάτω.
2725 3818 2943 3872 Τούτων
2971 3818 3149 3872 οὑσῶν
3171 3819 3278 3872 τῶν
3300 3819 3437 3890 πρός
3459 3835 3511 3872 τι
3528 3818 3639 3872 τῶν
3657 3819 4007 3894 διαιρέσεων,

2422 3913 2549 3968 ὅταν
2596 3911 2911 3983 βουλώμεθά
2952 3929 3095 3976 τινος
3136 3908 3467 3983 ζητουμένου
3503 3911 3673 3966 λύσαι·
3700 3912 3767 3965 :6
3802 3912 4010 3985 ἄπορον

2422 4001 2508 4056 διὰ
2531 4001 2625 4056 τοῦ
2653 4002 2788 4075 πρός
2816 4019 2889 4066 τι,
2918 4001 3024 4074 χρὴ
3046 4000 3260 4072 πρῶτον
3282 3998 3639 4072 καταμαθεῖν,
3673 4001 3838 4064 ποίας
3866 4002 4006 4056 διαι-

2429 4095 2631 4167 ρέσεως
2660 4093 2768 4147 τῶν
2798 4094 2934 4166 πρός
2958 4093 3012 4146 τί
3044 4094 3161 4148 ἔστι
3202 4091 3264 4146 :6
3298 4089 3628 4164 ζητούμενον
3653 4107 3668 4122 ·
3703 4087 3809 4145 εἷθ’
3830 4091 4005 4157 οὕτως

2424 4183 2566 4238 κατά
2606 4184 2706 4256 τὴν
2734 4183 2895 4253 φύσιν
2933 4183 3032 4255 τῆς
3063 4182 3381 4252 διαιρέσεως
3426 4180 3863 4248 κατασκευάζειν
3904 4184 4003 4255 τὴν

2425 4275 2716 4344 ἀναλογίαν
2750 4273 2882 4345 (96),
2910 4273 2977 4345 ἢν
3011 4272 3126 4344 ἔχει
3154 4271 3215 4325 :6
3256 4271 3559 4343 ὑπόδειγμα
3590 4271 3729 4344 πρὸς
3772 4271 3836 4326 τὸ
3872 4273 3998 4326 ὑπό-

2424 4367 2805 4440 δεικνύμενον⁴
2867 4369 2918 4421 εί
2969 4366 3028 4420 δὲ
3089 4366 3166 4438 μή
3203 4379 3287 4432 γε,
3326 4363 3680 4436 εὑρεθήσεται
3742 4364 3807 4418 :6
3867 4365 3999 4419 ὑπόι

743 4461 1006 4514 dicuntur
1034 4455 1090 4511 id
1131 4453 1279 4526 quod
1306 4451 1567 4506 dicuntur
1604 4455 1712 4517 (est
1737 4445 1883 4503 enim
1917 4442 2130 4515 opificis
2160 4440 2319 4511 opifi-

2423 4459 2620 4531 δειγμα
2653 4458 2915 4514 ἀνοίκειον
2933 4458 3028 4512 καὶ
3052 4457 3113 4512 :6
3136 4457 3337 4528 ἄπορον
3360 4455 3573 4510 ἄλυτον.
3598 4457 3661 4509 Εί
3684 4458 3713 4510 6
3741 4456 3997 4528 δημιουρ-

742 4557 890 4610 cium
908 4562 964 4608 et
993 4550 1194 4623 opificii
1213 4546 1441 4620 opifex);
1455 4557 1754 4615 responsor
1774 4548 1978 4602 autem,
2001 4537 2128 4592 dum
2145 4549 2324 4592 exem-

746 4648 836 4718 plo
877 4645 1262 4701 demonstrare
1318 4639 1434 4693 vult
1481 4633 1856 4705 coingenitum
1907 4644 2033 4686 esse
2080 4626 2322 4697 ingenito

743 4741 1013 4813 genitum,
1045 4733 1347 4805 assumpsit
1366 4731 1434 4787 ad
1471 4729 1638 4801 hujus
1668 4726 1748 4797 rei
1797 4722 2321 4781 demonstrationem

748 4812 1040 4888 relativum
1073 4843 1138 4883 ex
1167 4827 1255 4882 his
1274 4839 1398 4896 quae
1417 4822 1651 4877 alterum
1681 4818 1913 4873 alterius
1928 4831 2040 4872 non
2062 4812 2324 4869 dicuntur

746 4927 948 4995 (neque
993 4920 1140 4976 enim
1170 4907 1660 4981 dextrumdicitur
1682 4909 1917 4972 sinistri,
1947 4920 2123 4976 neque
2159 4904 2325 4960 sinis-

747 5027 891 5070 trum
921 5012 1126 5083 dextri)
1155 5011 1506 5082 perspicuum
1530 5013 1614 5060 est
1637 5018 1763 5059 eum
1788 5016 1949 5058 usum
1981 5013 2106 5054 esse
2140 5010 2326 5052 exem-

745 5109 834 5179 plo
865 5104 932 5159 ad
957 5104 1034 5158 rei
1061 5098 1502 5158 demonstranda:
1523 5105 1775 5154 naturam
1795 5091 2022 5147 minime
2041 5087 2291 5159 apposito
2305 5126 2321 5152 ,

747 5177 948 5269 quippe
1000 5209 1125 5249 cum
1153 5191 1570 5264 proportionem
1598 5202 1725 5242 cum
1779 5200 1838 5240 re
1894 5177 2321 5239 demonstranda

747 5304 854 5344 non
879 5286 1096 5352 habeat,
1120 5299 1242 5356 quae
1269 5281 1642 5338 difﬁcultatem
1665 5276 1862 5334 solvat.

814 5533 927 5604 (95)
958 5532 1114 5604 Πρὸς
1155 5529 1222 5604 τὸ
1253 5529 1779 5604 ὑποδεικνύμετον.
1810 5525 1939 5604 Haec
1981 5525 2324 5604 superfluunt

742 5612 799 5659 et
823 5596 859 5660 ε
889 5596 1134 5673 titarkine
1166 5602 1220 5673 in
1251 5596 1847 5673 contextumjvidentur
1877 5598 2190 5673 irrepsisse,
2212 5596 2321 5673 nisi

747 5613 799 5659 et
827 5620 859 5660 ο
889 5617 1134 5673 margine
1167 5617 1220 5655 In
1251 5613 1566 5656 contextum
1592 5613 1847 5653 videntur
1877 5613 1988 5650 II'I'P.
2029 5613 2190 5662 snsse,
2214 5613 2321 5650 utSt

747 5675 1011 5728 addamus
1035 5679 1092 5725 ut
1124 5671 1263 5725 infra
1295 5669 1520 5741 λυτικὴν
1562 5668 1796 5739 ἀπορίας
1844 5665 1938 5720 τοῦ
1991 5613 2322 5736 ἓητουμένου

747 5745 881 5816 πρὸς
899 5744 958 5796 :6
987 5741 1454 5815 ὑποδεικνύμενον.

2424 4553 2520 4620 γδς
2552 4550 2645 4605 καὶ
2673 4550 2734 4603 :6
2763 4549 3150 4621 δημιούργημα
3178 4547 3288 4600 τῶν
3317 4547 3452 4619 πρός
3471 4545 3526 4599 τί
3557 4547 3674 4600 ἐστι
3699 4547 3812 4600 τῶν
3837 4549 3994 4621 άλλη-

2425 4639 2530 4693 λων
2582 4639 2886 4710 λεγομένων
2912 4637 3049 4707 ὅπερ
3093 4631 3376 4704 λέγονται·
3407 4633 3764 4707 (δημιουργοῦ
3793 4636 3902 4709 γὰρ
3936 4639 3992 4690 τὸ

2424 4731 2812 4803 δημιούργημα
2833 4728 2928 4783 καὶ
2950 4727 3045 4783 τοῦ
3073 4727 3553 4798 δημιουργήματος
3576 4727 3988 4800 δδημιουργόςο)

2423 4824 2453 4876 6
2480 4823 2538 4877 δὲ
2567 4821 3024 4894 ἀποκρινάμενος,
3069 4817 3390 4890 βουλόμενος
3428 4818 3789 4888 ὑποδείγματι
3830 4819 3988 4885 δεῖξαι

2427 4913 2817 4984 συναγέννητον
2852 4911 2932 4982 τῷ
2970 4906 3248 4982 ἀγεννήτῳ
3281 4908 3343 4962 :6
3381 4909 3661 4987 γεννητῷ,
3697 4907 3886 4963 ἔλαϐεν
3917 4913 3988 4972 εἰς

2424 5005 2523 5078 τὴν
2543 5005 2732 5058 τούτου
2758 5003 2920 5069 δεῖξιν
2947 5003 3008 5056 :6
3039 5001 3176 5074 πρός
3202 5019 3255 5067 τι
3295 5001 3404 5054 τῶν
3443 5000 3688 5073 ἀλλήλων
3731 5001 3810 5072 μὴ
3845 5001 3986 5069 λεγο-

2430 5097 2606 5168 μένων
2628 5113 2641 5127 ·
2686 5095 2766 5169 (:6
2807 5095 2917 5167 γὰρ
2954 5094 3126 5162 δεξιὸν
3172 5093 3231 5148 οὑ
3275 5093 3493 5163 λέγεται
3539 5092 3634 5146 τοῦ
3686 5092 3983 5165 ἀριστεροῦ,

2426 5189 2551 5244 οὔτε
2577 5190 2638 5261 :6
2665 5188 2952 5261 ἀριστερὸν
2978 5186 3072 5241 τοῦ
3101 5184 3278 5253 δεξιοῦ
3295 5187 3334 5256 ·)
3357 5185 3514 5257 δῆλός
3549 5186 3717 5248 ἐστιν,
3742 5185 3826 5238 ὃτι
3851 5185 3985 5238 ἀνοι-

2426 5281 2560 5352 κείῳ
2585 5279 2941 5352 ὑποδείγματι
2964 5278 3233 5350 ἐχρήσατο
3254 5275 3396 5330 κατά
3420 5276 3519 5347 τὴν
3547 5274 3708 5344 φύσιν
3748 5275 3845 5328 τοῦ
3888 5275 3987 5328 δει-

2426 5389 2523 5426 κνυ
2530 5371 2710 5442 μένου,
2745 5369 3029 5438 ἀναλογίαν
3047 5369 3145 5422 οὑκ
3177 5367 3350 5439 ἔχοντι
3389 5361 3611 5436 λυτικὴν
3640 5365 3873 5438 ἀπορίας
3900 5362 3990 5417 τοῦ

2427 5462 2757 5534 ζητουμένου
2781 5461 2915 5532 πρὸς
2942 5461 3004 5514 τὸ
3027 5456 3495 5530 ὑποδεικνύμενον.

2498 5597 3012 5670 (96)-ίἎταλοτίαν.
3057 5595 3136 5649 Ita
3171 5593 3395 5670 scripsit
3444 5590 3770 5670 Sylhurgius
3803 5604 3901 5670 pr!)
3927 5604 3997 5646 ω

2427 5661 2668 5794 qugd“.
2707 5661 3016 5739 Stephanus
3073 5672 3126 5722 et
3158 5661 3378 5721 codices
3428 5661 3561 5720 mss.
3615 5661 3818 5719 habent
3861 5662 3996 5715 ἀπο-

2459 5759 2485 5794 0
2545 5757 2624 5794 αν.

2459 5757 2520 5805 ογ
2529 5757 2624 5794 ιαν.
