4146 6464
181 443 351 500 1455

1115 438 1589 509 QUESTIONES
1621 441 2064 499 CHRISTIANE
2100 442 2190 496 AD
2226 441 2549 499 GRAECOS.

3336 444 3479 498 ιιδι

267 557 330 611 5.
370 558 440 612 Et
470 555 536 611 δέ
571 573 658 622 τις
687 555 845 611 θέλει
874 553 1096 626 λέγειν,
1134 555 1224 609 ὅτι
1259 555 1554 626 πρότερον
1579 557 1696 626 μὲν
1713 553 1772 627 ἦν

1962 551 2017 613 5.
2044 556 2105 612 Si
2133 560 2250 629 quis
2283 568 2460 612 autem
2502 557 2674 611 dicere
2723 555 2842 610 velit
2871 557 3023 625 prius
3072 558 3281 626 quidem
3315 560 3481 627 fuisse

185 653 225 704 ὀ
267 649 664 718 δημουργύς,
706 649 968 714 ὕστερον
993 646 1062 700 δὲ
1089 647 1299 717 γέγονε
1329 647 1396 700 τό
1434 648 1792 718 δημιούργη-

177 757 304 810 μα,
344 740 438 793 καὶ
469 741 639 804 ἄλλῳ
687 735 1088 806 περιπεσεῖται
1130 737 1350 803 ἀτόπῳ.
1386 736 1792 805 Εὐρεθήσεται

183 832 315 900 γὰρ
349 831 597 901 δυνάμει
622 830 775 885 εἶναι
796 830 991 900 λέγων
1020 830 1127 883 τὸν
1157 829 1520 899 δημιουργὸν
1547 831 1644 883 καὶ
1679 834 1789 884 οὐκ

182 925 472 993 ἐνεργείᾳ
508 922 672 992 (ὅπερ
694 921 876 976 οὐδὲν
890 921 1043 976 ἄλλο
1063 921 1238 974 ἐστὶν
1252 922 1290 989 ἣ
1313 921 1418 975 τὸν
1438 922 1586 976 Θεὸν
1601 922 1805 992 ἀτελῆ.

185 1015 457 1084 Jersey)-
508 1013 605 1067 καὶ
637 1013 786 1081 πρὸς
819 1013 1052 1078 τούτοις
1088 1011 1270 1065 οὐδὲν
1317 1008 1502 1082 ἧττον
1531 1016 1788 1083 συνυφί-

187 1123 415 1160 σταται
433 1106 542 1176 (97)
558 1105 635 1172 τῷ
654 1104 987 1175 δημιουρτῷ
1006 1105 1071 1158 τὸ
1087 1105 1516 1176 δημιούργημα,
1539 1107 1788 1176 δυνάμει

195 1199 278 1251 ὃν
314 1199 412 1251 καὶ
441 1199 587 1252 αὐτὸ
614 1197 816 1266 ὥσπερ
838 1197 946 1268 (98)
977 1200 1010 1250 ό
1036 1197 1413 1268 δημιουργὸς,
1437 1199 1786 1269 ἁπανταχοῦ

190 1288 324 1342 τῶν
360 1291 510 1359 πρός
544 1309 598 1343 τι
631 1270 1058 1359 ὑςοισταμένων
1094 1289 1335 1358 ἐπίσης.
1372 1293 1443 1344 Εἰ
1464 1291 1579 1360 μὲν
1615 1287 1730 1345 οὖν
1754 1294 1786 1344 ό

189 1381 561 1452 δημιουργὸς
589 1381 858 1452 δυνάμει,
896 1381 996 1435 καί
1039 1380 1105 1434 τὸ
1144 1381 1560 1453 δημιούργημα
1606 1383 1787 1438 δυνά-

181 1490 292 1541 μει
320 1491 334 1503 ο
384 1477 435 1527 εί
480 1474 548 1526 δὲ
592 1477 625 1527 ό
668 1473 1030 1544 δημιουργὸς
1077 1474 1347 1543 ἐνεργείᾳ
1394 1476 1493 1529 καὶ
1535 1475 1781 1542 τέλειος,

189 1565 296 1617 καὶ
333 1567 397 1618 τὸ
431 1565 840 1635 δημιούργημα
868 1567 1102 1635 ὁμοίως.
1130 1565 1342 1634 Σαφῶς
1365 1567 1575 1620 τοίνυν
1604 1567 1782 1620 παντὶ

190 1654 390 1725 δῆλον
409 1656 667 1726 ὑπάρχει
693 1657 758 1711 τὸ
787 1659 1284 1727 συνυφίστασθαι
1310 1657 1393 1722 τῷ
1422 1657 1780 1728 δημιουργῷ,

188 1748 343 1804 καθὸ
370 1746 745 1818 δημιουργὸς,
775 1747 841 1802 τὸ
867 1749 1295 1818 δημιούργημα.
1326 1751 1410 1814 El,
1435 1748 1623 1822 ὥσπερ
1647 1750 1784 1822 πρὸς

187 1844 253 1897 τὸ
297 1842 683 1914 δημιούργημα
706 1844 805 1915 τὴν
839 1843 985 1896 κατὰ
1010 1843 1071 1896 τὸ
1106 1843 1244 1915 πρός
1278 1861 1331 1896 τι
1367 1843 1550 1914 σχέσιν
1595 1843 1707 1914 ἔχει
1752 1846 1781 1898 6

1895 651 2158 719 opiﬁcem,
2191 651 2455 718 posterius
2504 666 2623 703 vero
2650 649 2938 719 opiﬁcium,
2965 649 3012 703 is
3049 649 3158 704 alio
3181 651 3343 720 etiam
3379 655 3479 704 im-

1891 741 2179 810 plicabitur
2231 739 2482 794 absurdo.
2516 739 2704 794 Dicere
2725 741 2864 794 enim
2896 740 3181 807 reperietur
3220 748 3483 809 potestate

1892 835 2127 902 opiﬁcem
2150 845 2282 897 esse,
2306 850 2409 888 uon
2433 842 2555 887 actu
2573 832 2731 902 (quod
2752 848 2878 886 sane
2903 831 3052 885 aliud
3077 849 3180 888 non
3204 845 3476 899 est,quam

1891 923 2058 978 Deum
2077 925 2440 995 imperfectum
2463 924 2697 996 dicere);
2723 941 2787 979 ac
2819 935 3078 993 praeterea
3106 928 3369 996 opiﬁcium
3393 913 3476 982 ui-

1890 1017 2175 1073 ltitomirius
2207 1037 2328 1073 cum
2359 1020 2545 1089 opiﬁce
2573 1019 2880 1082 subsistere,
2905 1029 2955 1073 et
2979 1028 3241 1086 potestate
3270 1031 3325 1072 ut
3358 1021 3475 1089 opi—

1890 1111 2040 1179 ﬁcem
2064 1128 2196 1176 esse,
2226 1128 2345 1165 cum
2372 1127 2572 1180 semper
2615 1113 2838 1166 relativa
2868 1112 3029 1165 simul
3068 1111 3271 1179 pariter
3299 1110 3476 1165 subsi-

1888 1213 2052 1259 stant.
2090 1203 2151 1262 Si
2184 1205 2345 1275 igitur
2375 1213 2630 1274 potestate
2657 1187 2862 1272 opifex,
2887 1206 3049 1257 etiam
3073 1197 3330 1272 potestate
3360 1202 3474 1269 opi-

1888 1297 2106 1362 ficium:
2136 1298 2183 1350 si
2207 1296 2382 1365 opifex
2422 1307 2547 1350 actu
2578 1308 2627 1350 et
2658 1296 2950 1364 perfectus,
3005 1296 3165 1349 etiam
3201 1294 3473 1362 opiﬁcium

1887 1386 2043 1457 531
2069 1388 2336 1443 similiter.
2373 1387 2549 1454 Quare
2589 1390 2806 1458 quisque
2835 1388 2978 1442 clare
3015 1388 3265 1455 perspicit
3310 1387 3473 1440 simul

1885 1494 2005 1531 cum
2049 1479 2256 1548 opiﬁce,
2300 1490 2558 1551 quatenus
2609 1481 2788 1549 opifex
2839 1491 2936 1544 est,
2967 1481 3254 1535 subsistere
3319 1483 3473 1551 opifi-

1885 1572 2045 1626 cium.
2080 1571 2136 1625 Si
2171 1587 2332 1643 quam
2357 1572 2521 1628 habet
2554 1574 2876 1628 relationem
2908 1572 3053 1629 Deus
3067 1574 3137 1628 ad
3167 1573 3468 1645 opiﬁcium,

1886 1669 1945 1715 ut
1971 1662 2178 1732 opifex,
2198 1663 2446 1728 eamdem
2482 1663 2645 1719 habet
2678 1671 2728 1719 et
2775 1664 2844 1719 ad
2876 1664 3121 1735 genitum
3160 1672 3218 1720 ut
3255 1665 3471 1736 ingeni-

1884 1760 1995 1818 tus,
2029 1761 2084 1809 et
2112 1755 2180 1809 ad
2213 1756 2522 1826 posteriora
2555 1765 2614 1810 ut
2637 1758 2870 1827 primus,
2899 1773 3002 1828 nec
3039 1767 3223 1813 tamen
3261 1759 3468 1828 imper-

1885 1844 2087 1900 fectum
2127 1846 2616 1920 quidquamhabet
2647 1848 2875 1918 ingeniti
2919 1855 3013 1902 aut
3055 1848 3218 1918 primi
3249 1848 3469 1904 ratione

185 1935 326 2008 Θεὸς
357 1935 432 1999 ὡς
458 1935 810 2006 δημιουργὸς,
849 1935 1020 1999 οὕτως
1055 1935 1168 2006 ἔχει
1195 1935 1294 2007 τὴν
1334 1936 1506 2006 αὐτὴν
1538 1935 1690 2004 ¹κατά
1717 1937 1772 1989 τὸ

1880 1938 2054 2007 (nullo
2085 1939 2232 1992 enim
2273 1939 2435 1995 modo
2456 1938 2565 1994 dici
2582 1947 2761 2009 potest
2792 1939 2934 1995 Deus
2969 1940 3245 2010 ingenitus
3269 1940 3469 2015 imper-

191 2025 332 2098 πρός
365 2043 420 2078 τι
449 2028 630 2096 σχέσιν
657 2029 750 2080 καὶ
783 2027 920 2099 πρὸς
953 2027 1016 2080 τὸ
1050 2028 1309 2100 γεννητὸν
1340 2027 1416 2091 ὡς
1459 2028 1772 2098 ἀγέννητὸς,

189 2119 292 2172 καῖ
329 2119 463 2190 πρὸς
502 2119 570 2172 τὰ
611 2118 817 2191 ὕστερα
859 2119 936 2184 ὡς
975 2119 1212 2192 πρῶτος,
1253 2120 1348 2173 καὶ
1391 2120 1546 2173 οὐδὲν
1587 2120 1776 2184 ἀτελὲς

185 2210 305 2280 ἔχει
333 2210 454 2265 οὗτε
482 2212 538 2264 ὲν
576 2215 642 2283 τῇ
671 2212 967 2284 ἀγεννησίᾳ
991 2215 1155 2267 αὑτοῦ
1188 2213 1310 2267 οὔτε
1336 2215 1398 2267 ὲν
1421 2217 1487 2286 τῇ
1532 2215 1775 2286 πρωτεῖα

191 2304 362 2359 αὑτοῦ
423 2305 619 2376 (οὐδενὶ
687 2305 796 2379 γὰρ
843 2306 987 2380 λόγῳ
1034 2308 1260 2361 δυνατὸν
1301 2309 1476 2361 εἰπεῖν
1515 2309 1607 2360 τὸν
1643 2308 1774 2361 Θεὸν

187 2398 489 2470 ἀγέννητον
523 2397 685 2470 ἀτελῆ
710 2399 742 2470 ἢ
771 2399 987 2471 πρῶτον
1017 2398 1205 2470 ἀτελῆ,
1234 2399 1402 2458 διὰτὸ
1427 2395 1564 2453 εῖναι
1610 2401 1772 2454 αὐτόν

191 2506 327 2544 ποτε
352 2490 578 2562 ’δυνάμει
604 2491 910 2563 ἀμφότερα,
936 2491 1232 2561 ἀγένητόν
1274 2508 1332 2543 τε
1363 2491 1457 2544 καὶ
1494 2489 1708 2562 πρῶτον
1731 2490 1768 2562 )·

192 2585 366 2649 οὕτως
393 2586 490 2639 οὐκ
523 2584 794 2656 ἐνδέχεται
835 2585 1001 2657 ἀτελῆ
1044 2583 1182 2638 εἶναι
1203 2583 1295 2638 τὸν
1319 2583 1475 2649 Θεὸν,
1509 2573 1772 2657 πρότερον

189 2679 320 2732 δντα
365 2678 589 2750 δυνάμει
634 2678 985 2752 δημιουργόν.
1031 2680 1094 2732 Εἰ
1134 2678 1190 2732 δὲ
1217 2676 1310 2731 διὰ
1334 2677 1395 2731 τὸ
1433 2673 1572 2731 εἶναι
1612 2677 1772 2733 αὐτὸν

192 2770 406 2842 πρῶτον
450 2772 547 2841 μὲν
583 2770 808 2843 δυνάμει
850 2771 1203 2843 δημιουργὸν,
1245 2769 1473 2843 ὕστερον
1514 2771 1572 2824 δὲ
1622 2772 1772 2843 ὲνερ-

190 2857 336 2933 τείᾳ,
365 2862 707 2916 διαϐάλλεται
743 2865 826 2928 εἰς
859 2864 1128 2927 ἀτέλειαν,
1157 2863 1372 2936 ἀνάγκη
1413 2863 1520 2936 ἄρα
1558 2864 1655 2917 καὶ
1683 2865 1771 2918 διὰ

192 2953 254 3006 τὸ
285 2950 422 3008 εἶναι
449 2955 611 3010 αὐτὸν
635 2955 849 3027 πρῶτον
886 2957 983 3027 μὲν
1009 2954 1236 3026 δυνάμει
1268 2955 1566 3027 ἀγέννητόν
1587 2973 1647 3009 τε
1677 2957 1770 3009 καὶ

191 3044 424 3116 πρῶτον,
457 3045 682 3118 ὕστερον
722 3047 778 3100 δὲ
804 3045 1073 3120 ἐνεργείᾳ,
1107 3047 1460 3120 διαϐληθῆναι
1501 3049 1662 3102 αὐτὸν
1690 3050 1768 3112 εἰς

193 3137 458 3190 ἀτέλειαν.
485 3138 548 3190 Et
581 3138 638 3191 δὲ
667 3137 868 3191 ἄτοπον
889 3137 951 3189 τὸ
977 3136 1282 3191 διαϐάλλειν
1305 3136 1398 3190 τὸν
1423 3136 1556 3191 Θεὸν
1582 3137 1675 3191 επὶ
1700 3140 1765 3209 τῇ

191 3228 406 3300 ἀτελείᾳ
433 3227 534 3294 τῆς
561 3229 887 3300 ἀγεννησίας
909 3246 968 3282 τε
994 3229 1089 3282 καὶ
1118 3229 1410 3300 πρωτείας,
1438 3229 1637 3283 ἄτοπον
1659 3230 1768 3302 ἄρα

193 3319 286 3373 καὶ
311 3321 370 3373 τὸ
395 3320 695 3375 διαϐάλλειν
723 3321 886 3374 αὐτὸν
912 3320 1005 3386 ἐπὶ
1030 3324 1095 3394 τῇ
1126 3321 1344 3392 ἀτελείᾳ
1371 3320 1472 3391 τῆς
1502 3322 1764 3394 δημιουρ-

1794 3285 1836 3344 C

1880 2030 2079 2099 fectus,
2131 2039 2224 2085 aut
2271 2031 2484 2101 primus
2537 2023 2918 2101 imperfectus,
2969 2032 3100 2102 quia
3165 2039 3463 2102 utrumque

1879 2135 2274 2193 nonnunquam
2329 2131 2415 2177 est
2450 2128 2723 2192 potestate
2745 2160 2762 2186 ,
2797 2122 3073 2192 ingenitus
3111 2122 3375 2184 nimirum
3410 2128 3466 2178 et

1877 2214 2111 2285 primus)
2136 2232 2151 2281 ;
2179 2215 2254 2268 ita
2284 2228 2388 2268 nec
2418 2212 2773 2283 imperfectus
2796 2212 2938 2269 Deus
2967 2229 3089 2268 esse
3109 2205 3312 2284 potest,
3331 2215 3462 2286 quia

1877 2307 2032 2376 prius
2079 2314 2349 2377 pOtestale
2399 2305 2582 2376 Opifex
2614 2305 2736 2364 fuit.
2772 2305 2928 2372 Quod
2952 2306 3000 2362 si
3030 2309 3160 2376 quia
3185 2308 3339 2377 prius
3372 2317 3462 2364 est

1876 2409 2145 2469 potestate
2163 2399 2366 2470 opifex,
2387 2414 2450 2455 ac
2478 2397 2754 2470 posterius
2775 2409 2924 2466 actu,
2953 2395 3299 2459 desideratur
3317 2401 3461 2458 illius

1876 2491 2163 2564 perfectio,
2197 2507 2424 2549 necesse
2442 2500 2527 2549 est
2561 2493 2815 2564 profecto
2843 2503 2896 2550 et
2915 2496 3045 2565 quia
3075 2495 3231 2567 prius
3262 2503 3347 2552 est
3368 2512 3463 2566 po-

1874 2591 2072 2640 testate
2092 2585 2368 2655 ingenitus
2394 2600 2458 2641 ac
2487 2585 2721 2657 primus,
2752 2600 2816 2639 ac
2845 2587 3124 2657 posterius
3145 2596 3292 2652 actu,
3312 2589 3459 2643 illius

1873 2676 2262 2747 perfectionem
2280 2677 2607 2737 desiderari.
2627 2677 2783 2744 Quod
2799 2679 2847 2733 si
2860 2679 3162 2735 absurdum
3178 2688 3262 2736 est
3285 2678 3457 2736 Deum

1873 2773 2205 2842 vituperare,
2221 2774 2380 2844 quasi
2410 2773 2727 2844 imperfecte
2753 2775 3028 2846 ingenitus
3049 2775 3128 2832 sit
3140 2783 3195 2831 et
3212 2777 3455 2846 primus;

1873 2862 2173 2918 absurdum
2205 2878 2336 2919 sane
2376 2870 2463 2918 est
2491 2870 2546 2918 et
2583 2862 2959 2934 imperfectam
3009 2864 3088 2918 illi
3126 2872 3456 2935 potestatem

1870 2954 2200 3012 eti‘ectricem
2219 2955 2496 3028 adﬁngere,
2520 2955 2648 3028 quia
2674 2966 2786 3012 non
2807 2957 2991 3014 statim
3010 2965 3176 3029 atque
3188 2965 3275 3014 est
3295 2973 3458 3013 mun-

1869 3047 2000 3102 dum
2031 3047 2180 3114 fecit,
2214 3049 2310 3105 sed
2339 3051 2634 3120 posterius,
2665 3064 2792 3104 eum
2835 3051 2886 3107 ei
2915 3051 3092 3106 visum
3125 3058 3230 3124 est.
3258 3048 3451 3123 Neque

1869 3142 2016 3197 enim
2046 3141 2164 3198 ﬁeri
2208 3148 2412 3213 potest,
2467 3152 2524 3198 ut
2554 3144 2652 3215 qui
2679 3144 2739 3199 in
2790 3160 2902 3200 una
2958 3145 3146 3217 aliqua
3187 3146 3456 3203 relatione

1870 3233 2226 3306 imperfectus
2252 3243 2358 3301 est,
2389 3250 2500 3291 non
2525 3237 2696 3292 etiam
2744 3238 2800 3294 in
2849 3238 2974 3296 aliis
3003 3239 3264 3307 omnibus
3310 3241 3454 3297 rela-

1869 3325 2114 3398 tionibus
2146 3325 2502 3397 imperfect'us
2530 3329 2622 3384 sit.

191 3412 349 3483 γικῆς
369 3412 531 3466 αὐτοῦ
553 3413 854 3485 δυνάμεως,
884 3413 971 3467 διὰ
997 3415 1057 3468 τὸ
1084 3415 1159 3486 μὴ
1217 3415 1334 3486 ἅμα
1363 3412 1440 3484 τῷ
1500 3410 1638 3467 εἶναι
1679 3415 1842 3470 αὑτὸν
1876 3418 2234 3488 πεποιηκέναι
2279 3419 2370 3473 τὸν
2407 3419 2630 3492 κόσμον,
2675 3421 2813 3489 ἀλλά
2849 3422 3097 3494 ὕστερον,
3146 3425 3235 3478 ὅτε
3289 3423 3447 3478 ἐδού-

187 3502 327 3557 λςτο.
355 3505 467 3559 Οὐκ
491 3505 764 3576 ἐνδέχεται
806 3508 916 3581 γὰρ
953 3508 1045 3562 τὸν
1083 3507 1226 3562 κατά
1256 3525 1378 3562 τινα
1413 3508 1509 3562 τοῦ
1555 3509 1692 3581 πρός
1741 3527 1792 3564 τι
1832 3512 2015 3584 σχέσιν
2063 3513 2229 3584 ἀτελῆ

192 3594 324 3664 πρός
354 3613 405 3648 τι
434 3597 646 3667 σχέσεις
672 3598 874 3669 ὁμοίως
908 3596 1045 3654 εἶναι
1070 3601 1254 3672 ἀτελῆ.

201 3708 546 3775 ἘΡΩΤΗΣΙΣ
594 3713 1047 3836 ΧΡΙΣΤΙὲἳὲΚὲ
1086 3715 1265 3767 ΠΡΟΣ
1309 3709 1488 3767 ΤΟΥΣ
1524 3715 1764 3768 ἚΛΛΗα

257 3869 319 3925 Ei
348 3874 640 3950 ἀγέννητος
686 3878 715 3929 6
761 3844 989 3948 οὐρανὸς
1033 3877 1127 3929 xui.
1183 3875 1480 3950 ἀγέννητος
1537 3879 1566 3932 6
1604 3876 1762 3941 Θεὸς,

191 3966 283 4017 καὶ
334 3966 480 4037 οἰκεῖ
512 3967 571 4019 ὲν
608 3965 687 4036 τῷ
725 3966 939 4038 οὐρανῷ
970 3969 999 4020 6
1039 3967 1191 4032 Θεὸς,
1245 3969 1363 4034 πῶς
1408 3969 1676 4025 κατοικῶν
1706 3971 1764 4023 ὲν

2261 3513 2396 3568 ὄντα
2440 3514 2515 3588 μὴ
2563 3515 2705 3571 κατὰ
2746 3516 2844 3580 τὰς
2883 3517 3079 3582 λοιπὰς
3124 3519 3304 3584 πάσας
3353 3516 3450 3574 τοῦ

1977 3711 2070 3766 AD
2124 3712 2430 3770 GRAECOS
2919 3718 3341 3778 CHRISTIANA

1941 3875 2000 3931 Si
2030 3878 2329 3949 ingenitum
2347 3878 2545 3934 cmlum
2577 3888 2633 3958 et
2651 3880 2926 3952 ingenitus
2955 3876 3202 3951 Deus,ac
3224 3857 3280 3940 in
3303 3887 3447 3943 cmlo

1868 3969 2010 4026 Deus
2039 3969 2286 4025 habitat:
2317 3970 2592 4041 quomodo
2620 3973 2875 4030 habitans
2913 3975 2972 4030 in
3012 3991 3127 4033 non
3149 3977 3267 4034 suis
3297 3976 3446 4035 Deus

189 4061 297 4122 τοῖς
329 4059 428 4111 οὐκ
461 4058 626 4114 αὐτοῦ
676 4060 704 4112 6
741 4059 872 4124 Θεὸς
929 4060 1026 4131 οὑχ
1078 4061 1392 4134 ὕδρίζεταις
1422 4062 1481 4116 ὃν
1521 4063 1629 4135 γάρ
1661 4064 1762 4117 οὐκ

1869 4078 1976 4118 ιιοη
2008 4061 2242 4119 aﬂicitur
2273 4063 2514 4134 injuria?
2543 4062 2700 4132 Ωιιοὰ
2729 4065 2876 4121 enim
2907 4082 3018 4121 non
3067 4067 3195 4124 fecit
3215 4069 3442 4134 omium,

190 4151 436 4221 ἐποίησεν
459 4150 708 4222 οὐρανὸν,
743 4144 898 4214 οὗτος
920 4153 1020 4206 οὐκ
1052 4151 1200 4206 ἐστιν
1221 4154 1407 4208 αὐτοῦ.

204 4264 579 4326 ἈΠΟΚΡΙΣΙΣ
623 4254 1031 4388 ἘΑΑΗἮξμΣ
1034 4266 1214 4320 ΠΡΟΣ
1236 4268 1413 4322 ΤοΥΣ
1453 4267 1757 4322 ΧΡΙΣΤΙΑ-

258 4428 374 4483 Ὅτι
409 4428 508 4498 μὲν
546 4428 838 4500 ἀγέννητος
873 4429 903 4481 6
946 4427 1080 4492 Θεὸς
1125 4429 1219 4483 καὶ
1257 4429 1548 4501 ἀγέννητος
1587 4430 1617 4482 6
1661 4430 1753 4482 οὐ-

192 4521 361 4592 ρανὸς,
383 4520 539 4591 δῆλον
571 4520 636 4574 ἐκ
658 4539 718 4574 τε
742 4520 852 4574 τῶν
877 4519 1208 4585 ἐπιπολαίως
1237 4521 1403 4576 τανῦν
1425 4523 1750 4595 εἰρημένων,

189 4614 278 4666 καὶ
304 4615 365 4666 ὲκ
402 4612 509 4666 τῶν
553 4612 708 4686 παρά
729 4612 936 4667 πολλῶν
968 4614 1230 4682 γενναίως
1266 4609 1750 4686 ἀποδεδειγμένων·

185 4886 244 4951 τὸ
268 4887 576 4957 οἰκούμενον
615 4885 708 4940 τοῦ
740 4887 1014 4951 οἰκοῦντος
1039 4883 1177 4961 πρὸς
1211 4890 1482 4961 σωτηρίαν
1504 4891 1741 4959 γέγονεν.

189 4978 342 5031 Ὥστε
389 4979 439 5031 εἰ
462 4977 490 5030 6
526 4977 623 5049 μὲν
656 4978 858 5048 κόσμος
899 4980 1234 5051 οἰκητήριον,
1267 4981 1295 5032 6
1324 4980 1380 5034 δὲ
1402 4980 1533 5044 Θεὸς
1560 4980 1743 5046 οἰκῶν,

184 5069 336 5139 δῆλον
375 5071 454 5124 ὃτι
487 5073 515 5124 6
558 5071 655 5141 μὲν
693 5071 897 5142 κόσμος
932 5069 1094 5137 σώζει
1138 5071 1229 5125 τὸν
1276 5068 1426 5136 Θεὸν,
1458 5072 1488 5124 6
1515 5071 1573 5125 δὲ
1614 5071 1747 5134 Θεὸς

188 5156 408 5223 σώζεται
444 5159 548 5212 ὑπὸ
574 5159 668 5212 τοῦ
703 5159 930 5231 κόσμου·
969 5162 1106 5233 ὅπερ
1138 5162 1496 5231 ἐστὶιπάντων
1536 5160 1746 5216 ἀτοπώ-

184 5266 350 5304 τατον.
389 5250 596 5315 ’Ἄλλως
620 5261 680 5303 τε
709 5251 770 5304 τὸ
783 5251 1043 5323 ξκρετττον
1066 5252 1162 5305 τοῦ
1189 5251 1605 5325 καταδεεστέρου
1629 5254 1744 5306 ἐστὶ

187 5343 534 5413 περιεκτικόνο
568 5343 630 5397 τὸ
655 5343 712 5396 δὲ
743 5343 1160 5416 καταδεέστερον
1187 5345 1289 5398 ὑπὸ
1315 5343 1409 5398 τοῦ
1441 5345 1745 5417 κρείττονος

188 5434 506 5505 περιέχεται.
553 5435 717 5490 Ἀλλά
761 5436 868 5509 μὴν
905 5435 969 5489 τὸ
999 5435 1182 5490 οἰκοῦν
1213 5436 1321 5490 ὑπὸ
1347 5439 1447 5508 τῆς
1477 5439 1742 5510 οἰκήσεως

1860 4158 1918 4214 id
1948 4158 2093 4213 illius
2117 4173 2226 4212 non
2256 4167 2360 4214 est.

1979 4268 2072 4324 AD
2116 4268 2581 4333 CHRISTIANOS
2621 4263 3004 4329 BESPONSIO
3050 4273 3329 4332 GRAECA.

1926 4427 2233 4499 lngenitum
2262 4430 2432 4508 Deum
2460 4446 2583 4488 esse
2622 4442 2676 4488 et
2714 4433 3016 4504 ingenitum
3060 4435 3262 4491 caelum
3310 4451 3438 4508 per.

1854 4521 2106 4592 spicitur,
2119 4531 2235 4578 tum
2253 4539 2322 4599 ex
2337 4523 2442 4592 his,
2457 4539 2578 4595 quae
2604 4526 2796 4588 leviter
2811 4527 2973 4585 modo
2986 4527 3263 4598 disputata
3283 4538 3435 4592 sunt,

1785 4595 1832 4655 D
1860 4619 1975 4666 tum
1997 4628 2065 4669 ex
2087 4613 2174 4669 his
2195 4595 2327 4686 quis
2342 4629 2372 4669 a
2403 4617 2591 4672 multis
2621 4616 2836 4674 fortiter
2859 4595 3259 4677 demonstrata.
3295 4617 3436 4675 tunc

186 4705 267 4758 ὅτι
304 4703 357 4758 δὲ
388 4706 479 4759 τὸν
518 4697 650 4757 Θεὸν
683 4705 846 4775 φάναι
893 4710 1168 4760 κατοικεῖν
1201 4708 1258 4761 ὲν
1286 4707 1364 4780 τῷ
1400 4708 1614 4781 οὐρανῷ
1653 4710 1752 4762 οὐκ

1869 4711 2035 4759 ιυιειτι
2059 4720 2091 4759 a
2123 4705 2334 4762 ratione
2362 4705 2599 4778 alienum
2626 4724 2770 4774 esse,
2799 4716 2861 4764 ut
2889 4708 3035 4766 Deus
3082 4710 3140 4765 in
3180 4710 3324 4766 caelo
3347 4710 3436 4766 di-

187 4795 326 4848 εστιν
374 4794 610 4864 εῦλογον,
640 4796 1001 4867 σκοπήσωμεν
1044 4795 1192 4869 τῇδε.
1244 4796 1466 4870 Πρῶτον
1495 4798 1599 4880 μὲν
1642 4799 1750 4868 γὰρ

1869 4802 2011 4850 :atur
2037 4796 2308 4861 habitare,
2342 4799 2434 4854 sic
2459 4799 2916 4857 consideremus.’
2931 4799 3178 4856 Primum
3207 4790 3431 4874 quidem

188 5523 507 5594 περιέχεταιυ
535 5525 630 5579 καὶ
656 5525 748 5580 τὸν
772 5525 907 5580 Θεὸν
930 5526 1038 5598 ἄρα
1065 5525 1303 5598 περιέξει
1325 5527 1387 5580 τὸ
1408 5529 1736 5600 οεκητήριον·
1779 5575 1785 5579 .

185 5615 272 5668 καὶ
296 5614 442 5668 ἔσται
476 5616 540 5668 ἔκ
571 5617 759 5672 τούτου
785 5616 881 5671 τοῦ
912 5617 1069 5686 λόγου
1099 5619 1129 5670 6
1159 5617 1256 5688 μὲν
1278 5608 1500 5682 ’Θεὸςνὲν
1527 5621 1594 5689 τῇ
1627 5618 1738 5689 χεί-

245 5816 352 5944 ἷ97)
409 5817 871 5887 Συνυφίάταται.
915 5820 1092 5894 Supra
1119 5822 1561 5894 συνυφίστασθαι.
1591 5823 1737 5895 quod

262 5896 404 5944 ertur
426 5889 494 5944 ad
520 5889 716 5944 λέγειν.

185 5889 404 5946 refertur
426 5889 494 5944 ad
520 5889 716 5961 λέγειν.

1850 4889 1997 4958 quod
2029 4889 2334 4957 habitatur,
2359 4888 2427 4944 ad
2456 4890 2692 4952 salutem
2719 4891 3019 4950 habitantis
3065 4891 3271 4948 factum
3321 4900 3427 4950 est.

1850 4983 2033 5049 Quare
2085 4981 2134 5037 si
2178 4981 2420 5040 mundus
2447 4984 2668 5054 quidem
2702 4983 2971 5042 habitatio
2999 4992 3107 5049 est,
3159 4985 3305 5042 Deus
3327 4999 3430 5046 au-

1849 5082 1958 5128 tem
1986 5073 2568 5143 habitator-“nuntius
2617 5073 2869 5133 videlicet
2896 5076 3078 5148 Deum,
3115 5084 3322 5142 servat,
3370 5086 3427 5133 et

1848 5164 1993 5222 Deus
2025 5181 2054 5220 a
2081 5166 2289 5222 mundo
2309 5163 2594 5231 servatur:
2614 5169 2761 5238 quod
2797 5169 3018 5240 quidem
3047 5168 3294 5225 omnium
3322 5170 3425 5224 ab-

1848 5260 2238 5316 surdissimum
2285 5267 2412 5336 est.‘
2440 5259 2713 5317 Praterea
2755 5261 2906 5332 quod
2935 5262 3284 5331 pratantius
3312 5268 3418 5327 est,

1847 5352 2142 5408 continens
2167 5359 2254 5408 est
2280 5351 2581 5417 inferioris,
2627 5361 2682 5408 et
2726 5351 2876 5424 quod
2919 5352 3172 5419 inferius,
3201 5368 3232 5407 a
3279 5369 3419 5424 prae-

1828 5442 2110 5499 .stantiore
2154 5443 2492 5514 continetur.
2529 5439 2703 5496 Porro
2753 5441 3032 5496 habitator
3075 5432 3417 5523 habitatione

1843 5533 2177 5600 continetur,
2217 5547 2282 5587 ac
2323 5530 2493 5588 Deum
2525 5531 2774 5604 profecto
2796 5532 3097 5589 continebit
3124 5533 3410 5598 habitatio,

1841 5625 2055 5694 eritque
2083 5624 2156 5680 ob
2183 5638 2302 5680 eam
2349 5637 2573 5680 causam
2599 5623 2745 5681 Deus
2772 5624 3041 5681 deteriore
3071 5625 3409 5692 conditione,

1934 5822 2023 5892 98)
2081 5823 2323 5898 Ὥσπερ.
2360 5823 2452 5880 Sic
2488 5811 2797 5882 amendavit
2833 5825 2898 5880 ιι.
2921 5802 3264 5898 Stephanus.
3301 5827 3407 5883 Ha-

1840 5890 1969 5949 bent
1997 5890 2310 5968 mss.61:sp.
