4146 6426
739 414 880 471 “55

1515 408 1877 467 APPENDIX.
1919 440 1990 451 —
2031 407 2210 463 PARS
2248 410 2290 465 Ι.
2325 407 2380 461 S.
2422 405 2685 461 JUSTINI
2720 405 2947 461 OPERA
2980 404 3251 461 SPUBIA.

3888 407 4035 461 ηδε

735 530 1013 602 opiﬁcium
1043 536 1223 584 autem
1270 528 1516 584 meliore.
1549 527 1758 584 Deinde
1789 544 1916 584 vero
1946 529 2091 599 quod
2122 527 2303 581 conti-

2414 542 2527 596 ρονι
2563 525 2736 589 τάξει,
2762 525 2823 578 τὸ
2845 525 2902 577 δὲ
2926 523 3316 595 δημιούργημα
3352 523 3411 573 ἐν
3442 524 3509 592 τῇ
3537 521 3852 593 κρείττονι.
3896 522 4007 572 Ἀλ

735 632 896 679 nctur
928 623 981 676 in
1007 623 1129 675 loco
1155 628 1240 675 est
1261 639 1276 689 ;
1300 621 1565 690 quidquid
1595 630 1775 675 autem
1818 630 1903 676 est
1934 620 1988 675 in
2023 621 2163 682 loco,
2194 633 2316 672 cor-

736 730 839 785 pus
866 722 951 769 est
985 732 999 767 :
1046 729 1110 767 ac
1158 712 1393 783 proinde
1445 711 1612 774 Deus,
1649 713 1694 768 si
1743 712 1798 765 in
1834 713 1953 765 loco
1979 721 2087 775 est,
2113 724 2316 779 corpus

732 803 858 856 erit.
894 804 1182 870 Quomodo
1218 804 1384 874 igitur
1422 818 1623 873 corpus
1653 801 1799 871 quod
1840 798 2032 857 minus
2062 808 2148 853 est
2180 812 2316 868 qua-

733 905 899 954 tenus
922 898 1261 963 continetur,
1296 897 1476 965 majus
1502 911 1708 965 corpus
1730 893 2081 949 continebit?
2105 892 2317 948 Absur-

732 989 862 1044 dum
893 989 948 1045 id
993 990 1143 1046 dictu
1164 997 1269 1046 est.
1323 988 1480 1056 Quod
1527 994 1712 1042 alitem
1755 987 1966 1041 habitat
1998 987 2054 1040 in
2087 985 2227 1049 loco,
2260 985 2315 1038 id

732 1082 1011 1138 contineri
1025 1081 1323 1147 domicilio,
1349 1080 1573 1136 cuilibet
1587 1080 1940 1143 manifestum
1971 1084 2079 1142 est,
2096 1076 2311 1132 etiamsi

731 1177 858 1246 quis
908 1184 1105 1247 sponte
1154 1176 1426 1232 caecutiat.
1480 1174 1766 1241 Quomodo
1806 1172 2009 1242 igitur,
2073 1169 2312 1239 inquies,

733 1266 1005 1325 Homerus
1034 1268 1248 1339 opiﬁcis
1286 1266 1621 1323 domicilium
1643 1262 1882 1335 appellat
1900 1260 2148 1317 emittm?
2174 1258 2313 1326 Quia

735 1362 937 1431 ubique
988 1360 1083 1417 Dei
1128 1363 1278 1417 circa
1340 1356 1607 1416 mundum
1657 1356 2004 1429 splendorem
2067 1354 2313 1415 intuens,

733 1454 1000 1510 mundum
1078 1453 1371 1526 appellavit
1423 1449 1761 1507 domicilium
1799 1446 1939 1521 .Dci,
1974 1454 2052 1502 'ut
2132 1444 2315 1501 omnis

730 1546 832 1604 Dei
914 1545 1255 1617 operationis
1327 1552 1384 1599 et
1456 1540 1764 1598 electionis
1858 1537 2315 1609 receptaculum;

731 1637 895 1710 532
948 1639 1227 1707 praecipue
1275 1644 1456 1689 autem
1492 1633 1693 1689 ctelum
1743 1630 2054 1694 nominant,
2083 1628 2211 1700 quia
2237 1636 2317 1681 to-

731 1731 846 1787 tius
890 1728 1085 1785 mundi
1138 1742 1419 1784 summum
1463 1741 1588 1782 esse
1637 1724 1839 1781 cmlum
1895 1736 2094 1778 omnes
2143 1718 2315 1777 conﬁ-

732 1833 941 1880 tentur.

871 1934 1246 2007 Rapomiortis
1266 1948 1370 1989 non
1396 1942 1532 1988 recte
1552 1932 1815 1987 instituti:
1850 1928 2166 2001 confutatio.

801 2096 854 2151 ί.
880 2093 1050 2151 Deum
1069 2091 1291 2165 quidem
1315 2089 1567 2161 opiﬁcem
1597 2087 1803 2155 dicere,
1836 2084 2101 2140 mundum
2125 2090 2309 2139 autem

732 2186 1028 2254 iniectum;
1050 2184 1317 2252 infectum
1344 2182 1491 2237 enim
1516 2181 1664 2235 idem
1693 2178 1838 2234 valet
1867 2190 1934 2233 ac
1981 2178 2306 2248 ingenitum,

730 2292 785 2339 et
805 2297 1019 2346 eorum,
1042 2294 1164 2351 quae
1190 2276 1333 2333 idem
1356 2276 1559 2341 valent,
1587 2273 1760 2329 libera
1785 2278 1870 2328 est
1897 2267 2311 2333 transmutatio;

730 2388 797 2427 ac
823 2373 1007 2429 dicere
1042 2369 1212 2425 Deum
1242 2366 1505 2423 infectum
1532 2358 1737 2419 intecta
1767 2360 1968 2423 facere,
1996 2358 2143 2429 quod
2165 2357 2309 2413 idem

730 2473 817 2521 est
849 2479 915 2520 ac
959 2463 1165 2526 dicere,
1201 2458 1373 2515 Deum
1426 2456 1731 2528 ingenitum
1778 2452 2019 2523 ingenite
2071 2449 2310 2522 ingenita

732 2554 948 2611 facere:
980 2561 1040 2609 et
1089 2546 1275 2619 Deum
1312 2547 1534 2620 quidem
1564 2553 1835 2601 aeternum
1889 2544 2094 2607 dicere,
2151 2545 2314 2596 mun-

733 2635 865 2701 dum
891 2651 1075 2699 autem
1096 2626 1464 2704 fcoaeternum’,
1496 2652 1562 2692 ac
1605 2635 1777 2693 Deum
1800 2640 1855 2689 et
1886 2633 2152 2687 mundum
2182 2646 2310 2686 cum

732 2722 845 2794 non
873 2742 1059 2794 essent
1090 2734 1158 2791 ad
1186 2747 1311 2791 esse
1350 2746 1447 2802 per
1492 2743 1553 2784 se
1600 2726 1900 2799 productos
1945 2721 2151 2789 fuisse;
2176 2720 2311 2777 illud

730 2831 903 2895 enim,
930 2843 1024 2899 per
1051 2844 1108 2883 se
1153 2824 1492 2895 productum,
1526 2821 1598 2876 de
1628 2818 1741 2875 Deo
1771 2815 1837 2873 et
1859 2816 2066 2872 mundo
2099 2814 2309 2870 dictum

732 2921 982 2978 eamdem
1014 2920 1181 2976 habet
1217 2914 1709 2988 signiﬁcationem:
1743 2918 1798 2965 et
1836 2908 2102 2963 mundum
2124 2921 2223 2975 per
2252 2919 2313 2959 se

734 3004 1062 3086 productum
1092 3010 1251 3079 etab
1297 2990 1471 3063 altero
1518 3005 1857 3081 custoditum
1898 3000 2119 3067 dicere;
2163 2997 2310 3070 quod

734 3106 881 3162 enim
930 3120 965 3160 a
995 3091 1109 3161 Deo
1142 3101 1476 3165 custoditur,
1506 3098 1563 3154 id
1596 3098 1669 3153 ab
1698 3097 1809 3151 alio
1838 3093 2109 3153 custodiri
2141 3099 2308 3163 patet,

736 3198 879 3254 alius
907 3196 1057 3253 enim
1087 3194 1329 3250 mundus
1367 3200 1432 3249 et
1454 3190 1598 3247 alius
1630 3190 1777 3246 Deus
1808 3187 2127 3263 custodiens
2150 3198 2303 3239 mun-
2337 3218 2381 3276 ο

735 3290 894 3355 dum,
920 3294 1083 3359 quem
1114 3300 1214 3357 per
1235 3284 1653 3355 se-productum
1686 3279 2002 3337 necessario
2030 3277 2196 3334 etiam
2215 3290 2315 3346 per

735 3398 799 3440 se
821 3379 1155 3437 custoditum
1185 3377 1370 3432 dicere
1391 3374 1635 3453 oportuit
1653 3380 1741 3429 :et
1767 3370 1936 3427 Deum
1962 3377 2019 3427 et
2049 3368 2315 3424 mundum

738 3472 1012 3545 ingenitas
1048 3477 1104 3526 et
1149 3483 1248 3541 per
1290 3484 1353 3526 se
1399 3466 1616 3541 genitos
1634 3464 1848 3533 dicere;
1877 3460 2014 3517 illud
2044 3460 2193 3517 enim
2221 3474 2317 3528 per

738 3581 793 3620 se
820 3562 1160 3631 productum,
1184 3558 1256 3614 de
1277 3557 1390 3615 Deo
1413 3565 1469 3612 et
1499 3555 1706 3611 mundo
1734 3554 1966 3618 dictum,
1998 3551 2145 3606 idem
2171 3550 2316 3605 valet

738 3670 805 3711 ac
834 3668 933 3727 per
948 3668 1021 3710 se
1044 3650 1323 3725 genitum:
1356 3648 1489 3705 item
1512 3645 1720 3709 dicere,
1742 3640 1890 3699 Deus
1910 3640 2005 3711 qui
2029 3638 2145 3694 haec
2161 3637 2314 3702 fecit,

736 3756 794 3803 et
825 3760 1042 3812 rursus,
1071 3757 1183 3799 non
1214 3741 1378 3807 fecit;
1402 3734 1798 3807 temporarium
1828 3738 1915 3787 est
1955 3729 2103 3786 enim
2154 3729 2312 3794 illud,

738 3840 886 3910 fecit,
908 3852 1018 3891 non
1046 3846 1214 3891 secus
1238 3846 1305 3887 ac
1327 3831 1417 3903 qui
1444 3830 1567 3899 fecit
1586 3849 1603 3883 :
1634 3828 1767 3882 item
1792 3824 1979 3883 dicere
2006 3823 2077 3878 ab
2107 3829 2315 3877 eterna

738 3925 907 3984 simul
936 3938 1063 3979 cum
1092 3921 1206 3978 Deo
1222 3912 1349 3977 sine
1376 3917 1666 3974 intervallo
1687 3914 1956 3970 mundum
1986 3912 2311 3977 subsistere,

737 4021 833 4091 qui
865 4035 933 4076 ex
962 4016 1192 4073 materia
1222 4022 1279 4071 et
1299 4014 1476 4068 forma
1510 3998 1607 4084 per
1621 3992 2077 4079 campositionem
2102 4006 2171 4061 ab
2195 4006 2315 4075 opi-

742 4112 844 4165 ﬁee
872 4102 1250 4165 exsistantiam
1283 4104 1521 4173 accepit;
1546 4107 1603 4157 et
1637 4099 2107 4169 incorruptibilem
2128 4105 2184 4153 et
2198 4111 2317 4151 cor-

693 4184 696 4186 i
740 4200 1054 4271 ruptibilem
1083 4197 1347 4253 mundum
1376 4196 1581 4261 dicere,
1598 4192 2065 4261 incorruptibilem
2084 4188 2314 4259 "quidem

740 4294 1007 4356 essentia,
1044 4287 1455 4358 corruptibilem
1482 4301 1612 4341 vero
1641 4286 1771 4355 quia
1802 4282 2111 4338 custoditur
2136 4301 2150 4336 :
2182 4282 2312 4337 item

740 4388 944 4451 dicere,
986 4384 1047 4439 ﬁt
1084 4381 1347 4454 mundus,
1385 4378 1531 4449 quod
1581 4384 1763 4433 autem
1798 4377 1887 4442 ﬁt,
1918 4375 2313 4447 temporarium

740 4486 920 4541 est,et
946 4472 1094 4545 quod
1116 4469 1937 4549 temporarium,corruptibile:
1972 4468 2101 4523 item
2129 4468 2314 4523 dicere

2418 618 2525 682 λως
2556 636 2615 670 τε
2658 618 2754 671 καὶ
2798 616 2860 669 τὸ
2899 616 3280 686 περιεχόμενον
3326 617 3386 667 ὲν
3424 614 3573 685 τόπῳ
3611 614 3759 666 ἐστι.
3807 614 3938 665 Πᾶν
3977 612 4030 665 ει

2417 712 2474 762 ὲν
2508 709 2659 777 τόπῳ
2691 707 2751 760 δν
2786 707 2946 778 σῶμά
2978 707 3113 758 ἐστι·
3147 706 3243 759 καὶ
3278 707 3307 757 6
3339 704 3472 769 Θεὸς
3504 704 3637 776 ἀρα,
3670 706 3735 757 εἰν
3768 706 3833 756 ὲν
3869 704 4031 773 τόπῳ

2416 802 2553 865 ἐστὶ,
2577 800 2737 871 σῶμα
2772 798 2944 871 ἔσται.
2980 796 3106 859 Πῶς
3125 794 3219 850 οὖν
3245 796 3454 863 συνέξει
3486 796 3651 865 σῶμα
3674 796 3740 849 δν
3768 796 4028 859 ἔλαττον,

2416 889 2551 944 καθὸ
2592 888 2930 960 περιέχεται,
2973 887 3033 940 τὸ
3079 885 3261 957 μεῖζον
3297 887 3485 958 σῶμα;
3520 887 3771 940 ’Δτοπον
3814 885 4029 955 λέγειν.

2419 982 2541 1035 Ὀτι
2586 980 2642 1033 δὲ
2666 980 2727 1032 τὸ
2750 977 2932 1032 οἰκοῦν
2976 979 3034 1031 ὲν
3065 978 3217 1049 τόπῳ
3243 977 3633 1049 περιεχόμενόν
3666 978 3799 1031 ἐστι
3838 980 3913 1049 τῇ
3946 979 4029 1029 oi-

2416 1073 2532 1144 κὶα,
2567 1072 2728 1125 παντί
2763 1087 2865 1125 που
2907 1069 3064 1144 δῆλον
3107 1070 3202 1122 καὶ
3235 1067 3319 1138 τῷ
3344 1052 3567 1121 αὐτόθεν
3607 1066 4024 1136 τυφλώττοντι.

2416 1142 2635 1229 Τίγοῦνς
2672 1161 2838 1232 φαίης
2860 1160 2950 1225 ἀν,
3137 1161 3384 1231 ὀμηρος
3422 1159 3570 1229 λέγει
3598 1158 3701 1212 τοῦ
3734 1159 4023 1231 δημιουρ-

2416 1258 2514 1326 γοῦ
2545 1257 2748 1327 οἴκημα
2778 1255 2871 1308 τὸν
2903 1253 3161 1326 οὐρανόν;
3190 1253 3263 1305 Ἦ
3286 1252 3309 1284 ⁸
3333 1252 3417 1306 ὅτι
3462 1252 3744 1322 πανταχοῦ
3782 1254 3887 1323 μὲν
3918 1253 4027 1322 τὴν

2417 1346 2677 1416 έλλαμψιν
2714 1344 2985 1421 τοῦηΘεοῦ
3021 1344 3355 1415 θεασάμενος
3380 1341 3510 1415 περὶ
3537 1342 3628 1395 τὸν
3656 1342 3901 1413 κόσμον,
3941 1343 4023 1396 οῖ-

2415 1454 2576 1509 κησιν
2619 1437 2711 1490 τὸν
2751 1438 2955 1508 κόσμον
3000 1435 3227 1489 ἐκάλεσε
3270 1432 3367 1488 τοῦ
3410 1431 3577 1492 Θεοῦ,
3614 1433 3695 1495 ὡς
3732 1433 4025 1503 ὑποδοχὴν

2416 1530 2545 1584 δντα
2575 1530 2674 1600 τῆς
2700 1530 2969 1600 ποιήσεως
2994 1530 3091 1582 καὶ
3112 1524 3473 1598 δημιουργίας
3494 1524 3677 1596 πάσης
3703 1524 3811 1577 τοῦ
3838 1524 3986 1577 Θεοῦ
4004 1540 4019 1554 ο

2416 1620 2707 1692 ἐξαιρέτως
2737 1620 2797 1673 δὲ
2824 1620 2916 1674 τὸν
2942 1619 3171 1693 οὐρανὸν
3209 1617 3435 1672 καλοῦσι
3453 1656 3469 1681 ,
3496 1616 3635 1670 διότι
3662 1614 3766 1670 τοῦ
3808 1615 4022 1677 παντὸς

2416 1713 2621 1782 κόσμου
2649 1711 2713 1765 τὸ
2731 1711 3033 1784 ἀκρότατον
3054 1712 3146 1765 τὸν
3168 1709 3395 1783 οὐρανὸν
3424 1710 3591 1763 πᾶσιν
3616 1702 3765 1761 εἶναι
3793 1707 4019 1778 ὀψολό-

3093 1961 3305 2032 Mc.

2483 2060 2536 2114 1.
2576 2060 2650 2113 Τὸ
2682 2058 2860 2127 λέγειν
2896 2054 3225 2127 δημιουργὸν
3257 2052 3358 2123 μὲν
3385 2050 3478 2106 τὸν
3517 2050 3677 2113 Θεὸν,
3704 2050 4017 2121 ἀδημιούρ-

2410 2168 2577 2224 γητον
2600 2150 2657 2204 δὲ
2672 2149 2765 2202 τὸν
2791 2149 3013 2220 κόσμον·
3035 2146 3096 2200 τὸ
3115 2145 3229 2217 γάρ
3246 2144 3347 2216 ἀδη
3355 2143 3688 2216 μιούργητον
3710 2144 3835 2196 ῐσον
3851 2143 4017 2195 δύνα-

2409 2262 2500 2298 ται
2526 2242 2605 2314 τῷ
2628 2242 2926 2313 ἀγεννήτῳ,
2960 2239 3058 2294 καὶ
3083 2237 3192 2291 τῶν
3225 2235 3693 2307 ἰσοδυναμούντων
3723 2234 4017 2297 ἀκώλυτος

2410 2338 2446 2407 ἡ
2483 2335 2801 2407 μετάληψις·
2837 2334 2935 2387 καὶ
2977 2333 3040 2385 τὸ
3078 2331 3280 2399 λέγειν,
3312 2331 3341 2383 6
3385 2327 3841 2401 ἅδημιούργητος
3882 2328 4015 2389 Θεὸς

2410 2427 2826 2501 ἀδημιούργητα
2870 2426 3036 2488 ποιεῖ,
3068 2424 3099 2477 6
3142 2425 3255 2477 ἴσον
3296 2421 3412 2475 ἐστὶ
3455 2420 3536 2492 τῷ
3565 2420 3659 2473 τὸν
3704 2421 4017 2491 ἀγέννητον

2411 2520 2545 2574 Θεὸν
2588 2522 2898 2591 ἀγεννήτως
2941 2517 3215 2587 ἀγέννητα
3248 2517 3420 2569 ποιεῖν
3438 2530 3451 2544 ·
3487 2512 3582 2566 καὶ
3608 2512 3672 2565 τὸ
3703 2511 3897 2581 λέγειν
3926 2513 4013 2565 ἀϊ-

2410 2612 2521 2666 διον
2567 2612 2669 2683 μὲν
2698 2612 2791 2665 τὸν
2820 2611 2975 2675 Θεὸν,
3014 2610 3283 2664 συναϊδιον
3319 2608 3378 2662 δὲ
3405 2606 3498 2660 τὸν
3531 2606 3764 2676 κόσμον,
3802 2606 3907 2659 καὶ
3950 2608 4014 2658 ἐκ

2410 2705 2512 2775 τῆς
2536 2702 2874 2774 ἀνυπαρξιας
2898 2704 2981 2767 εἰς
3008 2701 3241 2774 ὕπαρξιν
3264 2699 3356 2754 τὸν
3386 2699 3519 2754 Θεὸν
3542 2700 3641 2752 καὶ¹
3670 2699 3770 2752 τὸν
3799 2700 4016 2770 κόσμον

2412 2796 2845 2865 αὐτοπαράκτως
2873 2794 3257 2866 παραγόμενον
3271 2793 3315 2823 ⁸·
3326 2792 3387 2846 τὸ
3397 2791 3506 2862 γὰρ
3518 2791 4010 2859 αὐτοπάρωετογ,

2412 2887 2507 2940 ἐπὶ
2535 2884 2792 2955 τοῦλΘεοῦ
2820 2886 2916 2939 καὶ
2947 2884 3043 2938 τοῦ
3071 2885 3280 2957 κόσμου
3311 2884 3623 2956 λεγόμενον,
3647 2885 3865 2955 ταὺτὴν
3898 2885 4013 2956 ἔχει

2410 2979 2512 3050 τὴν
2539 2978 2791 3050 δήλωσιν·
2818 2978 3001 3032 καὶτὸ
3026 2977 3651 3050 λέγειναῠτοπάρακτον
3694 2978 3792 3033 καὶ
3822 2979 4014 3049 ἑτερο-

2413 3070 2721 3144 φρούρητον
2760 3071 2853 3125 τὸν
2894 3071 3118 3142 κόσμον·
3147 3070 3211 3125 τὸ
3255 3069 3365 3142 γάρ
3406 3069 3815 3141 θεοφρούρητον
3860 3069 4018 3141 δηλοῖ

2413 3163 2475 3217 τὸ
2493 3162 2974 3236 ἑτεροφρούρητον·
3012 3163 3201 3236 ἔτερος
3227 3162 3338 3235 γὰρ
3368 3165 3399 3217 6
3432 3163 3658 3234 κόσμος,
3691 3164 3790 3217 καὶ
3815 3165 4015 3237 ἔτερος

2412 3257 2445 3309 6
2482 3256 2618 3321 Θεὸς
2663 3257 2694 3310 6
2734 3257 2826 3311 τὸν
2872 3256 3079 3328 κόσμον
3122 3254 3408 3327 φρουρῶν,
3451 3254 3533 3320 δν,
3578 3255 4016 3327 αὑεοπάρακτον

2412 3348 2564 3413 ὄντα,
2590 3348 2902 3417 ἀναγκαίως
2927 3348 3096 3420 ἐχρῆν
3118 3347 3215 3400 καὶ
3242 3345 3689 3419 αὑτοφρούρητον
3717 3344 3889 3401 εἶναι·
3914 3349 4014 3401 καὶ

2412 3440 2477 3496 τὸ
2520 3441 2700 3512 λέγειν
2731 3440 2825 3495 τὸν
2867 3440 3002 3495 Θεὸν
3039 3440 3134 3494 καὶ
3161 3439 3256 3493 τὸν
3294 3438 3497 3509 κόσμον
3539 3440 3878 3510 ἀγεννήτους
3914 3440 4014 3493 καὶ

2411 3532 2854 3603 αὐτογεννήτους·
2883 3533 2946 3585 τὸ
2971 3531 3083 3605 γὰρ
3107 3530 3589 3600 mancipantur,
3613 3530 3710 3583 ἐπὶ
3739 3530 3839 3584 τοῦ
3869 3530 4013 3585 Θεοῦ

2414 3625 2511 3679 καὶ
2548 3622 2645 3677 τοῦ
2689 3624 2895 3695 κόσμου
2947 3623 3260 3699 λεγόμενον,
3289 3623 3439 3695 δηλοῖ
3477 3622 3542 3676 τὸ
3582 3622 4004 3694 αὐτογέννητον·

2414 3717 2507 3770 καὶ
2532 3716 2595 3770 τὸ
2620 3716 2820 3786 λέγειν,
2848 3715 3082 3788 ποιήσας
3107 3714 3178 3767 τὰ
3203 3714 3329 3785 τῇδε
3355 3717 3385 3767 6
3411 3713 3567 3778 Θεὸς,
3598 3713 3694 3766 καὶ
3723 3713 3891 3767 πάλιν
3918 3714 4008 3778 τὸ,

2412 3810 2515 3862 οὐκ
2544 3808 2821 3880 ἐποίησεν,
2852 3808 3107 3880 ἔγχρονον
3150 3806 3259 3877 γὰρ
3285 3805 3362 3869 ti);
3391 3805 3453 3857 τὸ
3490 3806 3806 3873 ἐποίησεν,
3830 3806 4006 3869 οὕτως

2413 3901 2507 3976 καὶ
2530 3900 2593 3954 τὸ
2618 3900 2899 3967 ποιήσας·
2926 3901 3021 3954 καὶ
3051 3901 3115 3954 τὸ
3145 3900 3322 3969 λέγειν
3347 3900 3535 3962 ἀῖδιωις
3565 3899 4003 3968 συνυφίστασθαι

2412 3992 2752 4056 ἀδιαστάτως
2772 3992 2853 4062 τῷ
2876 3992 2997 4064 Θεῷ
3026 3992 3118 4065 τὸν
3145 3992 3373 4062 κόσμον,
3395 3990 3487 4044 τὸν
3511 3991 3577 4043 ὲκ
3606 3991 3708 4062 τῆς
3741 3990 3881 4062 ὕλης
3908 3991 4001 4044 καὶ

2410 4084 2503 4137 τοῦ
2528 4085 2699 4148 εῐδους
2718 4084 2995 4155 γεννητιῖις
3018 4084 3109 4138 διά
3129 4084 3431 4147 συνθέσεως
3458 4082 3558 4153 τὴν
3583 4081 3826 4154 ὕπαρξιν
3848 4083 4000 4154 παρὰ

2409 4176 2506 4232 τοῦ
2547 4176 2880 4249 δημιουργοῦ
2920 4175 3175 4230 λαϐόντα·
3227 4175 3322 4228 καὶ
3364 4174 3425 4228 τὸ
3474 4174 3677 4243 λέγειν,
3718 4175 3997 4247 ἄφθαρτον

2412 4270 2509 4326 καὶ
2558 4269 2798 4341 φθαρτὸν
2850 4261 2991 4324 εἶναι
3037 4269 3131 4322 τὸν
3183 4268 3408 4339 κόσμον·
3449 4266 3726 4338 ἄφθαρτον
3778 4268 3879 4337 μὲν
3918 4268 3998 4338 τῷ

2413 4355 2574 4425 εἶναι,
2631 4359 2873 4431 φθαρτὸν
2909 4360 2967 4412 δὲ
2998 4359 3079 4429 τῷ
3118 4357 3500 4431 φρουρεῖσθαι·
3543 4357 3639 4409 καὶ
3686 4356 3750 4410 τὸ
3792 4358 3989 4427 λέγειν,

2411 4453 2617 4520 γίνεται
2647 4453 2677 4505 ό
2720 4451 2943 4521 κόσμος·
2989 4450 3050 4503 τὸ
3093 4449 3150 4503 δὲ
3192 4449 3448 4521 γεννητὸν
3496 4447 3775 4519 ἑγχρονον·
3812 4450 3909 4501 καὶ
3938 4451 3992 4502 τὸ

742 4559 925 4622 omnis
948 4541 1288 4637 operationis
1329 4569 1385 4618 et
1436 4546 1746 4620 cﬂectionis
1771 4560 1868 4615 Dei
1906 4559 2307 4629 receptaculum

2413 4546 2668 4617 ἔγχρονον
2692 4544 2952 4616 φθαρτόν·
2985 4545 3081 4597 καὶ
3104 4545 3167 4596 τὸ
3198 4542 3399 4612 λέγειν,
3430 4542 3612 4611 πάσης
3635 4541 3909 4613 ποιήσεώς
3935 4558 3987 4595 τε

742 4675 865 4717 esse
903 4656 1191 4721 mundum,
1223 4663 1279 4710 et
1305 4655 1741 4726 corruptibilium
1774 4668 1888 4708 non
1916 4667 2040 4708 esse
2064 4651 2313 4721 opiﬁcem

745 4736 955 4818 Deum;
989 4748 1137 4819 Deus
1163 4748 1334 4807 enim.
1360 4756 1425 4823 ¹ιιι
1453 4748 1631 4817 placet
1659 4745 1997 4815 responsori,
2031 4744 2317 4823 nihiltem-

744 4842 1024 4916 porarium
1056 4818 1225 4907 facit;
1257 4820 1442 4909 genita
1464 4842 1647 4903 autem
1678 4844 1734 4892 et
1753 4836 2087 4907 temporaria
2106 4818 2313 4901 omnia,

746 4944 806 4989 ut
831 4934 1009 4990 eidem
1054 4924 1266 5002 placet,
1302 4945 1521 5000 semper
1566 4928 1951 4999 corruptibilia‘
1993 4935 2160 4994 sunt;
2198 4927 2315 4982 hare

744 5035 803 5083 et
836 5026 1037 5081 similia
1084 5036 1197 5079 non
1228 5036 1419 5077 eorum
1452 5030 1605 5085 sunt,
1633 5021 1731 5091 qui
1780 5028 2071 5090 perspecta
2128 5034 2312 5073 renum

744 5127 941 5175 natura
968 5114 1218 5186 gnaviter
1243 5126 1329 5177 ea,
1349 5125 1470 5181 qua
1488 5109 1657 5167 Deum
1680 5097 1735 5165 et
1748 5108 2011 5174 mundum
2040 5114 2315 5178 spectant,

744 5210 1144 5273 demonstrent,
1170 5196 1269 5261 sed
1298 5194 1577 5259 horninum
1597 5202 2013 5259 temerariorum
2029 5203 2316 5273 impuden-

747 5312 834 5358 ter
862 5301 919 5356 id
948 5299 1094 5370 quod
1127 5298 1266 5369 ipsis
1289 5295 1507 5352 videtur
1538 5295 1608 5352 de
1639 5294 1751 5352 Deo
1782 5301 1838 5351 et
1865 5294 1935 5350 de
1963 5295 2168 5350 mundo
2181 5310 2315 5365 pro-

749 5391 1141 5449 nuntiantium.
1178 5412 1181 5415 λ

818 5653 873 5707 2.
909 5652 1236 5721 Vituperare
1264 5656 1448 5704 autem
1479 5662 1619 5715 eam,
1649 5662 1811 5718 quam
1846 5647 2103 5712 dicimus,
2130 5646 2233 5705 Dei
2259 5648 2315 5702 in

822 5828 844 5859 ⁸
886 5825 1011 5882 Dele
1038 5826 1077 5899 ἦ
1111 5832 1237 5881 ante
1266 5826 1370 5881 δτι.
1449 5824 1470 5856 ⁸
1497 5823 1626 5897 Leg.
1662 5822 2100 5895 παραγομένους.

2416 4638 2511 4690 καὶ
2550 4638 2906 4710 δημιουργίας
2944 4636 3080 4689 Θεοῦ
3127 4635 3393 4705 ὑποδοχὴν
3444 4629 3587 4686 εἶναι
3626 4633 3720 4697 τὸν
3770 4633 3981 4703 κόσμον·

2416 4730 2511 4781 καὶ
2541 4729 2621 4792 τὸ,
2656 4728 2912 4800 φθαρτῶν
2947 4728 3022 4800 μὴ
3056 4722 3195 4781 εἶναι
3232 4717 3560 4797 δημιουργὸν
3593 4724 3687 4777 τὸν
3735 4724 3887 4778 Θεόν.
3931 4726 3982 4776 '0

2414 4820 2523 4893 γὰρ
2563 4821 2696 4884 Θεὸς
2740 4821 2883 4873 κατά
2921 4820 3013 4873 τὸν
3057 4818 3494 4890 ἀποκρινάμενον
3534 4817 3689 4871 οὐδὲν
3737 4816 3981 4889 ἐγχρσνον

2415 4915 2576 4965 ποιεῖ·
2608 4911 2683 4965 τά
2707 4911 2765 4965 δὲ
2803 4911 3039 4983 γεννητά
3079 4912 3175 4963 καὶ
3208 4911 3443 4981 έγχρονα
3473 4909 3655 4963 πάντα
3694 4911 3817 4960 κατ’
3832 4909 3978 4961 αὐτόν

2414 5004 2560 5056 ἐστιν
2591 5004 2678 5056 ἀεὶ
2721 5002 2957 5074 φθαρτά·
2992 5002 3165 5057 ταῦτα
3196 5003 3290 5055 καὶ
3322 5002 3391 5056 τὰ
3433 4999 3658 5055 τοιαῦτα
3703 5001 3807 5052 οὐκ
3846 4999 3977 5052 ἐστιν

2413 5094 2623 5166 ἀνδρῶν
2663 5094 2771 5148 τῶν
2804 5093 3079 5165 κατάτὴν
3110 5093 3314 5165 εἴδησιν
3353 5093 3454 5163 τῆς
3495 5090 3606 5145 τῶν
3650 5090 3977 5161 πραγμάτων

2413 5186 2630 5255 φύσεως
2660 5186 2752 5240 διὰ
2790 5187 3043 5255 γενναίας
3090 5185 3414 5252 ἀποδείξεως
3452 5183 3523 5237 τά
3564 5183 3695 5254 περὶ
3722 5181 3820 5234 τοῦ
3854 5181 3974 5235 Θεοῦ

2414 5279 2509 5333 καὶ
2551 5279 2646 5333 τοῦ
2687 5280 2891 5349 κόσμου
2935 5280 3387 5343 ἀποδεικνύντων,
3424 5276 3563 5331 ἀλλά
3605 5274 3977 5347 ῥιψοκινδύνων

2414 5373 2749 5446 ἀνθρώπων,
2784 5374 2891 5427 τῶν
2942 5370 3085 5428 κατά
3128 5372 3228 5442 τὴν
3272 5368 3652 5441 ἀναισχυντίαν
3696 5366 3760 5420 τὸ
3800 5364 3979 5419 δοκοῦν

2416 5467 2596 5527 αὐτοῖς
2645 5465 2773 5537 περὶ
2825 5462 2919 5518 τοῦ
2971 5462 3107 5517 Θεοῦ
3157 5464 3252 5518 καὶ
3296 5462 3389 5516 τοῦ
3445 5462 3654 5531 κόσμου
3680 5457 3977 5525 ἀποφαινο-

2418 5557 2617 5627 μένων.

2485 5648 2539 5703 2.
2580 5646 2654 5701 Τὸ
2676 5646 2732 5701 δὲ
2758 5646 3003 5713 κακίζειν
3032 5646 3129 5718 μὲν
3160 5646 3257 5718 τῆς
3291 5643 3383 5699 τοῦ
3415 5636 3551 5699 Θεοῦ
3584 5644 3643 5698 ὸν
3666 5641 3746 5714 τῷ
3775 5641 3979 5716 οὐρανῷ
