4146 6440
147 379 175 432 1
197 381 318 434 £57
1076 383 1538 451 QUASSTIONES
1567 385 2006 443 CHRISTIAN/E
2040 387 2132 442 AD
2171 389 2484 447 GRAECOS.
3307 393 3442 446 MSS

135 494 454 564 οἰκήσεως
485 495 588 576 τῆν.
617 494 780 560 λέξιν,
823 496 898 559 ὡς
936 498 1008 568 μὴ
1045 498 1359 568 πρέπουσαν
1392 500 1531 570 Θεῷ,
1558 500 1748 572 ἀνθρώ

1870 503 2014 556 caelo
2064 504 2483 567 habitationem,
2539 511 2596 557 ut
2643 502 2752 558 Deo
2786 503 3121 567 indecorant,
3150 498 3440 572 hominum

141 602 290 638 πων
334 586 458 638 ἐστὶ
492 569 599 638 τῶν
639 588 869 656 ἐχόντων
901 589 920 619 ⁸
950 589 1059 641 τῶν
1089 591 1305 654 ἀτόπως
1334 591 1638 668 λεγομένων
1661 569 1748 664 ’τηε

1868 603 1951 649 cst
1987 609 2094 649 non
2157 595 2578 667 intelligentium
2610 595 2740 665 quid
2795 595 2868 650 sit
2929 596 3164 651 absurde
3206 570 3436 652 dictum.

142 677 455 748 αἴσθησιν.
496 680 558 731 Ἦ
591 680 699 749 γὰρ
733 681 1082 752 κακέμφατος
1108 683 1246 748 λέξις
1275 686 1625 754 κακέμφατον
1656 686 1744 756 ἔχε

1869 685 2075 741 Vitiosa
2103 687 2250 742 enim
2283 689 2452 742 dictio
2479 686 2739 751 vitiosum
2774 686 2938 740 habet
2967 693 3019 741 et
3053 703 3296 742 sensum.
3328 687 3441 741 Nos

143 771 262 821 καὶ
297 769 404 841 τὴν
438 771 664 824 ἔννοιαν.
704 772 895 842 Ἡμεῖς
926 775 982 825 δὲ
1010 775 1109 827 οὑκ
1142 775 1420 847 ἐθήκαμεν
1454 779 1511 829 ἐν
1537 780 1602 848 τῇ
1629 781 1748 849 ὲρω·

1869 787 2048 834 autem
2067 796 2175 834 non
2195 782 2479 852 posuimus
2499 783 2553 835 in
2569 779 2997 850 interrogatione
3020 779 3380 850 vituperatum
3407 795 3441 834 a

141 862 332 930 τήσει
383 863 472 914 τὸν
512 863 713 933 τρόπον
746 866 845 933 τῆς
879 866 972 918 τοῦ
1003 866 1136 918 Θεοῦ
1176 869 1231 919 ὲν
1254 866 1337 938 ’τῷ
1366 870 1580 940 οὐρανῷ
1614 871 1748 939 οἰκή-

1867 858 2193 947 responsore
2233 879 2475 942 modum,
2499 893 2608 948 quo
2641 876 2783 933 Deus
2813 878 3021 932 habitat
3056 879 3108 931 in
3139 878 3280 932 caelo
3300 919 3314 945 ,
3343 877 3438 932 sed

147 970 348 1017 σεως,
402 953 460 1005 ὃν
511 956 540 1006 6
585 956 1020 1027 ἀποκρινάμενος
1073 959 1336 1013 διέϐαλεν·
1393 961 1526 1013 ἀλλά
1571 963 1666 1025 τὸ,
1703 965 1740 1015 Ε

1865 969 1947 1024 sic
1977 989 1989 1023 :
2021 968 2078 1023 Si
2109 971 2411 1041 ingenitum
2444 977 2528 1025 est
2568 970 2792 1033 caelum,
2828 985 2936 1025 non
2986 978 3071 1025 est
3100 968 3219 1032 Dei,
3255 978 3310 1024 et
3345 967 3438 1039 qui

144 1045 477 1114 ἀγέννητὸς
523 1049 668 1099 ἐστιν
703 1050 729 1100 ὀ
763 1049 1010 1119 οὐρανὸς,
1043 1052 1142 1104 οὑκ
1186 1052 1299 1104 ἔστι
1351 1054 1444 1104 τοῦ
1489 1053 1645 1105 Θεοῦ·
1673 1056 1748 1107 κα¹

1865 1059 2056 1115 dicunt
2082 1060 2249 1117 Deum
2275 1063 2331 1116 in
2364 1076 2430 1117 eo
2462 1062 2732 1126 habitare,
2768 1063 2821 1116 id
2851 1063 2906 1116 in
2933 1062 3320 1118 contumeliam
3345 1060 3440 1115 Del

144 1137 206 1188 οἱ
261 1135 523 1204 λέγοντες
569 1143 843 1192 κατοικεῖν
892 1142 983 1193 τὸν
1029 1141 1159 1195 Θεὸν
1205 1145 1264 1196 ὲν
1305 1143 1472 1215 αὐτῷ,
1506 1145 1748 1217 ἐφ’ὑὸρε

1865 1151 2054 1206 dicunt
2080 1153 2468 1221 habitantian
2492 1155 2632 1209 cmlo
2653 1170 2762 1209 non
2786 1170 2907 1228 suo.
2935 1153 3141 1209 Selium
3176 1161 3356 1209 autem
3387 1163 3441 1208 et

145 1228 395 1296 λέγουσι
447 1230 540 1283 τοῦ
586 1231 720 1284 Θεοῦ
775 1233 1152 1298 κατοικοῦντος
1197 1239 1256 1289 ὲν
1291 1237 1369 1307 τῷ
1401 1238 1615 1309 οὐρανῷ
1665 1241 1748 1293 ού)

1865 1241 2086 1296 domum
2111 1242 2459 1301 Dei'dicimus
2476 1246 2697 1308 coelum,
2719 1261 2830 1299 non
2854 1245 2996 1316 quod
3019 1261 3083 1302 eo
3111 1247 3350 1316 indigeat
3372 1245 3436 1298 ad

1866 1333 2244 1401 habitandum,
2267 1352 2392 1391 cum
2435 1338 2969 1408 incircumscriptus,
3012 1355 3076 1393 ac
3112 1340 3320 1393 nullius
3361 1338 3438 1392 rei

1864 1440 2092 1495 prorsus
2141 1427 2359 1499 indigus
2410 1429 2501 1483 sit.
2545 1427 2650 1483 Sed
2695 1445 2765 1483 ne
2807 1429 3236 1499 magnitudinem
3292 1431 3440 1493 illius

1863 1516 2236 1572 subsistentia:
2279 1525 2333 1573 et
2362 1519 2938 1590 incorruptibilitatem
2987 1522 3307 1577 substantize
3355 1523 3442 1575 in-

147 1320 365 1372 αὐτοῦ.
405 1315 568 1374 Οἷκον
607 1323 664 1374 δὲ
698 1325 790 1376 καὶ
833 1324 1027 1396 θρόνον
1066 1325 1294 1398 λέγομεν
1333 1330 1426 1382 τοῦ
1477 1330 1611 1382 Θεοῦ
1650 1332 1762 1386 ,τὸν

144 1411 426 1480 οὐρανὸν,
453 1413 552 1484 οὐχ
574 1414 650 1476 ὼς
674 1414 766 1468 τοῦ
793 1415 929 1470 Θεοῦ
955 1417 1142 1472 τούτου
1169 1420 1306 1491 πρὸς
1329 1420 1541 1491 οἴκησιν
1567 1423 1598 1492 ἢ
1626 1422 1761 1494 πρὸς

149 1502 451 1575 καθέδραν
500 1505 825 1576 χρῄζοντος,
881 1509 1294 1582 ἀπεριγράπτου
1343 1515 1436 1566 καὶ
1481 1514 1762 1578 ἀνενδεοῦς

145 1596 456 1660 παντελῶς
486 1600 842 1670 ὑπάρχοντοςο
886 1603 1115 1656 ἀλλ’ἵνα
1147 1605 1224 1676 μὴ
1270 1607 1406 1677 πρὸς
1437 1607 1498 1659 τὸ
1533 1605 1748 1677 μέγεθος

1863 1613 2077 1662 tuentes
2111 1607 2280 1663 Deum
2308 1611 2438 1665 illud
2473 1619 2567 1665 aut
2593 1611 2800 1666 honore
2829 1613 3035 1682 aequale
3091 1613 3201 1668 Deo
3257 1614 3441 1684 suspi-

148 1689 268 1757 τῆς
295 1689 468 1743 αὑτοῦ
502 1691 884 1758 ὑποστάσεως,
920 1695 1014 1747 καὶ
1047 1695 1105 1748 τὸ
1138 1695 1413 1767 ἄφθαρτον
1439 1697 1539 1767 τῆς
1571 1698 1748 1761 οὐσίας

1861 1713 2082 1767 cemur;
2112 1710 2402 1771 prepterea
2439 1719 2702 1762 vocamus
2734 1706 2867 1760 illud
2910 1706 3134 1761 domum
3163 1715 3217 1762 et
3239 1703 3438 1762 solium

145 1781 337 1835 αὐτοῦ
367 1783 696 1854 ἀφορῶντες,
730 1781 878 1839 Θεὸν
903 1785 1111 1852 τοῦτον,
1142 1789 1172 1858 ἢ
1205 1789 1443 1859 ἰσότιμον
1475 1790 1594 1860 Θεῷ
1624 1793 1748 1844 ὑπο-

1862 1789 1978 1854 Dei,
1996 1791 2080 1846 his
2097 1793 2410 1850 nominibus
2433 1796 2500 1849 ab
2522 1796 2672 1849 omni
2705 1796 2838 1850 illud
2859 1812 2981 1851 cum
3004 1796 3115 1852 Deo
3136 1798 3438 1852 secundum

150 1873 450 1945 λάϐωμεν,
483 1875 571 1929 διὰ
601 1875 758 1930 τοῦτο
787 1878 1122 1950 ὀνομάζομεν
1155 1881 1318 1934 αὑτὸν
1343 1877 1489 1934 οἷκον
1515 1884 1609 1936 καὶ
1633 1883 1748 1955 θρό-

1861 1881 2019 1952 533
2045 1884 2408 1940 substantiam
2437 1894 2491 1942 et
2515 1888 2837 1943 substantia:
2865 1890 3258 1958 appellationes
3285 1905 3440 1944 com-

151 1985 256 2019 νον
290 1967 388 2020 τοῦ
435 1967 591 2021 Θεοῦ·
643 1968 869 2034 ταύταις
914 1974 1037 2033 ταῖς
1085 1972 1400 2042 ὀνομασίαις
1448 1975 1630 2045 πάσης
1661 1976 1758 2046 τῆς

155 2057 309 2128 πρὸς
340 2058 434 2110 τὸν
465 2059 600 2112 Θεὸν
645 2060 766 2114 κατ’
787 2061 974 2114 οὐσίαν
1007 2063 1101 2116 καὶ
1123 2064 1273 2117 κατὰ
1305 2066 1404 2128 τὰς
1431 2066 1533 2137 τῆς
1569 2068 1757 2132 οὐσίας

155 2150 549 2222 προσηγορίας
595 2153 884 2216 κοινωνίας
941 2154 1102 2208 αὑτὸν
1149 2156 1494 2228 χωρίζοντες.
1548 2161 1756 2232 Ὠσπερ

153 2239 277 2312 γάρ
309 2242 340 2294 6
373 2236 524 2306 οἶκος
552 2244 644 2296 καὶ
668 2247 697 2297 6
727 2243 917 2314 θρόνος
946 2245 1174 2318 ὑστερός
1197 2249 1311 2300 ἐστι
1337 2248 1428 2302 τοῦ
1457 2251 1756 2321 πεποιηκό-

154 2350 256 2397 τος
299 2334 494 2402 αὑτὸν,
529 2334 705 2399 οὕτως
744 2339 839 2390 καὶ
882 2339 911 2390 ὀ
952 2338 1180 2408 οὐρανὸς
1227 2338 1452 2410 ὕστερός
1498 2343 1616 2396 ἐστι
1658 2341 1752 2396 τοῦ

153 2422 326 2507 Θεοῦ,
358 2425 436 2488 ὡς
469 2428 725 2497 γεννητὸς
758 2427 850 2482 τοῦ
892 2430 1210 2502 ἀγεννήτου.
1251 2431 1361 2485 Καὶ
1391 2436 1438 2486 εί
1476 2433 1756 2507 ἄφθαρτον

155 2505 400 2586 λέγομεν
442 2517 533 2571 τὸν
581 2512 809 2590 οὐρανὸν
853 2521 916 2573 τὸ
957 2521 1072 2586 νῦν,
1107 2523 1169 2576 οὐ
1222 2524 1550 2596 συνωνύμως
1591 2505 1754 2581 αὑτὸν

151 2605 242 2676 τῷ
272 2605 397 2679 Θεῷ
421 2607 757 2680 ὀνομάζομεν
781 2611 1077 2683 ἄφθαρτονο
1112 2615 1141 2666 ὀ
1175 2614 1273 2684 μὲν
1302 2614 1412 2687 γὰρ
1435 2614 1569 2680 Θεὸς
1598 2617 1756 2670 ἀκτί-

159 2715 311 2762 στως
352 2700 416 2752 ὲκ
447 2699 548 2770 τῆς
591 2699 756 2755 αὑτοῦ
802 2703 992 2767 οὐσίας
1033 2705 1126 2758 καὶ
1168 2707 1354 2770 ἀϊδίως
1384 2707 1446 2760 τὸ
1475 2707 1753 2782 ἄφθαρτον

157 2789 299 2859 ἔχει’
343 2793 374 2843 6
399 2791 457 2843 δὲ
489 2792 718 2864 οὐρανὸς
750 2794 986 2858 κτιστῶς
1019 2797 1083 2848 ἐκ
1126 2796 1229 2867 τῆς
1257 2796 1352 2850 τοῦ
1385 2796 1522 2852 Θεοῦ
1555 2799 1751 2872 βουλή-

161 2899 306 2946 σεως
340 2883 456 2954 ἔχει
495 2885 557 2938 τὸ
594 2874 889 2958 ἄφθαρτον
915 2887 1051 2960 πρὸς
1083 2889 1183 2961 τὴν
1213 2891 1406 2962 χρείαν
1445 2892 1556 2951 τῶν
1601 2893 1748 2966 τῇδε·

160 2973 261 3026 καὶ
315 2973 698 3048 πληρωθείσης
751 2978 849 3048 τῆς
899 2979 1119 3050 χρείας,
1176 2982 1257 3043 είς
1307 2980 1495 3053 ἕτερον
1549 2984 1750 3056 τρόπον

158 3060 474 3133 ἀφθαρσίας
511 3065 893 3135 μεταφέρεται.
942 3068 998 3120 '0
1031 3067 1140 3140 γὰρ
1163 3067 1409 3134 δεδωκὼς
1435 3072 1586 3143 αὑτῷ
1616 3072 1750 3138 Θεὸς

1861 1975 2121 2030 munione
2147 1977 2527 2033 excludentes.
2561 1977 3032 2045 Quemadmodum
3057 1983 3203 2036 enim
3243 1981 3441 2038 domus

1858 2072 1913 2118 et
1931 2067 2128 2122 solium
2146 2071 2602 2138 posteriorasunt
2625 2088 2691 2127 eo
2712 2074 2806 2141 qui
2835 2073 2926 2128 illa
2953 2072 3079 2130 fecit
3098 2116 3113 2140 ,
3138 2076 3211 2128 ita
3238 2076 3438 2130 caelum

1858 2161 2132 2226 posterius
2154 2161 2286 2226 Deo,
2308 2170 2368 2217 ut
2402 2165 2646 2235 genitum
2674 2165 2938 2236 ingenito.
2971 2166 3128 2236 Quod
3155 2168 3204 2223 si
3233 2167 3439 2222 malum

1857 2248 1915 2304 in
1949 2255 2240 2321 praesentia
2268 2255 2685 2328 incorruptibile
2709 2256 2969 2324 dicimus,
2993 2273 3104 2313 non
3135 2257 3346 2323 itidem,
3379 2265 3445 2312 ut

1859 2339 2049 2412 Deum,
2088 2345 2506 2419 incorruptibile
2531 2349 2790 2406 dicimus.
2817 2349 2950 2404 Nam
2996 2349 3142 2407 Deus
3194 2350 3440 2406 increate

1857 2447 1923 2485 ex
1957 2447 2056 2488 sua
2091 2434 2267 2505 ipsius
2302 2439 2546 2494 essentia
2571 2447 2626 2494 et
2665 2440 2993 2510 sempiterne
3037 2440 3202 2495 habet
3249 2440 3432 2494 incor-

1859 2524 2276 2594 ruptibilitatem
2303 2545 2320 2595 ;
2351 2529 2553 2584 etelum
2584 2537 2766 2588 autem
2797 2539 2982 2587 create
3006 2547 3075 2587 ex
3120 2530 3438 2587 Dei'volun-

1855 2622 1968 2670 tate
1990 2616 2153 2673 habet
2179 2619 2747 2691 incorruptibilitatem
2766 2624 2832 2678 ad
2847 2640 3005 2679 usum
3020 2623 3307 2694 prasentis
3332 2631 3441 2679 sta-

1856 2715 1966 2772 tus,
1998 2717 2052 2766 et
2079 2711 2305 2782 impleto
2335 2731 2438 2771 usu
2465 2717 2520 2772 in
2551 2717 2720 2772 alium
2749 2717 3083 2772 transfertur
3103 2717 3438 2786 incorrupti-

1855 2800 2088 2859 bilitatis
2131 2805 2377 2862 modum.
2402 2806 2539 2861 Nam
2586 2808 2680 2880 qui
2710 2808 2860 2863 dedit
2886 2813 2937 2866 ei
2987 2808 3132 2866 Deus
3186 2808 3434 2879 corporis

1853 2893 2284 2965 magnitudinem
2318 2907 2580 2968 quantam
2605 2901 2800 2966 voluit,
2825 2917 2938 2956 non
2970 2908 3232 2973 quantam
3254 2900 3437 2972 potuit

1854 2984 2147 3056 (potuisset
2181 2990 2327 3045 enim
2361 2993 2495 3048 illud
2540 2977 2723 3048 multo
2760 2995 2976 3064 majus,
3023 3009 3188 3064 quam
3215 3004 3320 3056 est,
3354 2991 3442 3049 fa-

1851 3078 2021 3147 cere),
2058 3095 2207 3135 nunc
2230 3082 2347 3153 ipse
2374 3084 2587 3149 statuit,
2615 3092 2674 3138 ut
2701 3085 2936 3156 propriis
2960 3085 3161 3140 ﬁnibus
3197 3085 3435 3138 circum-

163 3150 418 3222 σώματος
454 3154 701 3225 μέγεθος,
738 3156 862 3209 ὅσον
891 3157 1169 3232 ὴὸουλήθη
1199 3163 1294 3215 καὶ
1333 3163 1431 3234 οὑχ
1455 3164 1582 3217 ὅσον
1624 3165 1748 3235 ἠδυ-

163 3240 297 3270 ...ιιιη
361 3243 607 3270 1ι›.ε....--
639 3248 743 3270 HL-
783 3249 993 3270 i__:__-,
1079 3252 1092 3269 ν
1140 3252 1155 3270 ι
1287 3254 1306 3265 υ
1479 3255 1523 3270 ,Λ
1683 3256 1731 3270 ι.

1854 3170 2120 3239 scriptum
2178 3173 2234 3226 in
2251 3150 2782 3246 incorruptibilitate
2801 3150 3134 3246 permaneat
3162 3190 3337 3246 usque
3365 3175 3433 3228 ad

161 3240 298 3312 νήθη
360 3243 612 3313 (ἠδύνατο
639 3248 748 3319 γὰρ
778 3249 1001 3320 ποιῆσαι
1033 3252 1196 3305 αὑτὸν
1239 3254 1318 3324 τῷ
1360 3255 1580 3324 μεγέθει
1612 3256 1745 3312 πολὺ

1849 3267 2068 3333 tempus
2095 3280 2277 3320 rerum
2328 3266 2384 3321 in
2435 3269 2631 3324 melius
2684 3270 3182 3335 transmutationis,
3235 3282 3434 3322 secun—

167 3330 387 3398 μείζονα
431 3333 469 3406 ἦ
512 3335 649 3406 ὅπερ
701 3338 864 3408 ἐστί),
917 3339 1013 3392 νῦν
1059 3341 1230 3406 αὑτὸς·
1265 3345 1426 3397 αὑτὸν
1464 3346 1622 3411 ἔταξε
1667 3347 1745 3419 τῷ

1849 3330 1982 3407 dum
2014 3356 2173 3411 ﬁdem
2203 3357 2664 3423 orthodoxorum,
2695 3359 2791 3430 qui
2824 3377 2892 3416 ex
2931 3330 3182 3416 doctrina
3223 3359 3431 3429 cogniti

161 3422 347 3492 οἰκείῳ
373 3424 486 3495 ὅρῳ
526 3427 586 3480 ὲν
622 3428 906 3502 ἀφθαρσίᾳ
953 3431 1248 3503 διαμένειν,
1277 3436 1382 3500 ’ἐως
1425 3437 1519 3490 τοῦ
1552 3439 1744 3511 καιροῦ

1851 3429 1986 3514 ipsis
2020 3445 2116 3501 Dei
2145 3445 2315 3504 Deum
2348 3458 2742 3518 cognoverunt,
2769 3458 2823 3504 et
2859 3450 3163 3506 secundum
3186 3449 3435 3505 testimo-

162 3513 262 3582 τῆς
305 3515 416 3568 τῶν
449 3517 618 3572 ὀντων
655 3523 736 3585 είς
767 3521 828 3574 τὸ
859 3527 1105 3595 κρεῖττον
1141 3529 1555 3600 μεταποιήσεως
1603 3531 1744 3585 κατὰ

1853 3537 2005 3590 nium
2041 3541 2406 3609 responsoris.

162 3606 261 3676 τὴν
301 3608 484 3661 πίστιν
515 3609 623 3663 τῶν
666 3612 981 3683 ὀρθοδόξων,
1016 3615 1126 3669 τῶν
1190 3620 1256 3671 ὲκ
1297 3619 1645 3687 διδασκαλίας
1680 3624 1773 3677 τοῦ
1810 3606 2150 3695 γνωσθέντος
2191 3632 2377 3696 αὐτοῖς
2419 3633 2556 3686 Θεοῦ
2599 3633 2732 3687 Θεὸν
2765 3634 3103 3702 ἐγνωκότων,
3157 3635 3255 3688 καὶ
3317 3634 3429 3706 (99)

165 3698 305 3754 κατά
334 3700 433 3771 τὴν
466 3705 773 3775 μαρτυρίαν
805 3707 898 3760 τοῦ
928 3710 1388 3782 ἀποκριναμένου.

478 3814 661 3868 ΠΡΟΣ
701 3818 881 3871 ΤοΥΣ
929 3820 1277 3877 ἝΛΛΗΝΑΣ
1324 3825 1421 3897 (ι).

237 3909 301 3956 α’.
336 3904 400 3956 Ἡ
446 3905 608 3974 φύσις
640 3909 673 3977 ἡ
701 3909 930 3964 ποιοῦσα
960 3914 1027 3967 τά
1060 3917 1286 3983 φυσικὰ,
1327 3920 1424 3973 ἐὰν
1462 3922 1537 3992 μὴ
1573 3940 1747 3994 προη-

168 3995 439 4065 γουμένως
465 3997 677 4068 γίνηται
709 4001 814 4054 ὑπὸ
839 4003 933 4056 τοῦ
975 4005 1048 4076 μὴ
1087 4007 1226 4061 κατὰ
1255 4010 1415 4077 φύσιν
1443 4013 1740 4079 ποιοῦντος,

165 4085 285 4140 οὔτε
317 4089 549 4160 ὑπάρχει
574 4088 698 4143 οὔτε
733 4097 899 4148 ποιεῖ.

239 4180 299 4250 β’.
327 4182 448 4236 ’Ότι
477 4183 575 4254 οὑχ
607 4184 793 4249 ἁπλῶς
825 4188 934 4240 πᾶν
961 4190 1193 4261 πρᾶγμα
1246 4195 1498 4264 γεννητόν
1545 4214 1604 4250 τε
1647 4199 1743 4251 καλ⁹

169 4273 395 4345 φθαρτὸν
449 4276 508 4328 ὲν
555 4279 622 4348 τῇ
655 4279 867 4346 γενέσει
905 4280 1017 4350 ἔχει
1055 4281 1148 4334 τὸν
1196 4287 1509 4360 τετραμερῆ
1532 4290 1741 4361 χρόνον,

169 4363 336 4433 ἀρχὴν
367 4363 459 4415 καὶ
491 4365 748 4431 ἐπίδοσιν,
783 4368 968 4441 ἀκμὴν
1018 4372 1111 4424 καὶ
1155 4377 1476 4445 παρακμὴν,
1512 4377 1650 4431 ἀλλὰ
1679 4380 1742 4433 τὸ

173 4456 321 4524 φύσει
351 4456 383 4527 ἢ
415 4457 581 4530 τέχνῃ
620 4461 926 4532 γινόμενον.

2275 3832 2647 3889 Αυνειιευε
2666 3832 2997 3910 animos.

1919 3927 1969 3980 l.
2009 3925 2218 3982 Natura
2242 3942 2366 3998 quae
2396 3926 2529 3982 facit
2559 3929 2829 3985 naturalia
2853 3971 2870 3993 ,
2903 3930 3010 3987 nisi
3047 3933 3207 4002 prius
3247 3936 3317 3988 ab
3362 3949 3427 3988 eo

1846 4017 1992 4074 facta
2021 4021 2128 4087 sit,
2172 4022 2267 4093 qui
2295 4039 2361 4078 ex
2394 4032 2594 4079 natura
2625 4038 2737 4078 non
2779 4025 2929 4096 agit,
2975 4041 3154 4096 neque
3184 4029 3404 4084 exsistit

1845 4127 2024 4181 neque
2061 4113 2213 4172 facit.

1915 4201 1969 4256 2.
2007 4203 2126 4258 Non
2162 4207 2488 4277 simpliciter
2515 4191 2772 4280 quaelibet
2804 4224 2894 4264 res
2930 4209 3110 4282 genita
3143 4219 3196 4264 et
3231 4225 3422 4263 corru-

1846 4295 2054 4364 ptibilis
2081 4297 2136 4351 in
2167 4301 2521 4369 generatione
2564 4301 3026 4373 quadripartitum
3067 4291 3302 4374 tempus,
3333 4317 3426 4355 or-

1844 4393 1960 4439 tum
1990 4396 2044 4441 et
2073 4396 2319 4454 auctum,
2349 4391 2592 4462 vigorem
2623 4401 2677 4449 et
2699 4379 2976 4451 senectam
3009 4395 3205 4462 habet,
3239 4396 3334 4450 scd
3359 4412 3423 4450 ea

1845 4477 1968 4549 qua:
1989 4489 2186 4536 natura
2214 4483 2300 4538 vel
2328 4491 2447 4540 arte
2476 4485 2559 4540 ﬁt.
2729 4475 2732 4479 ’

236 4555 303 4616 γ’.
351 4549 414 4601 Εἰ
455 4552 569 4613 τοῖς
610 4552 902 4623 ἡμετέροις
949 4556 1177 4626 ὀνόμασι
1228 4557 1471 4612 καλεῖται
1523 4564 1551 4615 ὀ
1602 4560 1731 4626 Θεὸς

1866 4547 1877 4549 7
1909 4572 1965 4627 5.
1997 4570 2054 4626 Si
2086 4574 2404 4631 nominibus
2424 4578 2631 4633 nostris
2650 4575 2792 4632 Deus
2809 4547 3131 4648 appelletur,
3155 4579 3429 4650 quidquid

174 4639 274 4691 πᾶν
296 4638 346 4689 εί
366 4655 416 4691 τι
443 4639 705 4704 καλεῖται,
729 4642 828 4694 οὑκ
853 4642 999 4696 ἐστιν
1026 4647 1236 4720 ἀνάγκη
1260 4649 1488 4703 ἔπεσθαι
1510 4650 1587 4721 τῷ
1620 4652 1738 4723 Θεῷ

173 4731 254 4784 διὰ
277 4731 330 4783 τὸ
360 4732 549 4814 ὄνομα,
584 4734 683 4786 ὅσα
713 4734 905 4788 ἕπεται
940 4738 1018 4808 τῷ
1052 4741 1301 4812 ἡμετέρῳ
1342 4743 1586 4814 ὀνόματι.
1622 4749 1737 4801 Κα-

174 4822 328 4874 λείται
354 4810 462 4875 δὲό
482 4823 615 4888 Θεὸς
651 4827 741 4878 καὶ
773 4826 998 4898 ἀλήθεια
1031 4832 1124 4882 καὶ
1157 4810 1358 4900 ἀγαθός
1380 4851 1392 4864 ⁸
1428 4810 1521 4889 καὶ
1543 4841 1610 4910 τῇ
1639 4839 1737 4909 μὲν

177 4916 385 4987 ἀληθείᾳ
417 4918 715 4972 ἀντίκειται
755 4921 816 4972 τὸ
849 4920 1062 4988 ψεῦδος,
1095 4923 1173 4994 τῷ
1217 4925 1272 4978 δὲ
1321 4928 1510 4999 ἀγαθῷ
1541 4932 1601 4984 τὸ
1634 4951 1734 4986 κα-

179 5011 289 5062 κόν·
318 5010 392 5081 τῷ
423 5011 478 5063 δὲ
505 5011 622 5081 Θεῷ
653 5013 804 5067 οὐδὲν
837 5016 1152 5072 ἀντίκειται,
1205 5019 1378 5074 Τοῦτο
1398 5024 1491 5094 ’μὴ
1535 5027 1736 5096 νοήσας

178 5104 206 5152 ὁ
246 5100 454 5154 Πλάτων
483 5104 800 5157 ὑπεναντίον
838 5122 890 5158 τι
936 5107 1256 5179 ἐδογμάτισε
1287 5111 1366 5183 τῷ
1390 5113 1529 5178 Θεῶ,
1566 5119 1734 5171 κακὸν

180 5192 447 5259 ἀναγκαῖόν
473 5210 533 5246 τε
557 5195 648 5246 καὶ
666 5195 852 5250 αῑδιον.

244 5329 262 5358 ⁶
283 5327 400 5398 Leg.
439 5330 541 5381 οὑκ
571 5332 822 5400 ἐχόντων.

246 5469 462 5546 (99)]ε1
487 5470 778 5528 delendum
821 5475 934 5540 καί,
985 5479 1068 5531 vel
1126 5482 1444 5536 vertendum
1487 5502 1499 5537 :
1540 5483 1726 5546 Deum,

185 5547 236 5618 ut
265 5549 310 5592 et
340 5539 657 5618 ll‘esponsor
668 5552 932 5618 testatur,
961 5553 1493 5618 cognoverunt.—-Ea:
1517 5539 1731 5609 Adden;

165 5612 256 5667 ,dis
282 5619 320 5662 et
351 5610 724 5666 Emendandis.

250 5680 313 5747 (1)
344 5681 491 5758 Περ-ὸς
535 5684 674 5748 τοὺς
709 5685 1032 5753 Ἕλληνας.
1092 5688 1184 5742 Ha!
1225 5695 1555 5758 quaestiones
1613 5696 1728 5751 sive

187 5750 590 5827 ultseryatiqncs,
629 5750 1070 5827 quaa__przecipue
1103 5750 1450 5816 Aristotelem
1499 5765 1722 5827 feriunt,

189 5821 416 5887 apposita:
451 5821 668 5877 fuerunt
699 5839 728 5876 ει
763 5821 826 5880 li.
865 5821 1140 5899 Stephano
1163 5831 1380 5889 duobus
1403 5834 1558 5902 locis,
1611 5821 1725 5905 pri:

1841 4663 2058 4720 tandem
2099 4667 2434 4735 appelletur,
2474 4683 2699 4722 necesse
2737 4685 2845 4724 non
2876 4679 2957 4724 est
2983 4678 3042 4723 ut
3079 4673 3421 4742 quaecunque

1839 4757 2028 4813 nostro
2052 4758 2312 4827 adjuncta
2341 4768 2471 4821 sunt
2497 4761 2729 4826 nomini,
2755 4777 2817 4816 ea
2840 4761 2950 4818 Deo
2966 4772 3190 4835 propter
3218 4781 3417 4821 nomen

1839 4848 2230 4919 adjungantur.
2290 4849 2532 4906 Vocatur
2589 4861 2771 4907 autem
2826 4853 2969 4915 Deus
3013 4865 3067 4910 et
3115 4858 3320 4913 veritas
3362 4866 3417 4914 et

1836 4940 2033 4997 bonus.
2071 4940 2151 4995 Ac
2181 4941 2395 4996 veritati
2427 4942 2646 5005 falsum,
2679 4944 2824 4999 bono
2851 4949 3146 5015 opponitur
3170 4949 3372 5002 malum
3399 4970 3412 5004 :

1837 5031 1949 5086 Deo
1982 5041 2166 5088 autem
2201 5034 2342 5088 nihil
2365 5036 2679 5105 opponitur.
2707 5035 2820 5091 Hoc
2847 5040 2976 5108 quia
3007 5038 3164 5095 Plato
3197 5041 3417 5112 ignora-

1837 5125 1934 5186 vit.
1966 5127 2302 5181 contrarium
2325 5128 2588 5197 quiddam
2619 5129 2730 5185 Deo
2755 5132 2969 5198 statuit,
3000 5134 3200 5187 malum
3221 5150 3414 5190 neces-

1836 5218 2038 5271 sarium
2066 5228 2122 5273 et
2151 5227 2436 5274 aeternum.

1831 5502 1982 5558 mum
2015 5489 2235 5556 quidem
2270 5498 2394 5558 post
2434 5491 2877 5546 Confutattonetn
2930 5493 3409 5551 Aristotelicorum

1831 5557 2169 5636 dogmatum,
2190 5557 2385 5636 deinde
2405 5571 2530 5636 post
2557 5562 2895 5636 Quaestiones
2923 5573 2977 5617 et
3000 5564 3408 5636 Responsiones

1831 5628 1898 5701 ad
1921 5628 2274 5701 orthodoxos.
2319 5628 2448 5694 Sed,
2479 5634 2625 5701 quod
2682 5634 2899 5689 mireris
2926 5644 3078 5690 tanto
3106 5628 3228 5691 νῦν-ο
3257 5639 3407 5691 exci—

1830 5696 1999 5758 disse,
2027 5700 2208 5775 _multo
2237 5696 2579 5775 acouratiora
2638 5705 2752 5757 hac
2785 5713 2914 5758 sunt
2968 5705 3020 5758 in
3068 5711 3250 5775 priore
3282 5710 3404 5760 loco

1830 5783 1992 5834 quam
2027 5769 2079 5821 in
2120 5782 2423 5839 postremo,
2463 5774 2551 5829 ubi
2576 5776 2738 5829 etiam
2769 5777 3048 5833 nonnullis
3069 5769 3293 5834 lacunis
3317 5779 3406 5833 dc-

1829 5840 2062 5893 l‘ormata
2092 5855 2238 5897 sunt.
