4146 6428
746 355 878 410 1439

1520 360 1883 415 APPENDlX.
1920 392 1985 400 —-
2028 361 2207 416 PARS
2242 362 2278 416 l.
2327 363 2381 416 S.
2418 363 2679 421 JL'STlNl
2719 366 2943 422 OPERA
2981 366 3248 426 SPURIA.

3879 375 4037 432 1453

807 471 860 526 4.
900 469 1019 526 Νοη
1049 478 1135 526 est
1161 470 1457 542 quidquam
1483 473 1628 541 quod
1656 474 1751 538 sit,
1788 459 1921 542 quin
1951 473 2154 542 aliquid
2188 476 2259 526 sit
2297 494 2300 526 :

2487 477 2546 528 δ’.
2589 478 2700 531 Οὐκ
2749 478 2864 531 ἔστι
2897 495 2950 531 τι
2991 479 3048 533 ὃν
3093 480 3168 551 μὴ
3213 454 3330 536 τόδε
3363 499 3425 535 τι
3459 482 3553 536 δν’
3589 481 3700 539 οἷον
3737 486 3843 539 οὐκ
3901 489 4029 540 ἔστι

736 563 904 616 veluti
935 579 1136 633 corpus
1185 579 1294 618 non
1323 573 1409 619 est
1436 566 1567 635 quin
1614 567 1722 620 tale
1769 582 1972 636 corpus
2021 568 2113 622 sit.
2151 568 2218 620 At
2263 569 2310 622 si

733 657 987 717 materia,
1023 663 1082 708 ut
1111 655 1220 710 tale
1246 657 1522 726 quidpiam
1546 658 1637 722 sit,
1671 673 1780 712 non
1811 658 1973 714 habet
1999 700 2013 723 ,
2049 676 2224 730 neque
2255 673 2311 716 ut

733 747 829 810 sit,
862 746 1024 801 habet
1068 765 1084 802 :
1127 762 1250 802 nam
1279 747 1481 817 aliquid
1515 764 1638 806 esse
1666 752 1910 821 separari
1941 751 2008 806 ab
2039 768 2162 809 esse
2199 771 2310 809 non

732 844 933 906 potest.

801 929 854 983 5.
894 929 1100 985 Natura
1131 940 1186 986 et
1215 947 1308 988 ars
1336 949 1367 987 e
1405 933 1731 989 substantiis
1756 933 2002 1004 faciunt,
2031 953 2153 1007 quae
2185 939 2308 1008 qui--

730 1019 853 1075 dem
879 1021 1119 1089 faciunt;
1158 1023 1323 1078 veluti
1360 1031 1555 1078 natura
1593 1041 1623 1081 e
1661 1033 1786 1080 satu
1819 1035 1969 1082 creat
1996 1028 2304 1094 hominem,

729 1119 785 1165 et
824 1121 1002 1166 satum
1047 1129 1116 1168 ex
1158 1114 1423 1170 homine:
1458 1117 1781 1173 substantia
1815 1126 1997 1174 autem
2040 1128 2207 1183 sunt,
2256 1130 2310 1175 et

729 1211 904 1266 satus,
941 1211 996 1258 et
1045 1204 1228 1260 homo.
1275 1203 1544 1264 Similiter
1584 1215 1638 1264 et
1661 1215 1809 1264 artes
1849 1225 1917 1265 ex
1958 1226 2065 1265 aere
2097 1210 2308 1266 faciunt

730 1301 991 1361 statuam,
1021 1307 1075 1354 et
1101 1315 1132 1354 e
1168 1299 1436 1354 lateribus
1469 1299 1695 1356 domum
1723 1325 1735 1356 :
1768 1302 2095 1358 substantia:
2127 1315 2306 1359 autem

728 1395 859 1441 sunt
897 1399 951 1443 et
987 1406 1063 1446 aes
1104 1401 1159 1446 et
1189 1391 1410 1448 lateres.
1445 1391 1630 1462 Itaque
1658 1393 1707 1448 si
1735 1396 1966 1450 materia
1999 1396 2308 1451 substantia

724 1493 837 1531 non
881 1479 984 1544 sit,
1029 1483 1154 1552 quis
1199 1491 1284 1538 est
1314 1485 1407 1554 qui
1449 1499 1516 1538 ex
1557 1484 1676 1554 ipsa
1708 1483 1840 1540 facit
1867 1501 2076 1556 eaquae
2099 1502 2164 1542 ex
2191 1489 2308 1558 ipsa

724 1567 888 1638 ﬁunt,
929 1587 1055 1626 cum
1082 1567 1283 1629 natura
1321 1583 1376 1630 et
1403 1590 1494 1630 ars
1527 1575 1734 1645 aliquid
1763 1593 1828 1633 ex
1863 1593 1965 1645 eo,
2007 1579 2150 1649 quod
2201 1597 2307 1635 non

722 1674 812 1722 est
840 1668 1178 1735 substantia,
1213 1668 1395 1726 facere
1425 1673 1746 1741 nequeant?

2381 607 2384 610 ~
2415 569 2570 640 σῶμα
2613 571 2686 641 μὴ
2719 572 2839 624 τόδε
2887 572 3043 643 σῶμα
3075 573 3150 644 (2)
3183 573 3261 627 ὅν.
3312 574 3455 627 Ἀλλ’
3475 578 3524 628 εί
3558 565 3590 647 ἧ
3628 555 3729 647 ὕλη
3765 580 3826 631 τδ
3873 575 4025 633 εἶπαι

2409 663 2526 715 τόδε
2561 665 2660 716 οὐκ
2685 664 2816 734 ἔχει,
2850 665 2956 718 οὐδ’
2986 665 3094 738 ἄρα
3122 667 3183 720 τὸ
3207 663 3343 721 εἶναι
3378 668 3520 739 ἔχει’
3561 670 3882 742 ἀχώριστον
3908 673 4024 742 γὰρ

2409 751 2502 805 τοῦ
2532 749 2668 806 εἶναι
2691 754 2751 806 τὸ
2772 754 2887 807 τόδε
2911 751 3069 808 εἶναι.

2481 937 2540 983 ε’.
2591 930 2654 982 Ἡ
2695 931 2855 998 φύσις
2891 931 2985 984 καὶ
3023 933 3056 1002 ὴ
3089 933 3251 1004 τέχνη
3289 936 3353 987 ὲκ
3375 933 3483 987 τῶν
3515 936 3712 989 οὐσιῶν
3746 937 4019 990 ποιοῦσιν

2411 1021 2552 1089 ἆπερ
2579 1019 2823 1073 ποιοῦσιν
2843 1037 2856 1050 ·
2893 1015 3002 1074 οἷον
3035 1024 3097 1074 ὲκ
3132 1023 3445 1093 σπέρματος
3475 1028 3670 1097 ποιεῖή
3707 1027 3880 1096 φύσις
3919 1030 4016 1081 τὸν

2409 1111 2711 1182 ἄνθρωπον,
2747 1112 2840 1166 καὶ
2889 1111 2948 1177 ἐξ
2997 1113 3281 1185 ἀνθρώπου
3314 1115 3375 1167 τὸ
3423 1117 3670 1186 σπέρμα·
3704 1119 3903 1172 οὐσίαι
3951 1120 4014 1173 δέ

2409 1204 2513 1255 εἰσι
2545 1203 2603 1255 τό
2633 1219 2691 1254 τε
2728 1203 2947 1273 σπέρμα
2974 1205 3068 1257 καὶ
3099 1205 3127 1256 ό
3157 1205 3460 1276 ἄνθρωπος.
3509 1207 3781 1272 Ὡσαύτως
3817 1212 3926 1264 καὶ
3953 1213 4014 1264 αἱ

2408 1293 2594 1364 τέχναι
2639 1293 2882 1347 ποιοῦσιν
2926 1295 2990 1350 ὲκ
3030 1295 3126 1348 τοῦ
3177 1296 3378 1366 χαλκοῦ
3424 1299 3732 1370 ἀνδριάντα,
3788 1303 3894 1355 καὶ
3943 1304 4015 1356 ἐκ

2408 1385 2646 1438 πλίνθων
2679 1387 2884 1440 οἰκίαν
2920 1387 3096 1441 οὐσίαι
3127 1388 3184 1442 δέ
3230 1390 3367 1442 εἰσιν
3399 1391 3427 1444 ὅ
3471 1407 3531 1443 τε
3563 1392 3764 1462 χαλκὸς
3798 1395 3904 1446 καὶ
3951 1396 4012 1448 αἱ

2410 1476 2636 1530 πλίνθοι.
2677 1475 2866 1531 Τοίνυν
2883 1477 2984 1548 τῆς
3009 1478 3141 1549 ὕλης
3162 1480 3346 1544 οὐσίας
3382 1481 3480 1534 οὐκ
3513 1481 3696 1553 οὔσης,
3721 1484 3808 1546 τίς
3843 1486 4012 1538 ἐστιν

2407 1568 2434 1620 ὁ
2460 1567 2691 1637 ποιήσας
2732 1567 2790 1634 ἐξ
2823 1569 2993 1637 αὐτῆς
3024 1569 3093 1622 τὰ
3138 1572 3398 1639 γεγονότα
3443 1572 3502 1638 ἐξ
3540 1574 3708 1644 αὐτῆς
3757 1576 3859 1647 (5),
3898 1577 4012 1646 τῆς

2407 1658 2624 1726 φύσεώς
2656 1676 2716 1712 τε
2747 1661 2842 1713 καὶ
2875 1660 2977 1731 τῆς
3008 1661 3204 1733 τέχνης
3236 1663 3598 1737 ἀδυνατούσης
3629 1671 3803 1721 ποιεῖν
3837 1685 3902 1720 τι
3939 1671 4010 1722 ὲκ

2411 1753 2484 1822 μὴ
2515 1753 2702 1816 οὐσίας
2721 1770 2734 1818 ;

796 1844 850 1898 6.
887 1844 978 1912 Si,
1014 1855 1076 1900 ut
1120 1849 1196 1900 ait
1240 1848 1601 1914 Aristoteles.
1651 1867 1851 1923 corpus
1896 1860 2078 1908 exstat
2131 1869 2300 1924 neque

2482 1851 2556 1910 ς’.
2579 1845 2662 1908 Εί,
2698 1844 2879 1908 καθώς
2901 1862 3064 1916 φησιν
3092 1848 3484 1920 Ἀριστοτέλης,
3511 1850 3624 1904 ἔστι
3654 1852 3815 1922 σῶμα
3852 1855 4005 1923 μήτε

719 1951 896 2008 grave
916 1951 1095 2007 neque
1133 1938 1272 2003 leve,
1302 1954 1405 1994 nec
1437 1949 1605 1995 unum
1637 1956 1706 1998 ex
1739 1949 1974 2012 quatuor
1999 1943 2303 2008 elementis,

719 2043 823 2084 nec
851 2045 917 2085 ex
957 2039 1198 2100 quatuor
1243 2033 1530 2089 elementis
1569 2041 1874 2102 constans;
1917 2035 2214 2102 videlicet,
2259 2036 2305 2092 si

720 2121 828 2178 hoc
863 2137 1054 2178 verum
1085 2133 1171 2179 est
1193 2167 1208 2191 ,
1235 2141 1444 2195 corpus
1465 2128 1570 2180 erit
1611 2143 1712 2182 nec
1743 2128 1979 2183 calidum
2012 2144 2112 2184 nec
2153 2129 2304 2201 frigi-

721 2215 890 2284 dum,
927 2217 1009 2271 vel
1054 2226 1252 2272 natura
1296 2218 1381 2272 vel
1428 2220 1806 2288 perpessione.
1853 2220 1988 2273 Nam
2024 2221 2170 2290 quod
2217 2223 2304 2277 vel

723 2313 916 2360 natura
930 2307 1094 2381 535
1103 2309 1188 2365 vel
1199 2309 1552 2380 perpessione
1566 2311 1802 2366 calidum
1818 2321 1910 2366 aut
1926 2312 2179 2384 frigidum
2193 2322 2300 2378 est.

715 2398 801 2454 vel
832 2413 1003 2454 unum
1037 2414 1068 2454 e
1095 2408 1333 2470 quatuor
1379 2401 1670 2458 elementis
1715 2413 1801 2459 est
1822 2445 1839 2469 ,
1889 2407 1975 2459 vel
2009 2423 2039 2461 e
2071 2416 2304 2477 quatuor

716 2497 931 2547 constat
959 2491 1267 2548 elementis.
1303 2492 1461 2560 Quod
1494 2495 1540 2551 si
1571 2510 1773 2565 corpus
1807 2513 1914 2552 non
1942 2507 2029 2553 est
2059 2513 2159 2554 nec
2205 2515 2304 2554 na-

717 2593 840 2637 tura
867 2599 968 2639 nec
993 2585 1352 2655 perpessione
1394 2586 1634 2641 calidum
1679 2595 1772 2642 aut
1805 2587 2092 2660 frigidum,
2125 2607 2302 2661 neque

713 2674 880 2728 etiam
914 2689 1118 2746 corpus
1140 2677 1246 2732 erit
1273 2694 1375 2734 nec
1407 2693 1571 2750 grave
1594 2694 1695 2734 nec
1725 2681 1844 2736 leve
1863 2721 1878 2744 ,
1913 2683 2168 2752 quodque
2200 2699 2300 2738 nec

714 2772 957 2834 quatuor
1007 2766 1400 2823 elementorum
1447 2784 1616 2824 unum
1659 2771 1769 2835 sit,
1821 2786 1922 2826 nec
1964 2787 2028 2827 ex
2065 2779 2302 2841 quatuor

713 2863 930 2912 constet
973 2858 1283 2917 elementis.
1340 2849 1630 2927 Quomodo
1689 2877 1820 2934 ergo
1874 2863 2112 2918 calidum
2167 2864 2302 2918 dicit

711 2945 970 3000 uberem
999 2947 1072 3002 ob
1100 2949 1307 3003 motum
1334 2950 1574 3007 caelestis
1596 2951 1870 3021 corporis,
1894 2960 1949 3006 et
1970 2965 2159 3006 eorum
2180 2966 2301 3021 quae

714 3038 772 3092 in
808 3038 903 3092 illo
929 3050 1221 3096 moventur
1248 3025 1582 3114 corporum?
1607 3041 1740 3108 Qua:
1772 3043 1918 3099 enim
1961 3042 2299 3097 motionibus

714 3127 1049 3182 calefaciunt
1087 3144 1355 3200 corpora,
1390 3132 1544 3201 prius
1573 3131 1694 3201 ipsa
1724 3131 2100 3194 incalescunt,
2130 3145 2295 3200 quam

2409 1935 2570 2007 βαρὺ,
2608 1936 2744 2007 μήτε
2769 1935 2988 2006 κοῦφον,
3015 1938 3150 2011 μήτε
3172 1937 3228 1992 ἐν
3258 1939 3366 1994 τῶν
3388 1941 3667 2012 τεσσάρων
3686 1944 4003 2012 στοιχείων,

2407 2027 2544 2098 μήτε
2565 2027 2631 2079 ὲκ
2648 2025 2755 2079 τῶν
2787 2027 3070 2098 τεσσάρων
3110 2029 3410 2098 στοιχείων,
3443 2029 3598 2100 δῆλον
3637 2030 3738 2093 ὅτι,
3783 2033 3830 2082 εί
3861 2030 4005 2099 ἀλη-

2404 2117 2497 2182 θὲς
2550 2117 2728 2183 τοῦτο,
2779 2117 2929 2171 ἔσται
2971 2117 3044 2189 (4)
3083 2118 3242 2189 σῶμα
3292 2121 3430 2191 μήτε
3470 2120 3669 2191 θερμὸν
3708 2123 3845 2191 μήτε
3897 2132 3994 2190 ψυ-

2402 2209 2551 2279 χρὸν,
2575 2210 2711 2280 μήτε
2741 2207 2883 2262 κατὰ
2900 2209 3080 2278 φύσιν,
3099 2211 3234 2281 μήτε
3253 2209 3392 2263 κατὰ
3409 2209 3578 2274 πάθος
3597 2227 3609 2240 ο
3631 2212 3694 2263 τὸ
3715 2211 3826 2282 γὰρ
3849 2214 4001 2266 κατὰ

2402 2299 2562 2368 φύσιν
2596 2299 2636 2369 η’
2660 2299 2802 2353 κατὰ
2825 2300 2994 2363 πάθος
3033 2300 3234 2372 θερμὸν
3262 2301 3517 2373 ⁴ηψυχρὸν
3536 2341 3551 2366 ,
3583 2302 3615 2371 ἢ
3651 2303 3761 2355 τῶν
3791 2305 3998 2356 τεσσά-

2405 2407 2510 2461 ρων
2529 2393 2808 2462 στοιχείων
2835 2393 3054 2463 ὲστὶν,ἢ
3083 2394 3147 2446 ἐκ
3171 2393 3248 2463 (5)
3265 2393 3376 2446 τῶν
3399 2393 3679 2466 τεσσάρων
3706 2397 3824 2447 ἐστὶ
3849 2412 3999 2448 στοι-

2401 2483 2583 2554 χείων.
2613 2484 2675 2536 El
2706 2483 2763 2536 δὲ
2824 2484 2980 2556 σῶμα
3013 2488 3113 2538 οὐκ
3146 2483 3262 2537 ἔστι
3307 2490 3442 2556 μήτε
3483 2485 3626 2538 κατὰ
3671 2486 3834 2554 φύσιν
3870 2488 3998 2558 θερ-

2404 2577 2502 2647 μὸν
2533 2577 2565 2648 ἢ
2592 2577 2798 2648 ψυχρὸν
2835 2579 2969 2648 μήτε
2999 2577 3142 2632 κατὰ
3163 2578 3351 2643 πάθος,
3369 2579 3476 2632 οὐδ’
3498 2579 3606 2649 ἄρα
3641 2578 3716 2648 (6)
3741 2579 3863 2632 ἐστὶ
3887 2579 3997 2632 σῶ-

2403 2687 2479 2740 μα
2516 2671 2652 2740 μήτε
2682 2670 2842 2742 βαρὺ,
2877 2671 3016 2742 μήτε
3050 2671 3272 2741 κοῦφον,
3313 2673 3446 2744 μήτε
3485 2671 3542 2725 ἓν
3571 2672 3680 2725 τῶν
3709 2672 3997 2743 τεσσάρων

2402 2761 2701 2830 στοιχείων,
2729 2761 2866 2831 μήτε
2890 2763 2955 2814 ὲκ
2973 2761 3566 2832 τεσσάρων“στοιχείων.
3586 2763 3710 2826 Πῶς
3727 2760 3823 2817 οὖν
3843 2764 3997 2833 λέγει

2401 2850 2604 2922 θερμὸν
2625 2847 2762 2905 εἶναι
2790 2853 2883 2906 τὸν
2900 2852 3093 2924 αἰθέρα
3114 2852 3203 2907 διὰ
3232 2855 3330 2926 τὴν
3361 2855 3573 2924 κίνησιν
3607 2853 3701 2907 τοῦ
3735 2857 3996 2927 οὐρανίου

2403 2942 2652 3015 σώματος
2680 2943 2906 2998 καὶτῶν
2930 2945 2989 2998 ὲν
3027 2944 3175 3015 αὐτῷ
3207 2945 3540 3016 κινουμένων
3576 2948 3884 3016 σωμάτων;
3913 2949 3996 3001 Τὰ

2402 3035 2509 3107 γὰρ
2541 3038 2662 3100 ταῖς
2689 3037 2935 3108 κινήσεσι
2952 3036 3311 3109 θερμαίνοντα
3343 3037 3568 3110 σώματα
3596 3039 3703 3109 πρὸ
3722 3040 3833 3093 τιῖιν
3860 3040 3993 3111 θερ-

2403 3128 2740 3199 μαινομένων
2755 3127 2831 3200 (7)
2849 3130 2941 3182 ὑπ’
2956 3129 3137 3183 αὐτῶν
3155 3129 3523 3202 θερμαίνεται.
3542 3131 3680 3184 Ἀλλ’
3698 3133 3748 3184 εἰ
3763 3131 3994 3204 θερμαί-

710 3235 779 3274 ea
806 3211 1025 3291 quaa'ab
1047 3222 1184 3291 ipsis
1208 3224 1448 3278 calonem
1481 3223 1800 3294 concipiunt
1837 3243 1850 3278 :
1885 3223 2030 3294 quod
2065 3222 2112 3278 si
2147 3222 2300 3277 inca-

2400 3236 2549 3273 νεται
2571 3261 2586 3283 ,
2618 3219 2797 3290 δῆλον,
2820 3220 2902 3274 ὅτι
2923 3221 3066 3274 κατὰ
3090 3221 3261 3285 πάθος
3293 3222 3663 3294 θερμαίνεται·
3693 3224 3742 3277 εἰ
3769 3223 3827 3278 δὲ
3848 3225 3997 3282 κατὰ

714 3311 954 3379 lescunt,
987 3313 1252 3368 nimirum
1287 3315 1642 3384 perpessione
1678 3316 2042 3372 incalescunt.
2079 3313 2136 3369 Si
2166 3329 2296 3370 vero

719 3403 1101 3472 perpessione,
1131 3420 1328 3475 nempe
1352 3407 1676 3463 imitatione.
1712 3405 1770 3462 Si
1793 3407 2131 3472 mutatione,
2163 3423 2297 3462 con—

711 3495 869 3548 trarii
893 3496 948 3548 in
969 3497 1310 3551 contrarium
1334 3497 1637 3552 mutatione
1658 3492 1928 3554 videlicet.
1947 3499 2296 3555 Contrarium

717 3600 850 3640 vero
883 3585 1076 3656 frigori
1104 3595 1191 3642 est
1211 3589 1364 3645 calor
1391 3608 1405 3644 :
1438 3590 1699 3659 quocirca
1726 3605 1758 3645 e
1789 3590 1988 3661 frigido
2018 3600 2298 3647 umtantur

712 3679 769 3732 in
802 3679 1062 3733 calidum.
1102 3678 1210 3735 Sed
1236 3681 1366 3750 quia
1389 3683 1599 3737 nullum
1628 3694 1831 3752 corpus
1864 3689 1948 3738 est
1967 3683 2112 3753 quod
2141 3700 2172 3739 e
2201 3684 2298 3739 fri-

711 3771 838 3841 gido
882 3771 938 3824 in
987 3770 1231 3826 calidum
1273 3775 1631 3844 perpessione
1676 3785 1946 3840 mutetur,
1975 3790 2079 3830 nec
2112 3783 2296 3831 tamen

711 3871 953 3932 quatuor
999 3864 1398 3920 elementorum
1432 3882 1600 3920 unum
1649 3866 1756 3932 sit,
1808 3877 1902 3922 aut
1945 3883 2014 3923 ex
2058 3876 2296 3938 quatuor

713 3959 930 4006 constet
957 3952 1282 4022 elementis;
1316 3964 1606 4025 propterea
1657 3971 1862 4028 corpus
1914 3960 2140 4015 caeleste
2185 3975 2292 4014 non

713 4043 863 4096 aliud
889 4052 975 4098 est
1004 4044 1336 4100 elementum
1387 4048 1455 4102 ab
1497 4048 1782 4104 elementis
1816 4059 2084 4120 quatuor;
2117 4051 2295 4106 calefit

710 4135 857 4189 enim
886 4136 1272 4206 perpessione,
1304 4138 1433 4193 dum
1470 4155 1501 4194 θ
1527 4138 1727 4211 frigido
1759 4141 1814 4196 in
1852 4125 2091 4198 calidum
2116 4150 2297 4198 muta-

711 4236 822 4281 tur.

783 4319 836 4374 7.
873 4318 951 4383 Si,
985 4337 1108 4391 quae
1135 4330 1287 4378 motu
1322 4324 1579 4378 caleﬁunt
1602 4342 1868 4396 corpora,
1907 4327 2114 4396 majore
2143 4335 2294 4382 motu

710 4411 887 4481 magis
919 4411 1218 4470 calefiunt:
1258 4417 1556 4485 quomodo,
1594 4418 1638 4471 si
1676 4419 1980 4472 secundum
2024 4418 2294 4473 Aristote-

710 4499 814 4553 lem
851 4502 934 4557 sol
967 4517 1168 4572 corpus
1201 4515 1284 4560 est
1313 4522 1424 4560 non
1457 4515 1652 4560 natura
1687 4509 1926 4562 calidum
1974 4509 2070 4563 sed
2103 4518 2252 4563 motu
2274 4550 2289 4572 ,

711 4604 820 4642 non
857 4592 1067 4660 majore
1105 4602 1257 4649 motu
1291 4597 1466 4666 magis
1511 4597 1691 4652 calelit
1740 4600 1826 4653 vel
1875 4598 2159 4664 calefacit,
2193 4599 2290 4654 sed

710 4697 928 4751 semper
955 4684 1012 4738 in
1043 4695 1230 4741 motus
1261 4688 1631 4758 inaequalitate
1663 4691 1926 4761 aequalem
1959 4691 2158 4746 retinet
2205 4707 2296 4746 ca.-

711 4775 920 4828 lorem?

787 4984 863 5060 (2)
893 4985 1161 5060 Mqrdds
1194 4987 1379 5060 σῶμα.
1410 4988 1474 5044 R.
1507 4988 1818 5060 Stephanus
1849 4990 2150 5059 posteriore
2174 4991 2294 5045 loco

711 5063 768 5108 et
791 5057 1207 5132 aligeditiones
1235 5059 1436 5132 habent
1471 5061 1583 5132 ἀλλξ
1606 5057 1644 5132 ’ἢ
1669 5061 1787 5132 τόᾷε
1824 5057 2000 5131 σῶμα.

786 5125 865 5202 (3)
892 5127 971 5197 Τὰ
994 5131 1295 5202 γεγονότα.
1320 5129 1388 5193 ἐξ
1438 5125 1650 5200 αὐτῆς.
1710 5131 1835 5202 Haec
1863 5125 2088 5185 deerant
2147 5133 2291 5202 apud

718 5196 1402 5273 Stephanum’posleriore
1449 5196 1614 5266 loco,
1640 5209 1694 5257 et
1743 5219 1773 5256 a
1805 5200 2096 5273 Sylburgio
2122 5196 2292 5257 ascita

716 5276 853 5338 sunt
872 5282 940 5321 ex
972 5270 1294 5338 posteriore.

789 5335 867 5412 (4)
925 5335 995 5392 El
1056 5338 1297 5412 «uaeas
1323 5340 1520 5412 τοῦτο,
1578 5343 1767 5396 ἔσται.
1829 5341 2097 5412 Corrupte
2150 5343 2291 5412 apud

718 5407 1056 5478 Stephanum
1095 5409 1338 5464 secundo
1368 5411 1490 5466 loco
1513 5423 1568 5467 et
1599 5413 1660 5466 in
1691 5414 1813 5469 aliis
1851 5407 2205 5478 editidnibus,
2244 5415 2292 5466 εἰ

715 5473 913 5602 ἀλτξὲς
940 5473 1100 5559 τοῖ’)τρ
1133 5481 1247 5532 ἐστι
1277 5481 1453 5566 σῶμα.

788 5548 804 5602 ί
845 5548 863 5602 )
897 5551 966 5602 ’Ἠ
1013 5565 1133 5602 των
1179 5566 1450 5602 τεσσαοω

788 5547 966 5622 (5)]’3
1013 5547 1143 5622 τῶν-
1179 5547 1489 5622 τεσσάρων
1536 5553 1848 5622 στοιχείων
1882 5554 2072 5613 ἐστὶν,
2120 5554 2155 5619 ἢ
2201 5556 2288 5606 ἐκ.

717 5615 1173 5742 Haec'tllesumpsit
1201 5615 1524 5693 Sylbu'rgius
1558 5641 1623 5678 ex
1669 5615 1849 5694 priore
1871 5624 2013 5694 apud
2060 5615 2291 5694 Stepha-

719 5704 848 5742 num
896 5704 1016 5742 oco.

719 5704 848 5742 num
877 5704 1016 5744 ιοςο.

791 5759 871 5833 (6)-
900 5760 1037 5813 Οὐδ’
1066 5761 1198 5828 ἄρα.
1235 5762 1545 5833 Stephanus
1601 5765 1903 5833 posteriore
1943 5766 2061 5816 loco
2090 5772 2142 5816 et
2173 5765 2281 5833 Syl-

717 5828 944 5904 burgius
974 5833 1175 5886 οὐκέτι.
1213 5828 1346 5890 Μοί
1389 5828 1699 5906 Stephanus
1733 5837 1912 5908 priore
1943 5837 2063 5890 loco
2097 5828 2289 5888 uir/iv

2400 3309 2590 3374 πάθος,
2611 3309 2791 3379 δῆλον,
2817 3309 2899 3363 ὅτι
2919 3310 3014 3363 καὶ
3034 3313 3155 3363 κατ’
3180 3309 3464 3366 ἀλλοίωσιν
3481 3312 3578 3384 (8)°
3607 3316 3653 3366 εί
3675 3315 3732 3367 δὲ
3749 3318 3871 3368 κατ’
3893 3317 3998 3371 ἁλ-

2398 3401 2635 3479 λοίωσιν,
2657 3401 2834 3472 δῆλον,
2861 3401 2942 3455 ὅτι
2964 3403 3057 3456 καὶ
3086 3402 3229 3456 κατὰ
3257 3403 3575 3476 μεταϐολήνυ
3594 3407 3642 3457 εἰ
3660 3405 3718 3458 δὲ
3736 3405 3881 3459 κατὰ
3904 3424 3992 3478 μοι

2397 3495 2649 3563 ταὸολὴν,
2679 3493 2857 3564 δῆλον,
2883 3495 2964 3547 ὅτι
2993 3496 3058 3548 ὲκ
3073 3494 3166 3548 τοῦ
3194 3495 3435 3549 ἐναντίου
3451 3499 3532 3560 είς
3545 3497 3605 3549 τὸ
3627 3498 3869 3552 ἐναντίον
3893 3515 3990 3568 με-

2396 3585 2743 3641 ταϐάλλεται.
2777 3586 3044 3639 Ἑναντίον
3072 3586 3130 3640 δὲ
3151 3586 3228 3657 τῷ
3258 3586 3446 3659 θερμῷ
3459 3586 3520 3640 τὸ
3550 3587 3775 3659 ψυχρόν·
3801 3591 3866 3642 ἐκ
3893 3591 3988 3644 τοῦ

2397 3677 2604 3749 ψυχροῦ
2639 3678 2746 3750 ἄρα
2765 3680 2844 3743 εἰς
2877 3679 2936 3730 τὸ
2957 3679 3156 3749 θερμὸν
3195 3678 3603 3748 μεταϐάλλεται.
3638 3680 3759 3732 Ἀλλ
3799 3681 3987 3754 ἐπειδὴ

2397 3769 2497 3822 οὐκ
2523 3770 2638 3822 ἐστι
2686 3770 2846 3840 σῶμα
2879 3772 2942 3822 ὲκ
2986 3770 3078 3823 τοῦ
3126 3770 3338 3841 ψυχροῦ
3369 3772 3448 3833 είς
3496 3771 3557 3823 τὸ
3595 3771 3798 3842 θερμὸν
3845 3775 3988 3827 κατὰ

2397 3864 2569 3926 πάθος
2600 3863 3087 3934 μεταϐαλλόμενον,
3125 3864 3199 3935 μὴ
3233 3863 3292 3916 ὃν
3320 3864 3455 3939 μήτε
3483 3864 3542 3916 ἓν
3573 3864 3683 3917 τῶν
3703 3868 3984 3940 τεσσάρων

2398 3957 2696 4027 στοιχείων,
2747 3958 2882 4029 μήτε
2939 3958 3002 4010 ὲκ
3049 3957 3158 4009 τῶν
3211 3957 3492 4026 τεσσάρων
3547 3957 3849 4029 στοιχείων,
3896 3958 3984 4010 διὰ

2395 4049 2556 4102 τοῦτο
2590 4050 2691 4103 οὐκ
2733 4049 2847 4102 ἐστι
2883 4048 2942 4101 τὸ
2979 4049 3228 4119 οὐράνιον
3276 4047 3435 4118 σῶμα
3484 4048 3670 4119 ἓτερον
3720 4054 3982 4119 στοιχεῖον

2397 4142 2550 4214 παρὰ
2580 4141 2650 4195 τὰ
2696 4143 2939 4212 τέσσαρα
2974 4143 3234 4211 στοιχεῖα.
3287 4139 3649 4212 Θερμαίνεται
3696 4141 3806 4212 γὰρ
3844 4144 3980 4197 κατὰ

2398 4235 2568 4297 πάθος
2593 4236 2661 4287 ἐκ
2696 4232 2789 4286 τοῦ
2813 4233 3021 4304 ψυχροῦ
3054 4234 3134 4296 είς
3160 4233 3221 4286 τὸ
3249 4232 3452 4304 θερμὸν
3494 4232 3974 4303 μεταϐαλλόμενον.

2468 4327 2531 4391 ζ’.
2553 4328 2614 4379 Et
2636 4328 2703 4380 τὰ
2720 4328 2784 4380 ἐκ
2810 4327 2911 4396 τῆς
2943 4327 3206 4398 κινήσεως
3235 4325 3634 4396 θερμαινόμενα
3656 4325 3878 4395 σώματα
3901 4325 3976 4396 τῷ

2397 4419 2602 4472 πλείονι
2618 4419 2715 4490 τῆς
2733 4420 2996 4489 κινήσεως
3014 4416 3273 4479 πλειόνως
3286 4415 3652 4486 θερμαίνεται,
3665 4415 3803 4481 πῶς,
3821 4417 3868 4468 εί
3888 4434 3974 4468 xu:-

2395 4515 2463 4567 τὰ
2479 4513 2568 4568 τὸν
2602 4510 2980 4584 Ἀριστοτέλην
2998 4508 3159 4580 σῶμά
3179 4509 3326 4560 ἐστιν
3340 4509 3368 4560 ό
3382 4507 3552 4576 ἥλιος,
3573 4507 3634 4559 οὐ
3658 4507 3799 4560 κατὰ
3816 4507 3970 4576 φύσιν

2397 4602 2616 4674 θερμὸν,
2647 4600 2782 4656 ἀλλὰ
2805 4599 2947 4653 κατὰ
2973 4599 3206 4670 κίνησιν,
3243 4597 3322 4668 τῷ
3355 4596 3559 4650 πλείονι
3594 4597 3668 4668 (9)
3695 4599 3790 4667 τῆς
3820 4603 3966 4664 κινή-

2399 4711 2535 4757 σεως
2567 4693 2826 4752 πλειόνως
2849 4691 2971 4745 οὔτε
3003 4690 3353 4762 θερμαίνεται
3381 4689 3502 4743 οὕτε
3531 4690 3830 4761 θερμαίνει,
3856 4691 3966 4744 ἀλλ’

2395 4786 2482 4838 ἀεὶ
2508 4785 2586 4856 τῷ
2622 4784 2789 4854 ἀνίσῳ
2815 4783 2914 4853 τῆς
2949 4785 3214 4854 κινήσεως
3243 4781 3303 4834 τὸ
3330 4781 3444 4834 ἴσον
3489 4779 3602 4850 ἔχει
3636 4779 3736 4849 τῆς
3784 4779 3966 4852 θερμό-

2397 4895 2557 4948 τητος
2579 4895 2592 4943 ;

2395 4990 2532 5058 αὐτῇ
2565 4987 2849 5058 referendo
2872 4987 2940 5041 ad
2965 4989 3192 5056 κίνησιν.

2467 5008 2495 5041 τ
2565 5007 2849 5043 relerenuo
2872 5007 2940 5041 au
2965 5007 3192 5056 κινησιν.

2576 5059 2695 5126 Πρὸ
2739 5057 2856 5112 τῶν
2891 5057 3383 5138 θερμαιτςομένων.
3423 5053 3485 5108 Β.
3514 5053 3829 5176 Stephanus
3866 5068 3958 5122 po-

2467 5145 2624 5176 rrmre
2649 5130 2768 5176 loco
2791 5137 2847 5176 et
2887 5127 3213 5176 Svlhurglus
3245 5129 3295 5176 εἰ
3329 5125 3435 5176 ποὺ
3473 5143 3582 5176 των
3647 5125 3958 5176 εομαινοιιέ-

2397 5125 2768 5184 εισι-ἰοιέίιοεο
2791 5137 2847 5183 et
2877 5125 3213 5198 ASy’Iburgius
3245 5129 3299 5198 εί
3319 5125 3435 5198 πρὸ
3473 5125 3582 5198 τῶν
3613 5125 3959 5198 θερμαινομέ-

2395 5218 2500 5253 νων
2541 5201 2629 5252 ὑπ’
2660 5199 2837 5252 αὐτῶν
2869 5193 3234 5269 θερμαίνεται,
3282 5193 3438 5267 δῆλον
3496 5197 3578 5248 ὅτι
3613 5193 3754 5246 κατὰ
3802 5195 3959 5258 πάθος

2396 5270 2762 5394 θερὲιαίνεται.
3406 5337 3419 5349 ο
3561 5337 3571 5346 .

2468 5343 2483 5409 (
2517 5343 2542 5416 _)
2574 5340 2684 5416 Kal
2712 5340 2839 5416 καις
2879 5339 3224 5416 ἀλλοίωσιν.
3285 5335 3737 5416 coniunctionem
3773 5353 3834 5389 et
3868 5351 3957 5403 po-

2397 5405 2628 5466 steriore
2657 5408 3396 5488 locoStep‘hani'desumpsit
3417 5405 3740 5488 Sylburgius
3761 5416 3811 5460 et
3844 5422 3953 5458 lim!

2396 5491 2522 5536 ante
2553 5481 2692 5534 κατὰ
2728 5477 3044 5552 μεταϐολήν.
3069 5477 3238 5533 Paulo
3268 5485 3393 5548 post
3421 5477 3505 5531 bis
3550 5477 3768 5546 legitur,
3806 5493 3956 5545 μετσο

2397 5553 2492 5620 ϐλή
2503 5569 2690 5604 σκεται
2721 5552 2900 5619 priore
2933 5552 3070 5620 loco.

2468 5615 2539 5690 (9)
2567 5621 2649 5686 Τῷ
2683 5615 2936 5675 πλείονι.
2967 5619 3235 5690 corrupte
3257 5615 3764 5690 apudSteplianum
3792 5629 3957 5690 poste-.-

2397 5687 2543 5746 riore
2578 5693 2698 5745 loco
2727 5700 2781 5746 et
2812 5691 2954 5760 apud
2990 5687 3422 5769 Sylburgiumel
3477 5687 3554 5769 τις)
3591 5687 3814 5740 πλείονι.
3846 5687 3953 5742 Mus

2399 5763 2657 5826 πλειόνως
2683 5762 3030 5832 desumptum
3071 5777 3136 5816 ex
3169 5761 3469 5830 posteriore
3512 5761 3653 5813 loco.
