4146 6436
191 381 323 439 1161

1113 369 1577 444 ΟυΕδΤΙΟΝΕΞ
1605 359 2050 424 ΟΗΒῙΞΤΙΑΝίΕ
2084 361 2175 416 AD
2208 354 2527 415 GRIECOS.

3309 345 3449 405 “6?.

258 508 327 570 η’.
366 499 429 552 El
461 496 600 551 κατὰ
621 496 710 550 τὸν
745 492 1117 567 Ἀριστοτέλην
1144 494 1268 563 ὅρος
1295 491 1395 560 τῆς
1423 487 1608 550 οὐσίας
1649 483 1757 537 ἐστὶ

1945 479 2000 534 8.
2040 477 2098 533 Si
2129 477 2433 534 secundum
2466 470 2818 529 Aristotelem
2857 468 3104 526 deﬁnitio
3133 467 3454 524 substantiae

185 592 249 646 τὸ
277 591 383 645 τῶν
426 591 684 646 ἐναντίων
712 589 816 643 ἀνά
841 587 1003 658 μέρος
1026 584 1293 646 δεκτικὸν,
1334 581 1451 644 πῶς
1470 579 1626 648 »λέγει
1659 578 1765 631 πά-

184 682 272 734 λιν
300 685 328 736 ὁ
359 682 518 746 αὐτὸς
571 680 940 752 Ἀριστοτέλης
969 677 1065 748 τὴν
1099 676 1229 744 ὕλην
1251 675 1325 746 μὴ
1351 671 1560 734 οὐσίαν,
1604 666 1767 724 οὖσαν

183 774 296 827 τῶν
336 745 595 828 ἐναντίων
791 745 954 842 μέρος
987 745 1273 837 δεκτικὴν,
1312 765 1414 836 τῆς
1463 764 1768 836 στερήσεως

185 865 296 938 γὰρ
319 867 415 920 καὶ
437 865 636 932 ἒξεως;

256 958 321 1011 El
369 960 398 1010 6
436 957 791 1028 στερούμενος
842 952 952 1025 (10)
997 949 1092 1004 τοῦ
1144 947 1280 1003 εἶναι
1316 947 1436 1001 τόδε
1473 945 1646 1009 οὕτως
1675 944 1768 998 καὶ

182 1049 280 1102 τοῦ
309 1043 446 1102 εἶναι
478 1047 788 1118 ἐστέρηται,
815 1043 930 1106 πῶς
949 1042 1096 1109 λέγει
1121 1041 1150 1092 6
1174 1036 1551 1111 Ἀριστοτέλης
1581 1034 1770 1088 ἀδύνα-

182 1158 276 1194 τον
318 1142 382 1194 ἐκ
430 1139 522 1192 τοῦ
566 1139 740 1207 πάντη
795 1135 906 1207 (11)
941 1133 1013 1205 μὴ
1064 1132 1216 1196 ὄντος
1266 1129 1519 1200 γενέσθαι
1544 1146 1618 1192 τι,
1666 1128 1766 1197 τῆς

185 1233 318 1303 ὕλης
377 1231 499 1284 κατ’
557 1229 719 1290 αὐτὸν
744 1256 746 1258 τ
768 1225 1091 1298 ἀμφοτέρων
1121 1222 1507 1295 στερουμένης,
1539 1222 1635 1274 καὶ
1666 1221 1766 1274 τοῦ

183 1318 344 1385 εἶναι,
368 1322 460 1374 καὶ
482 1320 576 1372 τοῦ
603 1319 719 1373 τόδε
749 1314 885 1371 εἶναι
906 1334 920 1383 ;

253 1413 320 1468 θ’.
355 1414 419 1466 Εἰ
453 1415 516 1465 ἐκ
545 1410 638 1465 τοῦ
670 1411 848 1482 πάντη
878 1410 952 1482 μὴ
973 1409 1124 1472 ὄντος
1155 1409 1214 1462 οὕ
1251 1407 1460 1476 γίνεταί
1482 1425 1557 1470 τι,
1585 1406 1765 1476 δῆλον,

181 1505 265 1557 ὅτι
317 1505 382 1558 ὲκ
411 1504 504 1557 τοῦ
562 1504 713 1566 ὄντος
746 1502 954 1572 γίνεται
977 1519 1051 1554 τι.
1092 1501 1230 1553 Ἀλλ’
1263 1501 1386 1552 ἐπεὶ
1429 1501 1462 1570 ή
1506 1499 1604 1569 ὕλη
1654 1498 1765 1569 (12)

181 1595 360 1660 τοῦτο,
406 1597 524 1660 πῶς
567 1594 823 1666 ἀληθεύει
883 1593 1260 1664 Ἀριστοτέλης
1287 1592 1461 1660 λέγων
1493 1591 1593 1662 τὴν
1635 1589 1768 1661 ὕλην

180 1685 289 1740 οὐέ
317 1688 377 1740 ὄν
398 1705 412 1752 ;

258 1787 308 1832 ι’.
341 1781 404 1832 El
441 1780 515 1850 μὴ
547 1779 848 1852 ἀλλοιοῦται
877 1781 909 1850 ἡ
951 1779 1073 1851 ὕλη,
1109 1777 1168 1831 οὐ
1205 1776 1429 1830 δυνατὸν
1471 1775 1582 1846 (15)
1614 1773 1768 1844 γενέ-

183 1869 307 1922 σθαι
354 1887 408 1922 τι
443 1869 503 1934 ἐξ
552 1870 742 1941 αὐτῆς.
785 1870 923 1922 Ἀλλ’
958 1872 1006 1922 εἰ
1035 1872 1144 1924 πᾶν
1180 1869 1242 1922 τὸ
1289 1867 1667 1938 ἀλλοιούμενον
1701 1867 1766 1918 ὲκ

179 1958 335 2011 τοῦδε
368 1961 449 2023 εἰς
481 1960 600 2012 τόδε
654 1959 981 2024 ἀλλοιοῦται,
1015 1961 1114 2013 οὐκ
1159 1960 1274 2012 ἔστι
1319 1960 1376 2012 δὲ
1409 1961 1442 2028 ἡ
1480 1957 1578 2028 ὕλη
1611 1957 1726 2010 τόδε
1749 1995 1764 2020 ,

179 2053 284 2106 οῦκ
343 2053 449 2123 ἄρα
500 2051 837 2105 ἀλλοιοῦταιο
877 2053 957 2105 διὸ
995 2052 1116 2105 οὐδὲ
1148 2053 1354 2121 γίνεται
1382 2069 1436 2104 τι
1476 2050 1535 2118 ἐξ
1575 2051 1763 2121 αὐτῆς.

254 2239 340 2285 ια’.
373 2234 438 2286 El
470 2235 543 2305 μὴ
569 2235 634 2288 ὲκ
664 2235 757 2288 τοῦ
794 2234 904 2306 (id)
939 2235 1190 2306 τυχόντος
1211 2237 1292 2299 εἰς
1319 2234 1380 2288 τὺ
1400 2234 1561 2304 τυχὸν
1588 2235 1646 2287 οὐ
1678 2235 1764 2302 γί-

177 2343 328 2382 νεται
351 2328 639 2398 μεταϐολὴ,
675 2328 788 2381 ἀλλ’
819 2331 899 2392 εἰς
924 2329 984 2381 τὸ
1014 2329 1253 2382 ἐναντίον
1281 2329 1340 2381 ὲν
1376 2327 1456 2398 τῷ
1487 2327 1635 2398 αὑτῷ
1675 2327 1768 2395 γέ-

177 2434 285 2481 νει,
306 2413 418 2471 οἷον
443 2421 501 2471 ὲν
532 2423 598 2491 τῇ
657 2422 900 2493 ποιότητι
934 2422 993 2474 οὐ
1023 2421 1228 2490 γίνεται
1266 2418 1536 2491 μεταδολὴ
1577 2421 1642 2471 ὲκ
1669 2418 1762 2483 τοῦ

176 2509 373 2563 λευκοῦ
416 2512 496 2574 εἰς
532 2512 593 2564 τὸ
641 2514 803 2583 μέγα,
835 2513 948 2566 ἀλλ’
978 2514 1058 2576 εις
1097 2513 1157 2565 τὸ
1188 2512 1354 2583 μέλαν
1373 2529 1386 2543 ο
1420 2511 1561 2566 κατά
1590 2510 1644 2562 τί
1670 2505 1764 2563 οῦν

179 2600 574 2666 μεταϐάλλεται
610 2605 642 2674 η
670 2603 768 2674 ὕλη
814 2605 872 2656 ἐν
896 2607 961 2675 τῇ
998 2604 1208 2673 γενέσει
1246 2603 1353 2656 τῶν
1388 2601 1449 2667 ἐξ
1475 2602 1646 2671 αὐτῆς
1674 2619 1760 2669 γι-

175 2687 420 2758 νομένων
465 2689 680 2755 οὐσιῶν,
723 2691 873 2744 οὐδὲν
917 2691 1112 2761 έχουσα
1155 2690 1444 2760 δυνάμενον
1495 2688 1763 2760 μεταϐάλ-

177 2777 368 2833 λεσθαι
390 2797 405 2845 ;
572 2779 574 2782 ’

250 2872 336 2924 ιϐ’.
381 2873 443 2925 El
474 2873 664 2946 ὥσπερ
692 2875 750 2928 ὲν
780 2877 892 2939 τοῖς
923 2874 1140 2939 ζωῖκοῖς
1168 2875 1228 2929 τὸ
1255 2873 1392 2938 ζῶον
1426 2876 1520 2928 καὶ
1558 2876 1618 2926 ὲν
1645 2873 1758 2935 τοῖς

177 2966 436 3034 χρωῖκοῖς
468 2964 528 3017 τὺ
558 2964 756 3036 χρῶμα
774 3005 790 3029 ,
821 2963 962 3018 οὕτω
990 2965 1085 3018 καὶ
1113 2967 1172 3020 ὲν
1199 2968 1310 3028 τοῖς
1339 2963 1541 3028 ὑλικοῖς
1568 2965 1601 3034 ὴ
1632 2962 1753 3032 ὕλη,

177 3055 297 3120 πῶς
338 3057 751 3128 ἀναιρουμένων
790 3057 900 3111 τῶν
938 3058 1171 3123 ζωῖκῶν,
1217 3060 1617 3130 συναναιρεῖται
1658 3056 1754 3111 καὶ

174 3145 403 3242 τδΔζῶον
421 3164 434 3176 ·
463 3147 556 3227 καὶ
580 3149 992 3220 ἀναιρουμένων
1019 3150 1126 3203 τῶν
1150 3151 1422 3221 χρωῖκῶν,
1448 3152 1750 3222 ἀναιρεῖται
1778 3182 1824 3242 c

176 3238 272 3290 καὶ
307 3239 367 3290 τὸ
405 3239 636 3310 χρῶμα·
679 3242 775 3293 καὶ
817 3242 1226 3312 ἀναιρουμένων
1267 3242 1374 3295 τῶν
1407 3243 1625 3306 ὑλικῶν,
1654 3243 1754 3294 οὐκ

175 3331 480 3400 ἀναιρεῖται
507 3331 602 3383 καὶ
639 3333 673 3401 ἡ
703 3331 800 3402 ὕλη
831 3349 845 3396 ;
874 3332 936 3384 El
959 3332 1016 3385 δὲ
1053 3335 1452 3405 συναναιρεῖται
1496 3336 1606 3397 τοῖς
1641 3334 1754 3386 ὑλι-

175 3425 292 3488 κοίς
317 3425 349 3494 ή
381 3422 480 3493 ὕλη
509 3423 640 3494 (15),
661 3426 776 3489 πῶς
812 3426 1153 3498 προϋπάρχει
1180 3426 1288 3480 τῶν
1327 3427 1580 3499 ὑλικῶνὴ
1617 3427 1750 3498 ὕλη;

247 3521 333 3581 ιγ’.
376 3515 438 3568 Εἰ
465 3516 528 3568 τὸ
553 3518 780 3586 ἀπέχειν
808 3517 903 3571 καὶ
927 3517 986 3570 τὸ
1014 3519 1259 3587 μετέχειν
1289 3520 1396 3572 τῶν
1421 3521 1588 3572 ὄντων
1613 3519 1749 3582 ἐστὶ,

173 3603 354 3673 δῆλον,
394 3608 476 3660 ὅτι
518 3607 581 3661 τὸ
607 3608 781 3679 πάντη
818 3608 892 3679 μὴ
931 3609 991 3662 ὃν
1020 3609 1144 3662 οὕτε
1186 3611 1380 3681 ἀπέχει
1417 3612 1582 3674 τινὸς,
1629 3609 1752 3663 οὕτε

176 3697 411 3767 μετέχει.
446 3699 570 3763 Πῶς
598 3697 691 3754 οῦν
718 3705 935 3774 μετέχει
961 3705 993 3774 ἡ
1023 3703 1120 3773 ῦλη
1153 3704 1249 3774 τῆς
1283 3705 1589 3775 στερήσεως
1609 3743 1623 3768 ,
1655 3703 1752 3756 κα)⁸

172 3787 284 3840 τῶν
311 3788 422 3860 (16)
449 3791 618 3845 ὄντων
657 3795 757 3846 οὐκ
779 3796 960 3860 ἕστιν;

244 3879 324 3931 ιδ’.
366 3881 429 3934 El
469 3883 728 3940 ἀδύνατον
769 3887 830 3939 τὸ
862 3887 994 3940 αὐτὸ
1030 3889 1089 3940 ὲν
1127 3887 1206 3957 τῷ
1246 3886 1392 3956 αὑτῷ
1433 3886 1748 3957 ἀμφοτέρας

171 3973 440 4026 κινεῖσθαι
468 3976 567 4039 τάς
604 3980 846 4048 κινήσεις
864 4018 878 4041 ,
921 3977 1022 4047 τήν
1047 3995 1107 4032 τε
1133 3979 1274 4032 κατά
1328 3977 1490 4047 φύσιν
1517 3977 1611 4030 καὶ
1649 3979 1748 4047 τὴν

172 4063 326 4135 παρὰ
368 4065 553 4135 φύσιν,
597 4068 716 4132 πῶς
760 4071 788 4123 6
823 4070 971 4139 ἥλιος
1009 4071 1151 4123 κατά
1192 4069 1353 4139 φύσιν
1384 4069 1483 4139 μὲν
1520 4072 1748 4122 κινεῖται

170 4153 282 4206 ἀπὸ
308 4155 405 4226 τῆς
441 4158 707 4227 ἀνατολῆς
737 4163 816 4223 εἰς
846 4160 1016 4225 δύσιν,
1049 4162 1201 4233 παρά
1242 4163 1405 4230 φύσιν
1434 4161 1491 4214 δὲ
1516 4161 1624 4214 ἀπὸ
1648 4162 1747 4232 τῆς

169 4244 376 4310 δύσεως
429 4251 510 4314 εἰς
561 4252 858 4322 ἀνατολὴν,
911 4253 1001 4307 διά
1047 4254 1145 4324 τὴν
1194 4257 1460 4324 σφαῖραν;
1511 4255 1584 4308 Οὐ
1635 4253 1744 4326 γὰρ

167 4337 396 4392 δυνατὸν
420 4343 479 4394 τὸ
503 4344 638 4396 αὐτὸ
663 4346 721 4398 ὲν
743 4345 819 4416 τῷ
843 4345 991 4417 αὐτῷ
1015 4347 1112 4412 τὰς
1140 4348 1387 4411 ἐναντίας
1416 4348 1555 4401 κατά
1584 4348 1744 4417 φύσιν

170 4429 436 4484 κινεῖσθαι
468 4435 731 4504 κινήσεις.

1869 579 1975 634 est,
2009 580 2070 625 ut
2104 569 2513 626 contrariorum
2546 581 2645 638 per
2669 564 2819 620 vices
2846 563 2920 620 sit
2945 577 3154 632 capax:
3180 561 3457 633 quomodo

1869 677 2067 717 rursus
2099 663 2242 717 idem
2290 659 2428 715 dicit
2461 658 2787 714 Aristoteles
2829 655 3116 710 materiam
3172 667 3282 707 non
3331 667 3456 706 esse

1869 753 2278 820 substantiam,
2311 767 2438 806 cum
2480 751 2553 805 sit
2585 747 2994 804 contrariorum
3035 761 3133 817 per
3163 744 3316 802 vices
3357 758 3453 798 ca-

1870 862 1998 918 pax,
2037 860 2233 916 nempe
2261 842 2588 914 privationis
2615 849 2670 896 et
2693 839 2953 895 habitus?

1941 937 1998 992 Si
2029 937 2123 1007 qui
2154 951 2265 990 non
2293 935 2455 990 habet
2484 941 2546 988 ut
2574 933 2686 988 tale
2719 929 2928 1000 aliquid
2956 930 3049 994 sit,
3081 943 3260 999 neque
3286 925 3455 981 etiam

1869 1045 1994 1084 esse
2041 1029 2240 1084 habet:
2292 1027 2569 1098 quomodo
2615 1024 2752 1080 dicit
2799 1023 3126 1080 Aristoteles
3179 1020 3295 1076 ﬁeri
3345 1034 3459 1074 non

1869 1136 2056 1192 posse,
2091 1131 2153 1174 ut
2178 1137 2247 1176 ex
2275 1136 2365 1183 eo,
2393 1119 2541 1189 quod
2567 1118 2795 1173 omnino
2819 1132 2932 1172 non
2960 1125 3064 1180 est,
3100 1111 3309 1184 aliquid
3332 1113 3454 1177 (lat,

1869 1230 1994 1268 cum
2026 1201 2327 1268 secundum
2362 1213 2517 1266 illum
2551 1211 2779 1265 materia
2813 1215 3072 1264 neutrum
3105 1207 3323 1270 habeat,
3360 1219 3458 1258 ne-

1867 1321 1975 1377 que
2006 1314 2066 1360 ut
2099 1305 2192 1375 sit,
2217 1319 2394 1376 neque
2420 1314 2481 1359 ut
2513 1304 2622 1358 tale
2653 1300 2856 1373 aliquid
2885 1300 2996 1357 sit?

1940 1400 1993 1454 9.
2020 1397 2078 1452 Si
2109 1414 2175 1453 ex
2198 1413 2286 1463 eo,
2310 1396 2457 1466 quod
2488 1394 2714 1448 omnino
2739 1408 2849 1448 non
2877 1399 2984 1456 est,
3010 1390 3146 1445 nihil
3179 1388 3452 1461 gignitur,

1868 1499 2077 1547 certum
2108 1498 2193 1546 est
2226 1505 2294 1544 ex
2325 1504 2392 1543 eo
2433 1485 2581 1558 quod
2613 1493 2728 1549 est,
2761 1484 2910 1555 gigni
2955 1483 3181 1554 aliquid.
3217 1479 3375 1547 Quod
3410 1479 3456 1534 si

1867 1584 1923 1639 id
1953 1582 2182 1638 materia
2204 1588 2308 1648 est,
2343 1576 2624 1649 quomodo
2660 1575 2988 1631 Aristoteles
3023 1589 3150 1630 vera
3177 1573 3454 1643 loquitur,

1868 1674 2157 1730 materiam
2186 1688 2297 1727 non
2328 1687 2452 1728 esse
2480 1685 2579 1726 ens
2604 1667 3008 1741 pronuntians?

1942 1764 2031 1819 10.
2073 1762 2131 1818 Si
2159 1763 2390 1818 materia
2413 1779 2525 1818 non
2548 1763 2894 1822 immutatur,
2933 1757 3049 1812 ﬁeri
3079 1756 3269 1825 nequit
3298 1761 3356 1808 ut
3390 1768 3456 1808 ex

1867 1873 1931 1914 ea
1970 1859 2062 1914 tiat
2093 1858 2323 1928 aliquid.
2365 1856 2472 1911 Sed
2514 1856 2562 1910 si
2615 1852 2882 1926 quidquid
2917 1852 3240 1905 immutatur
3270 1863 3338 1902 ex
3362 1846 3456 1900 tali

1871 1951 2054 2020 aliquo
2077 1951 2132 2004 in
2156 1950 2264 2004 tale
2297 1948 2504 2020 aliquid
2529 1950 2873 2007 immutatur.
2899 1960 3009 1998 non
3031 1952 3116 1998 est
3148 1950 3328 1995 autem
3351 1940 3457 1993 tale

1867 2041 2073 2113 aliquid
2105 2042 2356 2108 materia,
2390 2055 2492 2097 nec
2525 2038 2758 2111 proinde
2786 2037 3128 2092 immutatur.
3158 2032 3341 2099 Quare
3373 2032 3455 2085 ni-

1867 2136 1945 2191 hil
1975 2139 2036 2192 tit
2063 2151 2132 2191 ex
2160 2149 2248 2191 ea.
2381 2191 2386 2198 _

1940 2228 2028 2282 11.
2068 2225 2126 2280 Si
2158 2241 2222 2281 ex
2257 2226 2505 2296 quolibet
2540 2239 2651 2279 non
2685 2222 2744 2277 ﬁt
2777 2223 2833 2277 in
2867 2219 3153 2293 quodlibet
3194 2216 3456 2280 mutatio,

1866 2319 1963 2375 sed
1991 2319 2045 2372 in
2081 2318 2135 2374 id
2160 2318 2308 2388 quod
2340 2316 2532 2373 eodem
2567 2316 2624 2370 in
2653 2329 2855 2386 genere
2899 2311 3275 2378 contrarium;
3309 2310 3454 2364 velut

1865 2412 1921 2464 in
1955 2411 2215 2481 qualitate
2235 2423 2344 2465 non
2378 2407 2437 2462 ﬁt
2463 2407 2697 2462 mutatio
2729 2407 2946 2462 candidi
2965 2407 3020 2460 in
3051 2421 3331 2476 magnum,
3358 2403 3456 2459 sed

1865 2504 1922 2558 in
1952 2503 2204 2576 nigrum:
2236 2516 2345 2572 qua
2368 2500 2536 2572 igitur
2558 2515 2618 2555 re
2651 2498 2884 2555 materia
2905 2498 2961 2553 in
2992 2498 3343 2568 generatione
3363 2511 3457 2550 ea-

1863 2609 2008 2658 rum,
2042 2608 2164 2663 quae
2193 2607 2262 2646 ex
2299 2591 2418 2662 ipsa
2449 2590 2609 2655 ﬁunt,
2643 2589 3083 2644 substantiarum
3116 2588 3453 2652 mutabitur,

1863 2700 1988 2739 cum
2021 2685 2163 2739 nihil
2196 2683 2395 2740 habeat
2423 2682 2574 2754 quod
2607 2682 2809 2737 mutari
2841 2682 3056 2754 possit?

1932 2859 2094 2933 535
2131 2860 2217 2916 12.
2251 2858 2342 2926 Si,
2368 2858 2832 2931 quemadmodum
2871 2857 2929 2913 in
2959 2857 3292 2912 animalibus
3335 2857 3454 2912 ani-

1859 2969 2038 3019 mans,
2058 2962 2112 3009 et
2141 2953 2196 3007 in
2220 2953 2483 3008 coloratis
2498 2951 2670 3015 color,
2688 2951 2766 3005 ita
2794 2960 2847 3005 et
2863 2951 2921 3005 in
2939 2950 3319 3006 materialibus
3337 2965 3457 3003 ma-

1858 3047 2135 3116 teriazqui
2171 3045 2229 3098 ﬁt
2259 3054 2348 3109 ut,
2389 3059 2518 3098 cum
2535 3043 2770 3099 sublatis
2799 3042 3131 3096 animalibus
3156 3042 3377 3097 tollatur
3398 3050 3452 3097 et

1859 3139 2130 3203 animans,
2151 3145 2206 3192 et
2222 3137 2454 3193 sublatis
2476 3135 2741 3190 coloratis
2761 3134 2926 3188 simul
2950 3134 3175 3187 tollatur
3189 3140 3244 3188 et
3265 3133 3445 3198 color,

1863 3233 2244 3289 matcrialibus
2277 3233 2535 3297 sublatis,
2566 3246 2679 3286 non
2712 3230 2940 3285 tollatur
2965 3238 3020 3283 et
3050 3227 3318 3283 materia?
3351 3225 3452 3280 Sin

1858 3343 1968 3382 una
1995 3342 2121 3381 cum
2153 3326 2536 3381 materialibus
2567 3325 2731 3380 simul
2762 3323 2993 3378 materia
3023 3321 3236 3376 tollitur
3256 3363 3270 3386 ,
3311 3334 3450 3390 quo-

1856 3422 2021 3476 modo
2044 3421 2198 3491 prius
2225 3420 2445 3476 exsistit
2476 3419 2705 3472 materia
2730 3432 2895 3488 quam
2925 3413 3273 3482 materialia?

1928 3518 2016 3572 15.
2077 3516 2136 3571 Si
2182 3531 2372 3571 carere
2401 3523 2455 3571 et
2491 3515 2740 3584 recipere
2766 3513 2975 3569 entium
3024 3520 3110 3566 est
3135 3551 3150 3575 ,
3189 3511 3361 3580 liquet
3393 3509 3448 3563 id

1854 3611 2001 3680 quod
2028 3610 2255 3664 omnino
2287 3624 2397 3662 non
2429 3615 2548 3672 est,
2582 3622 2683 3662 nec
2719 3621 2909 3661 carere
2938 3605 3047 3660 ulla
3077 3620 3136 3659 re
3180 3619 3284 3659 nec
3322 3618 3445 3658 eam

1852 3701 2116 3770 recipere.
2141 3698 2431 3767 Quomodo
2459 3699 2627 3770 igitur
2657 3698 3017 3769 privationem
3053 3695 3250 3766 recipit
3271 3703 3447 3751 mate-

1852 3793 1954 3856 ria,
1988 3807 2108 3863 qua:
2136 3807 2202 3846 ex
2232 3793 2453 3848 entibus
2480 3807 2594 3846 non
2615 3791 2736 3847 est?

1925 3887 2010 3939 14.
2047 3885 2104 3940 Si
2131 3886 2473 3956 impossibile
2503 3893 2592 3941 est
2631 3895 2692 3940 ut
2720 3884 2864 3940 idem
2895 3884 2950 3939 in
2982 3883 3174 3940 eodem
3206 3890 3444 3954 utroque

1851 3978 2110 4033 incitetur
2147 3986 2324 4043 motu,
2356 3985 2412 4033 et
2440 3993 2507 4033 eo
2533 3977 2630 4048 qui
2659 3977 2818 4047 juxta
2848 3984 3101 4032 naturam
3123 4015 3138 4040 ,
3171 3983 3228 4030 et
3252 3990 3320 4031 eo
3344 3975 3448 4044 qui

1850 4078 2048 4141 praater
2086 4080 2342 4125 naturam
2371 4078 2489 4137 est,
2520 4071 2798 4141 quomodo
2844 4070 2926 4125 sol
2971 4069 3130 4139 juxta
3179 4075 3438 4122 naturam

1849 4162 2070 4233 quidem
2098 4163 2169 4217 ab
2209 4163 2421 4218 oriente
2449 4171 2704 4217 movetur
2735 4161 2790 4215 in
2824 4161 3204 4225 occidentem,
3242 4166 3440 4230 praeter

1849 4264 2103 4312 naturam
2137 4243 2316 4312 autem
2345 4256 2418 4310 ab
2462 4256 2752 4310 occidente
2793 4255 2849 4308 in
2880 4254 3186 4318 orientem,
3217 4263 3438 4322 propter

1846 4347 2067 4417 globum
2097 4346 2212 4402 sive
2238 4345 2543 4414 sphaeram?
2564 4342 2709 4397 Fieri
2740 4342 2883 4397 enim
2918 4341 3106 4411 nequit
3127 4348 3187 4394 ut
3213 4337 3356 4393 idem
3380 4339 3436 4392 in

1846 4438 2036 4493 eodem
2072 4449 2267 4492 natura
2294 4438 2592 4492 contrariis
2620 4435 2928 4489 concitetur
2954 4433 3218 4487 motibus.

243 4529 321 4574 ιε’.
364 4523 474 4577 Τοῦ
505 4525 654 4602 ¹ἡλίου
698 4527 772 4598 μὴ
802 4529 985 4593 ὄντος,
1023 4530 1271 4602 περιττὸς
1297 4527 1366 4602 ἦν
1391 4532 1418 4584 6
1441 4529 1733 4601 ὀφθαλμός·

1919 4529 2006 4584 15.
2044 4527 2101 4583 Si
2135 4530 2218 4586 sol
2245 4545 2355 4584 non
2376 4535 2544 4591 esset,
2571 4541 3015 4596 supervacaneus
3031 4532 3177 4580 esset
3203 4524 3430 4589 oculus;

167 4614 266 4668 καὶ
304 4616 397 4670 τοῦ
435 4615 712 4689 ὀφθαλμοῦ
763 4620 837 4691 μὴ
884 4620 1063 4686 ὄντος,
1111 4624 1360 4693 περιττὸς
1399 4617 1467 4693 ἦν
1503 4624 1531 4676 ὁ
1557 4623 1732 4692 ἣλιος·

167 4707 283 4761 ἀλλ’
311 4709 495 4778 ἐπειδὴ
518 4709 584 4762 δι’
612 4709 867 4782 ἑκάτερον
891 4713 1184 4779 ἀναγκαῖος
1210 4714 1484 4786 ἑκάτερος,
1514 4715 1738 4784 γενητὸς

165 4798 276 4870 ἄρα
303 4800 580 4870 ἑκάτερος.
601 4800 674 4853 Τὸ
700 4802 808 4873 γὰρ
850 4803 1111 4873 ἀγένητον
1131 4804 1201 4856 δι’
1233 4805 1386 4857 οὐδέν
1432 4806 1580 4857 ἐστιν
1604 4805 1736 4872 ἀγέ-

165 4910 346 4963 νητον,
390 4891 524 4946 ἀλλά
559 4892 781 4948 διἰαὺτὺ
823 4895 1004 4964 μόνον,
1050 4896 1248 4967 μᾶλλον
1299 4897 1354 4949 δὲ
1389 4898 1448 4949 οὐ
1474 4897 1540 4950 δι’
1569 4897 1731 4950 αὐτόο

166 4985 408 5039 ἀναίτιον
435 4985 546 5056 γὰρ
577 4984 636 5038 τὸ
662 4987 903 5040 ἀναίτιον
931 4988 1065 5059 (17).

239 5235 349 5306 (10)
390 5239 454 5312 ξι
476 5240 514 5312 ῥ
553 5240 967 5312 στερούμενος.
1000 5239 1064 5294 R.
1093 5240 1404 5312 Stephanus
1435 5238 1736 5311 posteriore

165 5307 289 5382 loco
309 5314 365 5382 et
397 5306 729 5382 Sylburgitts'
757 5306 806 5362 εἰ
836 5310 891 5363 δὲ
911 5313 938 5362 6
969 5306 1342 5382 στερούμενος.

207 5375 625 5499 hginilzmlldrtn'.
685 5379 842 5435 Deest
898 5383 951 5434 in
1001 5375 1182 5452 priore
1237 5382 1359 5436 loco
1416 5387 1557 5454 apud
1613 5388 1737 5443 sic-

165 5462 428 5518 pnanum.

240 5517 545 5599 (inﬂuit/1.1"
571 5522 622 5573 εὶ
729 5521 883 5599 τᾫη.
944 5522 1257 5599 Stephanus
1286 5528 1590 5594 posteriore
1611 5529 1734 5584 loco

165 5596 224 5641 et
255 5586 599 5659 HSylhurgius
628 5586 742 5642 ἀλλ’
775 5586 896 5644 ἐπεὶ
943 5586 1065 5658 ὕληζ

390 5659 777 5733 θὺλδυνιιζόν.
818 5661 882 5718 Β.
922 5663 1231 5731 Stephanus
1270 5668 1572 5733 posteriore
1610 5668 1733 5723 loco

167 5739 220 5782 et
247 5728 567 5800 Sylhurgius
597 5730 852 5785 ἀδύνατον
877 5743 930 5787 ct
952 5728 1074 5786 mox
1097 5734 1156 5785 οὐ
1187 5728 1390 5800 γίνεταί
1413 5755 1482 5800 τι.

241 5799 350 5870 (Il)
386 5799 478 5855 Ἐκ
508 5801 630 5866 τοῦ.
663 5801 828 5860 Iidem
858 5804 1056 5859 habent.
1087 5805 1133 5856 εἰ
1169 5799 1230 5858 ὲκ
1255 5805 1368 5871 τοῦ,
1392 5817 1443 5864 ει
1464 5799 1584 5865 mox
1609 5825 1731 5881 pcr-

1842 4629 1897 4676 et
1926 4622 1972 4676 si
1999 4621 2197 4676 oculus
2243 4636 2352 4675 non
2398 4628 2587 4684 esset,
2632 4632 3077 4688 supervacaneus
3127 4623 3274 4671 esset
3322 4605 3429 4671 sol.

1844 4710 1952 4767 Sed
1982 4728 2107 4767 cum
2125 4721 2356 4783 uterque
2379 4721 2603 4782 pr0pter
2633 4718 2929 4780 utrumque
2956 4711 3027 4763 sit
3055 4709 3427 4769 necessarius.

1841 4807 2058 4876 genitus
2093 4805 2342 4879 profecto
2374 4817 2626 4876 uterque.
2677 4804 2813 4858 Nam
2847 4804 2901 4857 id
2930 4803 3077 4873 quod
3120 4803 3426 4872 ingenitum

1839 4908 1944 4964 est,
1979 4900 2186 4956 nullius
2233 4899 2407 4970 gratia
2446 4899 2746 4969 ingenitum
2779 4905 2899 4961 est,
2945 4881 3042 4952 sed
3073 4905 3294 4967 propter
3319 4895 3428 4949 sei-

1839 5010 1999 5064 psum
2039 4993 2326 5056 duntaxat,
2357 5007 2422 5047 ac
2451 4993 2634 5062 potius
2673 5005 2742 5046 ne
2772 4996 2998 5061 propter
3021 4989 3262 5057 seipsum
3296 4987 3424 5057 qui-

1839 5087 1984 5143 dem.
2010 5087 2216 5142 Praeter
2242 5102 2468 5142 causam
2487 5086 2632 5140 enim
2660 5092 2765 5151 est,
2798 5084 2957 5154 cujus
2982 5096 3151 5137 causa
3178 5096 3288 5136 non
3310 5087 3419 5135 est.

1839 5260 1995 5300 verse
2021 5246 2085 5298 ὲκ
2121 5244 2204 5297 τοῦ
2227 5242 2422 5296 λευκοῦ
2472 5246 2552 5307 εἰς
2582 5242 2709 5296 ἄλλο
2750 5259 2823 5304 τι,
2869 5239 2981 5293 ἀλλ’
3005 5219 3085 5302 εἰς
3131 5238 3191 5290 τὸ
3227 5235 3415 5307 μέλαν.

1837 5314 2008 5386 Paulo
2038 5323 2162 5385 post
2201 5316 2383 5386 priore
2420 5315 2542 5368 loco
2573 5314 2772 5384 legitur
2803 5311 3195 5383 μεταὸλήσεται
3227 5317 3281 5361 ει
3314 5324 3419 5377 μη-

1836 5385 1922 5438 δὲν
1955 5386 2172 5438 έγουσα.

1909 5405 2212 5525 (ίῇωὲαόἐ
2242 5497 2253 5508 .
2294 5497 2305 5507 .
2348 5497 2360 5508 .
2394 5455 2511 5508 τῶν
2540 5452 2770 5509 ὑλιχῶν
2813 5456 2851 5522 ἡ
2889 5453 3027 5520 ὕλη.
3062 5447 3187 5503 Hac
3211 5447 3416 5502 dcsuttt

1835 5527 2016 5595 priore
2037 5527 2174 5581 loco.

1909 5597 2018 5667 (16)
2041 5597 2151 5650 Καὶ
2185 5596 2301 5650 τῶν
2334 5597 2542 5649 ὄντων.
2577 5594 2887 5650 Posteriore
2935 5594 3057 5648 loco
3106 5596 3161 5645 et
3203 5589 3257 5643 in
3286 5587 3408 5642 aliis

1834 5667 2168 5722 editionihus
2203 5669 2325 5721 ἐπεὶ
2347 5667 2454 5720 τῶν
2475 5667 2662 5719 ὄντων.

1908 5737 2016 5808 (Π)
2063 5739 2238 5795 Ἀλλὰ
2276 5780 2286 5790 .
2325 5779 2336 5791 .
2375 5780 2387 5791 .
2419 5738 2483 5792 τὸ
2510 5739 2794 5792 ἀναίτιον.
2823 5733 2947 5791 Hinc
2979 5736 3203 5791 deerant
3226 5727 3407 5798 priore

1833 5807 1972 5864 loco.
