4146 6428
743 341 882 394 1465

1500 344 1862 402 ΔΡΡΕΝΒΙΧ.
1898 377 1966 386 -
2000 347 2182 402 PARS
2212 349 2253 403 Ι.
2293 349 2352 405 S.
2386 351 2650 407 JUSTENI
2685 353 2909 407 ΟΡΕΒΑ
2951 353 3224 412 δΡυΒΙΛ.

3854 366 3995 418 “65

809 455 893 507 16.
938 455 991 509 Si
1028 457 1142 512 fieri
1175 475 1286 514 non
1317 470 1531 531 potest,
1564 473 1808 535 tempore
1838 477 2087 525 exstante
2110 511 2126 535 ,
2159 479 2220 524 ut
2250 473 2302 526 id

2479 477 2574 533 ις’.
2617 471 2679 521 El
2709 471 2976 524 ἀδύνατον
3012 473 3208 544 χρόνου
3249 471 3403 537 ὄντος
3431 475 3493 528 τὸ
3519 478 3816 547 γενόμενον
3843 484 3994 549 γενέ-

731 547 875 615 quod
920 551 1178 620 gignitur,
1208 553 1464 623 gignatur
1486 559 1704 627 quidem
1735 563 2034 615 secundum
2059 579 2304 631 causam,

732 654 838 692 non
885 658 1017 696 vero
1051 646 1351 701 secundum
1396 656 1643 719 tempus:
1690 655 1967 721 quomodo
2008 655 2180 710 Graeci
2221 659 2306 712 di-

732 739 899 793 cunt,
942 732 1207 786 mundum
1249 737 1493 803 genitum
1527 753 1649 793 esse
1694 743 1992 797 secundum
2032 760 2254 802 causam
2283 788 2299 812 ,

732 835 840 872 non
864 829 1043 876 autem
1074 825 1374 880 secundum
1403 832 1658 900 tempus?

729 1004 1005 1072 quomodo
1027 1014 1264 1062 aeternus
1286 1017 1372 1065 est
1403 1019 1457 1066 et
1491 1012 1785 1083 ingenitus,
1824 1035 1949 1076 cum
1983 1039 2161 1083 annus
2191 1047 2300 1085 non

731 1098 801 1148 sit
848 1105 1122 1164 aeternus,
1170 1101 1266 1156 sed
1298 1119 1365 1157 ex
1411 1107 1651 1162 circuitu
1680 1112 1890 1168 dierum
1937 1123 2300 1190 complurium

731 1191 984 1244 constet?

800 1282 887 1334 18.
915 1281 972 1337 Si
996 1301 1171 1344 annus
1193 1294 1431 1360 genitus,
1464 1301 1738 1367 quomodo
1760 1304 1996 1375 ingenita
2021 1320 2075 1363 et
2098 1322 2300 1369 aeterna

731 1389 848 1442 quae
876 1376 929 1430 in
962 1395 1105 1436 anno
1123 1385 1289 1440 sunt?

2411 557 2536 612 σθαι
2564 560 2665 628 μὲν
2695 563 2818 614 κατ’
2843 562 3044 626 αἰτίαν,
3075 562 3136 614 οὑ
3161 564 3303 617 κατὰ
3328 566 3522 636 χρόνον
3545 567 3623 632 δὲ,
3650 570 3773 635 πῶς
3801 571 3993 639 λέγου-

2408 666 2493 703 σιν
2521 653 2570 704 οἱ
2619 653 2880 724 Ἕλληνες
2918 655 3008 708 τὸν
3035 657 3240 728 κόσμον
3266 659 3594 729 γεγενῆσθαι
3632 662 3756 715 κατ’
3786 666 3989 730 αἰτίαν,

2404 742 2500 793 καὶ
2524 742 2585 796 οὐ
2614 743 2756 797 κατὰ
2776 738 3009 816 “χρόνον;

2477 957 2580 1021 ιζ’.·
2605 959 2668 1012 El
2698 960 2958 1017 ἀδύνατον
2981 964 3076 1020 τὸν
3098 969 3300 1039 κόσμον
3327 967 3467 1026 εἶναι
3509 976 3680 1046 χωρὶς
3711 980 3990 1046 ἐνιαυτοῦ,

2405 1047 2523 1112 πῶς
2551 1049 2719 1114 ἀΐδιος
2755 1053 2849 1105 καὶ
2875 1055 3141 1126 ἀγένητος
3179 1061 3207 1111 ὁ
3234 1060 3458 1129 κόσμος,
3476 1065 3568 1118 τοῦ
3596 1068 3855 1124 ἐνιαυτοῦ
3891 1074 3990 1124 οὐκ

2404 1135 2558 1235 ὄντος
2585 1141 2781 1207 ἀϊδίου,
2818 1145 2931 1197 ἀλλ’
2969 1148 3034 1200 ὲκ
3059 1149 3157 1219 τῆς
3183 1152 3434 1222 περιόδου
3473 1157 3735 1214 πλειόνων
3761 1163 3990 1235 ἡμερῶν

2403 1228 2465 1280 τὸ
2491 1227 2635 1285 εἶναι
2660 1232 2879 1303 ἔχοντος
2899 1254 2914 1302 ;

2474 1332 2564 1394 ιη’.
2584 1326 2649 1378 Εἰ
2672 1330 2948 1400 γενητδςδ
2981 1334 3385 1403 ὲνιαυτὸς,πῶς
3421 1341 3663 1412 ἀγένητα
3704 1347 3802 1399 καὶ
3840 1347 3988 1403 ἀΐδια

2401 1415 2468 1468 τὰ
2494 1418 2554 1469 ὲν
2584 1418 2661 1488 τῷ
2685 1421 2955 1494 ὲνιαυτῷ;

739 1555 3981 1641 Nam

1612 1737 1622 1744 '
1713 1720 2313 1814 ΕΡΩΤΗΣΕΙΣ
2387 1733 3000 1826 ΕΛΛΗΝΙΚΑΙ

1886 1901 2065 1954 ΠΡυΣ
2091 1903 2268 1959 ΤΟΥΣ
2297 1908 2756 1967 ΧΡΙΣΤΙΑΝΟΥΣ

1087 2042 1224 2108 Περὶ
1252 2043 1360 2097 τοῦ
1391 2045 1728 2115 ἀσωμάτου,
1755 2052 1853 2106 καὶ
1883 2056 2013 2122 περὶ
2042 2059 2148 2111 τοῦ
2181 2062 2329 2115 Θεοῦ
2353 2064 2453 2116 καὶ
2483 2069 2617 2134 περὶ
2647 2068 2760 2137 τῆς
2785 2072 3175 2143 ἀναστάσεως
3207 2078 3325 2134 τῶν
3353 2086 3596 2152 νεκρῶν.

1683 2300 2478 2406 ΩΗλἘΞΤΙΟΝΕΒ
2547 2319 3002 2412 (ἔΒίΕΕιλΕ

2053 2498 2147 2552 AD
2176 2499 2637 2564 CHRISTIANOS

1315 2641 1406 2701 De
1433 2645 1833 2727 incorporeo,
1872 2662 1931 2713 et
1962 2653 2038 2714 de
2067 2657 2219 2730 Deo,
2256 2669 2313 2719 et
2344 2661 2417 2722 de
2448 2665 2932 2730 Resurrectione
2960 2681 3376 2735 mortuorum.

799 2894 1036 3004 Lcllnde
1071 2914 1286 2962 constat
1324 2926 1393 2966 an
1431 2915 1641 2986 aliquid
1676 2921 1748 2975 sit
1783 2923 2195 2995 incorporeum,
2238 2942 2293 2987 et

2468 2941 2536 2988 a'.
2575 2935 2748 2988 Πόθεν
2789 2936 2947 3008 δῆλον
2985 2939 3034 2991 εἰ
3062 2935 3178 2991 ἔστι
3203 2955 3256 2991 τι
3280 2935 3593 3009 ἀσώματον,
3618 2938 3716 2991 καὶ
3749 2940 3801 2992 εἰ
3828 2938 3991 2992 ἔστιν

721 3003 788 3041 an
820 2992 891 3043 sit
914 2993 1333 3064 incorporeum?

791 3081 844 3136 2.
887 3082 1042 3141 Unde
1087 3100 1332 3161 constat,
1391 3098 1570 3167 ipsum
1616 3102 1673 3157 in
1728 3107 1914 3177 seipso
1968 3124 2094 3166 esse
2134 3128 2296 3182 posse

720 3183 871 3229 extra
904 3191 1136 3250 corpus,
1169 3192 1225 3238 et
1250 3201 1382 3242 num
1411 3190 1482 3244 sit
1511 3193 1690 3263 ipsum
1718 3198 1775 3252 in
1817 3201 2002 3270 seipso
2037 3203 2297 3276 incorpo-

720 3281 874 3324 reum
891 3272 916 3325 ?

790 3360 844 3420 3.
888 3363 1043 3423 Unde
1065 3378 1213 3440 patet
1239 3389 1309 3429 an
1337 3391 1568 3448 corpore
1596 3380 1884 3448 pulchrius
1925 3386 2000 3442 sit
2041 3388 2299 3462 incorpo-

720 3468 872 3509 reum
895 3499 910 3524 ,
945 3465 999 3514 et
1027 3476 1096 3516 an
1126 3478 1356 3536 corpore
1379 3483 1489 3523 non
1521 3470 1807 3539 pulchrius
1835 3474 2261 3550 incorporeum?

789 3641 842 3696 4.
889 3641 1029 3709 Quid
1079 3653 1166 3702 est
1205 3647 1631 3719 incorporeum:
1681 3663 1940 3712 utrumne
1971 3659 2192 3728 anima,
2223 3677 2293 3717 an

718 3734 916 3790 melius
950 3736 1153 3801 anima,
1184 3741 1355 3795 veluti
1384 3740 1566 3798 Deus?
1632 3792 1638 3798 .

787 3829 842 3884 5.
879 3827 997 3896 Qua
1024 3846 1084 3885 re
1113 3831 1296 3888 diﬂ‘ert
1327 3836 1512 3890 anima
1544 3853 1575 3892 a
1613 3836 1768 3894 Deo?

787 3923 843 3979 6.
877 3923 945 3977 Et
965 3923 1111 3979 unde
1128 3926 1301 3997 liquet
1316 3942 1387 3983 an
1412 3945 1641 4000 prorsus
1669 3911 1742 3989 sit
1760 3933 1905 3990 Deus
1919 3937 1948 3992 ?

791 4013 842 4068 7.
875 4014 952 4070 Ac
977 4016 1026 4070 si
1058 4015 1210 4074 Deus
1237 4028 1358 4085 est,
1391 4024 1744 4091 querendum
1780 4043 1910 4081 num
1941 4026 2107 4084 faciat
2146 4031 2293 4088 fece-

716 4107 855 4161 ritve
885 4108 1201 4178 aliquando,
1215 4110 1547 4170 Tacturusve
1569 4117 1642 4171 sit
1663 4118 1946 4188 quidpiam
1966 4122 2297 4192 aliquando?

787 4199 843 4254 8.
874 4199 939 4255 Et
958 4216 1029 4256 an
1049 4201 1262 4268 fecerit,
1291 4203 1544 4272 faciatve,
1569 4206 1885 4266 factumve
1905 4212 2012 4266 sit?

2399 3026 2689 3096 ἀσώματον
2710 3045 2725 3094 ;

2469 3120 2537 3190 β’.
2579 3121 2751 3174 Πόθεν
2772 3122 2953 3192 δῆλον,
2978 3123 3062 3176 ὅτι
3087 3122 3221 3177 αὺτδ
3247 3123 3334 3191 ἐφ’
3361 3121 3559 3175 ἑαυτοῦ
3585 3121 3812 3175 δύναται
3837 3117 3988 3176 εἶναι

2397 3213 2554 3278 ἐκτὸς
2596 3212 2881 3284 σώματος,
2924 3214 3020 3268 καὶ
3067 3216 3116 3268 εί
3143 3213 3293 3268 ἐστιν
3327 3214 3461 3269 αὐτὸ
3484 3215 3570 3284 ἐφ’
3596 3213 3791 3268 ἑαυτοῦ
3828 3216 3988 3268 ἀσώ-

2398 3324 2567 3377 ματον
2585 3323 2601 3372 ;

2465 3405 2535 3468 γ’.
2577 3397 2748 3453 Πόθεν
2774 3399 2932 3470 δῆλον
2968 3401 3019 3452 εἰ
3055 3398 3171 3452 ἐστι
3207 3398 3424 3453 κάλλιον
3464 3398 3525 3452 τὺ
3562 3397 3857 3468 ἀσώματον
3881 3399 3990 3452 τοῦ

2397 3489 2668 3562 σώματος,
2711 3491 2810 3546 καὶ
2854 3493 2904 3544 εἰ
2942 3492 3005 3544 οὐ
3043 3490 3262 3546 κάλλιον
3297 3492 3359 3544 τδ
3395 3492 3684 3563 ἀσώματον
3728 3490 3826 3544 τοῦ
3871 3491 3990 3544 σῶ-

2397 3597 2567 3650 ματος
2584 3597 2600 3646 ;

2464 3670 2526 3724 δ’.
2569 3671 2636 3725 Τί
2660 3673 2777 3726 ἐστι
2803 3672 2865 3725 τὸ
2887 3670 3212 3742 ἀσώματονο
3253 3673 3486 3744 πότερον
3519 3671 3688 3742 ψυχὴ,
3731 3668 3766 3739 ἢ
3793 3672 3986 3743 κρεῖτ-

2395 3779 2486 3815 τον
2510 3763 2711 3832 ψυχῆς,
2741 3756 2853 3815 οἷον
2874 3761 3044 3827 Θεός;

2465 3857 2529 3902 ε’.
2546 3883 2552 3894 ι
2569 3851 2682 3905 Kal
2705 3851 2810 3904 τίνι
2835 3851 3089 3922 διαφέρει
3113 3850 3260 3922 ψυχὴ
3288 3851 3459 3917 Θεοδῖ

2467 3951 2540 4008 ς’.
2582 3943 2694 3996 Kal
2722 3943 2884 3996 πόθεν
2906 3943 3064 4014 δῆλον
3088 3945 3138 3996 ει
3161 3943 3299 4007 ὅλως
3330 3944 3450 3997 ἐστὶ
3475 3943 3644 4007 Θεὸς;

2463 4032 2528 4097 ζ’.
2566 4033 2681 4086 Kal.
2716 4036 2766 4087 εί
2803 4033 2920 4086 ἐστι
2961 4032 3129 4099 Θεὸς,
3177 4020 3439 4103 ζήτητέον
3477 4032 3587 4086 εἴτε
3630 4036 3809 4098 ποιεῖ,
3865 4034 3978 4088 εἴτε

2394 4124 2618 4196 ἐποίησέ
2645 4143 2775 4178 ποτε
2792 4165 2809 4190 ,
2838 4125 2950 4179 εἴτε
2975 4126 3073 4179 καὶ
3101 4125 3288 4194 μέλλει
3311 4127 3484 4178 ποιεῖν
3507 4125 3567 4178 τὸ
3602 4126 3631 4178 ὅ
3656 4123 3708 4177 τί
3732 4141 3865 4178 ποτε
3886 4142 3903 4188 ;

2463 4224 2534 4288 η’.
2574 4219 2687 4271 Kal
2724 4217 2836 4271 εἴτε
2860 4217 3138 4288 εποίησεν,
3165 4216 3278 4270 εἴτε
3303 4220 3480 4281 ποιεῖ,
3511 4215 3620 4270 εἴτε
3646 4218 3902 4287 ποιήσει;

787 4292 843 4348 9.
874 4292 941 4349 Et
967 4295 1103 4365 quid
1125 4294 1314 4364 faciat,
1342 4306 1400 4353 et
1430 4301 1704 4369 quomodo
1736 4300 1898 4357 faciat
1924 4345 1941 4370 ,
1973 4319 2072 4359 sua
2096 4306 2288 4360 volun-

2463 4309 2528 4363 θ’.
2565 4311 2677 4365 Kal
2703 4310 2756 4364 τί
2781 4314 2956 4377 ποιεῖ,
2983 4311 3081 4365 καὶ
3106 4311 3222 4375 πῶς
3246 4313 3423 4376 ποιεῖ,
3451 4311 3564 4364 εἴτε
3588 4311 3726 4382 μετὰ
3751 4311 3972 4384 βουλῆς,

716 4392 852 4449 tate,
876 4400 944 4440 an
967 4395 1163 4456 praeter
1183 4389 1558 4447 voluntatem?

786 4475 953 4548 536
985 4478 1074 4533 i0.
1110 4478 1178 4533 Et
1211 4481 1258 4536 si
1281 4490 1474 4552 suapte
1507 4485 1824 4552 voluntate,
1854 4487 2292 4545 iustrumentone

716 4585 850 4625 usus
867 4609 882 4633 ,
907 4585 978 4624 an
1006 4568 1216 4641 absque
1240 4572 1655 4630 instrumento?

791 4661 880 4715 11.
914 4660 982 4715 Et
1015 4663 1060 4717 si
1091 4671 1290 4732 prater
1320 4665 1675 4733 voluntatem,
1700 4676 1885 4724 utrum
1905 4670 2070 4725 etiam
2095 4681 2294 4742 praeter

718 4755 985 4808 rationem
1021 4753 1153 4810 facit
1181 4756 1302 4811 sine
1336 4758 1669 4828 cogitatione
1695 4768 1752 4814 et
1777 4761 2190 4833 deliberatione,
2219 4781 2290 4820 an

718 4861 843 4900 cum
874 4846 1058 4917 aliqua
1087 4847 1282 4914 iudicii
1311 4851 1791 4906 consideratione?

790 4937 877 4993 12.
909 4937 976 4992 Et
1021 4940 1067 4994 si
1117 4955 1242 4995 cum
1275 4927 1748 5014 consideratione,
1789 4962 1896 5016 qua
1938 4963 1998 5003 re
2038 4948 2291 5018 indigens

717 5028 1163 5086 consideratione
1199 5046 1339 5102 opus
1371 5033 1577 5089 habet?
1611 5033 1706 5090 Sin
1739 5037 1944 5107 absque
1975 5039 2291 5094 considera-

714 5123 882 5184 tione,
911 5136 1146 5189 quanain
1172 5127 1386 5179 ratione
1409 5125 1866 5197 investigandum.

787 5211 874 5268 l5.
908 5210 975 5264 Et
1005 5212 1053 5266 si
1086 5211 1281 5268 demus
1321 5213 1437 5268 fieri
1467 5217 1764 5287 quidquam
1806 5219 1877 5273 ah
1914 5233 2016 5284 eo,
2057 5235 2188 5275 num
2231 5221 2286 5277 id
2316 5210 2364 5267 1)

714 5304 859 5373 quod
881 5302 960 5369 fit,
997 5305 1411 5375 incorruptibile
1443 5322 1513 5362 an
1541 5311 1946 5380 corruptibile?
1977 5310 2054 5364 Ae
2087 5313 2131 5366 si
2165 5312 2288 5382 qui-

714 5394 836 5449 dem
867 5396 1319 5467 incorruptibile,
1349 5399 1663 5456 dubitamus
1691 5417 1761 5456 an
1789 5403 1934 5472 quod
1955 5404 2178 5458 omnino
2206 5405 2288 5458 fa-

2394 4401 2503 4456 εἴτε
2534 4403 2630 4456 καὶ
2659 4403 2789 4457 ἄνευ
2819 4404 3042 4477 βουλῆς;

2467 4498 2518 4543 ι’.
2564 4491 2675 4546 Kal
2709 4495 2758 4546 εί
2798 4495 2936 4565 μετὰ
2973 4495 3167 4565 βουλῆς
3187 4536 3202 4556 ,
3242 4495 3459 4567 ὀργάνῳ
3497 4494 3836 4568 κεχρημένος
3854 4533 3872 4560 ,
3927 4489 3965 4562 ἢ

2392 4583 2520 4636 ἄνευ
2547 4585 2776 4655 ὀργάνου
2797 4603 2812 4651 ;

2466 4683 2554 4729 ια’.
2605 4677 2717 4730 Kal
2761 4680 2810 4731 εἰ
2845 4677 2976 4732 ἄνευ
3029 4675 3270 4750 βουλῆς,’
3296 4680 3525 4750 πότερον
3568 4677 3778 4746 ἀλόγως
3826 4679 3966 4731 ποιεῖ

2391 4768 2520 4821 ἄνευ
2545 4767 2782 4832 διανοίας
2814 4769 2910 4822 καὶ
2936 4771 3278 4840 ἐπισκέψεως
3295 4810 3310 4835 ,
3336 4769 3371 4840 ἢ
3402 4769 3542 4840 μετὰ
3575 4785 3720 4832 τινος
3744 4768 3959 4839 ἐπικρί-

2392 4876 2565 4924 σεωςὲ

2461 4950 2550 5003 ιϐ’.
2580 4950 2692 5004 Kal
2719 4953 2766 5004 ei
2799 4950 2936 5021 μετὰ
2964 4951 3295 5023 ἐπικρίσεως
3315 4991 3330 5014 ,
3361 4950 3508 5014 τῖνος
3548 4948 3726 5021 ἐνδείᾳ
3753 4953 3961 5020 ἐπικρί-

2390 5059 2526 5107 σεως
2549 5043 2719 5097 δεῖται
2745 5062 2760 5111 ;
2785 5045 2835 5096 εί
2862 5043 2920 5096 δὲ
2946 5043 3185 5114 ἀκρίτως
3204 5083 3220 5107 ,
3253 5043 3395 5114 ποίῳ
3420 5043 3498 5114 τῷ
3520 5043 3666 5113 λόγῳ
3687 5042 3960 5115 διερευνη-

2387 5133 2527 5187 τέον.

2462 5231 2557 5292 ιγ’.
2592 5223 2705 5278 Kal
2729 5225 2779 5277 εἰ
2807 5223 3030 5295 δοίημεν
3053 5225 3300 5294 γίνεσθαί
3337 5245 3390 5279 τι
3416 5225 3546 5297 παρ’
3570 5224 3759 5290 αὐτοῦ,
3799 5225 3956 5276 ποτε·

2389 5332 2482 5387 ρον
2517 5317 2580 5369 τὸ
2617 5315 2900 5387 γινόμενον
2936 5315 3215 5389 ἄφθαρτον
3251 5317 3285 5388 ἢ
3315 5317 3587 5389 φθαρτόνς
3638 5317 3735 5369 καὶ
3772 5318 3822 5367 εί
3861 5315 3959 5385 μὲν

2387 5408 2656 5480 φθαρτὸν,
2698 5408 3010 5480 ἀποροῦμεν
3050 5412 3096 5463 εἰ
3139 5409 3200 5462 τὸ
3238 5409 3373 5474 ὅλως
3410 5409 3636 5480 γενητὸν
3683 5407 3956 5478 ἄφθαρτον

713 5495 863 5540 ctum
898 5489 990 5552 sit,
1027 5489 1442 5562 incorruptibile
1464 5507 1586 5548 esse
1614 5495 1809 5564 possit,
1833 5503 1887 5549 et
1911 5509 2018 5565 qua
2045 5496 2290 5551 ratione?

2397 5501 2606 5556 δύναται
2621 5499 2779 5567 εἶναι,
2798 5503 2893 5556 καὶ
2908 5503 3046 5574 ποίῳ
3067 5503 3144 5574 τῷ
3170 5503 3348 5574 λόγως
3380 5502 3492 5556 Kal
3516 5504 3564 5555 εἰ
3591 5501 3890 5572 φθείρεται,
3907 5499 3957 5552 τί

717 5578 853 5635 Etsi
883 5580 1095 5648 interit,
1130 5599 1238 5653 qua
1283 5600 1344 5641 re
1380 5584 1639 5642 diﬂ'erunt
1672 5587 1995 5645 immortalis
2019 5603 2186 5658 opera
2216 5589 2286 5644 ab

2397 5592 2630 5668 διαφέρει
2657 5595 2724 5649 τὰ
2749 5595 2844 5648 τοῦ
2868 5595 3134 5650 ἀθανάτου
3160 5597 3298 5669 ἔργα
3320 5595 3428 5649 τῶν
3450 5592 3954 5666 ἀνθρωπίνων(18);

697 5717 1360 5808 ί-ὃὶρἉνθρωπιν-ων.
1394 5725 1559 5784 Deest
1585 5729 1676 5782 καὶ
1706 5725 1829 5798 γάρ,
1845 5738 1936 5784 aut
1994 5730 2198 5801 aliquid
2245 5731 2302 5788 si]

2397 5748 2442 5788 ο.
2490 5732 2658 5790 Paulo
2709 5743 2835 5792 ante
2893 5736 2996 5807 leg.
3030 5738 3122 5790 καὶ
3172 5738 3220 5790 εἰ
3258 5737 3356 5806 μὲν
3410 5736 3683 5808 ἄφθαρτον
3713 5776 3725 5787 .
3759 5776 3771 5787 .
3813 5777 3827 5788 .
3865 5735 3958 5788 καὶ

713 5790 849 5859 ποίῳ
876 5787 1038 5864 λόγῳ.
