  <div class='ocr_page' id='page_1' title='image "/cluster/home/n/w/nwhite01/storage/ocr_20150623/6/pst.000005711826/748.png"; bbox 0 0 4146 6426; ppageno 0'>
   <div class='ocr_carea' id='block_1_1' title="bbox 211 389 353 444">
    <p class='ocr_par' dir='ltr' id='par_1_1' title="bbox 211 389 353 444">
     <span class='ocr_line' id='line_1_1' title="bbox 211 389 353 444; baseline 0.007 -2"><span class='ocrx_word' id='word_1_1' title='bbox 211 389 353 444; x_wconf 75' lang='grc'><strong>1455</strong></span> 
     </span>
    </p>
   </div>
   <div class='ocr_carea' id='block_1_2' title="bbox 1060 383 1890 451">
    <p class='ocr_par' dir='ltr' id='par_1_2' title="bbox 1060 383 1890 451">
     <span class='ocr_line' id='line_1_2' title="bbox 1060 383 1890 451; baseline 0.006 -12"><span class='ocrx_word' id='word_1_2' title='bbox 1060 383 1525 451; x_wconf 73' lang='grc' dir='ltr'><strong>ΟΗᾹΞΞΤΙΟΝΕΞ</strong></span> <span class='ocrx_word' id='word_1_3' title='bbox 1603 387 1890 444; x_wconf 70' lang='lat' dir='ltr'><strong>GR/ECAS</strong></span> 
     </span>
    </p>
   </div>
   <div class='ocr_carea' id='block_1_3' title="bbox 1963 379 3468 438">
    <p class='ocr_par' dir='ltr' id='par_1_3' title="bbox 1963 379 3468 438">
     <span class='ocr_line' id='line_1_3' title="bbox 1963 379 3468 438; baseline 0 -1"><span class='ocrx_word' id='word_1_4' title='bbox 1963 386 2054 438; x_wconf 86' lang='lat' dir='ltr'><strong>AD</strong></span> <span class='ocrx_word' id='word_1_5' title='bbox 2128 379 2611 436; x_wconf 67' lang='lat' dir='ltr'><strong>CHRISTIANOS.</strong></span> <span class='ocrx_word' id='word_1_6' title='bbox 3329 383 3468 438; x_wconf 62' lang='grc'><strong>1466</strong></span> 
     </span>
    </p>
   </div>
   <div class='ocr_carea' id='block_1_4' title="bbox 211 465 1811 573">
    <p class='ocr_par' dir='ltr' id='par_1_4' title="bbox 211 501 1793 573">
     <span class='ocr_line' id='line_1_4' title="bbox 211 501 1793 573; baseline -0.002 -17"><span class='ocrx_word' id='word_1_7' title='bbox 211 502 652 556; x_wconf 74' lang='grc' dir='ltr'>πολλαπλασίονα</span> <span class='ocrx_word' id='word_1_8' title='bbox 687 503 878 573; x_wconf 85' lang='grc' dir='ltr'>χρόνον</span> <span class='ocrx_word' id='word_1_9' title='bbox 919 501 1177 565; x_wconf 84' lang='grc' dir='ltr'><strong>πολλάκις</strong></span> <span class='ocrx_word' id='word_1_10' title='bbox 1216 504 1387 558; x_wconf 89' lang='grc' dir='ltr'>πολλά</span> <span class='ocrx_word' id='word_1_11' title='bbox 1436 504 1640 556; x_wconf 87' lang='grc' dir='ltr'>τούτων</span> <span class='ocrx_word' id='word_1_12' title='bbox 1679 503 1793 554; x_wconf 86' lang='grc' dir='ltr'>δια-</span> 
     </span>
    </p>
   </div>
   <div class='ocr_carea' id='block_1_5' title="bbox 1911 465 3470 573">
    <p class='ocr_par' dir='ltr' id='par_1_5' title="bbox 1911 497 3470 569">
     <span class='ocr_line' id='line_1_5' title="bbox 1911 497 3470 569; baseline -0.001 -14"><span class='ocrx_word' id='word_1_13' title='bbox 1911 505 2188 559; x_wconf 78' lang='lat' dir='ltr'><strong>iumanis?</strong></span> <span class='ocrx_word' id='word_1_14' title='bbox 2217 518 2343 557; x_wconf 88' lang='lat' dir='ltr'><strong>nam</strong></span> <span class='ocrx_word' id='word_1_15' title='bbox 2379 503 2572 555; x_wconf 91' lang='lat' dir='ltr'><strong>horum</strong></span> <span class='ocrx_word' id='word_1_16' title='bbox 2615 498 2848 568; x_wconf 85' lang='lat' dir='ltr'><strong>plurima</strong></span> <span class='ocrx_word' id='word_1_17' title='bbox 2900 512 3044 567; x_wconf 71' lang='lat' dir='ltr'><strong>saepe</strong></span> <span class='ocrx_word' id='word_1_18' title='bbox 3089 497 3157 552; x_wconf 90' lang='lat' dir='ltr'><strong>ad</strong></span> <span class='ocrx_word' id='word_1_19' title='bbox 3205 499 3470 569; x_wconf 87' lang='lat' dir='ltr'><strong>multipli-</strong></span> 
     </span>
    </p>
   </div>
   <div class='ocr_carea' id='block_1_6' title="bbox 215 584 1811 667">
    <p class='ocr_par' dir='ltr' id='par_1_6' title="bbox 215 592 1788 666">
     <span class='ocr_line' id='line_1_6' title="bbox 215 592 1788 666; baseline 0 -22"><span class='ocrx_word' id='word_1_20' title='bbox 215 595 368 663; x_wconf 81' lang='grc' dir='ltr'>μένει</span> <span class='ocrx_word' id='word_1_21' title='bbox 444 593 538 646; x_wconf 80' lang='grc' dir='ltr'><strong>τοῦ</strong></span> <span class='ocrx_word' id='word_1_22' title='bbox 606 595 928 662; x_wconf 88' lang='grc' dir='ltr'>ποιήσαντος</span> <span class='ocrx_word' id='word_1_23' title='bbox 1003 593 1170 646; x_wconf 79' lang='grc' dir='ltr'>αὑτοῦ</span> <span class='ocrx_word' id='word_1_24' title='bbox 1244 594 1587 666; x_wconf 74' lang='grc' dir='ltr'><strong>φθαρέντος,</strong></span> <span class='ocrx_word' id='word_1_25' title='bbox 1648 592 1788 646; x_wconf 79' lang='grc' dir='ltr'><strong>αὑτά</strong></span> 
     </span>
    </p>
   </div>
   <div class='ocr_carea' id='block_1_7' title="bbox 1911 584 3470 667">
    <p class='ocr_par' dir='ltr' id='par_1_7' title="bbox 1911 584 3470 667">
     <span class='ocr_line' id='line_1_7' title="bbox 1911 584 3470 667; baseline -0.006 -15"><span class='ocrx_word' id='word_1_26' title='bbox 1911 608 2014 652; x_wconf 83' lang='lat' dir='ltr'><strong>:ata</strong></span> <span class='ocrx_word' id='word_1_27' title='bbox 2035 608 2303 667; x_wconf 89' lang='lat' dir='ltr'><strong>tempora,</strong></span> <span class='ocrx_word' id='word_1_28' title='bbox 2332 611 2396 650; x_wconf 86' lang='lat' dir='ltr'><strong>eo</strong></span> <span class='ocrx_word' id='word_1_29' title='bbox 2424 609 2454 648; x_wconf 86' lang='lat' dir='ltr'><strong>a</strong></span> <span class='ocrx_word' id='word_1_30' title='bbox 2481 609 2598 665; x_wconf 87' lang='lat' dir='ltr'><strong>quo</strong></span> <span class='ocrx_word' id='word_1_31' title='bbox 2623 593 2764 646; x_wconf 84' lang='lat' dir='ltr'><strong>facta</strong></span> <span class='ocrx_word' id='word_1_32' title='bbox 2792 601 2921 646; x_wconf 91' lang='lat' dir='ltr'><strong>sunt</strong></span> <span class='ocrx_word' id='word_1_33' title='bbox 2944 597 3224 660; x_wconf 90' lang='lat' dir='ltr'><strong>corrupto,</strong></span> <span class='ocrx_word' id='word_1_34' title='bbox 3258 584 3470 659; x_wconf 70' lang='lat' dir='ltr'><strong>perina-</strong></span> 
     </span>
    </p>
   </div>
   <div class='ocr_carea' id='block_1_8' title="bbox 211 675 1786 756">
    <p class='ocr_par' dir='ltr' id='par_1_8' title="bbox 211 675 1786 756">
     <span class='ocr_line' id='line_1_8' title="bbox 211 675 1786 756; baseline -0.001 -19"><span class='ocrx_word' id='word_1_35' title='bbox 211 684 470 756; x_wconf 80' lang='grc' dir='ltr'><strong>ἄφθαρτα</strong></span> <span class='ocrx_word' id='word_1_36' title='bbox 487 724 502 749; x_wconf 95' lang='grc'><strong>,</strong></span> <span class='ocrx_word' id='word_1_37' title='bbox 531 683 596 755; x_wconf 70' lang='grc' dir='ltr'>ἦν</span> <span class='ocrx_word' id='word_1_38' title='bbox 623 683 759 745; x_wconf 80' lang='grc' dir='ltr'>τέως</span> <span class='ocrx_word' id='word_1_39' title='bbox 785 683 859 745; x_wconf 69' lang='grc' dir='ltr'>οὓς</span> <span class='ocrx_word' id='word_1_40' title='bbox 874 685 962 737; x_wconf 86' lang='grc' dir='ltr'>ἐπ’</span> <span class='ocrx_word' id='word_1_41' title='bbox 975 675 1348 754; x_wconf 78' lang='grc' dir='ltr'>οἰκοδόμων...</span> <span class='ocrx_word' id='word_1_42' title='bbox 1374 684 1629 739; x_wconf 78' lang='grc' dir='ltr'><strong>τοιούτων</strong></span> <span class='ocrx_word' id='word_1_43' title='bbox 1656 683 1786 755; x_wconf 92' lang='grc'><strong>(19).</strong></span> 
     </span>
    </p>
   </div>
   <div class='ocr_carea' id='block_1_9' title="bbox 293 830 1790 929">
    <p class='ocr_par' dir='ltr' id='par_1_9' title="bbox 293 830 1790 929">
     <span class='ocr_line' id='line_1_9' title="bbox 293 830 1790 929; baseline -0.001 -17"><span class='ocrx_word' id='word_1_44' title='bbox 293 861 370 912; x_wconf 87' lang='grc' dir='ltr'>ιδ’.</span> <span class='ocrx_word' id='word_1_45' title='bbox 398 859 511 913; x_wconf 70' lang='grc' dir='ltr'><strong>Καὶ</strong></span> <span class='ocrx_word' id='word_1_46' title='bbox 546 860 593 912; x_wconf 87' lang='grc' dir='ltr'><strong>εί</strong></span> <span class='ocrx_word' id='word_1_47' title='bbox 621 858 903 929; x_wconf 80' lang='grc' dir='ltr'><strong>φθείρεται</strong></span> <span class='ocrx_word' id='word_1_48' title='bbox 927 859 987 912; x_wconf 81' lang='grc' dir='ltr'>τὸ</span> <span class='ocrx_word' id='word_1_49' title='bbox 1011 859 1296 929; x_wconf 83' lang='grc' dir='ltr'>γινόμενον</span> <span class='ocrx_word' id='word_1_50' title='bbox 1332 830 1487 927; x_wconf 82' lang='grc' dir='ltr'><strong>παρά</strong></span> <span class='ocrx_word' id='word_1_51' title='bbox 1512 858 1605 912; x_wconf 79' lang='grc' dir='ltr'>τοῦ</span> <span class='ocrx_word' id='word_1_52' title='bbox 1632 859 1790 922; x_wconf 79' lang='grc' dir='ltr'>Θεοῦ,</span> 
     </span>
    </p>
   </div>
   <div class='ocr_carea' id='block_1_10' title="bbox 215 1039 1797 1112">
    <p class='ocr_par' dir='ltr' id='par_1_10' title="bbox 215 1039 1797 1112">
     <span class='ocr_line' id='line_1_10' title="bbox 215 1039 1797 1112; baseline -0.003 -16"><span class='ocrx_word' id='word_1_53' title='bbox 215 1045 369 1104; x_wconf 55' lang='grc' dir='ltr'>νότθς</span> <span class='ocrx_word' id='word_1_54' title='bbox 391 1083 402 1105; x_wconf 93' lang='grc'><strong>,</strong></span> <span class='ocrx_word' id='word_1_55' title='bbox 432 1043 465 1112; x_wconf 78' lang='grc' dir='ltr'>ἦ</span> <span class='ocrx_word' id='word_1_56' title='bbox 491 1059 634 1106; x_wconf 88' lang='grc' dir='ltr'>τινος</span> <span class='ocrx_word' id='word_1_57' title='bbox 659 1041 856 1104; x_wconf 81' lang='grc' dir='ltr'>ἔξωθεν</span> <span class='ocrx_word' id='word_1_58' title='bbox 883 1040 1202 1093; x_wconf 84' lang='grc' dir='ltr'>ὑπεναντίου</span> <span class='ocrx_word' id='word_1_59' title='bbox 1229 1041 1512 1111; x_wconf 79' lang='grc' dir='ltr'>γινομένου</span> <span class='ocrx_word' id='word_1_60' title='bbox 1537 1039 1614 1111; x_wconf 87' lang='grc' dir='ltr'><strong>τῷ</strong></span> <span class='ocrx_word' id='word_1_61' title='bbox 1640 1042 1797 1111; x_wconf 88' lang='grc' dir='ltr'>ποιή-</span> 
     </span>
    </p>
   </div>
   <div class='ocr_carea' id='block_1_11' title="bbox 220 1131 1797 1203">
    <p class='ocr_par' dir='ltr' id='par_1_11' title="bbox 220 1131 1797 1203">
     <span class='ocr_line' id='line_1_11' title="bbox 220 1131 1797 1203; baseline -0.003 -14"><span class='ocrx_word' id='word_1_62' title='bbox 220 1152 412 1200; x_wconf 90' lang='grc' dir='ltr'>σαντι;</span> <span class='ocrx_word' id='word_1_63' title='bbox 445 1136 512 1188; x_wconf 85' lang='grc' dir='ltr'>Ὅ</span> <span class='ocrx_word' id='word_1_64' title='bbox 561 1151 612 1186; x_wconf 89' lang='grc' dir='ltr'><strong>τι</strong></span> <span class='ocrx_word' id='word_1_65' title='bbox 647 1133 693 1184; x_wconf 88' lang='grc' dir='ltr'>δ’</span> <span class='ocrx_word' id='word_1_66' title='bbox 733 1132 801 1186; x_wconf 82' lang='grc' dir='ltr'>ἃν</span> <span class='ocrx_word' id='word_1_67' title='bbox 841 1131 1022 1186; x_wconf 82' lang='grc' dir='ltr'>αὐτῶν</span> <span class='ocrx_word' id='word_1_68' title='bbox 1071 1131 1436 1202; x_wconf 85' lang='grc' dir='ltr'>ὑποθώμεθα,</span> <span class='ocrx_word' id='word_1_69' title='bbox 1488 1133 1666 1203; x_wconf 82' lang='grc' dir='ltr'>δῆλον,</span> <span class='ocrx_word' id='word_1_70' title='bbox 1715 1137 1797 1187; x_wconf 86' lang='grc' dir='ltr'><strong>ὃτι</strong></span> 
     </span>
    </p>
   </div>
   <div class='ocr_carea' id='block_1_12' title="bbox 216 1224 1802 1297">
    <p class='ocr_par' dir='ltr' id='par_1_12' title="bbox 216 1224 1802 1297">
     <span class='ocr_line' id='line_1_12' title="bbox 216 1224 1802 1297; baseline -0.001 -16"><span class='ocrx_word' id='word_1_71' title='bbox 216 1227 314 1281; x_wconf 79' lang='grc' dir='ltr'><strong>τοῦ</strong></span> <span class='ocrx_word' id='word_1_72' title='bbox 355 1227 682 1297; x_wconf 83' lang='grc' dir='ltr'>ποιήσαντος</span> <span class='ocrx_word' id='word_1_73' title='bbox 728 1227 762 1296; x_wconf 81' lang='grc' dir='ltr'>ἡ</span> <span class='ocrx_word' id='word_1_74' title='bbox 791 1225 982 1278; x_wconf 84' lang='grc' dir='ltr'>κακία.</span> <span class='ocrx_word' id='word_1_75' title='bbox 1031 1224 1157 1277; x_wconf 76' lang='grc' dir='ltr'>Εἴτε</span> <span class='ocrx_word' id='word_1_76' title='bbox 1205 1226 1315 1296; x_wconf 85' lang='grc' dir='ltr'><strong>γὰρ</strong></span> <span class='ocrx_word' id='word_1_77' title='bbox 1355 1225 1415 1278; x_wconf 87' lang='grc' dir='ltr'><strong>τὸ</strong></span> <span class='ocrx_word' id='word_1_78' title='bbox 1451 1228 1675 1294; x_wconf 86' lang='grc' dir='ltr'>γεγονὸς</span> <span class='ocrx_word' id='word_1_79' title='bbox 1713 1228 1802 1280; x_wconf 87' lang='grc' dir='ltr'><strong>διά</strong></span> 
     </span>
    </p>
   </div>
   <div class='ocr_carea' id='block_1_13' title="bbox 215 1318 1802 1392">
    <p class='ocr_par' dir='ltr' id='par_1_13' title="bbox 215 1318 1802 1392">
     <span class='ocr_line' id='line_1_13' title="bbox 215 1318 1802 1392; baseline 0.001 -21"><span class='ocrx_word' id='word_1_80' title='bbox 215 1336 342 1372; x_wconf 81' lang='grc' dir='ltr'>τινα</span> <span class='ocrx_word' id='word_1_81' title='bbox 394 1318 634 1388; x_wconf 74' lang='grc' dir='ltr'>ἔμφυτον</span> <span class='ocrx_word' id='word_1_82' title='bbox 678 1318 872 1371; x_wconf 79' lang='grc' dir='ltr'>ἑαυτοῦ</span> <span class='ocrx_word' id='word_1_83' title='bbox 921 1318 1122 1372; x_wconf 87' lang='grc' dir='ltr'>κακίαν</span> <span class='ocrx_word' id='word_1_84' title='bbox 1164 1319 1370 1386; x_wconf 81' lang='grc' dir='ltr'>ὀφείλει</span> <span class='ocrx_word' id='word_1_85' title='bbox 1417 1320 1724 1392; x_wconf 79' lang='grc' dir='ltr'>φθαρῆναι,</span> <span class='ocrx_word' id='word_1_86' title='bbox 1772 1323 1802 1373; x_wconf 83' lang='grc' dir='ltr'><strong>ὁ</strong></span> 
     </span>
    </p>
   </div>
   <div class='ocr_carea' id='block_1_14' title="bbox 218 1406 1808 1485">
    <p class='ocr_par' dir='ltr' id='par_1_14' title="bbox 218 1406 1808 1485">
     <span class='ocr_line' id='line_1_14' title="bbox 218 1406 1808 1485; baseline 0.001 -26"><span class='ocrx_word' id='word_1_87' title='bbox 218 1409 456 1478; x_wconf 80' lang='grc' dir='ltr'>ποιήσας</span> <span class='ocrx_word' id='word_1_88' title='bbox 494 1406 698 1485; x_wconf 75' lang='grc' dir='ltr'>αἴτιος,</span> <span class='ocrx_word' id='word_1_89' title='bbox 742 1410 824 1460; x_wconf 86' lang='grc' dir='ltr'>ὃτι</span> <span class='ocrx_word' id='word_1_90' title='bbox 860 1406 1099 1459; x_wconf 83' lang='grc' dir='ltr'>τοιοῦτον</span> <span class='ocrx_word' id='word_1_91' title='bbox 1151 1407 1287 1460; x_wconf 83' lang='grc' dir='ltr'>αὐτὸ</span> <span class='ocrx_word' id='word_1_92' title='bbox 1340 1408 1616 1479; x_wconf 84' lang='grc' dir='ltr'>ἐποίησεν,</span> <span class='ocrx_word' id='word_1_93' title='bbox 1660 1409 1808 1461; x_wconf 81' lang='grc' dir='ltr'>ὥστε</span> 
     </span>
    </p>
   </div>
   <div class='ocr_carea' id='block_1_15' title="bbox 219 1498 1802 1570">
    <p class='ocr_par' dir='ltr' id='par_1_15' title="bbox 219 1498 1802 1570">
     <span class='ocr_line' id='line_1_15' title="bbox 219 1498 1802 1570; baseline 0.001 -18"><span class='ocrx_word' id='word_1_94' title='bbox 219 1499 694 1570; x_wconf 86' lang='grc' dir='ltr'>ὑπολιμπάνεσθαι</span> <span class='ocrx_word' id='word_1_95' title='bbox 757 1501 816 1552; x_wconf 87' lang='grc' dir='ltr'><strong>ἐν</strong></span> <span class='ocrx_word' id='word_1_96' title='bbox 866 1498 1045 1568; x_wconf 84' lang='grc' dir='ltr'>ἐαυτῷ</span> <span class='ocrx_word' id='word_1_97' title='bbox 1098 1499 1267 1552; x_wconf 88' lang='grc' dir='ltr'>κακόν</span> <span class='ocrx_word' id='word_1_98' title='bbox 1301 1516 1387 1551; x_wconf 85' lang='grc' dir='ltr'>τι·</span> <span class='ocrx_word' id='word_1_99' title='bbox 1439 1500 1553 1552; x_wconf 75' lang='grc' dir='ltr'>εἴτε</span> <span class='ocrx_word' id='word_1_100' title='bbox 1606 1501 1802 1567; x_wconf 79' lang='grc' dir='ltr'>ἔξωθέν</span> 
     </span>
    </p>
   </div>
   <div class='ocr_carea' id='block_1_16' title="bbox 219 1590 1805 1662">
    <p class='ocr_par' dir='ltr' id='par_1_16' title="bbox 219 1590 1805 1662">
     <span class='ocr_line' id='line_1_16' title="bbox 219 1590 1805 1662; baseline 0.003 -18"><span class='ocrx_word' id='word_1_101' title='bbox 219 1592 340 1644; x_wconf 88' lang='grc' dir='ltr'>ἐστί</span> <span class='ocrx_word' id='word_1_102' title='bbox 377 1609 430 1643; x_wconf 90' lang='grc' dir='ltr'><strong>τι</strong></span> <span class='ocrx_word' id='word_1_103' title='bbox 470 1592 789 1644; x_wconf 81' lang='grc' dir='ltr'>ὑπεναντίον</span> <span class='ocrx_word' id='word_1_104' title='bbox 825 1590 904 1660; x_wconf 82' lang='grc' dir='ltr'>τῷ</span> <span class='ocrx_word' id='word_1_105' title='bbox 939 1593 1262 1662; x_wconf 85' lang='grc' dir='ltr'>ποιήσαντι,</span> <span class='ocrx_word' id='word_1_106' title='bbox 1303 1591 1398 1644; x_wconf 78' lang='grc' dir='ltr'><strong>καὶ</strong></span> <span class='ocrx_word' id='word_1_107' title='bbox 1435 1591 1608 1655; x_wconf 79' lang='grc' dir='ltr'>οὕτως</span> <span class='ocrx_word' id='word_1_108' title='bbox 1639 1594 1805 1648; x_wconf 89' lang='grc' dir='ltr'>κακία</span> 
     </span>
    </p>
   </div>
   <div class='ocr_carea' id='block_1_17' title="bbox 220 1682 1805 1758">
    <p class='ocr_par' dir='ltr' id='par_1_17' title="bbox 220 1682 1805 1758">
     <span class='ocr_line' id='line_1_17' title="bbox 220 1682 1805 1758; baseline 0.001 -22"><span class='ocrx_word' id='word_1_109' title='bbox 220 1684 316 1737; x_wconf 82' lang='grc' dir='ltr'>τοῦ</span> <span class='ocrx_word' id='word_1_110' title='bbox 353 1684 753 1754; x_wconf 81' lang='grc' dir='ltr'>πεποιηκότος,</span> <span class='ocrx_word' id='word_1_111' title='bbox 802 1684 891 1737; x_wconf 89' lang='grc' dir='ltr'><strong>διά</strong></span> <span class='ocrx_word' id='word_1_112' title='bbox 927 1683 988 1735; x_wconf 89' lang='grc' dir='ltr'><strong>τὸ</strong></span> <span class='ocrx_word' id='word_1_113' title='bbox 1021 1684 1094 1754; x_wconf 85' lang='grc' dir='ltr'>μὴ</span> <span class='ocrx_word' id='word_1_114' title='bbox 1136 1682 1398 1737; x_wconf 89' lang='grc' dir='ltr'>δύνασθαι</span> <span class='ocrx_word' id='word_1_115' title='bbox 1434 1689 1805 1758; x_wconf 86' lang='grc' dir='ltr'>κατακρατεῖν</span> 
     </span>
    </p>
   </div>
   <div class='ocr_carea' id='block_1_18' title="bbox 219 1774 1802 1848">
    <p class='ocr_par' dir='ltr' id='par_1_18' title="bbox 219 1774 1802 1848">
     <span class='ocr_line' id='line_1_18' title="bbox 219 1774 1802 1848; baseline 0.001 -19"><span class='ocrx_word' id='word_1_116' title='bbox 219 1775 329 1829; x_wconf 84' lang='grc' dir='ltr'><strong>τῶν</strong></span> <span class='ocrx_word' id='word_1_117' title='bbox 378 1775 636 1829; x_wconf 89' lang='grc' dir='ltr'>ἐναντίων</span> <span class='ocrx_word' id='word_1_118' title='bbox 667 1792 682 1805; x_wconf 89' lang='grc'><strong>·</strong></span> <span class='ocrx_word' id='word_1_119' title='bbox 739 1777 849 1829; x_wconf 78' lang='grc' dir='ltr'>εἴτε</span> <span class='ocrx_word' id='word_1_120' title='bbox 897 1778 962 1828; x_wconf 91' lang='grc' dir='ltr'><strong>ἐκ</strong></span> <span class='ocrx_word' id='word_1_121' title='bbox 1007 1774 1099 1828; x_wconf 87' lang='grc' dir='ltr'>τοῦ</span> <span class='ocrx_word' id='word_1_122' title='bbox 1148 1776 1476 1846; x_wconf 77' lang='grc' dir='ltr'>ποιήσαντος</span> <span class='ocrx_word' id='word_1_123' title='bbox 1523 1780 1557 1848; x_wconf 83' lang='grc' dir='ltr'>ἠ</span> <span class='ocrx_word' id='word_1_124' title='bbox 1613 1778 1802 1842; x_wconf 84' lang='grc' dir='ltr'>κακία,</span> 
     </span>
    </p>
   </div>
   <div class='ocr_carea' id='block_1_19' title="bbox 1893 685 3471 761">
    <p class='ocr_par' dir='ltr' id='par_1_19' title="bbox 1893 685 3471 761">
     <span class='ocr_line' id='line_1_19' title="bbox 1893 685 3471 761; baseline -0.004 -16"><span class='ocrx_word' id='word_1_125' title='bbox 1893 701 2024 746; x_wconf 77' lang='lat' dir='ltr'><strong>nent</strong></span> <span class='ocrx_word' id='word_1_126' title='bbox 2055 694 2172 761; x_wconf 84' lang='lat' dir='ltr'><strong>ipsa</strong></span> <span class='ocrx_word' id='word_1_127' title='bbox 2200 692 2544 760; x_wconf 89' lang='lat' dir='ltr'><strong>incorrupta,</strong></span> <span class='ocrx_word' id='word_1_128' title='bbox 2577 689 2719 742; x_wconf 88' lang='lat' dir='ltr'><strong>sicut</strong></span> <span class='ocrx_word' id='word_1_129' title='bbox 2752 686 2808 739; x_wconf 91' lang='lat' dir='ltr'><strong>in</strong></span> <span class='ocrx_word' id='word_1_130' title='bbox 2843 685 3160 740; x_wconf 75' lang='lat' dir='ltr'><strong>architectis</strong></span> <span class='ocrx_word' id='word_1_131' title='bbox 3178 685 3471 739; x_wconf 88' lang='lat' dir='ltr'><strong>similibus-</strong></span> 
     </span>
    </p>
   </div>
   <div class='ocr_carea' id='block_1_20' title="bbox 1895 790 2392 855">
    <p class='ocr_par' dir='ltr' id='par_1_20' title="bbox 1895 790 2392 855">
     <span class='ocr_line' id='line_1_20' title="bbox 1895 790 2392 855; baseline -0.008 -16"><span class='ocrx_word' id='word_1_132' title='bbox 1895 800 1999 855; x_wconf 85' lang='lat' dir='ltr'><strong>que</strong></span> <span class='ocrx_word' id='word_1_133' title='bbox 2031 799 2256 838; x_wconf 86' lang='lat' dir='ltr'><strong>cernere</strong></span> <span class='ocrx_word' id='word_1_134' title='bbox 2287 790 2392 837; x_wconf 88' lang='lat' dir='ltr'><strong>est.</strong></span> 
     </span>
    </p>
   </div>
   <div class='ocr_carea' id='block_1_21' title="bbox 1969 868 3473 943">
    <p class='ocr_par' dir='ltr' id='par_1_21' title="bbox 1969 868 3473 943">
     <span class='ocr_line' id='line_1_21' title="bbox 1969 868 3473 943; baseline -0.007 -14"><span class='ocrx_word' id='word_1_135' title='bbox 1969 876 2056 930; x_wconf 72' lang='grc'><strong>14.</strong></span> <span class='ocrx_word' id='word_1_136' title='bbox 2090 874 2156 927; x_wconf 86' lang='lat' dir='ltr'><strong>Et</strong></span> <span class='ocrx_word' id='word_1_137' title='bbox 2177 876 2223 928; x_wconf 91' lang='lat' dir='ltr'><strong>si</strong></span> <span class='ocrx_word' id='word_1_138' title='bbox 2248 875 2433 930; x_wconf 91' lang='lat' dir='ltr'><strong>interit</strong></span> <span class='ocrx_word' id='word_1_139' title='bbox 2465 872 2608 943; x_wconf 88' lang='lat' dir='ltr'><strong>quod</strong></span> <span class='ocrx_word' id='word_1_140' title='bbox 2642 887 2672 926; x_wconf 86' lang='lat' dir='ltr'><strong>a</strong></span> <span class='ocrx_word' id='word_1_141' title='bbox 2702 870 2815 926; x_wconf 90' lang='lat' dir='ltr'><strong>Deo</strong></span> <span class='ocrx_word' id='word_1_142' title='bbox 2839 878 2922 927; x_wconf 86' lang='lat' dir='ltr'><strong>est</strong></span> <span class='ocrx_word' id='word_1_143' title='bbox 2959 871 3184 933; x_wconf 84' lang='lat' dir='ltr'><strong>factum,</strong></span> <span class='ocrx_word' id='word_1_144' title='bbox 3210 868 3370 936; x_wconf 82' lang='lat' dir='ltr'><strong>cujus</strong></span> <span class='ocrx_word' id='word_1_145' title='bbox 3398 868 3473 920; x_wconf 81' lang='lat' dir='ltr'><strong>vi-</strong></span> 
     </span>
    </p>
   </div>
   <div class='ocr_carea' id='block_1_22' title="bbox 119 950 1811 1034">
    <p class='ocr_par' dir='ltr' id='par_1_22' title="bbox 119 950 1796 1023">
     <span class='ocr_line' id='line_1_22' title="bbox 119 950 1796 1023; baseline -0.001 -17"><span class='ocrx_word' id='word_1_146' title='bbox 119 961 124 964; x_wconf 83' lang='lat'>&#39;</span> <span class='ocrx_word' id='word_1_147' title='bbox 213 955 364 1012; x_wconf 70' lang='grc' dir='ltr'>τίνος</span> <span class='ocrx_word' id='word_1_148' title='bbox 403 954 572 1023; x_wconf 75' lang='grc' dir='ltr'>κακία</span> <span class='ocrx_word' id='word_1_149' title='bbox 615 952 925 1022; x_wconf 81' lang='grc' dir='ltr'>φθείρεται,</span> <span class='ocrx_word' id='word_1_150' title='bbox 965 952 1059 1004; x_wconf 78' lang='grc' dir='ltr'><strong>τοῦ</strong></span> <span class='ocrx_word' id='word_1_151' title='bbox 1099 950 1607 1022; x_wconf 84' lang='grc' dir='ltr'>ποιήσαντοςῆτοῦ</span> <span class='ocrx_word' id='word_1_152' title='bbox 1640 967 1796 1019; x_wconf 88' lang='grc' dir='ltr'>γεγο-</span> 
     </span>
    </p>
   </div>
   <div class='ocr_carea' id='block_1_23' title="bbox 1911 950 3472 1034">
    <p class='ocr_par' dir='ltr' id='par_1_23' title="bbox 1911 963 3472 1034">
     <span class='ocr_line' id='line_1_23' title="bbox 1911 963 3472 1034; baseline -0.005 -13"><span class='ocrx_word' id='word_1_153' title='bbox 1911 968 1975 1023; x_wconf 86' lang='lat' dir='ltr'><strong>.io</strong></span> <span class='ocrx_word' id='word_1_154' title='bbox 2008 968 2213 1033; x_wconf 77' lang='lat' dir='ltr'><strong>interit,</strong></span> <span class='ocrx_word' id='word_1_155' title='bbox 2239 969 2556 1027; x_wconf 68' lang='lat' dir='ltr'><strong>facturusne,</strong></span> <span class='ocrx_word' id='word_1_156' title='bbox 2590 980 2657 1017; x_wconf 90' lang='lat' dir='ltr'><strong>an</strong></span> <span class='ocrx_word' id='word_1_157' title='bbox 2685 964 2806 1034; x_wconf 75' lang='lat' dir='ltr'><strong>eius</strong></span> <span class='ocrx_word' id='word_1_158' title='bbox 2845 964 2989 1033; x_wconf 76' lang='lat' dir='ltr'><strong>quod</strong></span> <span class='ocrx_word' id='word_1_159' title='bbox 3025 963 3229 1015; x_wconf 80' lang='lat' dir='ltr'><strong>factum</strong></span> <span class='ocrx_word' id='word_1_160' title='bbox 3263 968 3369 1022; x_wconf 85' lang='lat' dir='ltr'><strong>est,</strong></span> <span class='ocrx_word' id='word_1_161' title='bbox 3401 975 3472 1013; x_wconf 86' lang='lat' dir='ltr'><strong>an</strong></span> 
     </span>
    </p>
   </div>
   <div class='ocr_carea' id='block_1_24' title="bbox 1901 1052 3476 1129">
    <p class='ocr_par' dir='ltr' id='par_1_24' title="bbox 1901 1052 3476 1129">
     <span class='ocr_line' id='line_1_24' title="bbox 1901 1052 3476 1129; baseline -0.006 -15"><span class='ocrx_word' id='word_1_162' title='bbox 1901 1059 2208 1129; x_wconf 86' lang='lat' dir='ltr'><strong>cujuspiam</strong></span> <span class='ocrx_word' id='word_1_163' title='bbox 2243 1067 2456 1112; x_wconf 74' lang='lat' dir='ltr'><strong>externi</strong></span> <span class='ocrx_word' id='word_1_164' title='bbox 2482 1097 2497 1120; x_wconf 96' lang='lat'><strong>,</strong></span> <span class='ocrx_word' id='word_1_165' title='bbox 2534 1056 2680 1126; x_wconf 85' lang='lat' dir='ltr'><strong>quod</strong></span> <span class='ocrx_word' id='word_1_166' title='bbox 2714 1056 2948 1108; x_wconf 79' lang='lat' dir='ltr'><strong>creatori</strong></span> <span class='ocrx_word' id='word_1_167' title='bbox 2994 1055 3065 1108; x_wconf 90' lang='lat' dir='ltr'><strong>sit</strong></span> <span class='ocrx_word' id='word_1_168' title='bbox 3095 1052 3476 1108; x_wconf 84' lang='lat' dir='ltr'><strong>contrarium?</strong></span> 
     </span>
    </p>
   </div>
   <div class='ocr_carea' id='block_1_25' title="bbox 1902 1147 3474 1218">
    <p class='ocr_par' dir='ltr' id='par_1_25' title="bbox 1902 1147 3474 1218">
     <span class='ocr_line' id='line_1_25' title="bbox 1902 1147 3474 1218; baseline -0.004 -15"><span class='ocrx_word' id='word_1_169' title='bbox 1902 1151 2281 1218; x_wconf 81' lang='lat' dir='ltr'><strong>Quodcunque</strong></span> <span class='ocrx_word' id='word_1_170' title='bbox 2304 1165 2432 1203; x_wconf 89' lang='lat' dir='ltr'><strong>vero</strong></span> <span class='ocrx_word' id='word_1_171' title='bbox 2461 1150 2670 1203; x_wconf 81' lang='lat' dir='ltr'><strong>horum</strong></span> <span class='ocrx_word' id='word_1_172' title='bbox 2690 1150 3038 1214; x_wconf 87' lang='lat' dir='ltr'><strong>posuerimus</strong></span> <span class='ocrx_word' id='word_1_173' title='bbox 3064 1189 3079 1211; x_wconf 95' lang='lat'><strong>,</strong></span> <span class='ocrx_word' id='word_1_174' title='bbox 3123 1147 3474 1216; x_wconf 84' lang='lat' dir='ltr'><strong>perspicuum</strong></span> 
     </span>
    </p>
   </div>
   <div class='ocr_carea' id='block_1_26' title="bbox 1900 1237 3473 1310">
    <p class='ocr_par' dir='ltr' id='par_1_26' title="bbox 1900 1237 3473 1310">
     <span class='ocr_line' id='line_1_26' title="bbox 1900 1237 3473 1310; baseline -0.005 -14"><span class='ocrx_word' id='word_1_175' title='bbox 1900 1250 1984 1297; x_wconf 90' lang='lat' dir='ltr'><strong>est</strong></span> <span class='ocrx_word' id='word_1_176' title='bbox 2001 1240 2302 1295; x_wconf 87' lang='lat' dir='ltr'><strong>conditoris</strong></span> <span class='ocrx_word' id='word_1_177' title='bbox 2324 1240 2440 1294; x_wconf 80' lang='lat' dir='ltr'><strong>fore</strong></span> <span class='ocrx_word' id='word_1_178' title='bbox 2463 1241 2675 1310; x_wconf 81' lang='lat' dir='ltr'><strong>vitium.</strong></span> <span class='ocrx_word' id='word_1_179' title='bbox 2699 1241 2825 1301; x_wconf 65' lang='lat' dir='ltr'><strong>Sive</strong></span> <span class='ocrx_word' id='word_1_180' title='bbox 2844 1241 2987 1294; x_wconf 86' lang='lat' dir='ltr'><strong>enim</strong></span> <span class='ocrx_word' id='word_1_181' title='bbox 3012 1239 3088 1300; x_wconf 90' lang='lat' dir='ltr'><strong>id,</strong></span> <span class='ocrx_word' id='word_1_182' title='bbox 3106 1239 3248 1306; x_wconf 81' lang='lat' dir='ltr'><strong>quod</strong></span> <span class='ocrx_word' id='word_1_183' title='bbox 3270 1237 3473 1289; x_wconf 76' lang='lat' dir='ltr'><strong>factum</strong></span> 
     </span>
    </p>
   </div>
   <div class='ocr_carea' id='block_1_27' title="bbox 1903 1327 3473 1394">
    <p class='ocr_par' dir='ltr' id='par_1_27' title="bbox 1903 1327 3473 1394">
     <span class='ocr_line' id='line_1_27' title="bbox 1903 1327 3473 1394; baseline -0.004 -8"><span class='ocrx_word' id='word_1_184' title='bbox 1903 1338 2007 1394; x_wconf 90' lang='lat' dir='ltr'><strong>est,</strong></span> <span class='ocrx_word' id='word_1_185' title='bbox 2043 1331 2113 1385; x_wconf 92' lang='lat' dir='ltr'><strong>ob</strong></span> <span class='ocrx_word' id='word_1_186' title='bbox 2145 1333 2370 1385; x_wconf 90' lang='lat' dir='ltr'><strong>insitum</strong></span> <span class='ocrx_word' id='word_1_187' title='bbox 2405 1331 2509 1385; x_wconf 90' lang='lat' dir='ltr'><strong>sibi</strong></span> <span class='ocrx_word' id='word_1_188' title='bbox 2551 1330 2744 1385; x_wconf 80' lang='lat' dir='ltr'><strong>vitium</strong></span> <span class='ocrx_word' id='word_1_189' title='bbox 2792 1331 2962 1386; x_wconf 77' lang='lat' dir='ltr'><strong>exitio</strong></span> <span class='ocrx_word' id='word_1_190' title='bbox 3008 1337 3094 1383; x_wconf 87' lang='lat' dir='ltr'><strong>est</strong></span> <span class='ocrx_word' id='word_1_191' title='bbox 3143 1327 3473 1390; x_wconf 84' lang='lat' dir='ltr'><strong>obnoxium;</strong></span> 
     </span>
    </p>
   </div>
   <div class='ocr_carea' id='block_1_28' title="bbox 1905 1419 3479 1492">
    <p class='ocr_par' dir='ltr' id='par_1_28' title="bbox 1905 1419 3479 1492">
     <span class='ocr_line' id='line_1_28' title="bbox 1905 1419 3479 1492; baseline -0.002 -16"><span class='ocrx_word' id='word_1_192' title='bbox 1905 1423 2157 1478; x_wconf 85' lang='lat' dir='ltr'><strong>conditor</strong></span> <span class='ocrx_word' id='word_1_193' title='bbox 2188 1425 2243 1477; x_wconf 90' lang='lat' dir='ltr'><strong>in</strong></span> <span class='ocrx_word' id='word_1_194' title='bbox 2289 1438 2480 1488; x_wconf 92' lang='lat' dir='ltr'><strong>causa,</strong></span> <span class='ocrx_word' id='word_1_195' title='bbox 2524 1423 2671 1492; x_wconf 86' lang='lat' dir='ltr'><strong>quod</strong></span> <span class='ocrx_word' id='word_1_196' title='bbox 2698 1422 2806 1474; x_wconf 86' lang='lat' dir='ltr'><strong>tale</strong></span> <span class='ocrx_word' id='word_1_197' title='bbox 2837 1424 3014 1490; x_wconf 78' lang='lat' dir='ltr'><strong>ipsum</strong></span> <span class='ocrx_word' id='word_1_198' title='bbox 3045 1419 3383 1482; x_wconf 84' lang='lat' dir='ltr'><strong>condiderit,</strong></span> <span class='ocrx_word' id='word_1_199' title='bbox 3418 1429 3479 1473; x_wconf 92' lang='lat' dir='ltr'><strong>ut</strong></span> 
     </span>
    </p>
   </div>
   <div class='ocr_carea' id='block_1_29' title="bbox 1907 1515 3478 1588">
    <p class='ocr_par' dir='ltr' id='par_1_29' title="bbox 1907 1515 3478 1588">
     <span class='ocr_line' id='line_1_29' title="bbox 1907 1515 3478 1588; baseline -0.005 -14"><span class='ocrx_word' id='word_1_200' title='bbox 1907 1521 2032 1574; x_wconf 89' lang='lat' dir='ltr'><strong>mali</strong></span> <span class='ocrx_word' id='word_1_201' title='bbox 2065 1520 2269 1588; x_wconf 88' lang='lat' dir='ltr'><strong>aliquid</strong></span> <span class='ocrx_word' id='word_1_202' title='bbox 2295 1518 2350 1573; x_wconf 91' lang='lat' dir='ltr'><strong>in</strong></span> <span class='ocrx_word' id='word_1_203' title='bbox 2381 1534 2445 1573; x_wconf 95' lang='lat' dir='ltr'><strong>eo</strong></span> <span class='ocrx_word' id='word_1_204' title='bbox 2470 1517 2751 1572; x_wconf 90' lang='lat' dir='ltr'><strong>residuum</strong></span> <span class='ocrx_word' id='word_1_205' title='bbox 2792 1529 2956 1572; x_wconf 87' lang='lat' dir='ltr'><strong>esset.</strong></span> <span class='ocrx_word' id='word_1_206' title='bbox 3004 1515 3100 1570; x_wconf 85' lang='lat' dir='ltr'><strong>Sin</strong></span> <span class='ocrx_word' id='word_1_207' title='bbox 3130 1516 3478 1569; x_wconf 82' lang='lat' dir='ltr'><strong>extrinsecus</strong></span> 
     </span>
    </p>
   </div>
   <div class='ocr_carea' id='block_1_30' title="bbox 1906 1606 3481 1681">
    <p class='ocr_par' dir='ltr' id='par_1_30' title="bbox 1906 1606 3481 1681">
     <span class='ocr_line' id='line_1_30' title="bbox 1906 1606 3481 1681; baseline -0.005 -17"><span class='ocrx_word' id='word_1_208' title='bbox 1906 1610 2111 1681; x_wconf 90' lang='lat' dir='ltr'><strong>aliquid</strong></span> <span class='ocrx_word' id='word_1_209' title='bbox 2153 1611 2225 1664; x_wconf 88' lang='lat' dir='ltr'><strong>sit</strong></span> <span class='ocrx_word' id='word_1_210' title='bbox 2267 1609 2413 1679; x_wconf 92' lang='lat' dir='ltr'><strong>quod</strong></span> <span class='ocrx_word' id='word_1_211' title='bbox 2470 1607 2706 1662; x_wconf 86' lang='lat' dir='ltr'><strong>creatori</strong></span> <span class='ocrx_word' id='word_1_212' title='bbox 2746 1606 3098 1668; x_wconf 86' lang='lat' dir='ltr'><strong>adversetur,</strong></span> <span class='ocrx_word' id='word_1_213' title='bbox 3142 1606 3223 1663; x_wconf 86' lang='lat' dir='ltr'><strong>sic</strong></span> <span class='ocrx_word' id='word_1_214' title='bbox 3263 1618 3481 1673; x_wconf 87' lang='lat' dir='ltr'><strong>quoque</strong></span> 
     </span>
    </p>
   </div>
   <div class='ocr_carea' id='block_1_31' title="bbox 1906 1697 3483 1769">
    <p class='ocr_par' dir='ltr' id='par_1_31' title="bbox 1906 1697 3483 1769">
     <span class='ocr_line' id='line_1_31' title="bbox 1906 1697 3483 1769; baseline -0.007 -11"><span class='ocrx_word' id='word_1_215' title='bbox 1906 1705 2172 1758; x_wconf 89' lang='lat' dir='ltr'><strong>creatoris</strong></span> <span class='ocrx_word' id='word_1_216' title='bbox 2207 1704 2399 1757; x_wconf 89' lang='lat' dir='ltr'><strong>vitium</strong></span> <span class='ocrx_word' id='word_1_217' title='bbox 2443 1701 2568 1765; x_wconf 89' lang='lat' dir='ltr'><strong>erit,</strong></span> <span class='ocrx_word' id='word_1_218' title='bbox 2603 1707 2890 1769; x_wconf 79' lang='lat' dir='ltr'><strong>prapterea</strong></span> <span class='ocrx_word' id='word_1_219' title='bbox 2933 1697 3079 1768; x_wconf 92' lang='lat' dir='ltr'><strong>quod</strong></span> <span class='ocrx_word' id='word_1_220' title='bbox 3104 1703 3322 1753; x_wconf 79' lang='lat' dir='ltr'><strong>vincere</strong></span> <span class='ocrx_word' id='word_1_221' title='bbox 3350 1709 3483 1748; x_wconf 88' lang='lat' dir='ltr'><strong>con-</strong></span> 
     </span>
    </p>
   </div>
   <div class='ocr_carea' id='block_1_32' title="bbox 1906 1788 3481 1864">
    <p class='ocr_par' dir='ltr' id='par_1_32' title="bbox 1906 1788 3481 1864">
     <span class='ocr_line' id='line_1_32' title="bbox 1906 1788 3481 1864; baseline -0.006 -14"><span class='ocrx_word' id='word_1_222' title='bbox 1906 1796 2074 1850; x_wconf 88' lang='lat' dir='ltr'><strong>traria</strong></span> <span class='ocrx_word' id='word_1_223' title='bbox 2108 1801 2358 1864; x_wconf 87' lang='lat' dir='ltr'><strong>nequeat.</strong></span> <span class='ocrx_word' id='word_1_224' title='bbox 2386 1791 2522 1846; x_wconf 92' lang='lat' dir='ltr'><strong>Tum</strong></span> <span class='ocrx_word' id='word_1_225' title='bbox 2558 1804 2760 1856; x_wconf 80' lang='lat' dir='ltr'><strong>autem,</strong></span> <span class='ocrx_word' id='word_1_226' title='bbox 2789 1792 2834 1845; x_wconf 94' lang='lat' dir='ltr'><strong>si</strong></span> <span class='ocrx_word' id='word_1_227' title='bbox 2868 1789 3133 1845; x_wconf 84' lang='lat' dir='ltr'><strong>creatoris</strong></span> <span class='ocrx_word' id='word_1_228' title='bbox 3153 1790 3348 1843; x_wconf 82' lang='lat' dir='ltr'><strong>vitium</strong></span> <span class='ocrx_word' id='word_1_229' title='bbox 3377 1788 3481 1851; x_wconf 87' lang='lat' dir='ltr'><strong>sit,</strong></span> 
     </span>
    </p>
   </div>
   <div class='ocr_carea' id='block_1_33' title="bbox 220 1861 1811 1958">
    <p class='ocr_par' dir='ltr' id='par_1_33' title="bbox 220 1861 1805 1937">
     <span class='ocr_line' id='line_1_33' title="bbox 220 1861 1805 1937; baseline 0.003 -21"><span class='ocrx_word' id='word_1_230' title='bbox 220 1864 507 1936; x_wconf 75' lang='grc' dir='ltr'>πρύδηλον,</span> <span class='ocrx_word' id='word_1_231' title='bbox 534 1864 609 1927; x_wconf 85' lang='grc' dir='ltr'>ὡς</span> <span class='ocrx_word' id='word_1_232' title='bbox 633 1863 796 1928; x_wconf 81' lang='grc' dir='ltr'>αὐτὸς</span> <span class='ocrx_word' id='word_1_233' title='bbox 820 1865 848 1917; x_wconf 85' lang='grc' dir='ltr'>ὁ</span> <span class='ocrx_word' id='word_1_234' title='bbox 873 1864 1060 1928; x_wconf 86' lang='grc' dir='ltr'>κακός.</span> <span class='ocrx_word' id='word_1_235' title='bbox 1088 1861 1272 1917; x_wconf 78' lang='grc' dir='ltr'>Ταῦτα</span> <span class='ocrx_word' id='word_1_236' title='bbox 1300 1866 1400 1935; x_wconf 84' lang='grc' dir='ltr'><strong>μὲν</strong></span> <span class='ocrx_word' id='word_1_237' title='bbox 1427 1867 1559 1937; x_wconf 76' lang='grc' dir='ltr'>περὶ</span> <span class='ocrx_word' id='word_1_238' title='bbox 1582 1867 1805 1931; x_wconf 89' lang='grc' dir='ltr'>τούτων,</span> 
     </span>
    </p>
   </div>
   <div class='ocr_carea' id='block_1_34' title="bbox 1911 1861 3483 1958">
    <p class='ocr_par' dir='ltr' id='par_1_34' title="bbox 1911 1861 3483 1958">
     <span class='ocr_line' id='line_1_34' title="bbox 1911 1861 3483 1958; baseline -0.004 -16"><span class='ocrx_word' id='word_1_239' title='bbox 1911 1889 2082 1958; x_wconf 89' lang='lat' dir='ltr'><strong>liquet</strong></span> <span class='ocrx_word' id='word_1_240' title='bbox 2107 1861 2232 1941; x_wconf 85' lang='lat' dir='ltr'><strong>eum</strong></span> <span class='ocrx_word' id='word_1_241' title='bbox 2261 1901 2386 1941; x_wconf 89' lang='lat' dir='ltr'><strong>esse</strong></span> <span class='ocrx_word' id='word_1_242' title='bbox 2439 1886 2717 1940; x_wconf 86' lang='lat' dir='ltr'><strong>vitiosum.</strong></span> <span class='ocrx_word' id='word_1_243' title='bbox 2769 1885 2948 1954; x_wconf 79' lang='lat' dir='ltr'><strong>Atque</strong></span> <span class='ocrx_word' id='word_1_244' title='bbox 2987 1883 3101 1937; x_wconf 75' lang='lat' dir='ltr'><strong>haec</strong></span> <span class='ocrx_word' id='word_1_245' title='bbox 3132 1881 3200 1936; x_wconf 90' lang='lat' dir='ltr'><strong>de</strong></span> <span class='ocrx_word' id='word_1_246' title='bbox 3249 1880 3401 1934; x_wconf 88' lang='lat' dir='ltr'><strong>hisce</strong></span> <span class='ocrx_word' id='word_1_247' title='bbox 3427 1880 3483 1935; x_wconf 88' lang='lat' dir='ltr'><strong>iu</strong></span> 
     </span>
    </p>
   </div>
   <div class='ocr_carea' id='block_1_35' title="bbox 219 1955 1804 2031">
    <p class='ocr_par' dir='ltr' id='par_1_35' title="bbox 219 1955 1804 2031">
     <span class='ocr_line' id='line_1_35' title="bbox 219 1955 1804 2031; baseline 0.004 -23"><span class='ocrx_word' id='word_1_248' title='bbox 219 1957 360 2022; x_wconf 76' lang='grc' dir='ltr'>τέως</span> <span class='ocrx_word' id='word_1_249' title='bbox 404 1960 467 2010; x_wconf 86' lang='grc' dir='ltr'><strong>ἐκ</strong></span> <span class='ocrx_word' id='word_1_250' title='bbox 510 1958 722 2011; x_wconf 84' lang='grc' dir='ltr'>πολλῶν</span> <span class='ocrx_word' id='word_1_251' title='bbox 763 1957 950 2026; x_wconf 78' lang='grc' dir='ltr'>ὀλίγαο</span> <span class='ocrx_word' id='word_1_252' title='bbox 991 1958 1040 2010; x_wconf 87' lang='grc' dir='ltr'><strong>εί</strong></span> <span class='ocrx_word' id='word_1_253' title='bbox 1067 1956 1174 2026; x_wconf 91' lang='grc' dir='ltr'><strong>γάρ</strong></span> <span class='ocrx_word' id='word_1_254' title='bbox 1212 1955 1504 2027; x_wconf 80' lang='grc' dir='ltr'>ἐθέλομεν,</span> <span class='ocrx_word' id='word_1_255' title='bbox 1545 1960 1804 2031; x_wconf 79' lang='grc' dir='ltr'>ζητητέον</span> 
     </span>
    </p>
   </div>
   <div class='ocr_carea' id='block_1_36' title="bbox 221 2049 1804 2121">
    <p class='ocr_par' dir='ltr' id='par_1_36' title="bbox 221 2049 1804 2121">
     <span class='ocr_line' id='line_1_36' title="bbox 221 2049 1804 2121; baseline 0.004 -19"><span class='ocrx_word' id='word_1_256' title='bbox 221 2051 320 2103; x_wconf 75' lang='grc' dir='ltr'><strong>καὶ</strong></span> <span class='ocrx_word' id='word_1_257' title='bbox 359 2050 412 2103; x_wconf 87' lang='grc' dir='ltr'><strong>τί</strong></span> <span class='ocrx_word' id='word_1_258' title='bbox 455 2053 572 2104; x_wconf 91' lang='grc' dir='ltr'>ἐστι</span> <span class='ocrx_word' id='word_1_259' title='bbox 613 2049 774 2121; x_wconf 87' lang='grc' dir='ltr'>σῶμα</span> <span class='ocrx_word' id='word_1_260' title='bbox 816 2049 913 2104; x_wconf 82' lang='grc' dir='ltr'><strong>καὶ</strong></span> <span class='ocrx_word' id='word_1_261' title='bbox 951 2052 1016 2103; x_wconf 89' lang='grc' dir='ltr'><strong>ἐκ</strong></span> <span class='ocrx_word' id='word_1_262' title='bbox 1057 2049 1219 2104; x_wconf 91' lang='grc' dir='ltr'>τίνων</span> <span class='ocrx_word' id='word_1_263' title='bbox 1254 2051 1316 2103; x_wconf 85' lang='grc' dir='ltr'>τὸ</span> <span class='ocrx_word' id='word_1_264' title='bbox 1353 2050 1547 2120; x_wconf 88' lang='grc' dir='ltr'>σῶμα,</span> <span class='ocrx_word' id='word_1_265' title='bbox 1580 2052 1804 2117; x_wconf 72' lang='grc' dir='ltr'>καὶτὰς</span> 
     </span>
    </p>
   </div>
   <div class='ocr_carea' id='block_1_37' title="bbox 221 2141 1805 2212">
    <p class='ocr_par' dir='ltr' id='par_1_37' title="bbox 221 2141 1805 2212">
     <span class='ocr_line' id='line_1_37' title="bbox 221 2141 1805 2212; baseline 0.003 -16"><span class='ocrx_word' id='word_1_266' title='bbox 221 2142 318 2196; x_wconf 76' lang='grc' dir='ltr'>ἐπὶ</span> <span class='ocrx_word' id='word_1_267' title='bbox 354 2141 564 2206; x_wconf 83' lang='grc' dir='ltr'>τούτοις</span> <span class='ocrx_word' id='word_1_268' title='bbox 609 2141 865 2212; x_wconf 78' lang='grc' dir='ltr'>ἀπορίας.</span> <span class='ocrx_word' id='word_1_269' title='bbox 908 2143 1095 2198; x_wconf 83' lang='grc' dir='ltr'>Ταῦτα</span> <span class='ocrx_word' id='word_1_270' title='bbox 1140 2144 1200 2198; x_wconf 80' lang='grc' dir='ltr'>δὲ</span> <span class='ocrx_word' id='word_1_271' title='bbox 1249 2144 1388 2211; x_wconf 87' lang='grc' dir='ltr'>τέως</span> <span class='ocrx_word' id='word_1_272' title='bbox 1434 2146 1692 2209; x_wconf 75' lang='grc' dir='ltr'>ἐάσαντες</span> <span class='ocrx_word' id='word_1_273' title='bbox 1729 2145 1805 2210; x_wconf 85' lang='grc' dir='ltr'><strong>ὡς</strong></span> 
     </span>
    </p>
   </div>
   <div class='ocr_carea' id='block_1_38' title="bbox 221 2234 1808 2308">
    <p class='ocr_par' dir='ltr' id='par_1_38' title="bbox 221 2234 1808 2308">
     <span class='ocr_line' id='line_1_38' title="bbox 221 2234 1808 2308; baseline 0.003 -21"><span class='ocrx_word' id='word_1_274' title='bbox 221 2234 487 2288; x_wconf 76' lang='grc' dir='ltr'>ἐνούντων</span> <span class='ocrx_word' id='word_1_275' title='bbox 513 2235 624 2306; x_wconf 77' lang='grc'><strong>(20)</strong></span> <span class='ocrx_word' id='word_1_276' title='bbox 654 2236 819 2306; x_wconf 85' lang='grc' dir='ltr'>μηδὲν</span> <span class='ocrx_word' id='word_1_277' title='bbox 847 2237 955 2290; x_wconf 89' lang='grc' dir='ltr'><strong>τῶν</strong></span> <span class='ocrx_word' id='word_1_278' title='bbox 983 2236 1228 2307; x_wconf 87' lang='grc' dir='ltr'>ἀπόρων,</span> <span class='ocrx_word' id='word_1_279' title='bbox 1258 2239 1400 2302; x_wconf 89' lang='grc' dir='ltr'>τέως</span> <span class='ocrx_word' id='word_1_280' title='bbox 1431 2238 1542 2292; x_wconf 88' lang='grc' dir='ltr'><strong>τῶν</strong></span> <span class='ocrx_word' id='word_1_281' title='bbox 1565 2257 1808 2308; x_wconf 88' lang='grc' dir='ltr'>γενναιο-</span> 
     </span>
    </p>
   </div>
   <div class='ocr_carea' id='block_1_39' title="bbox 221 2325 1807 2403">
    <p class='ocr_par' dir='ltr' id='par_1_39' title="bbox 221 2325 1807 2403">
     <span class='ocr_line' id='line_1_39' title="bbox 221 2325 1807 2403; baseline 0.004 -25"><span class='ocrx_word' id='word_1_282' title='bbox 221 2325 395 2399; x_wconf 79' lang='grc' dir='ltr'>τέρων</span> <span class='ocrx_word' id='word_1_283' title='bbox 434 2327 547 2382; x_wconf 82' lang='grc' dir='ltr'>δντι</span> <span class='ocrx_word' id='word_1_284' title='bbox 587 2327 866 2398; x_wconf 87' lang='grc' dir='ltr'>θαύματος</span> <span class='ocrx_word' id='word_1_285' title='bbox 906 2329 1214 2401; x_wconf 82' lang='grc' dir='ltr'>ἁξιουμένῳ</span> <span class='ocrx_word' id='word_1_286' title='bbox 1254 2331 1364 2385; x_wconf 80' lang='grc' dir='ltr'><strong>ἀπὸ</strong></span> <span class='ocrx_word' id='word_1_287' title='bbox 1401 2331 1509 2384; x_wconf 87' lang='grc' dir='ltr'><strong>τῶν</strong></span> <span class='ocrx_word' id='word_1_288' title='bbox 1537 2331 1666 2403; x_wconf 79' lang='grc' dir='ltr'>περὶ</span> <span class='ocrx_word' id='word_1_289' title='bbox 1705 2332 1807 2401; x_wconf 76' lang='grc' dir='ltr'>τῆς</span> 
     </span>
    </p>
   </div>
   <div class='ocr_carea' id='block_1_40' title="bbox 221 2417 1805 2493">
    <p class='ocr_par' dir='ltr' id='par_1_40' title="bbox 221 2417 1805 2493">
     <span class='ocr_line' id='line_1_40' title="bbox 221 2417 1805 2493; baseline 0.004 -24"><span class='ocrx_word' id='word_1_290' title='bbox 221 2417 574 2482; x_wconf 79' lang='grc' dir='ltr'>ἀναστάσεως</span> <span class='ocrx_word' id='word_1_291' title='bbox 623 2419 816 2486; x_wconf 90' lang='grc' dir='ltr'>λόγων.</span> <span class='ocrx_word' id='word_1_292' title='bbox 879 2420 975 2473; x_wconf 83' lang='grc' dir='ltr'>Ἐν</span> <span class='ocrx_word' id='word_1_293' title='bbox 1024 2421 1134 2493; x_wconf 87' lang='grc' dir='ltr'><strong>γάρ</strong></span> <span class='ocrx_word' id='word_1_294' title='bbox 1186 2439 1240 2475; x_wconf 89' lang='grc' dir='ltr'><strong>τι</strong></span> <span class='ocrx_word' id='word_1_295' title='bbox 1286 2421 1396 2475; x_wconf 89' lang='grc' dir='ltr'><strong>τῶν</strong></span> <span class='ocrx_word' id='word_1_296' title='bbox 1434 2423 1667 2476; x_wconf 81' lang='grc' dir='ltr'>εὐτελῶν</span> <span class='ocrx_word' id='word_1_297' title='bbox 1691 2422 1805 2493; x_wconf 72' lang='grc'><strong>(21)</strong></span> 
     </span>
    </p>
   </div>
   <div class='ocr_carea' id='block_1_41' title="bbox 220 2508 1807 2586">
    <p class='ocr_par' dir='ltr' id='par_1_41' title="bbox 220 2508 1807 2586">
     <span class='ocr_line' id='line_1_41' title="bbox 220 2508 1807 2586; baseline 0.004 -27"><span class='ocrx_word' id='word_1_298' title='bbox 220 2508 446 2579; x_wconf 85' lang='grc' dir='ltr'>ἀπόρων</span> <span class='ocrx_word' id='word_1_299' title='bbox 469 2509 577 2562; x_wconf 89' lang='grc' dir='ltr'><strong>τῶν</strong></span> <span class='ocrx_word' id='word_1_300' title='bbox 602 2511 751 2580; x_wconf 86' lang='grc' dir='ltr'>παρὰ</span> <span class='ocrx_word' id='word_1_301' title='bbox 778 2513 890 2576; x_wconf 89' lang='grc' dir='ltr'>τοῖς</span> <span class='ocrx_word' id='word_1_302' title='bbox 928 2512 1292 2584; x_wconf 87' lang='grc' dir='ltr'>λιθοκαρδίοις</span> <span class='ocrx_word' id='word_1_303' title='bbox 1326 2515 1662 2586; x_wconf 80' lang='grc' dir='ltr'>κινουμένων</span> <span class='ocrx_word' id='word_1_304' title='bbox 1689 2515 1807 2567; x_wconf 78' lang='grc' dir='ltr'>ἐστὶ</span> 
     </span>
    </p>
   </div>
   <div class='ocr_carea' id='block_1_42' title="bbox 221 2599 711 2673">
    <p class='ocr_par' dir='ltr' id='par_1_42' title="bbox 221 2599 711 2673">
     <span class='ocr_line' id='line_1_42' title="bbox 221 2599 711 2673; baseline 0.008 -23"><span class='ocrx_word' id='word_1_305' title='bbox 221 2599 321 2652; x_wconf 72' lang='grc' dir='ltr'><strong>καὶ</strong></span> <span class='ocrx_word' id='word_1_306' title='bbox 343 2599 518 2652; x_wconf 84' lang='grc' dir='ltr'>τοῦτο.</span> <span class='ocrx_word' id='word_1_307' title='bbox 708 2670 711 2673; x_wconf 87' lang='lat'><strong><em>_</em></strong></span> 
     </span>
    </p>
   </div>
   <div class='ocr_carea' id='block_1_43' title="bbox 295 2687 1809 2762">
    <p class='ocr_par' dir='ltr' id='par_1_43' title="bbox 295 2687 1809 2762">
     <span class='ocr_line' id='line_1_43' title="bbox 295 2687 1809 2762; baseline 0.003 -20"><span class='ocrx_word' id='word_1_308' title='bbox 295 2689 360 2742; x_wconf 74' lang='lat' dir='ltr'><strong>Et</strong></span> <span class='ocrx_word' id='word_1_309' title='bbox 383 2690 492 2761; x_wconf 91' lang='grc' dir='ltr'><strong>γάρ</strong></span> <span class='ocrx_word' id='word_1_310' title='bbox 515 2690 615 2757; x_wconf 85' lang='grc' dir='ltr'>δεῖ,</span> <span class='ocrx_word' id='word_1_311' title='bbox 659 2691 814 2762; x_wconf 69' lang='grc' dir='ltr'>φησι,</span> <span class='ocrx_word' id='word_1_312' title='bbox 842 2687 1028 2757; x_wconf 82' lang='grc' dir='ltr'>σώους’</span> <span class='ocrx_word' id='word_1_313' title='bbox 1054 2693 1378 2750; x_wconf 86' lang='grc' dir='ltr'>ἀνίστασθαι</span> <span class='ocrx_word' id='word_1_314' title='bbox 1404 2696 1531 2760; x_wconf 86' lang='grc' dir='ltr'>τοὺς</span> <span class='ocrx_word' id='word_1_315' title='bbox 1563 2695 1809 2749; x_wconf 87' lang='grc' dir='ltr'>τετελευ-</span> 
     </span>
    </p>
   </div>
   <div class='ocr_carea' id='block_1_44' title="bbox 221 2775 1807 2851">
    <p class='ocr_par' dir='ltr' id='par_1_44' title="bbox 221 2775 1807 2851">
     <span class='ocr_line' id='line_1_44' title="bbox 221 2775 1807 2851; baseline 0.004 -22"><span class='ocrx_word' id='word_1_316' title='bbox 221 2777 481 2846; x_wconf 83' lang='grc' dir='ltr'>τηκότας,</span> <span class='ocrx_word' id='word_1_317' title='bbox 512 2775 651 2840; x_wconf 89' lang='grc' dir='ltr'>πῶς,</span> <span class='ocrx_word' id='word_1_318' title='bbox 694 2778 743 2829; x_wconf 85' lang='grc' dir='ltr'><strong>εί</strong></span> <span class='ocrx_word' id='word_1_319' title='bbox 773 2776 1016 2850; x_wconf 78' lang='grc' dir='ltr'>συμϐαίη</span> <span class='ocrx_word' id='word_1_320' title='bbox 1065 2778 1355 2851; x_wconf 78' lang='grc' dir='ltr'>ἄνθρωπον</span> <span class='ocrx_word' id='word_1_321' title='bbox 1401 2780 1696 2836; x_wconf 82' lang='grc' dir='ltr'>ἀποθανεῖν</span> <span class='ocrx_word' id='word_1_322' title='bbox 1724 2785 1807 2847; x_wconf 81' lang='grc' dir='ltr'><strong>είς</strong></span> 
     </span>
    </p>
   </div>
   <div class='ocr_carea' id='block_1_45' title="bbox 225 2864 1806 2944">
    <p class='ocr_par' dir='ltr' id='par_1_45' title="bbox 225 2864 1806 2944">
     <span class='ocr_line' id='line_1_45' title="bbox 225 2864 1806 2944; baseline 0.006 -24"><span class='ocrx_word' id='word_1_323' title='bbox 225 2868 518 2932; x_wconf 86' lang='grc' dir='ltr'>θάλατταν,</span> <span class='ocrx_word' id='word_1_324' title='bbox 558 2864 677 2922; x_wconf 76' lang='grc' dir='ltr'>εἶτα</span> <span class='ocrx_word' id='word_1_325' title='bbox 703 2867 984 2941; x_wconf 82' lang='grc' dir='ltr'>βρωθέντα</span> <span class='ocrx_word' id='word_1_326' title='bbox 1019 2870 1204 2924; x_wconf 81' lang='grc' dir='ltr'>τοῦτον</span> <span class='ocrx_word' id='word_1_327' title='bbox 1252 2872 1358 2925; x_wconf 80' lang='grc' dir='ltr'><strong>ὑπὸ</strong></span> <span class='ocrx_word' id='word_1_328' title='bbox 1399 2873 1618 2944; x_wconf 88' lang='grc' dir='ltr'>ίχθύων,</span> <span class='ocrx_word' id='word_1_329' title='bbox 1644 2871 1806 2940; x_wconf 80' lang='grc' dir='ltr'>αὖθις</span> 
     </span>
    </p>
   </div>
   <div class='ocr_carea' id='block_1_46' title="bbox 224 2959 1810 3038">
    <p class='ocr_par' dir='ltr' id='par_1_46' title="bbox 224 2959 1810 3038">
     <span class='ocr_line' id='line_1_46' title="bbox 224 2959 1810 3038; baseline 0.005 -25"><span class='ocrx_word' id='word_1_330' title='bbox 224 2960 334 3014; x_wconf 80' lang='grc' dir='ltr'>ὑπὸ</span> <span class='ocrx_word' id='word_1_331' title='bbox 363 2959 537 3013; x_wconf 79' lang='grc' dir='ltr'>ἄλλων</span> <span class='ocrx_word' id='word_1_332' title='bbox 565 2959 868 3032; x_wconf 85' lang='grc' dir='ltr'>ἀνθρώπων</span> <span class='ocrx_word' id='word_1_333' title='bbox 904 2966 1326 3037; x_wconf 76' lang='grc' dir='ltr'>καταϐρωθῆναι</span> <span class='ocrx_word' id='word_1_334' title='bbox 1363 2967 1450 3020; x_wconf 88' lang='grc' dir='ltr'><strong>διά</strong></span> <span class='ocrx_word' id='word_1_335' title='bbox 1476 2967 1659 3038; x_wconf 78' lang='grc' dir='ltr'>μέσων</span> <span class='ocrx_word' id='word_1_336' title='bbox 1701 2967 1810 3021; x_wconf 90' lang='grc' dir='ltr'><strong>τῶν</strong></span> 
     </span>
    </p>
   </div>
   <div class='ocr_carea' id='block_1_47' title="bbox 229 3051 1809 3129">
    <p class='ocr_par' dir='ltr' id='par_1_47' title="bbox 229 3051 1809 3129">
     <span class='ocr_line' id='line_1_47' title="bbox 229 3051 1809 3129; baseline 0.004 -24"><span class='ocrx_word' id='word_1_337' title='bbox 229 3051 450 3122; x_wconf 78' lang='grc' dir='ltr'>ἰχθύων,</span> <span class='ocrx_word' id='word_1_338' title='bbox 470 3053 590 3117; x_wconf 88' lang='grc' dir='ltr'><strong>πῶς</strong></span> <span class='ocrx_word' id='word_1_339' title='bbox 617 3052 682 3107; x_wconf 80' lang='grc' dir='ltr'><strong>ἀν</strong></span> <span class='ocrx_word' id='word_1_340' title='bbox 710 3053 973 3108; x_wconf 80' lang='grc' dir='ltr'>ἀναλάϐοι</span> <span class='ocrx_word' id='word_1_341' title='bbox 1003 3055 1104 3119; x_wconf 83' lang='grc' dir='ltr'>τὰς</span> <span class='ocrx_word' id='word_1_342' title='bbox 1133 3057 1344 3129; x_wconf 81' lang='grc' dir='ltr'>σάρκας</span> <span class='ocrx_word' id='word_1_343' title='bbox 1371 3059 1473 3120; x_wconf 85' lang='grc' dir='ltr'>τὰς</span> <span class='ocrx_word' id='word_1_344' title='bbox 1503 3059 1584 3121; x_wconf 85' lang='grc' dir='ltr'><strong>είς</strong></span> <span class='ocrx_word' id='word_1_345' title='bbox 1610 3057 1809 3122; x_wconf 84' lang='grc' dir='ltr'>ἀλλους</span> 
     </span>
    </p>
   </div>
   <div class='ocr_carea' id='block_1_48' title="bbox 224 3143 1807 3232">
    <p class='ocr_par' dir='ltr' id='par_1_48' title="bbox 224 3143 1807 3232">
     <span class='ocr_line' id='line_1_48' title="bbox 224 3143 1807 3232; baseline 0.004 -34"><span class='ocrx_word' id='word_1_346' title='bbox 224 3143 546 3216; x_wconf 79' lang='grc' dir='ltr'>ἀνθρώπους</span> <span class='ocrx_word' id='word_1_347' title='bbox 567 3144 1114 3218; x_wconf 86' lang='grc' dir='ltr'>καταδαπανηθείσας</span> <span class='ocrx_word' id='word_1_348' title='bbox 1134 3165 1149 3213; x_wconf 89' lang='grc'>;</span> <span class='ocrx_word' id='word_1_349' title='bbox 1170 3150 1242 3202; x_wconf 88' lang='grc' dir='ltr'>Ἣ</span> <span class='ocrx_word' id='word_1_350' title='bbox 1264 3150 1372 3232; x_wconf 74' lang='grc' dir='ltr'>γὰρ</span> <span class='ocrx_word' id='word_1_351' title='bbox 1387 3149 1573 3204; x_wconf 83' lang='grc' dir='ltr'>τοῦτον</span> <span class='ocrx_word' id='word_1_352' title='bbox 1595 3150 1807 3221; x_wconf 81' lang='grc' dir='ltr'>ἀνάγκη</span> 
     </span>
    </p>
   </div>
   <div class='ocr_carea' id='block_1_49' title="bbox 225 3218 1878 3312">
    <p class='ocr_par' dir='ltr' id='par_1_49' title="bbox 225 3218 1878 3312">
     <span class='ocr_line' id='line_1_49' title="bbox 225 3218 1878 3312; baseline 0.004 -22"><span class='ocrx_word' id='word_1_353' title='bbox 225 3239 382 3308; x_wconf 86' lang='grc' dir='ltr'><strong>παρά</strong></span> <span class='ocrx_word' id='word_1_354' title='bbox 428 3238 527 3303; x_wconf 71' lang='grc' dir='ltr'>τὰς</span> <span class='ocrx_word' id='word_1_355' title='bbox 579 3238 789 3311; x_wconf 88' lang='grc' dir='ltr'>σάρκας</span> <span class='ocrx_word' id='word_1_356' title='bbox 851 3240 1149 3311; x_wconf 81' lang='grc' dir='ltr'>ἀναστῆναι</span> <span class='ocrx_word' id='word_1_357' title='bbox 1192 3218 1282 3305; x_wconf 76' lang='grc' dir='ltr'>ἃς</span> <span class='ocrx_word' id='word_1_358' title='bbox 1308 3218 1513 3312; x_wconf 62' lang='grc' dir='ltr'>ἐῷαγον</span> <span class='ocrx_word' id='word_1_359' title='bbox 1563 3244 1612 3296; x_wconf 87' lang='grc' dir='ltr'><strong>οί</strong></span> <span class='ocrx_word' id='word_1_360' title='bbox 1657 3218 1808 3298; x_wconf 76' lang='grc' dir='ltr'>ἄλλοι</span> <span class='ocrx_word' id='word_1_361' title='bbox 1835 3218 1878 3275; x_wconf 73' lang='lat' dir='ltr'><strong><em>C</em></strong></span> 
     </span>
    </p>
   </div>
   <div class='ocr_carea' id='block_1_50' title="bbox 225 3331 1814 3403">
    <p class='ocr_par' dir='ltr' id='par_1_50' title="bbox 225 3331 1814 3403">
     <span class='ocr_line' id='line_1_50' title="bbox 225 3331 1814 3403; baseline 0.003 -17"><span class='ocrx_word' id='word_1_362' title='bbox 225 3332 506 3403; x_wconf 73' lang='grc' dir='ltr'>ἄνθρωποι</span> <span class='ocrx_word' id='word_1_363' title='bbox 543 3331 630 3385; x_wconf 84' lang='grc' dir='ltr'>διὰ</span> <span class='ocrx_word' id='word_1_364' title='bbox 669 3331 850 3401; x_wconf 86' lang='grc' dir='ltr'>μέσων</span> <span class='ocrx_word' id='word_1_365' title='bbox 897 3331 1007 3385; x_wconf 88' lang='grc' dir='ltr'><strong>τῶν</strong></span> <span class='ocrx_word' id='word_1_366' title='bbox 1053 3331 1273 3403; x_wconf 79' lang='grc' dir='ltr'>ἰχθύων,</span> <span class='ocrx_word' id='word_1_367' title='bbox 1323 3334 1508 3399; x_wconf 87' lang='grc' dir='ltr'>καθὼς</span> <span class='ocrx_word' id='word_1_368' title='bbox 1553 3331 1814 3401; x_wconf 78' lang='grc' dir='ltr'>πολλάκις</span> 
     </span>
    </p>
   </div>
   <div class='ocr_carea' id='block_1_51' title="bbox 224 3423 1814 3498">
    <p class='ocr_par' dir='ltr' id='par_1_51' title="bbox 224 3423 1814 3498">
     <span class='ocr_line' id='line_1_51' title="bbox 224 3423 1814 3498; baseline 0.003 -20"><span class='ocrx_word' id='word_1_369' title='bbox 224 3423 478 3496; x_wconf 71' lang='grc' dir='ltr'>εἴρηται·</span> <span class='ocrx_word' id='word_1_370' title='bbox 514 3423 548 3496; x_wconf 80' lang='grc' dir='ltr'>ἢ</span> <span class='ocrx_word' id='word_1_371' title='bbox 574 3424 832 3488; x_wconf 88' lang='grc' dir='ltr'>ἐκείνους,</span> <span class='ocrx_word' id='word_1_372' title='bbox 870 3425 1010 3496; x_wconf 81' lang='grc' dir='ltr'>μέλη</span> <span class='ocrx_word' id='word_1_373' title='bbox 1036 3425 1145 3478; x_wconf 87' lang='grc' dir='ltr'><strong>τῶν</strong></span> <span class='ocrx_word' id='word_1_374' title='bbox 1172 3425 1382 3480; x_wconf 78' lang='grc' dir='ltr'>ἑαυτῶν</span> <span class='ocrx_word' id='word_1_375' title='bbox 1416 3428 1635 3498; x_wconf 88' lang='grc' dir='ltr'>σαρκῶν</span> <span class='ocrx_word' id='word_1_376' title='bbox 1647 3430 1814 3483; x_wconf 88' lang='grc' dir='ltr'>ἀπαι-</span> 
     </span>
    </p>
   </div>
   <div class='ocr_carea' id='block_1_52' title="bbox 226 3515 1814 3586">
    <p class='ocr_par' dir='ltr' id='par_1_52' title="bbox 226 3515 1814 3586">
     <span class='ocr_line' id='line_1_52' title="bbox 226 3515 1814 3586; baseline 0.002 -17"><span class='ocrx_word' id='word_1_377' title='bbox 226 3515 560 3586; x_wconf 81' lang='grc' dir='ltr'>τουμένους,</span> <span class='ocrx_word' id='word_1_378' title='bbox 608 3515 910 3570; x_wconf 90' lang='grc' dir='ltr'>ἀποθέσθαι</span> <span class='ocrx_word' id='word_1_379' title='bbox 956 3515 1055 3569; x_wconf 74' lang='grc' dir='ltr'><strong>καὶ</strong></span> <span class='ocrx_word' id='word_1_380' title='bbox 1095 3515 1332 3580; x_wconf 77' lang='grc' dir='ltr'>ἐλλιπεῖς</span> <span class='ocrx_word' id='word_1_381' title='bbox 1386 3517 1672 3585; x_wconf 89' lang='grc' dir='ltr'>γενέσθαι,</span> <span class='ocrx_word' id='word_1_382' title='bbox 1725 3519 1814 3572; x_wconf 81' lang='grc' dir='ltr'>ἵνα</span> 
     </span>
    </p>
   </div>
   <div class='ocr_carea' id='block_1_53' title="bbox 228 3607 1814 3678">
    <p class='ocr_par' dir='ltr' id='par_1_53' title="bbox 228 3607 1814 3678">
     <span class='ocr_line' id='line_1_53' title="bbox 228 3607 1814 3678; baseline 0 -16"><span class='ocrx_word' id='word_1_383' title='bbox 228 3607 673 3678; x_wconf 79' lang='grc' dir='ltr'>ἀποπληρὼσωσι</span> <span class='ocrx_word' id='word_1_384' title='bbox 719 3608 780 3661; x_wconf 82' lang='grc' dir='ltr'><strong>τὸ</strong></span> <span class='ocrx_word' id='word_1_385' title='bbox 820 3608 1068 3662; x_wconf 83' lang='grc' dir='ltr'>ἐλλεῖπον</span> <span class='ocrx_word' id='word_1_386' title='bbox 1120 3609 1227 3662; x_wconf 89' lang='grc' dir='ltr'><strong>τῶν</strong></span> <span class='ocrx_word' id='word_1_387' title='bbox 1265 3611 1356 3662; x_wconf 80' lang='grc' dir='ltr'><strong>ὑπ’</strong></span> <span class='ocrx_word' id='word_1_388' title='bbox 1393 3610 1574 3663; x_wconf 74' lang='grc' dir='ltr'>αὐτῶν</span> <span class='ocrx_word' id='word_1_389' title='bbox 1613 3610 1814 3674; x_wconf 88' lang='grc' dir='ltr'>ἀδίκως</span> 
     </span>
    </p>
   </div>
   <div class='ocr_carea' id='block_1_54' title="bbox 233 3696 1815 3770">
    <p class='ocr_par' dir='ltr' id='par_1_54' title="bbox 233 3696 1815 3770">
     <span class='ocr_line' id='line_1_54' title="bbox 233 3696 1815 3770; baseline 0.001 -16"><span class='ocrx_word' id='word_1_390' title='bbox 233 3698 721 3770; x_wconf 78' lang='grc' dir='ltr'>καταϐρωθέντων.</span> <span class='ocrx_word' id='word_1_391' title='bbox 773 3699 886 3753; x_wconf 77' lang='grc' dir='ltr'>Καὶ</span> <span class='ocrx_word' id='word_1_392' title='bbox 928 3700 1102 3754; x_wconf 78' lang='grc' dir='ltr'>ταῦτα</span> <span class='ocrx_word' id='word_1_393' title='bbox 1143 3696 1232 3756; x_wconf 76' lang='grc' dir='ltr'>οἷα</span> <span class='ocrx_word' id='word_1_394' title='bbox 1281 3701 1551 3769; x_wconf 88' lang='grc' dir='ltr'>γελῶντες</span> <span class='ocrx_word' id='word_1_395' title='bbox 1588 3703 1637 3755; x_wconf 85' lang='grc' dir='ltr'>οἱ</span> <span class='ocrx_word' id='word_1_396' title='bbox 1671 3701 1815 3755; x_wconf 88' lang='grc' dir='ltr'>λιθο-</span> 
     </span>
    </p>
   </div>
   <div class='ocr_carea' id='block_1_55' title="bbox 232 3791 1814 3865">
    <p class='ocr_par' dir='ltr' id='par_1_55' title="bbox 232 3791 1814 3865">
     <span class='ocr_line' id='line_1_55' title="bbox 232 3791 1814 3865; baseline 0.001 -20"><span class='ocrx_word' id='word_1_397' title='bbox 232 3791 447 3864; x_wconf 85' lang='grc' dir='ltr'>κάρδιοί</span> <span class='ocrx_word' id='word_1_398' title='bbox 486 3809 669 3861; x_wconf 85' lang='grc' dir='ltr'>φασιν.</span> <span class='ocrx_word' id='word_1_399' title='bbox 731 3791 872 3860; x_wconf 84' lang='grc' dir='ltr'><strong>Ἐγὼ</strong></span> <span class='ocrx_word' id='word_1_400' title='bbox 920 3792 976 3845; x_wconf 83' lang='grc' dir='ltr'>δὲ</span> <span class='ocrx_word' id='word_1_401' title='bbox 1027 3792 1332 3865; x_wconf 88' lang='grc' dir='ltr'>παρακαλῶ</span> <span class='ocrx_word' id='word_1_402' title='bbox 1387 3795 1544 3856; x_wconf 88' lang='grc' dir='ltr'>ἐκτὸς</span> <span class='ocrx_word' id='word_1_403' title='bbox 1580 3793 1814 3865; x_wconf 88' lang='grc' dir='ltr'>ἀπορίας</span> 
     </span>
    </p>
   </div>
   <div class='ocr_carea' id='block_1_56' title="bbox 231 3883 1814 3957">
    <p class='ocr_par' dir='ltr' id='par_1_56' title="bbox 231 3883 1814 3957">
     <span class='ocr_line' id='line_1_56' title="bbox 231 3883 1814 3957; baseline 0.001 -19"><span class='ocrx_word' id='word_1_404' title='bbox 231 3885 736 3939; x_wconf 85' lang='grc' dir='ltr'>κατασκευαστικὸν</span> <span class='ocrx_word' id='word_1_405' title='bbox 776 3883 934 3954; x_wconf 90' lang='grc' dir='ltr'>λόγον</span> <span class='ocrx_word' id='word_1_406' title='bbox 961 3885 1060 3955; x_wconf 79' lang='grc' dir='ltr'><strong>τῆς</strong></span> <span class='ocrx_word' id='word_1_407' title='bbox 1086 3887 1432 3950; x_wconf 82' lang='grc' dir='ltr'>ἀναστάσεως</span> <span class='ocrx_word' id='word_1_408' title='bbox 1463 3885 1675 3957; x_wconf 85' lang='grc' dir='ltr'>μαθεῖν,</span> <span class='ocrx_word' id='word_1_409' title='bbox 1724 3887 1814 3940; x_wconf 83' lang='grc' dir='ltr'><strong>τὸν</strong></span> 
     </span>
    </p>
   </div>
   <div class='ocr_carea' id='block_1_57' title="bbox 233 3965 1814 4046">
    <p class='ocr_par' dir='ltr' id='par_1_57' title="bbox 233 3965 1814 4046">
     <span class='ocr_line' id='line_1_57' title="bbox 233 3965 1814 4046; baseline -0.003 -16"><span class='ocrx_word' id='word_1_410' title='bbox 233 3976 295 4041; x_wconf 79' lang='grc' dir='ltr'>ἐξ</span> <span class='ocrx_word' id='word_1_411' title='bbox 337 3975 581 4046; x_wconf 84' lang='grc' dir='ltr'>ἀνάγκης</span> <span class='ocrx_word' id='word_1_412' title='bbox 607 3965 1020 4037; x_wconf 84' lang='grc' dir='ltr'>ἀποδεικνύντα,</span> <span class='ocrx_word' id='word_1_413' title='bbox 1045 3975 1128 4027; x_wconf 83' lang='grc' dir='ltr'>ὅτι</span> <span class='ocrx_word' id='word_1_414' title='bbox 1156 3975 1369 4045; x_wconf 85' lang='grc' dir='ltr'>ἀνάγκη</span> <span class='ocrx_word' id='word_1_415' title='bbox 1402 3969 1544 4026; x_wconf 83' lang='grc' dir='ltr'>εἶναι</span> <span class='ocrx_word' id='word_1_416' title='bbox 1578 3973 1814 4026; x_wconf 88' lang='grc' dir='ltr'>ἀνάστα-</span> 
     </span>
    </p>
   </div>
   <div class='ocr_carea' id='block_1_58' title="bbox 233 4063 1815 4134">
    <p class='ocr_par' dir='ltr' id='par_1_58' title="bbox 233 4063 1815 4134">
     <span class='ocr_line' id='line_1_58' title="bbox 233 4063 1815 4134; baseline -0.001 -14"><span class='ocrx_word' id='word_1_417' title='bbox 233 4085 321 4120; x_wconf 87' lang='grc' dir='ltr'><strong>σιν</strong></span> <span class='ocrx_word' id='word_1_418' title='bbox 351 4067 440 4120; x_wconf 90' lang='grc' dir='ltr'><strong>διά</strong></span> <span class='ocrx_word' id='word_1_419' title='bbox 461 4084 624 4120; x_wconf 91' lang='grc' dir='ltr'>τινων</span> <span class='ocrx_word' id='word_1_420' title='bbox 648 4063 1043 4119; x_wconf 87' lang='grc' dir='ltr'>ἀποδεικτικῶν</span> <span class='ocrx_word' id='word_1_421' title='bbox 1087 4064 1180 4118; x_wconf 75' lang='grc' dir='ltr'><strong>καὶ</strong></span> <span class='ocrx_word' id='word_1_422' title='bbox 1209 4063 1425 4134; x_wconf 86' lang='grc' dir='ltr'>ἀληθῶν</span> <span class='ocrx_word' id='word_1_423' title='bbox 1461 4064 1658 4132; x_wconf 90' lang='grc' dir='ltr'>λόγων.</span> <span class='ocrx_word' id='word_1_424' title='bbox 1694 4063 1815 4118; x_wconf 87' lang='grc' dir='ltr'><strong>Τῶν</strong></span> 
     </span>
    </p>
   </div>
   <div class='ocr_carea' id='block_1_59' title="bbox 230 4154 1815 4229">
    <p class='ocr_par' dir='ltr' id='par_1_59' title="bbox 230 4154 1815 4229">
     <span class='ocr_line' id='line_1_59' title="bbox 230 4154 1815 4229; baseline -0.003 -16"><span class='ocrx_word' id='word_1_425' title='bbox 230 4158 345 4228; x_wconf 83' lang='grc' dir='ltr'>γὰρ</span> <span class='ocrx_word' id='word_1_426' title='bbox 375 4158 701 4224; x_wconf 79' lang='grc' dir='ltr'>ἀποδείξεων</span> <span class='ocrx_word' id='word_1_427' title='bbox 743 4159 1072 4229; x_wconf 73' lang='grc' dir='ltr'>ἐρρωμένων</span> <span class='ocrx_word' id='word_1_428' title='bbox 1104 4160 1227 4221; x_wconf 83' lang='grc' dir='ltr'>ταῖς</span> <span class='ocrx_word' id='word_1_429' title='bbox 1274 4154 1575 4228; x_wconf 86' lang='grc' dir='ltr'>ἀληθείαις,</span> <span class='ocrx_word' id='word_1_430' title='bbox 1623 4156 1815 4209; x_wconf 80' lang='grc' dir='ltr'>οὐδένα</span> 
     </span>
    </p>
   </div>
   <div class='ocr_carea' id='block_1_60' title="bbox 231 4244 1815 4323">
    <p class='ocr_par' dir='ltr' id='par_1_60' title="bbox 231 4244 1815 4323">
     <span class='ocr_line' id='line_1_60' title="bbox 231 4244 1815 4323; baseline -0.002 -19"><span class='ocrx_word' id='word_1_431' title='bbox 231 4251 344 4305; x_wconf 88' lang='grc' dir='ltr'><strong>τῶν</strong></span> <span class='ocrx_word' id='word_1_432' title='bbox 405 4250 650 4323; x_wconf 85' lang='grc' dir='ltr'>ἀποριῶν</span> <span class='ocrx_word' id='word_1_433' title='bbox 694 4251 853 4319; x_wconf 88' lang='grc' dir='ltr'>λόγον</span> <span class='ocrx_word' id='word_1_434' title='bbox 907 4244 968 4303; x_wconf 82' lang='grc' dir='ltr'><strong>εὖ</strong></span> <span class='ocrx_word' id='word_1_435' title='bbox 1023 4249 1137 4302; x_wconf 85' lang='grc' dir='ltr'>ῐστε</span> <span class='ocrx_word' id='word_1_436' title='bbox 1182 4251 1514 4321; x_wconf 85' lang='grc' dir='ltr'>ποιήσομαι·</span> <span class='ocrx_word' id='word_1_437' title='bbox 1557 4247 1653 4302; x_wconf 73' lang='grc' dir='ltr'><strong>καὶ</strong></span> <span class='ocrx_word' id='word_1_438' title='bbox 1707 4248 1815 4319; x_wconf 86' lang='grc' dir='ltr'><strong>γάρ</strong></span> 
     </span>
    </p>
   </div>
   <div class='ocr_carea' id='block_1_61' title="bbox 232 4339 1816 4417">
    <p class='ocr_par' dir='ltr' id='par_1_61' title="bbox 232 4339 1816 4417">
     <span class='ocr_line' id='line_1_61' title="bbox 232 4339 1816 4417; baseline -0.003 -20"><span class='ocrx_word' id='word_1_439' title='bbox 232 4344 438 4398; x_wconf 81' lang='grc' dir='ltr'>ἄτοπον</span> <span class='ocrx_word' id='word_1_440' title='bbox 483 4343 580 4396; x_wconf 78' lang='grc' dir='ltr'>καὶ</span> <span class='ocrx_word' id='word_1_441' title='bbox 626 4343 930 4412; x_wconf 83' lang='grc' dir='ltr'>φιλόνεικον</span> <span class='ocrx_word' id='word_1_442' title='bbox 975 4344 1115 4416; x_wconf 81' lang='grc' dir='ltr'>πρὸς</span> <span class='ocrx_word' id='word_1_443' title='bbox 1165 4343 1487 4417; x_wconf 73' lang='grc' dir='ltr'>ἐρρωμένην</span> <span class='ocrx_word' id='word_1_444' title='bbox 1545 4339 1816 4404; x_wconf 85' lang='grc' dir='ltr'>ἀπόδειξιν</span> 
     </span>
    </p>
   </div>
   <div class='ocr_carea' id='block_1_62' title="bbox 233 4434 686 4501">
    <p class='ocr_par' dir='ltr' id='par_1_62' title="bbox 233 4434 686 4501">
     <span class='ocr_line' id='line_1_62' title="bbox 233 4434 686 4501; baseline -0.007 -9"><span class='ocrx_word' id='word_1_445' title='bbox 233 4437 441 4492; x_wconf 82' lang='grc' dir='ltr'>ἐθέλειν</span> <span class='ocrx_word' id='word_1_446' title='bbox 465 4434 686 4501; x_wconf 78' lang='grc' dir='ltr'>ἐρίζειν.</span> 
     </span>
    </p>
   </div>
   <div class='ocr_carea' id='block_1_63' title="bbox 311 4671 1749 4760">
    <p class='ocr_par' dir='ltr' id='par_1_63' title="bbox 311 4671 1749 4760">
     <span class='ocr_line' id='line_1_63' title="bbox 311 4671 1749 4760; baseline -0.001 -3"><span class='ocrx_word' id='word_1_447' title='bbox 311 4673 967 4759; x_wconf 87' lang='grc' dir='ltr'><strong>ΑΠΟΚΡΙΣΕΙΣ</strong></span> <span class='ocrx_word' id='word_1_448' title='bbox 1004 4671 1749 4760; x_wconf 85' lang='grc' dir='ltr'><strong>ΧΡΙΣΤΙΑΝΙΚΑΙ</strong></span> 
     </span>
    </p>
   </div>
   <div class='ocr_carea' id='block_1_64' title="bbox 236 4811 1823 4953">
    <p class='ocr_par' dir='ltr' id='par_1_64' title="bbox 236 4811 1823 4953">
     <span class='ocr_line' id='line_1_64' title="bbox 236 4811 1823 4882; baseline 0 -17"><span class='ocrx_word' id='word_1_449' title='bbox 236 4812 390 4880; x_wconf 76' lang='grc' dir='ltr'>πρὸς</span> <span class='ocrx_word' id='word_1_450' title='bbox 416 4812 524 4878; x_wconf 82' lang='grc' dir='ltr'>τὰς</span> <span class='ocrx_word' id='word_1_451' title='bbox 551 4813 991 4879; x_wconf 80' lang='grc' dir='ltr'>προρῤηθείσας</span> <span class='ocrx_word' id='word_1_452' title='bbox 1017 4813 1340 4879; x_wconf 82' lang='grc' dir='ltr'>ἐρωτήσεις</span> <span class='ocrx_word' id='word_1_453' title='bbox 1370 4814 1489 4866; x_wconf 81' lang='grc' dir='ltr'>ἀπὸ</span> <span class='ocrx_word' id='word_1_454' title='bbox 1516 4811 1629 4882; x_wconf 79' lang='grc' dir='ltr'>τῆς</span> <span class='ocrx_word' id='word_1_455' title='bbox 1654 4814 1823 4866; x_wconf 87' lang='grc' dir='ltr'>εὐσε-</span> 
     </span>
     <span class='ocr_line' id='line_1_65' title="bbox 551 4880 1504 4953; baseline 0.004 -19"><span class='ocrx_word' id='word_1_456' title='bbox 551 4883 710 4948; x_wconf 81' lang='grc' dir='ltr'>ϐείας</span> <span class='ocrx_word' id='word_1_457' title='bbox 739 4880 859 4934; x_wconf 82' lang='grc' dir='ltr'>τῶν</span> <span class='ocrx_word' id='word_1_458' title='bbox 881 4881 1156 4953; x_wconf 73' lang='grc' dir='ltr'>φυσικῶν</span> <span class='ocrx_word' id='word_1_459' title='bbox 1177 4883 1504 4953; x_wconf 74' lang='grc' dir='ltr'>λογισμῶν.</span> 
     </span>
    </p>
   </div>
   <div class='ocr_carea' id='block_1_65' title="bbox 1025 4903 1504 4938">
    <p class='ocr_par' dir='ltr' id='par_1_65' title="bbox 1025 4903 1504 4938">
     <span class='ocr_line' id='line_1_66' title="bbox 1025 4903 1504 4938; baseline 0.004 -2"><span class='ocrx_word' id='word_1_460' title='bbox 1025 4903 1156 4936; x_wconf 71' lang='grc' dir='ltr'>εκων</span> <span class='ocrx_word' id='word_1_461' title='bbox 1177 4903 1504 4938; x_wconf 60' lang='grc' dir='ltr'>λογισιιων.</span> 
     </span>
    </p>
   </div>
   <div class='ocr_carea' id='block_1_66' title="bbox 312 4989 1821 5068">
    <p class='ocr_par' dir='ltr' id='par_1_66' title="bbox 312 4989 1821 5068">
     <span class='ocr_line' id='line_1_67' title="bbox 312 4989 1821 5068; baseline 0.001 -19"><span class='ocrx_word' id='word_1_462' title='bbox 312 4989 473 5050; x_wconf 75' lang='grc' dir='ltr'>Οὗτοι</span> <span class='ocrx_word' id='word_1_463' title='bbox 499 4998 549 5049; x_wconf 87' lang='grc' dir='ltr'>οἱ</span> <span class='ocrx_word' id='word_1_464' title='bbox 578 4996 725 5065; x_wconf 86' lang='grc' dir='ltr'>λόγοι</span> <span class='ocrx_word' id='word_1_465' title='bbox 745 4997 846 5049; x_wconf 81' lang='grc' dir='ltr'><strong>οὐκ</strong></span> <span class='ocrx_word' id='word_1_466' title='bbox 868 4996 975 5048; x_wconf 73' lang='grc' dir='ltr'>εἰσὶ</span> <span class='ocrx_word' id='word_1_467' title='bbox 1022 4995 1240 5065; x_wconf 77' lang='grc' dir='ltr'>λογικαὶ</span> <span class='ocrx_word' id='word_1_468' title='bbox 1267 4995 1512 5068; x_wconf 87' lang='grc' dir='ltr'>ἀπορίαι,</span> <span class='ocrx_word' id='word_1_469' title='bbox 1541 4996 1656 5050; x_wconf 90' lang='grc' dir='ltr'>ἀλλ’</span> <span class='ocrx_word' id='word_1_470' title='bbox 1681 5000 1821 5068; x_wconf 60' lang='grc' dir='ltr'>ἐρωα</span> 
     </span>
    </p>
   </div>
   <div class='ocr_carea' id='block_1_67' title="bbox 237 5087 1821 5160">
    <p class='ocr_par' dir='ltr' id='par_1_67' title="bbox 237 5087 1821 5160">
     <span class='ocr_line' id='line_1_68' title="bbox 237 5087 1821 5160; baseline -0.003 -15"><span class='ocrx_word' id='word_1_471' title='bbox 237 5090 424 5159; x_wconf 85' lang='grc' dir='ltr'>τήσεις</span> <span class='ocrx_word' id='word_1_472' title='bbox 451 5088 684 5160; x_wconf 76' lang='grc' dir='ltr'>ἄτεχνοι.</span> <span class='ocrx_word' id='word_1_473' title='bbox 716 5089 772 5142; x_wconf 85' lang='grc' dir='ltr'>Ὀ</span> <span class='ocrx_word' id='word_1_474' title='bbox 795 5088 903 5160; x_wconf 86' lang='grc' dir='ltr'>γὰρ</span> <span class='ocrx_word' id='word_1_475' title='bbox 921 5087 1077 5158; x_wconf 88' lang='grc' dir='ltr'>λόγος</span> <span class='ocrx_word' id='word_1_476' title='bbox 1099 5091 1126 5142; x_wconf 86' lang='grc' dir='ltr'>ὁ</span> <span class='ocrx_word' id='word_1_477' title='bbox 1155 5089 1577 5154; x_wconf 82' lang='grc' dir='ltr'>κατασκευάζων</span> <span class='ocrx_word' id='word_1_478' title='bbox 1599 5089 1821 5158; x_wconf 86' lang='grc' dir='ltr'>λογικάς</span> 
     </span>
    </p>
   </div>
   <div class='ocr_carea' id='block_1_68' title="bbox 240 5180 1823 5254">
    <p class='ocr_par' dir='ltr' id='par_1_68' title="bbox 240 5180 1823 5254">
     <span class='ocr_line' id='line_1_69' title="bbox 240 5180 1823 5254; baseline 0.002 -22"><span class='ocrx_word' id='word_1_479' title='bbox 240 5181 495 5254; x_wconf 87' lang='grc' dir='ltr'>ἀπορίας,</span> <span class='ocrx_word' id='word_1_480' title='bbox 533 5184 591 5234; x_wconf 88' lang='grc' dir='ltr'><strong>ἐν</strong></span> <span class='ocrx_word' id='word_1_481' title='bbox 646 5184 758 5244; x_wconf 89' lang='grc' dir='ltr'>τοῖς</span> <span class='ocrx_word' id='word_1_482' title='bbox 811 5182 1119 5245; x_wconf 87' lang='grc' dir='ltr'>ἀκολούθως</span> <span class='ocrx_word' id='word_1_483' title='bbox 1153 5198 1270 5244; x_wconf 90' lang='grc' dir='ltr'><strong>πως</strong></span> <span class='ocrx_word' id='word_1_484' title='bbox 1321 5180 1632 5252; x_wconf 84' lang='grc' dir='ltr'>λεγομένοις</span> <span class='ocrx_word' id='word_1_485' title='bbox 1668 5183 1823 5235; x_wconf 87' lang='grc' dir='ltr'>συνά-</span> 
     </span>
    </p>
   </div>
   <div class='ocr_carea' id='block_1_69' title="bbox 240 5270 1821 5347">
    <p class='ocr_par' dir='ltr' id='par_1_69' title="bbox 240 5270 1821 5347">
     <span class='ocr_line' id='line_1_70' title="bbox 240 5270 1821 5347; baseline 0 -20"><span class='ocrx_word' id='word_1_486' title='bbox 240 5293 330 5344; x_wconf 86' lang='grc' dir='ltr'><strong>γει</strong></span> <span class='ocrx_word' id='word_1_487' title='bbox 507 5275 569 5328; x_wconf 83' lang='grc' dir='ltr'><strong>τὸ</strong></span> <span class='ocrx_word' id='word_1_488' title='bbox 584 5276 783 5329; x_wconf 82' lang='grc' dir='ltr'>ἄτοπον</span> <span class='ocrx_word' id='word_1_489' title='bbox 811 5293 823 5305; x_wconf 89' lang='grc'><strong>·</strong></span> <span class='ocrx_word' id='word_1_490' title='bbox 847 5270 980 5341; x_wconf 74' lang='grc' dir='ltr'>οἷον,</span> <span class='ocrx_word' id='word_1_491' title='bbox 1017 5276 1176 5347; x_wconf 85' lang='grc' dir='ltr'>μόνος</span> <span class='ocrx_word' id='word_1_492' title='bbox 1215 5277 1244 5327; x_wconf 85' lang='grc' dir='ltr'>ὁ</span> <span class='ocrx_word' id='word_1_493' title='bbox 1273 5275 1557 5346; x_wconf 81' lang='grc' dir='ltr'>ἄνθρωπος</span> <span class='ocrx_word' id='word_1_494' title='bbox 1577 5275 1821 5345; x_wconf 75' lang='grc' dir='ltr'>γελαστι-</span> 
     </span>
    </p>
   </div>
   <div class='ocr_carea' id='block_1_70' title="bbox 241 5367 1814 5452">
    <p class='ocr_par' dir='ltr' id='par_1_70' title="bbox 241 5367 1814 5452">
     <span class='ocr_line' id='line_1_71' title="bbox 241 5367 1814 5452; baseline 0 -30"><span class='ocrx_word' id='word_1_495' title='bbox 241 5368 358 5422; x_wconf 75' lang='grc' dir='ltr'>κόνο</span> <span class='ocrx_word' id='word_1_496' title='bbox 381 5370 487 5422; x_wconf 80' lang='grc' dir='ltr'>πᾶν</span> <span class='ocrx_word' id='word_1_497' title='bbox 503 5368 819 5437; x_wconf 82' lang='grc' dir='ltr'>γελαστικὸν</span> <span class='ocrx_word' id='word_1_498' title='bbox 838 5369 994 5433; x_wconf 76' lang='grc' dir='ltr'>ζῶονο</span> <span class='ocrx_word' id='word_1_499' title='bbox 1019 5367 1180 5437; x_wconf 88' lang='grc' dir='ltr'>μόνος</span> <span class='ocrx_word' id='word_1_500' title='bbox 1195 5369 1341 5438; x_wconf 83' lang='grc' dir='ltr'><strong>ἄραὸ</strong></span> <span class='ocrx_word' id='word_1_501' title='bbox 1357 5367 1640 5452; x_wconf 71' lang='grc' dir='ltr'>ἄνθρωπος</span> <span class='ocrx_word' id='word_1_502' title='bbox 1659 5367 1814 5431; x_wconf 75' lang='grc' dir='ltr'>ζῶονο</span> 
     </span>
    </p>
   </div>
   <div class='ocr_carea' id='block_1_71' title="bbox 319 5542 1819 5618">
    <p class='ocr_par' dir='ltr' id='par_1_71' title="bbox 319 5542 1819 5618">
     <span class='ocr_line' id='line_1_72' title="bbox 319 5542 1819 5618; baseline -0.002 -19"><span class='ocrx_word' id='word_1_503' title='bbox 319 5546 339 5615; x_wconf 81' lang='grc'><strong><em>(</em></strong></span> <span class='ocrx_word' id='word_1_504' title='bbox 346 5545 430 5618; x_wconf 85' lang='grc'><strong>19)</strong></span> <span class='ocrx_word' id='word_1_505' title='bbox 474 5545 782 5618; x_wconf 54' lang='grc' dir='ltr'><strong>Τοιούτωνἐ</strong></span> <span class='ocrx_word' id='word_1_506' title='bbox 819 5542 1134 5618; x_wconf 58' lang='lat' dir='ltr'><strong>Legendum</strong></span> <span class='ocrx_word' id='word_1_507' title='bbox 1164 5544 1260 5618; x_wconf 62' lang='grc' dir='ltr'>κα).</span> <span class='ocrx_word' id='word_1_508' title='bbox 1282 5543 1392 5618; x_wconf 76' lang='grc' dir='ltr'><strong>τῶν</strong></span> <span class='ocrx_word' id='word_1_509' title='bbox 1412 5543 1671 5618; x_wconf 77' lang='grc' dir='ltr'>τοιούτων</span> <span class='ocrx_word' id='word_1_510' title='bbox 1695 5545 1819 5596; x_wconf 84' lang='grc' dir='ltr'>ἰδεῖν</span> 
     </span>
    </p>
   </div>
   <div class='ocr_carea' id='block_1_72' title="bbox 249 5613 1820 5686">
    <p class='ocr_par' dir='ltr' id='par_1_72' title="bbox 249 5613 1820 5686">
     <span class='ocr_line' id='line_1_73' title="bbox 249 5613 1820 5686; baseline 0.001 -19"><span class='ocrx_word' id='word_1_511' title='bbox 249 5613 387 5680; x_wconf 82' lang='grc' dir='ltr'>ἐστι,</span> <span class='ocrx_word' id='word_1_512' title='bbox 413 5613 481 5671; x_wconf 81' lang='grc' dir='ltr'><strong>ἰιι</strong></span> <span class='ocrx_word' id='word_1_513' title='bbox 511 5616 723 5670; x_wconf 83' lang='lat' dir='ltr'><strong>monuit</strong></span> <span class='ocrx_word' id='word_1_514' title='bbox 750 5613 1105 5686; x_wconf 76' lang='lat' dir='ltr'><strong>Sylburgius,</strong></span> <span class='ocrx_word' id='word_1_515' title='bbox 1154 5616 1248 5684; x_wconf 90' lang='lat' dir='ltr'><strong>qui</strong></span> <span class='ocrx_word' id='word_1_516' title='bbox 1297 5614 1431 5669; x_wconf 92' lang='lat' dir='ltr'><strong>illud</strong></span> <span class='ocrx_word' id='word_1_517' title='bbox 1464 5615 1529 5686; x_wconf 77' lang='grc' dir='ltr'>ἢν</span> <span class='ocrx_word' id='word_1_518' title='bbox 1561 5616 1698 5678; x_wconf 84' lang='grc' dir='ltr'>τέως</span> <span class='ocrx_word' id='word_1_519' title='bbox 1727 5631 1820 5684; x_wconf 87' lang='lat' dir='ltr'><strong>pa-</strong></span> 
     </span>
    </p>
   </div>
   <div class='ocr_carea' id='block_1_73' title="bbox 247 5687 1031 5741">
    <p class='ocr_par' dir='ltr' id='par_1_73' title="bbox 247 5687 1031 5741">
     <span class='ocr_line' id='line_1_74' title="bbox 247 5687 1031 5741; baseline -0.003 -3"><span class='ocrx_word' id='word_1_520' title='bbox 247 5701 371 5738; x_wconf 86' lang='lat' dir='ltr'><strong>rum</strong></span> <span class='ocrx_word' id='word_1_521' title='bbox 405 5687 514 5741; x_wconf 82' lang='lat' dir='ltr'><strong>liuc</strong></span> <span class='ocrx_word' id='word_1_522' title='bbox 545 5687 722 5740; x_wconf 81' lang='lat' dir='ltr'><strong>facere</strong></span> <span class='ocrx_word' id='word_1_523' title='bbox 760 5687 1031 5739; x_wconf 78' lang='lat' dir='ltr'><strong>observat.</strong></span> 
     </span>
    </p>
   </div>
   <div class='ocr_carea' id='block_1_74' title="bbox 325 5754 1818 5827">
    <p class='ocr_par' dir='ltr' id='par_1_74' title="bbox 325 5754 1818 5827">
     <span class='ocr_line' id='line_1_75' title="bbox 325 5754 1818 5827; baseline -0.003 -17"><span class='ocrx_word' id='word_1_524' title='bbox 325 5756 436 5827; x_wconf 68' lang='lat'><strong>(20)</strong></span> <span class='ocrx_word' id='word_1_525' title='bbox 482 5757 823 5827; x_wconf 65' lang='grc' dir='ltr'>Ἐνούντων.</span> <span class='ocrx_word' id='word_1_526' title='bbox 849 5755 993 5827; x_wconf 78' lang='lat' dir='ltr'><strong>Lego</strong></span> <span class='ocrx_word' id='word_1_527' title='bbox 1022 5754 1370 5827; x_wconf 66' lang='lat' dir='ltr'><strong>dvudv&#39;cwv_et</strong></span> <span class='ocrx_word' id='word_1_528' title='bbox 1401 5770 1523 5827; x_wconf 65' lang='grc' dir='ltr'><strong>ηιοέ</strong></span> <span class='ocrx_word' id='word_1_529' title='bbox 1558 5755 1818 5824; x_wconf 77' lang='grc' dir='ltr'>ζητητέον</span> 
     </span>
    </p>
   </div>
   <div class='ocr_carea' id='block_1_75' title="bbox 246 5823 1816 5897">
    <p class='ocr_par' dir='ltr' id='par_1_75' title="bbox 246 5823 1816 5897">
     <span class='ocr_line' id='line_1_76' title="bbox 246 5823 1816 5897; baseline 0.001 -19"><span class='ocrx_word' id='word_1_530' title='bbox 246 5823 354 5879; x_wconf 77' lang='grc' dir='ltr'><strong>τῶν</strong></span> <span class='ocrx_word' id='word_1_531' title='bbox 387 5823 772 5897; x_wconf 80' lang='grc' dir='ltr'>γενναιοτέρων</span> <span class='ocrx_word' id='word_1_532' title='bbox 793 5845 843 5880; x_wconf 89' lang='grc' dir='ltr'><strong>τι</strong></span> <span class='ocrx_word' id='word_1_533' title='bbox 862 5823 954 5878; x_wconf 67' lang='grc' dir='ltr'>καὶ</span> <span class='ocrx_word' id='word_1_534' title='bbox 972 5825 1247 5896; x_wconf 73' lang='grc' dir='ltr'>θαύματος</span> <span class='ocrx_word' id='word_1_535' title='bbox 1275 5823 1440 5889; x_wconf 81' lang='grc' dir='ltr'>ἄξιον.</span> <span class='ocrx_word' id='word_1_536' title='bbox 1475 5823 1632 5880; x_wconf 80' lang='lat' dir='ltr'><strong>Forte</strong></span> <span class='ocrx_word' id='word_1_537' title='bbox 1655 5823 1816 5881; x_wconf 79' lang='lat' dir='ltr'><strong>etiam</strong></span> 
     </span>
    </p>
   </div>
   <div class='ocr_carea' id='block_1_76' title="bbox 1907 1973 3487 2049">
    <p class='ocr_par' dir='ltr' id='par_1_76' title="bbox 1907 1973 3487 2049">
     <span class='ocr_line' id='line_1_77' title="bbox 1907 1973 3487 2049; baseline -0.006 -15"><span class='ocrx_word' id='word_1_538' title='bbox 1907 1979 2194 2049; x_wconf 62' lang='lat' dir='ltr'><strong>prmsentia</strong></span> <span class='ocrx_word' id='word_1_539' title='bbox 2224 1994 2292 2033; x_wconf 80' lang='lat' dir='ltr'><strong>ex</strong></span> <span class='ocrx_word' id='word_1_540' title='bbox 2319 1979 2506 2032; x_wconf 89' lang='lat' dir='ltr'><strong>multis</strong></span> <span class='ocrx_word' id='word_1_541' title='bbox 2541 1993 2714 2047; x_wconf 89' lang='lat' dir='ltr'><strong>pauca</strong></span> <span class='ocrx_word' id='word_1_542' title='bbox 2743 1995 2757 2044; x_wconf 93' lang='lat'>;</span> <span class='ocrx_word' id='word_1_543' title='bbox 2786 1991 2914 2030; x_wconf 88' lang='lat' dir='ltr'><strong>nam</strong></span> <span class='ocrx_word' id='word_1_544' title='bbox 2947 1975 2992 2030; x_wconf 91' lang='lat' dir='ltr'><strong>si</strong></span> <span class='ocrx_word' id='word_1_545' title='bbox 3020 1973 3306 2038; x_wconf 84' lang='lat' dir='ltr'><strong>vellemus,</strong></span> <span class='ocrx_word' id='word_1_546' title='bbox 3338 1987 3487 2041; x_wconf 83' lang='lat' dir='ltr'><strong>quae—</strong></span> 
     </span>
    </p>
   </div>
   <div class='ocr_carea' id='block_1_77' title="bbox 1905 2066 3484 2141">
    <p class='ocr_par' dir='ltr' id='par_1_77' title="bbox 1905 2066 3484 2141">
     <span class='ocr_line' id='line_1_78' title="bbox 1905 2066 3484 2141; baseline -0.009 -13"><span class='ocrx_word' id='word_1_547' title='bbox 1905 2073 2138 2128; x_wconf 83' lang='lat' dir='ltr'><strong>rendum</strong></span> <span class='ocrx_word' id='word_1_548' title='bbox 2177 2072 2342 2125; x_wconf 88' lang='lat' dir='ltr'><strong>etiam</strong></span> <span class='ocrx_word' id='word_1_549' title='bbox 2376 2081 2523 2128; x_wconf 86' lang='lat' dir='ltr'><strong>esset</strong></span> <span class='ocrx_word' id='word_1_550' title='bbox 2555 2070 2684 2141; x_wconf 89' lang='lat' dir='ltr'><strong>quid</strong></span> <span class='ocrx_word' id='word_1_551' title='bbox 2715 2071 2788 2126; x_wconf 88' lang='lat' dir='ltr'><strong>sit</strong></span> <span class='ocrx_word' id='word_1_552' title='bbox 2816 2084 3049 2138; x_wconf 90' lang='lat' dir='ltr'><strong>corpus,</strong></span> <span class='ocrx_word' id='word_1_553' title='bbox 3090 2075 3145 2121; x_wconf 89' lang='lat' dir='ltr'><strong>et</strong></span> <span class='ocrx_word' id='word_1_554' title='bbox 3186 2066 3388 2136; x_wconf 86' lang='lat' dir='ltr'><strong>quibus</strong></span> <span class='ocrx_word' id='word_1_555' title='bbox 3419 2079 3484 2117; x_wconf 80' lang='lat' dir='ltr'><strong>ex</strong></span> 
     </span>
    </p>
   </div>
   <div class='ocr_carea' id='block_1_78' title="bbox 1906 2154 3487 2239">
    <p class='ocr_par' dir='ltr' id='par_1_78' title="bbox 1906 2154 3487 2239">
     <span class='ocr_line' id='line_1_79' title="bbox 1906 2154 3487 2239; baseline -0.008 -18"><span class='ocrx_word' id='word_1_556' title='bbox 1906 2169 2072 2224; x_wconf 89' lang='lat' dir='ltr'><strong>rebus</strong></span> <span class='ocrx_word' id='word_1_557' title='bbox 2103 2184 2338 2239; x_wconf 90' lang='lat' dir='ltr'><strong>corpus,</strong></span> <span class='ocrx_word' id='word_1_558' title='bbox 2367 2174 2424 2220; x_wconf 89' lang='lat' dir='ltr'><strong>et</strong></span> <span class='ocrx_word' id='word_1_559' title='bbox 2454 2180 2579 2236; x_wconf 74' lang='lat' dir='ltr'><strong>quae</strong></span> <span class='ocrx_word' id='word_1_560' title='bbox 2618 2163 2686 2219; x_wconf 93' lang='lat' dir='ltr'><strong>de</strong></span> <span class='ocrx_word' id='word_1_561' title='bbox 2725 2163 2814 2218; x_wconf 87' lang='lat' dir='ltr'><strong>bis</strong></span> <span class='ocrx_word' id='word_1_562' title='bbox 2839 2168 3130 2217; x_wconf 89' lang='lat' dir='ltr'><strong>moventur</strong></span> <span class='ocrx_word' id='word_1_563' title='bbox 3161 2157 3350 2214; x_wconf 91' lang='lat' dir='ltr'><strong>dubia.</strong></span> <span class='ocrx_word' id='word_1_564' title='bbox 3380 2154 3487 2210; x_wconf 83' lang='lat' dir='ltr'><strong>Ve-</strong></span> 
     </span>
    </p>
   </div>
   <div class='ocr_carea' id='block_1_79' title="bbox 1906 2248 3489 2322">
    <p class='ocr_par' dir='ltr' id='par_1_79' title="bbox 1906 2248 3489 2322">
     <span class='ocr_line' id='line_1_80' title="bbox 1906 2248 3489 2322; baseline -0.009 -7"><span class='ocrx_word' id='word_1_565' title='bbox 1906 2275 2030 2315; x_wconf 90' lang='lat' dir='ltr'><strong>rum</strong></span> <span class='ocrx_word' id='word_1_566' title='bbox 2074 2260 2229 2314; x_wconf 91' lang='lat' dir='ltr'><strong>hisce</strong></span> <span class='ocrx_word' id='word_1_567' title='bbox 2258 2257 2601 2322; x_wconf 63' lang='lat' dir='ltr'><strong>relictis,,ut</strong></span> <span class='ocrx_word' id='word_1_568' title='bbox 2635 2255 2843 2310; x_wconf 91' lang='lat' dir='ltr'><strong>nullius</strong></span> <span class='ocrx_word' id='word_1_569' title='bbox 2871 2252 3136 2308; x_wconf 86' lang='lat' dir='ltr'><strong>momenti</strong></span> <span class='ocrx_word' id='word_1_570' title='bbox 3169 2248 3489 2322; x_wconf 53' lang='lat' dir='ltr'><strong>qumslionid</strong></span> 
     </span>
    </p>
   </div>
   <div class='ocr_carea' id='block_1_80' title="bbox 1906 2337 3491 2418">
    <p class='ocr_par' dir='ltr' id='par_1_80' title="bbox 1906 2337 3491 2418">
     <span class='ocr_line' id='line_1_81' title="bbox 1906 2337 3491 2418; baseline -0.008 -14"><span class='ocrx_word' id='word_1_571' title='bbox 1906 2349 2033 2414; x_wconf 87' lang='lat' dir='ltr'><strong>bus,</strong></span> <span class='ocrx_word' id='word_1_572' title='bbox 2074 2347 2295 2418; x_wconf 89' lang='lat' dir='ltr'><strong>gravius</strong></span> <span class='ocrx_word' id='word_1_573' title='bbox 2324 2346 2604 2418; x_wconf 86' lang='lat' dir='ltr'><strong>quidpiam</strong></span> <span class='ocrx_word' id='word_1_574' title='bbox 2635 2350 2690 2399; x_wconf 87' lang='lat' dir='ltr'><strong>et</strong></span> <span class='ocrx_word' id='word_1_575' title='bbox 2723 2343 3031 2398; x_wconf 88' lang='lat' dir='ltr'><strong>mirabilius</strong></span> <span class='ocrx_word' id='word_1_576' title='bbox 3053 2357 3119 2396; x_wconf 80' lang='lat' dir='ltr'><strong>ex</strong></span> <span class='ocrx_word' id='word_1_577' title='bbox 3141 2354 3238 2403; x_wconf 83' lang='lat' dir='ltr'><strong>ea,</strong></span> <span class='ocrx_word' id='word_1_578' title='bbox 3271 2354 3393 2409; x_wconf 65' lang='lat' dir='ltr'><strong>qua:</strong></span> <span class='ocrx_word' id='word_1_579' title='bbox 3420 2337 3491 2392; x_wconf 91' lang='lat' dir='ltr'><strong>de</strong></span> 
     </span>
    </p>
   </div>
   <div class='ocr_carea' id='block_1_81' title="bbox 1906 2425 3490 2506">
    <p class='ocr_par' dir='ltr' id='par_1_81' title="bbox 1906 2425 3490 2506">
     <span class='ocr_line' id='line_1_82' title="bbox 1906 2425 3490 2506; baseline -0.009 -12"><span class='ocrx_word' id='word_1_580' title='bbox 1906 2440 2314 2495; x_wconf 86' lang='lat' dir='ltr'><strong>resurrectione</strong></span> <span class='ocrx_word' id='word_1_581' title='bbox 2362 2446 2477 2504; x_wconf 91' lang='lat' dir='ltr'><strong>est,</strong></span> <span class='ocrx_word' id='word_1_582' title='bbox 2515 2436 2887 2506; x_wconf 84' lang='lat' dir='ltr'><strong>disputatione</strong></span> <span class='ocrx_word' id='word_1_583' title='bbox 2927 2444 3320 2504; x_wconf 86' lang='lat' dir='ltr'><strong>proponamus.</strong></span> <span class='ocrx_word' id='word_1_584' title='bbox 3363 2425 3490 2480; x_wconf 68' lang='lat' dir='ltr'><strong>llatc</strong></span> 
     </span>
    </p>
   </div>
   <div class='ocr_carea' id='block_1_82' title="bbox 1907 2518 3492 2600">
    <p class='ocr_par' dir='ltr' id='par_1_82' title="bbox 1907 2518 3492 2600">
     <span class='ocr_line' id='line_1_83' title="bbox 1907 2518 3492 2600; baseline -0.009 -13"><span class='ocrx_word' id='word_1_585' title='bbox 1907 2533 2052 2587; x_wconf 88' lang='lat' dir='ltr'><strong>enim</strong></span> <span class='ocrx_word' id='word_1_586' title='bbox 2082 2547 2192 2585; x_wconf 88' lang='lat' dir='ltr'><strong>una</strong></span> <span class='ocrx_word' id='word_1_587' title='bbox 2224 2537 2398 2586; x_wconf 81' lang='lat' dir='ltr'><strong>estex</strong></span> <span class='ocrx_word' id='word_1_588' title='bbox 2428 2528 2685 2600; x_wconf 75' lang='lat' dir='ltr'><strong>gravibus</strong></span> <span class='ocrx_word' id='word_1_589' title='bbox 2708 2525 3127 2598; x_wconf 66' lang='lat' dir='ltr'><strong>quaestionibus,</strong></span> <span class='ocrx_word' id='word_1_590' title='bbox 3161 2535 3284 2592; x_wconf 69' lang='lat' dir='ltr'><strong>qua:</strong></span> <span class='ocrx_word' id='word_1_591' title='bbox 3305 2519 3374 2573; x_wconf 87' lang='lat' dir='ltr'><strong>ab</strong></span> <span class='ocrx_word' id='word_1_592' title='bbox 3399 2518 3492 2573; x_wconf 88' lang='lat' dir='ltr'><strong>bo-</strong></span> 
     </span>
    </p>
   </div>
   <div class='ocr_carea' id='block_1_83' title="bbox 1909 2611 3451 2690">
    <p class='ocr_par' dir='ltr' id='par_1_83' title="bbox 1909 2611 3451 2690">
     <span class='ocr_line' id='line_1_84' title="bbox 1909 2611 3451 2690; baseline -0.006 -14"><span class='ocrx_word' id='word_1_593' title='bbox 1909 2622 2151 2677; x_wconf 90' lang='lat' dir='ltr'><strong>minibus</strong></span> <span class='ocrx_word' id='word_1_594' title='bbox 2176 2637 2340 2677; x_wconf 85' lang='lat' dir='ltr'><strong>saxeo</strong></span> <span class='ocrx_word' id='word_1_595' title='bbox 2368 2620 2535 2676; x_wconf 91' lang='lat' dir='ltr'><strong>corde</strong></span> <span class='ocrx_word' id='word_1_596' title='bbox 2555 2619 2801 2690; x_wconf 67' lang='lat' dir='ltr'><strong>praeditis</strong></span> <span class='ocrx_word' id='word_1_597' title='bbox 2825 2622 3135 2672; x_wconf 86' lang='lat' dir='ltr'><strong>moventur.</strong></span> <span class='ocrx_word' id='word_1_598' title='bbox 3448 2611 3451 2614; x_wconf 73' lang='grc'><em>’</em></span> 
     </span>
    </p>
   </div>
   <div class='ocr_carea' id='block_1_84' title="bbox 1913 2712 3489 2785">
    <p class='ocr_par' dir='ltr' id='par_1_84' title="bbox 1913 2712 3489 2785">
     <span class='ocr_line' id='line_1_85' title="bbox 1913 2712 3489 2785; baseline -0.008 -14"><span class='ocrx_word' id='word_1_599' title='bbox 1913 2740 1951 2782; x_wconf 51' lang='grc' dir='ltr'>κ,</span> <span class='ocrx_word' id='word_1_600' title='bbox 1981 2715 2071 2770; x_wconf 81' lang='grc'><strong>15.</strong></span> <span class='ocrx_word' id='word_1_601' title='bbox 2107 2714 2243 2769; x_wconf 88' lang='lat' dir='ltr'><strong>Nam</strong></span> <span class='ocrx_word' id='word_1_602' title='bbox 2272 2715 2342 2779; x_wconf 88' lang='lat' dir='ltr'><strong>si,</strong></span> <span class='ocrx_word' id='word_1_603' title='bbox 2374 2713 2587 2785; x_wconf 89' lang='lat' dir='ltr'><strong>inquit,</strong></span> <span class='ocrx_word' id='word_1_604' title='bbox 2634 2712 2888 2767; x_wconf 88' lang='lat' dir='ltr'><strong>homines</strong></span> <span class='ocrx_word' id='word_1_605' title='bbox 2917 2717 3166 2765; x_wconf 89' lang='lat' dir='ltr'><strong>mortuos</strong></span> <span class='ocrx_word' id='word_1_606' title='bbox 3200 2719 3489 2777; x_wconf 79' lang='lat' dir='ltr'><strong>resurgere</strong></span> 
     </span>
    </p>
   </div>
   <div class='ocr_carea' id='block_1_85' title="bbox 1910 2790 3488 2881">
    <p class='ocr_par' dir='ltr' id='par_1_85' title="bbox 1910 2790 3488 2881">
     <span class='ocr_line' id='line_1_86' title="bbox 1910 2790 3488 2881; baseline -0.009 -16"><span class='ocrx_word' id='word_1_607' title='bbox 1910 2817 2127 2881; x_wconf 87' lang='lat' dir='ltr'><strong>oportet</strong></span> <span class='ocrx_word' id='word_1_608' title='bbox 2147 2809 2428 2880; x_wconf 82' lang='lat' dir='ltr'><strong>integros:</strong></span> <span class='ocrx_word' id='word_1_609' title='bbox 2459 2807 2503 2861; x_wconf 89' lang='lat' dir='ltr'><strong>si</strong></span> <span class='ocrx_word' id='word_1_610' title='bbox 2533 2806 2744 2860; x_wconf 88' lang='lat' dir='ltr'><strong>accidat</strong></span> <span class='ocrx_word' id='word_1_611' title='bbox 2766 2790 2827 2858; x_wconf 77' lang='lat' dir='ltr'><strong>ut</strong></span> <span class='ocrx_word' id='word_1_612' title='bbox 2850 2804 3013 2859; x_wconf 85' lang='lat' dir='ltr'><strong>homo</strong></span> <span class='ocrx_word' id='word_1_613' title='bbox 3037 2804 3093 2856; x_wconf 90' lang='lat' dir='ltr'><strong>in</strong></span> <span class='ocrx_word' id='word_1_614' title='bbox 3117 2800 3252 2855; x_wconf 86' lang='lat' dir='ltr'><strong>mari</strong></span> <span class='ocrx_word' id='word_1_615' title='bbox 3277 2804 3488 2870; x_wconf 86' lang='lat' dir='ltr'><strong>pereat,</strong></span> 
     </span>
    </p>
   </div>
   <div class='ocr_carea' id='block_1_86' title="bbox 1912 2888 3493 2969">
    <p class='ocr_par' dir='ltr' id='par_1_86' title="bbox 1912 2888 3493 2969">
     <span class='ocr_line' id='line_1_87' title="bbox 1912 2888 3493 2969; baseline -0.009 -15"><span class='ocrx_word' id='word_1_616' title='bbox 1912 2916 1976 2956; x_wconf 90' lang='lat' dir='ltr'><strong>ac</strong></span> <span class='ocrx_word' id='word_1_617' title='bbox 2005 2899 2202 2956; x_wconf 92' lang='lat' dir='ltr'><strong>deinde</strong></span> <span class='ocrx_word' id='word_1_618' title='bbox 2250 2915 2281 2953; x_wconf 92' lang='lat' dir='ltr'><strong>a</strong></span> <span class='ocrx_word' id='word_1_619' title='bbox 2329 2898 2577 2969; x_wconf 88' lang='lat' dir='ltr'><strong>piscibus</strong></span> <span class='ocrx_word' id='word_1_620' title='bbox 2607 2904 2865 2961; x_wconf 88' lang='lat' dir='ltr'><strong>voratus,</strong></span> <span class='ocrx_word' id='word_1_621' title='bbox 2901 2908 3121 2949; x_wconf 87' lang='lat' dir='ltr'><strong>rursum</strong></span> <span class='ocrx_word' id='word_1_622' title='bbox 3162 2891 3285 2945; x_wconf 87' lang='lat' dir='ltr'><strong>aliis</strong></span> <span class='ocrx_word' id='word_1_623' title='bbox 3312 2888 3493 2943; x_wconf 82' lang='lat' dir='ltr'><strong>horni-</strong></span> 
     </span>
    </p>
   </div>
   <div class='ocr_carea' id='block_1_87' title="bbox 1910 2981 3494 3064">
    <p class='ocr_par' dir='ltr' id='par_1_87' title="bbox 1910 2981 3494 3064">
     <span class='ocr_line' id='line_1_88' title="bbox 1910 2981 3494 3064; baseline -0.009 -14"><span class='ocrx_word' id='word_1_624' title='bbox 1910 2995 2099 3058; x_wconf 88' lang='lat' dir='ltr'><strong>nibus,</strong></span> <span class='ocrx_word' id='word_1_625' title='bbox 2135 2993 2230 3064; x_wconf 91' lang='lat' dir='ltr'><strong>qui</strong></span> <span class='ocrx_word' id='word_1_626' title='bbox 2261 2981 2453 3062; x_wconf 83' lang='lat' dir='ltr'><strong>pisces</strong></span> <span class='ocrx_word' id='word_1_627' title='bbox 2487 3006 2584 3046; x_wconf 91' lang='lat' dir='ltr'><strong>eos</strong></span> <span class='ocrx_word' id='word_1_628' title='bbox 2610 2991 2855 3054; x_wconf 89' lang='lat' dir='ltr'><strong>ederint,</strong></span> <span class='ocrx_word' id='word_1_629' title='bbox 2885 3004 3012 3043; x_wconf 87' lang='lat' dir='ltr'><strong>esca</strong></span> <span class='ocrx_word' id='word_1_630' title='bbox 3039 2987 3132 3040; x_wconf 83' lang='lat' dir='ltr'><strong>ﬁat</strong></span> <span class='ocrx_word' id='word_1_631' title='bbox 3167 3004 3180 3040; x_wconf 91' lang='lat'><strong>:</strong></span> <span class='ocrx_word' id='word_1_632' title='bbox 3216 2981 3494 3054; x_wconf 90' lang='lat' dir='ltr'><strong>quomodo</strong></span> 
     </span>
    </p>
   </div>
   <div class='ocr_carea' id='block_1_88' title="bbox 1911 3071 3494 3148">
    <p class='ocr_par' dir='ltr' id='par_1_88' title="bbox 1911 3071 3494 3148">
     <span class='ocr_line' id='line_1_89' title="bbox 1911 3071 3494 3148; baseline -0.009 -7"><span class='ocrx_word' id='word_1_633' title='bbox 1911 3102 2108 3142; x_wconf 86' lang='lat' dir='ltr'><strong>carnes</strong></span> <span class='ocrx_word' id='word_1_634' title='bbox 2135 3099 2268 3140; x_wconf 90' lang='lat' dir='ltr'><strong>suas</strong></span> <span class='ocrx_word' id='word_1_635' title='bbox 2298 3085 2368 3138; x_wconf 89' lang='lat' dir='ltr'><strong>ab</strong></span> <span class='ocrx_word' id='word_1_636' title='bbox 2393 3083 2516 3137; x_wconf 91' lang='lat' dir='ltr'><strong>aliis</strong></span> <span class='ocrx_word' id='word_1_637' title='bbox 2543 3082 2859 3137; x_wconf 81' lang='lat' dir='ltr'><strong>hominibus</strong></span> <span class='ocrx_word' id='word_1_638' title='bbox 2887 3071 3245 3148; x_wconf 81' lang='lat' dir='ltr'><strong>consumptas</strong></span> <span class='ocrx_word' id='word_1_639' title='bbox 3273 3089 3494 3144; x_wconf 88' lang='lat' dir='ltr'><strong>recupe-</strong></span> 
     </span>
    </p>
   </div>
   <div class='ocr_carea' id='block_1_89' title="bbox 1912 3168 3493 3233">
    <p class='ocr_par' dir='ltr' id='par_1_89' title="bbox 1912 3168 3493 3233">
     <span class='ocr_line' id='line_1_90' title="bbox 1912 3168 3493 3233; baseline -0.008 0"><span class='ocrx_word' id='word_1_640' title='bbox 1912 3179 2100 3233; x_wconf 80' lang='lat' dir='ltr'><strong>rabit?</strong></span> <span class='ocrx_word' id='word_1_641' title='bbox 2132 3175 2230 3232; x_wconf 82' lang='lat' dir='ltr'><strong>Vel</strong></span> <span class='ocrx_word' id='word_1_642' title='bbox 2255 3178 2401 3231; x_wconf 89' lang='lat' dir='ltr'><strong>enim</strong></span> <span class='ocrx_word' id='word_1_643' title='bbox 2427 3177 2574 3230; x_wconf 86' lang='lat' dir='ltr'><strong>hunc</strong></span> <span class='ocrx_word' id='word_1_644' title='bbox 2598 3189 2826 3230; x_wconf 87' lang='lat' dir='ltr'><strong>necesse</strong></span> <span class='ocrx_word' id='word_1_645' title='bbox 2851 3181 2936 3228; x_wconf 89' lang='lat' dir='ltr'><strong>est</strong></span> <span class='ocrx_word' id='word_1_646' title='bbox 2971 3173 3090 3226; x_wconf 90' lang='lat' dir='ltr'><strong>sine</strong></span> <span class='ocrx_word' id='word_1_647' title='bbox 3119 3168 3381 3223; x_wconf 89' lang='lat' dir='ltr'><strong>carnibus</strong></span> <span class='ocrx_word' id='word_1_648' title='bbox 3405 3180 3493 3220; x_wconf 84' lang='lat' dir='ltr'><strong>re-</strong></span> 
     </span>
    </p>
   </div>
   <div class='ocr_carea' id='block_1_90' title="bbox 1917 3260 3493 3345">
    <p class='ocr_par' dir='ltr' id='par_1_90' title="bbox 1917 3260 3493 3345">
     <span class='ocr_line' id='line_1_91' title="bbox 1917 3260 3493 3345; baseline -0.011 -16"><span class='ocrx_word' id='word_1_649' title='bbox 1917 3289 2177 3345; x_wconf 78' lang='lat' dir='ltr'><strong>surgere,</strong></span> <span class='ocrx_word' id='word_1_650' title='bbox 2211 3287 2349 3343; x_wconf 90' lang='lat' dir='ltr'><strong>quas</strong></span> <span class='ocrx_word' id='word_1_651' title='bbox 2391 3271 2483 3324; x_wconf 87' lang='lat' dir='ltr'><strong>alii</strong></span> <span class='ocrx_word' id='word_1_652' title='bbox 2529 3269 2780 3324; x_wconf 85' lang='lat' dir='ltr'><strong>homines</strong></span> <span class='ocrx_word' id='word_1_653' title='bbox 2831 3264 3228 3321; x_wconf 89' lang='lat' dir='ltr'><strong>interveniente</strong></span> <span class='ocrx_word' id='word_1_654' title='bbox 3257 3260 3493 3332; x_wconf 73' lang='lat' dir='ltr'><strong>piscium</strong></span> 
     </span>
    </p>
   </div>
   <div class='ocr_carea' id='block_1_91' title="bbox 1914 3352 3493 3434">
    <p class='ocr_par' dir='ltr' id='par_1_91' title="bbox 1914 3352 3493 3434">
     <span class='ocr_line' id='line_1_92' title="bbox 1914 3352 3493 3434; baseline -0.011 -11"><span class='ocrx_word' id='word_1_655' title='bbox 1914 3383 2036 3431; x_wconf 89' lang='lat' dir='ltr'><strong>esu,</strong></span> <span class='ocrx_word' id='word_1_656' title='bbox 2065 3374 2125 3420; x_wconf 94' lang='lat' dir='ltr'><strong>ut</strong></span> <span class='ocrx_word' id='word_1_657' title='bbox 2159 3380 2302 3434; x_wconf 62' lang='lat' dir='ltr'><strong>saepe</strong></span> <span class='ocrx_word' id='word_1_658' title='bbox 2324 3363 2530 3417; x_wconf 89' lang='lat' dir='ltr'><strong>dictum</strong></span> <span class='ocrx_word' id='word_1_659' title='bbox 2559 3367 2665 3425; x_wconf 89' lang='lat' dir='ltr'><strong>est,</strong></span> <span class='ocrx_word' id='word_1_660' title='bbox 2699 3359 3079 3421; x_wconf 89' lang='lat' dir='ltr'><strong>comederunt,</strong></span> <span class='ocrx_word' id='word_1_661' title='bbox 3099 3355 3183 3410; x_wconf 92' lang='lat' dir='ltr'><strong>vel</strong></span> <span class='ocrx_word' id='word_1_662' title='bbox 3215 3352 3493 3408; x_wconf 74' lang='lat' dir='ltr'><strong>istos&#39;car-</strong></span> 
     </span>
    </p>
   </div>
   <div class='ocr_carea' id='block_1_92' title="bbox 1915 3447 3495 3522">
    <p class='ocr_par' dir='ltr' id='par_1_92' title="bbox 1915 3447 3495 3522">
     <span class='ocr_line' id='line_1_93' title="bbox 1915 3447 3495 3522; baseline -0.009 -12"><span class='ocrx_word' id='word_1_663' title='bbox 1915 3460 2067 3511; x_wconf 88' lang='lat' dir='ltr'><strong>nium</strong></span> <span class='ocrx_word' id='word_1_664' title='bbox 2100 3469 2326 3510; x_wconf 89' lang='lat' dir='ltr'><strong>suarum</strong></span> <span class='ocrx_word' id='word_1_665' title='bbox 2369 3452 2632 3522; x_wconf 78' lang='lat' dir='ltr'><strong>repetitas</strong></span> <span class='ocrx_word' id='word_1_666' title='bbox 2663 3458 2848 3520; x_wconf 89' lang='lat' dir='ltr'><strong>partes</strong></span> <span class='ocrx_word' id='word_1_667' title='bbox 2877 3449 3149 3518; x_wconf 86' lang='lat' dir='ltr'><strong>deponere</strong></span> <span class='ocrx_word' id='word_1_668' title='bbox 3183 3452 3239 3499; x_wconf 91' lang='lat' dir='ltr'><strong>et</strong></span> <span class='ocrx_word' id='word_1_669' title='bbox 3263 3447 3495 3498; x_wconf 82' lang='lat' dir='ltr'><strong>mancos</strong></span> 
     </span>
    </p>
   </div>
   <div class='ocr_carea' id='block_1_93' title="bbox 1917 3534 3496 3617">
    <p class='ocr_par' dir='ltr' id='par_1_93' title="bbox 1917 3534 3496 3617">
     <span class='ocr_line' id='line_1_94' title="bbox 1917 3534 3496 3617; baseline -0.009 -13"><span class='ocrx_word' id='word_1_670' title='bbox 1917 3550 2053 3614; x_wconf 82' lang='lat' dir='ltr'><strong>ﬁeri,</strong></span> <span class='ocrx_word' id='word_1_671' title='bbox 2085 3558 2145 3602; x_wconf 95' lang='lat' dir='ltr'><strong>ut</strong></span> <span class='ocrx_word' id='word_1_672' title='bbox 2173 3563 2313 3617; x_wconf 91' lang='lat' dir='ltr'><strong>quos</strong></span> <span class='ocrx_word' id='word_1_673' title='bbox 2363 3545 2551 3615; x_wconf 91' lang='lat' dir='ltr'><strong>inique</strong></span> <span class='ocrx_word' id='word_1_674' title='bbox 2591 3549 2955 3605; x_wconf 83' lang='lat' dir='ltr'><strong>voravcrunt,</strong></span> <span class='ocrx_word' id='word_1_675' title='bbox 3013 3540 3070 3594; x_wconf 91' lang='lat' dir='ltr'><strong>in</strong></span> <span class='ocrx_word' id='word_1_676' title='bbox 3115 3537 3203 3593; x_wconf 89' lang='lat' dir='ltr'><strong>bis</strong></span> <span class='ocrx_word' id='word_1_677' title='bbox 3253 3537 3308 3590; x_wconf 90' lang='lat' dir='ltr'><strong>id</strong></span> <span class='ocrx_word' id='word_1_678' title='bbox 3347 3534 3496 3605; x_wconf 85' lang='lat' dir='ltr'><strong>quod</strong></span> 
     </span>
    </p>
   </div>
   <div class='ocr_carea' id='block_1_94' title="bbox 1915 3625 3497 3707">
    <p class='ocr_par' dir='ltr' id='par_1_94' title="bbox 1915 3625 3497 3707">
     <span class='ocr_line' id='line_1_95' title="bbox 1915 3625 3497 3707; baseline -0.011 -13"><span class='ocrx_word' id='word_1_679' title='bbox 1915 3639 2070 3694; x_wconf 90' lang='lat' dir='ltr'><strong>deest</strong></span> <span class='ocrx_word' id='word_1_680' title='bbox 2106 3638 2382 3707; x_wconf 80' lang='lat' dir='ltr'><strong>expleant.</strong></span> <span class='ocrx_word' id='word_1_681' title='bbox 2414 3635 2591 3704; x_wconf 80' lang='lat' dir='ltr'><strong>Atque</strong></span> <span class='ocrx_word' id='word_1_682' title='bbox 2623 3634 2736 3686; x_wconf 66' lang='lat' dir='ltr'><strong>haec</strong></span> <span class='ocrx_word' id='word_1_683' title='bbox 2761 3631 2920 3701; x_wconf 88' lang='lat' dir='ltr'><strong>quasi</strong></span> <span class='ocrx_word' id='word_1_684' title='bbox 2963 3643 3060 3699; x_wconf 90' lang='lat' dir='ltr'><strong>per</strong></span> <span class='ocrx_word' id='word_1_685' title='bbox 3090 3627 3384 3682; x_wconf 88' lang='lat' dir='ltr'><strong>ridiculum</strong></span> <span class='ocrx_word' id='word_1_686' title='bbox 3411 3625 3497 3678; x_wconf 84' lang='lat' dir='ltr'><strong>di-</strong></span> 
     </span>
    </p>
   </div>
   <div class='ocr_carea' id='block_1_95' title="bbox 1915 3719 3494 3795">
    <p class='ocr_par' dir='ltr' id='par_1_95' title="bbox 1915 3719 3494 3795">
     <span class='ocr_line' id='line_1_96' title="bbox 1915 3719 3494 3795; baseline -0.011 -9"><span class='ocrx_word' id='word_1_687' title='bbox 1915 3739 2049 3786; x_wconf 92' lang='lat' dir='ltr'><strong>cunt</strong></span> <span class='ocrx_word' id='word_1_688' title='bbox 2075 3731 2326 3785; x_wconf 87' lang='lat' dir='ltr'><strong>homines</strong></span> <span class='ocrx_word' id='word_1_689' title='bbox 2358 3743 2524 3784; x_wconf 86' lang='lat' dir='ltr'><strong>saxeo</strong></span> <span class='ocrx_word' id='word_1_690' title='bbox 2558 3727 2742 3781; x_wconf 91' lang='lat' dir='ltr'><strong>corde.</strong></span> <span class='ocrx_word' id='word_1_691' title='bbox 2778 3723 2892 3795; x_wconf 80' lang='lat' dir='ltr'><strong>Ego</strong></span> <span class='ocrx_word' id='word_1_692' title='bbox 2920 3731 3103 3777; x_wconf 89' lang='lat' dir='ltr'><strong>autem</strong></span> <span class='ocrx_word' id='word_1_693' title='bbox 3133 3719 3396 3780; x_wconf 90' lang='lat' dir='ltr'><strong>obsecro,</strong></span> <span class='ocrx_word' id='word_1_694' title='bbox 3436 3722 3494 3769; x_wconf 88' lang='lat' dir='ltr'><strong>ut</strong></span> 
     </span>
    </p>
   </div>
   <div class='ocr_carea' id='block_1_96' title="bbox 1917 3816 3502 3893">
    <p class='ocr_par' dir='ltr' id='par_1_96' title="bbox 1917 3816 3502 3893">
     <span class='ocr_line' id='line_1_97' title="bbox 1917 3816 3502 3893; baseline -0.012 -15"><span class='ocrx_word' id='word_1_695' title='bbox 1917 3823 2124 3893; x_wconf 86' lang='lat' dir='ltr'><strong>absque</strong></span> <span class='ocrx_word' id='word_1_696' title='bbox 2153 3821 2496 3876; x_wconf 89' lang='lat' dir='ltr'><strong>dubitatione</strong></span> <span class='ocrx_word' id='word_1_697' title='bbox 2520 3819 2762 3874; x_wconf 91' lang='lat' dir='ltr'><strong>ediscam</strong></span> <span class='ocrx_word' id='word_1_698' title='bbox 2781 3816 3070 3878; x_wconf 86' lang='lat' dir='ltr'><strong>rationem,</strong></span> <span class='ocrx_word' id='word_1_699' title='bbox 3104 3826 3228 3882; x_wconf 78' lang='lat' dir='ltr'><strong>qua:</strong></span> <span class='ocrx_word' id='word_1_700' title='bbox 3252 3822 3502 3864; x_wconf 82' lang='lat' dir='ltr'><strong>resurre-</strong></span> 
     </span>
    </p>
   </div>
   <div class='ocr_carea' id='block_1_97' title="bbox 1916 3898 3495 3984">
    <p class='ocr_par' dir='ltr' id='par_1_97' title="bbox 1916 3898 3495 3984">
     <span class='ocr_line' id='line_1_98' title="bbox 1916 3898 3495 3984; baseline -0.015 -10"><span class='ocrx_word' id='word_1_701' title='bbox 1916 3921 2153 3974; x_wconf 89' lang='lat' dir='ltr'><strong>ctioncm</strong></span> <span class='ocrx_word' id='word_1_702' title='bbox 2178 3923 2411 3981; x_wconf 86' lang='lat' dir='ltr'><strong>astruat,</strong></span> <span class='ocrx_word' id='word_1_703' title='bbox 2448 3928 2679 3984; x_wconf 87' lang='lat' dir='ltr'><strong>eamque</strong></span> <span class='ocrx_word' id='word_1_704' title='bbox 2701 3907 3071 3966; x_wconf 87' lang='lat' dir='ltr'><strong>necessariam</strong></span> <span class='ocrx_word' id='word_1_705' title='bbox 3097 3918 3222 3958; x_wconf 86' lang='lat' dir='ltr'><strong>esse</strong></span> <span class='ocrx_word' id='word_1_706' title='bbox 3254 3898 3420 3955; x_wconf 87' lang='lat' dir='ltr'><strong>certis</strong></span> <span class='ocrx_word' id='word_1_707' title='bbox 3439 3907 3495 3951; x_wconf 88' lang='lat' dir='ltr'><strong>et</strong></span> 
     </span>
    </p>
   </div>
   <div class='ocr_carea' id='block_1_98' title="bbox 1916 3990 3494 4082">
    <p class='ocr_par' dir='ltr' id='par_1_98' title="bbox 1916 3990 3494 4082">
     <span class='ocr_line' id='line_1_99' title="bbox 1916 3990 3494 4082; baseline -0.015 -14"><span class='ocrx_word' id='word_1_708' title='bbox 1916 4011 2062 4068; x_wconf 91' lang='lat' dir='ltr'><strong>veris</strong></span> <span class='ocrx_word' id='word_1_709' title='bbox 2109 4008 2451 4082; x_wconf 79' lang='lat' dir='ltr'><strong>argumentis</strong></span> <span class='ocrx_word' id='word_1_710' title='bbox 2487 4007 2843 4061; x_wconf 89' lang='lat' dir='ltr'><strong>demonstret.</strong></span> <span class='ocrx_word' id='word_1_711' title='bbox 2895 3999 3032 4053; x_wconf 82' lang='lat' dir='ltr'><strong>Nam</strong></span> <span class='ocrx_word' id='word_1_712' title='bbox 3078 3998 3122 4054; x_wconf 89' lang='lat' dir='ltr'><strong>si</strong></span> <span class='ocrx_word' id='word_1_713' title='bbox 3157 4009 3285 4050; x_wconf 84' lang='lat' dir='ltr'><strong>vere</strong></span> <span class='ocrx_word' id='word_1_714' title='bbox 3319 3990 3494 4048; x_wconf 89' lang='lat' dir='ltr'><strong>solida</strong></span> 
     </span>
    </p>
   </div>
   <div class='ocr_carea' id='block_1_99' title="bbox 1917 4085 3495 4174">
    <p class='ocr_par' dir='ltr' id='par_1_99' title="bbox 1917 4085 3495 4174">
     <span class='ocr_line' id='line_1_100' title="bbox 1917 4085 3495 4174; baseline -0.018 -11"><span class='ocrx_word' id='word_1_715' title='bbox 1917 4106 2030 4163; x_wconf 89' lang='lat' dir='ltr'><strong>sint</strong></span> <span class='ocrx_word' id='word_1_716' title='bbox 2067 4107 2426 4174; x_wconf 88' lang='lat' dir='ltr'><strong>argumenta,</strong></span> <span class='ocrx_word' id='word_1_717' title='bbox 2481 4099 2676 4154; x_wconf 90' lang='lat' dir='ltr'><strong>scitote</strong></span> <span class='ocrx_word' id='word_1_718' title='bbox 2715 4111 2802 4150; x_wconf 90' lang='lat' dir='ltr'><strong>me</strong></span> <span class='ocrx_word' id='word_1_719' title='bbox 2845 4092 3050 4147; x_wconf 88' lang='lat' dir='ltr'><strong>nullam</strong></span> <span class='ocrx_word' id='word_1_720' title='bbox 3090 4085 3495 4143; x_wconf 90' lang='lat' dir='ltr'><strong>dubitationum</strong></span> 
     </span>
    </p>
   </div>
   <div class='ocr_carea' id='block_1_100' title="bbox 1918 4174 3500 4248">
    <p class='ocr_par' dir='ltr' id='par_1_100' title="bbox 1918 4174 3500 4248">
     <span class='ocr_line' id='line_1_101' title="bbox 1918 4174 3500 4248; baseline -0.015 0"><span class='ocrx_word' id='word_1_721' title='bbox 1918 4196 2185 4248; x_wconf 89' lang='lat' dir='ltr'><strong>rationem</strong></span> <span class='ocrx_word' id='word_1_722' title='bbox 2235 4190 2573 4245; x_wconf 86' lang='lat' dir='ltr'><strong>habiturum.</strong></span> <span class='ocrx_word' id='word_1_723' title='bbox 2604 4182 2918 4239; x_wconf 84' lang='lat' dir='ltr'><strong>Absurdum</strong></span> <span class='ocrx_word' id='word_1_724' title='bbox 2965 4180 3111 4235; x_wconf 89' lang='lat' dir='ltr'><strong>enim</strong></span> <span class='ocrx_word' id='word_1_725' title='bbox 3149 4184 3237 4232; x_wconf 90' lang='lat' dir='ltr'><strong>est</strong></span> <span class='ocrx_word' id='word_1_726' title='bbox 3285 4183 3338 4230; x_wconf 91' lang='lat' dir='ltr'><strong>et</strong></span> <span class='ocrx_word' id='word_1_727' title='bbox 3382 4174 3500 4243; x_wconf 82' lang='lat' dir='ltr'><strong>jur-</strong></span> 
     </span>
    </p>
   </div>
   <div class='ocr_carea' id='block_1_101' title="bbox 1917 4266 3496 4356">
    <p class='ocr_par' dir='ltr' id='par_1_101' title="bbox 1917 4266 3496 4356">
     <span class='ocr_line' id='line_1_102' title="bbox 1917 4266 3496 4356; baseline -0.013 -16"><span class='ocrx_word' id='word_1_728' title='bbox 1917 4286 2168 4356; x_wconf 81' lang='lat' dir='ltr'><strong>giosum,</strong></span> <span class='ocrx_word' id='word_1_729' title='bbox 2237 4288 2428 4338; x_wconf 88' lang='lat' dir='ltr'><strong>contra</strong></span> <span class='ocrx_word' id='word_1_730' title='bbox 2498 4279 2713 4334; x_wconf 83' lang='lat' dir='ltr'><strong>ﬁrmam</strong></span> <span class='ocrx_word' id='word_1_731' title='bbox 2772 4271 3296 4332; x_wconf 85' lang='lat' dir='ltr'><strong>demonstrationem</strong></span> <span class='ocrx_word' id='word_1_732' title='bbox 3358 4266 3496 4321; x_wconf 86' lang='lat' dir='ltr'><strong>velle</strong></span> 
     </span>
    </p>
   </div>
   <div class='ocr_carea' id='block_1_102' title="bbox 1918 4392 2108 4433">
    <p class='ocr_par' dir='ltr' id='par_1_102' title="bbox 1918 4392 2108 4433">
     <span class='ocr_line' id='line_1_103' title="bbox 1918 4392 2108 4433; baseline 0.011 -2"><span class='ocrx_word' id='word_1_733' title='bbox 1918 4392 2108 4433; x_wconf 77' lang='lat' dir='ltr'><strong>rixari.</strong></span> 
     </span>
    </p>
   </div>
   <div class='ocr_carea' id='block_1_103' title="bbox 1951 4671 3444 4766">
    <p class='ocr_par' dir='ltr' id='par_1_103' title="bbox 1951 4671 3444 4766">
     <span class='ocr_line' id='line_1_104' title="bbox 1951 4671 3444 4766; baseline -0.013 -1"><span class='ocrx_word' id='word_1_734' title='bbox 1951 4681 2602 4766; x_wconf 66' lang='lat' dir='ltr'><strong>CHRISTIANIE</strong></span> <span class='ocrx_word' id='word_1_735' title='bbox 2675 4671 3444 4756; x_wconf 82' lang='lat' dir='ltr'><strong>BESPONSIONES</strong></span> 
     </span>
    </p>
   </div>
   <div class='ocr_carea' id='block_1_104' title="bbox 1922 4808 3499 4894">
    <p class='ocr_par' dir='ltr' id='par_1_104' title="bbox 1922 4808 3499 4894">
     <span class='ocr_line' id='line_1_105' title="bbox 1922 4808 3499 4894; baseline -0.012 -17"><span class='ocrx_word' id='word_1_736' title='bbox 1922 4823 1991 4890; x_wconf 73' lang='lat' dir='ltr'><strong>ad</strong></span> <span class='ocrx_word' id='word_1_737' title='bbox 2018 4823 2333 4894; x_wconf 73' lang='lat' dir='ltr'><strong>quastiones</strong></span> <span class='ocrx_word' id='word_1_738' title='bbox 2355 4819 2676 4894; x_wconf 62' lang='lat' dir='ltr'><strong>propositas,</strong></span> <span class='ocrx_word' id='word_1_739' title='bbox 2700 4831 2765 4894; x_wconf 69' lang='lat' dir='ltr'><strong>ea:</strong></span> <span class='ocrx_word' id='word_1_740' title='bbox 2797 4809 3132 4868; x_wconf 74' lang='lat' dir='ltr'><strong>naturalibus</strong></span> <span class='ocrx_word' id='word_1_741' title='bbox 3163 4808 3374 4878; x_wconf 79' lang='lat' dir='ltr'><strong>pietatis</strong></span> <span class='ocrx_word' id='word_1_742' title='bbox 3407 4823 3499 4860; x_wconf 88' lang='lat' dir='ltr'><strong>ra-</strong></span> 
     </span>
    </p>
   </div>
   <div class='ocr_carea' id='block_1_105' title="bbox 2415 4887 2985 4953">
    <p class='ocr_par' dir='ltr' id='par_1_105' title="bbox 2415 4887 2985 4953">
     <span class='ocr_line' id='line_1_106' title="bbox 2415 4887 2985 4953; baseline -0.009 -10"><span class='ocrx_word' id='word_1_743' title='bbox 2415 4888 2645 4945; x_wconf 77' lang='lat' dir='ltr'><strong>tionibus</strong></span> <span class='ocrx_word' id='word_1_744' title='bbox 2676 4887 2985 4953; x_wconf 70' lang='lat' dir='ltr'><strong>desumptw.</strong></span> 
     </span>
    </p>
   </div>
   <div class='ocr_carea' id='block_1_106' title="bbox 1994 4996 3498 5079">
    <p class='ocr_par' dir='ltr' id='par_1_106' title="bbox 1994 4996 3498 5079">
     <span class='ocr_line' id='line_1_107' title="bbox 1994 4996 3498 5079; baseline -0.009 -17"><span class='ocrx_word' id='word_1_745' title='bbox 1994 5007 2153 5079; x_wconf 79' lang='lat'><strong>537</strong></span> <span class='ocrx_word' id='word_1_746' title='bbox 2177 5005 2241 5062; x_wconf 79' lang='lat' dir='ltr'><strong>Hi</strong></span> <span class='ocrx_word' id='word_1_747' title='bbox 2260 5020 2543 5062; x_wconf 90' lang='lat' dir='ltr'><strong>sermones</strong></span> <span class='ocrx_word' id='word_1_748' title='bbox 2561 5018 2667 5057; x_wconf 90' lang='lat' dir='ltr'><strong>non</strong></span> <span class='ocrx_word' id='word_1_749' title='bbox 2696 5000 3018 5070; x_wconf 65' lang='lat' dir='ltr'><strong>suntpetitae</strong></span> <span class='ocrx_word' id='word_1_750' title='bbox 3036 5014 3098 5053; x_wconf 82' lang='lat' dir='ltr'><strong>ex</strong></span> <span class='ocrx_word' id='word_1_751' title='bbox 3115 4999 3327 5052; x_wconf 89' lang='lat' dir='ltr'><strong>ratione</strong></span> <span class='ocrx_word' id='word_1_752' title='bbox 3337 4996 3498 5049; x_wconf 75' lang='lat' dir='ltr'><strong>dulii-</strong></span> 
     </span>
    </p>
   </div>
   <div class='ocr_carea' id='block_1_107' title="bbox 1922 5097 3495 5172">
    <p class='ocr_par' dir='ltr' id='par_1_107' title="bbox 1922 5097 3495 5172">
     <span class='ocr_line' id='line_1_108' title="bbox 1922 5097 3495 5172; baseline -0.011 -8"><span class='ocrx_word' id='word_1_753' title='bbox 1922 5110 2172 5168; x_wconf 84' lang='lat' dir='ltr'><strong>taliones,</strong></span> <span class='ocrx_word' id='word_1_754' title='bbox 2213 5105 2307 5161; x_wconf 92' lang='lat' dir='ltr'><strong>sed</strong></span> <span class='ocrx_word' id='word_1_755' title='bbox 2331 5103 2789 5172; x_wconf 81' lang='lat' dir='ltr'><strong>interrogationes</strong></span> <span class='ocrx_word' id='word_1_756' title='bbox 2818 5101 2935 5154; x_wconf 89' lang='lat' dir='ltr'><strong>sine</strong></span> <span class='ocrx_word' id='word_1_757' title='bbox 2951 5107 3085 5152; x_wconf 88' lang='lat' dir='ltr'><strong>arte.</strong></span> <span class='ocrx_word' id='word_1_758' title='bbox 3105 5097 3240 5152; x_wconf 83' lang='lat' dir='ltr'><strong>Nam</strong></span> <span class='ocrx_word' id='word_1_759' title='bbox 3259 5111 3381 5166; x_wconf 73' lang='lat' dir='ltr'><strong>qua:</strong></span> <span class='ocrx_word' id='word_1_760' title='bbox 3397 5110 3495 5165; x_wconf 84' lang='lat' dir='ltr'><strong>pe-</strong></span> 
     </span>
    </p>
   </div>
   <div class='ocr_carea' id='block_1_108' title="bbox 1923 5187 3496 5255">
    <p class='ocr_par' dir='ltr' id='par_1_108' title="bbox 1923 5187 3496 5255">
     <span class='ocr_line' id='line_1_109' title="bbox 1923 5187 3496 5255; baseline -0.01 -1"><span class='ocrx_word' id='word_1_761' title='bbox 1923 5203 2050 5255; x_wconf 89' lang='lat' dir='ltr'><strong>titas</strong></span> <span class='ocrx_word' id='word_1_762' title='bbox 2086 5215 2117 5254; x_wconf 91' lang='lat' dir='ltr'><strong>e</strong></span> <span class='ocrx_word' id='word_1_763' title='bbox 2153 5197 2365 5250; x_wconf 89' lang='lat' dir='ltr'><strong>ratione</strong></span> <span class='ocrx_word' id='word_1_764' title='bbox 2398 5193 2770 5248; x_wconf 84' lang='lat' dir='ltr'><strong>dubitationes</strong></span> <span class='ocrx_word' id='word_1_765' title='bbox 2801 5189 3079 5244; x_wconf 87' lang='lat' dir='ltr'><strong>construit</strong></span> <span class='ocrx_word' id='word_1_766' title='bbox 3108 5188 3314 5252; x_wconf 91' lang='lat' dir='ltr'><strong>oratio,</strong></span> <span class='ocrx_word' id='word_1_767' title='bbox 3346 5203 3410 5240; x_wconf 89' lang='lat' dir='ltr'><strong>ea</strong></span> <span class='ocrx_word' id='word_1_768' title='bbox 3441 5187 3496 5239; x_wconf 91' lang='lat' dir='ltr'><strong>in</strong></span> 
     </span>
    </p>
   </div>
   <div class='ocr_carea' id='block_1_109' title="bbox 1922 5281 3496 5362">
    <p class='ocr_par' dir='ltr' id='par_1_109' title="bbox 1922 5281 3496 5362">
     <span class='ocr_line' id='line_1_110' title="bbox 1922 5281 3496 5362; baseline -0.01 -15"><span class='ocrx_word' id='word_1_769' title='bbox 1922 5294 2008 5347; x_wconf 86' lang='lat' dir='ltr'><strong>bis</strong></span> <span class='ocrx_word' id='word_1_770' title='bbox 2030 5332 2045 5356; x_wconf 93' lang='lat'><strong>,</strong></span> <span class='ocrx_word' id='word_1_771' title='bbox 2087 5305 2209 5362; x_wconf 69' lang='lat' dir='ltr'><strong>qua:</strong></span> <span class='ocrx_word' id='word_1_772' title='bbox 2235 5287 2637 5362; x_wconf 87' lang='lat' dir='ltr'><strong>quodammodo</strong></span> <span class='ocrx_word' id='word_1_773' title='bbox 2666 5283 3060 5352; x_wconf 85' lang='lat' dir='ltr'><strong>consequentia</strong></span> <span class='ocrx_word' id='word_1_774' title='bbox 3106 5287 3267 5344; x_wconf 89' lang='lat' dir='ltr'><strong>sunt,</strong></span> <span class='ocrx_word' id='word_1_775' title='bbox 3301 5281 3496 5333; x_wconf 88' lang='lat' dir='ltr'><strong>absur-</strong></span> 
     </span>
    </p>
   </div>
   <div class='ocr_carea' id='block_1_110' title="bbox 1923 5370 3494 5470">
    <p class='ocr_par' dir='ltr' id='par_1_110' title="bbox 1923 5370 3494 5470">
     <span class='ocr_line' id='line_1_111' title="bbox 1923 5370 3494 5470; baseline -0.01 -30"><span class='ocrx_word' id='word_1_776' title='bbox 1923 5386 2051 5440; x_wconf 89' lang='lat' dir='ltr'><strong>dum</strong></span> <span class='ocrx_word' id='word_1_777' title='bbox 2082 5382 2314 5470; x_wconf 62' lang='lat' dir='ltr'><strong>colligit,</strong></span> <span class='ocrx_word' id='word_1_778' title='bbox 2342 5380 2510 5443; x_wconf 87' lang='lat' dir='ltr'><strong>velut,</strong></span> <span class='ocrx_word' id='word_1_779' title='bbox 2537 5377 2689 5432; x_wconf 91' lang='lat' dir='ltr'><strong>solus</strong></span> <span class='ocrx_word' id='word_1_780' title='bbox 2718 5375 2882 5429; x_wconf 90' lang='lat' dir='ltr'><strong>homo</strong></span> <span class='ocrx_word' id='word_1_781' title='bbox 2917 5373 2986 5427; x_wconf 92' lang='lat' dir='ltr'><strong>ad</strong></span> <span class='ocrx_word' id='word_1_782' title='bbox 3022 5370 3310 5426; x_wconf 90' lang='lat' dir='ltr'><strong>ridendum</strong></span> <span class='ocrx_word' id='word_1_783' title='bbox 3341 5370 3494 5424; x_wconf 80' lang='lat' dir='ltr'><strong>habi-</strong></span> 
     </span>
    </p>
   </div>
   <div class='ocr_carea' id='block_1_111' title="bbox 1922 5538 2888 5615">
    <p class='ocr_par' dir='ltr' id='par_1_111' title="bbox 1922 5538 2888 5615">
     <span class='ocr_line' id='line_1_112' title="bbox 1922 5538 2888 5615; baseline -0.011 -16"><span class='ocrx_word' id='word_1_784' title='bbox 1922 5545 2204 5615; x_wconf 75' lang='lat' dir='ltr'><strong>legendum</strong></span> <span class='ocrx_word' id='word_1_785' title='bbox 2237 5545 2316 5606; x_wconf 82' lang='grc' dir='ltr'>εἰς</span> <span class='ocrx_word' id='word_1_786' title='bbox 2337 5541 2490 5593; x_wconf 87' lang='grc' dir='ltr'>λύσιν</span> <span class='ocrx_word' id='word_1_787' title='bbox 2505 5538 2625 5615; x_wconf 67' lang='grc' dir='ltr'><strong>⁸τῶν</strong></span> <span class='ocrx_word' id='word_1_788' title='bbox 2645 5538 2888 5615; x_wconf 63' lang='grc' dir='ltr'>ἀπόρων.</span> 
     </span>
    </p>
   </div>
   <div class='ocr_carea' id='block_1_112' title="bbox 1992 5603 3494 5686">
    <p class='ocr_par' dir='ltr' id='par_1_112' title="bbox 1992 5603 3494 5686">
     <span class='ocr_line' id='line_1_113' title="bbox 1992 5603 3494 5686; baseline -0.008 -17"><span class='ocrx_word' id='word_1_789' title='bbox 1992 5603 2100 5686; x_wconf 53' lang='grc'><strong>(21)</strong></span> <span class='ocrx_word' id='word_1_790' title='bbox 2136 5615 2259 5668; x_wconf 78' lang='grc' dir='ltr'><strong>Τῶν</strong></span> <span class='ocrx_word' id='word_1_791' title='bbox 2299 5603 2590 5686; x_wconf 27' lang='grc' dir='ltr'><strong>νεὺτελκῖνν-ἷ</strong></span> <span class='ocrx_word' id='word_1_792' title='bbox 2620 5603 2841 5686; x_wconf 77' lang='lat' dir='ltr'><strong>_Sectlm</strong></span> <span class='ocrx_word' id='word_1_793' title='bbox 2906 5604 3168 5677; x_wconf 81' lang='lat' dir='ltr'><strong>pugnabit</strong></span> <span class='ocrx_word' id='word_1_794' title='bbox 3225 5603 3494 5660; x_wconf 87' lang='lat' dir='ltr'><strong>sententia</strong></span> 
     </span>
    </p>
   </div>
   <div class='ocr_carea' id='block_1_113' title="bbox 1924 5681 2703 5755">
    <p class='ocr_par' dir='ltr' id='par_1_113' title="bbox 1924 5681 2703 5755">
     <span class='ocr_line' id='line_1_114' title="bbox 1924 5681 2703 5755; baseline -0.014 -14"><span class='ocrx_word' id='word_1_795' title='bbox 1924 5681 2029 5742; x_wconf 75' lang='lat' dir='ltr'><strong>nisi</strong></span> <span class='ocrx_word' id='word_1_796' title='bbox 2059 5681 2300 5755; x_wconf 68' lang='lat' dir='ltr'><strong>legamus</strong></span> <span class='ocrx_word' id='word_1_797' title='bbox 2332 5685 2430 5735; x_wconf 72' lang='grc' dir='ltr'><strong>οὐκ</strong></span> <span class='ocrx_word' id='word_1_798' title='bbox 2453 5681 2703 5755; x_wconf 75' lang='grc' dir='ltr'>εύτελῶν.</span> 
     </span>
    </p>
   </div>
   <div class='ocr_carea' id='block_1_114' title="bbox 1993 5749 2950 5829">
    <p class='ocr_par' dir='ltr' id='par_1_114' title="bbox 1993 5749 2950 5829">
     <span class='ocr_line' id='line_1_115' title="bbox 1993 5749 2950 5829; baseline -0.009 -19"><span class='ocrx_word' id='word_1_799' title='bbox 1993 5749 2402 5829; x_wconf 48' lang='grc' dir='ltr'>(ἓὲΥΣυνάγ-εμ</span> <span class='ocrx_word' id='word_1_800' title='bbox 2440 5753 2678 5808; x_wconf 73' lang='lat' dir='ltr'><strong>Clurom.</strong></span> <span class='ocrx_word' id='word_1_801' title='bbox 2708 5749 2950 5819; x_wconf 80' lang='grc' dir='ltr'>συνάγοι.</span> 
     </span>
    </p>
   </div>
  </div>
