4146 6432
696 347 833 401 1467
1466 345 1833 404 ΑΡΡΕΝΒΙΧ.
1868 379 1937 393 ——
1974 348 2158 404 PARS
2192 349 2232 406 1.

2361 350 2628 408 JUSTINI
2663 351 2908 416 ΟΡΕΒΑ,
2926 350 3195 409 SPURIA.
3813 353 3959 410 ιιι-ιε

695 462 785 522 lis,
811 461 1080 532 quidquid
1121 463 1190 516 ad
1219 461 1507 518 ridendum
1543 464 1724 519 habile
1753 472 1869 527 est,
1914 465 2116 518 animal
2147 475 2230 520 est

2378 469 2544 538 αἵπερ
2583 467 2720 520 εἰσὶν
2763 466 3044 520 ἀκόλουθοι
3096 467 3394 537 προτάσεις
3425 464 3542 536 μὲν,
3572 463 3776 518 ἄτοπον
3807 463 3865 517 6‘.
3895 465 3957 518 τὸ

694 555 846 609 solus
870 569 999 625 ergo
1031 554 1196 608 homo
1230 555 1466 622 animal;
1501 571 1622 624 quae
1657 557 1877 626 quidem
1917 565 2045 611 sunt
2071 572 2250 612 conse‘

2375 555 2761 626 συμπέρασμα.
2795 555 2898 608 "Ev
2927 555 2984 608 δὲ
3010 555 3124 618 τοῖς
3159 555 3540 626 προκειμένοις
3586 553 3772 622 λόγοις
3804 555 3956 608 οὐδὲν

691 655 924 717 quentes
944 646 1364 718 propositiones,
1378 647 1474 702 sed
1491 647 1728 702 absurda
1750 647 2052 701 conclusio.
2074 645 2130 700 In
2152 659 2250 716 pro

2375 646 2577 700 ἄτοπον
2606 646 2748 700 κατά
2773 645 3098 701 ἀκολουθίαν
3131 647 3367 718 συνήχθη
3386 664 3400 676 ·
3433 647 3514 700 διὸ
3558 646 3660 699 οὐκ
3709 647 3953 715 εὐλόγως

692 739 890 808 positis
907 751 1087 792 autem
1103 739 1450 794 sermonibus
1467 739 1602 793 nihil
1616 737 2129 806 absurdicolligitur
2145 749 2250 789 con

2367 737 2675 809 ἐκλήθησαν
2707 738 2952 808 ἀπορίαι.

690 829 975 884 scontione
996 847 1008 881 :
1031 841 1204 898 quare
1221 828 1494 884 immerito
1525 829 1702 882 vocati
1721 836 1851 882 sunt
1872 825 2264 894 dubitationes.

763 923 822 978 Si
859 923 978 977 fieri
1003 939 1112 978 non
1141 932 1340 994 potest,
1365 930 1426 977 ut
1448 923 1590 977 idem
1616 921 1807 977 eadem
1841 921 2055 991 ignoret
2082 927 2138 975 et
2165 925 2250 974 no-

2443 914 2506 968 El
2531 913 2789 994 ἀόιλνατον
2839 915 2903 969 τὸ
2937 916 3072 970 αὐτὸ
3118 915 3190 970 τὰ
3233 915 3373 970 αὐτὰ
3418 916 3514 971 καὶ
3573 919 3800 987 ἀγνοεῖν
3856 919 3958 972 καὶ

688 1015 797 1079 rit,
855 1030 981 1069 nam
1033 1015 1088 1068 in
1132 1029 1192 1069 re
1229 1015 1425 1084 quavis
1471 1012 1882 1066 allirmatiunem
1925 1026 2108 1065 veram
2146 1025 2250 1065 εεει

2371 1003 2660 1076 γινώσκειν
2734 1007 2861 1077 (ἐπὶ
2920 1007 3126 1072 παντὸς
3202 1007 3314 1081 γάρ
3375 1007 3552 1078 ἀληθῆ
3612 1009 3716 1079 τὴν
3772 1009 3948 1062 κατά-

687 1115 908 1179 oportet
956 1114 1051 1160 aut
1095 1106 1527 1160 inliciationem:
1576 1104 1852 1174 quomodo
1884 1103 1931 1158 is
1959 1102 2054 1173 qui
2093 1101 2250 1160 nesci?

2373 1113 2537 1165 φασιν
2591 1092 2730 1152 εἶναι
2779 1098 2861 1151 δεῖ
2907 1099 2940 1170 ἢ
2992 1098 3092 1170 τὴν
3145 1099 3470 1169 ἀπόφασιν)·
3517 1100 3634 1162 πῶς
3677 1098 3958 1167 όάγνοῶν

689 1215 822 1253 num
851 1199 1241 1269 incorporeum
1272 1199 1379 1262 sit,
1408 1198 1746 1252 voluntatem
1773 1204 1829 1251 et
1861 1195 2250 1254 consideratio-

2371 1189 2420 1241 εί
2475 1189 2622 1243 ἐστιν
2687 1190 3014 1260 ἀσώματον,
3080 1190 3340 1261 γινώσκει
3411 1189 3667 1261 βούλησίν
3726 1209 3792 1245 τε
3859 1192 3958 1244 καὶ

685 1305 856 1356 nem,
894 1290 1285 1360 cogitationem
1326 1297 1382 1343 et
1415 1287 1896 1353 deliberationem,
1940 1293 2175 1341 mentem
2215 1302 2250 1339 ε

2369 1282 2686 1352 ἐπίκρισιν,
2739 1281 2978 1336 διάνοιάν
3042 1301 3104 1337 τε
3172 1284 3270 1339 καὶ
3315 1282 3639 1349 ἐπίσκεψιν,
3696 1283 3828 1338 νοῦν
3890 1300 3959 1337 τε

684 1382 954 1436 rationem
1001 1382 1136 1444 scit,
1176 1397 1297 1451 qua:
1345 1383 1489 1436 sunt"
1525 1381 1834 1450 incorporei
1882 1379 2250 1448 operationes‘.

2368 1373 2465 1425 καὶ
2517 1372 2694 1440 λόγον,
2726 1373 2886 1427 ἅτινά
2911 1376 3028 1427 ἐστι
3060 1375 3156 1428 τοῦ
3203 1375 3498 1445 ἀσωμάτου
3554 1376 3955 1446 ἐνεργήματας

683 1471 818 1526 Nam
850 1474 1103 1541 ignorare
1131 1473 1348 1541 quidem
1382 1473 1765 1540 incorporeum
1800 1484 1943 1532 esse,
1968 1483 2132 1523 nosse
2161 1481 2250 1520 au-

2368 1465 2442 1518 Τὸ
2458 1464 2571 1536 ,γὰρ
2597 1468 2654 1518 ἐν
2680 1466 2925 1537 ἀγνωσίεμ⁵
2951 1467 3055 1537 τῆς
3080 1466 3178 1521 τοῦ
3209 1469 3502 1538 ἀσωμάτου
3535 1467 3830 1540 ὑπάρξεως
3864 1487 3956 1538 γι-

685 1571 795 1616 tem
828 1563 1138 1632 incorporei
1171 1563 1540 1631 operationes,
1569 1575 1760 1616 eorum
1789 1567 1871 1615 est
1904 1559 1998 1629 qui
2021 1558 2150 1629 quid
2174 1558 2250 1612 di-

2367 1553 2596 1608 νώσκειν
2623 1554 2718 1608 τοῦ
2747 1556 3039 1627 ἀσωμάτου
3080 1557 3150 1610 τά
3177 1559 3524 1630 ἐνεργήματα
3550 1558 3662 1630 τῶν
3682 1560 3787 1612 οὐκ
3810 1559 3953 1613 ειδό-

682 1661 814 1706 cant
845 1653 1118 1707 nesciunt.
1169 1651 1576 1706 Dubitationem
1610 1651 1894 1705 instituere
1927 1659 1980 1704 et
2012 1650 2250 1714 solvere,

2364 1647 2522 1700 τωνό
2546 1647 2708 1717 φασίν
2763 1649 2900 1702 ἐστι.
2951 1649 3024 1702 Τὸ
3073 1649 3504 1715 κατασκευάζειν
3554 1651 3815 1722 ἀπορίαν,
3862 1653 3961 1706 καὶ

682 1759 794 1798 non
821 1752 907 1798 est
938 1759 1160 1807 sensus,
1193 1759 1293 1798 nec
1322 1743 1592 1813 corporis.
1616 1741 1771 1808 Quod
1803 1750 1984 1796 autem
2012 1741 2250 1812 corporis

2365 1734 2512 1790 λύειν
2559 1738 2812 1808 ἀπορίαν,
2845 1740 2945 1794 οὑκ
2973 1740 3121 1793 εστιν
3145 1741 3451 1813 αἰσθήσεως
3475 1742 3652 1806 τοῦτο,
3687 1743 3812 1796 οὐδὲ
3849 1744 3956 1796 σώ-

683 1852 793 1891 non
815 1845 921 1901 εει,
954 1837 1007 1890 id
1040 1837 1350 1904 incorporei
1379 1850 1503 1890 esse
1531 1851 1757 1890 necesse
1786 1842 1889 1890 est.

2367 1829 2537 1898 ματός
2566 1832 2703 1883 ἐστι.
2739 1831 2894 1884 Τὺδὲ
2926 1832 3001 1903 μὴ
3032 1832 3092 1886 δν
3141 1833 3414 1905 σώματος,
3439 1835 3600 1891 τοῦτο
3627 1838 3847 1910 ἀνάγκη
3874 1836 3954 1892 εἷς

2363 1936 2450 1972 ναι
2483 1921 2578 1974 τοῦ
2599 1923 2912 1994 ἀσωμάτου.

750 2013 865 2068 Cur
894 2014 1206 2082 incorporei
1236 2012 1571 2067 exsistentise
1609 2006 2033 2068 declarationem
2064 2012 2250 2084 quaeri-

2437 2011 2598 2066 Ὅθεν
2628 2013 2738 2086 (25)
2775 2013 3048 2087 ζητοῦμεν
3079 2017 3181 2088 τῆς
3205 2016 3300 2072 τοῦ
3333 2019 3625 2092 ἀσωμάτου
3658 2023 3957 2094 ὑπάρξεως

676 2105 838 2160 mus?
878 2103 1011 2158 Nam
1053 2106 1098 2158 si
1137 2119 1382 2175 quaerere
1425 2103 1492 2158 de
1530 2104 1714 2174 aliqua
1761 2119 1821 2159 re
1863 2113 2044 2158 utrum
2089 2119 2250 2160 necne

2359 2103 2458 2174 τὴν
2500 2105 2760 2176 δήλωσιν;
2797 2108 2850 2160 εί
2891 2107 2989 2177 μὲν
3025 2109 3134 2178 γάρ
3164 2109 3227 2164 τὸ
3258 2107 3443 2182 ζητεῖν
3499 2114 3628 2183 περί
3671 2131 3843 2177 τινος,
3898 2116 3954 2167 εἰ

677 2197 772 2259 sit,
805 2197 1106 2267 disputatio
1147 2206 1264 2263 est;
1297 2197 1597 2267 disputatio
1625 2205 1806 2252 autem
1850 2196 1997 2252 illius
2025 2204 2108 2251 est
2132 2212 2250 2269 ope-

2361 2197 2507 2251 ἔστιν
2532 2198 2566 2269 ἢ
2590 2199 2691 2252 οὑκ
2724 2199 2864 2263 ἐστι,
2891 2199 3050 2269 λόγου
3084 2201 3229 2254 ἐστίν
3246 2217 3262 2233 ·
3283 2203 3313 2256 ὁ
3345 2203 3403 2256 δὲ
3423 2203 3579 2272 λόγος
3604 2204 3702 2258 τοῦ
3726 2205 3958 2273 λογικοῦ

675 2291 838 2353 ratio,
859 2289 1006 2359 quod
1021 2289 1234 2344 ratione
1255 2291 1540 2359 praeditum
1555 2296 1668 2356 εει,
1688 2289 1917 2343 rationis
1939 2296 2122 2346 autem
2143 2303 2250 2344 cor-

2360 2293 2596 2363 ὑπάρχει
2627 2292 2943 2364 ἐνέργημα·
2967 2293 3170 2362 «ἀλογον
3218 2294 3270 2347 δὲ
3299 2295 3362 2348 τὸ
3393 2295 3552 2367 σῶμα
3581 2297 3705 2351 καθ’
3742 2299 3912 2353 ἑαυτό
3933 2315 3949 2327 ·

676 2397 780 2451 pus
811 2397 907 2450 per
936 2397 995 2436 se
1023 2397 1252 2450 expers,
1280 2381 1647 2451 perspicuum.
1667 2387 1752 2435 est
1785 2379 1989 2450 aliquid
2019 2395 2145 2452 esse
2181 2381 2250 2441 in-

2357 2383 2538 2453 δῆλον,
2565 2385 2647 2439 ὅτι
2687 2384 2803 2438 ἐστι
2821 2402 2877 2440 τι
2915 2381 3224 2457 ἀσώματον,
3249 2380 3295 2455 ᾧ
3322 2385 3449 2441 ῐδιον
3483 2389 3720 2461 ὑπάρχει
3748 2389 3812 2444 τὸ
3856 2389 3953 2460 ζη-

673 2485 1021 2539 corporemn,
1057 2470 1215 2537 cujus
1241 2471 1525 2540 praprium
1561 2479 1904 2539 estquaerere
1920 2469 1976 2524 et
1984 2469 2254 2534 judicare.

743 2562 930 2615 Aliud.
964 2561 1025 2614 Ei
1055 2563 1153 2630 qui
1187 2579 1300 2618 non
1341 2562 1542 2617 fatetur
1581 2576 1708 2616 esse
1748 2559 1958 2631 aliquid
2001 2562 2258 2630 incorpo-

672 2667 852 2714 reum,
885 2670 993 2707 non
1025 2657 1278 2710 convenit
1308 2656 1523 2710 ratione
1546 2669 1796 2724 quaerere
1818 2661 1875 2708 et
1905 2653 2158 2723 judicare
2185 2669 2255 2707 an

672 2743 884 2813 aliquid
925 2745 996 2799 sit
1031 2746 1442 2816 incorporeum.
1468 2744 1672 2800 Prmter
1703 2745 1972 2800 rationem
1995 2745 2141 2799 enim
2164 2754 2255 2800 est

675 2837 756 2890 uti
785 2838 1008 2906 quidem
1040 2840 1353 2910 incorporei
1385 2841 1801 2910 operationibus
1821 2878 1836 2906 ,
1868 2839 2255 2909 incorporeum

670 2937 856 2985 autem
885 2947 1008 2987 esse
1038 2933 1319 3002 ignorare.-

715 3054 717 3056 -
742 3018 928 3072 Aliud.
951 3019 1077 3074 Duae
1098 3032 1227 3075 sunt
1247 3021 1304 3074 in
1327 3021 1487 3076 nobis
1510 3020 2146 3092 comprehendendarum
2165 3035 2255 3074 re-

2356 2478 2469 2528 τεῖν
2497 2477 2592 2530 καὶ
2612 2477 2842 2549 κρίνειν.

2431 2567 2632 2621 Ἄλλο.
2679 2565 2774 2639 Τῷ
2824 2567 2898 2640 μὴ
2939 2566 3287 2638 ὁμολογοῦντι
3347 2562 3484 2620 εἷναί
3524 2585 3578 2620 τι
3625 2568 3949 2639 ἀσώματον,

2355 2660 2621 2714 ἀνοίκειον
2651 2660 2884 2732 ὑπάρχει
2940 2661 3003 2713 τὸ
3045 2658 3189 2730 λόγῳ
3235 2660 3418 2730 ζητεῖν
3467 2660 3562 2713 καὶ
3611 2661 3841 2731 κρίνειν,
3898 2663 3950 2713 εί

2353 2751 2468 2804 ἐστι
2501 2768 2556 2804 τι
2587 2751 2899 2822 ἀσώματον.
2959 2749 3185 2819 ’Δλογον
3215 2742 3326 2824 γάρ
3373 2751 3434 2805 τὸ
3487 2750 3792 2821 κεχρῆσθαι
3843 2753 3952 2820 μὲν

2353 2843 2478 2904 ταῖς
2509 2841 2606 2894 τοῦ
2639 2842 2934 2912 ἀσωμάτου
2968 2841 3291 2911 ἐνεργείαις,
3332 2841 3543 2910 ἀγνοεῖν
3575 2840 3632 2894 δὲ
3665 2840 3762 2893 τοῦ
3795 2841 3950 2894 ἀσω-

2356 2933 2528 3004 μάτου
2549 2932 2648 3005 τὴν
2675 2931 2928 3004 ὓπαρξιν.

2427 3026 2629 3079 Ἄλλο.
2665 3023 2770 3077 Δύο
2803 3023 2942 3076 εἰσὶν
2974 3023 3033 3076 ἐν
3065 3024 3198 3093 ἡμῖν
3221 3022 3627 3093 καταληπτικαὶ
3645 3021 3755 3075 τῶν
3768 3040 3945 3095 πραγ-

671 3124 793 3162 rum
822 3110 1131 3175 facdtates,
1157 3127 1353 3167 sensus
1373 3120 1428 3167 et
1454 3111 1831 3184 intelligentia,
1863 3128 2096 3184 quarum
2117 3127 2250 3183 ope-

2360 3114 2547 3184 μάτων
2603 3116 2888 3188 δυνάμεις,
2919 3117 2954 3186 ἦ
2982 3132 3041 3168 τε
3070 3115 3322 3187 αἴσθησις
3341 3117 3435 3169 καὶ
3454 3118 3487 3186 ἠ
3518 3116 3738 3187 νόησις·
3771 3107 3849 3168 ὧν
3885 3115 3946 3168 αι

670 3199 914 3256 rationes
944 3210 1158 3258 tantum
1191 3203 1336 3258 inter
1366 3217 1426 3259 se
1453 3203 1700 3269 distant,
1729 3212 1996 3274 quantum
2027 3219 2093 3259 ea
2130 3218 2254 3274 qua:

671 3290 742 3347 ab
771 3295 944 3348 altera
975 3296 1541 3364 comprehenduntur,
1565 3296 1953 3366 comprehendi
1985 3297 2052 3350 ab
2081 3297 2252 3351 altera

671 3397 971 3460 nequeunt.
1004 3390 1112 3445 Sed
1159 3406 1286 3445 cum
1335 3406 1528 3446 omnes
1569 3390 1859 3445 facultates
1885 3391 2252 3446 essentiarum

671 3479 784 3533 sint
816 3478 1114 3536 facultates
1139 3519 1156 3546 ,
1203 3481 1343 3537 duas
1381 3495 1606 3536 necesse
1648 3489 1734 3536 est
1775 3481 2047 3541 essentias
2083 3496 2205 3543 esse
2233 3523 2249 3547 ,

670 3587 905 3641 quarum
934 3573 1162 3628 alterius
1208 3575 1282 3628 sit
1316 3589 1543 3638 sensus,
1595 3573 1824 3628 alterius
1869 3572 2247 3643 intelligentia.

669 3662 828 3728 Quod
851 3663 899 3719 si
926 3665 1002 3717 ita
1027 3673 1148 3729 est,
1189 3666 1295 3720 erit
1325 3672 1472 3720 certe
1510 3667 1751 3720 essentia
1787 3665 2032 3735 quaedam
2065 3665 2252 3718 incor-

669 3768 867 3823 porea,
915 3755 1077 3824 cujus
1105 3757 1390 3827 proprium
1437 3764 1522 3812 est
1555 3757 1898 3827 intelligere,
1940 3765 2001 3810 ut
2046 3758 2251 3811 sentire

669 3858 940 3912 corporis.

740 3933 934 3990 Aliud:
981 3932 1038 3987 Si
1081 3935 1215 4005 quid
1241 3937 1540 3990 animatum
1571 3943 1692 4000 est,
1725 3935 1965 3989 animam
1995 3949 2120 3992 esse
2148 3951 2248 3992 ne-

667 4038 826 4080 cesse
854 4032 937 4078 est
964 4037 978 4086 ;
1005 4027 1199 4080 anima:
1232 4026 1377 4082 enim
1409 4026 1903 4097 communicatione
1947 4027 2246 4083 animatum

665 4122 754 4172 est
777 4116 1100 4173 animatum.
1129 4117 1188 4173 Si
1211 4119 1441 4175 scientia
1472 4123 1525 4173 in
1552 4135 1610 4174 se
1643 4119 1762 4189 ipsa
1793 4133 1904 4171 non
1925 4104 2031 4183 est,
2067 4119 2163 4174 sed
2189 4120 2248 4174 in

669 4206 855 4261 anima
873 4250 889 4273 ,
919 4223 1146 4264 necesse
1163 4225 1297 4265 sane
1325 4217 1432 4273 est,
1466 4209 1707 4262 animam
1737 4209 1794 4262 in
1814 4207 1994 4277 seipsa
2018 4224 2163 4274 esse,
2189 4208 2247 4264 in

666 4315 776 4372 qua
801 4300 874 4355 sit
905 4303 1161 4358 scientia.

737 4394 920 4449 Aliud.
963 4394 1020 4448 Si
1055 4410 1258 4465 corpus
1297 4395 1481 4450 anima
1511 4397 1722 4468 indiget
1762 4405 1822 4452 ut
1856 4399 2003 4454 vivat
2029 4403 2242 4452 etcsen-

2357 3205 2628 3275 ἐνέργειαι
2657 3207 2897 3278 τοσούτῳ
2927 3205 3170 3278 ἀλλήλων
3202 3201 3568 3276 διᾶφέρουσιν,
3598 3207 3708 3276 ὅσῳ
3727 3204 3799 3258 τά
3832 3205 3949 3260 ὑπὸ

2357 3297 2582 3368 θατέρου
2611 3298 3136 3369 καταλαμϐανόμενα
3170 3297 3246 3368 μὴ
3277 3297 3536 3350 δύνασθαι
3579 3297 3948 3367 καταλαμϐά-⁵

2355 3391 2537 3444 νεσθαι
2575 3391 2681 3444 ὑπὸ
2719 3391 2814 3444 τοῦ
2850 3390 3056 3462 ἑτέρου.
3095 3389 3233 3443 Ἀλλ’
3256 3389 3441 3460 ἐπειδὴ
3480 3391 3650 3444 πᾶσαι
3679 3390 3946 3460 δυνάμεις

2356 3480 2556 3534 οὐσιῶν
2589 3481 2696 3532 είσι
2719 3479 2998 3550 δυνάμεις,
3027 3479 3116 3534 διὰ
3145 3477 3304 3532 τοῦτο
3332 3478 3543 3549 ἀνάγκη
3582 3475 3721 3532 εἶναι
3749 3480 3946 3536 οὐσίας

2352 3573 2463 3636 δύο,
2485 3565 2560 3624 ὧν
2583 3571 2687 3640 τῆς
2717 3568 2815 3640 μὲν
2844 3570 2975 3623 ἴδιον
2993 3569 3056 3622 τὸ
3083 3568 3454 3631 αἰσθάνεσθαι,
3482 3570 3581 3639 τῆς
3607 3569 3663 3622 δὲ
3687 3570 3750 3622 τὸ
3771 3573 3938 3624 νοεῖν.

2367 3661 2502 3715 Ἀλλ’
2529 3662 2578 3714 εί
2619 3659 2798 3724 τοῦτο,
2838 3659 2984 3712 ἔστιν
3023 3660 3126 3730 ἄρα
3175 3660 3334 3712 οὐσία
3377 3677 3460 3723 τις
3513 3659 3822 3730 ἀσώματος,
3867 3659 3941 3734 ἦς

2353 3754 2482 3808 ἴδιον
2516 3751 2750 3821 ὑπάρχει
2771 3751 2832 3803 τὸ
2856 3753 3016 3815 νοεῖν,
3042 3749 3232 3821 ὥσπερ
3264 3751 3324 3802 τὸ
3349 3749 3699 3803 αἰσθάνεσθαι
3721 3751 3798 3822 τῷ
3830 3751 3940 3805 σώ-

2355 3860 2508 3913 ματι.

2422 3934 2622 3987 Ἄλλο.
2652 3933 2715 3986 El
2743 3932 2857 3986 ἔστι
2890 3949 2944 3985 τι
2977 3931 3238 4003 ἔμψυχον,
3291 3933 3510 4004 ἀνάγκη
3539 3932 3675 3987 εἶναι
3706 3933 3804 4005 τὴν
3825 3935 3931 4003 ψυ-

2349 4027 2470 4099 χῆν⁹
2496 4029 2562 4098 τῇ
2582 4025 2690 4097 γὰρ
2709 4027 2810 4096 τῆς
2820 4026 2998 4096 ψυχῆς
3015 4027 3214 4096 μετοχῇ
3234 4025 3294 4078 τὸ
3322 4026 3560 4096 ἔμψυχον
3580 4027 3814 4098 ὑπάρχει
3841 4028 3933 4098 ἐμ-

2346 4124 2536 4193 ψυχον.
2596 4123 2661 4181 El
2690 4125 2722 4194 ἡ
2760 4123 3036 4193 ἐπιστήμη
3069 4121 3170 4173 οὑκ
3195 4121 3342 4174 ἐστιν
3364 4124 3448 4191 ἐφ’
3471 4123 3687 4191 ἑαυτῆς,
3724 4122 3839 4176 ἀλλ’
3862 4126 3921 4177 ἐν

2345 4217 2411 4284 τῇ
2430 4213 2598 4284 ψυχῇ,
2627 4213 2836 4283 ἀνάγκη
2853 4248 2862 4255 -
2878 4213 2988 4284 ἀρα
3016 4207 3155 4265 εἶναι
3181 4211 3280 4282 τὴν
3301 4212 3477 4284 ψυχὴν
3504 4214 3587 4282 ἐφ’
3609 4214 3829 4283 ἑαυτῆς,
3859 4215 3918 4266 ἐν

2349 4291 2385 4370 ᾖ
2408 4299 2689 4370 ὑπάρχείὴ
2713 4302 3012 4372 ἐπιστήμη.

2422 4390 2618 4443 Ἄλλο.
2654 4389 2719 4441 Ei
2748 4389 2808 4441 τὸ
2837 4390 2932 4459 μὲν
2964 4389 3121 4462 σῶμα
3147 4391 3318 4444 δεῖται
3345 4390 3446 4461 τῆς
3481 4391 3656 4462 ψυχῆς
3702 4394 3840 4464 πρὸς
3867 4393 3924 4446 τὸ

665 4488 803 4550 tiat,
848 4490 1031 4542 anima
1067 4464 1198 4543 vero
1245 4505 1354 4542 non
1403 4489 1608 4559 indiget
1637 4464 1907 4560 corpore,
1958 4505 2137 4560 neque
2181 4496 2242 4542 ut

2351 4481 2444 4552 ζῇν
2482 4497 2542 4533 τε
2570 4481 2662 4534 καὶ
2692 4483 3058 4546 αἰσθάνεσθαι,
3091 4488 3124 4554 ἡ
3155 4483 3210 4536 δὲ
3231 4483 3375 4554 ψυχὴ
3398 4485 3459 4536 οὑ
3487 4485 3656 4536 δεῖται
3688 4486 3782 4538 τοῦ
3819 4486 3919 4538 σπώ-

665 4582 816 4635 vivat
858 4597 1036 4652 neque
1081 4589 1142 4635 ut
1182 4582 1485 4652 intelligat:
1522 4581 1668 4637 aliud
1708 4581 1952 4654 profecto
1983 4581 2166 4635 anima
2213 4593 2245 4632 a

665 4689 918 4743 corpore.

736 4766 922 4821 Aliud.
955 4767 1014 4822 Si
1046 4769 1228 4841 anima
1271 4767 1504 4836 imperat
1531 4766 1784 4836 corpori,
1823 4783 2023 4836 corpus
2063 4773 2244 4820 autem

667 4855 864 4910 animae
893 4857 1124 4928 imperio
1153 4858 1396 4912 deservit
1421 4874 1436 4912 :
1482 4857 1631 4911 aliud
1661 4858 1849 4928 utique
1875 4859 2055 4912 anima
2081 4871 2243 4928 quam

665 4963 888 5016 corpus.

733 5037 918 5093 Aliud.
951 5037 1010 5092 Si
1041 5039 1222 5092 anima
1248 5039 1475 5094 artificis
1507 5038 1678 5094 instar
1702 5049 1806 5104 est,
1840 5056 2040 5111 corpus
2063 5048 2243 5094 autem

667 5129 1038 5193 instrumenti,
1057 5146 1164 5184 non
1183 5131 1324 5185 idem
1337 5139 1518 5185 autem
1539 5141 1622 5187 est
1643 5134 1807 5204 538
1821 5133 2018 5188 artiﬁci
2046 5133 2248 5187 instru-

665 5229 944 5278 mentum:
977 5237 1086 5277 non
1115 5237 1246 5292 ergo
1274 5223 1416 5278 idem
1440 5225 1634 5280 anima:
1656 5242 1878 5296 corpus.

739 5398 922 5454 Aliud.
959 5398 1016 5452 Si
1047 5400 1282 5469 primum
1308 5410 1394 5455 est
1425 5400 1588 5468 ratio,
1615 5409 1668 5456 et
1690 5401 1964 5471 posterius
1983 5403 2130 5472 quod
2155 5417 2243 5455 ra-

667 5493 817 5547 tione
852 5493 910 5545 lit
961 5493 1038 5561 (in
1076 5493 1260 5547 animo
1296 5508 1529 5563 namque
1569 5504 1654 5549 est
1699 5495 1874 5560 ratio,
1920 5495 1976 5548 in
2014 5496 2243 5550 materia

666 5592 847 5640 autem
897 5584 1043 5653 quod
1088 5584 1298 5639 ratione
1349 5585 1458 5654 fit);
1493 5586 1641 5640 aliud
1690 5593 1840 5641 certe
1891 5588 2118 5641 materia
2176 5589 2242 5644 ab

739 5737 1044 5808 (ἳῦγὉθεν.
1075 5737 1200 5810 Leg.
1237 5739 1416 5794 πόθεν.
1445 5738 1562 5796 Mox
1596 5741 1700 5814 leg.
1725 5740 1880 5805 λόγος
1903 5741 2066 5794 ἐστίν.

2351 4591 2518 4644 ματος
2546 4573 2667 4627 οὗτε
2693 4577 2829 4646 πρὸς
2861 4577 2922 4628 τὸ
2951 4576 3052 4648 ζῇν
3083 4577 3209 4629 οὔτε
3258 4577 3393 4649 πρὸς
3421 4576 3481 4628 τὸ
3528 4580 3689 4641 νοεῖν,
3737 4578 3918 4649 ἕτερον

2347 4668 2455 4739 ἄρα
2484 4669 2518 4738 ἡ
2543 4667 2688 4739 ψυχὴ
2705 4667 2856 4739 παρά
2879 4670 2941 4721 τὸ
2972 4669 3151 4739 σῶμα.

2423 4761 2621 4812 Ἄλλο.
2655 4760 2719 4812 El
2749 4762 2782 4831 ἠ
2811 4761 2910 4831 μὲν
2942 4759 3088 4830 ψυχὴ
3127 4760 3456 4830 προστάσσει
3487 4759 3564 4830 τῷ
3599 4759 3830 4830 σώματι,
3858 4761 3915 4812 τὸ

2345 4853 2402 4905 δὲ
2434 4853 2591 4923 σῶμα
2613 4854 2878 4923 ὑπουργεῖ
2909 4855 3020 4914 τοῖς
3033 4854 3132 4922 τῆς
3151 4852 3329 4921 ψυχῆς
3360 4855 3792 4922 προστάγμασιν,
3814 4853 3914 4905 ἔτει

2349 4962 2441 5016 ρον
2477 4946 2585 5015 άρα
2613 4962 2663 4997 τι
2695 4947 2728 5015 ἡ
2757 4945 2901 5015 ψυχὴ
2928 4944 3080 5014 παρά
3103 4945 3164 4996 τὸ
3194 4944 3372 5014 σῶμα.

2422 5037 2619 5089 Ἄλλο.
2675 5035 2739 5086 El
2790 5038 2824 5106 ὴ
2876 5035 2974 5104 μὲν
3011 5034 3156 5104 ψυχὴ
3211 5034 3454 5104 τεχνίτου
3507 5031 3663 5099 λόγον
3710 5033 3907 5104 ἐπέχει,

2344 5126 2405 5180 τὸ
2440 5127 2497 5180 δὲ
2549 5126 2706 5197 σῶμα
2762 5126 3032 5196 ὀργάνου,
3090 5126 3152 5178 οὑ
3198 5125 3392 5178 ταύτὸν
3439 5123 3494 5177 δὲ
3551 5125 3783 5195 ὑπάρχει
3837 5124 3911 5193 τῷ

2344 5220 2564 5296 τεχνίτῃ
2621 5218 2691 5272 τά
2742 5217 2982 5289 ὄργανα,
3037 5217 3098 5270 οὑ
3152 5217 3347 5269 ταύτὸν
3391 5217 3498 5285 ἀρα
3550 5218 3613 5285 τῇ
3667 5215 3810 5286 ψυχῇ
3854 5215 3910 5267 τὸ

2348 5312 2523 5382 σῶμα.

2420 5405 2616 5456 Ἄλλο.
2658 5403 2720 5455 Εἰ
2755 5401 2966 5475 πρῶτος
2995 5402 3023 5452 ό
3053 5399 3229 5466 λόγος,
3283 5397 3376 5449 καὶ
3426 5395 3649 5467 ὕστερον
3691 5396 3750 5448 τὸ
3781 5396 3912 5447 κατὰ

2343 5497 2435 5549 τὸν
2466 5496 2620 5564 λόγον
2668 5497 2757 5565 (ὲν
2825 5494 2923 5564 μὲν
2969 5491 3078 5562 γὰρ
3123 5494 3190 5562 τῇ
3239 5485 3438 5560 ψυχῇὸ
3465 5489 3641 5556 λόγος,
3675 5491 3732 5540 ἐν
3760 5488 3814 5540 δὲ
3847 5492 3910 5557 τῇ

2345 5591 2444 5661 ὕλῃ
2485 5589 2548 5644 τὸ
2582 5587 2721 5643 κατὰ
2755 5587 2844 5641 τὸν
2871 5586 3070 5655 λόγον),
3123 5584 3309 5656 ἕτερον
3339 5584 3444 5658 ἀρα
3489 5599 3540 5634 τι
3577 5585 3609 5652 ἡ
3637 5581 3736 5653 ὑλη
3769 5582 3916 5652 παρά
