4146 6428
222 380 249 434 1
261 380 364 435 469

1126 375 1590 444 ΟΙΙᾹΞΒἸΊΟΝΕΞ
1626 377 1909 433 GRAECA?
1950 379 2042 432 AD
2079 377 2555 436 CilRlSTlANOS.

3335 376 3472 431 H70

215 494 322 566 τὴν
357 495 551 566 ψυχήν.
589 493 661 548 Τὸ
696 493 751 546 δὲ
795 491 928 562 ὕλης
960 489 1166 561 ἕτερον,
1195 488 1354 542 τοῦτο
1400 489 1494 542 καὶ
1543 488 1783 560 σώματος

1897 488 2100 544 animo.
2145 487 2300 554 Quod
2341 503 2472 543 vero
2523 502 2551 540 a
2599 486 2829 543 materia
2865 487 3011 540 aliud
3061 495 3175 552 est,
3224 487 3277 542 id
3321 490 3468 542 aliud

216 585 311 638 ἓτε
321 603 428 656 ρον.
1773 636 1781 639 -

301 679 494 732 Ἄλλο.
539 677 600 729 El
623 674 684 729 τὸ
715 673 788 746 μὴ
819 673 877 727 ὃν
926 672 1086 743 σῶμα
1129 671 1250 726 om
1290 671 1448 726 οὐσία
1498 671 1634 734 ἐστὶ,
1681 669 1798 733 πῶς

214 766 506 838 διαιρεῖται
548 769 581 835 ή
625 765 780 818 οὑσία
833 766 913 826 είς
967 761 1126 832 σῶμα
1173 762 1268 815 καὶ
1331 761 1641 832 ἀσώματον,
1699 761 1795 814 τοῦ

215 857 597 929 διαιρουμένου
642 856 857 926 ἀνάγκῃ
905 852 1240 922 ὑπάρχοντος
1268 855 1326 905 ἐν
1350 855 1463 916 τοῖς
1488 854 1568 916 είς
1593 853 1630 906 ἃ
1659 852 1794 905 διαι-

218 950 393 1018 ρεῖται
414 963 429 1009 ;

303 1036 668 1088 ἘΡΩΤΗΣΙΣ.
700 1036 764 1087 Et
791 1034 904 1087 ἔστι
929 1051 980 1087 τι
1009 1032 1317 1104 ἀσώματον,
1338 1033 1499 1087 πόθεν
1517 1034 1695 1104 δῆλον,
1713 1035 1794 1087 ὅτι

213 1127 351 1180 αὐτὸ
371 1128 454 1196 ἐφ’
485 1126 674 1180 ἐαυτοῦ
705 1127 921 1180 δύναται
953 1122 1123 1191 εἴναι;

301 1219 705 1274 ἈΠΟΚΡΙΣΙΣ.
777 1213 851 1274 Οὖ
910 1222 978 1290 τῇ
1041 1218 1315 1290 παρουσίᾳ
1387 1219 1449 1271 τὸ
1515 1219 1672 1289 σῶμα
1733 1219 1796 1272 τὸ

211 1312 340 1366 καθ’
364 1313 524 1365 ἑαυτὸ
551 1312 700 1382 ζωῆς
722 1329 780 1364 τε
807 1311 898 1364 καὶ
927 1311 1228 1383 αἰσθήσεως
1244 1312 1337 1364 καὶ
1364 1310 1599 1374 διανοίας
1617 1311 1791 1380 ἀμέτ-

208 1419 338 1474 οχον
381 1403 516 1476 (25),
575 1405 668 1458 καὶ
709 1407 775 1474 τῇ
830 1403 1064 1474 ἀπουσίᾳ
1141 1403 1301 1456 πάλιν
1352 1402 1545 1475 νεκρόν
1597 1419 1657 1455 τε
1699 1403 1794 1455 καὶ

208 1494 536 1565 ἀναίσθητον
585 1497 678 1548 καὶ
729 1496 1042 1567 ἀδιανόητον
1092 1496 1320 1563 γίνεται,
1379 1494 1539 1548 τοῦτο
1577 1496 1791 1566 ἀνάγκη

209 1580 354 1639 εἶναι
381 1586 776 1656 ὲφ’ἐαυτοῦ,ὼς
804 1590 868 1658 τῇ
893 1584 1084 1640 ἐαυτοῦ
1117 1585 1276 1656 φύσει
1304 1586 1546 1660 ὑπάρχον
1577 1585 1790 1658 ἄφθαρ-

206 1694 324 1732 τον.

288 1771 485 1824 Ἄλλο.
516 1770 588 1826 Τὸ
620 1769 1044 1835 κατασκευάζειν
1092 1769 1470 1840 ἐπιστημόνως
1499 1771 1599 1835 τὰς
1641 1772 1788 1839 λογι-

1896 596 2114 651 quoque
2143 596 2173 633 a
2207 595 2456 649 corpore.

1966 671 2148 726 Aliud.
2182 670 2240 725 Si
2270 669 2325 724 id
2355 671 2498 740 quod
2524 685 2729 740 corpus
2752 681 2862 723 non
2884 676 2990 733 est,
3022 681 3200 737 neque
3221 669 3474 724 substan-

1893 764 1970 818 tia
2001 773 2117 819 est:
2148 763 2436 834 quomodo
2459 762 2772 818 substantia
2800 761 3062 816 dividitur
3091 762 3147 816 in
3178 777 3377 832 corpus
3416 773 3472 818 et

1861 893 1866 898 ς
1896 858 2278 925 incorporequ
2303 897 2319 922 ,
2353 869 2476 909 cum
2513 854 2565 908 id
2586 893 2602 920 ,
2631 847 3072 924 quodrdividitur
3093 893 3109 919 ,
3156 856 3471 910 necessario

1894 946 1950 1001 in
1981 946 2060 1001 eis
2086 947 2156 1000 sit
2187 946 2242 999 in
2265 961 2386 1016 quae
2415 944 2717 999 dividitur?

1964 1037 2244 1105 QUEST.
2277 1037 2342 1093 ll.
2375 1037 2430 1092 Si
2464 1037 2596 1113 quid
2626 1047 2710 1091 est
2749 1038 3134 1106 incorporeum
3155 1077 3171 1104 ,
3210 1035 3357 1092 unde
3396 1037 3466 1090 li-

1894 1139 2027 1201 quet
2050 1129 2104 1182 id
2134 1131 2189 1182 in
2217 1129 2400 1198 seipso
2423 1142 2546 1182 esse
2573 1128 2770 1196 posse?

1966 1220 2164 1275 RESP.
2198 1220 2372 1290 Cujus
2414 1231 2468 1274 et
2507 1221 2798 1290 praesentia
2829 1235 3032 1291 corpus
3054 1259 3068 1284 ,
3105 1221 3248 1290 quod
3281 1236 3379 1290 per
3407 1236 3467 1274 se

1893 1314 2132 1378 exsistit,
2161 1313 2304 1377 vitae,
2336 1328 2533 1369 sensus
2561 1322 2614 1366 et
2642 1312 2881 1366 notionis
2917 1311 2975 1365 iit
3015 1311 3286 1382 particeps
3327 1310 3465 1381 (Ἡ),

1893 1412 1948 1459 et
1977 1405 2224 1460 absentia
2246 1419 2440 1459 rursus
2473 1411 2772 1466 mortuum,
2801 1418 2863 1457 ac
2892 1404 3012 1457 sine
3041 1418 3206 1458 sensu
3230 1414 3282 1456 et
3313 1404 3468 1472 cogi-

1895 1497 2100 1551 tatione
2127 1515 2140 1552 :
2165 1495 2219 1550 id
2252 1511 2476 1552 necesse
2506 1503 2591 1551 est
2619 1497 2674 1550 in
2698 1495 2881 1566 seipso
2907 1510 3033 1550 esse
3061 1502 3120 1548 ut
3149 1509 3248 1548 sua
3271 1501 3467 1548 natura

1891 1592 2324 1662 incorruptibile.

1960 1771 2143 1827 Aliud.
2179 1771 2382 1828 Petitas
2408 1787 2439 1826 e
2466 1771 2675 1826 ratione
2705 1767 3076 1824 dubitationes
3113 1767 3350 1822 scienter
3381 1765 3464 1818 in—

205 1861 315 1925 κὰς
343 1863 592 1934 ἀπορίας,
623 1865 716 1915 καὶ
743 1863 944 1926 ταύτας
973 1851 1173 1934 ὁμοίως
1202 1852 1585 1936 ἐπιστημόνως
1616 1863 1783 1930 λύειν,

1895 1865 2141 1928 stituere,
2175 1863 2503 1933 easdemque
2545 1861 2732 1916 itidem
2778 1860 3015 1916 scienter
3049 1859 3260 1913 solvere
3287 1894 3302 1919 ,
3353 1871 3462 1908 non

201 1956 309 2010 οὑκ
339 1954 483 2008 ἐστιν
511 1955 815 2026 αἰσθήσεως
858 1956 1034 2026 ἔργον.
1083 1958 1438 2030 Ὠμολόγηται
1475 1959 1584 2031 γὰρ
1624 1961 1685 2012 τὸ
1715 1959 1789 2031 μὴ

201 2046 466 2102 δὺνασθαι
493 2048 590 2120 τὴν
631 2048 881 2119 αἴσθησιν
907 2050 1093 2114 οὐσίας
1145 2067 1206 2103 τε
1249 2051 1344 2104 καὶ
1373 2051 1629 2122 ἀληθείας
1658 2053 1790 2122 ἐφά-

205 2139 437 2192 πτεσθαι
473 2139 760 2212 γνώσεως..
791 2142 854 2194 Et
891 2141 946 2194 δὲ
983 2141 1160 2206 τοῦτο,
1203 2144 1295 2195 καὶ
1329 2145 1638 2216 ἐπιστήμης
1690 2145 1788 2216 μὲν

205 2231 326 2285 ἐστι
379 2232 440 2285 τὸ
497 2231 832 2301 ἐφάπτεσθαι
878 2234 1064 2298 οὑσίας
1108 2252 1167 2288 τε
1207 2236 1301 2288 καὶ
1356 2235 1614 2306 ἀληθείας
1645 2235 1788 2304 γνώ-

207 2340 370 2388 σεως,
427 2324 730 2397 αἰσθήσεως
781 2325 838 2379 δὲ
890 2326 989 2379 οὑκ
1046 2326 1203 2379 ἐστι’
1246 2328 1308 2380 τὸ
1357 2328 1414 2382 δὲ
1467 2329 1542 2400 μὴ
1583 2329 1643 2382 ’ὸν
1688 2331 1790 2401 τῆς

203 2417 515 2488 αἰσθήσεως
597 2415 718 2468 οὑδὲ
798 2415 1047 2487 σώματός
1121 2420 1270 2471 ἐστιν
1308 2436 1320 2449 ·
1391 2420 1604 2493 ἀνάγκη
1679 2423 1788 2493 ἀρα

204 2502 346 2559 εἷναί
390 2524 442 2559 τι
493 2506 781 2578 ἀσώματον
813 2509 898 2578 ἐφ’
927 2508 1143 2574 ἑαυτοῦ,
1192 2511 1249 2563 ἐν
1273 2503 1315 2578 ᾧ
1347 2513 1575 2584 ὑπάρχει
1607 2516 1641 2586 ή
1669 2516 1787 2568 ἐπι-

205 2600 411 2670 στήμηη
1091 2673 1093 2675 ,

282 2690 483 2742 Ἄλλο.
524 2687 587 2742 El
616 2689 696 2743 δεῖ
722 2690 820 2762 τὴν
848 2692 1035 2744 οὐσίαν
1059 2687 1196 2746 εἶναι
1222 2693 1306 2762 ἐφ’
1332 2694 1550 2767 ἑαυτῆς,
1572 2695 1788 2769 διαιρετ-

199 2792 294 2829 ται
319 2775 375 2829 δὲ
400 2777 434 2848 ἡ
466 2778 622 2832 οὑσία
652 2780 793 2833 κατὰ
836 2780 933 2851 τὴν
962 2781 1186 2852 πρώτην
1218 2782 1478 2854 διαίρεσιν
1519 2788 1598 2848 είς
1624 2786 1784 2857 σῶμα

204 2870 302 2922 καὶ
345 2869 652 2941 ἀσώματον,
709 2872 827 2936 πῶς
875 2874 975 2927 οὑκ
1023 2873 1139 2928 ἐστι
1179 2875 1238 2928 τὸ
1285 2876 1580 2948 ἀσώματον
1627 2879 1785 2932 οὑσία

201 2962 292 3031 ἐφ’
321 2961 516 3033 ἑαυτῆς
548 2963 866 3034 ὑπάρχουσα
889 2981 903 3029 ;

283 3055 480 3109 Ἄλλο.
517 3056 590 3109 Τὸ
613 3055 907 3126 δυνάμενον
947 3059 1107 3113 ἐαυτὸ
1137 3058 1391 3132 χωρίζειν
1415 3059 1510 3114 τοῦ
1537 3063 1785 3134 προσπά-

203 3164 356 3219 σχειν
384 3146 614 3218 σώματι,
662 3150 756 3204 καὶ
785 3149 858 3220 μὴ
888 3150 1223 3222 φθείρεσθαι,
1252 3152 1473 3206 δύναται
1498 3155 1591 3207 καὶ
1616 3173 1782 3227 χωρι-

203 3231 399 3309 σθῆναι
435 3237 529 3291 τοῦ
581 3238 830 3311 σώματος
865 3242 958 3294 καὶ
990 3242 1063 3313 μὴ
1089 3243 1437 3315 φθείρεσθαι·
1461 3246 1541 3299 διὸ
1568 3247 1785 3301 κάλλιον

201 3331 301 3383 καὶ
319 3329 638 3404 τιμιώτερόν
672 3333 787 3386 ἐστι
811 3333 906 3385 τοῦ
935 3333 1206 3405 σώματος,
1234 3336 1309 3399 ὡς
1341 3336 1514 3391 αἴτιον
1542 3339 1789 3412 ὑπάρχον

199 3422 299 3475 τοῦ
322 3422 481 3476 καλὸν
507 3419 642 3477 εἶναι
663 3425 723 3476 τὸ
745 3424 900 3495 σῶμα
919 3429 984 3496 τῇ
1015 3427 1178 3480 αὑτοῦ
1203 3431 1492 3501 παρουσίᾳ.
1525 3431 1599 3484 Τὸ
1621 3432 1785 3484 τοιοῦ-

199 3515 296 3567 τόν
327 3532 506 3586 φαμεν
538 3509 807 3587 εἶναιτὴν
838 3517 1064 3588 λογικὴν
1087 3519 1286 3591 ψυχὴν,
1334 3522 1552 3594 πνεῦμα
1596 3519 1784 3589 οὖσαν,

200 3607 410 3678 νοερὸν,
445 3607 681 3679 ζωτικήν
713 3625 772 3661 τε
799 3611 893 3662 καὶ
922 3612 1231 3683 γνωστικὴν
1277 3615 1368 3667 κα)⁵
1395 3614 1750 3687 αὐτοκίνητον
1768 3633 1780 3646 ο

200 3698 273 3774 ἧς
294 3702 608 3773 όμοουσίους
629 3699 765 3755 εἷναί
799 3721 976 3774 φαμεν
1006 3706 1130 3770 τούς
1153 3723 1212 3759 τε
1243 3706 1508 3775 ἀγγέλους
1543 3711 1635 3762 καὶ⁵
1659 3711 1786 3773 τοὺς

201 3794 484 3864 δαίμονας.
518 3795 628 3847 Καὶ
661 3794 888 3849 καθόλου
941 3799 1135 3861 εἰπεῖν,
1174 3801 1281 3856 πᾶν
1325 3799 1565 3853 ἐνοὺσιον
1590 3801 1651 3853 τὸ
1681 3802 1784 3854 ὑπό

200 3902 347 3950 τινος
373 3887 447 3957 μὴ
489 3886 783 3973 δυνάμενον
815 3888 924 3961 (26)
959 3891 1298 3962 κρατεῖσθαι,
1335 3893 1496 3964 σῶμά
1546 3897 1663 3947 ἐστι
1706 3875 1784 3964 τῷ

201 3978 494 4051 κρατοῦντι
519 3981 669 4033 αὑτό.
699 3982 808 4034 Καὶ
832 3982 892 4034 τὸ
914 3982 1055 4035 Θεῖόι.
1095 4001 1272 4055 φαμεν
1295 3981 1432 4039 εἶναι
1457 3987 1746 4057 ἀσώματον
1765 4027 1781 4052 ,

198 4069 401 4143 οὑχὸτι
439 4071 583 4124 ἐστιν
612 4070 899 4142 ἀσώματον
959 4075 1232 4145 (ἐπέκρινα
1282 4077 1391 4148 γάρ
1423 4079 1569 4132 ἐστιν
1593 4081 1620 4131 ὁ
1651 4079 1783 4144 Θεὸς

199 4163 270 4232 τῇ
303 4160 465 4214 αὑτοῦ
493 4162 671 4232 οὐσίᾳ,
709 4162 896 4233 ὥσπερ
920 4164 1014 4217 τοῦ
1043 4165 1142 4237 adit
1174 4183 1314 4233 ιτος,
1366 4167 1508 4222 οὕτω
1539 4171 1632 4223 καὶ
1684 4169 1780 4222 τοῦ

199 4252 514 4323 ἀσωμάτου,
544 4255 621 4316 ὡς
641 4255 910 4327 ἐκατέρου
959 4257 1163 4312 τούτων
1214 4260 1473 4331 ὑπάρχων
1519 4263 1779 4335 δημιουρ-

199 4342 329 4412 γόςο
381 4345 501 4416 οὑδέ
549 4342 656 4415 γὰρ
708 4346 962 4416 ἐποίησεν
1001 4349 1030 4399 ό
1074 4347 1204 4410 Θεὸς
1233 4348 1451 4414 ἀαὺτὸς
1501 4352 1776 4423 ὑπάρχει),

200 4437 317 4492 ἀλλ’
341 4439 528 4510 ὥσπερ
561 4437 832 4510 εἰώθαμεν
866 4442 923 4493 ἐν
954 4443 1066 4503 τοῖς
1094 4444 1222 4513 παρ’
1263 4445 1395 4514 ἡμῖν
1434 4447 1780 4516 τιμιωτέροις

1891 1974 2091 2015 sensus
2114 1966 2198 2012 est
2225 1973 2385 2028 opus.
2417 1957 2643 2011 Constat
2675 1957 2821 2010 enim
2842 1994 2858 2020 ,
2901 1971 3007 2009 non
3046 1967 3208 2023 posse
3240 1967 3461 2006 sensum

1891 2052 2146 2108 essentia
2174 2059 2228 2106 et
2263 2049 2510 2105 veritatis
2545 2048 2814 2118 attingere
2848 2046 3236 2117 cognitionem.
3285 2044 3464 2112 Atque

1889 2143 1994 2199 hoc
2015 2144 2061 2198 si
2083 2144 2162 2198 sic
2181 2158 2238 2198 se
2259 2142 2443 2206 habet,
2469 2156 2532 2194 ac
2553 2139 2795 2195 scientia:
2813 2147 2898 2193 est
2928 2140 3194 2208 attingere
3211 2135 3465 2190 essentia:

1889 2244 1945 2292 et
1977 2235 2227 2291 veritatis
2257 2235 2660 2306 cognitionem,
2692 2248 2887 2288 sensus
2911 2247 3042 2286 vero
3068 2243 3409 2300 nequaquam
3445 2247 3460 2281 :

1887 2329 2031 2399 quod
2077 2339 2255 2384 autem
2293 2343 2490 2385 sensus
2517 2344 2628 2382 non
2659 2335 2778 2392 est,
2813 2326 2866 2381 id
2906 2340 3007 2380 nec
3049 2322 3297 2395 corporis
3327 2326 3410 2374 est
3445 2337 3459 2371 :

1888 2437 2115 2477 necesse
2153 2429 2236 2477 est
2280 2420 2526 2490 profecto
2564 2435 2686 2476 esse
2726 2418 2932 2490 aliquid
2977 2418 3359 2486 incorporeum
3405 2413 3459 2465 in

1889 2515 2092 2585 seipso,
2121 2514 2176 2568 in
2208 2528 2318 2583 quo
2340 2513 2567 2568 scientia
2596 2513 2687 2567 sit.

1957 2689 2140 2744 Aliud.
2177 2687 2233 2743 Si
2263 2688 2559 2745 essentiam
2588 2687 2645 2742 in
2678 2686 2858 2757 seipsa
2883 2701 3006 2740 esse
3031 2691 3266 2754 oportet,
3299 2681 3462 2753 [divi-

1887 2778 2034 2833 ditur
2065 2784 2245 2832 autem
2280 2777 2518 2832 essentia
2545 2815 2561 2839 .
2605 2776 2907 2831 secundum
2948 2775 3181 2846 primam
3229 2773 3459 2826 divisio-

1886 2885 2009 2924 nem
2037 2909 2051 2933 ,
2093 2870 2148 2923 in
2194 2884 2518 2940 corporeum
2541 2875 2594 2924 et
2625 2865 3344 2940 incorporeum],quomodo
3376 2865 3460 2918 in-

1885 2948 2209 3031 corporeum
2243 2961 2484 3016 essentia
2510 2975 2618 3013 non
2648 2970 2732 3015 est
2758 2961 2814 3013 in
2843 2959 3027 3030 seipsa
3057 2957 3375 3013 exsistens?

1955 3052 2138 3108 Aliud.
2172 3052 2329 3119 Quod
2359 3060 2541 3124 potest
2561 3053 2801 3123 seipsum
2820 3066 3078 3121 separare
3117 3050 3186 3104 ab
3215 3049 3461 3103 aﬂ‘ectio-

1887 3145 2071 3210 nibus,
2106 3161 2227 3218 qua:
2252 3162 2377 3200 cum
2407 3160 2638 3216 corpore
2659 3145 2992 3206 sentiuntur,
3025 3156 3126 3197 nec
3157 3150 3337 3195 tamen
3367 3157 3464 3210 pe-

1889 3236 2033 3300 rire,
2081 3236 2136 3290 id
2165 3242 2345 3307 potest
2378 3243 2432 3290 et
2462 3251 2492 3288 a
2522 3249 2751 3304 corpore
2795 3233 3035 3302 separari
3085 3248 3185 3286 nec
3234 3232 3412 3301 perire
3443 3248 3459 3284 :

1888 3327 2034 3382 unde
2064 3327 2349 3398 pulchrius
2379 3333 2434 3381 et
2473 3325 2823 3395 praestantius
2841 3332 2927 3379 est
2956 3338 3226 3394 corpore;
3256 3321 3460 3391 quippe

1889 3437 2010 3477 cum
2042 3421 2098 3474 in
2141 3435 2306 3475 causa
2338 3419 2410 3473 sit
2439 3434 2537 3473 sua
2578 3416 2864 3488 praesentia
2886 3454 2902 3480 ,
2937 3430 3038 3469 cur
3074 3414 3360 3484 pulchrum
3391 3414 3464 3467 sit

1888 3521 2111 3576 corpus.
2145 3504 2279 3560 Rem
2317 3506 2588 3576 ejusmodi
2629 3505 2867 3559 dicimus
2913 3519 3036 3558 esse
3079 3503 3316 3556 animam
3365 3517 3457 3556 ra-

1886 3600 2034 3656 tione
2071 3600 2522 3670 przeditam,,quae
2551 3606 2634 3652 est
2664 3597 2915 3667 spiritus,
2951 3595 3282 3666 intelligens,
3319 3596 3462 3649 vita-

1885 3693 1955 3748 lis
1979 3732 1994 3757 ,
2047 3691 2362 3746 notionibus
2407 3689 2692 3744 abundans
2725 3697 2778 3743 et
2807 3703 2905 3758 per
2953 3702 3012 3742 se
3043 3687 3284 3742 mobilis.
3320 3685 3462 3742 Huic

1886 3784 2386 3842 consubstantiales
2414 3797 2536 3836 esse
2560 3780 2794 3836 dicimus
2824 3779 3049 3850 angelos
3077 3788 3132 3832 et
3161 3778 3458 3834 dmmones.

1884 3878 2081 3948 Atque,
2115 3883 2175 3930 ut
2219 3875 2386 3930 verbo
2432 3873 2610 3928 dicam
2637 3912 2652 3936 ,
2695 3863 2971 3942 quidquid
2999 3869 3362 3924 substantiale
3391 3870 3461 3923 ab

1885 3973 2068 4040 aliquo
2097 3968 2271 4024 teneri
2297 3973 2496 4037 potest,
2528 3965 2583 4019 id
2607 3981 2808 4034 corpus
2829 3971 2913 4020 est
2938 3963 2989 4018 ei
3019 3977 3050 4016 a
3083 3978 3192 4032 quo
3221 3971 3459 4019 tenetur.

1882 4063 1960 4118 Ac
1993 4062 2159 4117 Deum
2188 4059 2408 4130 quidem
2439 4057 2675 4112 dicimus
2704 4071 2830 4111 esse
2875 4055 3259 4123 incorporeum
3284 4095 3299 4118 ,
3349 4069 3458 4107 non

1883 4153 2027 4226 quod
2051 4156 2408 4223 incorporeus
2437 4150 2509 4206 sit
2540 4149 2646 4222 (est
2665 4148 2808 4203 enim
2844 4145 2989 4202 Deus
3017 4147 3253 4226 essentia
3275 4160 3374 4200 sua
3399 4153 3460 4200 ut

1881 4222 2026 4304 ultra
2055 4261 2274 4318 corpus,
2301 4245 2374 4298 ita
2406 4253 2459 4300 et
2485 4244 2626 4298 ultra
2653 4222 3149 4311 incorporeum,'ut
3174 4241 3460 4308 utriusque

1882 4339 2132 4397 conditor
2163 4357 2176 4393 :
2208 4352 2386 4407 neque
2416 4335 2560 4390 enim
2593 4350 2656 4389 ea
2693 4333 2824 4388 fecit
2847 4331 2990 4386 Deus
3020 4345 3140 4400 qua!
3170 4331 3286 4400 ipse
3313 4336 3454 4397 est);

1883 4431 1977 4488 sed
2029 4427 2489 4501 quemadmodum
2539 4427 2784 4482 solemus
2830 4424 3207 4479 materialibus
3256 4424 3454 4485 rebus,

203 4529 408 4594 ὑλικοῖς
436 4532 522 4584 ἀεὶ
541 4530 816 4602 γεραίρειν
849 4532 910 4584 τὸ
951 4531 1124 4598 Θε-ῖον,
1150 4533 1291 4587 οὕτω
1315 4536 1409 4588 καὶ
1438 4537 1494 4589 ἐν
1522 4539 1634 4600 τοῖς
1660 4539 1778 4590 ὀνό-

1885 4539 2003 4596 qua:
2033 4523 2175 4594 apud
2205 4537 2307 4576 nos
2340 4521 2698 4592 pretiosiores
2729 4525 2880 4584 sunt,
2919 4516 3088 4573 Deum
3123 4531 3337 4586 semper
3364 4531 3458 4570 ve—

207 4640 392 4696 μασιν,
417 4623 514 4707 οὑχ
541 4623 618 4686 ὡς
648 4620 743 4674 τοῦ
767 4621 902 4674 Θεοῦ
926 4622 1133 4676 τούτων
1173 4623 1450 4694 δεομένου,
1482 4625 1595 4678 ἀλλ’
1623 4629 1779 4698 ἡμῶν

202 4715 300 4788 τὴν
330 4717 458 4787 περὶ
491 4714 654 4768 αὐτοῦ
679 4713 886 4769 ἔννοιαν
910 4716 1093 4778 αὐτοῖς
1120 4715 1561 4786 ἐνδεικνυμένων.
1596 4718 1781 4790 Τούτῳ

202 4803 294 4862 οὖν
319 4807 397 4878 ’ἑῷ
423 4807 607 4879 τρόπῳ
661 4805 996 4877 ὀνομάζομεν
1033 4797 1196 4860 αὑτὸν
1241 4806 1550 4878 ἀσώματον,
1602 4811 1779 4866 καίτοι

204 4900 402 4964 εἰδότες
429 4899 592 4952 αὑτὸν
623 4899 878 4951 ἐπέκεινα
910 4899 1221 4968 ὑπάρχοντα
1245 4897 1338 4950 τοῦ
1361 4900 1674 4969 ἀσωμάτου,
1703 4902 1779 4966 ὡς

201 4987 391 5043 τούτου
429 4986 779 5058 δημιουργόν.
810 4984 1023 5037 Κείσθω
1055 4985 1112 5037 δὲ
1159 4984 1296 5048 ὅλως
1324 4985 1417 5038 καὶ
1441 4985 1600 5040 τοῦτο
1619 4989 1675 5039 ἐν
1703 4987 1780 5058 τῷ

203 5081 344 5151 λόγῳ
365 5079 632 5133 δεικτικὸν
657 5078 902 5148 ὑπάρχον
930 5074 1021 5129 τοῦ
1045 5071 1186 5129 εἷναί
1207 5093 1259 5128 τι
1279 5075 1584 5147 ἀσώματον.
1628 5077 1692 5129 El
1723 5077 1780 5129 δέ

208 5173 370 5247 μηδὲν
394 5166 462 5242 ἦν
490 5173 546 5224 ἐν
587 5174 698 5234 τοῖς
729 5166 880 5224 οὖσιν
917 5170 1223 5241 ἀσώματον,
1274 5171 1380 5224 οὐδ’
1406 5172 1568 5226 ἂντὸ
1597 5171 1776 5242 σῶμα.

217 5264 352 5318 Ἀλλ’
380 5263 564 5335 ἐπειδή
600 5262 716 5317 ἐστί
742 5281 795 5316 τι
815 5262 1124 5334 ἀσώματον,
1148 5254 1336 5335 ὥσπερ
1362 5263 1478 5316 ἐστί
1501 5280 1554 5315 τι
1597 5261 1777 5332 σῶμα,

275 5463 574 5537 (‘24)Quod
607 5479 808 5537 corpus
845 5466 1085 5521 notionis
1113 5477 1166 5521 et
1203 5466 1553 5536 cogitationis
1604 5467 1778 5537 parti-

205 5551 333 5607 ceps
362 5535 586 5596 dicitur,
635 5535 685 5607 id
714 5535 836 5590 non
869 5553 932 5591 ex
966 5537 1129 5606 hujus
1180 5535 1499 5607 Scriptoris,
1559 5535 1654 5592 sed
1710 5553 1776 5592 ex

206 5605 353 5660 illius
404 5605 841 5660 adversariorum
905 5605 1174 5662 sententia
1236 5605 1457 5662 dicitur.
1523 5607 1588 5661 Hi
1632 5608 1775 5662 enim

205 5693 329 5730 cum
400 5677 776 5750 substantiam
818 5677 1227 5750 incorpoream_
1263 5680 1318 5732 in
1391 5678 1614 5750 homine
1669 5694 1777 5750 Imn

208 5756 590 5820 agnoscerent,
628 5747 1232 5820 cogebantur'corpori
1282 5749 1584 5806 attribuere
1619 5749 1776 5819 quid.

207 5816 334 5890 quid
368 5819 530 5874 homo
556 5818 757 5887 cogitat
801 5826 854 5874 ct
881 5820 1050 5875 novit.

1884 4614 2089 4679 nerari,
2123 4614 2194 4667 ita
2224 4619 2278 4667 et
2306 4607 2654 4675 nominibus,
2693 4625 2804 4664 non
2844 4608 2990 4679 quod
3024 4608 3105 4662 eis
3138 4605 3280 4660 Deus
3309 4604 3453 4658 indi-

1881 4714 2024 4779 geat,
2059 4707 2154 4762 sed
2182 4715 2241 4760 ut
2266 4713 2510 4759 nostram
2544 4704 2611 4759 de
2639 4687 2747 4757 Deo
2787 4701 3112 4757 sententiam
3145 4713 3241 4768 per
3266 4712 3330 4752 ea
3361 4695 3457 4750 de-

1881 4800 2174 4853 claremus.
2215 4794 2332 4850 Hoc
2373 4796 2538 4866 igitur
2567 4795 2732 4850 modo
2778 4794 2932 4850 illum
2963 4809 3223 4849 vocamus
3273 4793 3457 4848 incor-

1881 4908 2134 4966 poreum,
2167 4890 2692 4961 quamvis'sciamus
2721 4903 2845 4943 eum
2872 4902 2995 4942 esse
3029 4887 3172 4941 ultra
3201 4887 3458 4956 incorpo-

1882 4974 2083 5049 reum,
2108 4994 2170 5039 ut
2214 4984 2364 5039 illius
2408 4983 2770 5036 conditorem.
2807 4978 3021 5034 Maneat
3061 4986 3242 5032 autem
3270 4985 3324 5032 et
3350 4978 3458 5032 hoc

1882 5080 2106 5135 omnino
2136 5079 2190 5132 in
2223 5077 2593 5149 disputatione
2617 5075 2804 5137 fixum,
2838 5080 2896 5126 ut
2925 5071 3070 5142 quod
3095 5087 3218 5127 esse
3248 5072 3468 5142 aliquid

1880 5173 2266 5242 incorporeum
2311 5170 2670 5225 demonstret.
2708 5165 2862 5233 Quod
2910 5167 2957 5219 si
2998 5165 3055 5218 in
3101 5165 3266 5218 rebus
3317 5164 3456 5218 nihil

1883 5274 2030 5323 esset
2060 5267 2442 5336 incorporeum
2464 5302 2480 5328 ,
2510 5276 2689 5333 neque
2725 5261 2890 5315 etiam
2921 5274 3122 5328 corpus
3146 5266 3314 5312 esset.
3346 5255 3454 5311 Sed

1950 5465 2070 5537 (25)
2116 5463 2448 5537 ᾏμέτοχοιν.
2473 5461 2704 5537 _Leger_e_
2751 5459 2949 5537 malim.
2992 5457 3237 5537 μέτοχον,
3287 5468 3452 5537 quam

1880 5524 2004 5607 cum
2040 5524 2350 5607 Sylb'urgio'
2385 5524 2603 5588 addere.
2644 5531 2710 5602 ζῇ
2755 5546 2816 5582 τε
2866 5528 2960 5582 καὶ
2991 5524 3314 5582 αἰσθάνεται
3358 5524 3454 5578 καὶ

1876 5605 2188 5659 διανοεῖται.
2240 5654 2247 5660 .

1950 5676 2062 5745 (26)
2115 5677 2182 5729 Τὸ
2213 5714 2227 5728 .
2278 5715 2290 5728 .
2348 5715 2362 5729 .
2456 5673 2492 5742 ἡ
2547 5671 2902 5742 δυνάμενον.
2935 5667 3254 5748 Tollendum
3287 5681 3452 5748 nega-

1950 5763 2085 5800 mem
2143 5746 2336 5804 probat
2392 5693 2715 5804 gvlbumius
2767 5759 2834 5800 ex
2889 5741 2976 5798 his
3017 5754 3139 5804 qua:
3170 5738 3313 5793 infra
3375 5752 3452 5792 te-

1880 5738 2085 5800 ιίοήειιι
2143 5746 2336 5818 probat
2392 5738 2715 5818 Sylburgius
2767 5759 2834 5800 ex
2889 5741 2976 5798 his
3017 5754 3139 5811 qua:
3170 5738 3313 5793 infra
3375 5741 3452 5792 ie-

1878 5832 1948 5889 gu
1958 5828 2104 5872 ntur.
