4146 6422
708 345 839 399 ΗΠ

1478 343 1842 401 ΑΡΡΕΝΒΙΧ.
1883 377 1951 386 -
1990 345 2172 402 PARS
2207 348 2247 401 l.
2286 349 2344 409 S.
2381 351 2643 406 JUSTINI
2679 350 2907 407 OPERA
2949 351 3222 407 SPURlA.

3828 354 3963 410 “7‘3

698 461 827 530 quia
854 461 1058 531 aliquid
1089 473 1174 519 est
1203 463 1605 534 incorporeum,
1641 468 1783 521 sicut
1813 467 2017 538 aliquid
2040 479 2125 525 est
2155 486 2272 525 cor-

2380 472 2468 526 διά
2482 473 2636 525 τοῦτο
2649 473 2860 544 ἀνάγκη
2872 478 2982 536 τοῖς
2997 474 3256 536 ἐναντίοις
3267 473 3568 544 ὀνόμασιτά
3580 475 3798 527 ἐναντία
3811 475 3966 545 ἀλλή-

701 569 802 620 pus
822 596 835 621 ,
867 566 1150 624 propterea
1177 573 1402 613 necesse
1450 566 1536 613 est
1575 575 1697 626 qua:
1739 562 2019 615 contraria
2045 561 2188 617 inter
2217 580 2276 618 se

699 652 847 707 sunt,
874 647 1189 702 nominibus
1211 664 1494 704 secernere
1522 653 1834 708 contrariis.
1871 653 2084 709 Etenim
2107 655 2276 710 Deum

700 737 1003 792 increatum
1055 740 1311 805 dicimus,
1362 742 1588 796 increati
1631 743 1796 814 539
1839 748 2203 816 appellatione
2248 764 2279 802 a

700 829 863 882 rebus
897 835 1095 886 creatis
1117 847 1253 886 eum
1289 842 1658 889 secernentes.
1703 835 1770 888 Et
1808 839 1914 892 nisi
1955 855 2042 894 res
2083 851 2281 896 creatae

696 927 904 982 essent,
940 937 1118 992 neque
1149 922 1292 978 Deus
1320 924 1390 979 ab
1427 925 1508 978 eis
1540 926 1768 980 increati
1797 932 2064 984 vocabulo
2099 947 2280 986 secer-

679 1019 945 1065 neretur.
979 1011 1089 1066 Hac
1112 1029 1242 1084 ergo
1270 999 1642 1081 distinctione,
1668 1033 1790 1088 quae
1811 1022 2032 1075 nomine
2051 1024 2280 1079 increati

697 1104 918 1179 nititur,
967 1104 1135 1160 Deum
1191 1107 1330 1161 ultra
1377 1124 1609 1178 corpora
1662 1118 1718 1164 et
1776 1112 2100 1182 incorporea
2156 1131 2280 1172 esse

695 1195 1023 1251 ostenditur.
1057 1194 1194 1251 Nam
1219 1199 1265 1253 si
1298 1213 1493 1252 nomen
1525 1201 1695 1254 creati
1735 1205 2051 1258 summatim
2081 1223 2279 1277 corpo—

693 1291 884 1341 rea'et
930 1288 1252 1357 incorporea
1296 1292 1704 1360 complectitur,
1754 1294 1849 1363 qui
1895 1296 2000 1350 hoc
2046 1297 2278 1353 increati

695 1376 916 1431 nomine
961 1392 992 1430 a
1027 1379 1227 1433 creatis
1271 1384 1612 1446 secernitur,
1648 1383 1793 1438 hunc
1822 1387 2156 1456 perspicitur
2182 1407 2279 1448 ne-

692 1468 937 1521 cessario
965 1475 1019 1521 et
1046 1484 1077 1521 a
1102 1473 1428 1540 corporibus
1461 1481 1514 1528 et
1543 1474 1612 1529 ab
1650 1476 1994 1546 incorporeis
2032 1484 2271 1538 secerni.

693 1556 759 1611 Et
789 1561 934 1628 quod
968 1561 1089 1615 aliis
1109 1564 1263 1617 adest
1293 1564 1655 1635 incorporeis,
1680 1576 1740 1622 ut
1766 1585 1797 1622 a
1820 1573 2146 1641 corporibus
2169 1589 2276 1629 non

693 1656 990 1705 teneantur
1014 1693 1029 1718 ,
1062 1654 1113 1708 id
1146 1662 1200 1709 et
1234 1653 1344 1710 Deo
1371 1656 1528 1712 adest
1553 1701 1567 1725 ,
1598 1675 1711 1714 non
1744 1661 1966 1730 quidem
2004 1672 2062 1717 ut
2095 1666 2278 1720 incor-

693 1757 883 1810 porco,
915 1746 1011 1800 sed
1039 1753 1098 1799 ut
1124 1748 1264 1801 ultra
1296 1748 1639 1819 incorporea.
1671 1752 1739 1806 Et
1766 1755 1896 1824 quia
1932 1772 2042 1811 non
2075 1758 2277 1815 habere

2383 565 2489 617 λων
2513 565 2864 620 διαστέλλειν.
2881 568 2988 619 Καὶ
3002 566 3110 636 γὰρ
3124 566 3214 618 τὸν
3238 565 3371 618 Θεὸν
3392 565 3661 636 καλοῦμεν
3682 565 3960 628 ἀκτιστον,

2381 655 2458 725 τῷ
2469 659 2561 708 τοῦ
2577 658 2831 710 ἀκτίστου
2852 657 3073 727 ὀνόματι
3091 658 3197 709 τῶν
3215 657 3445 709 κτιστῶν
3461 658 3619 711 αὑτὸν
3632 659 3964 712 διαστέλλον-

2379 766 2490 811 τες.
2517 751 2626 802 Kal.
2649 752 2696 801 εἰ
2725 749 2800 820 μὴ
2825 745 2964 821 ἦσαν
2986 749 3054 801 τὰ
3077 749 3289 812 mm,
3317 749 3435 801 οὐδὲ
3463 749 3592 812 Θεὸς
3627 751 3838 803 τούτων
3861 751 3964 802 διε-

2383 840 2629 893 στέλλετο
2657 840 2734 910 τῷ
2764 839 2857 893 τοῦ
2891 842 3148 893 ἀκτίστου
3179 841 3424 911 ὀνόματι.
3452 843 3610 916 Κατά
3642 843 3854 913 ταύτην
3873 838 3965 897 οὖν

2378 933 2478 1002 τὴν
2509 932 2802 1001 γινομένην
2838 931 2917 1002 τῷ
2963 931 3056 984 τοῦ
3109 933 3367 985 ἀκτίστου
3407 932 3629 1003 ὀνόματι
3675 935 3964 1006 διαστολὴν

2379 1024 2650 1077 δείκνυται
2684 1025 2712 1075 ὁ
2745 1023 2879 1087 Θεὸς
2915 1027 3179 1095 σωμάτων
3209 1044 3270 1077 τε
3305 1026 3400 1078 καὶ
3443 1027 3752 1096 ἀσωμάτων
3788 1027 3965 1097 ὕπάρι

2379 1133 2489 1185 χων
2523 1116 2797 1169 ἐπέκεινα.
2835 1116 2898 1168 Ei
2936 1117 3045 1188 γὰρ
3078 1118 3136 1170 τὸ
3171 1119 3386 1170 κτιστὸν
3415 1117 3586 1188 ὄνομα
3625 1119 3809 1170 πάντα
3836 1120 3962 1171 συλο

2378 1206 2576 1278 λήϐδην
2608 1207 2848 1277 περιέχει
2883 1208 2952 1260 τὰ
2987 1207 3215 1278 σώματά
3246 1226 3304 1262 τε
3333 1196 3424 1263 καὶ
3447 1209 3515 1262 τά
3548 1209 3844 1280 ἀσώματα,
3881 1211 3966 1280 6?;

2377 1300 2488 1363 λον,
2525 1300 2606 1351 ὅτι
2634 1301 2663 1350 ὁ
2695 1299 2870 1369 τούτῳ
2891 1299 2968 1370 τῷ
3001 1301 3227 1370 ὀνόματι
3253 1301 3361 1354 τῶν
3396 1302 3630 1355 κτιστῶν
3650 1302 3965 1354 διαστελλό-

2383 1405 2542 1459 μενος
2575 1389 2633 1454 ἐξ
2677 1391 2924 1460 ἀνάγκης
2955 1392 3048 1443 καὶ
3104 1393 3372 1462 σωμάτων
3403 1411 3461 1446 τε
3510 1380 3605 1446 καὶ
3649 1394 3966 1462 ἀσωμάτων

2377 1478 2701 1533 διέσταλται.
2740 1480 2851 1533 Καὶ
2877 1481 3014 1552 ὅπερ
3045 1482 3304 1551 πρόσεστι
3351 1486 3466 1546 τοῖς
3506 1483 3688 1546 ἀλλοις
3732 1484 3964 1554 ἀσωμά-

2378 1585 2511 1631 τοις,
2539 1569 2599 1621 τὸ
2619 1570 2694 1641 μὴ
2723 1570 3042 1642 κρατεῖσθαι
3075 1571 3179 1625 ὑπὸ
3207 1573 3494 1642 σωμάτων,
3519 1572 3678 1625 τοῦτο
3701 1575 3966 1644 πρόσεστι

2379 1661 2475 1712 καὶ
2499 1660 2578 1731 τῷ
2611 1660 2749 1732 Θεῷ,
2781 1663 2856 1724 ὡς
2883 1662 2960 1733 τῷ
2987 1663 3262 1734 ἀσωμάτῳ
3293 1666 3433 1734 οὐχὶ,
3471 1664 3585 1717 ἀλλ’
3626 1666 3704 1727 ὡς
3734 1665 3814 1734 τῷ
3838 1667 3965 1718 ἐπέ-

2383 1751 2642 1805 κεινατοῦ
2665 1753 2980 1823 ἀσωμάτου.
3004 1755 3115 1807 Καὶ
3139 1754 3326 1824 ἐπειδὴ
3346 1754 3408 1806 τὸ
3434 1755 3507 1825 μὴ
3531 1754 3675 1824 ἔχειν
3712 1757 3968 1826 δημιουρ-

690 1837 943 1904 ορίΓιεεω
967 1846 1022 1892 ει
1043 1840 1346 1907 dominum,
1373 1845 1721 1913 praestantius
1739 1856 1824 1903 est
1843 1865 2007 1918 quam
2029 1852 2272 1922 Opificerr

2386 1843 2482 1911 γὸν
2514 1843 2610 1896 καὶ
2637 1843 2902 1915 δεσπότην
2921 1845 3016 1898 τοῦ
3050 1845 3193 1916 ἔχειν
3221 1847 3550 1917 δημιουργὸν
3574 1848 3670 1901 καὶ
3696 1847 3971 1916 δεσπότην

692 1931 896 1986 habere
939 1940 994 1987 et
1024 1932 1306 1988 dominum
1366 1936 1489 1991 ideo
1545 1937 1714 1993 Deum
1750 1955 2012 1998 vocamus
2061 1945 2279 1999 increa-

690 2034 828 2077 tum.
864 2023 998 2078 Nam
1031 2028 1178 2097 quod
1210 2027 1518 2084 increatum
1543 2039 1656 2096 est,
1685 2049 1864 2105 neque
1894 2036 2148 2106 Opiﬁcem
2189 2039 2282 2092 ba-

690 2116 822 2172 bere
857 2126 1078 2187 potest,
1123 2136 1303 2191 neque
1344 2122 1650 2179 dominum.
1695 2124 1961 2184 Similiter
2005 2131 2133 2200 quia
2164 2147 2278 2186 non

690 2207 865 2260 teneri
896 2224 925 2261 a
960 2209 1240 2280 quopiam.
1266 2226 1432 2281 quam
1456 2214 1651 2279 teneri,
1683 2216 2139 2278 honorificentius
2168 2229 2275 2289 est,

691 2295 902 2353 idcirco
927 2315 1052 2354 ριιιιι
1083 2317 1346 2358 vocamus
1376 2304 1783 2377 incorporeum.

761 2449 1044 2518 QUIEST.
1102 2452 1190 2510 Ill.
1248 2455 1303 2510 6.
1367 2457 1522 2515 Unde
1569 2461 1742 2533 liquet
1796 2478 1867 2518 an
1925 2479 2158 2535 prorsus
2203 2469 2278 2524 sit

693 2539 872 2595 Deus?

762 2631 960 2686 RESP.
1012 2632 1090 2687 Ex
1129 2651 1311 2692 rerum
1344 2654 1465 2709 qua:
1507 2650 1730 2698 exstant
1766 2646 2191 2712 constitutione,
2221 2656 2277 2704 et

691 2728 1121 2793 perseverantia.
1159 2727 1281 2783 Non
1303 2731 1449 2786 enim
1477 2749 1539 2787 ea
1573 2744 1857 2790 exstarent
1882 2753 2004 2807 quae
2035 2745 2273 2803 exstant,

689 2815 799 2870 .tisi
846 2814 990 2872 Deus
1035 2819 1189 2887 prius
1227 2837 1392 2891 quam
1447 2823 1540 2878 illa
1579 2828 1919 2893 exstitisset,
1963 2830 2058 2898 qui
2089 2837 2276 2899 partes

686 2918 957 2966 creatura:
1007 2927 1199 2968 omnes
1250 2914 1460 2970 utiliter
1501 2915 1567 2971 ad
1610 2917 1959 2973 commodum
2003 2920 2276 2976 universa:

688 3009 957 3058 creatura:
989 3006 1301 3070 constituit,
1333 3021 1398 3061 ac
1427 3009 1683 3078 cognitus
1710 3011 1874 3066 nobis
1901 3019 1986 3067 est
2007 3027 2106 3081 per
2133 3027 2276 3082 prae-

687 3091 983 3149 dictionem
1011 3104 1065 3149 et
1095 3095 1404 3150 doctrinam
1453 3099 1844 3167 prophetarum
1877 3109 1932 3155 et
1963 3101 2182 3156 Domini
2217 3111 2273 3158 et

2383 1931 2708 2005 τιμιώτερόν
2734 1935 2874 1998 ἐστι,
2900 1933 2989 1987 διὰ
3009 1934 3169 1987 τοῦτο
3194 1936 3285 1989 τὸν
3327 1935 3462 1988 Θεὸν
3493 1936 3772 2006 καλοῦμεν
3809 1937 3968 1990 ἄκτι-

2383 2042 2528 2078 στον.
2556 2025 2631 2078 Τὸ
2653 2025 2762 2097 γὰρ
2811 2026 3054 2098 ὑπάρχον
3079 2027 3337 2080 ἀκτιστον
3371 2026 3492 2080 οὔτε
3514 2027 3856 2099 δημιουργὸν
3887 2028 3969 2082 δύ-

2379 2135 2537 2170 ναται
2569 2117 2712 2187 ἔχειν
2762 2118 2886 2171 οὔτε
2919 2118 3206 2189 δεσπότην.
3251 2119 3524 2183 Ὡσαύτως
3555 2120 3633 2183 δὲ,
3675 2120 3870 2191 ἐπειδὴ
3905 2118 3970 2174 τὸ

2382 2208 2458 2279 μὴ
2484 2209 2802 2279 κρατεῖσθαι
2846 2209 2950 2262 ὑπό
2990 2226 3135 2273 τινος
3166 2208 3261 2262 τοῦ
3297 2209 3612 2280 κρατεῖσθαι
3638 2209 3970 2282 τιμιώτερόν

2378 2301 2516 2365 ἐστι,
2546 2299 2636 2354 διὰ
2659 2299 2817 2354 τοῦτο
2849 2300 3122 2372 καλοῦμεν
3140 2301 3303 2355 αὑτὸν
3334 2300 3643 2372 ἀσώματον.

2465 2473 2833 2528 ἘΡΩΤΗΣΙΣ.
2869 2474 3040 2529 Πόθεν
3064 2475 3222 2546 δῆλον
3242 2477 3292 2529 εἰ
3319 2475 3456 2539 ὅλως
3481 2475 3595 2529 ἔστι
3629 2476 3796 2542 Θεὸς;

2465 2651 2867 2706 ἈΠΟΚΡΙΣ1Σ.
2916 2653 3012 2707 Ἐκ
3043 2653 3143 2723 τῆς
3177 2653 3287 2707 τῶν
3332 2653 3504 2706 ὄντων
3550 2654 3872 2719 συστάσεὼς
3908 2673 3969 2709 τε

2380 2740 2475 2793 καί
2519 2739 2798 2810 διαμονῆς.
2832 2741 2907 2795 Οὐ
2953 2740 3063 2814 γάρ
3098 2740 3166 2794 ἂν
3200 2737 3271 2813 ἦν
3309 2740 3379 2795 τὰ
3411 2741 3562 2806 ὄντα,
3596 2743 3672 2813 μὴ
3705 2743 3803 2795 τοῦ
3828 2743 3967 2797 Θεοῦ

2379 2835 2820 2905 προϋπάρχοντος
2868 2830 3070 2897 αὐτῶν,
3112 2832 3207 2885 τοῦ
3248 2832 3424 2885 πάντα
3456 2832 3525 2885 τά
3559 2833 3700 2904 μέρη
3728 2835 3830 2905 τῆς
3858 2837 3950 2889 κτί

2379 2933 2520 2980 σεως
2563 2919 2841 2990 χρειωδῶς
2881 2921 3017 2993 πρὸς
3052 2923 3385 2977 λυσιτέλειαν
3417 2925 3516 2995 τῆς
3562 2924 3690 2996 ὅλης
3732 2926 3969 2990 κτίσεως

2377 3011 2846 3081 ὑποστησαμένου,
2866 3013 2961 3067 τοῦ
2987 3015 3117 3086 ἡμῖν
3140 3015 3472 3084 γνωσθέντος
3498 3015 3584 3068 διὰ
3600 3019 3970 3089 προρρήσεως

2378 3100 2474 3151 καὶ
2512 3100 2858 3167 διδασκαλίας
2890 3104 2998 3158 τῶν
3033 3107 3328 3176 προφητῶν
3371 3123 3432 3160 τε
3475 3108 3570 3160 καὶ
3612 3108 3706 3160 τοῦ
3754 3110 3967 3180 Κυρίου

691 3183 997 3241 Salvatoris
1024 3188 1200 3242 nostri
1222 3187 1351 3242 Jesu
1373 3186 1615 3254 Christi,
1645 3193 2130 3262 apostolorumque
2153 3193 2272 3263 ejus

2376 3191 2471 3242 καὶ
2520 3193 2772 3264 Σωτῆρος
2819 3195 2975 3266 ἡμῶν
3013 3197 3187 3267 Ἰησοῦ
3237 3198 3497 3268 Χριστοῦ,
3531 3199 3625 3252 καὶ
3657 3198 3768 3250 τῶν
3796 3202 3968 3254 αὐτοῦ

689 3277 1156 3345 praedicationem,
1191 3297 1312 3351 qua:
1333 3284 1644 3339 divinarum
1662 3285 1928 3341 virtutum
1958 3287 2275 3342 testimonio

687 3368 1013 3422 confirmata
1043 3379 1148 3426 est.

760 3458 1044 3525 QUEST.
1076 3460 1168 3517 IV.
1201 3464 1252 3532 7,
1277 3465 1334 3527 8,
1367 3463 1419 3519 9.
1451 3463 1534 3520 An
1569 3465 1712 3524 Deus
1738 3467 1891 3532 facit,
1925 3483 1994 3521 an
2022 3467 2172 3534 fecit,
2205 3485 2275 3524 an

690 3548 942 3608 facturus
971 3553 1098 3609 est?
1121 3552 1187 3607 Et
1218 3555 1266 3609 si
1297 3554 1457 3621 fecit,
1487 3563 1671 3610 utrum
1701 3556 1984 3612 voluntate
2007 3597 2023 3623 ,
2052 3572 2123 3613 an
2154 3559 2275 3614 sine

685 3643 969 3700 voluntate
987 3645 1012 3699 ἲ

759 3732 960 3788 RESP.
1001 3732 1154 3790 Fecit
1178 3734 1346 3794 Deus.
1374 3743 1431 3792 et
1453 3735 1604 3800 facit,
1637 3743 1692 3793 et
1726 3736 1975 3794 facturus
2002 3745 2117 3804 est,
2150 3754 2274 3808 pro-

688 3827 808 3896 pria
831 3842 931 3881 sua
959 3828 1260 3884 voluntate.
1291 3827 1444 3884 Fecit
1474 3830 1621 3884 enim
1649 3841 1957 3884 creaturam
1977 3870 1994 3894 ,
2025 3847 2149 3902 qua:
2173 3847 2274 3885 an-

687 3925 776 3972 tea
801 3934 910 3973 non
938 3926 1079 3982 erat,
1112 3921 1230 3988 ipse
1267 3919 1495 3975 volens:
1537 3918 1680 3974 hanc
1712 3934 1812 3975 sua
1857 3920 2034 3991 ipsius
2087 3921 2272 3992 provio

686 4009 875 4064 ilcntia
914 4016 1210 4066 conservat
1265 4018 1326 4063 ut
1383 4010 1486 4074 sit,
1516 4011 1666 4080 quod
1693 4009 1912 4080 quidem
1949 4021 2039 4067 est
2065 4012 2268 4069 facere.

686 4100 840 4155 Illam
867 4101 1032 4156 etiam
1054 4101 1466 4155 instauraturus
1490 4108 1575 4156 est
1600 4108 1655 4156 et
1680 4103 1734 4156 in
1762 4102 2043 4157 meliorem
2067 4112 2269 4158 statum

685 4193 1048 4247 instaurando
1081 4191 1478 4262 perducturus;
1523 4191 1670 4261 quod
1713 4191 1932 4262 quidem
1976 4201 2062 4248 est
2094 4193 2271 4247 factu—

686 4299 808 4339 rum
841 4299 987 4345 esse.
1015 4290 1076 4336 ut
1104 4298 1227 4338 eam
1266 4288 1534 4353 expurget
1562 4282 1630 4336 ab
1659 4282 1809 4336 omni
1840 4283 1992 4348 labe,
2020 4299 2185 4354 quam
2217 4285 2268 4339 ei

685 4375 899 4432 ratione
931 4375 1201 4430 utentium
1229 4374 1486 4430 vecordia
1509 4375 1777 4444 aspersit;
1807 4390 2153 4446 nequaquam
2183 4376 2268 4430 di-

2379 3283 2693 3337 ἀποστόλων
2741 3285 2921 3354 λόγοις
2965 3287 3138 3352 θείαις
3201 3289 3468 3360 δυνάμεσι
3528 3291 3967 3361 μεμαρτυρημέ-

2376 3391 2508 3428 νοις.

2457 3392 2829 3522 ἒΡΩΤΗΣΙΣ.
2876 3469 2938 3521 El
2971 3473 3115 3523 ποιεῖ
3146 3471 3299 3537 Θεὸς,
3335 3471 3368 3544 ἢ
3399 3473 3674 3544 ἐποίησεν,
3703 3473 3737 3544 ἢ
3778 3472 3968 3544 μέλλει

2375 3559 2570 3621 ποιεῖν,
2609 3558 2744 3629 μετά
2776 3558 2990 3631 βουλῆς,
3021 3561 3054 3632 ἢ
3079 3560 3208 3614 ἀνευ
3233 3558 3460 3632 βουλῆς;

2458 3729 2860 3784 ’ΔΠΟΚΡΙΣΙΣ
2903 3730 3189 3802 Ἐποίησεν
3239 3733 3268 3785 ὁ
3313 3730 3468 3794 Θεὸς,
3525 3731 3618 3783 καὶ
3671 3732 3835 3794 ποιεῖ,
3865 3729 3963 3782 καὶ

2374 3827 2588 3896 ποιήσει
2640 3821 2728 3875 διὰ
2769 3822 2866 3892 τῆς
2911 3823 3119 3886 οἰκείας
3167 3823 3491 3894 βουλήσεως.
3542 3821 3798 3893 Ἐποίησε
3844 3822 3959 3894 γάρ

2371 3915 2470 3985 τὴν
2501 3913 2677 3967 κτίσιν
2709 3911 2808 3979 οὐκ
2831 3907 2997 3966 οὖσαν
3031 3913 3293 3985 πρότερον
3321 3912 3599 3983 βουληθεὶς
3626 3911 3790 3974 αὑτός
3817 3912 3954 3980 (‘27)°

2371 4006 2438 4076 ἢν
2479 4008 2546 4077 τῇ
2599 4004 2790 4058 ἑαυτοῦ
2821 4004 3048 4075 προνοίᾳ
3090 4005 3149 4056 ὲν
3195 4003 3274 4075 τῷ
3331 3999 3468 4056 εἶναι
3501 4004 3780 4074 διατηρεῖο
3817 4005 3957 4074 ὅπερ

2371 4098 2490 4150 ἐστὶ
2524 4099 2701 4152 ποιεῖ’
2734 4097 2800 4167 ἣν
2845 4097 2940 4148 καὶ
2977 4096 3160 4166 μέλλει
3206 4096 3536 4159 ἀνακτίζειν,
3582 4095 3676 4147 καὶ
3731 4096 3812 4158 εἰς
3857 4094 3954 4164 τὴν

2373 4190 2618 4260 βελτίονα
2662 4191 2892 4258 ἀγαγεῖν
2940 4189 3271 4242 κατάστασιν
3313 4187 3402 4240 διὰ
3450 4187 3549 4257 τῆς
3581 4185 3948 4248 ἀνακτίσεωςο

2368 4284 2506 4354 ὅπερ
2551 4282 2669 4334 ἐστὶ
2707 4282 2922 4352 ποιήσει
2943 4297 2956 4308 ·
2989 4281 3075 4332 ἴνα
3113 4279 3389 4352 καθαρίσῃ
3418 4279 3588 4349 αὐτὴν
3635 4278 3745 4331 ἀπὸ
3775 4278 3950 4347 πάσης

2369 4373 2597 4436 ἀτοπίας
2626 4373 2725 4443 τῆς
2758 4374 2823 4426 ὲκ
2865 4374 2964 4441 τῆς
3014 4371 3123 4425 τῶν
3169 4370 3404 4438 λογικῶν
3437 4369 3712 4440 ῥᾳθυμίας
3746 4368 3948 4438 anima-

679 4467 980 4539 judicando
1006 4476 1060 4522 et
1081 4465 1488 4522 considerando
1517 4466 1570 4521 id
1592 4467 1738 4537 quod
1761 4467 1954 4522 melius
1974 4475 2059 4522 est
2077 4476 2265 4538 postea

2373 4480 2470 4535 σης
2501 4463 2639 4534 αὐτῇ
2660 4480 2673 4492 ⁸
2704 4463 2804 4515 οὐκ
2826 4463 2890 4514 ὲκ
2915 4463 3014 4532 τῆς
3047 4459 3373 4530 ὲπικρίσεώς
3401 4477 3460 4512 τε
3485 4459 3579 4512 καὶ
3613 4458 3945 4526 ἐπισκέψεως

684 4559 991 4623 inveniens,
1029 4558 1125 4614 sed
1176 4558 1245 4612 ab
1277 4558 1433 4613 initio
1467 4565 1522 4611 et
1552 4565 1679 4613 ante
1707 4557 1896 4612 mundi
1927 4561 2263 4613 creationem

2373 4531 2595 4624 ὕστερον
2615 4531 2794 4625 εὑρὼν
2822 4553 2884 4605 τὸ
2913 4531 3140 4622 βέλτιον,
3172 4550 3307 4603 ἀλλά
3342 4549 3546 4603 ἀνωθεν
3579 4551 3676 4602 καὶ
3710 4549 3816 4620 πρὸ
3851 4547 3944 4616 τῆς

683 4660 951 4707 statutum
996 4651 1073 4705 illi
1105 4658 1225 4707 erat
1251 4650 1455 4707 facere.
1493 4649 1678 4720 Neque
1718 4651 1862 4707 enim
1896 4651 1964 4706 ad
1997 4653 2267 4722 cognitio-

682 4760 807 4800 nem
838 4751 933 4797 aut
962 4751 1286 4813 potestatem
1315 4742 1425 4798 Deo
1453 4743 1751 4813 quidquam
1775 4744 2038 4798 accedere
2061 4751 2267 4814 potest,

680 4835 828 4905 quod
865 4835 1022 4905 prius
1049 4850 1158 4889 non
1189 4835 1464 4892 habuerit.
1501 4835 1658 4902 Quod
1689 4843 1872 4890 autem
1907 4837 2098 4891 volens
2120 4837 2264 4892 Deus

683 4927 875 4982 fecerit
921 4927 1185 4982 mundum
1210 4967 1226 4992 ,
1273 4928 1407 4983 illud
1441 4934 1768 4999 argumento
1795 4919 1916 4991 est.
1959 4928 2105 4999 quod
2139 4945 2266 4984 cum

684 5019 871 5088 plures
903 5017 1048 5072 soles
1081 5017 1260 5072 facere
1283 5028 1508 5089 posset,
1542 5034 1650 5074 non
1685 5021 1870 5089 plures
1903 5020 2134 5085 fecerit,
2166 5021 2262 5075 sed

683 5125 854 5164 unum
885 5109 1172 5163 duntaxat.
1219 5109 1354 5164 Nam
1397 5113 1490 5181 qui
1525 5113 1709 5181 plures
1749 5127 1858 5167 non
1905 5113 2080 5182 possit
2117 5113 2263 5169 soles

686 5202 886 5266 facere,
912 5203 962 5256 is
991 5217 1093 5256 nec
1121 5218 1291 5256 unum
1326 5205 1521 5272 possit,
1551 5212 1606 5260 et
1648 5205 1939 5274 quiunum
1968 5213 2148 5274 potest
2175 5205 2261 5259 fa-

683 5307 843 5354 cere,
892 5291 1206 5346 necessario
1245 5299 1299 5346 et
1324 5293 1508 5362 plures
1539 5302 1734 5363 potest.
1778 5293 2064 5359 Quomodo
2097 5296 2264 5364 igitur

687 5382 829 5438 Deus
857 5383 1042 5452 plures
1071 5385 1218 5438 soles
1256 5400 1366 5438 non
1411 5383 1569 5450 fecit,
1615 5401 1753 5454 quos
1786 5395 1999 5455 poterat
2037 5386 2220 5441 facere
2243 5426 2257 5449 ,

687 5476 793 5528 nisi
823 5474 952 5544 quia
992 5475 1166 5532 noluit
1202 5475 1386 5546 plures
1419 5475 1641 5531 facere?
1684 5475 1842 5542 Quod
1878 5478 1928 5535 si
1968 5493 2109 5549 quos
2150 5494 2260 5533 non

2367 4644 2462 4698 τοῦ
2492 4645 2695 4715 κόσμου
2713 4644 2983 4715 ποιήσεως
3007 4637 3075 4713 ἦν
3105 4641 3253 4711 αὑτῷ
3274 4639 3593 4709 δεδογμένον
3642 4638 3706 4690 τὸ
3755 4639 3939 4690 ποιεῖν.

2325 4774 2339 4787 ι
2370 4739 2508 4792 Οὔτε
2553 4740 2664 4811 γὰρ
2711 4739 2846 4810 πρὸς
2891 4737 3090 4807 γνῶσιν
3135 4735 3259 4788 οὔτε
3300 4734 3436 4807 πρὸς
3469 4732 3697 4801 δύναμιν
3728 4729 3942 4783 δυνατὸν

2370 4831 2765 4903 προσγενέσθαι
2811 4829 2890 4900 τῷ
2930 4828 3048 4898 Θεῷ
3081 4827 3328 4899 ὕστερον,
3362 4825 3390 4877 ὃ
3425 4825 3498 4895 μὴ
3525 4823 3788 4894 πρότερον
3815 4815 3937 4888 εἶχε.

2369 4925 2577 4994 Δεῖγμα
2607 4922 2663 4974 δὲ
2696 4921 2789 4974 τοῦ
2827 4921 3077 4991 βουλήσει
3111 4919 3203 4971 τὸν
3237 4917 3370 4970 Θεὸν
3415 4917 3589 4967 ποιεῖν
3622 4914 3714 4964 τὸν
3747 4911 3940 4979 κόσμον

2366 5016 2524 5069 τοῦτό
2549 5017 2686 5081 ἐστι,
2718 5016 2801 5079 τὸ,
2845 5013 3145 5084 δυναμένου
3174 5010 3270 5064 τοῦ
3320 5007 3455 5062 Θεοῦ
3496 5007 3747 5068 πλείονας
3777 5005 3940 5056 ποιεῖν

2366 5108 2584 5179 ἡλίους,
2605 5109 2706 5160 οὑκ
2731 5106 2952 5176 ἐποίησε
2982 5104 3252 5166 πλείονας,
3281 5102 3394 5154 ἀλλ’
3424 5101 3522 5153 ἕνα
3560 5098 3716 5168 μόνον
3757 5095 3936 5163 εποίη-

2369 5217 2480 5253 σεν.
2519 5200 2575 5253 ’0
2619 5198 2728 5270 γὰρ
2769 5198 2844 5268 μὴ
2882 5198 3174 5267 δυνάμενος
3203 5195 3452 5257 πλείονας
3479 5192 3704 5261 ποιῆσαι
3737 5191 3932 5260 ἡλίους,

2306 5297 2309 5303 ’
2367 5291 2490 5344 οὔτε
2539 5291 2636 5344 ἕνα
2677 5291 2898 5344 δύναται
2935 5292 3136 5342 ποιεῖν·
3168 5289 3311 5340 καὶὸ
3334 5286 3425 5339 τὸν
3466 5287 3560 5337 ἕνα
3599 5283 3750 5352 ἥλιον
3789 5281 3937 5333 δυνά-

2373 5401 2530 5452 μενος
2581 5383 2822 5454 ποιῆσαι,
2874 5381 2934 5445 ἐξ
2991 5382 3234 5450 ἀνάγκης
3265 5380 3356 5432 καὶ
3415 5375 3666 5438 πλείονας
3719 5374 3935 5426 δύναται

2369 5480 2558 5530 ποιεῖν.
2588 5476 2712 5540 Πῶς
2741 5473 2832 5529 οὖν
2860 5477 2960 5528 οὑκ
2988 5474 3241 5545 ἐποίησεν
3260 5475 3287 5525 ὁ
3309 5469 3440 5532 Θεὸς
3466 5469 3717 5530 πλείονας
3740 5466 3935 5534 ἡλίους,

762 5653 881 5726 (27),
906 5655 1232 5720 Βουληθεῑς
1268 5653 1584 5726 αξῖτόςηλό
1631 5654 1931 5726 marginem
1977 5657 2264 5726 utriusque
2303 5657 2512 5712 codicis
2539 5655 2831 5726 apponitur
2856 5656 2961 5709 alia
2992 5654 3174 5719 lectio,
3202 5666 3322 5723 qua:
3349 5651 3478 5706 huic
3539 5645 3796 5717 scriptori
3858 5639 3937 5696 fa-

688 5725 918 5779 miliar-is
947 5734 1051 5789 est,
1089 5741 1280 5794 nempe
1312 5724 1654 5796 βουληθέντος
1686 5725 1871 5778 αὑτοῦ.
