4146 6430
219 430 359 484 1475

1157 423 1620 490 ρυΑΕΞΤΙΟΝΕΞ
1660 427 1942 482 GllJiC/E
1981 427 2073 482 AD
2112 426 2592 488 CHRISTIANOS.

3351 431 3486 486 ιιτι

214 543 310 605 οὓς
338 541 558 593 ἐδύνατο
589 542 780 604 ποιεῖν,
813 545 860 594 εί
886 544 958 613 μή
994 561 1044 594 τι
1074 546 1181 614 ἄρα
1208 545 1305 595 οὐκ
1336 543 1586 597 ἐϐούλετο
1624 544 1799 596 πλείο-

1906 545 2033 600 fecit
2067 547 2243 610 soles,
2277 549 2560 602 voluntate
2600 563 2708 601 non
2747 546 2874 603 fecit
2898 592 2910 614 ,
2952 547 3123 620 liquet
3157 552 3405 621 profecto
3439 567 3489 611 et

217 653 316 699 νας
367 637 541 685 ποιεῖν
589 632 807 704 ἡλίους;
860 634 921 686 Εἰ
966 635 1022 687 δὲ
1066 634 1159 696 οὕς
1185 637 1285 687 ούκ
1319 636 1574 706 ἐποίησεν
1600 635 1801 706 ἡλίους,

218 727 469 797 βουλήσει
494 725 595 777 οὐκ
625 723 870 794 ἐποίησε,
895 726 1050 795 δῆλον
1083 727 1212 797 ἄρα,
1238 728 1320 779 ὅτι
1347 727 1442 779 καὶ
1471 727 1530 779 ὃν
1556 726 1802 798 ἐποίησε,

216 818 471 889 βουλήσει
501 837 562 888 γε
584 819 828 889 ἐποίησε·
864 822 957 872 καὶ
979 821 1228 892 καθάπερ
1253 821 1345 874 τὸν
1360 821 1529 892 ἥλιον,
1547 822 1689 875 οὕτω
1710 825 1805 876 καὶ

212 909 284 962 τά
305 911 464 963 λοιπά
485 912 662 963 πάντα
689 912 760 964 τὰ
783 912 922 982 μέρη
951 913 1050 983 τῆς
1096 913 1342 976 κτίσεως,
1374 914 1442 967 τά
1464 931 1524 966 τε
1555 915 1806 985 ἄφθαρτα

213 1002 310 1056 καὶ
354 1002 423 1054 τὰ
474 1003 709 1074 φθαρτὰ,
743 1004 813 1056 τά
856 1007 920 1056 ἐκ
965 1005 1065 1074 τῆς
1102 1005 1194 1057 τοῦ
1234 1006 1368 1059 Θεοῦ
1415 1006 1611 1078 βουλῆς
1643 1008 1704 1060 τό
1743 1024 1802 1060 τε

212 1090 352 1148 εἶναι
387 1095 498 1162 (28)
535 1097 628 1148 καὶ
667 1095 726 1148 τὸ
757 1095 935 1148 τοιάδε
965 1091 1102 1148 εἶναι
1127 1095 1338 1165 ἔχοντα.

301 1188 666 1240 ἘΡΩΤΗΣΙΣ.
702 1187 766 1240 El
800 1186 1018 1239 κάλλιον
1057 1187 1118 1238 τὸ
1172 1186 1464 1257 ἀσώματον
1497 1187 1590 1240 τοῦ
1624 1188 1802 1260 σώμα-

211 1297 343 1344 τος;

299 1371 697 1424 ’ΔΠΟΚΡΙΣΙΣ.
731 1373 794 1425 Εί
839 1370 1072 1435 ζωοῦται
1115 1371 1175 1424 τὸ
1218 1370 1377 1441 σῶμα
1406 1372 1500 1425 καὶ
1531 1371 1800 1444 διανοητι-

211 1464 308 1517 κὸν
329 1464 630 1532 γίνεται,οὑ
646 1464 894 1536 σώματος
919 1465 1106 1537 ἐτέρου
1141 1466 1434 1536 παρουσίᾳ,
1462 1466 1598 1520 ἀλλά
1617 1470 1685 1537 τῇ
1706 1467 1799 1521 τοῦ

209 1553 530 1624 ἀσωμάτου,
565 1554 682 1618 πῶς
703 1556 804 1608 οὐκ
849 1555 965 1608 ἔστι
995 1555 1056 1607 τὸ
1088 1554 1381 1624 ἀσώματον
1419 1556 1516 1609 τοῦ
1549 1555 1800 1626 σώματος

212 1646 460 1717 ὑπάρχον
487 1646 739 1712 κάλλιον;

289 1740 491 1792 Ἄλλο.
526 1739 590 1790 Εἰ
617 1739 681 1790 ἐκ
706 1739 804 1809 τῆς
830 1738 962 1809 ὕλης
983 1739 1076 1793 καὶ
1095 1739 1190 1793 τοῦ
1227 1741 1402 1805 εἴδους
1435 1743 1554 1795 ἐστὶ
1587 1742 1736 1796 πᾶσα
1761 1743 1794 1813 ή

212 1830 504 1915 σωματικὴ
527 1831 706 1894 οὕσία,
733 1832 828 1885 καὶ
856 1832 958 1886 οὐκ
985 1834 1051 1885 ἐκ
1083 1834 1184 1904 τῆς
1233 1834 1368 1906 ὕλης
1395 1835 1458 1888 τὸ
1483 1830 1643 1899 εἶδος,
1677 1835 1794 1887 ἀλλ’

1907 654 2070 707 quem
2100 637 2260 701 fecit,
2299 640 2582 692 voluntate
2620 638 2822 692 factum
2855 655 3008 703 esse,
3053 649 3106 694 et
3136 642 3495 711 quemadmo~

1905 731 2034 782 dum
2062 731 2230 785 solem
2257 772 2271 794 ,
2309 731 2384 783 ita
2425 739 2481 785 et
2530 731 2670 786 alias
2715 746 2905 785 omnes
2955 743 3222 786 creaturae
3273 745 3491 803 partes,

1905 822 2253 891 corruptioni
2282 838 2392 876 non
2425 823 2694 877 obnoxias
2721 824 2802 877 vel
2831 824 3118 889 obnoxias,
3143 840 3265 894 quae
3292 841 3359 880 ex
3393 843 3493 881 vo-

1906 915 2115 968 luntate
2142 914 2236 970 Dei
2262 917 2464 970 habent
2495 924 2554 970 ut
2584 917 2717 981 sint,
2749 927 2912 988 atque
2943 929 3001 972 ut
3027 919 3163 973 tales
3194 919 3326 973 sint.

1975 1172 2258 1238 QUASST.
2296 1173 2359 1229 ν.
2394 1175 2481 1229 15.
2513 1176 2596 1229 An
2633 1176 3015 1248 incorporeum
3048 1176 3333 1247 pulchrius
3364 1191 3493 1230 cor-

1903 1282 2035 1337 pore
2055 1268 2079 1320 ?

1975 1359 2138 1430 550
2170 1359 2368 1414 RESP.
2420 1359 2478 1414 Si
2520 1375 2721 1430 corpus
2755 1360 2922 1414 vitam
2965 1368 3020 1416 et
3067 1360 3485 1430 intelligentiam

1902 1453 2121 1520 recipit,
2157 1468 2264 1505 non
2301 1453 2549 1522 corporis
2596 1453 2853 1519 alterius,
2883 1452 2977 1508 sed
3011 1452 3322 1521 incorporei
3352 1467 3493 1518 prae-

1902 1544 2119 1598 sentia:
2173 1543 2450 1614 quomodo
2492 1559 2603 1600 non
2633 1544 2918 1614 pulchrius
2961 1559 3192 1613 corpore
3233 1545 3490 1612 incorpo-

1903 1637 2094 1691 reum?

1973 1723 2158 1779 Aliud.
2196 1721 2254 1778 Si
2282 1725 2489 1795 quaevis
2517 1739 2786 1795 corporea
2815 1710 3123 1782 substantia
3159 1742 3226 1782 ex
3258 1726 3490 1780 materia

1901 1823 1955 1869 et
1997 1816 2172 1870 forma
2219 1827 2470 1883 constat,
2511 1834 2687 1888 neque
2735 1834 2800 1872 ex
2851 1821 3077 1874 materia
3123 1819 3218 1874 sed
3268 1819 3495 1873 aliunde

211 1908 511 1994 ωλαχόθεν
559 1925 924 1995 παραγίνεται
965 1927 1032 1996 τῇ
1089 1925 1213 1999 ὕλῃ,
1268 1927 1386 1991 πῶς
1436 1929 1540 1981 οὐκ
1589 1927 1706 1980 ἐστι
1735 1928 1796 1982 τὸ

1901 1908 2074 1962 forma
2121 1909 2344 1964 advenit
2389 1911 2674 1971 materiae:
2718 1911 2998 1983 quomodo
3040 1928 3152 1966 non
3200 1913 3492 1982 pulchrius

209 2015 505 2086 ἀσώματον
535 2017 751 2071 κάλλιον
783 2017 886 2087 τῆς
912 2017 1063 2088 ὕλης,
1096 2017 1156 2086 ἐξ
1196 2012 1257 2071 οὕ
1316 2019 1680 2090 παραγίνεται
1718 2023 1799 2084 εἰς

209 2108 314 2178 τὴν
346 2107 478 2178 ὕλην
503 2109 565 2162 τὸ
595 2104 769 2174 εἷδος;

289 2201 487 2255 Ἄλλο.
518 2201 582 2254 Εἰ
626 2201 730 2253 οὐκ
784 2201 1058 2272 ἐνδέχεται
1093 2201 1404 2274 γνωσθῆναι
1447 2201 1511 2254 τὸ
1555 2201 1670 2255 ἴσον
1699 2201 1795 2254 τοῦ

209 2289 398 2343 ἀνίσου
455 2291 838 2363 ἀγνοουμένου,
897 2294 1013 2356 πῶς
1058 2294 1330 2365 ἐνδέχεται
1379 2292 1694 2363 γνωσθῆναι
1738 2293 1799 2346 τὸ

213 2382 377 2454 σῶμα
409 2384 501 2437 τοῦ
531 2385 824 2455 ἀσωμάτου
851 2387 1251 2457 ἀγνοουμένους

291 2481 491 2531 Ἄλλο.
526 2479 589 2531 Ei
643 2478 714 2532 τὰ
763 2479 1051 2548 σωματικά
1098 2479 1276 2532 πάντα
1326 2478 1385 2531 ἐν
1437 2475 1653 2549 σώματι
1700 2478 1800 2548 μὲν

211 2569 452 2640 ὑπάρχει
505 2569 820 2634 είδωλικῶς,
858 2571 892 2640 ἡ
937 2569 1083 2642 ψυχὴ
1135 2571 1193 2623 δέ
1240 2568 1496 2638 λογικῶς,
1533 2568 1650 2633 πῶς
1698 2570 1800 2622 οὐκ

211 2660 362 2713 ἔστιν
391 2662 424 2731 ἡ
455 2660 601 2732 ψυχὴ
633 2660 956 2731 ἀσώματος;

290 2755 492 2808 Ἄλλο.
520 2755 584 2806 Εἰ
609 2755 835 2807 δυνατὸν
878 2756 946 2824 τῇ
987 2753 1132 2823 ψυχῇ
1173 2753 1314 2806 κατά
1363 2751 1487 2805 νοῦν
1523 2753 1794 2823 ἐνεργεῖν·

212 2847 429 2917 ἐνεργεῖ
468 2846 526 2899 δὲ
567 2846 709 2899 κατὰ
757 2844 882 2898 νοῦν
923 2846 956 2915 ή
989 2845 1155 2916 ψυχὴ,
1184 2846 1312 2898 ὅταν
1342 2844 1550 2917 χωρίζῃ
1601 2844 1800 2915 ἑαυτὴν

214 2936 400 3008 πάσης
421 2938 748 3006 αίσθήσεως,
776 2937 896 3001 πῶς
918 2938 1019 2990 οὕκ
1046 2936 1192 2992 ἐστιν
1216 2938 1303 3007 ἐφ’
1331 2939 1529 3008 ἑαυτῆς
1561 2937 1596 3008 ἡ
1625 2936 1795 3007 ψυχή;

303 3091 676 3170 ἘΡΩΤΗΣ1Σ.
706 3117 774 3169 Τι
800 3116 1053 3188 διαφέρει
1073 3118 1207 3182 Θεὸς
1233 3118 1444 3188 ψυχῆςς

301 3209 703 3262 ’ΔΠΟΚΡΙΣΙΣ.
721 3203 796 3280 ⁷ῌ
810 3208 1058 3280 διαφέρει
1068 3208 1128 3262 τὸ
1141 3210 1337 3279 δημιου
1347 3208 1473 3280 ργὸν
1488 3207 1585 3260 καὶ
1606 3207 1797 3261 δεστώ-

1900 2002 2130 2055 materia
2160 2001 2578 2073 incorporeum,
2621 2019 2654 2058 a
2698 2020 2809 2076 quo
2841 2005 3016 2060 forma
3049 2005 3268 2060 advenit
3312 2015 3489 2060 mate-

1901 2094 2032 2148 ι’ίωῖ

1971 2186 2155 2241 Aliud.
2185 2184 2243 2241 Si
2282 2187 2492 2257 aequale
2525 2188 2680 2244 nosci
2709 2202 2818 2244 non
2849 2196 3030 2260 potest
3057 2188 3309 2258 inaequali
3338 2189 3494 2258 igno-

1899 2289 2020 2335 rato
2047 2300 2060 2336 :
2085 2282 2362 2351 quomodo
2390 2284 2543 2338 nosci
2568 2291 2749 2355 potest
2770 2300 2994 2356 corpus,
3025 2286 3351 2356 incorporeo
3375 2302 3485 2340 non

1897 2374 2122 2442 cognito
2141 2375 2166 2427 ?

1971 2465 2154 2518 Aliud.
2190 2465 2247 2518 Si
2275 2482 2539 2536 corporea
2563 2467 2747 2521 omnia
2770 2468 2943 2523 instar
2967 2467 3158 2523 forma:
3179 2469 3234 2522 in
3257 2484 3491 2540 corpore

1898 2564 2052 2618 sunt,
2080 2557 2265 2610 anima
2293 2565 2473 2611 autem
2491 2565 2550 2611 ut
2570 2559 2784 2614 ratione
2801 2566 2962 2614 utens
2978 2602 2992 2625 ,
3010 2560 3284 2629 quomodo
3305 2562 3493 2615 anima

1901 2649 2231 2718 incorporea
2261 2665 2371 2704 non
2395 2652 2516 2705 est?

1974 2742 2161 2794 Aliud.
2207 2740 2266 2795 Si
2311 2743 2495 2796 anima
2539 2743 2718 2798 instar
2759 2743 2962 2798 mentis
2997 2745 3214 2815 operari
3262 2753 3491 2814 potest,

1898 2842 2160 2903 operatur
2188 2844 2372 2890 autem
2401 2837 2584 2888 anima
2614 2837 2790 2890 instar
2823 2836 3045 2899 mentis,
3080 2852 3208 2889 cum
3250 2837 3492 2906 seipsam

1899 2939 1930 2979 a
1958 2940 2126 2980 sensu
2162 2925 2314 2980 omni
2352 2935 2630 2998 segregat:
2659 2927 2938 2997 quomodo
2963 2928 3019 2980 in
3056 2927 3239 2998 seipsa
3268 2943 3378 2983 non
3404 2936 3494 2986 est

1898 3015 2084 3068 anima
2101 3015 2125 3068 2

1968 3105 2249 3172 QUAEST.
2282 3105 2375 3162 Vl.
2414 3108 2461 3162 5.
2497 3107 2785 3174 Quomodo
2807 3109 2986 3166 dill‘ert
3007 3109 3152 3166 Deus
3175 3111 3244 3165 ab
3274 3111 3494 3165 anima?

1971 3199 2169 3255 RESP.
2207 3199 2275 3253 Ut
2303 3199 2483 3269 opifex
2531 3208 2585 3254 et
2620 3200 2878 3256 dominus
2909 3203 2978 3255 ab
3002 3217 3067 3256 eo
3105 3202 3305 3266 dill‘ert,
3341 3206 3490 3273 quod

211 3318 318 3370 την
346 3297 486 3354 εἶναι
518 3299 610 3353 τοῦ
649 3268 986 3372 δημίουργὸν
1010 3301 1104 3354 καὶ
1441 3300 1610 3372 ἔχειν,
1638 3300 1734 3353 καὶ

1903 3292 2154 3362 opiﬁcem
2197 3300 2253 3347 et
2293 3268 2578 3347 dominum
2629 3292 2824 3356 habet,
2879 3300 2933 3347 et
2968 3293 3036 3347 ab
3080 3303 3206 3348 ente
3256 3293 3310 3348 id
3340 3268 3490 3363 quod

209 3392 460 3463 διαφέρει
483 3393 544 3444 τὸ
569 3392 710 3464 ὑπὲρ
738 3393 799 3445 τὸ
826 3393 884 3445 ὸν
906 3392 1001 3446 τοῦ
1029 3393 1198 3457 ὄντος.

300 3484 668 3537 ἘΡΩΤΗΣΙΣ.
699 3486 763 3537 El
800 3485 937 3555 μετά
967 3485 1161 3555 βουλῆς
1188 3488 1335 3538 ποιεῖ
1358 3485 1386 3538 ὁ
1407 3485 1562 3549 Θεὸς,
1581 3484 1802 3555 ὀργάνῳ

215 3578 556 3648 κεχρημένος
585 3577 620 3648 ἦ
648 3579 778 3632 ἀνευ
801 3578 1069 3649 ὁργάνου;

301 3670 704 3725 ἈΠΟΚΡΙΣΙΣ.
743 3671 1022 3742 ’Δνενδεής
1049 3675 1199 3724 ἐστιν
1222 3673 1251 3724 ὁ
1276 3669 1410 3734 Θεὸς
1452 3672 1656 3735 παντὸς
1703 3670 1798 3724 τοῦ

213 3759 416 3824 ἔξωθεν
458 3762 558 3831 τῆς
607 3761 800 3814 ἐαυτοῦ
853 3762 1102 3831 φύσεως·
1137 3763 1232 3816 καὶ
1258 3762 1449 3834 ὥσπερ
1475 3763 1603 3816 ἀνευ
1633 3762 1801 3833 ὀργά-

213 3869 308 3906 νου
344 3852 609 3922 βούλεται,
641 3849 783 3906 οὕτω
829 3855 924 3907 καὶ
975 3854 1103 3907 ἄνευ
1131 3854 1364 3925 ὀργάνου
1409 3857 1572 3906 ποιεῖ.
1599 3855 1664 3906 Ei
1691 3854 1798 3925 γάρ

215 3945 336 4015 ἅμα
358 3944 436 4015 τῷ
466 3945 753 4015 βούλεσθαι
788 3947 950 3999 αὐτὸν
979 3946 1231 4015 γενέσθαι
1256 3965 1330 4011 τι,
1358 3947 1644 4015 ὑφίσταται
1675 3946 1798 4017 βου-

213 4035 471 4107 ληθέντος
525 4036 713 4103 αὑτοῦ,
762 4037 880 4101 πῶς
928 4039 989 4091 οὕ
1039 4038 1270 4111 περιττὴ
1322 4038 1429 4092 τῶν
1476 4039 1723 4110 ὀργάνων
1765 4038 1798 4106 ἡ

214 4131 415 4201 χρῆσις
445 4131 555 4201 (‘29)
575 4131 684 4184 τῶν
709 4132 1010 4202 γινομένων
1030 4150 1044 4198 ;

302 4227 673 4279 ἘΡΩΤΗΣ1Σ.
712 4227 775 4278 El
818 4226 945 4279 ἄνευ
989 4224 1185 4296 βουλῆς
1211 4224 1355 4276 ποιεῖ
1385 4225 1414 4275 ὁ
1445 4222 1597 4287 Θεὸς,
1635 4222 1797 4297 πάτε-

217 4334 313 4387 ρον
333 4317 544 4385 ἀλόγως
590 4319 736 4371 ποιεῖ
785 4317 914 4371 ἀνευ
961 4315 1201 4379 διανοίας
1246 4315 1342 4366 καὶ
1387 4314 1726 4383 ἐπισκέψεως
1764 4313 1796 4383 ἢ

220 4407 363 4479 μετά
416 4427 560 4472 τινος
607 4410 968 4480 ἐπικρίσεως;
1007 4407 1117 4459 Καὶ
1159 4407 1210 4458 εί
1261 4404 1401 4476 μετά
1445 4406 1795 4477 ἐπικρίσεως,

214 4503 363 4565 τίνος
423 4501 601 4572 ἐνδείᾳ
660 4501 991 4572 ἐπικρίσεως
1054 4499 1260 4563 δεῖται;
1319 4498 1382 4549 El
1428 4496 1486 4572 δὲ
1535 4497 1795 4567 ἀκρίτως,

218 4593 359 4663 ποίῳ
390 4592 468 4662 τῷ
501 4593 644 4662 λόγῳ
659 4608 674 4657 ;

303 4685 706 4738 ’ΔΠΟΚΡ1Σ1Σ.
742 4684 805 4736 EE
845 4682 1062 4752 γνωστά
1087 4681 1165 4752 τῷ
1195 4680 1314 4750 Θεῷ
1345 4679 1414 4732 τὰ
1448 4680 1583 4751 ἔργα
1609 4679 1795 4744 αὑτοῦ,

217 4776 290 4829 τὰ
321 4777 378 4829 δὲ
408 4775 625 4844 γνωστὰ
657 4774 802 4845 λόγῳ
836 4774 953 4826 ἐστὶ
994 4772 1212 4839 γνωστά
1233 4789 1247 4800 ’
1287 4770 1404 4833 πῶς
1445 4771 1504 4822 ού
1539 4770 1681 4841 λόγῳ
1711 4788 1799 4840 γι-

219 4868 420 4923 νώσκει
467 4869 498 4920 ὁ
543 4868 676 4930 Θεὸς
733 4867 770 4920 ἀ
825 4869 999 4931 ποιεῖ;
1037 4865 1110 4917 Τὸ
1143 4865 1199 4918 δὲ
1235 4865 1375 4935 μετά
1421 4864 1659 4929 διανοίας
1705 4866 1800 4919 καὶ

220 4958 561 5027 ἐπισκέψεως
593 4957 686 5010 καὶ
717 4958 1047 5028 ἐπικρίσεως
1081 4959 1253 5008 ποιεῖν
1285 4973 1358 5019 τι,
1381 4955 1490 5008 τῶν
1524 4959 1800 5028 παρ’ἡμῖν

218 5050 483 5121 τεχνιτῶν
524 5053 671 5103 ἐστιν
705 5049 855 5113 ῐὸιον,
900 5048 1008 5101 τῶν
1051 5047 1261 5111 τούτοις
1297 5048 1434 5118 πρὸς
1457 5048 1680 5120 ἄμεινον
1714 5050 1800 5102 τέ-

220 5146 312 5208 λος
359 5145 468 5198 τῶν
514 5144 814 5214 γινομένων
865 5143 1309 5212 ἀφικνουμένων·
1354 5143 1383 5193 ὁ
1420 5142 1476 5194 δὲ
1515 5141 1668 5204 Θεὸς,
1705 5143 1800 5194 ᾰτε

225 5239 362 5309 μήτε
397 5235 829 5307 προσλαμϐάνων
856 5234 1055 5302 γνῶσιν
1088 5234 1220 5304 μήτε
1252 5232 1541 5286 ἀποϐαλὼν
1579 5221 1796 5301 γνῶσιν,

219 5327 431 5389 οὐδενὸς
458 5327 662 5380 τούτων
691 5326 884 5378 δεῖται.

312 5419 673 5471 ἘΡΩΤΗΣῘΣ.
710 5418 776 5470 Εἰ
803 5418 864 5470 τὸ
894 5415 1030 5480 ὅλως
1070 5416 1293 5487 γενητὸν
1333 5415 1555 5470 δύναται
1587 5415 1798 5487 ἄφθαρ-

221 5531 313 5566 τον
345 5509 505 5573 εἷναι,
542 5511 679 5581 ποίῳ
716 5511 795 5582 τῷ
828 5509 1006 5580 λόγως

306 5603 707 5656 ’ΔΠΟΚΡΙΣΙΣ
743 5596 842 5655 Ὧν
873 5604 906 5672 ή
935 5599 1211 5672 ἀφθαρσία
1244 5602 1308 5653 ἐκ
1331 5601 1428 5672 τῆς
1459 5599 1646 5670 ἐτέρου
1672 5599 1797 5668 βου-

297 5742 409 5810 (28)
447 5742 517 5794 Τό
545 5759 607 5795 τε
633 5742 805 5795 εἶναι.
830 5739 909 5792 Ita
950 5739 1258 5810 emendavit
1303 5739 1626 5809 Sylburgius
1650 5740 1796 5807 quod

227 5813 368 5883 apud
393 5808 730 5880 Stephanum
754 5812 1034 5883 legebatur
1059 5811 1186 5883 ποτὲ
1217 5808 1372 5883 εἶναι.

300 5884 409 5956 (29)
453 5878 512 5939 Ἠ
551 5878 882 5952 χρῆσις-,⁷1η
928 5882 1174 5953 margine
1204 5882 1406 5936 codicis
1449 5879 1686 5936 Clarom.
1712 5878 1794 5934 le-

1904 3400 2071 3454 supra
2098 3401 2197 3440 ens
2227 3395 2332 3439 est.

1975 3475 2257 3542 QUIEST.
2292 3475 2402 3528 VII.
2434 3476 2522 3531 1ο.
2558 3475 2614 3530 Si
2658 3476 2942 3531 voluntate
2979 3476 3122 3531 Deus
3152 3477 3316 3541 facit,
3357 3491 3492 3532 num

1904 3569 2269 3623 instrumento
2301 3579 2481 3631 utens,
2512 3576 2608 3621 aut
2630 3569 2750 3622 sine
2781 3569 3184 3623 instrumento?

1972 3656 2171 3712 RESP.
2203 3657 2321 3712 Non
2352 3659 2558 3728 indiget
2583 3657 2725 3713 Deus
2747 3660 2858 3712 ulla
2877 3675 2955 3722 re,
2989 3673 3110 3728 qua!
3137 3667 3292 3712 extra
3315 3657 3494 3726 ipsius

1902 3738 2154 3804 naturam
2186 3749 2289 3817 sit,
2322 3759 2486 3820 atque
2519 3762 2577 3805 ut
2607 3752 2816 3820 absque
2851 3751 3223 3805 instrumento
3244 3751 3380 3823 vult,
3416 3750 3493 3802 ita

1900 3848 1955 3896 et
1991 3842 2198 3911 absque
2248 3841 2620 3896 instrumento
2672 3842 2821 3897 facit.
2869 3843 2926 3895 Si
2957 3842 3104 3895 enim
3155 3843 3489 3912 simulatque

1901 3935 2020 3986 vult
2065 3933 2272 4003 aliquid
2295 3973 2310 3998 ,
2358 3935 2412 3987 id
2451 3937 2670 3990 exsistit
2704 3951 2769 3992 eo
2808 3936 3021 3989 volente
3045 3976 3058 3998 ,
3093 3936 3371 4003 quomodo
3403 3937 3489 3990 iu-

1907 4035 2340 4083 strumentorum
2397 4037 2712 4083 creatoruin
2776 4044 3218 4099 supervacaneus
3251 4043 3363 4082 non
3415 4032 3489 4084 sit

1901 4125 2080 4176 usus?

1973 4214 2256 4282 QUIEST.
2309 4213 2447 4269 Vill.
2483 4215 2540 4267 11
2575 4254 2589 4274 ,
2641 4213 2731 4267 12.
2769 4211 2825 4266 Si
2864 4214 2984 4267 sine
3024 4212 3309 4266 voluntate
3354 4210 3487 4266 facit

1901 4304 2065 4371 Deus,
2093 4316 2278 4360 utrum
2307 4307 2444 4360 citra
2473 4308 2738 4359 rationem
2771 4303 2902 4357 facit
2927 4304 3046 4358 sine
3077 4303 3409 4371 cogitatione
3432 4311 3490 4356 et

1900 4400 2374 4462 consideratione,
2419 4414 2491 4451 an
2535 4412 2659 4451 cum
2692 4397 2878 4466 aliquo
2904 4396 3151 4464 judicio?
3177 4395 3240 4447 Et
3281 4395 3327 4447 si
3359 4410 3484 4448 cum

1895 4493 2136 4561 judicio,
2168 4508 2405 4564 quanam
2433 4508 2494 4547 re
2523 4491 2733 4559 indiget
2778 4498 2838 4543 ut
2891 4491 2938 4543 ei
2970 4503 3110 4558 opus
3144 4489 3215 4543 sit
3243 4486 3497 4557 judicio?

1831 4610 1875 4664 Β
1907 4584 1963 4638 Si
1995 4577 2347 4652 sinejud'icio
2375 4623 2389 4648 ,
2423 4598 2531 4652 qua
2566 4583 2786 4636 tandem
2819 4580 3062 4634 ratione?

1974 4673 2174 4728 RESP.
2210 4673 2268 4727 Si
2302 4680 2433 4726 nota
2470 4682 2598 4728 sunt
2625 4672 2734 4726 Deo
2765 4687 2930 4740 opera
2961 4671 3113 4739 ejus,
3155 4681 3278 4740 quae
3303 4675 3488 4722 autem

1904 4777 2030 4819 uota
2055 4773 2203 4830 sunt,
2236 4765 2447 4819 ratione
2479 4767 2607 4817 nota
2637 4770 2799 4818 sunt:
2837 4761 3112 4831 quomodo
3140 4776 3248 4814 non
3275 4760 3489 4813 ratione

1905 4856 2048 4913 Deus
2081 4857 2364 4927 cognoscit
2394 4871 2457 4910 ea
2481 4871 2602 4925 quae
2624 4854 2796 4907 facit?
2820 4852 2992 4906 Porro
3008 4866 3130 4907 cum
3154 4851 3490 4922 cogitatione

1901 4956 1957 5002 et
1982 4947 2428 5003 consideratione
2452 4955 2503 5002 et
2530 4946 2741 5015 judicio
2791 4945 2996 5014 aliquid
3039 4944 3244 5008 facere,
3274 4951 3487 4996 nostro—

1903 5056 2025 5094 rum
2058 5049 2143 5096 est
2169 5040 2464 5104 artiﬁcum,
2487 5039 2580 5108 qui
2611 5055 2705 5108 per
2733 5040 2845 5093 haec
2878 5038 2946 5091 ad
2990 5052 3179 5090 eorum
3201 5077 3214 5100 ,
3259 5050 3380 5105 quae
3403 5033 3488 5087 fa-

1901 5135 2090 5195 ciunt,
2125 5132 2286 5187 ﬁnem
2320 5133 2598 5187 meliorem
2633 5132 2985 5200 pertinguut;
3021 5129 3160 5184 Deus
3203 5143 3362 5186 vero.
3393 5125 3484 5181 cui

1902 5239 2078 5293 neque
2107 5224 2174 5277 ad
2198 5225 2563 5293 cognitionem
2593 5222 2890 5292 quidquam
2916 5221 3147 5284 accedit,
3181 5234 3358 5288 neque
3386 5217 3482 5271 de-

1901 5317 2064 5374 cedit,
2092 5315 2239 5368 nulla
2269 5315 2462 5368 harum
2494 5328 2677 5368 rerum
2711 5312 2934 5382 indiget.

1967 5404 2250 5471 QUEST.
2284 5404 2374 5460 IX.
2407 5406 2493 5458 15.
2527 5403 2582 5457 Si
2606 5404 2656 5456 id
2690 5403 2835 5472 quod
2860 5402 3086 5456 omnino
3114 5400 3354 5470 genitum
3377 5407 3483 5457 est.

1904 5499 2322 5568 incorruptibile
2353 5513 2477 5552 esse
2503 5504 2714 5566 potest,
2745 5509 2981 5564 quanam
3015 5495 3066 5547 id
3097 5490 3341 5544 ratione?

1973 5591 2171 5646 RLSP.
2204 5591 2448 5657 Quorum
2486 5587 2980 5657 incorruptibilitas
3012 5601 3076 5640 ex
3117 5585 3343 5637 alterius
3393 5580 3483 5634 de-

1900 5735 2095 5802 giturﬁ
2133 5731 2314 5800 φύσις,
2359 5740 2411 5802 et
2454 5730 2506 5782 in
2541 5729 2662 5801 ipso
2690 5737 2944 5784 contextu
3003 5728 3212 5798 χρῆσις.
3250 5722 3479 5793 διειρω-

1902 5799 2005 5861 uus
2028 5799 2247 5872 scripsit
2279 5803 2310 5872 ὴ
2346 5799 2525 5870 φύσις.
