4146 6426
699 415 837 472 N75

1447 415 1804 472 APPENDIX.
1846 447 1915 457 —
1947 415 2128 483 PARS
2161 415 2199 471 l.
2246 415 2304 469 S.
2339 413 2599 469 JUSTINI
2636 414 2866 470 OPERA
2902 413 3172 469 SPURIA.

3820 413 3955 469 1476

698 535 895 604 pendet
920 535 1220 599 voluntate.
1253 551 1318 592 ea
1347 546 1626 608 nequeunt
1657 536 1894 608 ingenite
1923 552 2048 591 esse
2093 536 2267 590 incor-

2370 535 2465 604 λῆς
2487 535 2804 606 ἐξήρτηται,
2837 534 3009 589 ταῦτα
3036 536 3097 587 ού
3137 535 3356 588 δύναται
3390 534 3671 604 ἀγενήτως
3703 531 3955 602 ἄφθαρτα

698 627 976 695 ruptibilia
1000 645 1014 682 :
1052 637 1384 698 quapropter
1419 630 1596 684 solum
1618 627 1786 684 Deum
1813 629 2046 683 dicimus
2072 629 2272 682 habere

696 717 1160 774 immortalitatem
1185 762 1200 785 ,
1233 720 1358 790 quia
1391 734 1459 774 ex
1489 733 1586 773 sua
1613 719 1786 788 ipsius
1820 727 2038 784 natura,
2066 735 2175 772 non
2205 733 2272 773 ex

697 809 926 862 alterius
957 810 1260 874 voluntate,
1288 810 1401 863 haec
1431 810 1510 864 illi
1541 810 1711 864 adest.

768 901 950 955 Aliud.
985 901 1126 958 Deus
1160 903 1207 957 si
1233 917 1396 971 supra
1427 900 1860 970 incorruptibilia
1885 907 1989 965 est,
2012 908 2271 970 tanquam

699 1005 888 1046 eorum
911 993 1201 1059 conditor,
1244 1008 1410 1062 supra
1443 993 1739 1062 ingenitum
1777 1001 1956 1047 autem
1990 1009 2097 1047 non
2136 1000 2220 1046 est
2255 1011 2266 1045 :

699 1097 810 1138 non
841 1084 988 1137 enim
1032 1095 1116 1140 est
1146 1085 1512 1154 ingenitorum
1547 1082 1769 1153 opifex:
1803 1083 2028 1153 proinde
2061 1083 2104 1136 si
2141 1081 2271 1152 quid

696 1171 1113 1242 incorruptibile
1147 1183 1266 1237 est,
1317 1175 1634 1228 necessario
1682 1190 1792 1230 non
1821 1175 2178 1244 consequitur
2215 1181 2274 1229 ut

699 1262 755 1317 id
785 1266 949 1318 etiam
981 1265 1281 1336 ingenitum
1315 1267 1406 1322 sit.
1550 1323 1553 1325 _

770 1358 954 1411 Aliud.
987 1357 1045 1412 Si
1077 1358 1518 1429 iucorruptibilis
1548 1357 1694 1415 Deus
1733 1367 1818 1414 est
1848 1373 1948 1413 sua
1974 1358 2146 1428 ipsius
2177 1374 2275 1412 na-

697 1458 843 1512 tura,
878 1451 1311 1522 incorruptibilis
1345 1467 1474 1506 vero
1502 1466 1556 1507 ct
1597 1453 1773 1506 anima
1795 1491 1811 1516 ,
1844 1452 2056 1520 opiﬁcis
2077 1453 2275 1514 volun-

698 1549 842 1598 tate:
872 1541 1146 1612 quomodo
1175 1542 1228 1597 in
1271 1549 1422 1596 tanta
1451 1543 1992 1615 incorruptibilitatis
2020 1542 2276 1598 differen-

700 1635 772 1687 tia
808 1649 875 1687 ex
910 1633 1182 1687 sententia
1233 1641 1414 1687 vestra
1446 1635 1727 1703 Sequitur,
1768 1643 1826 1688 ut
1855 1634 2002 1706 quod
2026 1635 2274 1689 incorru-

699 1724 887 1793 ptibile
913 1731 1018 1785 est,
1041 1725 1204 1778 etiam
1235 1724 1536 1794 ingenitum
1571 1725 1678 1780 sit?

766 1814 922 1885 551
959 1813 1141 1869 Aliud.
1170 1812 1235 1866 Si'
1261 1812 1393 1883 quid
1415 1829 1545 1884 ergo
1576 1814 1786 1869 confert
1831 1813 1899 1868 ad
1923 1814 2271 1870 constitutio-

698 1921 822 1959 nem
871 1905 1345 1976 corruptibilium,
1377 1907 1656 1976 quomodo
1694 1908 1860 1964 rebus
1900 1910 2272 1979 corruptibili-

696 1996 801 2049 bus
848 1995 1296 2064 incorruptibiles
1343 2012 1452 2055 non
1507 1997 1882 2073 subserviunt,
1930 2014 2054 2053 cum
2088 2009 2270 2054 causa

696 2088 1241 2158 incorruptibilitatis
1271 2104 1458 2144 earum
1484 2091 1550 2146 ad
1587 2091 1900 2160 huiusmodi
1925 2090 2073 2162 ipsas
2103 2093 2274 2146 addu-

694 2189 784 2235 cat
809 2180 1211 2236 ministerium?
1238 2180 1342 2238 Sed
1365 2184 1410 2237 si
1449 2184 1522 2237 ita
1543 2193 1652 2259 est,
1686 2184 1857 2253 liquet
1885 2185 1999 2240 ﬁeri
2029 2201 2189 2256 posse
2213 2195 2272 2240 ut

695 2273 897 2343 aliquis
950 2273 1383 2344 incorruptibilis
1433 2276 1505 2330 sit
1551 2277 1623 2330 ob
1673 2277 1910 2344 aliquam
1955 2278 2266 2341 utilitatem,

699 2364 973 2433 ingenitus
1007 2382 1135 2422 vero
1175 2382 1544 2443 nequaquam.
1590 2368 1746 2434 Quod
1779 2369 1924 2423 enim
1971 2371 2269 2440 ingenitum

695 2467 800 2518 est,
834 2458 884 2511 id
919 2458 1125 2528 absque
1156 2460 1262 2513 ulla
1295 2476 1524 2530 prorsus
1563 2461 1816 2518 utilitatis
1858 2476 2027 2519 causa
2056 2473 2272 2534 oportet

695 2564 820 2604 esse
862 2549 1188 2617 ingenitum.

767 2643 949 2697 Aliud.
987 2643 1042 2698 Si
1075 2645 1308 2714 primum
1336 2643 1554 2713 quidem
1581 2660 1779 2714 corpus
1806 2653 1891 2700 est
1913 2645 2265 2710 elementum,

695 2734 998 2788 secundum
1027 2743 1208 2790 autem
1239 2749 1463 2805 corpus,
1501 2734 1553 2789 id
1574 2736 1720 2807 quod
1750 2744 1833 2793 est
1866 2753 1933 2793 ex
1961 2739 2267 2804 elementis,

696 2821 752 2875 id
793 2831 987 2902 autem!
1006 2840 1231 2895 corpus,
1265 2825 1411 2897 quod
1453 2842 1518 2881 ex
1560 2828 1847 2884 elementis
1875 2838 1980 2892 est,
2024 2846 2132 2885 non
2173 2846 2271 2902 po-

695 2921 805 2969 test
836 2900 1306 2988 esse‘ingenitum
1334 2937 1348 2973 :
1376 2917 1523 2972 nihil
1552 2919 1695 2974 enim
1740 2920 2039 2990 ingenitum
2085 2900 2270 2991 poste«

695 3008 814 3063 rius
854 3024 976 3064 esse
1009 3017 1189 3080 potest
1236 3010 1455 3080 genito:
1491 3011 1786 3080 quomodo,
1827 3013 1873 3067 si
1921 3029 2005 3076 ea,
2048 3030 2169 3082 qua:
2201 3032 2268 3070 ex

692 3101 978 3157 elementis
1004 3109 1153 3166 sunt,
1177 3116 1428 3172 corpora,
1451 3103 1887 3174 incorruptibilia
1912 3112 2061 3171 sunt,
2087 3106 2273 3176 genita

693 3207 804 3246 non
835 3200 998 3247 erunt
1028 3194 1510 3265 incorruptibilia?

765 3285 951 3338 Aliud.
993 3283 1050 3339 Si
1087 3285 1275 3340 omnia
1306 3287 1576 3341 elementa
1608 3286 1786 3358 genita
1815 3293 1964 3352 sunt,
1996 3288 2268 3359 quomodo

696 3379 1044 3447 nugatorium
1071 3391 1180 3430 non
1217 3384 1319 3442 est,
1351 3393 1566 3448 eaquae
1597 3393 1662 3434 ex
1701 3381 1985 3435 elementis
2023 3381 2151 3446 sint,
2184 3381 2269 3435 in—

690 3468 874 3539 genita
905 3466 1131 3522 dicere?
1165 3465 1300 3521 Nam
1347 3467 1395 3522 si
1423 3468 1651 3524 materia
1679 3484 1776 3540 per
1805 3485 1866 3526 se
1895 3471 2072 3541 ipsam
2092 3486 2270 3542 neque

691 3560 1019 3614 elementum
1049 3571 1152 3625 est,
1183 3575 1361 3629 neque
1401 3560 1746 3618 substantia:
1791 3563 2055 3633 qualitate
2084 3569 2268 3620 tamen

691 3659 748 3706 et
777 3652 1082 3720 quantitate
1119 3659 1366 3722 accepta,
1397 3652 1727 3709 elementum
1751 3651 1808 3707 ﬁt
1840 3660 1894 3709 et
1925 3655 2262 3710 substantia:

692 3743 966 3812 quomodo
1000 3757 1242 3814 ea,.qu:e
1282 3759 1350 3799 ex
1401 3744 1726 3814 huiusmodi,
1766 3745 2124 3815 perﬁciuntur
2155 3748 2264 3802 ele-

694 3832 913 3898 mentis,
942 3844 1065 3888 esse
1093 3833 1258 3889 etiam
1291 3843 1524 3904 possunt
1547 3833 1808 3905 ingenita,
1843 3835 1890 3892 si
1919 3836 2028 3892 illis
2050 3837 2270 3891 contin-

691 3931 866 3994 gatut
897 3924 1008 3978 sint
1045 3923 1486 3994 incorruptibilia
1511 3925 1534 3977 7

762 4014 947 4070 Aliud.
989 4013 1047 4069 Si
1077 4015 1225 4070 aliud
1253 4025 1334 4072 est
1354 4031 1577 4086 corpus,
1606 4025 1660 4074 et
1682 4017 1828 4073 aliud
1851 4018 2267 4090 incorruptibile

693 4123 914 4177 corpus,
947 4117 1000 4162 et
1041 4107 1188 4162 aliud
1233 4108 1590 4180 corruptibile
1621 4123 1863 4179 corpus:
1912 4109 1984 4164 ob
2014 4109 2267 4165 diﬁeren-

693 4195 827 4248 tiam
871 4204 1050 4255 autem
1113 4195 1649 4264 incorruptibilitatis
1693 4208 1747 4252 ct
1793 4199 2266 4271 corruptibilitatis

693 4300 894 4354 corpus
943 4283 1208 4340 dividitur
1251 4286 1306 4340 in
1351 4288 1766 4358 incorruptibile
1813 4297 1868 4345 et
1911 4291 2267 4366 corruptibile

692 4389 892 4445 corpus
920 4394 932 4428 ε
971 4373 1246 4445 quomodo
1275 4389 1500 4432 necesse
1532 4392 1643 4432 non
1674 4387 1777 4441 est,
1808 4379 2088 4449 proprium
2119 4379 2266 4436 illius

691 4482 814 4522 esse
847 4469 991 4537 quod
1020 4467 1281 4523 dividitur
1308 4469 1578 4538 corporis,
1607 4478 1666 4524 ut
1696 4472 1936 4540 genitum
1966 4471 2038 4526 sit
2067 4479 2159 4533 aut
2191 4471 2267 4525 in-

2372 624 2540 680 εἶναι·
2577 628 2657 680 διὸ
2709 627 2866 697 μόνον
2898 629 2990 681 τὸν
3021 627 3154 680 Θεὸν
3189 627 3420 697 λέγομεν
3449 625 3594 694 ἔχειν
3628 624 3952 683 ἀθανασίαν,

2372 720 2454 772 ὅτι
2501 719 2567 771 ὲκ
2618 720 2715 789 τῆς
2748 720 2953 782 οἰκείας
3002 719 3235 788 φύσεως,
3276 719 3371 772 καὶ
3399 718 3499 770 οὐκ
3533 717 3596 769 ἐκ
3641 715 3741 785 τῆς
3770 715 3958 784 ἐτέρου

2375 813 2588 884 βουλῆς,
2624 814 2914 886 πρόσεστιν
2936 811 3084 882 αύτῷ
3108 811 3296 865 ταῦτα.

2447 906 2670 959 Ἀλλο-
2706 906 2764 958 '0
2823 905 2954 967 Θεὸς
3008 907 3056 957 εί
3117 905 3256 974 ὑπὲρ
3310 904 3406 974 μὲν
3468 903 3594 966 τοὺς
3643 901 3954 971 ἀφθάρτους

2373 995 2542 1056 ἐστὶν,
2578 994 2653 1056 ὡς
2688 994 2892 1047 τούτων
2920 994 3168 1064 ποιητὴς,
3205 994 3342 1065 ὑπὲρ
3377 993 3430 1044 δὲ
3467 993 3528 1044 τὸ
3561 991 3830 1060 ἀγένητον
3859 990 3957 1042 οὐκ

2373 1087 2554 1139 ἔστιν’
2603 1088 2722 1140 οὐδὲ
2773 1088 2881 1157 γάρ
2917 1088 3062 1138 ἐστιν
3119 1085 3227 1138 τῶν
3276 1087 3553 1155 ἀγενήτων
3587 1080 3951 1152 δημιουργός·

2373 1179 2474 1232 οὐκ
2503 1178 2613 1248 ἄρα
2635 1179 2827 1231 ἕπεται
2860 1177 2940 1247 τῷ
2973 1177 3234 1248 ἀφθάρτῳ
3262 1177 3322 1229 τὸ
3355 1176 3635 1244 ἀγένητον.

2448 1362 2657 1414 Ἀλλο.
2693 1359 2756 1411 El
2785 1357 3060 1429 ἄφθαρτός
3087 1358 3233 1410 ἐστιν
3271 1358 3300 1409 ὁ
3331 1356 3463 1420 Θεὸς
3487 1358 3552 1426 τῇ
3577 1354 3744 1408 αὑτοῦ
3773 1352 3952 1422 φύσει,

2373 1454 2652 1525 ἄφθαρτος
2707 1453 2763 1505 δὲ
2812 1452 2904 1505 καὶ
2949 1453 2982 1520 ἠ
3038 1449 3184 1521 ψυχὴ
3212 1453 3282 1521 τῇ
3329 1448 3521 1504 ἑαυτοῦ
3559 1448 3672 1517 (30)
3704 1445 3954 1517 βουλήσει

2374 1543 2469 1596 τοῦ
2503 1539 2838 1613 δημιουργοῦ
2862 1557 2874 1570 ·
2913 1538 3030 1603 πῶς
3064 1541 3121 1591 ὲν
3151 1537 3389 1610 τοσαύτῃ
3436 1535 3746 1605 ἀφθαρσίας
3778 1534 3959 1601 διαφο-

2378 1637 2448 1708 ρᾷ
2475 1635 2668 1688 ἕπεται
2694 1632 2812 1686 καθ’
2847 1633 2994 1703 ἡμᾶς
3009 1630 3118 1701 (31)
3143 1629 3220 1702 τῷ
3266 1629 3526 1701 ἀφθάρτῳ
3557 1628 3618 1681 τὸ
3651 1627 3952 1696 ἀγένητονς

2452 1819 2656 1871 Ἀλλο.
2689 1815 2751 1868 Εἰ
2785 1809 2876 1868 οὖν
2913 1813 3055 1866 τελεί
3096 1830 3150 1866 τι
3180 1811 3315 1884 πρὸς
3349 1810 3604 1864 σύστασιν
3634 1807 3747 1859 τῶν
3784 1805 3956 1876 φθαρ-

2376 1909 2507 1972 τῶν,
2540 1906 2659 1970 πῶς
2711 1907 2812 1959 οὐκ
2846 1904 2954 1958 εἰσὶ
3001 1903 3112 1956 τῶν
3165 1902 3444 1973 φθορίμων
3493 1897 3848 1969 πραγμάτων,
3889 1893 3955 1947 τὰ

2376 1995 2628 2065 ἄφθαρτα
2665 1988 2992 2062 ὕπουργιιιά,
3038 1988 3136 2059 τῆς
3165 1987 3344 2050 αίτίας
3378 1986 3478 2056 τῆς
3521 1983 3833 2054 ἀφθαρσίας
3861 1981 3955 2033 αὐ-

2373 2086 2482 2139 τῶν
2527 2085 2662 2154 πρὸς
2705 2081 2802 2154 τὴν
2842 2081 3099 2152 τοιαύτην
3145 2078 3381 2150 ἀγούσης
3432 2076 3569 2130 αὐτὰ
3608 2073 3951 2144 ὑπουργίανς

2387 2178 2524 2230 Ἀλλ’
2551 2177 2598 2228 εί
2626 2175 2805 2238 τοῦτο,
2829 2173 3008 2243 δῆλον,
3040 2173 3120 2225 ὅτι
3145 2170 3451 2242 ἀφθαρσίαν
3486 2167 3581 2240 μὲν
3606 2165 3694 2220 διά
3719 2162 3950 2236 χρειώδη

2371 2270 2494 2323 τινὰ
2524 2267 2742 2322 δύναταί
2775 2284 2855 2331 τις
2881 2267 3044 2338 ἔχειν,
3073 2263 3398 2335 ἀγεννησίαν
3429 2263 3485 2316 δὲ
3512 2260 3714 2314 οὐκέτι·
3752 2257 3816 2312 τὸ
3843 2256 3953 2327 γὰρ

2372 2365 2655 2434 ἀγένητον,
2692 2361 2860 2432 χωρὶς
2901 2359 3082 2430 πάσης
3118 2355 3404 2430 χρειώδους
3434 2352 3636 2416 αἰτίας,
3661 2351 3744 2405 δεῖ
3769 2348 3949 2420 ὑπάρ-

2372 2471 2489 2526 χειν
2520 2455 2806 2526 ἀγένητον.

2447 2635 2646 2688 Ἄλλο.
2673 2633 2739 2686 Εἰ
2773 2632 2986 2702 πρῶτον
3029 2630 3126 2700 μὲν
3160 2626 3321 2699 σῶμα
3347 2626 3409 2679 τὸ
3449 2625 3730 2694 στοιχεῖον,
3764 2620 3950 2674 δεύτε-

2373 2741 2466 2795 ρον
2507 2723 2566 2777 δὲ
2618 2721 2778 2794 σῶμα
2815 2721 2875 2775 τὸ
2919 2721 2984 2774 ὲκ
3027 2719 3334 2789 στοιχείωνο
3375 2717 3436 2769 τὸ
3477 2716 3532 2768 δὲ
3561 2716 3625 2767 ὲκ
3669 2711 3952 2781 στοιχείων

2373 2815 2531 2885 σῶμα
2563 2815 2664 2868 οὐκ
2700 2813 2973 2884 ἐνδέχεται
3010 2807 3146 2864 εἶναι
3185 2809 3467 2878 ἀγένητονο
3502 2805 3651 2859 οὐδὲν
3674 2802 3785 2876 γὰρ
3817 2802 3949 2870 ἀγι-

2371 2923 2530 2978 νητον
2572 2905 2798 2977 ὕστερον
2822 2899 2960 2958 εἶναι
3003 2902 3225 2956 δύναται
3264 2898 3521 2970 γενητοῖν
3565 2897 3704 2960 πῶς,
3740 2896 3789 2949 εί
3834 2895 3951 2948 εστι

2368 2996 2438 3050 τά
2464 2999 2529 3050 εκ
2554 2997 2831 3067 στοιχείων
2865 2993 3093 3066 σώματα
3115 2991 3386 3064 ἄφθαρτα,
3420 2989 3480 3043 οὺ
3509 2986 3712 3060 γενητά
3738 2986 3950 3040 ἔσονται

2371 3089 2623 3160 ἄφθαρτα
2649 3106 2665 3154 ;

2447 3271 2645 3324 Ἄλλο.
2665 3268 2729 3321 Ei
2751 3265 2952 3338 γενητά
2975 3266 3151 3320 πάντα
3189 3262 3257 3317 τά
3278 3261 3537 3332 στοιχεῖα,
3564 3257 3680 3319 πῶς
3701 3257 3802 3308 οὐκ
3831 3253 3952 3308 εστι

2370 3363 2611 3436 ληρῶδες
2647 3360 2709 3413 τὸ
2733 3360 2801 3413 τὰ
2837 3361 2901 3414 ὲκ
2931 3357 3207 3429 στοιχείων
3245 3352 3423 3423 λέγειν
3448 3351 3712 3421 ἀγένητα·
3740 3351 3804 3402 El
3837 3347 3952 3420 γὰρ

2369 3459 2402 3526 η
2440 3455 2539 3527 ὓλη
2564 3453 2686 3508 καθ’
2716 3452 2913 3525 ἑαυτὴν
2940 3453 3038 3523 μὲν
3059 3451 3159 3504 οὐκ
3196 3449 3343 3503 ἐστιν
3371 3445 3496 3500 οὔτε
3532 3443 3793 3512 στοιχεῖον
3819 3439 3949 3493 οὕτε

2368 3547 2544 3611 οὐσία,
2581 3544 2962 3617 προσλαϐοῦσα
3003 3544 3059 3596 δὲ
3103 3539 3362 3612 ποιότητά
3409 3555 3469 3591 τε
3511 3535 3603 3589 καὶ
3648 3531 3946 3602 ποσότητα,

2372 3642 2633 3710 στοιχεῖον
2653 3639 2861 3708 γίνεται
2891 3637 2983 3689 καὶ
3009 3634 3167 3688 οὐσία
3185 3650 3198 3664 ⁸
3229 3632 3347 3695 πῶς
3371 3629 3440 3682 τά
3462 3629 3526 3682 ὲκ
3554 3625 3662 3679 τῶν
3688 3623 3949 3678 τοιούτων

2370 3727 2648 3799 στοιχείων
2694 3725 3100 3795 ἀποτελούμενα
3131 3721 3352 3776 δύναται
3381 3715 3518 3772 εἶναι
3557 3716 3652 3770 καὶ
3681 3715 3944 3784 ἀγένητα,

2369 3824 2418 3874 εί
2450 3820 2690 3892 συμϐαίη
2720 3819 2902 3881 αὐτοῖς
2926 3813 3064 3876 εἶναι
3097 3813 3381 3885 ἀφθαρτα;

2443 4003 2641 4057 Ἄλλο.
2677 3999 2740 4053 Εί
2789 3996 2918 4053 ἀλλο
2959 3995 3021 4050 τὸ
3071 3995 3248 4065 σῶμα,
3283 3993 3378 4047 καὶ
3407 3992 3534 4048 ἄλλο
3562 3991 3623 4044 τὺ
3669 3990 3946 4064 ἄφθαρτον

2371 4093 2550 4163 σῶμα,
2577 4091 2672 4144 καὶ
2706 4087 2833 4142 ἀλλο
2858 4088 2919 4140 τὸ
2961 4085 3195 4158 φθαρτὸν
3229 4083 3388 4154 σῶμα
3409 4101 3423 4114 ·
3454 4082 3595 4137 κατά
3620 4081 3680 4135 δὲ
3701 4082 3798 4153 τὴν
3824 4080 3944 4134 δια-

2368 4183 2540 4254 φορὰν
2565 4179 2870 4252 ἀφθαρσίας
2909 4195 2969 4231 τε
3011 4177 3105 4231 καὶ
3129 4177 3339 4248 φθορᾶς,
3372 4175 3656 4240 διαιρεῖται
3696 4172 3758 4226 τὸ
3786 4172 3941 4242 σῶμα

2366 4277 2446 4338 είς
2472 4272 2745 4343 ἀφθαρτόν
2783 4288 2842 4324 τε
2871 4269 2966 4323 καὶ⁵
3006 4267 3243 4340 φθαρτὸν
3289 4266 3474 4337 σῶμα·
3519 4264 3635 4327 πῶς
3670 4266 3769 4319 οὐκ
3795 4265 3939 4317 ἔστιν

2367 4365 2580 4434 ἀνάγκη
2612 4363 2742 4430 ῐδιον
2765 4357 2903 4416 εἶναι
2929 4356 3024 4414 τοῦ
3059 4359 3436 4431 διαιρουμένου
3467 4357 3717 4428 σώματος
3761 4356 3824 4410 τδ
3853 4372 3938 4425 γε·

2367 4453 2525 4524 νητὸν
2556 4455 2590 4526 ἢ
2627 4453 2690 4506 τὸ
2731 4452 3022 4524 ἀγένητον;
3068 4451 3130 4504 El
3162 4450 3219 4503 δὲ
3247 4449 3399 4504 οὐδὲν
3425 4447 3629 4508 τούτων
3670 4447 3797 4500 ἴδιόν
3824 4447 3937 4499 ἐστι

691 4559 977 4628 genitum?
1011 4557 1104 4614 Sin
1127 4559 1320 4614 horum
1355 4557 1487 4614 nihil
1518 4538 1798 4631 propri—um
1827 4562 1974 4618 illius
2000 4569 2084 4618 est
2114 4562 2261 4632 quod

2370 4545 2460 4599 τοῦ
2482 4545 2855 4617 διαιρουμένου
2882 4543 3152 4615 σώματος,
3179 4541 3296 4605 πῶς
3322 4541 3422 4595 οὐκ
3447 4541 3599 4593 ἔσται
3621 4539 3683 4592 τὸ
3703 4538 3935 4610 διαιρού⁹

691 4651 952 4706 dividitur
998 4652 1271 4722 corporis,
1312 4666 1496 4707 annon
1541 4667 1742 4724 corpus
1787 4654 1936 4721 quod
1979 4653 2259 4725 dividitur,

691 4759 869 4813 neque
894 4743 1138 4814 genitum
1164 4744 1290 4807 erit,
1332 4759 1510 4814 neque
1552 4745 1900 4814 ingenitum?
1926 4745 1995 4798 At
2031 4746 2175 4800 enim
2215 4745 2262 4800 si

690 4833 795 4886 hoc
822 4833 1160 4904 impossibile
1195 4840 1301 4898 est,
1329 4841 1390 4888 ut
1416 4833 1560 4903 quod
1594 4833 1856 4890 dividitur
1886 4849 2105 4906 corpus,
2137 4849 2266 4888 neu-

691 4933 836 4977 trum
879 4924 1105 4977 istorum
1153 4923 1248 4986 sit,
1295 4938 1521 4978 necesse
1570 4924 1816 4993 proiecto
1861 4925 1966 4980 erit
2003 4934 2081 4989 ut,
2115 4925 2262 4997 quod

690 5014 955 5069 dividitur
996 5028 1217 5083 corpus,
1259 5013 1313 5068 id
1359 5023 1634 5071 statuatur
1677 5031 1800 5072 esse
1850 5017 2262 5088 incorruptibile

691 5121 890 5176 corpus
940 5114 994 5173 et
1041 5106 1436 5176 corruptibile;
1487 5107 1541 5160 in
1592 5107 1709 5163 hac
1743 5109 1889 5164 enim
1918 5109 2179 5165 dividitur
2205 5110 2260 5165 id

688 5201 843 5273 quod.
865 5200 1129 5256 dividitur
1161 5215 1388 5271 corpus.

760 5291 1041 5362 QUEST.
1065 5293 1132 5349 Χ.
1165 5293 1254 5350 14.
1280 5293 1338 5350 Si
1363 5295 1420 5352 id
1445 5296 1653 5362 interit,
1689 5297 1834 5368 quod
1863 5313 1894 5352 a
1923 5297 2031 5355 Deo
2061 5299 2260 5354 factum

687 5395 793 5451 est,
845 5386 1002 5453 cujus
1048 5387 1320 5458 pravitate
1364 5389 1573 5451 interit,
1621 5405 1689 5464 an
1739 5389 1981 5453 factoris.
2029 5406 2098 5446 an
2140 5391 2261 5465 ejus

687 5477 833 5548 quod
865 5478 1067 5532 factum
1107 5488 1212 5542 est,
1261 5487 1354 5532 aut
1405 5481 1570 5536 etiam
1621 5481 1857 5552 alicujus
1886 5485 2120 5549 externi,
2163 5482 2261 5554 qui

688 5569 913 5624 factoris
942 5570 1013 5623 sit
1045 5569 1437 5626 adversarius?

757 5659 956 5716 RESP.
988 5661 1174 5732 Neque
1206 5677 1274 5717 ex
1310 5661 1611 5728 Creatoris,
1643 5679 1820 5734 neque
1845 5679 1910 5721 ex
1959 5665 2258 5724 adversarii

757 5822 867 5892 (30)
911 5823 1179 5879 Ἑαυτοῦ.
1212 5822 1268 5880 1(1
1301 5840 1530 5895 prorsus
1559 5827 2000 5899 expungendum.

2368 4655 2527 4709 μενον
2549 4639 2706 4709 σῶμα
2729 4635 2852 4690 οὔτε
2871 4635 3096 4708 γενητὸν
3128 4633 3248 4688 οὗτε
3273 4635 3560 4704 ἀγένητον;
3600 4634 3664 4687 El
3700 4633 3757 4686 δὲ
3781 4632 3934 4686 τοῦτο

2364 4731 2622 4786 ἀδύνατον
2659 4731 2721 4790 τὸ
2757 4729 3046 4803 μηδέτερον
3076 4725 3214 4782 εἶναι
3253 4727 3314 4782 τὸ
3353 4727 3727 4799 διαιρούμενον
3756 4726 3929 4796 σῶμα,

2364 4824 2578 4893 ἀνάγκη
2628 4822 2737 4896 ἄρα
2782 4821 2900 4876 ἐστὶ
2944 4820 3163 4891 τεθῆναι
3217 4820 3278 4874 τὸ
3309 4820 3702 4892 ,διαιρούμενον
3756 4817 3928 4886 σῶμα,

2362 4917 2520 4974 τοῦτο
2544 4912 2682 4970 εἶναι
2712 4915 2772 4968 τὸ
2799 4914 3074 4986 ἀφθαρτον
3104 4911 3260 4986 σῶμα
3296 4913 3391 4966 καὶ
3413 4910 3476 4966 τδ
3505 4910 3763 4982 φθαρτὸν,
3792 4910 3870 4973 είς
3899 4907 3932 4962 ἃ

2361 5009 2645 5081 διαιρεῖται
2676 5008 2738 5062 τὸ
2767 5007 3141 5080 διαιρούμενον
3169 5005 3348 5076 σῶμα.

2444 5296 2811 5350 ἘΡΩΤΗΣΙΣ.
2848 5295 2912 5348 El
2945 5293 3222 5364 φθείρεται
3257 5291 3318 5344 τὸ
3367 5290 3646 5361 γινόμενον
3689 5289 3796 5342 ύπὺ
3839 5287 3930 5341 τοῦ

2360 5387 2517 5451 Θεοῦ,
2550 5387 2693 5450 τίνος
2738 5386 2905 5456 κακίᾳ
2937 5385 3215 5455 φθείρεται
3234 5401 3248 5414 ο
3280 5382 3374 5437 τοῦ
3403 5382 3747 5454 ποιήσαντος,
3777 5380 3812 5451 ἢ
3839 5379 3931 5433 τοῦ

2359 5479 2661 5549 γεγονότος,
2694 5479 2728 5549 ἡ
2757 5495 2902 5541 τινος
2945 5475 3142 5533 ῑεωθεν
3183 5475 3502 5530 ὑπεναντίον
3534 5474 3822 5545 γινομένου
3854 5471 3931 5544 τῷ

2359 5576 2641 5645 ποιήσαντι
2665 5588 2681 5630 :
3695 5620 3700 5626 .

2442 5665 2842 5729 ‘AHOKPIEIE.
2872 5663 3009 5717 οὗτε
3031 5664 3096 5717 εκ
3116 5663 3213 5734 τῆς
3235 5661 3330 5716 τοῦ
3353 5663 3712 5737 πεποιηκότος
3735 5661 3932 5724 κακίας

2435 5825 2542 5895 (3t)
2574 5796 2712 5881 κάρη
2742 5821 2917 5895 ἡμᾶς.
2949 5822 3076 5894 Leg.
3113 5821 3233 5876 καθ’
3263 5821 3425 5892 ὑμᾶς.
