4146 6430
223 410 358 465 u'n
1125 415 1593 484 QUESTIONES
1630 419 1915 476 GRIECIE
1956 420 2049 475 AD
2086 421 2564 481 CHRISTIANOS.
3337 420 3474 477 M78

214 528 341 582 οὔτε
369 527 433 579 ἐκ
457 525 556 597 τῆς
582 522 676 577 τοῦ
705 523 1026 577 ὑπεναντίου
1051 520 1419 593 φθείρεταιτά
1446 508 1791 589 φθειρόμενα,

1902 518 2037 573 vitio
2067 534 2513 593 corrumpuntur,
2558 541 2681 597 qua:
2724 540 3172 600 corrumpuntur,
3215 532 3307 587 sed
3355 536 3477 604 Opi-

216 619 353 673 ἀλλά
383 618 461 689 τῷ
486 620 597 690 ὅρῳ
621 617 713 670 τοῦ
737 614 1071 687 δημιουργοῦ
1092 615 1187 667 τοῦ
1218 612 1585 685 ἐργαζομένου
1616 614 1672 664 ὲν
1700 612 1791 681 μὲν

1907 611 2025 666 ﬁcis
2059 612 2115 665 lit
2150 618 2484 686 praescripto,
2523 620 2615 688 qui
2665 621 2720 674 in
2765 622 2997 690 singulis
3044 626 3472 694 corruptionem,

213 717 329 775 τοῖς
357 712 692 766 καθέκαστον
726 710 825 779 τὴν
870 709 1095 779 φθορὰν,
1128 708 1184 760 ὲν
1212 708 1267 760 δὲ
1305 711 1417 770 τοῖς
1444 705 1671 758 καθόλου
1700 706 1791 775 τὴν

1902 702 1956 756 in
1988 706 2260 760 universis
2292 716 2472 763 autem
2507 710 3081 782 ineorruptibilitatem
3113 715 3293 770 ellieit.
3334 715 3473 771 Nam

216 801 547 873 ἀφθαρσίαν.
583 803 645 853 Εἰ
692 799 891 869 γὰρ’νὲκ
927 798 1036 851 τῶν
1078 798 1381 869 εἰρημένων
1425 797 1567 859 τινος
1601 795 1799 859 κακίας

215 891 498 963 ἐφθείρετο
522 892 589 946 ’ζά
616 889 964 961 φθειρόμενα,
992 890 1116 942 ὅλον
1140 888 1205 942 ἂν
1228 889 1289 941 τὸ
1315 888 1471 957 γένος
1497 886 1797 961 ἐφθείρετο,

219 984 312 1036 καὶ
338 984 399 1036 τὸ
426 980 756 1037 καθέκαστον
785 982 879 1034 καὶ
918 981 979 1033 τὸ
1006 981 1253 1033 καθόλου.
1284 982 1348 1033 Εί
1374 980 1483 1051 γάρ
1509 979 1689 1052 δῶμεν
1735 981 1797 1035 ἐκ

225 1091 361 1136 τινος
387 1074 583 1137 κακίας
609 1069 861 1144 εἶναιτὴν
886 1072 1112 1143 φθορὰν,
1140 1074 1239 1126 οὐκ
1262 1073 1328 1127 ἂν
1353 1072 1583 1144 διεσώθη
1606 1075 1663 1126 ἐν
1686 1076 1799 1135 τοῖς

218 1165 595 1235 φθειρομένοις
620 1165 681 1217 τὸ
709 1164 864 1233 γένος
897 1163 1006 1217 τῶν
1036 1164 1334 1235 γινομένων
1360 1164 1635 1236 ἄφθαρτον
1663 1164 1795 1234 (52),

225 1258 318 1327 τῆς
344 1257 539 1320 κακίας
562 1256 855 1330 ὦσπερτοῦ
874 1257 1228 1321 καθέκαστον,
1261 1257 1401 1311 οὕτω
1422 1260 1516 1310 καὶ
1537 1257 1633 1310 τοῦ
1662 1256 1796 1309 καθ-

219 1348 338 1401 όλου
392 1349 771 1420 κυριευούσης,
842 1351 905 1403 El
950 1350 1029 1403 δέ
1061 1367 1204 1413 τινος
1254 1350 1422 1422 κακίᾳ
1463 1350 1524 1403 τὸ
1571 1350 1796 1405 καθόλου

216 1440 485 1510 φθαρῆναι
512 1440 787 1504 ἀδύνατον,
816 1441 925 1494 οὐδ’
955 1436 1021 1494 αὖ
1048 1440 1109 1493 τὸ
1130 1440 1464 1493 καθέκαστον
1485 1441 1630 1504 τινὸς
1657 1440 1799 1509 φθεί-

218 1549 370 1603 ρεται
400 1534 587 1603 κακίᾳ,
612 1533 747 1586 ἀλλά
772 1534 851 1604 τῷ
876 1534 989 1604 ὅρῳ
1011 1532 1105 1586 τοῦ
1128 1532 1283 1586 Θεοῦ.
1312 1533 1375 1586 El
1395 1534 1501 1604 γὰρ
1527 1534 1627 1603 οὐκ
1651 1533 1797 1586 ἔστιν

217 1622 279 1674 ἑν
308 1625 420 1685 τοῖς
454 1618 571 1675 οὖσι
602 1622 770 1675 κακία
794 1640 880 1695 τις
921 1622 1192 1694 δυναμένη
1234 1622 1476 1676 κωλῦσαι
1514 1621 1612 1692 τὴιι
1643 1622 1795 1689 γένε-

217 1730 323 1777 σιν,
369 1714 476 1767 οὐδ’
509 1715 614 1785 ἄρα
658 1716 803 1768 ἐστὶν
846 1717 903 1768 ὲν
943 1718 1057 1779 τοῖς
1081 1710 1200 1769 οὖσι
1243 1714 1412 1769 κακία
1453 1730 1539 1777 τις
1577 1714 1612 1783 ὴ
1642 1712 1793 1783 φθεί-

218 1825 389 1878 psum
418 1823 479 1860 1:0
504 1825 528 1877 ξ
543 1807 679 1871 ένος.

441 1961 866 2016 ἈΠΟΚΡΙΣΕΙΣ
909 1966 1065 2018 ΠΕΡΙ
1122 1963 1581 2018 ἈΝΑΣΤΑΣΕΩΣ

215 2069 367 2139 πρὸς
408 2072 507 2139 τὰς
559 2075 997 2142 προρῤηθείσας
1041 2073 1361 2143 ἐροηήσεις
1400 2074 1534 2142 περὶ
1580 2071 1786 2142 αὐτῆς.

284 2195 354 2242 α’.
385 2190 458 2241 Τὸ
480 2191 573 2243 τὸν
597 2191 880 2261 ἄνθρωπον
904 2188 1041 2246 εἶναι
1070 2193 1103 2263 ἢ
1133 2192 1383 2260 γενέσθαι
1412 2191 1789 2263 ίχθυόόρωτον,

214 2278 310 2334 καὶ
350 2280 441 2333 τὸν
485 2280 636 2351 ίχθὺν
670 2281 1158 2354 ἀνθρωπόόρωτον,
1202 2280 1324 2335 οὔτε
1367 2282 1458 2334 τὸν
1505 2282 1792 2354 ἄνθρωπον

206 2371 295 2433 εἰς
327 2369 478 2440 ἰχθὺν
506 2369 723 2425 ἀναλύει
760 2370 885 2424 οὔτε
912 2371 1004 2425 τὸν
1035 2372 1186 2443 ἰχθὺν
1220 2375 1299 2435 είς
1326 2371 1611 2444 ἄνθρωπον
1632 2389 1645 2403 °
1678 2373 1791 2427 ἀλλ’

204 2459 475 2531 ἑκατέρου
521 2462 561 2531 ήν
599 2460 854 2532 ἀνάλυσις
897 2463 1105 2530 γίνεται
1133 2463 1213 2525 είς
1251 2460 1321 2515 τὰ
1369 2464 1604 2532 στοιχεῖα
1631 2461 1691 2528 ἐξ
1718 2455 1793 2516 ὧν

210 2551 315 2621 τὴν
351 2550 531 2623 ἀρχὴν
580 2553 958 2623 συνετέθησαν.
1002 2555 1065 2606 El
1110 2554 1203 2607 καὶ
1247 2556 1277 2609 6
1319 2554 1519 2625 τρόπος
1553 2554 1651 2626 τῆς
1677 2555 1797 2617 ἑτέτ

206 2658 323 2713 ρων
353 2641 462 2713 (55)
492 2644 801 2709 ἀναλύσεως
824 2646 1033 2714 γίνεται
1050 2646 1136 2699 διὰ
1155 2646 1255 2717 τῆς
1277 2647 1369 2700 ὑπ’
1390 2646 1629 2719 ἀλλήλων
1662 2647 1793 2719 βρώ-

210 2751 385 2799 σεωςο
440 2737 576 2791 ἀλλά
614 2739 797 2810 πάσης
844 2740 1156 2805 ἀναλύσεως
1194 2742 1293 2813 τῆς
1333 2741 1453 2795 καθ’
1480 2742 1791 2815 οἱονδήποτε

207 2827 412 2899 τρόπον
438 2829 727 2901 γινομένης
745 2830 807 2883 τὸ
834 2832 985 2895 τέλος
1009 2831 1127 2885 ἐστὶ
1151 2832 1213 2886 τὸ
1237 2834 1317 2896 είς
1341 2832 1411 2886 τά
1436 2837 1668 2905 στοιχεῖα
1694 2854 1793 2906 χω-

213 2921 330 2990 ρεῖν
355 2919 423 2973 τὰ
452 2921 810 2993 ἀναλυόμενα.
946 2926 1050 2997 χρὴ
1076 2920 1168 2979 οῦν
1193 2924 1283 2978 διὰ
1306 2926 1403 2998 τὴν
1430 2928 1521 2980 ὑπ’
1547 2927 1791 2998 ἀλλήλων

211 3010 418 3082 βρῶσιν
459 3012 749 3084 ἀνθρώπου
792 3016 885 3069 καὶ
918 3016 1117 3087 ίχθύος
1163 3019 1566 3091 σεσοφισμένην
1618 3038 1789 3073 κατα-

202 3105 498 3170 σκευάζειν
550 3107 784 3177 ἀπορίαν
838 3108 1185 3181 ἀναιρετικὴν
1240 3111 1606 3179 ἀναστάσεως,
1658 3112 1794 3166 ἀλλά

207 3195 351 3266 πρὸς
392 3196 490 3268 τὴν
526 3198 754 3268 δύναμιν
788 3201 1000 3271 ἀφορᾷν
1040 3201 1135 3254 τοῦ
1172 3201 1327 3268 Θεοῦ,
1370 3202 1466 3256 τοῦ
1512 3204 1586 3275 μὴ
1632 3203 1792 3275 μόνον
1816 3233 1862 3293 α

204 3287 677 3359 ὲπαγγελλομένου
723 3294 896 3344 ποιεῖν
937 3291 1045 3345 τῶν
1088 3294 1297 3364 νεκρῶν
1331 3294 1430 3366 τὴν
1472 3295 1788 3363 ἀνάστασιν,

202 3378 346 3433 ἀλλά
370 3381 464 3433 καὶ⁸
487 3380 574 3434 διὰ
601 3383 701 3452 τῆς
727 3384 827 3456 ήδη
856 3386 1140 3457 ἠργμένης
1165 3386 1511 3453 ἀναστάσεως
1540 3389 1635 3443 τοῦ
1676 3390 1791 3446 2w-

203 3469 375 3541 τῆρος
418 3473 577 3544 ἡμῶν
628 3475 866 3547 Χριστοῦ
918 3476 1143 3546 βεϐαίαν
1201 3481 1609 3551 παρεσχηκότος
1658 3482 1789 3553 ἡμῖν

202 3564 412 3635 ταύτης
431 3566 529 3637 τὴν
552 3567 755 3621 πίστιν.
802 3568 939 3621 Ἀλλ’
964 3571 1011 3622 εί
1043 3570 1114 3623 τά
1142 3574 1378 3641 στοιχεῖα
1401 3574 1681 3627 ὑπόκειται
1710 3576 1789 3639 είς

202 3655 308 3727 τὴν
352 3657 528 3709 κτίσιν
573 3658 681 3711 τῶν
729 3660 1029 3729 γινομένων
1080 3662 1173 3715 καὶ
1225 3664 1306 3726 είς
1355 3663 1636 3719 ἀνάκτισιν
1679 3666 1787 3721 τῶν

205 3746 544 3818 φθαρέντων,
576 3746 713 3814 πῶς,
750 3749 800 3802 εί
826 3752 1052 3811 ἄπιστον
1078 3753 1170 3806 καὶ
1194 3754 1454 3808 ἀδύνατον
1484 3759 1697 3827 ἡγεῖται
1728 3758 1787 3812 ὃν

202 3840 308 3911 τὴν
332 3841 610 3895 ἀνάκτισιν
633 3842 742 3895 τῶν
771 3842 1107 3915 φθαρέντων,
1151 3845 1251 3900 οὐκ
1276 3848 1500 3912 ἄπιστος
1532 3851 1628 3903 καὶ
1656 3850 1788 3904 ἀδύ-

203 3948 365 3992 νατος
396 3932 549 3987 ἔσται
577 3935 672 3988 καὶ
699 3936 734 4006 ὴ
768 3935 944 4000 κτίσις
964 3936 1074 3990 τῶν
1105 3939 1405 4010 γινομένων
1436 3940 1535 4013 τὴν
1574 3942 1785 4016 ἀρχήν;

206 4026 389 4098 Ὅπερ
422 4030 570 4081 ἐστὶν
596 4030 815 4083 ἄτοπον.

280 4184 344 4254 β’.
360 4183 507 4255 κοῦτε
532 4184 636 4257 τὴν
658 4186 834 4240 κτίσιν
866 4185 962 4240 τοῦ
988 4187 1194 4259 κόσμου
1217 4186 1344 4243 οὔτε
1376 4188 1473 4260 τὴν
1502 4190 1784 4245 ἀνάκτισιν

203 4273 371 4330 αὑτόῦ
399 4276 745 4331 πιστεύουσιν
770 4279 1049 4351 Ἕλληνες.
1089 4280 1227 4333 Ἀλλ’
1252 4284 1301 4335 εί
1332 4283 1429 4353 μὲν
1462 4283 1784 4355 ἀληθεύουσι

201 4358 268 4421 τὸ
291 4369 524 4438 πρῶτον,
557 4368 730 4433 οὕτως
762 4368 829 4423 ἂν
854 4370 1063 4439 γένοιτο
1094 4370 1274 4442 δῆλον.
1302 4372 1533 4441 Λέγουσι
1560 4374 1669 4446 γὰρ
1694 4376 1784 4429 τὸν

200 4460 395 4531 χρόνον
429 4457 566 4514 εἶναι
595 4461 782 4514 ἀΐδιον.
834 4460 971 4514 Ἀλλ’
1009 4463 1059 4515 εἰ
1108 4463 1206 4534 μὲν
1238 4464 1266 4515 6
1296 4464 1485 4535 χρόνος
1516 4464 1665 4518 ἐστὶν
1696 4465 1783 4517 ἀτ-

1819 1880 1869 1941 Β

1902 793 1949 847 si
1980 794 2213 864 alicujus
2243 812 2454 862 eorum,
2486 816 2608 869 quae
2636 800 2779 854 dicta
2809 809 2958 864 sunt,
2988 804 3120 858 vitio
3154 818 3474 873 corrumpe-

1901 894 2091 939 rentur
2132 904 2250 956 quae
2282 901 2727 959 corrumpuntur,
2772 908 2944 962 genus
2978 901 3150 949 totum
3200 895 3470 959 interiret,

1898 983 1953 1029 et
1985 976 2344 1046 singulorum,
2370 987 2423 1035 et
2453 980 2857 1037 universorum.
2888 981 2946 1036 Si
2976 984 3120 1037 enim
3150 984 3471 1040 concedere-

1899 1083 2024 1124 mus
2055 1072 2456 1139 corruptionem
2486 1088 2549 1127 ex
2584 1074 2821 1143 alicujus
2844 1091 2967 1131 esse
2995 1076 3163 1145 vitio,
3202 1092 3310 1131 non
3341 1093 3471 1131 cont

1899 1168 2208 1214 servaretur
2255 1178 2443 1216 eorum
2495 1180 2617 1233 quae
2668 1167 2969 1237 gignuntur
3018 1167 3071 1220 in
3113 1168 3475 1235 pereuntibus

1891 1240 2069 1319 'genus
2096 1250 2531 1321 incorruptibile,
2556 1256 2821 1324 pravitate
2849 1257 2991 1311 sicut
3014 1258 3068 1311 in
3101 1259 3364 1329 singulos,
3397 1259 3471 1312 ita

1898 1355 2116 1410 quoque
2164 1342 2219 1395 in
2254 1344 2551 1405 universos,
2579 1346 2867 1416 imperium
2921 1349 3176 1404 habente.
3219 1350 3375 1417 Quod
3423 1351 3471 1405 si

1898 1430 2131 1499 alicujus
2155 1432 2285 1486 vitio
2309 1434 2563 1489 universa
2586 1437 2861 1507 corrumpi
2888 1454 2995 1493 non
3020 1448 3279 1509 possunt,
3297 1455 3471 1503 neque

1897 1522 2059 1575 etiam
2093 1522 2305 1594 singula
2339 1524 2573 1594 alicujus
2601 1527 3214 1600 vitio.corrumpuntur,
3247 1532 3342 1587 sed
3376 1531 3471 1585 Dei

1898 1614 2239 1684 prmscripto.
2287 1614 2421 1669 Nam
2454 1618 2501 1671 si
2548 1619 2694 1679 nulla
2723 1620 2779 1694 in
2826 1622 2991 1675 rebus
3024 1622 3316 1684 vitiositas,
3349 1621 3501 1694 quati

1897 1710 2302 1778 generationem
2345 1712 2637 1781 prohibere
2686 1717 2899 1784 possit,
2929 1733 3107 1789 neque
3150 1720 3312 1774 etiam
3362 1720 3471 1774 ulla

1898 1803 2002 1859 est,
2032 1812 2153 1865 qua;
2177 1814 2351 1868 genus
2380 1809 2717 1871 corrumpat.

1971 1949 2057 2003 15.
2102 1948 2624 2006 RESPONSIONES
2673 1951 2762 2007 DE
2816 1953 3403 2013 RESURRECTIONE

1967 2064 2035 2127 ad
2063 2080 2151 2117 eas
2176 2080 2293 2133 qua:
2332 2065 2396 2119 de
2443 2066 2558 2133 ipsa
2599 2067 2883 2135 proposita:
2913 2078 3034 2121 sunt
3064 2072 3397 2139 quaestiones.

1968 2178 2017 2231 l.
2054 2176 2209 2242 Quod
2236 2178 2396 2231 homo
2420 2178 2491 2232 sit
2523 2187 2616 2231 aut
2647 2176 2740 2232 ﬁat
2769 2194 2894 2233 esca
2920 2179 3181 2250 piscium.
3214 2191 3268 2237 et
3303 2183 3472 2253 piscis

1894 2284 2021 2325 esca
2065 2270 2367 2333 hominum,
2404 2284 2583 2339 neque
2628 2269 2899 2325 hominem
2934 2271 2989 2325 in
3038 2272 3265 2342 piscem,
3312 2272 3473 2347 ω

1896 2376 2071 2432 neque
2101 2361 2305 2431 piscem
2337 2361 2392 2414 in
2424 2361 2699 2443 hominem
2742 2362 3009 2429 resolvit,
3057 2364 3151 2420 sed
3185 2367 3472 2438 utriusque

1894 2454 2158 2508 resolutio
2188 2454 2243 2507 in
2272 2454 2538 2507 elementa
2570 2469 2633 2507 ea
2667 2456 2891 2519 transit,
2925 2456 3071 2510 unde
3100 2469 3184 2511 est
3215 2458 3472 2527 primitus

1895 2553 2189 2615 utrumque
2229 2545 2614 2615 compositum.
2666 2546 2928 2612 Quamvis
2979 2548 3175 2606 modus
3232 2554 3471 2622 partium

1894 2636 2255 2695 resolutionis
2274 2638 2330 2690 in
2374 2652 2439 2691 eo
2489 2638 2700 2707 positus
2744 2640 2838 2703 sit,
2880 2640 3028 2709 quod
3069 2642 3209 2697 alter
3238 2645 3470 2698 alterum

1892 2729 2175 2796 comedat;
2201 2739 2255 2783 at
2283 2730 2465 2784 omnis
2492 2731 2868 2796 resolutionis,
2894 2748 3225 2805 quocunque
3249 2736 3481 2791 tandem
3562 2719 3584 2736 ’

1894 2822 2054 2876 modo
2093 2822 2205 2884 ﬁat,
2244 2821 2367 2876 ﬁnis
2399 2830 2483 2877 est
2524 2829 2583 2875 ut
2621 2839 2744 2893 quin
2786 2825 3143 2880 resolvuntur
3186 2826 3385 2882 abeant
3415 2828 3471 2881 in

1892 2914 2182 2969 elementa.
2216 2914 2437 2969 Minime
2475 2930 2626 2985 ergo.
2655 2923 2891 2986 oportet,
2926 2933 2993 2971 eo
3024 2918 3169 2988 quod
3209 2919 3279 2974 ab
3324 2920 3470 2981 invi-

1893 3022 2011 3061 cem
2041 2992 2399 3061 comedantur
2428 3007 2591 3061 homo
2634 3014 2689 3062 et
2718 3008 2909 3078 piscis.
2945 3025 3039 3079 per
3066 3012 3472 3069 cavillationem

1893 3097 2179 3152 instituere
2206 3097 2626 3163 dubitationem,
2655 3115 2777 3169 quae
2796 3102 3260 3158 resurrectionem
3282 3104 3470 3173 tollat;

1896 3192 1990 3247 sed
2022 3191 2089 3245 ad
2134 3192 2432 3262 potentiam
2464 3190 2563 3247 Dei
2585 3193 3011 3264 respiciendum,
3045 3196 3145 3267 qui
3171 3212 3279 3252 non
3310 3197 3471 3253 modo

1894 3290 2143 3338 mortuos
2178 3298 2238 3338 se
2284 3284 2740 3339 resuscitaturum
2786 3302 2909 3342 esse
2940 3288 3247 3359 pollicetur,
3279 3305 3469 3346 verum

1891 3377 2055 3432 etiam
2101 3391 2198 3445 per
2226 3392 2366 3441 eam,
2404 3377 2659 3447 quaajam
2692 3380 3002 3449 praecessit,
3030 3378 3331 3436 Salvatoris
3370 3396 3469 3436 no-

1893 3468 1994 3521 stri
2024 3465 2227 3523 Christi
2258 3470 2740 3537 resurrectionem,
2773 3478 2978 3533 certam
3026 3472 3186 3527 nobis
3226 3473 3372 3527 illius
3410 3472 3471 3527 ﬂ-

1890 3558 2013 3614 dem
2038 3559 2423 3629 suppeditavit.
2457 3558 2629 3615 Porro
2653 3562 2699 3617 si
2719 3563 2986 3617 elementa
3007 3563 3376 3632 subjiciuntur
3397 3564 3469 3619 ad

1888 3665 2079 3705 eorum
2119 3665 2242 3721 qua:
2287 3660 2620 3721 generantur
2668 3653 3024 3716 Creationem,
3072 3662 3126 3708 et
3169 3655 3237 3708 ad
3277 3668 3469 3709 eorum

1890 3756 2011 3811 quae
2037 3743 2311 3798 intereunt
2342 3744 2776 3802 restitutionem:
2816 3746 3112 3815 quomodo,
3147 3746 3194 3800 si
3229 3746 3468 3803 incredi-

1890 3833 2015 3887 bilis
2046 3840 2211 3903 atque
2240 3835 2596 3906 impossibilis
2628 3852 2752 3892 esse
2773 3852 2986 3899 eorum,
3015 3852 3137 3906 quae
3168 3836 3467 3911 intereunt,

1887 3924 2236 3979 existimatur
2260 3927 2553 3989 restitutio,
2579 3943 2689 3982 non
2714 3927 3051 3983 incredibilis
3072 3936 3234 3997 atque
3263 3928 3467 3997 impos-

1871 4015 2067 4071 sibilis
2099 4017 2263 4072 etiam
2303 4020 2409 4073 erit
2443 4034 2633 4074 eorum
2678 4035 2803 4091 qua:
2853 4019 2991 4074 ﬁunt
3018 4020 3273 4074 creatio?
3304 4019 3467 4086 Quod

1888 4108 2106 4178 quidem
2141 4110 2463 4168 absurdum.

1956 4201 2011 4257 2.
2048 4201 2158 4257 Nec
2189 4205 2522 4266 creationem
2554 4206 2747 4260 mundi
2775 4221 2874 4259 nec
2908 4206 3310 4277 restitutionem
3344 4222 3466 4271 cre-

1887 4296 2023 4351 dunt
2063 4295 2259 4351 Graeci.
2306 4296 2388 4350 An
2432 4307 2611 4352 autem
2666 4298 2862 4352 merito
2906 4299 3140 4367 primum
3187 4297 3461 4367 rejiciant,

1886 4388 1991 4442 hoc
2019 4388 2184 4443 modo
2231 4389 2581 4458 perspicuum
2611 4388 2723 4471 ﬁat:
2758 4388 2955 4442 Dicunt
2984 4403 3220 4457 namque
3247 4397 3464 4460 tempus

1887 4496 2010 4537 esse
2032 4490 2313 4537 aeternum.
2357 4481 2462 4536 Sed
2494 4482 2536 4536 si
2572 4490 2785 4551 tempus
2824 4488 3087 4534 aeternum
3117 4488 3221 4546 est,
3253 4488 3463 4551 tempo«

200 4554 337 4619 διος,
363 4555 575 4625 ἀνάγκη
601 4554 710 4625 ἀρα
732 4556 827 4608 καὶ
848 4553 923 4608 τά
946 4557 1084 4627 μέρη
1119 4556 1213 4609 τοῦ
1241 4557 1430 4627 χρόνου
1452 4552 1590 4609 εἶναι
1612 4557 1778 4621 ἀΐδια,

1891 4575 1963 4629 ris
1995 4590 2211 4644 quoque
2234 4580 2415 4643 partes
2436 4582 2667 4628 arternas
2702 4586 2824 4626 esse
2856 4586 3081 4625 necesse
3110 4579 3213 4633 est.
3246 4571 3349 4625 hoc
3375 4578 3464 4627 est

199 4646 472 4709 τουτέστι,
507 4645 607 4708 τάς
638 4662 698 4698 τε
732 4645 903 4717 ὥρας,
930 4649 1024 4700 καὶ
1044 4648 1143 4712 τάς
1168 4649 1401 4720 ἡμέρας,
1435 4649 1562 4713 τούς
1593 4666 1653 4703 τε
1680 4650 1784 4720 μῆ-

200 4754 323 4800 νας,
351 4737 447 4791 καὶ
474 4737 567 4791 τὸν
607 4738 868 4792 ἐνιαυτόν.
919 4739 984 4791 Εἰ
1016 4739 1075 4792 δὲ
1104 4740 1279 4795 ταῦτα
1309 4741 1410 4794 οὐκ
1443 4740 1588 4795 ἐστιν
1636 4741 1785 4796 ἀΐδια.

200 4828 291 4883 διὰ
313 4829 375 4881 τὸ
397 4825 533 4883 εἶναι
565 4831 623 4882 ὲν
646 4830 826 4893 αὐτοῖς
852 4830 1054 4909 τάκμὲν
1088 4832 1347 4902 πρότερα,
1376 4833 1443 4887 τά
1465 4833 1527 4887 δὲ
1560 4832 1780 4904 ὕστερα,

1886 4664 2052 4722 horas
2078 4674 2133 4720 et
2169 4666 2286 4721 dies
2315 4673 2367 4720 et
2399 4681 2616 4720 menses
2646 4673 2701 4720 et
2728 4678 2955 4719 annum.
2990 4662 3084 4717 Sin
3116 4662 3229 4717 haec
3256 4673 3461 4723 aeterna

1887 4774 1997 4814 non
2028 4764 2198 4820 sunt,
2224 4764 2514 4826 propterea
2558 4756 2704 4827 quod
2748 4757 2801 4810 in
2843 4757 2923 4812 eis
2963 4756 3210 4828 quaedam
3250 4755 3455 4824 priora,

1884 4850 2131 4920 quaedam
2163 4849 2467 4919 posteriora
2494 4849 2627 4907 sint,
2661 4864 2835 4920 neque
2867 4848 3105 4903 mundus
3125 4848 3332 4918 utique,
3362 4847 3455 4917 qui

201 4922 324 4976 οὐδὲ
358 4922 467 4993 ἀρα
497 4923 526 4974 6
568 4923 790 4987 κόσμος,
829 4922 901 4979 ὢν
932 4924 992 4979 ὲν
1036 4922 1115 4994 τῷ
1155 4925 1353 4996 χρόνῳ,
1388 4925 1608 4979 δύναται
1641 4919 1781 4979 εἷναι

1891 4919 1937 4995 in
1974 4949 2216 5012 tempore
2249 4948 2355 5005 est,
2388 4941 2662 5011 ingenitus
2697 4919 2818 4995 esse
2848 4946 3047 5009 potest.

200 5016 489 5087 ἀγένητος.

273 5141 342 5202 γ’.
365 5134 478 5190 Διά
520 5134 613 5189 δύο
660 5134 960 5207 πράγματα
990 5134 1097 5207 χρὴ
1137 5136 1384 5189 ἀπιστεῖν
1430 5133 1538 5193 τῶν
1569 5131 1781 5204 νεκρῶν

198 5223 299 5294 τὴν
332 5224 646 5290 ἀνάστασιν,
679 5226 713 5298 ἢ
738 5227 825 5281 διά
856 5226 918 5279 τὸ
954 5228 1029 5300 μὴ
1061 5225 1317 5280 δύνασθαι
1348 5224 1439 5279 τὸν
1470 5224 1603 5278 Θεὸν
1632 5224 1779 5292 ὲγεί-

203 5329 319 5388 ρειν
350 5316 477 5380 τοὺς
508 5317 755 5388 νεκροὺς,
790 5318 825 5387 ἢ
858 5318 945 5372 διὰ
975 5318 1036 5371 τὸ
1071 5317 1147 5389 μὴ
1190 5316 1484 5387 λυσιτελεῖν
1513 5319 1629 5381 τοῖς
1660 5318 1778 5371 ἀνι-

272 5468 383 5539 (52)
435 5472 556 5543 ρύκ
597 5470 673 5524 ἂν
701 5469 954 5543 διεσώθη
1008 5472 1078 5525 ἐν
1126 5471 1252 5543 τοῖς
1274 5469 1777 5543 φθειρομένξοις-τὸ

200 5537 376 5608 γένος
400 5538 517 5593 τῶν
539 5540 865 5610 γινομένων

998 5540 1234 5609 θαρτογ.
1268 5542 1436 5595 Multo
1484 5541 1665 5611 aptius
1694 5540 1776 5596 le-
1876 5556 1941 5611 su

1953 5125 2007 5180 5.
2041 5122 2262 5180 Duabus
2291 5123 2356 5179 de
2377 5125 2561 5179 causis
2583 5129 2796 5193 Oportet
2818 5121 3068 5175 homines
3094 5135 3202 5174 non
3232 5118 3455 5175 credere

1881 5226 2222 5273 mortuorum
2272 5216 2771 5271 resurrectionem:
2826 5215 2909 5269 vel
2965 5212 3110 5283 quod
3151 5212 3294 5267 Deus
3340 5227 3451 5266 non

1879 5312 2055 5384 possit
2080 5310 2410 5367 resuscitare
2435 5309 2745 5373 defunctos,
2780 5308 2863 5363 vel
2895 5307 3042 5378 quod
3079 5306 3209 5362 utile
3238 5320 3345 5361 non
3377 5306 3452 5361 sit

1950 5470 2077 5543 (55),
2120 5466 2686 5543 'Etépaw.j’i_tiosam
2738 5478 2863 5530 esse
2922 5462 3064 5516 hanc
3115 5458 3449 5543 scripturam

2053 5530 2253 5609 Oratus
2275 5548 2357 5593 est
2392 5536 2742 5609 Sylburgius,
2772 5549 2871 5603 pro
2895 5548 3002 5609 qua
3035 5530 3447 5609 proponittxa-

201 5600 452 5693 ἐφ’εὼυέ
490 5600 559 5693 ’έν
615 5600 728 5673 τοῖς
754 5600 1085 5693 ’γινομένοις
1108 5611 1168 5664 τὸ
1209 5612 1364 5693 γένος
1407 5600 1773 5693 τῷν’φθειροο

1891 5610 2067 5693 ιέριρν.
2102 5608 2233 5693 _&d
2260 5600 2456 5693 sensus
2498 5600 2620 5693 [ποις
2656 5600 2873 5693 videtur
2914 5600 3032 5693 hac
3065 5600 3449 5693 emendatione

205 5677 382 5748 μένων
410 5680 704 5752 ἄφθαρτον.
744 5677 868 5733 Non
897 5677 1293 5752 conservaretur
1326 5683 1380 5735 in
1414 5683 1480 5735 iis
1522 5677 1612 5752 alii
1642 5677 1774 5735 niu-

203 5758 414 5821 cuntur,
441 5750 600 5821 gemis
634 5753 962 5821 pereuntium
1004 5751 1417 5821 incorruptibile.
1444 5782 1517 5795 ο·-
1538 5750 1623 5809 Ex
1656 5752 1771 5807 Ad.-

202 5820 386 5874 dcmlis
429 5819 477 5874 et
508 5819 887 5875 Emendandir.

1874 5669 2069 5735 melior
2099 5679 2333 5734 futurus.
2366 5670 2551 5749 Itaque
2593 5674 2878 5748 legendum
2920 5672 3107 5744 potius
3137 5669 3445 5728 existiment

1876 5751 2053 5821 μελῶν
2086 5752 2168 5807 vel
2200 5749 2397 5821 μερῶν.
