4146 6420
698 392 832 445 H79

1483 381 1846 437 APPENDIX.
1879 411 1950 423 —
1985 380 2166 436 PARS
2198 383 2238 435 l.
2279 380 2339 436 S.
2375 380 2641 437 JUSTlNl
2676 380 2908 439 OPERA
2941 382 3214 439 SPURIA.

3828 393 3965 445 “80

693 501 1108 572 resurgentibus
1139 514 1263 555 esse
1291 498 1822 567 incorruptibilibus.
1854 494 2062 552 Horum
2087 503 2268 550 autem

2377 496 2665 565 παμὲνοις
2691 492 2826 550 εἶναι
2854 499 3054 562 αὐτοὺς
3085 498 3419 571 ἀφθάρτους.
3447 501 3664 556 Τούτων
3689 503 3748 559 δὲ
3773 506 3837 557 τὸ
3872 507 3966 575 μὲν

694 597 927 647 alterum
977 592 1203 660 impium
1254 597 1360 654 est,
1394 589 1627 643 alterum
1667 586 1979 641 ridiculum.
2034 585 2190 651 Quod
2228 586 2274 639 si

695 689 770 742 ita
804 695 911 750 est,
944 685 1220 756 quomodo
1258 699 1369 738 non
1401 699 1470 739 ex
1500 683 1782 753 impietate
1807 691 1863 736 et
1895 682 2011 737 risu
2056 689 2276 736 constat

693 795 884 836 eorum
917 777 1239 848 disputatio,
1277 777 1371 846 qui
1409 783 1753 829 mortuorum
1784 789 1899 828 non
1922 774 2156 830 credunt
2188 790 2274 828 re-

694 871 1130 928 surrectionem?

763 964 820 1019 4.
855 964 989 1029 Quae
1017 963 1163 1017 Deus
1202 968 1357 1017 creat
1399 971 1593 1031 suapte
1637 961 1690 1016 vi
1721 969 1778 1016 et
1809 968 2026 1030 sponte,
2056 974 2121 1014 ea
2151 959 2274 1028 jus—

695 1056 850 1112 sione
877 1071 977 1111 sua
1001 1064 1190 1108 creat:
1230 1054 1460 1122 ejusque
1487 1054 1730 1122 jnssioni
1759 1062 2035 1107 coaetanea
2061 1061 2147 1106 est
2176 1068 2274 1107 eo-

688 1163 840 1211 rum,
876 1162 997 1216 quae
1035 1146 1104 1198 ab
1153 1146 1276 1214 ipso
1310 1152 1592 1207 creantur,
1631 1144 1974 1199 exsistentia.
2020 1143 2276 1198 Conside-

695 1241 851 1303 ram',
876 1240 1076 1309 inquit,
1101 1247 1151 1291 et
1181 1239 1501 1305 produxisti.
1540 1236 1646 1293 Sed
1680 1238 1726 1291 si
1758 1238 1863 1292 hoc
1887 1238 2276 1292 convenienter

694 1333 763 1388 de
810 1333 920 1388 Deo
953 1333 1188 1393 dicitur;
1239 1332 1515 1400 quomodo
1544 1332 1639 1400 qui
1668 1331 2132 1385 resurrectionem
2162 1344 2275 1382 non

694 1427 891 1488 credit,
939 1441 1047 1479 non
1082 1425 1129 1480 is
1173 1424 1338 1479 etiam
1384 1423 1494 1478 Deo
1522 1423 1747 1478 credere
1775 1423 2061 1486 detrectat,
2109 1422 2275 1477 talem

695 1519 801 1588 ipsi
840 1519 1020 1572 inesse
1055 1518 1424 1588 potestatem?
1461 1515 1582 1571 Non
1613 1516 1759 1572 enim
1791 1516 1901 1570 ulla
1945 1531 2007 1570 re
2051 1515 2160 1570 alia
2187 1530 2275 1570 re—

693 1619 982 1682 surgentes
1015 1627 1083 1665 ex
1112 1610 1343 1666 mortuis
1370 1616 1533 1680 egent
1562 1624 1725 1680 quam
1751 1608 1912 1678 jussu
1945 1607 2060 1664 Dei.

766 1790 819 1844 5.
849 1789 906 1844 Si
938 1805 1126 1844 verum
1157 1799 1244 1845 est
1272 1788 1436 1853 illud,
1461 1787 1685 1853 Eorum,
1715 1805 1832 1859 qua:
1857 1796 2050 1858 pra'ter
2078 1788 2276 1856 opinio-

694 1901 813 1938 nem
863 1891 1008 1945 sunt,
1062 1880 1498 1950 perﬁciendorum
1557 1882 1845 1935 rationem.
1871 1882 2061 1948 reperit
2106 1880 2271 1944 Deus,
2304 1840 2349 1899 Β

693 1975 857 2030 sicuti
903 1973 1147 2044 profecto
1182 1988 1376 2028 verum
1414 1979 1540 2028 est:
1591 1972 1870 2043 quomodo
1913 1972 1968 2026 id
2011 1971 2136 2027 falsi
2166 1988 2276 2026 non

692 2069 910 2140 arguit,
958 2066 1054 2137 qui
1106 2074 1455 2122 mortuorum
1512 2082 1623 2120 non
1681 2066 1860 2121 credit
1913 2065 2279 2120 resurrectio-

691 2177 818 2218 nem
839 2163 862 2214 ?

763 2255 820 2311 6.
857 2253 914 2309 Si
937 2254 1082 2309 facta
1109 2254 1477 2317 restitutione,
1513 2253 1829 2308 necessario
1857 2253 2040 2307 omnis
2067 2254 2136 2308 de
2158 2254 2275 2323 opi-

689 2347 796 2403 ﬁce
831 2347 1024 2400 mundi
1055 2354 1110 2401 ct
1142 2346 1408 2415 operibus
1450 2344 1572 2414 ejus
1603 2346 1747 2400 inter
1773 2346 2023 2401 homines
2063 2346 2277 2400 tollitur

689 2438 999 2494 dissensio:
1033 2439 1309 2508 quomodo
1333 2438 1526 2492 mundi
1553 2438 1829 2493 restitutio
1859 2453 1970 2491 non
1995 2438 2279 2507 pulchrior

688 2530 797 2584 erit
832 2529 1024 2583 mundi
1065 2530 1386 2584 creatione?
1421 2529 1558 2583 Nam
1597 2538 1824 2600 propter
1869 2531 2274 2586 restitutionem

691 2620 921 2692 pulchra
955 2631 1042 2677 est
1083 2624 1200 2691 ipsa
1241 2624 1408 2676 etiam
1438 2621 1600 2693 55,3
1639 2623 1864 2677 creatio.
1902 2621 1997 2677 Illa
2040 2639 2171 2677 vero
2217 2631 2277 2677 ut

695 2711 1021 2779 impossibili
1071 2713 1294 2780 rejecta,
1349 2710 1627 2781 quomodo
1672 2725 1784 2764 non
1833 2710 2133 2766 deterrima
2173 2711 2278 2764 erit

695 2802 886 2857 mundi
911 2804 1118 2859 creatio
1145 2805 1169 2857 ?
1751 2789 1754 2794 I

765 2984 818 3037 7.
855 2983 1020 3038 Aliud
1057 2991 1140 3040 est
1194 2985 1344 3054 quod
1391 2986 1618 3039 omnino
1670 2993 1758 3040 est
1792 2985 2172 3056 impossibile,
2221 2994 2276 3041 et

690 3077 841 3131 aliud
875 3076 1020 3146 quod
1051 3077 1217 3130 alicui
1244 3069 1336 3133 est
1381 3079 1742 3148 impossibile.
1784 3078 2022 3136 Omnino
2068 3083 2276 3150 impos-

2375 588 2522 640 ἐστιν
2574 591 2789 653 ἀσεϐὲς,
2837 592 2899 643 rb
2943 591 3001 644 δὲ
3050 593 3278 660 γελοῖον.
3330 594 3466 646 Ἀλλ’
3515 597 3564 646 εἰ
3615 597 3798 661 τοῦτο,
3853 597 3967 662 πώς

2374 680 2474 730 οὐκ
2521 681 2586 732 ὲκ
2635 682 2735 750 τῆς
2781 683 3049 750 ἀσαφείας
3100 683 3212 754 (54)
3262 687 3356 738 καὶ
3414 686 3649 753 γέλωτος
3705 692 3967 760 συνέστη-

2375 786 2472 821 κεν
2503 771 2533 821 6
2564 771 2720 840 λόγος
2752 773 2861 826 τῶν
2892 776 3265 830 ἀπιστούντων
3298 779 3407 832 τῶν
3452 781 3663 852 νεκρῶν
3695 783 3800 854 τὴν
3832 786 3966 840 ἀνά-

2379 880 2566 915 στασιν
2582 881 2600 926 ;

2445 955 2508 1007 δ’.
2551 958 2617 1008 ’Δ
2659 960 2805 1010 ποιεί
2839 960 2869 1012 6
2900 959 3034 1023 Θεὸς
3073 961 3470 1034 αὐτουργικῶς,
3502 972 3673 1028 ταῦτα
3691 971 3964 1043 προσ-τάγ-

2376 1064 2505 1118 ματι
2604 1052 2786 1102 ποιεῖ·
2840 1051 3139 1123 σύγχρονος
3183 1055 3242 1108 δὲ
3288 1057 3369 1128 τῷ
3421 1061 3810 1132 προστάγματι
3867 1062 3963 1116 τοῦ

2375 1136 2510 1189 Θεοῦ
2535 1140 2568 1208 ή
2605 1139 2840 1213 ὕπαρξις
2872 1144 2980 1198 τῶν
3007 1146 3098 1198 ὑπ’
3121 1147 3288 1200 αὐτοῦ
3324 1152 3682 1221 ποιουμένων.
3720 1154 3963 1220 Ais-rori-

2375 1232 2506 1294 θης,
2544 1230 2698 1300 φησὶ,
2747 1231 2846 1286 καὶ
2880 1235 3187 1303 παρέστης
3403 1241 3546 1295 Ἀλλ’
3577 1245 3626 1295 εί
3658 1245 3822 1298 τοῦτο
3865 1248 3965 1316 ἀρ-

2380 1319 2578 1389 μοδίως
2612 1322 2827 1393 εῐρηται
2861 1326 2989 1396 περὶ
3022 1326 3117 1378 τοῦ
3160 1328 3319 1392 Θεοῦ,
3354 1335 3474 1394 πῶς
3507 1333 3535 1383 6
3582 1333 3833 1388 ἀπιστῶν
3866 1337 3965 1408 τὴν

2377 1411 2672 1466 ἀνάστασιν
2717 1415 2817 1467 οὐκ
2863 1417 3086 1471 ἀπιστεῖ
3132 1419 3229 1472 καὶ
3273 1420 3354 1492 τῷ
3397 1423 3519 1493 Θεῷ
3563 1425 3626 1478 rb
3672 1426 3820 1496 ἔχειν
3864 1429 3980 1500 τὴν

2375 1505 2630 1576 τοιαύτην
2660 1505 2925 1579 δύναμινς
2955 1512 3091 1564 Οὐδὲ
3121 1513 3231 1584 γάρ
3264 1515 3453 1587 ἑτέρου
3484 1519 3631 1582 τινὸς
3662 1519 3878 1574 δέονται
3919 1525 3965 1575 οἱ

2376 1595 2723 1667 ἀνιστάμενοι
2756 1601 2823 1653 ὲκ
2852 1601 2963 1656 τῶν
2985 1605 3215 1677 νεκρῶν,
3252 1607 3390 1680 πλὴν
3411 1610 3506 1664 τοῦ
3533 1613 3966 1685 προστάγματος

2375 1685 2471 1739 τοῦ
2505 1687 2663 1744 Θεοῦ.

2448 1784 2513 1831 ε’.
2541 1780 2604 1832 Εἰ
2638 1783 2838 1854 ἀληθές
2870 1786 2986 1840 ἐστι
3018 1788 3100 1851 rb,
3141 1791 3264 1846 Τῶν
3290 1793 3601 1860 ἀδοκήτων
3630 1795 3741 1867 (56)
3772 1797 3969 1866 πόρον

2375 1865 2516 1940 εὗρε
2549 1874 2715 1942 Θεὸς,
2751 1878 3000 1950 καθάπερ
3031 1876 3126 1936 οὖν
3160 1885 3253 1936 καὶ
3281 1885 3500 1956 ἀληθὲς,
3693 1865 3755 1940 οὐ
3791 1890 3966 1962 ψευδῆ

2375 1962 2469 2017 τὸν
2515 1965 2672 2035 λόγον
2716 1971 2862 2022 ποιεῖ
2900 1971 2931 2023 6
2975 1971 3086 2026 τῶν
3134 1975 3348 2046 νεκρῶν
3393 1978 3640 2033 ἀπιστῶν
3681 1980 3784 2052 τὴν
3833 1982 3970 2036 ἀνά-

2378 2073 2566 2111 στασιν
2587 2076 2601 2124 ;

2448 2241 2523 2298 ς’-
2584 2234 2672 2297 Εἰ,
2725 2239 3018 2310 γινομένης
3048 2240 3149 2312 τῆς
3193 2243 3550 2310 ἀνακτίσεως,
3601 2245 3661 2312 ἐξ
3713 2248 3967 2322 ἀνάγκης

2375 2326 2676 2398 ἀναιρεῖται
2705 2329 2856 2381 πᾶσα
2890 2333 2924 2400 ἡ
2968 2333 3100 2403 περὶ
3130 2333 3225 2386 τοῦ
3258 2335 3592 2409 δημιουργοῦ
3617 2338 3712 2392 τοῦ
3752 2342 3966 2412 κόσμου

2375 2418 2520 2472 κατά
2549 2418 2657 2473 τῶν
2689 2419 2867 2490 ἔργων
2909 2424 3022 2495 ('57)
3056 2426 3222 2479 αὐτοῦ
3257 2429 3315 2482 ὲν
3351 2428 3659 2501 ἀνθρώποις
3703 2433 3965 2503 διχόνοια.

2376 2511 2497 2574 πῶς
2520 2511 2627 2564 ὀὐκ
2659 2512 2811 2566 ἔσται
2841 2515 2936 2568 τοῦ
2972 2517 3181 2588 κόσμου
3215 2520 3250 2590 ἡ
3287 2519 3574 2587 ἀνάκτισις
3596 2523 3831 2580 καλλίων
3857 2528 3970 2598 τῆς

2374 2601 2472 2656 τοῦ
2521 2602 2727 2673 κόσμου
2763 2605 3030 2672 κτίσεως;
3064 2608 3164 2661 Διά
3205 2609 3314 2681 γὰρ
3356 2611 3458 2683 τὴν
3490 2613 3775 2668 ἀνάκτισιν
3822 2618 3970 2689 καλὴ

2377 2694 2537 2766 καὶὴ
2581 2694 2758 2757 κτίσις
2784 2713 2797 2725 ν
2835 2697 3054 2769 ἐκείνης
3085 2699 3144 2753 δὲ
3194 2701 3600 2774 ἀπιστουμένης
3648 2705 3727 2769 ὡς
3770 2707 3971 2761 ἀδυνά-

2375 2802 2470 2837 του
2491 2823 2507 2849 ,
2557 2787 2675 2850 πῶς
2721 2787 2785 2839 οὐ
2835 2788 3096 2855 κάκιστος
3317 2791 3468 2847 ἔσται
3518 2798 3552 2866 ἡ
3603 2795 3699 2850 τοῦ
3756 2799 3970 2870 κόσμου

2377 2878 2555 2941 κτίσις
2581 2894 2596 2942 ;

2453 2969 2518 3033 ζ’.
2549 2970 2713 3024 Ἄλλο
2735 2971 2798 3024 rb
2831 2971 3007 3044 πάντη
3031 2973 3316 3039 ἀδύνατον,
3340 2977 3438 3031 καὶ
3465 2979 3593 3033 ἄλλο
3626 2979 3689 3033 rb
3707 2981 3816 3035 τινὶ
3835 2982 3970 3037 ἀδύ-

2377 3077 2554 3112 νατον.
2589 3062 2772 3134 Πάντη
2808 3063 2908 3133 μὲν
2931 3064 3191 3118 ἀδύνατόν
3213 3068 3360 3120 ἐστιν
3384 3066 3462 3130 ὡς
3492 3072 3558 3141 τῇ
3593 3071 3872 3142 διαμέτρῳ
3902 3073 3971 3128 rb

690 3168 851 3222 sibile
879 3177 964 3222 est
985 3167 1313 3222 diametrum
1345 3169 1596 3238 ejusdem
1623 3185 1750 3225 cum
1768 3173 1940 3225 latere
1971 3187 2094 3227 esse
2118 3186 2272 3226 men-

2381 3153 2695 3226 σύμμετρον
2727 3151 2868 3209 εἶναι
2901 3160 2968 3228 τῇ
3013 3157 3255 3230 πλευρᾷο
3289 3163 3401 3214 τινὶ
3436 3163 3495 3217 δὲ
3528 3163 3788 3218 ἀδύνατόν
3814 3166 3972 3220 ἐστιν

691 3277 856 3318 surae.
897 3262 1074 3317 Alicui
1121 3264 1463 3334 impossibile
1504 3274 1620 3330 est,
1658 3275 1718 3320 ut
1771 3273 2012 3331 naturae,
2061 3268 2270 3338 absque

690 3359 813 3407 satu
855 3354 1059 3409 anitnal
1107 3370 1420 3425 procreare.
1470 3357 1587 3412 Utri
1634 3359 1802 3430 igitur
1846 3359 2270 3430 impossibilium

689 3445 920 3500 istorum
961 3449 1420 3503 resurrectionem
1469 3450 1792 3519 subjiciunt,
1843 3451 1938 3522 qui
1983 3466 2105 3505 eam
2158 3466 2268 3505 non

685 3537 951 3592 credunt?
985 3538 1044 3592 Si
1095 3540 1288 3610 priori,
1321 3540 1459 3596 falsa
1513 3544 1671 3606 ratio,
1710 3559 1820 3598 non
1851 3546 1997 3598 enim
2047 3544 2271 3600 restitu-

688 3629 858 3683 tionis
883 3633 1108 3685 nomine
1138 3641 1410 3702 repugnat
1438 3633 1692 3689 diametri
1727 3651 1852 3688 cum
1884 3636 2054 3691 latere
2085 3653 2271 3706 aequa-

689 3723 850 3787 litas;
889 3730 1242 3793 resurgentes
1285 3733 1467 3779 autem
1502 3742 1599 3795 per
1644 3727 2050 3783 restitutionem
2083 3745 2270 3784 resur-

687 3821 841 3882 gunt.
886 3810 982 3866 Sin
1006 3815 1336 3879 posteriori:
1359 3824 1415 3867 at
1452 3815 1563 3869 Deo
1590 3817 1772 3870 omnia
1801 3817 2088 3888 possibilia
2119 3826 2268 3882 sunt,

682 3918 809 3973 qua:
849 3904 1015 3958 alicui
1051 3904 1419 3974 impossibilia
1453 3917 1603 3961 sunt.

759 3995 814 4050 8.
860 3993 919 4049 Si
974 3997 1031 4050 in
1073 3999 1330 4065 praesenti
1380 4000 1492 4052 vita
1543 4000 1665 4067 pius
1708 4001 1777 4054 ab
1815 3999 1982 4068 impio
2030 3999 2145 4054 sola
2175 4014 2271 4067 spe

684 4084 870 4139 differt
900 4104 912 4138 :
950 4090 1244 4154 quomodo,
1280 4087 1375 4154 qui
1419 4087 1729 4141 futurorum
1779 4103 1933 4157 spem
1961 4087 2125 4150 tollit,
2158 4101 2269 4142 non

683 4175 854 4228 etiam
883 4177 959 4244 pii
981 4185 1036 4230 et
1066 4175 1217 4246 impii
1255 4178 1397 4230 tollit
1430 4177 1836 4233 diﬁerentiam?

756 4349 810 4405 9.
845 4348 902 4403 Si
951 4351 1158 4422 absque
1219 4352 1453 4422 singulis
1491 4369 1602 4409 non
1657 4364 1840 4425 potest
1882 4372 2008 4412 esse
2055 4358 2272 4411 univer-

683 4441 825 4496 sitas
855 4461 867 4496 :
901 4443 1195 4512 quomodo,
1224 4445 1269 4498 si
1294 4445 1508 4514 singula
1539 4446 1648 4501 sint
1678 4456 1884 4513 creata,
1917 4465 2028 4505 non
2053 4465 2270 4520 quoque

2371 3249 2450 3310 ὼς
2478 3250 2544 3318 τῇ
2579 3249 2740 3317 φύσει
2771 3249 2834 3302 rb
2879 3252 3047 3322 χωρὶς
3086 3254 3408 3324 σπέρματος
3443 3258 3618 3310 ποιεῖν
3659 3256 3819 3320 ζῶον.
3843 3259 3967 3313 Τίνι

2369 3340 2578 3395 τούτων
2610 3341 2720 3395 τῶν
2761 3342 3040 3397 ἀδυνάτων
3065 3344 3430 3400 ὑποϐάλλουσι
3459 3349 3562 3419 τὴν
3587 3351 3883 3404 ἀνάστασιν
3911 3353 3971 3406 οἱ

2371 3433 2575 3505 ταύτην
2607 3435 2998 3512 ἀπιστοῦντεςς
3047 3437 3187 3489 Ἀλλ’
3207 3439 3258 3490 εἰ
3286 3439 3390 3510 μὲν
3409 3440 3489 3511 τῷ
3514 3438 3737 3512 πρώτῳ,
3761 3441 3970 3514 ψευδής

2372 3527 2519 3578 ἐστιν
2538 3529 2567 3580 6
2587 3523 2756 3594 λόγος·
2777 3530 2839 3580 οὐ
2869 3529 2978 3600 γὰρ
2997 3530 3141 3582 κατά
3163 3530 3448 3584 ἀνάκτισιν
3475 3532 3830 3605 ἀσύμμετρος
3849 3535 3965 3606 (39)

2372 3617 2582 3686 γίνεται
2613 3621 2647 3691 ἡ
2680 3621 2973 3691 διάμετρος
3016 3624 3085 3693 τῇ
3145 3612 3384 3694 πλευρᾷ·
3417 3627 3466 3676 oi
3509 3625 3568 3681 δὲ
3610 3627 3964 3696 ἀνιστάμενοι

2373 3711 2515 3764 κατὰ
2567 3713 2851 3765 ἀνάκτισιν
2893 3713 3231 3768 ἀνίστανται.
3263 3717 3328 3768 Ei.
3357 3715 3416 3768 δὲ
3448 3715 3528 3786 τῷ
3561 3717 3688 3782 τινὶ,
3716 3718 3856 3771 ἀλλά
3882 3720 3966 3791 τῷ

2371 3801 2493 3872 Θεῷ
2524 3803 2702 3856 πάντα
2730 3803 2932 3858 δυνατά
2961 3803 3033 3857 τὰ
3063 3807 3175 3858 τινὶ
3205 3805 3463 3860 ἀδύνατα,

2443 3987 2511 4052 η’.
2540 3982 2604 4034 Εἰ
2635 3982 2728 4034 ἐπὶ
2752 3980 2847 4034 τοῦ
2878 3983 3142 4052 παρόντος
3168 3983 3282 4052 βίου
3303 3987 3332 4038 6
3354 3985 3588 4057 εὐσεϐὴς
3611 3986 3705 4038 τοῦ
3725 3987 3962 4054 ἀσεϐοῦς

2371 4072 2546 4125 ἑλπίδι
2581 4075 2719 4146 μόνῃ
2746 4075 3015 4145 διαφέρει,
3040 4075 3156 4138 πῶς
3179 4077 3208 4127 6
3245 4078 3485 4148 ἀναιρῶν
3509 4079 3619 4131 τῶν
3654 4081 3956 4149 μελλόντων

2369 4167 2469 4237 τὴν
2493 4167 2688 4220 ἐλπίδα
2711 4169 2814 4220 οὐκ
2840 4169 3059 4240 ἀναιρεῖ
3087 4170 3350 4235 εὐσεϐοῦς
3379 4187 3440 4224 τε
3481 4175 3575 4226 καὶ
3600 4174 3832 4239 ἀσεϐοῦς
3856 4176 3958 4247 τὴν

2371 4258 2633 4331 διαφοράν
2652 4279 2668 4326 ς

2444 4354 2509 4406 θ’.
2542 4355 2605 4406 Εἰ
2637 4357 2803 4426 χωρὶς
2831 4356 2928 4409 τοῦ
2953 4355 3293 4410 καθέκαστον
3322 4356 3581 4411 ἀδύνατόν
3608 4361 3756 4411 ἐστιν
3778 4360 3956 4432 ὑπάρ-

2373 4465 2488 4517 χειν
2523 4450 2584 4502 τὸ
2614 4449 2865 4513 καθόλου,
2897 4449 3036 4514 πῶς,
3071 4451 3121 4502 εί
3163 4451 3380 4503 κτιστὸν
3410 4452 3474 4505 rb
3506 4451 3863 4517 καθέκαστον,
3889 4456 3952 4508 οὐ

684 4542 870 4588 creata
901 4535 1005 4588 erit
1037 4537 1412 4592 universitas?
1439 4537 1508 4590 At
1537 4538 1643 4592 hoc
1675 4539 1723 4593 si
1756 4540 1832 4594 ita
1861 4548 1966 4605 est,
1994 4543 2270 4611 quomodo

2376 4540 2592 4592 κτιστὸν
2630 4539 2782 4594 ἔσται
2817 4541 2914 4595 καὶ
2949 4542 3011 4594 rb
3042 4541 3298 4607 γαθόλου;
3343 4541 3482 4595 Ἀλλ’
3514 4544 3563 4596 εί
3615 4544 3791 4608 τοῦτο,
3835 4544 3953 4608 πῶς

687 4624 886 4681 falsum
920 4641 1030 4680 non
1058 4636 1164 4690 est,
1210 4628 1509 4694 hominem,
1538 4638 1594 4685 et
1621 4641 1805 4699 partes
1838 4641 2104 4687 creaturae
2136 4635 2268 4688 reli-

685 4733 828 4786 quas
868 4717 978 4772 Deo
1004 4734 1126 4775 esse
1156 4728 1490 4786 coaeternas,
1533 4722 1704 4775 veluti
1744 4723 1790 4775 si
1825 4731 2044 4780 creatus
2085 4723 2265 4789 Plato,

685 4807 967 4875 quomodo
999 4823 1108 4862 non
1137 4817 1355 4864 creatus
1382 4810 1546 4864 homo
1569 4812 1592 4863 ‘t

761 4898 849 4951 10.
897 4897 1182 4962 Quomodo
1226 4901 1424 4967 Graeci,
1467 4901 1596 4956 dum
1644 4914 1957 4973 supponunt
2002 4917 2264 4963 aeternum

685 5005 811 5044 esse
833 4988 1120 5052 mundum,
1144 5007 1205 5045 ea
1231 5001 1566 5057 statuerunt,
1595 5010 1718 5063 qua
1743 5000 2053 5053 necessario
2077 5017 2144 5055 ex
2164 5002 2267 5055 hac

689 5097 748 5134 re
778 5084 1064 5152 supposita
1097 5087 1440 5153 sequuntur?
1465 5086 1569 5142 Sed
1601 5090 1667 5152 si,
1706 5101 1763 5144 ut
1784 5092 1993 5156 volunt,
2025 5102 2265 5150 aeternus

757 5235 877 5320 (54)Δ
916 5239 1246 5320 ᾉσαςρείας.
1282 5241 1607 5320 Sylb_urg_iu_s
1636 5254 1692 5300 et
1736 5246 1953 5318 Langus
1983 5252 2152 5320 probe
2181 5255 2265 5306 vi-

684 5305 885 5359 derunt
919 5305 1213 5377 legendum,
1245 5305 1367 5367 esse
1401 5305 1672 5378 ἀστνϐείας.

758 5377 868 5448 (35)
897 5380 1009 5460 fiat
1039 5381 1361 5460 παρέστης.
1393 5377 1681 5460 Existimat
1734 5386 2058 5460 Sylburgiius
2081 5392 2263 5460 legen-

685 5446 1243 5523 du'mrra'pecrzutin
1271 5446 1438 5523 Resp.
1467 5458 1533 5509 ad
1563 5446 2053 5522 Quaestflellis
2079 5446 2260 5517 auutem

687 5466 815 5499 num
849 5466 1081 5570 πάρεστι
1108 5466 1164 5504 ut
1187 5469 1243 5505 in
1272 5466 1438 5523 uesp.
1467 5466 1533 5509 ad
1563 5466 1767 5522 Quaest.
1799 5466 1919 5512 tu.
1957 5466 2053 5514 His
2079 5472 2260 5517 autem

687 5518 884 5599 y‘erbis.
971 5522 1443 5599 seudojlustinum
1497 5529 1769 5596 respicere
1811 5538 1964 5596 putat
2010 5532 2076 5584 ad
2128 5534 2260 5588 illud

687 5585 886 5666 Psaltnni
911 5605 1044 5666 crux
1079 5592 1319 5666 5A0mnia
1348 5585 1666 5666 qugcunq'ue
1697 5585 1858 5652 voluit
1885 5600 2028 5666 fecit.

761 5658 870 5739 (__36)
907 5659 1028 5739 τῶν
1058 5658 1385 5739 ἀδοχήςωτὲ.
1420 5658 1622 5739 Versus
1650 5658 1949 5739 Euripidis.
1985 5680 2044 5723 ut
2077 5685 2262 5730 monet

691 5725 1041 5805 Sylburgius,
1069 5749 1150 5805 ex-
1178 5725 1390 5805 epilogo
1419 5736 1710 5795 Alcestidis
1740 5725 1802 5793 et.
1828 5725 2041 5795 Medeae.

762 5799 872 5868 (57)
898 5803 1056 5858 Κατὰ
1082 5799 1424 5877 τῶιίέιηαῶν.
1463 5805 1696 5878 Langus'
1719 5819 1773 5864 et
1804 5810 2128 5883 Sylburgius
2164 5815 2256 5866 καὶ

2370 4633 2471 4685 οὐκ
2498 4633 2612 4686 ἔστι
2642 4634 2832 4703 ψευδὲς
2854 4635 2916 4688 rb
2951 4633 3220 4688 συναϊδιον
3250 4632 3391 4688 εἶναι
3421 4636 3512 4688 τὸν
3539 4635 3827 4706 ἄνθρωπον
3860 4638 3950 4688 καὶ

2369 4723 2439 4776 τά
2485 4724 2646 4778 λοιπά
2693 4727 2838 4799 μέρη
2879 4728 2979 4797 τῆς
3010 4729 3240 4791 κτίσεως
3267 4728 3346 4799 τῷ
3377 4727 3529 4797 Θεῷ;
3565 4722 3698 4790 οἷον,
3740 4730 3789 4780 εί
3830 4743 3950 4780 κτι-

2371 4816 2494 4878 στὺς
2522 4818 2550 4868 6
2581 4816 2825 4880 Πλάτων,
2859 4817 2978 4881 πῶς
3005 4818 3068 4871 οὐ
3103 4819 3321 4881 κτιστὺς
3346 4820 3374 4871 6
3398 4818 3716 4888 ἀνθρωποςς

2439 4915 2487 4959 ι’.
2519 4909 2645 4973 Πῶς
2671 4911 2720 4962 οἱ
2751 4909 3031 4980 Ἕλληνες,
3064 4910 3387 4980 ὑποθέμενοι
3414 4911 3476 4962 rb
3499 4910 3668 4962 ἀΐδιον
3698 4905 3835 4961 εἶναι
3861 4909 3948 4960 τὸν

2368 5001 2592 5071 κόσμον,
2622 5003 2691 5056 τά
2722 5006 2788 5074 τῇ
2811 5004 3066 5056 ὑποθέσει
3093 5002 3152 5069 ἐξ
3175 5004 3420 5074 ἀνάγκης
3446 5003 3685 5072 ἑπόμενα
3717 5001 3946 5072 ἐδογμά-

2365 5111 2552 5162 τισαν;
2604 5094 2741 5147 Ἀλλ’
2771 5097 2820 5148 εί
2861 5096 2959 5166 μὲν
2986 5092 3055 5166 ἦν
3083 5095 3204 5149 κατ’
3231 5096 3428 5159 αὐτοὺς
3467 5097 3636 5152 ἀΐδιος
3663 5097 3694 5148 6
3722 5098 3943 5167 κόσμος,

2366 5256 2472 5308 τῶν
2505 5257 2698 5309 ἔργων.

2439 5274 2922 5398 ῒῦἕξγιὲἒκιστος.
2992 5326 3159 5381 Miror
3209 5327 3352 5382 hanc
3402 5343 3588 5382 vocem
3653 5325 3942 5398 displicere

2368 5394 2680 5468 Sylburgio,
2705 5399 2800 5468 qui
2835 5398 3024 5452 mallet
3057 5397 3312 5460 ἀκτιστος
3361 5398 3446 5468 vel
3499 5398 3744 5459 ἄπιστος.
3799 5394 3941 5468 Infra

2367 5467 2508 5523 idem
2542 5467 2722 5531 docet,
2759 5484 2954 5536 nempe
2987 5470 3033 5524 si
3069 5469 3218 5522 nulla
3255 5470 3327 5527 sit
3371 5467 3553 5522 futura
3587 5467 3939 5528 resurrectio,

2365 5539 2538 5592 multo
2596 5538 2840 5592 futurum
2877 5539 3049 5593 fuisse
3080 5540 3395 5593 nneclarius
3430 5554 3530 5593 nos
3575 5539 3802 5592 omnino
3837 5550 3940 5589 non

2363 5624 2506 5662 esse.
2536 5641 2607 5650 -—
2630 5609 2774 5679 Lege
2797 5609 3053 5678 κακίστη.
3089 5608 3248 5662 Emr.
3274 5608 3345 5662 Pa
3358 5624 3520 5663 τκοι.

2434 5679 2543 5749 (-59)
2583 5675 2994 5748 Ἀσύᾆιμετρος.
3021 5675 3252 5750 ἰσηευδ
3298 5681 3427 5751 legit
3466 5679 3797 5750 σύμμετρος.
3836 5675 3937 5731 Sed

2364 5764 2591 5818 prorsus
2628 5751 2920 5804 immerito.
