  <div class='ocr_page' id='page_1' title='image "/cluster/home/n/w/nwhite01/storage/ocr_20150623/6/pst.000005711826/758.png"; bbox 0 0 4146 6444; ppageno 0'>
   <div class='ocr_carea' id='block_1_1' title="bbox 189 427 3449 501">
    <p class='ocr_par' dir='ltr' id='par_1_1' title="bbox 189 427 3449 501">
     <span class='ocr_line' id='line_1_1' title="bbox 189 427 3449 501; baseline -0.007 -2"><span class='ocrx_word' id='word_1_1' title='bbox 189 443 329 501; x_wconf 74' lang='lat' dir='ltr'><strong>M85</strong></span> <span class='ocrx_word' id='word_1_2' title='bbox 1103 431 1566 498; x_wconf 70' lang='lat' dir='ltr'><strong>OUAESTIONES</strong></span> <span class='ocrx_word' id='word_1_3' title='bbox 1605 432 1890 490; x_wconf 69' lang='lat' dir='ltr'><strong>GR/ECE</strong></span> <span class='ocrx_word' id='word_1_4' title='bbox 1931 431 2021 487; x_wconf 81' lang='lat' dir='ltr'><strong>AD</strong></span> <span class='ocrx_word' id='word_1_5' title='bbox 2059 427 2540 488; x_wconf 76' lang='lat' dir='ltr'><strong>CHRISTIANOS.</strong></span> <span class='ocrx_word' id='word_1_6' title='bbox 3309 431 3449 489; x_wconf 56' lang='lat' dir='ltr'><strong>“ac</strong></span> 
     </span>
    </p>
   </div>
   <div class='ocr_carea' id='block_1_2' title="bbox 184 547 1771 632">
    <p class='ocr_par' dir='ltr' id='par_1_2' title="bbox 184 547 1767 632">
     <span class='ocr_line' id='line_1_2' title="bbox 184 547 1767 632; baseline -0.008 -14"><span class='ocrx_word' id='word_1_7' title='bbox 184 561 325 618; x_wconf 72' lang='grc' dir='ltr'><strong>εἶναι</strong></span> <span class='ocrx_word' id='word_1_8' title='bbox 350 563 521 619; x_wconf 81' lang='grc' dir='ltr'><strong>αἴτιον</strong></span> <span class='ocrx_word' id='word_1_9' title='bbox 550 559 709 626; x_wconf 66' lang='grc' dir='ltr'><strong>εῖναι,</strong></span> <span class='ocrx_word' id='word_1_10' title='bbox 751 562 815 616; x_wconf 77' lang='grc' dir='ltr'><strong>οὐ</strong></span> <span class='ocrx_word' id='word_1_11' title='bbox 859 559 936 632; x_wconf 79' lang='grc' dir='ltr'><strong>τῷ</strong></span> <span class='ocrx_word' id='word_1_12' title='bbox 973 547 1289 631; x_wconf 77' lang='grc' dir='ltr'><strong>βούλεσθαι,</strong></span> <span class='ocrx_word' id='word_1_13' title='bbox 1335 557 1470 612; x_wconf 83' lang='grc' dir='ltr'><strong>ἀλλὰ</strong></span> <span class='ocrx_word' id='word_1_14' title='bbox 1514 556 1606 626; x_wconf 84' lang='grc' dir='ltr'><strong>τῷ·</strong></span> <span class='ocrx_word' id='word_1_15' title='bbox 1629 551 1767 608; x_wconf 85' lang='grc' dir='ltr'><strong>είναι</strong></span> 
     </span>
    </p>
   </div>
   <div class='ocr_carea' id='block_1_3' title="bbox 1876 547 3455 632">
    <p class='ocr_par' dir='ltr' id='par_1_3' title="bbox 1876 552 3455 632">
     <span class='ocr_line' id='line_1_3' title="bbox 1876 552 3455 632; baseline 0.001 -25"><span class='ocrx_word' id='word_1_16' title='bbox 1876 553 2054 619; x_wconf 84' lang='lat' dir='ltr'><strong>lende,</strong></span> <span class='ocrx_word' id='word_1_17' title='bbox 2085 559 2178 614; x_wconf 90' lang='lat' dir='ltr'><strong>sed</strong></span> <span class='ocrx_word' id='word_1_18' title='bbox 2213 559 2340 632; x_wconf 84' lang='lat' dir='ltr'><strong>quia</strong></span> <span class='ocrx_word' id='word_1_19' title='bbox 2371 559 2490 628; x_wconf 83' lang='lat' dir='ltr'><strong>ipse</strong></span> <span class='ocrx_word' id='word_1_20' title='bbox 2519 564 2624 620; x_wconf 79' lang='grc' dir='ltr'><strong>εει,</strong></span> <span class='ocrx_word' id='word_1_21' title='bbox 2661 555 2717 610; x_wconf 81' lang='lat' dir='ltr'><strong>in</strong></span> <span class='ocrx_word' id='word_1_22' title='bbox 2752 567 2920 608; x_wconf 84' lang='lat' dir='ltr'><strong>causa</strong></span> <span class='ocrx_word' id='word_1_23' title='bbox 2954 552 3025 608; x_wconf 88' lang='lat' dir='ltr'><strong>sit</strong></span> <span class='ocrx_word' id='word_1_24' title='bbox 3053 567 3153 608; x_wconf 90' lang='lat' dir='ltr'><strong>cur</strong></span> <span class='ocrx_word' id='word_1_25' title='bbox 3183 552 3361 609; x_wconf 83' lang='lat' dir='ltr'><strong>simus</strong></span> <span class='ocrx_word' id='word_1_26' title='bbox 3399 559 3455 608; x_wconf 76' lang='lat' dir='ltr'><strong>et</strong></span> 
     </span>
    </p>
   </div>
   <div class='ocr_carea' id='block_1_4' title="bbox 183 653 392 720">
    <p class='ocr_par' dir='ltr' id='par_1_4' title="bbox 183 653 392 720">
     <span class='ocr_line' id='line_1_4' title="bbox 183 653 392 720; baseline -0.005 -12"><span class='ocrx_word' id='word_1_27' title='bbox 183 653 349 712; x_wconf 73' lang='grc' dir='ltr'><strong>αὐτᾶν</strong></span> <span class='ocrx_word' id='word_1_28' title='bbox 375 673 392 720; x_wconf 86' lang='lat'><strong>;</strong></span> 
     </span>
    </p>
   </div>
   <div class='ocr_carea' id='block_1_5' title="bbox 117 741 1766 822">
    <p class='ocr_par' dir='ltr' id='par_1_5' title="bbox 117 741 1766 822">
     <span class='ocr_line' id='line_1_5' title="bbox 117 741 1766 822; baseline -0.007 -19"><span class='ocrx_word' id='word_1_29' title='bbox 117 815 122 822; x_wconf 89' lang='lat'>_</span> <span class='ocrx_word' id='word_1_30' title='bbox 215 775 231 780; x_wconf 51' lang='grc' dir='ltr'><strong>ε</strong></span> <span class='ocrx_word' id='word_1_31' title='bbox 257 748 355 802; x_wconf 81' lang='grc' dir='ltr'><strong>κδ’.</strong></span> <span class='ocrx_word' id='word_1_32' title='bbox 395 750 474 804; x_wconf 59' lang='lat' dir='ltr'><strong>«El</strong></span> <span class='ocrx_word' id='word_1_33' title='bbox 501 748 570 802; x_wconf 84' lang='grc' dir='ltr'><strong>τά</strong></span> <span class='ocrx_word' id='word_1_34' title='bbox 616 749 681 801; x_wconf 73' lang='grc' dir='ltr'><strong>ὲκ</strong></span> <span class='ocrx_word' id='word_1_35' title='bbox 723 750 832 801; x_wconf 84' lang='grc' dir='ltr'><strong>τῶν</strong></span> <span class='ocrx_word' id='word_1_36' title='bbox 880 747 1159 818; x_wconf 77' lang='grc' dir='ltr'><strong>στοιχείων</strong></span> <span class='ocrx_word' id='word_1_37' title='bbox 1211 745 1379 800; x_wconf 87' lang='grc' dir='ltr'><strong>πάλιν</strong></span> <span class='ocrx_word' id='word_1_38' title='bbox 1405 745 1678 815; x_wconf 84' lang='grc' dir='ltr'><strong>στοιχεῖα,</strong></span> <span class='ocrx_word' id='word_1_39' title='bbox 1712 741 1766 792; x_wconf 89' lang='grc' dir='ltr'><strong>τί</strong></span> 
     </span>
    </p>
   </div>
   <div class='ocr_carea' id='block_1_6' title="bbox 135 833 1767 913">
    <p class='ocr_par' dir='ltr' id='par_1_6' title="bbox 135 833 1767 913">
     <span class='ocr_line' id='line_1_6' title="bbox 135 833 1767 913; baseline -0.007 -16"><span class='ocrx_word' id='word_1_40' title='bbox 135 859 138 864; x_wconf 92' lang='grc'><strong>·</strong></span> <span class='ocrx_word' id='word_1_41' title='bbox 185 840 444 913; x_wconf 66' lang='grc' dir='ltr'><strong>ἃτοκωῆ</strong></span> <span class='ocrx_word' id='word_1_42' title='bbox 461 841 720 896; x_wconf 80' lang='grc' dir='ltr'><strong>ἀδύνατον</strong></span> <span class='ocrx_word' id='word_1_43' title='bbox 753 841 1001 911; x_wconf 77' lang='grc' dir='ltr'><strong>φαίνεται</strong></span> <span class='ocrx_word' id='word_1_44' title='bbox 1030 839 1092 894; x_wconf 79' lang='grc' dir='ltr'><strong>τὸ</strong></span> <span class='ocrx_word' id='word_1_45' title='bbox 1118 839 1282 895; x_wconf 84' lang='grc' dir='ltr'><strong>πάλιν</strong></span> <span class='ocrx_word' id='word_1_46' title='bbox 1309 834 1448 892; x_wconf 73' lang='grc' dir='ltr'><strong>εῖναι</strong></span> <span class='ocrx_word' id='word_1_47' title='bbox 1479 837 1548 890; x_wconf 84' lang='grc' dir='ltr'><strong>τὰ</strong></span> <span class='ocrx_word' id='word_1_48' title='bbox 1568 837 1634 888; x_wconf 77' lang='grc' dir='ltr'><strong>ὲκ</strong></span> <span class='ocrx_word' id='word_1_49' title='bbox 1657 833 1767 888; x_wconf 85' lang='grc' dir='ltr'><strong>τῶν</strong></span> 
     </span>
    </p>
   </div>
   <div class='ocr_carea' id='block_1_7' title="bbox 188 934 496 1008">
    <p class='ocr_par' dir='ltr' id='par_1_7' title="bbox 188 934 496 1008">
     <span class='ocr_line' id='line_1_7' title="bbox 188 934 496 1008; baseline -0.003 -20"><span class='ocrx_word' id='word_1_50' title='bbox 188 934 466 1008; x_wconf 78' lang='grc' dir='ltr'><strong>στοιχείων</strong></span> <span class='ocrx_word' id='word_1_51' title='bbox 481 950 496 999; x_wconf 87' lang='grc'>;</span> 
     </span>
    </p>
   </div>
   <div class='ocr_carea' id='block_1_8' title="bbox 267 1021 1768 1098">
    <p class='ocr_par' dir='ltr' id='par_1_8' title="bbox 267 1021 1768 1098">
     <span class='ocr_line' id='line_1_8' title="bbox 267 1021 1768 1098; baseline -0.005 -16"><span class='ocrx_word' id='word_1_52' title='bbox 267 1035 364 1082; x_wconf 82' lang='grc' dir='ltr'><strong>κε’.</strong></span> <span class='ocrx_word' id='word_1_53' title='bbox 395 1027 458 1081; x_wconf 81' lang='lat' dir='ltr'><strong>El</strong></span> <span class='ocrx_word' id='word_1_54' title='bbox 491 1027 591 1081; x_wconf 83' lang='grc' dir='ltr'><strong>οὐκ</strong></span> <span class='ocrx_word' id='word_1_55' title='bbox 616 1027 761 1081; x_wconf 74' lang='grc' dir='ltr'><strong>ἐστιν</strong></span> <span class='ocrx_word' id='word_1_56' title='bbox 789 1025 896 1080; x_wconf 83' lang='grc' dir='ltr'><strong>ὑπὸ</strong></span> <span class='ocrx_word' id='word_1_57' title='bbox 935 1025 1030 1080; x_wconf 76' lang='grc' dir='ltr'><strong>τὸν</strong></span> <span class='ocrx_word' id='word_1_58' title='bbox 1053 1025 1182 1098; x_wconf 82' lang='grc' dir='ltr'><strong>ὅρον</strong></span> <span class='ocrx_word' id='word_1_59' title='bbox 1212 1026 1243 1080; x_wconf 83' lang='grc' dir='ltr'><strong>δ</strong></span> <span class='ocrx_word' id='word_1_60' title='bbox 1280 1021 1439 1089; x_wconf 73' lang='grc' dir='ltr'><strong>Θιδς,</strong></span> <span class='ocrx_word' id='word_1_61' title='bbox 1471 1021 1608 1077; x_wconf 73' lang='grc' dir='ltr'><strong>ἀλλά</strong></span> <span class='ocrx_word' id='word_1_62' title='bbox 1632 1037 1768 1075; x_wconf 78' lang='grc' dir='ltr'><strong>παν-</strong></span> 
     </span>
    </p>
   </div>
   <div class='ocr_carea' id='block_1_9' title="bbox 184 1114 1770 1194">
    <p class='ocr_par' dir='ltr' id='par_1_9' title="bbox 184 1114 1770 1194">
     <span class='ocr_line' id='line_1_9' title="bbox 184 1114 1770 1194; baseline -0.004 -20"><span class='ocrx_word' id='word_1_63' title='bbox 184 1123 281 1185; x_wconf 80' lang='grc' dir='ltr'><strong>τὸς</strong></span> <span class='ocrx_word' id='word_1_64' title='bbox 318 1121 444 1192; x_wconf 81' lang='grc' dir='ltr'><strong>ὅρου</strong></span> <span class='ocrx_word' id='word_1_65' title='bbox 478 1120 710 1194; x_wconf 83' lang='grc' dir='ltr'><strong>ὑπάρχει</strong></span> <span class='ocrx_word' id='word_1_66' title='bbox 749 1119 1045 1188; x_wconf 75' lang='grc' dir='ltr'><strong>δεσπότης,</strong></span> <span class='ocrx_word' id='word_1_67' title='bbox 1081 1117 1198 1181; x_wconf 82' lang='grc' dir='ltr'><strong>πῶς</strong></span> <span class='ocrx_word' id='word_1_68' title='bbox 1222 1115 1318 1171; x_wconf 78' lang='grc' dir='ltr'><strong>τοῦ</strong></span> <span class='ocrx_word' id='word_1_69' title='bbox 1361 1117 1464 1188; x_wconf 75' lang='grc' dir='ltr'><strong>μὲν</strong></span> <span class='ocrx_word' id='word_1_70' title='bbox 1514 1114 1770 1185; x_wconf 72' lang='grc' dir='ltr'><strong>γενέσθαι</strong></span> 
     </span>
    </p>
   </div>
   <div class='ocr_carea' id='block_1_10' title="bbox 189 1205 1766 1284">
    <p class='ocr_par' dir='ltr' id='par_1_10' title="bbox 189 1205 1766 1284">
     <span class='ocr_line' id='line_1_10' title="bbox 189 1205 1766 1284; baseline -0.004 -18"><span class='ocrx_word' id='word_1_71' title='bbox 189 1211 286 1266; x_wconf 84' lang='grc' dir='ltr'><strong>καὶ</strong></span> <span class='ocrx_word' id='word_1_72' title='bbox 329 1209 642 1284; x_wconf 72' lang='grc' dir='ltr'><strong>φθείρεσθαι</strong></span> <span class='ocrx_word' id='word_1_73' title='bbox 668 1212 795 1274; x_wconf 82' lang='grc' dir='ltr'><strong>τοὺς</strong></span> <span class='ocrx_word' id='word_1_74' title='bbox 833 1209 1158 1282; x_wconf 76' lang='grc' dir='ltr'><strong>ἀνθρώπους</strong></span> <span class='ocrx_word' id='word_1_75' title='bbox 1184 1209 1438 1274; x_wconf 77' lang='grc' dir='ltr'><strong>δεσπόζει</strong></span> <span class='ocrx_word' id='word_1_76' title='bbox 1462 1208 1618 1273; x_wconf 79' lang='grc' dir='ltr'><strong>Θεδς,</strong></span> <span class='ocrx_word' id='word_1_77' title='bbox 1669 1205 1766 1260; x_wconf 78' lang='grc' dir='ltr'><strong>τοῦ</strong></span> 
     </span>
    </p>
   </div>
   <div class='ocr_carea' id='block_1_11' title="bbox 185 1297 1764 1375">
    <p class='ocr_par' dir='ltr' id='par_1_11' title="bbox 185 1297 1764 1375">
     <span class='ocr_line' id='line_1_11' title="bbox 185 1297 1764 1375; baseline -0.006 -17"><span class='ocrx_word' id='word_1_78' title='bbox 185 1304 247 1358; x_wconf 73' lang='grc' dir='ltr'><strong>δὲ</strong></span> <span class='ocrx_word' id='word_1_79' title='bbox 278 1303 523 1374; x_wconf 75' lang='grc' dir='ltr'><strong>γίνεσθαι</strong></span> <span class='ocrx_word' id='word_1_80' title='bbox 553 1303 648 1356; x_wconf 75' lang='grc' dir='ltr'><strong>καὶ</strong></span> <span class='ocrx_word' id='word_1_81' title='bbox 706 1302 780 1375; x_wconf 77' lang='grc' dir='ltr'><strong>μὴ</strong></span> <span class='ocrx_word' id='word_1_82' title='bbox 834 1300 1152 1373; x_wconf 74' lang='grc' dir='ltr'><strong>φθείρεσθαι</strong></span> <span class='ocrx_word' id='word_1_83' title='bbox 1203 1302 1349 1374; x_wconf 72' lang='grc' dir='ltr'><strong>ἡμᾶς</strong></span> <span class='ocrx_word' id='word_1_84' title='bbox 1383 1301 1445 1357; x_wconf 78' lang='grc' dir='ltr'><strong>οὐ</strong></span> <span class='ocrx_word' id='word_1_85' title='bbox 1474 1297 1764 1363; x_wconf 61' lang='lat' dir='ltr'><strong>deo-nocti;</strong></span> 
     </span>
    </p>
   </div>
   <div class='ocr_carea' id='block_1_12' title="bbox 261 1380 1763 1464">
    <p class='ocr_par' dir='ltr' id='par_1_12' title="bbox 261 1380 1763 1464">
     <span class='ocr_line' id='line_1_12' title="bbox 261 1380 1763 1464; baseline -0.001 -18"><span class='ocrx_word' id='word_1_86' title='bbox 261 1400 375 1459; x_wconf 86' lang='grc' dir='ltr'><strong>κς¹.</strong></span> <span class='ocrx_word' id='word_1_87' title='bbox 402 1394 464 1446; x_wconf 86' lang='lat' dir='ltr'><strong>El</strong></span> <span class='ocrx_word' id='word_1_88' title='bbox 518 1391 822 1457; x_wconf 77' lang='grc' dir='ltr'><strong>ἀνακτίζων</strong></span> <span class='ocrx_word' id='word_1_89' title='bbox 867 1380 1016 1464; x_wconf 70' lang='grc' dir='ltr'><strong>ἡμᾶς</strong></span> <span class='ocrx_word' id='word_1_90' title='bbox 1055 1395 1084 1446; x_wconf 82' lang='grc' dir='ltr'><strong>ὁ</strong></span> <span class='ocrx_word' id='word_1_91' title='bbox 1123 1392 1262 1457; x_wconf 67' lang='grc' dir='ltr'><strong>Θεὸς</strong></span> <span class='ocrx_word' id='word_1_92' title='bbox 1302 1393 1382 1459; x_wconf 89' lang='grc' dir='ltr'><strong>είς</strong></span> <span class='ocrx_word' id='word_1_93' title='bbox 1432 1385 1763 1463; x_wconf 70' lang='grc' dir='ltr'><strong>ἀφθαρσίαν,</strong></span> 
     </span>
    </p>
   </div>
   <div class='ocr_carea' id='block_1_13' title="bbox 185 1483 1768 1556">
    <p class='ocr_par' dir='ltr' id='par_1_13' title="bbox 185 1483 1768 1556">
     <span class='ocr_line' id='line_1_13' title="bbox 185 1483 1768 1556; baseline 0.001 -19"><span class='ocrx_word' id='word_1_94' title='bbox 185 1484 258 1537; x_wconf 64' lang='grc' dir='ltr'><strong>ἐκ</strong></span> <span class='ocrx_word' id='word_1_95' title='bbox 285 1485 646 1555; x_wconf 73' lang='grc' dir='ltr'><strong>μεταμελείας</strong></span> <span class='ocrx_word' id='word_1_96' title='bbox 662 1484 790 1541; x_wconf 82' lang='grc' dir='ltr'><strong>καθ’</strong></span> <span class='ocrx_word' id='word_1_97' title='bbox 821 1485 966 1556; x_wconf 72' lang='grc' dir='ltr'><strong>ὑμᾶς</strong></span> <span class='ocrx_word' id='word_1_98' title='bbox 991 1483 1151 1538; x_wconf 72' lang='grc' dir='ltr'><strong>τοῦτο</strong></span> <span class='ocrx_word' id='word_1_99' title='bbox 1193 1487 1362 1548; x_wconf 69' lang='grc' dir='ltr'><strong>ποιεῖ,</strong></span> <span class='ocrx_word' id='word_1_100' title='bbox 1389 1483 1506 1547; x_wconf 82' lang='grc' dir='ltr'><strong>πῶς</strong></span> <span class='ocrx_word' id='word_1_101' title='bbox 1536 1485 1599 1537; x_wconf 88' lang='grc' dir='ltr'><strong>οὐ</strong></span> <span class='ocrx_word' id='word_1_102' title='bbox 1639 1483 1768 1555; x_wconf 80' lang='grc' dir='ltr'><strong>μᾶλ-</strong></span> 
     </span>
    </p>
   </div>
   <div class='ocr_carea' id='block_1_14' title="bbox 184 1570 1573 1646">
    <p class='ocr_par' dir='ltr' id='par_1_14' title="bbox 184 1570 1573 1646">
     <span class='ocr_line' id='line_1_14' title="bbox 184 1570 1573 1646; baseline 0.001 -22"><span class='ocrx_word' id='word_1_103' title='bbox 184 1570 279 1624; x_wconf 82' lang='grc' dir='ltr'><strong>λον</strong></span> <span class='ocrx_word' id='word_1_104' title='bbox 304 1571 370 1624; x_wconf 63' lang='grc' dir='ltr'><strong>ἐκ</strong></span> <span class='ocrx_word' id='word_1_105' title='bbox 396 1571 758 1644; x_wconf 66' lang='grc' dir='ltr'><strong>μεταμελείας</strong></span> <span class='ocrx_word' id='word_1_106' title='bbox 790 1573 1085 1646; x_wconf 83' lang='grc' dir='ltr'><strong>συνεχώρει</strong></span> <span class='ocrx_word' id='word_1_107' title='bbox 1123 1573 1233 1646; x_wconf 62' lang='lat' dir='ltr'><strong>(Mr)</strong></span> <span class='ocrx_word' id='word_1_108' title='bbox 1277 1571 1416 1628; x_wconf 75' lang='grc' dir='ltr'><strong>εἶναι</strong></span> <span class='ocrx_word' id='word_1_109' title='bbox 1444 1574 1531 1628; x_wconf 82' lang='grc' dir='ltr'><strong>ἀεί</strong></span> <span class='ocrx_word' id='word_1_110' title='bbox 1556 1590 1573 1639; x_wconf 90' lang='lat'><strong>;</strong></span> 
     </span>
    </p>
   </div>
   <div class='ocr_carea' id='block_1_15' title="bbox 259 1746 1766 1823">
    <p class='ocr_par' dir='ltr' id='par_1_15' title="bbox 259 1746 1766 1823">
     <span class='ocr_line' id='line_1_15' title="bbox 259 1746 1766 1823; baseline 0.004 -24"><span class='ocrx_word' id='word_1_111' title='bbox 259 1746 363 1811; x_wconf 73' lang='grc' dir='ltr'><strong>κζ’.</strong></span> <span class='ocrx_word' id='word_1_112' title='bbox 429 1747 492 1801; x_wconf 82' lang='lat' dir='ltr'><strong>El</strong></span> <span class='ocrx_word' id='word_1_113' title='bbox 540 1747 930 1820; x_wconf 67' lang='grc' dir='ltr'><strong>ἀμεταμέλητα</strong></span> <span class='ocrx_word' id='word_1_114' title='bbox 975 1749 1050 1803; x_wconf 88' lang='grc' dir='ltr'><strong>τά</strong></span> <span class='ocrx_word' id='word_1_115' title='bbox 1100 1751 1417 1823; x_wconf 78' lang='grc' dir='ltr'><strong>χαρίσματα</strong></span> <span class='ocrx_word' id='word_1_116' title='bbox 1462 1752 1558 1806; x_wconf 76' lang='grc' dir='ltr'><strong>τοῦ</strong></span> <span class='ocrx_word' id='word_1_117' title='bbox 1607 1753 1766 1816; x_wconf 81' lang='grc' dir='ltr'><strong>Θεοῦ,</strong></span> 
     </span>
    </p>
   </div>
   <div class='ocr_carea' id='block_1_16' title="bbox 186 1837 1769 1916">
    <p class='ocr_par' dir='ltr' id='par_1_16' title="bbox 186 1837 1769 1916">
     <span class='ocr_line' id='line_1_16' title="bbox 186 1837 1769 1916; baseline 0.004 -26"><span class='ocrx_word' id='word_1_118' title='bbox 186 1837 484 1911; x_wconf 72' lang='grc' dir='ltr'><strong>ἐχαρίσατο</strong></span> <span class='ocrx_word' id='word_1_119' title='bbox 530 1839 588 1893; x_wconf 78' lang='grc' dir='ltr'><strong>δὲ</strong></span> <span class='ocrx_word' id='word_1_120' title='bbox 630 1843 761 1912; x_wconf 78' lang='grc' dir='ltr'><strong>ἡμῖν</strong></span> <span class='ocrx_word' id='word_1_121' title='bbox 801 1842 863 1896; x_wconf 85' lang='grc' dir='ltr'><strong>τὺ</strong></span> <span class='ocrx_word' id='word_1_122' title='bbox 913 1838 1054 1897; x_wconf 78' lang='grc' dir='ltr'><strong>εῖναι</strong></span> <span class='ocrx_word' id='word_1_123' title='bbox 1085 1846 1253 1916; x_wconf 78' lang='grc' dir='ltr'><strong>ἡμᾶς,</strong></span> <span class='ocrx_word' id='word_1_124' title='bbox 1285 1846 1402 1910; x_wconf 78' lang='grc' dir='ltr'><strong>πῶς</strong></span> <span class='ocrx_word' id='word_1_125' title='bbox 1450 1848 1513 1900; x_wconf 77' lang='grc' dir='ltr'><strong>οὐ</strong></span> <span class='ocrx_word' id='word_1_126' title='bbox 1572 1847 1665 1898; x_wconf 81' lang='grc' dir='ltr'><strong>τὸν</strong></span> <span class='ocrx_word' id='word_1_127' title='bbox 1709 1844 1769 1909; x_wconf 79' lang='grc' dir='ltr'><strong>ἐξ</strong></span> 
     </span>
    </p>
   </div>
   <div class='ocr_carea' id='block_1_17' title="bbox 1869 651 2227 708">
    <p class='ocr_par' dir='ltr' id='par_1_17' title="bbox 1869 651 2227 708">
     <span class='ocr_line' id='line_1_17' title="bbox 1869 651 2227 708; baseline 0.006 -4"><span class='ocrx_word' id='word_1_128' title='bbox 1869 661 1977 704; x_wconf 87' lang='lat' dir='ltr'><strong>non</strong></span> <span class='ocrx_word' id='word_1_129' title='bbox 2011 651 2227 708; x_wconf 73' lang='lat' dir='ltr'><strong>simus?</strong></span> 
     </span>
    </p>
   </div>
   <div class='ocr_carea' id='block_1_18' title="bbox 1936 739 3450 812">
    <p class='ocr_par' dir='ltr' id='par_1_18' title="bbox 1936 739 3450 812">
     <span class='ocr_line' id='line_1_18' title="bbox 1936 739 3450 812; baseline 0.001 -17"><span class='ocrx_word' id='word_1_130' title='bbox 1936 739 2028 795; x_wconf 69' lang='grc'><strong>24.</strong></span> <span class='ocrx_word' id='word_1_131' title='bbox 2065 739 2130 795; x_wconf 84' lang='lat' dir='ltr'><strong>Si</strong></span> <span class='ocrx_word' id='word_1_132' title='bbox 2162 755 2283 812; x_wconf 70' lang='lat' dir='ltr'><strong>quae</strong></span> <span class='ocrx_word' id='word_1_133' title='bbox 2307 755 2374 797; x_wconf 76' lang='lat' dir='ltr'><strong>ex</strong></span> <span class='ocrx_word' id='word_1_134' title='bbox 2403 739 2693 796; x_wconf 86' lang='lat' dir='ltr'><strong>elementis</strong></span> <span class='ocrx_word' id='word_1_135' title='bbox 2741 744 2892 804; x_wconf 84' lang='lat' dir='ltr'><strong>sunt,</strong></span> <span class='ocrx_word' id='word_1_136' title='bbox 2939 753 3144 796; x_wconf 72' lang='lat' dir='ltr'><strong>rursus</strong></span> <span class='ocrx_word' id='word_1_137' title='bbox 3179 739 3450 796; x_wconf 76' lang='lat' dir='ltr'><strong>eianenta</strong></span> 
     </span>
    </p>
   </div>
   <div class='ocr_carea' id='block_1_19' title="bbox 1871 829 3452 902">
    <p class='ocr_par' dir='ltr' id='par_1_19' title="bbox 1871 829 3452 902">
     <span class='ocr_line' id='line_1_19' title="bbox 1871 829 3452 902; baseline 0.001 -16"><span class='ocrx_word' id='word_1_138' title='bbox 1871 832 2037 888; x_wconf 79' lang='lat' dir='ltr'><strong>ﬁunt:</strong></span> <span class='ocrx_word' id='word_1_139' title='bbox 2068 846 2199 889; x_wconf 88' lang='lat' dir='ltr'><strong>num</strong></span> <span class='ocrx_word' id='word_1_140' title='bbox 2245 833 2550 889; x_wconf 84' lang='lat' dir='ltr'><strong>absurdum</strong></span> <span class='ocrx_word' id='word_1_141' title='bbox 2597 834 2692 886; x_wconf 76' lang='lat' dir='ltr'><strong>aut</strong></span> <span class='ocrx_word' id='word_1_142' title='bbox 2740 829 3084 902; x_wconf 77' lang='lat' dir='ltr'><strong>impossibile</strong></span> <span class='ocrx_word' id='word_1_143' title='bbox 3122 829 3344 888; x_wconf 73' lang='lat' dir='ltr'><strong>videtur</strong></span> <span class='ocrx_word' id='word_1_144' title='bbox 3383 847 3452 887; x_wconf 75' lang='lat' dir='ltr'><strong>ea</strong></span> 
     </span>
    </p>
   </div>
   <div class='ocr_carea' id='block_1_20' title="bbox 1869 923 3158 998">
    <p class='ocr_par' dir='ltr' id='par_1_20' title="bbox 1869 923 3158 998">
     <span class='ocr_line' id='line_1_20' title="bbox 1869 923 3158 998; baseline -0.001 -19"><span class='ocrx_word' id='word_1_145' title='bbox 1869 925 2050 981; x_wconf 88' lang='lat' dir='ltr'><strong>denuo</strong></span> <span class='ocrx_word' id='word_1_146' title='bbox 2082 941 2226 991; x_wconf 87' lang='lat' dir='ltr'><strong>esse,</strong></span> <span class='ocrx_word' id='word_1_147' title='bbox 2252 941 2379 998; x_wconf 70' lang='lat' dir='ltr'><strong>qnte</strong></span> <span class='ocrx_word' id='word_1_148' title='bbox 2408 940 2472 981; x_wconf 79' lang='lat' dir='ltr'><strong>ex</strong></span> <span class='ocrx_word' id='word_1_149' title='bbox 2503 923 2790 982; x_wconf 87' lang='lat' dir='ltr'><strong>elementis</strong></span> <span class='ocrx_word' id='word_1_150' title='bbox 2820 923 2966 978; x_wconf 74' lang='lat' dir='ltr'><strong>facta</strong></span> <span class='ocrx_word' id='word_1_151' title='bbox 2991 923 3158 978; x_wconf 80' lang='lat' dir='ltr'><strong>sunt?</strong></span> 
     </span>
    </p>
   </div>
   <div class='ocr_carea' id='block_1_21' title="bbox 1938 1014 3454 1089">
    <p class='ocr_par' dir='ltr' id='par_1_21' title="bbox 1938 1014 3454 1089">
     <span class='ocr_line' id='line_1_21' title="bbox 1938 1014 3454 1089; baseline 0.001 -17"><span class='ocrx_word' id='word_1_152' title='bbox 1938 1017 2030 1073; x_wconf 73' lang='grc'><strong>25.</strong></span> <span class='ocrx_word' id='word_1_153' title='bbox 2073 1018 2131 1074; x_wconf 88' lang='lat' dir='ltr'><strong>Si</strong></span> <span class='ocrx_word' id='word_1_154' title='bbox 2164 1018 2267 1074; x_wconf 86' lang='lat' dir='ltr'><strong>sub</strong></span> <span class='ocrx_word' id='word_1_155' title='bbox 2299 1017 2406 1073; x_wconf 83' lang='lat' dir='ltr'><strong>line</strong></span> <span class='ocrx_word' id='word_1_156' title='bbox 2439 1017 2591 1078; x_wconf 88' lang='lat' dir='ltr'><strong>Deus</strong></span> <span class='ocrx_word' id='word_1_157' title='bbox 2614 1032 2725 1072; x_wconf 91' lang='lat' dir='ltr'><strong>non</strong></span> <span class='ocrx_word' id='word_1_158' title='bbox 2759 1024 2866 1081; x_wconf 80' lang='lat' dir='ltr'><strong>est,</strong></span> <span class='ocrx_word' id='word_1_159' title='bbox 2894 1015 2992 1072; x_wconf 87' lang='lat' dir='ltr'><strong>sed</strong></span> <span class='ocrx_word' id='word_1_160' title='bbox 3024 1014 3151 1072; x_wconf 81' lang='lat' dir='ltr'><strong>ﬁnis</strong></span> <span class='ocrx_word' id='word_1_161' title='bbox 3179 1016 3454 1089; x_wconf 71' lang='lat' dir='ltr'><strong>cujusque</strong></span> 
     </span>
    </p>
   </div>
   <div class='ocr_carea' id='block_1_22' title="bbox 1869 1103 3452 1175">
    <p class='ocr_par' dir='ltr' id='par_1_22' title="bbox 1869 1103 3452 1175">
     <span class='ocr_line' id='line_1_22' title="bbox 1869 1103 3452 1175; baseline 0.004 -17"><span class='ocrx_word' id='word_1_162' title='bbox 1869 1103 2126 1160; x_wconf 84' lang='lat' dir='ltr'><strong>dominus</strong></span> <span class='ocrx_word' id='word_1_163' title='bbox 2147 1117 2259 1162; x_wconf 86' lang='lat' dir='ltr'><strong>est:</strong></span> <span class='ocrx_word' id='word_1_164' title='bbox 2286 1105 2565 1175; x_wconf 83' lang='lat' dir='ltr'><strong>quomodo</strong></span> <span class='ocrx_word' id='word_1_165' title='bbox 2585 1112 2645 1160; x_wconf 89' lang='lat' dir='ltr'><strong>ut</strong></span> <span class='ocrx_word' id='word_1_166' title='bbox 2672 1105 2926 1161; x_wconf 83' lang='lat' dir='ltr'><strong>homines</strong></span> <span class='ocrx_word' id='word_1_167' title='bbox 2949 1105 3080 1160; x_wconf 83' lang='lat' dir='ltr'><strong>ﬂant</strong></span> <span class='ocrx_word' id='word_1_168' title='bbox 3103 1114 3159 1162; x_wconf 90' lang='lat' dir='ltr'><strong>et</strong></span> <span class='ocrx_word' id='word_1_169' title='bbox 3196 1121 3452 1163; x_wconf 83' lang='lat' dir='ltr'><strong>corrum-</strong></span> 
     </span>
    </p>
   </div>
   <div class='ocr_carea' id='block_1_23' title="bbox 1871 1197 3455 1265">
    <p class='ocr_par' dir='ltr' id='par_1_23' title="bbox 1871 1197 3455 1265">
     <span class='ocr_line' id='line_1_23' title="bbox 1871 1197 3455 1265; baseline 0.004 -15"><span class='ocrx_word' id='word_1_170' title='bbox 1871 1203 2076 1265; x_wconf 83' lang='lat' dir='ltr'><strong>pantur</strong></span> <span class='ocrx_word' id='word_1_171' title='bbox 2101 1197 2497 1263; x_wconf 86' lang='lat' dir='ltr'><strong>dominus-est,</strong></span> <span class='ocrx_word' id='word_1_172' title='bbox 2535 1205 2596 1253; x_wconf 92' lang='lat' dir='ltr'><strong>ut</strong></span> <span class='ocrx_word' id='word_1_173' title='bbox 2628 1206 2811 1253; x_wconf 86' lang='lat' dir='ltr'><strong>autem</strong></span> <span class='ocrx_word' id='word_1_174' title='bbox 2844 1197 3040 1254; x_wconf 84' lang='lat' dir='ltr'><strong>ﬁamus</strong></span> <span class='ocrx_word' id='word_1_175' title='bbox 3069 1213 3171 1255; x_wconf 91' lang='lat' dir='ltr'><strong>nec</strong></span> <span class='ocrx_word' id='word_1_176' title='bbox 3202 1213 3455 1257; x_wconf 79' lang='lat' dir='ltr'><strong>corrum-</strong></span> 
     </span>
    </p>
   </div>
   <div class='ocr_carea' id='block_1_24' title="bbox 1872 1290 2652 1357">
    <p class='ocr_par' dir='ltr' id='par_1_24' title="bbox 1872 1290 2652 1357">
     <span class='ocr_line' id='line_1_24' title="bbox 1872 1290 2652 1357; baseline 0.001 -14"><span class='ocrx_word' id='word_1_177' title='bbox 1872 1303 2070 1357; x_wconf 79' lang='lat' dir='ltr'><strong>pamnr</strong></span> <span class='ocrx_word' id='word_1_178' title='bbox 2101 1290 2364 1348; x_wconf 83' lang='lat' dir='ltr'><strong>dominus</strong></span> <span class='ocrx_word' id='word_1_179' title='bbox 2396 1306 2505 1346; x_wconf 89' lang='lat' dir='ltr'><strong>non</strong></span> <span class='ocrx_word' id='word_1_180' title='bbox 2532 1293 2652 1348; x_wconf 84' lang='lat' dir='ltr'><strong>est?</strong></span> 
     </span>
    </p>
   </div>
   <div class='ocr_carea' id='block_1_25' title="bbox 1940 1382 3456 1455">
    <p class='ocr_par' dir='ltr' id='par_1_25' title="bbox 1940 1382 3456 1455">
     <span class='ocr_line' id='line_1_25' title="bbox 1940 1382 3456 1455; baseline 0.003 -18"><span class='ocrx_word' id='word_1_181' title='bbox 1940 1382 2030 1437; x_wconf 74' lang='lat'><strong>26.</strong></span> <span class='ocrx_word' id='word_1_182' title='bbox 2075 1382 2131 1437; x_wconf 89' lang='lat' dir='ltr'><strong>Si</strong></span> <span class='ocrx_word' id='word_1_183' title='bbox 2168 1382 2312 1440; x_wconf 84' lang='lat' dir='ltr'><strong>Deus</strong></span> <span class='ocrx_word' id='word_1_184' title='bbox 2343 1400 2444 1440; x_wconf 91' lang='lat' dir='ltr'><strong>nos</strong></span> <span class='ocrx_word' id='word_1_185' title='bbox 2467 1385 2521 1439; x_wconf 91' lang='lat' dir='ltr'><strong>in</strong></span> <span class='ocrx_word' id='word_1_186' title='bbox 2553 1383 3124 1455; x_wconf 83' lang='lat' dir='ltr'><strong>incorruptibilitatem</strong></span> <span class='ocrx_word' id='word_1_187' title='bbox 3156 1385 3456 1446; x_wconf 80' lang='lat' dir='ltr'><strong>restituens</strong></span> 
     </span>
    </p>
   </div>
   <div class='ocr_carea' id='block_1_26' title="bbox 1871 1475 3453 1548">
    <p class='ocr_par' dir='ltr' id='par_1_26' title="bbox 1871 1475 3453 1548">
     <span class='ocr_line' id='line_1_26' title="bbox 1871 1475 3453 1548; baseline 0.003 -20"><span class='ocrx_word' id='word_1_188' title='bbox 1871 1489 1938 1529; x_wconf 73' lang='lat' dir='ltr'><strong>ex</strong></span> <span class='ocrx_word' id='word_1_189' title='bbox 1971 1475 2317 1545; x_wconf 63' lang='lat' dir='ltr'><strong>paenitentia,</strong></span> <span class='ocrx_word' id='word_1_190' title='bbox 2373 1485 2433 1530; x_wconf 90' lang='lat' dir='ltr'><strong>ut</strong></span> <span class='ocrx_word' id='word_1_191' title='bbox 2483 1477 2672 1540; x_wconf 85' lang='lat' dir='ltr'><strong>vultis,</strong></span> <span class='ocrx_word' id='word_1_192' title='bbox 2719 1476 2776 1531; x_wconf 89' lang='lat' dir='ltr'><strong>id</strong></span> <span class='ocrx_word' id='word_1_193' title='bbox 2829 1475 2994 1531; x_wconf 79' lang='lat' dir='ltr'><strong>facit:</strong></span> <span class='ocrx_word' id='word_1_194' title='bbox 3031 1478 3310 1548; x_wconf 88' lang='lat' dir='ltr'><strong>quomodo</strong></span> <span class='ocrx_word' id='word_1_195' title='bbox 3342 1495 3453 1533; x_wconf 88' lang='lat' dir='ltr'><strong>non</strong></span> 
     </span>
    </p>
   </div>
   <div class='ocr_carea' id='block_1_27' title="bbox 1871 1569 3454 1641">
    <p class='ocr_par' dir='ltr' id='par_1_27' title="bbox 1871 1569 3454 1641">
     <span class='ocr_line' id='line_1_27' title="bbox 1871 1569 3454 1641; baseline 0.004 -21"><span class='ocrx_word' id='word_1_196' title='bbox 1871 1571 2050 1638; x_wconf 87' lang='lat' dir='ltr'><strong>potius</strong></span> <span class='ocrx_word' id='word_1_197' title='bbox 2079 1585 2145 1625; x_wconf 80' lang='lat' dir='ltr'><strong>ex</strong></span> <span class='ocrx_word' id='word_1_198' title='bbox 2192 1569 2513 1640; x_wconf 73' lang='lat' dir='ltr'><strong>poenitentia</strong></span> <span class='ocrx_word' id='word_1_199' title='bbox 2558 1577 2618 1625; x_wconf 88' lang='lat' dir='ltr'><strong>ut</strong></span> <span class='ocrx_word' id='word_1_200' title='bbox 2648 1585 2866 1641; x_wconf 79' lang='lat' dir='ltr'><strong>semper</strong></span> <span class='ocrx_word' id='word_1_201' title='bbox 2901 1571 3078 1627; x_wconf 84' lang='lat' dir='ltr'><strong>simus</strong></span> <span class='ocrx_word' id='word_1_202' title='bbox 3117 1586 3229 1627; x_wconf 90' lang='lat' dir='ltr'><strong>non</strong></span> <span class='ocrx_word' id='word_1_203' title='bbox 3253 1587 3454 1628; x_wconf 90' lang='lat' dir='ltr'><strong>conce—</strong></span> 
     </span>
    </p>
   </div>
   <div class='ocr_carea' id='block_1_28' title="bbox 1870 1660 1989 1716">
    <p class='ocr_par' dir='ltr' id='par_1_28' title="bbox 1870 1660 1989 1716">
     <span class='ocr_line' id='line_1_28' title="bbox 1870 1660 1989 1716; baseline -0.008 -1"><span class='ocrx_word' id='word_1_204' title='bbox 1870 1660 1989 1716; x_wconf 77' lang='lat' dir='ltr'><strong>dit?</strong></span> 
     </span>
    </p>
   </div>
   <div class='ocr_carea' id='block_1_29' title="bbox 1941 1753 3454 1826">
    <p class='ocr_par' dir='ltr' id='par_1_29' title="bbox 1941 1753 3454 1826">
     <span class='ocr_line' id='line_1_29' title="bbox 1941 1753 3454 1826; baseline 0.005 -20"><span class='ocrx_word' id='word_1_205' title='bbox 1941 1754 2032 1808; x_wconf 76' lang='lat'><strong>27.</strong></span> <span class='ocrx_word' id='word_1_206' title='bbox 2078 1753 2134 1809; x_wconf 94' lang='lat' dir='ltr'><strong>Si</strong></span> <span class='ocrx_word' id='word_1_207' title='bbox 2167 1754 2261 1811; x_wconf 87' lang='lat' dir='ltr'><strong>Dei</strong></span> <span class='ocrx_word' id='word_1_208' title='bbox 2294 1756 2439 1812; x_wconf 84' lang='lat' dir='ltr'><strong>dona</strong></span> <span class='ocrx_word' id='word_1_209' title='bbox 2469 1757 2589 1813; x_wconf 90' lang='lat' dir='ltr'><strong>sine</strong></span> <span class='ocrx_word' id='word_1_210' title='bbox 2617 1756 2943 1826; x_wconf 65' lang='lat' dir='ltr'><strong>paenitentia</strong></span> <span class='ocrx_word' id='word_1_211' title='bbox 2978 1764 3130 1823; x_wconf 88' lang='lat' dir='ltr'><strong>sunt,</strong></span> <span class='ocrx_word' id='word_1_212' title='bbox 3167 1757 3316 1814; x_wconf 91' lang='lat' dir='ltr'><strong>dedit</strong></span> <span class='ocrx_word' id='word_1_213' title='bbox 3354 1775 3454 1814; x_wconf 91' lang='lat' dir='ltr'><strong>au-</strong></span> 
     </span>
    </p>
   </div>
   <div class='ocr_carea' id='block_1_30' title="bbox 1873 1836 3455 1918">
    <p class='ocr_par' dir='ltr' id='par_1_30' title="bbox 1873 1836 3455 1918">
     <span class='ocr_line' id='line_1_30' title="bbox 1873 1836 3455 1918; baseline 0.005 -22"><span class='ocrx_word' id='word_1_214' title='bbox 1873 1850 1983 1899; x_wconf 87' lang='lat' dir='ltr'><strong>tem</strong></span> <span class='ocrx_word' id='word_1_215' title='bbox 2014 1843 2176 1900; x_wconf 87' lang='lat' dir='ltr'><strong>nobis</strong></span> <span class='ocrx_word' id='word_1_216' title='bbox 2212 1836 2356 1900; x_wconf 87' lang='lat' dir='ltr'><strong>Deus</strong></span> <span class='ocrx_word' id='word_1_217' title='bbox 2385 1855 2446 1901; x_wconf 89' lang='lat' dir='ltr'><strong>ut</strong></span> <span class='ocrx_word' id='word_1_218' title='bbox 2475 1862 2753 1904; x_wconf 83' lang='lat' dir='ltr'><strong>essemus:</strong></span> <span class='ocrx_word' id='word_1_219' title='bbox 2795 1847 3072 1918; x_wconf 85' lang='lat' dir='ltr'><strong>quomodo</strong></span> <span class='ocrx_word' id='word_1_220' title='bbox 3111 1849 3348 1918; x_wconf 88' lang='lat' dir='ltr'><strong>primum</strong></span> <span class='ocrx_word' id='word_1_221' title='bbox 3387 1849 3455 1904; x_wconf 89' lang='lat' dir='ltr'><strong>de</strong></span> 
     </span>
    </p>
   </div>
   <div class='ocr_carea' id='block_1_31' title="bbox 186 1933 1771 2013">
    <p class='ocr_par' dir='ltr' id='par_1_31' title="bbox 186 1933 1770 2008">
     <span class='ocr_line' id='line_1_31' title="bbox 186 1933 1770 2008; baseline 0.006 -23"><span class='ocrx_word' id='word_1_222' title='bbox 186 1933 368 2005; x_wconf 84' lang='grc' dir='ltr'><strong>ἀρχῆς</strong></span> <span class='ocrx_word' id='word_1_223' title='bbox 423 1933 551 2005; x_wconf 73' lang='grc' dir='ltr'><strong>περὶ</strong></span> <span class='ocrx_word' id='word_1_224' title='bbox 587 1935 737 2006; x_wconf 74' lang='grc' dir='ltr'><strong>ἡμᾶς</strong></span> <span class='ocrx_word' id='word_1_225' title='bbox 769 1935 982 2008; x_wconf 77' lang='grc' dir='ltr'><strong>πληροῖ</strong></span> <span class='ocrx_word' id='word_1_226' title='bbox 1012 1937 1214 1993; x_wconf 78' lang='grc' dir='ltr'><strong>σκοπὸν</strong></span> <span class='ocrx_word' id='word_1_227' title='bbox 1241 1939 1271 1991; x_wconf 83' lang='grc' dir='ltr'>ὁ</span> <span class='ocrx_word' id='word_1_228' title='bbox 1302 1939 1436 2004; x_wconf 82' lang='grc' dir='ltr'><strong>Θεὸς</strong></span> <span class='ocrx_word' id='word_1_229' title='bbox 1465 1940 1770 2005; x_wconf 75' lang='grc' dir='ltr'><strong>ἀνακτίζων</strong></span> 
     </span>
    </p>
   </div>
   <div class='ocr_carea' id='block_1_32' title="bbox 1876 1933 3453 2013">
    <p class='ocr_par' dir='ltr' id='par_1_32' title="bbox 1876 1936 3453 2013">
     <span class='ocr_line' id='line_1_32' title="bbox 1876 1936 3453 2013; baseline 0.004 -22"><span class='ocrx_word' id='word_1_230' title='bbox 1876 1936 2033 1994; x_wconf 79' lang='lat' dir='ltr'><strong>nobis</strong></span> <span class='ocrx_word' id='word_1_231' title='bbox 2062 1939 2354 1992; x_wconf 73' lang='lat' dir='ltr'><strong>Consilium</strong></span> <span class='ocrx_word' id='word_1_232' title='bbox 2393 1955 2502 1995; x_wconf 90' lang='lat' dir='ltr'><strong>non</strong></span> <span class='ocrx_word' id='word_1_233' title='bbox 2539 1941 2820 2012; x_wconf 87' lang='lat' dir='ltr'><strong>adimplet,</strong></span> <span class='ocrx_word' id='word_1_234' title='bbox 2849 1939 2982 1995; x_wconf 88' lang='lat' dir='ltr'><strong>dum</strong></span> <span class='ocrx_word' id='word_1_235' title='bbox 3011 1941 3067 1995; x_wconf 87' lang='lat' dir='ltr'><strong>in</strong></span> <span class='ocrx_word' id='word_1_236' title='bbox 3112 1942 3453 2013; x_wconf 86' lang='lat' dir='ltr'><strong>incorrupti-</strong></span> 
     </span>
    </p>
   </div>
   <div class='ocr_carea' id='block_1_33' title="bbox 188 2025 821 2096">
    <p class='ocr_par' dir='ltr' id='par_1_33' title="bbox 188 2025 821 2096">
     <span class='ocr_line' id='line_1_33' title="bbox 188 2025 821 2096; baseline 0.005 -20"><span class='ocrx_word' id='word_1_237' title='bbox 188 2025 340 2096; x_wconf 75' lang='grc' dir='ltr'><strong>ἡμᾶς</strong></span> <span class='ocrx_word' id='word_1_238' title='bbox 369 2025 448 2087; x_wconf 85' lang='grc' dir='ltr'><strong>είς</strong></span> <span class='ocrx_word' id='word_1_239' title='bbox 476 2025 787 2094; x_wconf 76' lang='grc' dir='ltr'><strong>ἀφθαρσίαν</strong></span> <span class='ocrx_word' id='word_1_240' title='bbox 803 2042 821 2092; x_wconf 83' lang='grc'><strong>;</strong></span> 
     </span>
    </p>
   </div>
   <div class='ocr_carea' id='block_1_34' title="bbox 260 2116 1770 2195">
    <p class='ocr_par' dir='ltr' id='par_1_34' title="bbox 260 2116 1770 2195">
     <span class='ocr_line' id='line_1_34' title="bbox 260 2116 1770 2195; baseline 0.007 -27"><span class='ocrx_word' id='word_1_241' title='bbox 260 2123 366 2186; x_wconf 77' lang='grc' dir='ltr'><strong>κη’.</strong></span> <span class='ocrx_word' id='word_1_242' title='bbox 404 2116 561 2170; x_wconf 78' lang='grc' dir='ltr'><strong>Κατά</strong></span> <span class='ocrx_word' id='word_1_243' title='bbox 599 2119 726 2181; x_wconf 82' lang='grc' dir='ltr'><strong>τοὺς</strong></span> <span class='ocrx_word' id='word_1_244' title='bbox 761 2120 1115 2185; x_wconf 76' lang='grc' dir='ltr'><strong>πιστεύοντας</strong></span> <span class='ocrx_word' id='word_1_245' title='bbox 1138 2121 1246 2175; x_wconf 78' lang='grc' dir='ltr'><strong>τῶν</strong></span> <span class='ocrx_word' id='word_1_246' title='bbox 1267 2125 1475 2194; x_wconf 84' lang='grc' dir='ltr'><strong>νεκρῶν</strong></span> <span class='ocrx_word' id='word_1_247' title='bbox 1499 2124 1597 2195; x_wconf 79' lang='grc' dir='ltr'><strong>τὴν</strong></span> <span class='ocrx_word' id='word_1_248' title='bbox 1643 2125 1770 2179; x_wconf 90' lang='grc' dir='ltr'><strong>ἀνά-</strong></span> 
     </span>
    </p>
   </div>
   <div class='ocr_carea' id='block_1_35' title="bbox 191 2208 1770 2287">
    <p class='ocr_par' dir='ltr' id='par_1_35' title="bbox 191 2208 1770 2287">
     <span class='ocr_line' id='line_1_35' title="bbox 191 2208 1770 2287; baseline 0.006 -27"><span class='ocrx_word' id='word_1_249' title='bbox 191 2222 384 2261; x_wconf 88' lang='grc' dir='ltr'><strong>στασιν</strong></span> <span class='ocrx_word' id='word_1_250' title='bbox 406 2211 478 2280; x_wconf 70' lang='grc' dir='ltr'><strong>τῇ</strong></span> <span class='ocrx_word' id='word_1_251' title='bbox 499 2208 593 2262; x_wconf 80' lang='grc' dir='ltr'><strong>τοῦ</strong></span> <span class='ocrx_word' id='word_1_252' title='bbox 626 2209 762 2262; x_wconf 78' lang='grc' dir='ltr'><strong>Θεοῦ</strong></span> <span class='ocrx_word' id='word_1_253' title='bbox 808 2209 1174 2284; x_wconf 78' lang='grc' dir='ltr'><strong>δικαιοκρισίςι</strong></span> <span class='ocrx_word' id='word_1_254' title='bbox 1212 2214 1309 2267; x_wconf 72' lang='grc' dir='ltr'><strong>καὶ</strong></span> <span class='ocrx_word' id='word_1_255' title='bbox 1358 2215 1770 2287; x_wconf 75' lang='grc' dir='ltr'><strong>ἀποθνήσκομεν</strong></span> 
     </span>
    </p>
   </div>
   <div class='ocr_carea' id='block_1_36' title="bbox 189 2300 1771 2378">
    <p class='ocr_par' dir='ltr' id='par_1_36' title="bbox 189 2300 1771 2378">
     <span class='ocr_line' id='line_1_36' title="bbox 189 2300 1771 2378; baseline 0.004 -24"><span class='ocrx_word' id='word_1_256' title='bbox 189 2301 289 2354; x_wconf 77' lang='grc' dir='ltr'><strong>καὶ</strong></span> <span class='ocrx_word' id='word_1_257' title='bbox 323 2300 862 2373; x_wconf 76' lang='grc' dir='ltr'><strong>ἀναζωοποιούμεθα·</strong></span> <span class='ocrx_word' id='word_1_258' title='bbox 898 2305 1089 2358; x_wconf 66' lang='grc' dir='ltr'><strong>ἐκεῖνοι</strong></span> <span class='ocrx_word' id='word_1_259' title='bbox 1110 2306 1209 2376; x_wconf 69' lang='grc' dir='ltr'><strong>μὲν</strong></span> <span class='ocrx_word' id='word_1_260' title='bbox 1231 2307 1298 2377; x_wconf 73' lang='grc' dir='ltr'><strong>τῇ</strong></span> <span class='ocrx_word' id='word_1_261' title='bbox 1331 2306 1440 2360; x_wconf 78' lang='grc' dir='ltr'><strong>τοῦ</strong></span> <span class='ocrx_word' id='word_1_262' title='bbox 1480 2306 1771 2378; x_wconf 89' lang='grc' dir='ltr'><strong>ἀνθρώπου</strong></span> 
     </span>
    </p>
   </div>
   <div class='ocr_carea' id='block_1_37' title="bbox 189 2383 1770 2472">
    <p class='ocr_par' dir='ltr' id='par_1_37' title="bbox 189 2383 1770 2472">
     <span class='ocr_line' id='line_1_37' title="bbox 189 2383 1770 2472; baseline 0.003 -23"><span class='ocrx_word' id='word_1_263' title='bbox 189 2397 468 2467; x_wconf 82' lang='grc' dir='ltr'><strong>παρακοῇ,</strong></span> <span class='ocrx_word' id='word_1_264' title='bbox 502 2395 659 2448; x_wconf 76' lang='grc' dir='ltr'><strong>τοῦτο</strong></span> <span class='ocrx_word' id='word_1_265' title='bbox 676 2396 734 2448; x_wconf 84' lang='grc' dir='ltr'><strong>δὲ</strong></span> <span class='ocrx_word' id='word_1_266' title='bbox 765 2398 832 2467; x_wconf 73' lang='grc' dir='ltr'><strong>τῇ</strong></span> <span class='ocrx_word' id='word_1_267' title='bbox 870 2394 966 2449; x_wconf 80' lang='grc' dir='ltr'><strong>τοῦ</strong></span> <span class='ocrx_word' id='word_1_268' title='bbox 997 2397 1287 2469; x_wconf 83' lang='grc' dir='ltr'><strong>ἀνθρώπου</strong></span> <span class='ocrx_word' id='word_1_269' title='bbox 1338 2383 1572 2472; x_wconf 74' lang='grc' dir='ltr'><strong>ὖπακοῇ.</strong></span> <span class='ocrx_word' id='word_1_270' title='bbox 1633 2401 1770 2470; x_wconf 84' lang='grc' dir='ltr'><strong>Παρ’</strong></span> 
     </span>
    </p>
   </div>
   <div class='ocr_carea' id='block_1_38' title="bbox 187 2481 1773 2565">
    <p class='ocr_par' dir='ltr' id='par_1_38' title="bbox 187 2481 1773 2565">
     <span class='ocr_line' id='line_1_38' title="bbox 187 2481 1773 2565; baseline 0.005 -27"><span class='ocrx_word' id='word_1_271' title='bbox 187 2481 276 2549; x_wconf 75' lang='grc' dir='ltr'><strong>οἷς</strong></span> <span class='ocrx_word' id='word_1_272' title='bbox 317 2481 409 2539; x_wconf 78' lang='grc' dir='ltr'><strong>οὖν</strong></span> <span class='ocrx_word' id='word_1_273' title='bbox 437 2487 714 2555; x_wconf 75' lang='grc' dir='ltr'><strong>ἄγνωστον</strong></span> <span class='ocrx_word' id='word_1_274' title='bbox 736 2487 798 2540; x_wconf 83' lang='grc' dir='ltr'><strong>τὸ</strong></span> <span class='ocrx_word' id='word_1_275' title='bbox 825 2487 998 2542; x_wconf 75' lang='grc' dir='ltr'><strong>αἴτιον</strong></span> <span class='ocrx_word' id='word_1_276' title='bbox 1044 2489 1138 2542; x_wconf 78' lang='grc' dir='ltr'><strong>τοῦ</strong></span> <span class='ocrx_word' id='word_1_277' title='bbox 1167 2489 1424 2557; x_wconf 85' lang='grc' dir='ltr'><strong>θανάτου,</strong></span> <span class='ocrx_word' id='word_1_278' title='bbox 1468 2493 1619 2565; x_wconf 77' lang='grc' dir='ltr'><strong>παρὰ</strong></span> <span class='ocrx_word' id='word_1_279' title='bbox 1652 2494 1773 2546; x_wconf 80' lang='grc' dir='ltr'><strong>τού-</strong></span> 
     </span>
    </p>
   </div>
   <div class='ocr_carea' id='block_1_39' title="bbox 189 2577 1773 2655">
    <p class='ocr_par' dir='ltr' id='par_1_39' title="bbox 189 2577 1773 2655">
     <span class='ocr_line' id='line_1_39' title="bbox 189 2577 1773 2655; baseline 0.005 -26"><span class='ocrx_word' id='word_1_280' title='bbox 189 2594 306 2640; x_wconf 86' lang='grc' dir='ltr'><strong>τοις</strong></span> <span class='ocrx_word' id='word_1_281' title='bbox 358 2578 452 2630; x_wconf 74' lang='grc' dir='ltr'><strong>καὶ</strong></span> <span class='ocrx_word' id='word_1_282' title='bbox 484 2580 512 2630; x_wconf 85' lang='grc' dir='ltr'>ὀ</span> <span class='ocrx_word' id='word_1_283' title='bbox 541 2577 642 2650; x_wconf 80' lang='grc' dir='ltr'><strong>τῆς</strong></span> <span class='ocrx_word' id='word_1_284' title='bbox 692 2578 908 2648; x_wconf 75' lang='grc' dir='ltr'><strong>φύσεως</strong></span> <span class='ocrx_word' id='word_1_285' title='bbox 960 2579 1054 2634; x_wconf 80' lang='grc' dir='ltr'><strong>τοῦ</strong></span> <span class='ocrx_word' id='word_1_286' title='bbox 1105 2581 1394 2654; x_wconf 78' lang='grc' dir='ltr'><strong>ἀνθρώπου</strong></span> <span class='ocrx_word' id='word_1_287' title='bbox 1443 2585 1773 2655; x_wconf 80' lang='grc' dir='ltr'><strong>δημιουργός</strong></span> 
     </span>
    </p>
   </div>
   <div class='ocr_carea' id='block_1_40' title="bbox 188 2669 1772 2741">
    <p class='ocr_par' dir='ltr' id='par_1_40' title="bbox 188 2669 1772 2741">
     <span class='ocr_line' id='line_1_40' title="bbox 188 2669 1772 2741; baseline 0.004 -19"><span class='ocrx_word' id='word_1_288' title='bbox 188 2669 342 2723; x_wconf 63' lang='grc' dir='ltr'><strong>ἐστιν</strong></span> <span class='ocrx_word' id='word_1_289' title='bbox 372 2671 666 2739; x_wconf 80' lang='grc' dir='ltr'><strong>ἄγνωστος.</strong></span> <span class='ocrx_word' id='word_1_290' title='bbox 713 2673 1071 2741; x_wconf 76' lang='grc' dir='ltr'><strong>’Δγνοούντων</strong></span> <span class='ocrx_word' id='word_1_291' title='bbox 1101 2674 1158 2727; x_wconf 86' lang='grc' dir='ltr'><strong>δὲ</strong></span> <span class='ocrx_word' id='word_1_292' title='bbox 1185 2674 1366 2730; x_wconf 78' lang='grc' dir='ltr'><strong>αὐτῶν</strong></span> <span class='ocrx_word' id='word_1_293' title='bbox 1390 2677 1453 2730; x_wconf 81' lang='grc' dir='ltr'><strong>τὸ</strong></span> <span class='ocrx_word' id='word_1_294' title='bbox 1483 2677 1658 2731; x_wconf 77' lang='grc' dir='ltr'><strong>αἴτιον</strong></span> <span class='ocrx_word' id='word_1_295' title='bbox 1678 2677 1772 2731; x_wconf 83' lang='grc' dir='ltr'><strong>τοῦ</strong></span> 
     </span>
    </p>
   </div>
   <div class='ocr_carea' id='block_1_41' title="bbox 191 2762 1772 2841">
    <p class='ocr_par' dir='ltr' id='par_1_41' title="bbox 191 2762 1772 2841">
     <span class='ocr_line' id='line_1_41' title="bbox 191 2762 1772 2841; baseline 0.005 -24"><span class='ocrx_word' id='word_1_296' title='bbox 191 2762 426 2817; x_wconf 88' lang='grc' dir='ltr'><strong>θανάτου</strong></span> <span class='ocrx_word' id='word_1_297' title='bbox 455 2763 548 2817; x_wconf 76' lang='grc' dir='ltr'><strong>καὶ</strong></span> <span class='ocrx_word' id='word_1_298' title='bbox 574 2764 670 2816; x_wconf 73' lang='grc' dir='ltr'><strong>τὸν</strong></span> <span class='ocrx_word' id='word_1_299' title='bbox 717 2764 1048 2837; x_wconf 81' lang='grc' dir='ltr'><strong>δημιουργὸν</strong></span> <span class='ocrx_word' id='word_1_300' title='bbox 1090 2767 1192 2838; x_wconf 82' lang='grc' dir='ltr'><strong>τῆς</strong></span> <span class='ocrx_word' id='word_1_301' title='bbox 1221 2770 1438 2838; x_wconf 78' lang='grc' dir='ltr'><strong>φύσεως</strong></span> <span class='ocrx_word' id='word_1_302' title='bbox 1465 2770 1772 2841; x_wconf 83' lang='grc' dir='ltr'><strong>ἀνθρώπου,</strong></span> 
     </span>
    </p>
   </div>
   <div class='ocr_carea' id='block_1_42' title="bbox 188 2855 1775 2936">
    <p class='ocr_par' dir='ltr' id='par_1_42' title="bbox 188 2855 1775 2936">
     <span class='ocr_line' id='line_1_42' title="bbox 188 2855 1775 2936; baseline 0.006 -28"><span class='ocrx_word' id='word_1_303' title='bbox 188 2855 314 2920; x_wconf 83' lang='grc' dir='ltr'><strong>πῶς</strong></span> <span class='ocrx_word' id='word_1_304' title='bbox 335 2859 438 2910; x_wconf 77' lang='grc' dir='ltr'><strong>οὐκ</strong></span> <span class='ocrx_word' id='word_1_305' title='bbox 467 2857 528 2922; x_wconf 70' lang='grc' dir='ltr'><strong>ἐξ</strong></span> <span class='ocrx_word' id='word_1_306' title='bbox 552 2857 774 2926; x_wconf 81' lang='grc' dir='ltr'><strong>ἀγνοίας</strong></span> <span class='ocrx_word' id='word_1_307' title='bbox 805 2858 1025 2928; x_wconf 84' lang='grc' dir='ltr'><strong>λέγουσι</strong></span> <span class='ocrx_word' id='word_1_308' title='bbox 1052 2861 1113 2915; x_wconf 83' lang='grc' dir='ltr'><strong>τὸ</strong></span> <span class='ocrx_word' id='word_1_309' title='bbox 1151 2861 1227 2932; x_wconf 78' lang='grc' dir='ltr'><strong>μὴ</strong></span> <span class='ocrx_word' id='word_1_310' title='bbox 1261 2858 1399 2918; x_wconf 73' lang='grc' dir='ltr'><strong>εἶναι</strong></span> <span class='ocrx_word' id='word_1_311' title='bbox 1427 2863 1536 2918; x_wconf 82' lang='grc' dir='ltr'><strong>τῶν</strong></span> <span class='ocrx_word' id='word_1_312' title='bbox 1564 2864 1775 2936; x_wconf 82' lang='grc' dir='ltr'><strong>νεκρῶν</strong></span> 
     </span>
    </p>
   </div>
   <div class='ocr_carea' id='block_1_43' title="bbox 186 2949 665 3022">
    <p class='ocr_par' dir='ltr' id='par_1_43' title="bbox 186 2949 665 3022">
     <span class='ocr_line' id='line_1_43' title="bbox 186 2949 665 3022; baseline 0.002 -19"><span class='ocrx_word' id='word_1_313' title='bbox 186 2949 293 3022; x_wconf 75' lang='grc' dir='ltr'><strong>τὴν</strong></span> <span class='ocrx_word' id='word_1_314' title='bbox 323 2951 618 3005; x_wconf 78' lang='grc' dir='ltr'><strong>ἀνάστασιν</strong></span> <span class='ocrx_word' id='word_1_315' title='bbox 649 2967 665 3015; x_wconf 90' lang='grc'>;</span> 
     </span>
    </p>
   </div>
   <div class='ocr_carea' id='block_1_44' title="bbox 265 3042 1775 3122">
    <p class='ocr_par' dir='ltr' id='par_1_44' title="bbox 265 3042 1775 3122">
     <span class='ocr_line' id='line_1_44' title="bbox 265 3042 1775 3122; baseline 0.005 -26"><span class='ocrx_word' id='word_1_316' title='bbox 265 3043 368 3097; x_wconf 64' lang='grc' dir='ltr'><strong>κθθ.</strong></span> <span class='ocrx_word' id='word_1_317' title='bbox 400 3043 560 3097; x_wconf 76' lang='grc' dir='ltr'><strong>’Δλλο</strong></span> <span class='ocrx_word' id='word_1_318' title='bbox 589 3043 652 3096; x_wconf 82' lang='grc' dir='ltr'><strong>τὸ</strong></span> <span class='ocrx_word' id='word_1_319' title='bbox 675 3042 854 3116; x_wconf 84' lang='grc' dir='ltr'><strong>πάντη</strong></span> <span class='ocrx_word' id='word_1_320' title='bbox 883 3044 962 3116; x_wconf 81' lang='grc' dir='ltr'><strong>μὴ</strong></span> <span class='ocrx_word' id='word_1_321' title='bbox 987 3044 1066 3110; x_wconf 81' lang='grc' dir='ltr'><strong>δν,</strong></span> <span class='ocrx_word' id='word_1_322' title='bbox 1097 3047 1194 3100; x_wconf 75' lang='grc' dir='ltr'><strong>καὶ</strong></span> <span class='ocrx_word' id='word_1_323' title='bbox 1218 3048 1346 3101; x_wconf 85' lang='grc' dir='ltr'><strong>ἀλλο</strong></span> <span class='ocrx_word' id='word_1_324' title='bbox 1373 3049 1435 3103; x_wconf 86' lang='grc' dir='ltr'><strong>τὺ</strong></span> <span class='ocrx_word' id='word_1_325' title='bbox 1465 3051 1667 3104; x_wconf 84' lang='grc' dir='ltr'><strong>τοιόνδε</strong></span> <span class='ocrx_word' id='word_1_326' title='bbox 1701 3053 1775 3122; x_wconf 81' lang='grc' dir='ltr'><strong>μὴ</strong></span> 
     </span>
    </p>
   </div>
   <div class='ocr_carea' id='block_1_45' title="bbox 187 3133 1775 3214">
    <p class='ocr_par' dir='ltr' id='par_1_45' title="bbox 187 3133 1775 3214">
     <span class='ocr_line' id='line_1_45' title="bbox 187 3133 1775 3214; baseline 0.003 -23"><span class='ocrx_word' id='word_1_327' title='bbox 187 3138 274 3192; x_wconf 76' lang='grc' dir='ltr'><strong>δν⁸</strong></span> <span class='ocrx_word' id='word_1_328' title='bbox 314 3133 426 3191; x_wconf 79' lang='grc' dir='ltr'><strong>οἷον</strong></span> <span class='ocrx_word' id='word_1_329' title='bbox 449 3136 577 3192; x_wconf 86' lang='grc' dir='ltr'><strong>ἀλλο</strong></span> <span class='ocrx_word' id='word_1_330' title='bbox 597 3137 661 3190; x_wconf 80' lang='grc' dir='ltr'><strong>τὸ</strong></span> <span class='ocrx_word' id='word_1_331' title='bbox 690 3137 789 3209; x_wconf 74' lang='grc' dir='ltr'><strong>τὴν</strong></span> <span class='ocrx_word' id='word_1_332' title='bbox 816 3137 992 3208; x_wconf 75' lang='grc' dir='ltr'><strong>ἀρχὴν</strong></span> <span class='ocrx_word' id='word_1_333' title='bbox 1051 3139 1125 3209; x_wconf 83' lang='grc' dir='ltr'><strong>μὴ</strong></span> <span class='ocrx_word' id='word_1_334' title='bbox 1177 3139 1428 3207; x_wconf 75' lang='grc' dir='ltr'><strong>γενέσθαι</strong></span> <span class='ocrx_word' id='word_1_335' title='bbox 1468 3141 1775 3214; x_wconf 76' lang='grc' dir='ltr'><strong>ἄνθρωπον,</strong></span> 
     </span>
    </p>
   </div>
   <div class='ocr_carea' id='block_1_46' title="bbox 189 3227 1776 3306">
    <p class='ocr_par' dir='ltr' id='par_1_46' title="bbox 189 3227 1776 3306">
     <span class='ocr_line' id='line_1_46' title="bbox 189 3227 1776 3306; baseline 0.003 -21"><span class='ocrx_word' id='word_1_336' title='bbox 189 3230 291 3285; x_wconf 75' lang='grc' dir='ltr'><strong>καὶ</strong></span> <span class='ocrx_word' id='word_1_337' title='bbox 318 3231 444 3285; x_wconf 86' lang='grc' dir='ltr'><strong>ἀλλο</strong></span> <span class='ocrx_word' id='word_1_338' title='bbox 470 3231 532 3286; x_wconf 81' lang='grc' dir='ltr'><strong>τὸ</strong></span> <span class='ocrx_word' id='word_1_339' title='bbox 559 3230 697 3303; x_wconf 86' lang='grc' dir='ltr'><strong>μετά</strong></span> <span class='ocrx_word' id='word_1_340' title='bbox 725 3233 787 3285; x_wconf 85' lang='grc' dir='ltr'><strong>τὸ</strong></span> <span class='ocrx_word' id='word_1_341' title='bbox 813 3231 1065 3300; x_wconf 84' lang='grc' dir='ltr'><strong>γενέσθαι</strong></span> <span class='ocrx_word' id='word_1_342' title='bbox 1099 3231 1262 3286; x_wconf 82' lang='grc' dir='ltr'><strong>αὑτὸν</strong></span> <span class='ocrx_word' id='word_1_343' title='bbox 1313 3227 1612 3306; x_wconf 78' lang='grc' dir='ltr'><strong>φθαρῆναι.</strong></span> <span class='ocrx_word' id='word_1_344' title='bbox 1665 3235 1776 3289; x_wconf 77' lang='grc' dir='ltr'><strong>Καὶ</strong></span> 
     </span>
    </p>
   </div>
   <div class='ocr_carea' id='block_1_47' title="bbox 188 3322 1772 3399">
    <p class='ocr_par' dir='ltr' id='par_1_47' title="bbox 188 3322 1772 3399">
     <span class='ocr_line' id='line_1_47' title="bbox 188 3322 1772 3399; baseline 0.003 -22"><span class='ocrx_word' id='word_1_345' title='bbox 188 3323 384 3392; x_wconf 66' lang='grc' dir='ltr'><strong>ἐπειδὴ</strong></span> <span class='ocrx_word' id='word_1_346' title='bbox 426 3323 527 3377; x_wconf 81' lang='grc' dir='ltr'><strong>οὐκ</strong></span> <span class='ocrx_word' id='word_1_347' title='bbox 551 3324 666 3377; x_wconf 80' lang='grc' dir='ltr'><strong>ἐστι</strong></span> <span class='ocrx_word' id='word_1_348' title='bbox 703 3323 780 3396; x_wconf 83' lang='grc' dir='ltr'><strong>τῷ</strong></span> <span class='ocrx_word' id='word_1_349' title='bbox 801 3322 921 3396; x_wconf 86' lang='grc' dir='ltr'><strong>Θεῷ</strong></span> <span class='ocrx_word' id='word_1_350' title='bbox 967 3324 1127 3396; x_wconf 69' lang='grc' dir='ltr'><strong>ἔργον</strong></span> <span class='ocrx_word' id='word_1_351' title='bbox 1157 3323 1318 3396; x_wconf 80' lang='grc' dir='ltr'><strong>ἔργου</strong></span> <span class='ocrx_word' id='word_1_352' title='bbox 1352 3326 1772 3399; x_wconf 78' lang='grc' dir='ltr'><strong>ἐργωδέστερον,</strong></span> 
     </span>
    </p>
   </div>
   <div class='ocr_carea' id='block_1_48' title="bbox 190 3409 1776 3495">
    <p class='ocr_par' dir='ltr' id='par_1_48' title="bbox 190 3409 1776 3495">
     <span class='ocr_line' id='line_1_48' title="bbox 190 3409 1776 3495; baseline 0.006 -29"><span class='ocrx_word' id='word_1_353' title='bbox 190 3416 314 3480; x_wconf 76' lang='grc' dir='ltr'><strong>πῶς</strong></span> <span class='ocrx_word' id='word_1_354' title='bbox 355 3409 454 3470; x_wconf 86' lang='grc' dir='ltr'><strong>οὐκ</strong></span> <span class='ocrx_word' id='word_1_355' title='bbox 484 3417 630 3472; x_wconf 77' lang='grc' dir='ltr'><strong>ἐστιν</strong></span> <span class='ocrx_word' id='word_1_356' title='bbox 655 3419 848 3488; x_wconf 83' lang='grc' dir='ltr'><strong>ἀλογον</strong></span> <span class='ocrx_word' id='word_1_357' title='bbox 880 3419 944 3472; x_wconf 84' lang='grc' dir='ltr'><strong>τὸ</strong></span> <span class='ocrx_word' id='word_1_358' title='bbox 989 3419 1265 3472; x_wconf 83' lang='grc' dir='ltr'><strong>πιστεύειν</strong></span> <span class='ocrx_word' id='word_1_359' title='bbox 1301 3421 1400 3490; x_wconf 88' lang='grc' dir='ltr'><strong>μὲν</strong></span> <span class='ocrx_word' id='word_1_360' title='bbox 1425 3420 1544 3492; x_wconf 88' lang='grc' dir='ltr'><strong>Θεῷ</strong></span> <span class='ocrx_word' id='word_1_361' title='bbox 1587 3422 1683 3475; x_wconf 75' lang='grc' dir='ltr'><strong>ἐπὶ</strong></span> <span class='ocrx_word' id='word_1_362' title='bbox 1708 3427 1776 3495; x_wconf 80' lang='grc' dir='ltr'><strong>τῇ</strong></span> 
     </span>
    </p>
   </div>
   <div class='ocr_carea' id='block_1_49' title="bbox 189 3507 1778 3586">
    <p class='ocr_par' dir='ltr' id='par_1_49' title="bbox 189 3507 1778 3586">
     <span class='ocr_line' id='line_1_49' title="bbox 189 3507 1778 3586; baseline 0.003 -22"><span class='ocrx_word' id='word_1_363' title='bbox 189 3507 411 3582; x_wconf 80' lang='grc' dir='ltr'><strong>ποιήσει</strong></span> <span class='ocrx_word' id='word_1_364' title='bbox 439 3512 547 3564; x_wconf 83' lang='grc' dir='ltr'><strong>τῶν</strong></span> <span class='ocrx_word' id='word_1_365' title='bbox 575 3512 750 3583; x_wconf 84' lang='grc' dir='ltr'><strong>πάντη</strong></span> <span class='ocrx_word' id='word_1_366' title='bbox 771 3513 874 3566; x_wconf 84' lang='grc' dir='ltr'><strong>οὐκ</strong></span> <span class='ocrx_word' id='word_1_367' title='bbox 899 3511 1090 3575; x_wconf 73' lang='grc' dir='ltr'><strong>ὄντων,</strong></span> <span class='ocrx_word' id='word_1_368' title='bbox 1126 3511 1376 3567; x_wconf 80' lang='grc' dir='ltr'><strong>ἀπιστεῖν</strong></span> <span class='ocrx_word' id='word_1_369' title='bbox 1407 3514 1464 3568; x_wconf 84' lang='grc' dir='ltr'><strong>δὲ</strong></span> <span class='ocrx_word' id='word_1_370' title='bbox 1507 3513 1655 3586; x_wconf 75' lang='grc' dir='ltr'><strong>αὐτῷ</strong></span> <span class='ocrx_word' id='word_1_371' title='bbox 1685 3515 1778 3571; x_wconf 79' lang='grc' dir='ltr'><strong>ἐπὶ</strong></span> 
     </span>
    </p>
   </div>
   <div class='ocr_carea' id='block_1_50' title="bbox 188 3601 1185 3677">
    <p class='ocr_par' dir='ltr' id='par_1_50' title="bbox 188 3601 1185 3677">
     <span class='ocr_line' id='line_1_50' title="bbox 188 3601 1185 3677; baseline 0.002 -21"><span class='ocrx_word' id='word_1_372' title='bbox 188 3605 260 3676; x_wconf 74' lang='grc' dir='ltr'><strong>τῇ</strong></span> <span class='ocrx_word' id='word_1_373' title='bbox 298 3605 651 3676; x_wconf 79' lang='grc' dir='ltr'><strong>μεταποιήσει</strong></span> <span class='ocrx_word' id='word_1_374' title='bbox 680 3604 790 3659; x_wconf 84' lang='grc' dir='ltr'><strong>τῶν</strong></span> <span class='ocrx_word' id='word_1_375' title='bbox 831 3601 1185 3677; x_wconf 73' lang='grc' dir='ltr'><strong>φθαρέντωνς</strong></span> 
     </span>
    </p>
   </div>
   <div class='ocr_carea' id='block_1_51' title="bbox 267 3783 1774 3860">
    <p class='ocr_par' dir='ltr' id='par_1_51' title="bbox 267 3783 1774 3860">
     <span class='ocr_line' id='line_1_51' title="bbox 267 3783 1774 3860; baseline 0.005 -24"><span class='ocrx_word' id='word_1_376' title='bbox 267 3783 331 3837; x_wconf 87' lang='grc' dir='ltr'><strong>λ’.</strong></span> <span class='ocrx_word' id='word_1_377' title='bbox 355 3785 436 3849; x_wconf 78' lang='lat' dir='ltr'><strong>El,</strong></span> <span class='ocrx_word' id='word_1_378' title='bbox 455 3783 641 3856; x_wconf 84' lang='grc' dir='ltr'><strong>ὥσπερ</strong></span> <span class='ocrx_word' id='word_1_379' title='bbox 663 3785 772 3858; x_wconf 81' lang='grc' dir='ltr'><strong>πρὸ</strong></span> <span class='ocrx_word' id='word_1_380' title='bbox 799 3785 892 3840; x_wconf 78' lang='grc' dir='ltr'><strong>τοῦ</strong></span> <span class='ocrx_word' id='word_1_381' title='bbox 915 3787 1164 3855; x_wconf 80' lang='grc' dir='ltr'><strong>γενέσθαι</strong></span> <span class='ocrx_word' id='word_1_382' title='bbox 1189 3787 1280 3840; x_wconf 81' lang='grc' dir='ltr'><strong>τὸν</strong></span> <span class='ocrx_word' id='word_1_383' title='bbox 1304 3789 1608 3860; x_wconf 84' lang='grc' dir='ltr'><strong>ἄνθρωπον,</strong></span> <span class='ocrx_word' id='word_1_384' title='bbox 1625 3789 1654 3840; x_wconf 85' lang='grc' dir='ltr'>ὁ</span> <span class='ocrx_word' id='word_1_385' title='bbox 1680 3790 1774 3843; x_wconf 80' lang='grc' dir='ltr'><strong>ἄν·</strong></span> 
     </span>
    </p>
   </div>
   <div class='ocr_carea' id='block_1_52' title="bbox 192 3864 1772 3950">
    <p class='ocr_par' dir='ltr' id='par_1_52' title="bbox 192 3864 1772 3950">
     <span class='ocr_line' id='line_1_52' title="bbox 192 3864 1772 3950; baseline 0.002 -21"><span class='ocrx_word' id='word_1_386' title='bbox 192 3876 411 3947; x_wconf 84' lang='grc' dir='ltr'><strong>θρωπος</strong></span> <span class='ocrx_word' id='word_1_387' title='bbox 441 3865 666 3947; x_wconf 81' lang='grc' dir='ltr'><strong>δυνάμει</strong></span> <span class='ocrx_word' id='word_1_388' title='bbox 694 3873 763 3950; x_wconf 80' lang='grc' dir='ltr'><strong>ἦν</strong></span> <span class='ocrx_word' id='word_1_389' title='bbox 791 3878 848 3929; x_wconf 82' lang='grc' dir='ltr'><strong>ὲν</strong></span> <span class='ocrx_word' id='word_1_390' title='bbox 877 3880 990 3941; x_wconf 83' lang='grc' dir='ltr'><strong>τοῖς</strong></span> <span class='ocrx_word' id='word_1_391' title='bbox 1023 3878 1306 3948; x_wconf 85' lang='grc' dir='ltr'><strong>στοιχείοις</strong></span> <span class='ocrx_word' id='word_1_392' title='bbox 1330 3864 1487 3944; x_wconf 76' lang='grc' dir='ltr'><strong>ὲξῶν</strong></span> <span class='ocrx_word' id='word_1_393' title='bbox 1531 3880 1772 3949; x_wconf 79' lang='grc' dir='ltr'><strong>γέγονεν,</strong></span> 
     </span>
    </p>
   </div>
   <div class='ocr_carea' id='block_1_53' title="bbox 189 3966 1774 4042">
    <p class='ocr_par' dir='ltr' id='par_1_53' title="bbox 189 3966 1774 4042">
     <span class='ocr_line' id='line_1_53' title="bbox 189 3966 1774 4042; baseline 0.003 -22"><span class='ocrx_word' id='word_1_394' title='bbox 189 3966 339 4020; x_wconf 78' lang='grc' dir='ltr'><strong>οὕτω</strong></span> <span class='ocrx_word' id='word_1_395' title='bbox 366 3967 460 4020; x_wconf 85' lang='grc' dir='ltr'><strong>καὶ</strong></span> <span class='ocrx_word' id='word_1_396' title='bbox 497 3968 634 4038; x_wconf 84' lang='grc' dir='ltr'><strong>μετά</strong></span> <span class='ocrx_word' id='word_1_397' title='bbox 663 3969 725 4022; x_wconf 84' lang='grc' dir='ltr'><strong>τὸ</strong></span> <span class='ocrx_word' id='word_1_398' title='bbox 757 3969 1029 4041; x_wconf 84' lang='grc' dir='ltr'><strong>φθαρῆναι</strong></span> <span class='ocrx_word' id='word_1_399' title='bbox 1069 3971 1254 4035; x_wconf 77' lang='grc' dir='ltr'><strong>αὐτὸν,</strong></span> <span class='ocrx_word' id='word_1_400' title='bbox 1297 3970 1412 4023; x_wconf 76' lang='grc' dir='ltr'><strong>ἐστι</strong></span> <span class='ocrx_word' id='word_1_401' title='bbox 1449 3970 1675 4042; x_wconf 87' lang='grc' dir='ltr'><strong>δυνάμει</strong></span> <span class='ocrx_word' id='word_1_402' title='bbox 1708 3973 1774 4024; x_wconf 68' lang='grc' dir='ltr'><strong>ἐν</strong></span> 
     </span>
    </p>
   </div>
   <div class='ocr_carea' id='block_1_54' title="bbox 190 4061 1772 4134">
    <p class='ocr_par' dir='ltr' id='par_1_54' title="bbox 190 4061 1772 4134">
     <span class='ocr_line' id='line_1_54' title="bbox 190 4061 1772 4134; baseline 0.002 -20"><span class='ocrx_word' id='word_1_403' title='bbox 190 4061 308 4124; x_wconf 87' lang='grc' dir='ltr'><strong>τοῖς</strong></span> <span class='ocrx_word' id='word_1_404' title='bbox 352 4062 652 4132; x_wconf 85' lang='grc' dir='ltr'><strong>στοιχείοις,</strong></span> <span class='ocrx_word' id='word_1_405' title='bbox 702 4061 822 4126; x_wconf 84' lang='grc' dir='ltr'><strong>πῶς</strong></span> <span class='ocrx_word' id='word_1_406' title='bbox 872 4062 1193 4117; x_wconf 80' lang='grc' dir='ltr'><strong>ἀπιστοῦσιν</strong></span> <span class='ocrx_word' id='word_1_407' title='bbox 1245 4064 1294 4117; x_wconf 73' lang='grc' dir='ltr'><strong>οἱ</strong></span> <span class='ocrx_word' id='word_1_408' title='bbox 1342 4062 1598 4134; x_wconf 84' lang='grc' dir='ltr'><strong>Ἕλληνες</strong></span> <span class='ocrx_word' id='word_1_409' title='bbox 1633 4063 1772 4134; x_wconf 87' lang='grc' dir='ltr'><strong>Θεῷ,</strong></span> 
     </span>
    </p>
   </div>
   <div class='ocr_carea' id='block_1_55' title="bbox 191 4155 1774 4231">
    <p class='ocr_par' dir='ltr' id='par_1_55' title="bbox 191 4155 1774 4231">
     <span class='ocr_line' id='line_1_55' title="bbox 191 4155 1774 4231; baseline 0.003 -21"><span class='ocrx_word' id='word_1_410' title='bbox 191 4155 667 4226; x_wconf 76' lang='grc' dir='ltr'><strong>ἔπαγγειλαμὲνῳ,</strong></span> <span class='ocrx_word' id='word_1_411' title='bbox 701 4157 927 4228; x_wconf 76' lang='grc' dir='ltr'><strong>ἀνιστᾷν</strong></span> <span class='ocrx_word' id='word_1_412' title='bbox 954 4159 1080 4223; x_wconf 81' lang='grc' dir='ltr'><strong>τοὺς</strong></span> <span class='ocrx_word' id='word_1_413' title='bbox 1104 4159 1350 4231; x_wconf 83' lang='grc' dir='ltr'><strong>νεκροὺς,</strong></span> <span class='ocrx_word' id='word_1_414' title='bbox 1376 4160 1451 4224; x_wconf 78' lang='grc' dir='ltr'><strong>ὡς</strong></span> <span class='ocrx_word' id='word_1_415' title='bbox 1473 4160 1560 4214; x_wconf 73' lang='grc' dir='ltr'><strong>ἐπ’</strong></span> <span class='ocrx_word' id='word_1_416' title='bbox 1577 4161 1774 4216; x_wconf 66' lang='lat' dir='ltr'><strong>eam-</strong></span> 
     </span>
    </p>
   </div>
   <div class='ocr_carea' id='block_1_56' title="bbox 190 4237 1776 4322">
    <p class='ocr_par' dir='ltr' id='par_1_56' title="bbox 190 4237 1776 4322">
     <span class='ocr_line' id='line_1_56' title="bbox 190 4237 1776 4322; baseline 0.004 -22"><span class='ocrx_word' id='word_1_417' title='bbox 190 4264 272 4318; x_wconf 87' lang='grc' dir='ltr'><strong>τῳ</strong></span> <span class='ocrx_word' id='word_1_418' title='bbox 305 4247 609 4319; x_wconf 85' lang='grc' dir='ltr'><strong>πράγματι,</strong></span> <span class='ocrx_word' id='word_1_419' title='bbox 648 4247 742 4302; x_wconf 80' lang='grc' dir='ltr'><strong>τοῦ</strong></span> <span class='ocrx_word' id='word_1_420' title='bbox 776 4237 1065 4319; x_wconf 81' lang='grc' dir='ltr'><strong>ἀνθρώπου</strong></span> <span class='ocrx_word' id='word_1_421' title='bbox 1108 4250 1336 4322; x_wconf 77' lang='grc' dir='ltr'><strong>δυνάμει</strong></span> <span class='ocrx_word' id='word_1_422' title='bbox 1367 4250 1521 4316; x_wconf 74' lang='grc' dir='ltr'><strong>ὄντος</strong></span> <span class='ocrx_word' id='word_1_423' title='bbox 1570 4255 1630 4306; x_wconf 84' lang='grc' dir='ltr'><strong>ὲν</strong></span> <span class='ocrx_word' id='word_1_424' title='bbox 1665 4256 1776 4317; x_wconf 83' lang='grc' dir='ltr'><strong>τοῖς</strong></span> 
     </span>
    </p>
   </div>
   <div class='ocr_carea' id='block_1_57' title="bbox 195 4340 1775 4414">
    <p class='ocr_par' dir='ltr' id='par_1_57' title="bbox 195 4340 1775 4414">
     <span class='ocr_line' id='line_1_57' title="bbox 195 4340 1775 4414; baseline 0.003 -22"><span class='ocrx_word' id='word_1_425' title='bbox 195 4341 500 4410; x_wconf 77' lang='grc' dir='ltr'><strong>στοιχείοις,</strong></span> <span class='ocrx_word' id='word_1_426' title='bbox 542 4340 729 4413; x_wconf 82' lang='grc' dir='ltr'><strong>ὥσπερ</strong></span> <span class='ocrx_word' id='word_1_427' title='bbox 755 4341 924 4397; x_wconf 80' lang='grc' dir='ltr'><strong>πάλαι</strong></span> <span class='ocrx_word' id='word_1_428' title='bbox 969 4342 1310 4414; x_wconf 77' lang='grc' dir='ltr'><strong>κτιζομένου,</strong></span> <span class='ocrx_word' id='word_1_429' title='bbox 1348 4342 1518 4408; x_wconf 77' lang='grc' dir='ltr'><strong>οὕτως</strong></span> <span class='ocrx_word' id='word_1_430' title='bbox 1550 4345 1644 4398; x_wconf 77' lang='grc' dir='ltr'><strong>καὶ</strong></span> <span class='ocrx_word' id='word_1_431' title='bbox 1682 4344 1775 4397; x_wconf 82' lang='grc' dir='ltr'><strong>νῦν</strong></span> 
     </span>
    </p>
   </div>
   <div class='ocr_carea' id='block_1_58' title="bbox 193 4429 657 4514">
    <p class='ocr_par' dir='ltr' id='par_1_58' title="bbox 193 4429 657 4514">
     <span class='ocr_line' id='line_1_58' title="bbox 193 4429 657 4514; baseline -0.002 -28"><span class='ocrx_word' id='word_1_432' title='bbox 193 4429 614 4514; x_wconf 65' lang='grc' dir='ltr'><strong>ἀνακτιζομςνου</strong></span> <span class='ocrx_word' id='word_1_433' title='bbox 643 4451 657 4498; x_wconf 86' lang='grc'>;</span> 
     </span>
    </p>
   </div>
   <div class='ocr_carea' id='block_1_59' title="bbox 268 4524 1772 4599">
    <p class='ocr_par' dir='ltr' id='par_1_59' title="bbox 268 4524 1772 4599">
     <span class='ocr_line' id='line_1_59' title="bbox 268 4524 1772 4599; baseline 0.001 -23"><span class='ocrx_word' id='word_1_434' title='bbox 268 4524 366 4578; x_wconf 85' lang='grc' dir='ltr'><strong>λα’.</strong></span> <span class='ocrx_word' id='word_1_435' title='bbox 404 4525 466 4578; x_wconf 82' lang='lat' dir='ltr'><strong>Ei</strong></span> <span class='ocrx_word' id='word_1_436' title='bbox 508 4527 606 4578; x_wconf 84' lang='grc' dir='ltr'><strong>οὐκ</strong></span> <span class='ocrx_word' id='word_1_437' title='bbox 639 4524 868 4595; x_wconf 79' lang='grc' dir='ltr'><strong>ἠδύνατο</strong></span> <span class='ocrx_word' id='word_1_438' title='bbox 907 4528 936 4579; x_wconf 84' lang='grc' dir='ltr'>ὀ</span> <span class='ocrx_word' id='word_1_439' title='bbox 973 4525 1104 4589; x_wconf 80' lang='grc' dir='ltr'><strong>Θεὸς</strong></span> <span class='ocrx_word' id='word_1_440' title='bbox 1149 4527 1209 4592; x_wconf 73' lang='grc' dir='ltr'><strong>ἐξ</strong></span> <span class='ocrx_word' id='word_1_441' title='bbox 1247 4526 1424 4599; x_wconf 77' lang='grc' dir='ltr'><strong>ἀρχῆς</strong></span> <span class='ocrx_word' id='word_1_442' title='bbox 1464 4526 1772 4598; x_wconf 83' lang='grc' dir='ltr'><strong>ἀφθάρτους</strong></span> 
     </span>
    </p>
   </div>
   <div class='ocr_carea' id='block_1_60' title="bbox 1872 2029 2572 2088">
    <p class='ocr_par' dir='ltr' id='par_1_60' title="bbox 1872 2029 2572 2088">
     <span class='ocr_line' id='line_1_60' title="bbox 1872 2029 2572 2088; baseline 0.006 -4"><span class='ocrx_word' id='word_1_443' title='bbox 1872 2029 2137 2086; x_wconf 78' lang='lat' dir='ltr'><strong>bilitatem</strong></span> <span class='ocrx_word' id='word_1_444' title='bbox 2167 2046 2267 2087; x_wconf 91' lang='lat' dir='ltr'><strong>nos</strong></span> <span class='ocrx_word' id='word_1_445' title='bbox 2293 2033 2572 2088; x_wconf 80' lang='lat' dir='ltr'><strong>restituit?</strong></span> 
     </span>
    </p>
   </div>
   <div class='ocr_carea' id='block_1_61' title="bbox 1940 2121 3455 2198">
    <p class='ocr_par' dir='ltr' id='par_1_61' title="bbox 1940 2121 3455 2198">
     <span class='ocr_line' id='line_1_61' title="bbox 1940 2121 3455 2198; baseline 0.005 -23"><span class='ocrx_word' id='word_1_446' title='bbox 1940 2121 2032 2176; x_wconf 76' lang='lat'><strong>28.</strong></span> <span class='ocrx_word' id='word_1_447' title='bbox 2076 2121 2388 2180; x_wconf 88' lang='lat' dir='ltr'><strong>Secundum</strong></span> <span class='ocrx_word' id='word_1_448' title='bbox 2415 2141 2532 2190; x_wconf 89' lang='lat' dir='ltr'><strong>eos,</strong></span> <span class='ocrx_word' id='word_1_449' title='bbox 2576 2128 2670 2198; x_wconf 86' lang='lat' dir='ltr'><strong>qui</strong></span> <span class='ocrx_word' id='word_1_450' title='bbox 2714 2136 3056 2183; x_wconf 86' lang='lat' dir='ltr'><strong>mortuorum</strong></span> <span class='ocrx_word' id='word_1_451' title='bbox 3091 2129 3455 2184; x_wconf 87' lang='lat' dir='ltr'><strong>resurrectio-</strong></span> 
     </span>
    </p>
   </div>
   <div class='ocr_carea' id='block_1_62' title="bbox 1875 2207 3456 2288">
    <p class='ocr_par' dir='ltr' id='par_1_62' title="bbox 1875 2207 3456 2288">
     <span class='ocr_line' id='line_1_62' title="bbox 1875 2207 3456 2288; baseline 0.004 -18"><span class='ocrx_word' id='word_1_452' title='bbox 1875 2232 1997 2272; x_wconf 89' lang='lat' dir='ltr'><strong>nem</strong></span> <span class='ocrx_word' id='word_1_453' title='bbox 2026 2218 2278 2283; x_wconf 89' lang='lat' dir='ltr'><strong>credunt,</strong></span> <span class='ocrx_word' id='word_1_454' title='bbox 2312 2207 2474 2288; x_wconf 67' lang='lat' dir='ltr'><strong>justo~</strong></span> <span class='ocrx_word' id='word_1_455' title='bbox 2495 2219 2614 2275; x_wconf 73' lang='lat' dir='ltr'><strong>Dei‘</strong></span> <span class='ocrx_word' id='word_1_456' title='bbox 2634 2220 2845 2288; x_wconf 84' lang='lat' dir='ltr'><strong>judicio</strong></span> <span class='ocrx_word' id='word_1_457' title='bbox 2871 2229 2928 2275; x_wconf 90' lang='lat' dir='ltr'><strong>et</strong></span> <span class='ocrx_word' id='word_1_458' title='bbox 2967 2221 3234 2275; x_wconf 84' lang='lat' dir='ltr'><strong>morimur</strong></span> <span class='ocrx_word' id='word_1_459' title='bbox 3267 2229 3322 2276; x_wconf 89' lang='lat' dir='ltr'><strong>et</strong></span> <span class='ocrx_word' id='word_1_460' title='bbox 3369 2237 3456 2276; x_wconf 84' lang='lat' dir='ltr'><strong>re-</strong></span> 
     </span>
    </p>
   </div>
   <div class='ocr_carea' id='block_1_63' title="bbox 1875 2310 3456 2385">
    <p class='ocr_par' dir='ltr' id='par_1_63' title="bbox 1875 2310 3456 2385">
     <span class='ocr_line' id='line_1_63' title="bbox 1875 2310 3456 2385; baseline 0.004 -21"><span class='ocrx_word' id='word_1_461' title='bbox 1875 2310 2194 2368; x_wconf 81' lang='lat' dir='ltr'><strong>viviscimus</strong></span> <span class='ocrx_word' id='word_1_462' title='bbox 2225 2331 2238 2367; x_wconf 90' lang='lat'>:</span> <span class='ocrx_word' id='word_1_463' title='bbox 2279 2327 2342 2367; x_wconf 85' lang='lat' dir='ltr'><strong>ac</strong></span> <span class='ocrx_word' id='word_1_464' title='bbox 2376 2313 2508 2367; x_wconf 89' lang='lat' dir='ltr'><strong>illud</strong></span> <span class='ocrx_word' id='word_1_465' title='bbox 2544 2314 2764 2384; x_wconf 87' lang='lat' dir='ltr'><strong>quidem</strong></span> <span class='ocrx_word' id='word_1_466' title='bbox 2808 2322 3034 2385; x_wconf 87' lang='lat' dir='ltr'><strong>propter</strong></span> <span class='ocrx_word' id='word_1_467' title='bbox 3060 2313 3303 2370; x_wconf 86' lang='lat' dir='ltr'><strong>hominis</strong></span> <span class='ocrx_word' id='word_1_468' title='bbox 3335 2315 3456 2370; x_wconf 58' lang='lat' dir='ltr'><strong>ino.</strong></span> 
     </span>
    </p>
   </div>
   <div class='ocr_carea' id='block_1_64' title="bbox 1874 2403 3454 2478">
    <p class='ocr_par' dir='ltr' id='par_1_64' title="bbox 1874 2403 3454 2478">
     <span class='ocr_line' id='line_1_64' title="bbox 1874 2403 3454 2478; baseline 0.003 -19"><span class='ocrx_word' id='word_1_469' title='bbox 1874 2403 2229 2471; x_wconf 87' lang='lat' dir='ltr'><strong>bedientiam,</strong></span> <span class='ocrx_word' id='word_1_470' title='bbox 2255 2405 2358 2462; x_wconf 89' lang='lat' dir='ltr'><strong>hoc</strong></span> <span class='ocrx_word' id='word_1_471' title='bbox 2378 2422 2517 2462; x_wconf 57' lang='lat' dir='ltr'><strong>vero</strong></span> <span class='ocrx_word' id='word_1_472' title='bbox 2552 2415 2777 2478; x_wconf 87' lang='lat' dir='ltr'><strong>propter</strong></span> <span class='ocrx_word' id='word_1_473' title='bbox 2799 2408 3039 2462; x_wconf 88' lang='lat' dir='ltr'><strong>hominis</strong></span> <span class='ocrx_word' id='word_1_474' title='bbox 3060 2407 3454 2463; x_wconf 85' lang='lat' dir='ltr'><strong>obedientiam.</strong></span> 
     </span>
    </p>
   </div>
   <div class='ocr_carea' id='block_1_65' title="bbox 1875 2493 3458 2570">
    <p class='ocr_par' dir='ltr' id='par_1_65' title="bbox 1875 2493 3458 2570">
     <span class='ocr_line' id='line_1_65' title="bbox 1875 2493 3458 2570; baseline 0.003 -22"><span class='ocrx_word' id='word_1_475' title='bbox 1875 2493 2088 2560; x_wconf 82' lang='lat' dir='ltr'><strong>Quibus</strong></span> <span class='ocrx_word' id='word_1_476' title='bbox 2117 2511 2248 2567; x_wconf 78' lang='lat' dir='ltr'><strong>ergo</strong></span> <span class='ocrx_word' id='word_1_477' title='bbox 2277 2498 2471 2554; x_wconf 90' lang='lat' dir='ltr'><strong>mortis</strong></span> <span class='ocrx_word' id='word_1_478' title='bbox 2499 2498 2682 2570; x_wconf 78' lang='lat' dir='ltr'><strong>ignota</strong></span> <span class='ocrx_word' id='word_1_479' title='bbox 2715 2513 2878 2554; x_wconf 86' lang='lat' dir='ltr'><strong>causa</strong></span> <span class='ocrx_word' id='word_1_480' title='bbox 2914 2507 3020 2564; x_wconf 87' lang='lat' dir='ltr'><strong>est,</strong></span> <span class='ocrx_word' id='word_1_481' title='bbox 3061 2500 3128 2555; x_wconf 91' lang='lat' dir='ltr'><strong>iis</strong></span> <span class='ocrx_word' id='word_1_482' title='bbox 3162 2507 3217 2554; x_wconf 91' lang='lat' dir='ltr'><strong>et</strong></span> <span class='ocrx_word' id='word_1_483' title='bbox 3247 2507 3458 2553; x_wconf 65' lang='lat' dir='ltr'><strong>natura:</strong></span> 
     </span>
    </p>
   </div>
   <div class='ocr_carea' id='block_1_66' title="bbox 1875 2585 3460 2661">
    <p class='ocr_par' dir='ltr' id='par_1_66' title="bbox 1875 2585 3460 2661">
     <span class='ocr_line' id='line_1_66' title="bbox 1875 2585 3460 2661; baseline 0.003 -19"><span class='ocrx_word' id='word_1_484' title='bbox 1875 2588 2116 2646; x_wconf 85' lang='lat' dir='ltr'><strong>hominis</strong></span> <span class='ocrx_word' id='word_1_485' title='bbox 2166 2585 2422 2646; x_wconf 88' lang='lat' dir='ltr'><strong>conditor</strong></span> <span class='ocrx_word' id='word_1_486' title='bbox 2453 2591 2694 2661; x_wconf 81' lang='lat' dir='ltr'><strong>ignotus.</strong></span> <span class='ocrx_word' id='word_1_487' title='bbox 2749 2593 2888 2646; x_wconf 85' lang='lat' dir='ltr'><strong>Cum</strong></span> <span class='ocrx_word' id='word_1_488' title='bbox 2936 2599 3118 2647; x_wconf 89' lang='lat' dir='ltr'><strong>autem</strong></span> <span class='ocrx_word' id='word_1_489' title='bbox 3163 2599 3218 2647; x_wconf 94' lang='lat' dir='ltr'><strong>et</strong></span> <span class='ocrx_word' id='word_1_490' title='bbox 3263 2593 3460 2647; x_wconf 82' lang='lat' dir='ltr'><strong>mortis</strong></span> 
     </span>
    </p>
   </div>
   <div class='ocr_carea' id='block_1_67' title="bbox 1876 2684 3458 2756">
    <p class='ocr_par' dir='ltr' id='par_1_67' title="bbox 1876 2684 3458 2756">
     <span class='ocr_line' id='line_1_67' title="bbox 1876 2684 3458 2756; baseline 0.003 -23"><span class='ocrx_word' id='word_1_491' title='bbox 1876 2692 2121 2744; x_wconf 88' lang='lat' dir='ltr'><strong>causam,</strong></span> <span class='ocrx_word' id='word_1_492' title='bbox 2153 2690 2208 2737; x_wconf 90' lang='lat' dir='ltr'><strong>et</strong></span> <span class='ocrx_word' id='word_1_493' title='bbox 2253 2685 2463 2738; x_wconf 70' lang='lat' dir='ltr'><strong>natura:</strong></span> <span class='ocrx_word' id='word_1_494' title='bbox 2506 2684 2747 2741; x_wconf 90' lang='lat' dir='ltr'><strong>hominis</strong></span> <span class='ocrx_word' id='word_1_495' title='bbox 2783 2685 3126 2740; x_wconf 85' lang='lat' dir='ltr'><strong>conditorem</strong></span> <span class='ocrx_word' id='word_1_496' title='bbox 3169 2685 3458 2756; x_wconf 70' lang='lat' dir='ltr'><strong>ignorent,</strong></span> 
     </span>
    </p>
   </div>
   <div class='ocr_carea' id='block_1_68' title="bbox 1876 2773 3460 2849">
    <p class='ocr_par' dir='ltr' id='par_1_68' title="bbox 1876 2773 3460 2849">
     <span class='ocr_line' id='line_1_68' title="bbox 1876 2773 3460 2849; baseline 0.005 -24"><span class='ocrx_word' id='word_1_497' title='bbox 1876 2773 2153 2841; x_wconf 89' lang='lat' dir='ltr'><strong>quomodo</strong></span> <span class='ocrx_word' id='word_1_498' title='bbox 2177 2790 2286 2830; x_wconf 90' lang='lat' dir='ltr'><strong>non</strong></span> <span class='ocrx_word' id='word_1_499' title='bbox 2317 2776 2670 2832; x_wconf 90' lang='lat' dir='ltr'><strong>tribuendum</strong></span> <span class='ocrx_word' id='word_1_500' title='bbox 2711 2777 3060 2847; x_wconf 79' lang='lat' dir='ltr'><strong>ignOrationi,</strong></span> <span class='ocrx_word' id='word_1_501' title='bbox 3097 2777 3246 2849; x_wconf 90' lang='lat' dir='ltr'><strong>quod</strong></span> <span class='ocrx_word' id='word_1_502' title='bbox 3271 2778 3460 2834; x_wconf 76' lang='lat' dir='ltr'><strong>dicunt</strong></span> 
     </span>
    </p>
   </div>
   <div class='ocr_carea' id='block_1_69' title="bbox 1877 2868 3041 2927">
    <p class='ocr_par' dir='ltr' id='par_1_69' title="bbox 1877 2868 3041 2927">
     <span class='ocr_line' id='line_1_69' title="bbox 1877 2868 3041 2927; baseline 0.007 -11"><span class='ocrx_word' id='word_1_503' title='bbox 1877 2874 2219 2922; x_wconf 76' lang='lat' dir='ltr'><strong>triortuorum</strong></span> <span class='ocrx_word' id='word_1_504' title='bbox 2253 2868 2713 2926; x_wconf 81' lang='lat' dir='ltr'><strong>resurrectionem</strong></span> <span class='ocrx_word' id='word_1_505' title='bbox 2750 2885 2859 2924; x_wconf 84' lang='lat' dir='ltr'><strong>non</strong></span> <span class='ocrx_word' id='word_1_506' title='bbox 2885 2870 3041 2927; x_wconf 83' lang='lat' dir='ltr'><strong>esse?</strong></span> 
     </span>
    </p>
   </div>
   <div class='ocr_carea' id='block_1_70' title="bbox 1949 3045 3460 3106">
    <p class='ocr_par' dir='ltr' id='par_1_70' title="bbox 1949 3045 3460 3106">
     <span class='ocr_line' id='line_1_70' title="bbox 1949 3045 3460 3106; baseline 0.005 -7"><span class='ocrx_word' id='word_1_507' title='bbox 1949 3045 2041 3099; x_wconf 80' lang='lat'><strong>29.</strong></span> <span class='ocrx_word' id='word_1_508' title='bbox 2081 3045 2246 3102; x_wconf 80' lang='lat' dir='ltr'><strong>Aliud</strong></span> <span class='ocrx_word' id='word_1_509' title='bbox 2277 3054 2364 3102; x_wconf 86' lang='lat' dir='ltr'><strong>est</strong></span> <span class='ocrx_word' id='word_1_510' title='bbox 2395 3047 2621 3103; x_wconf 87' lang='lat' dir='ltr'><strong>omnino</strong></span> <span class='ocrx_word' id='word_1_511' title='bbox 2662 3062 2773 3102; x_wconf 92' lang='lat' dir='ltr'><strong>non</strong></span> <span class='ocrx_word' id='word_1_512' title='bbox 2804 3065 2927 3106; x_wconf 83' lang='lat' dir='ltr'><strong>esse</strong></span> <span class='ocrx_word' id='word_1_513' title='bbox 2950 3057 3006 3104; x_wconf 91' lang='lat' dir='ltr'><strong>et</strong></span> <span class='ocrx_word' id='word_1_514' title='bbox 3038 3049 3187 3106; x_wconf 81' lang='lat' dir='ltr'><strong>aliud</strong></span> <span class='ocrx_word' id='word_1_515' title='bbox 3217 3051 3328 3106; x_wconf 82' lang='lat' dir='ltr'><strong>tale</strong></span> <span class='ocrx_word' id='word_1_516' title='bbox 3349 3067 3460 3106; x_wconf 88' lang='lat' dir='ltr'><strong>non</strong></span> 
     </span>
    </p>
   </div>
   <div class='ocr_carea' id='block_1_71' title="bbox 1874 3135 3463 3213">
    <p class='ocr_par' dir='ltr' id='par_1_71' title="bbox 1874 3135 3463 3213">
     <span class='ocr_line' id='line_1_71' title="bbox 1874 3135 3463 3213; baseline 0.004 -23"><span class='ocrx_word' id='word_1_517' title='bbox 1874 3147 2032 3201; x_wconf 86' lang='lat' dir='ltr'><strong>esse;</strong></span> <span class='ocrx_word' id='word_1_518' title='bbox 2059 3135 2210 3190; x_wconf 83' lang='lat' dir='ltr'><strong>velut</strong></span> <span class='ocrx_word' id='word_1_519' title='bbox 2245 3136 2394 3190; x_wconf 83' lang='lat' dir='ltr'><strong>aliud</strong></span> <span class='ocrx_word' id='word_1_520' title='bbox 2437 3145 2528 3192; x_wconf 92' lang='lat' dir='ltr'><strong>est</strong></span> <span class='ocrx_word' id='word_1_521' title='bbox 2561 3137 2842 3194; x_wconf 82' lang='lat' dir='ltr'><strong>hominem</strong></span> <span class='ocrx_word' id='word_1_522' title='bbox 2888 3139 3207 3196; x_wconf 86' lang='lat' dir='ltr'><strong>nullatenus</strong></span> <span class='ocrx_word' id='word_1_523' title='bbox 3239 3139 3377 3213; x_wconf 79' lang='lat' dir='ltr'><strong>ﬁeri,</strong></span> <span class='ocrx_word' id='word_1_524' title='bbox 3403 3153 3463 3198; x_wconf 82' lang='lat' dir='ltr'><strong>et</strong></span> 
     </span>
    </p>
   </div>
   <div class='ocr_carea' id='block_1_72' title="bbox 1880 3227 3462 3305">
    <p class='ocr_par' dir='ltr' id='par_1_72' title="bbox 1880 3227 3462 3305">
     <span class='ocr_line' id='line_1_72' title="bbox 1880 3227 3462 3305; baseline 0.006 -24"><span class='ocrx_word' id='word_1_525' title='bbox 1880 3227 2052 3293; x_wconf 81' lang='lat' dir='ltr'><strong>aliud,</strong></span> <span class='ocrx_word' id='word_1_526' title='bbox 2083 3235 2373 3298; x_wconf 79' lang='lat' dir='ltr'><strong>postquam</strong></span> <span class='ocrx_word' id='word_1_527' title='bbox 2404 3229 2584 3284; x_wconf 80' lang='lat' dir='ltr'><strong>factus</strong></span> <span class='ocrx_word' id='word_1_528' title='bbox 2611 3238 2717 3294; x_wconf 82' lang='lat' dir='ltr'><strong>est,</strong></span> <span class='ocrx_word' id='word_1_529' title='bbox 2749 3233 3054 3302; x_wconf 88' lang='lat' dir='ltr'><strong>corrumpi.</strong></span> <span class='ocrx_word' id='word_1_530' title='bbox 3087 3231 3154 3286; x_wconf 85' lang='lat' dir='ltr'><strong>Et</strong></span> <span class='ocrx_word' id='word_1_531' title='bbox 3191 3233 3322 3305; x_wconf 80' lang='lat' dir='ltr'><strong>quia</strong></span> <span class='ocrx_word' id='word_1_532' title='bbox 3351 3251 3462 3290; x_wconf 88' lang='lat' dir='ltr'><strong>non</strong></span> 
     </span>
    </p>
   </div>
   <div class='ocr_carea' id='block_1_73' title="bbox 1880 3319 3478 3393">
    <p class='ocr_par' dir='ltr' id='par_1_73' title="bbox 1880 3319 3478 3393">
     <span class='ocr_line' id='line_1_73' title="bbox 1880 3319 3478 3393; baseline 0.004 -20"><span class='ocrx_word' id='word_1_533' title='bbox 1880 3327 1966 3374; x_wconf 85' lang='lat' dir='ltr'><strong>est</strong></span> <span class='ocrx_word' id='word_1_534' title='bbox 1993 3319 2102 3374; x_wconf 87' lang='lat' dir='ltr'><strong>Deo</strong></span> <span class='ocrx_word' id='word_1_535' title='bbox 2129 3335 2271 3389; x_wconf 82' lang='lat' dir='ltr'><strong>opus</strong></span> <span class='ocrx_word' id='word_1_536' title='bbox 2299 3335 2466 3389; x_wconf 88' lang='lat' dir='ltr'><strong>opere</strong></span> <span class='ocrx_word' id='word_1_537' title='bbox 2504 3323 2824 3390; x_wconf 84' lang='lat' dir='ltr'><strong>operosius:</strong></span> <span class='ocrx_word' id='word_1_538' title='bbox 2857 3324 3134 3393; x_wconf 82' lang='lat' dir='ltr'><strong>quomodo</strong></span> <span class='ocrx_word' id='word_1_539' title='bbox 3165 3340 3274 3379; x_wconf 92' lang='lat' dir='ltr'><strong>non</strong></span> <span class='ocrx_word' id='word_1_540' title='bbox 3307 3340 3338 3381; x_wconf 82' lang='lat' dir='ltr'><strong>a</strong></span> <span class='ocrx_word' id='word_1_541' title='bbox 3373 3341 3478 3388; x_wconf 68' lang='grc' dir='ltr'><strong>τσο,</strong></span> 
     </span>
    </p>
   </div>
   <div class='ocr_carea' id='block_1_74' title="bbox 1879 3411 3460 3486">
    <p class='ocr_par' dir='ltr' id='par_1_74' title="bbox 1879 3411 3460 3486">
     <span class='ocr_line' id='line_1_74' title="bbox 1879 3411 3460 3486; baseline 0.006 -22"><span class='ocrx_word' id='word_1_542' title='bbox 1879 3411 2028 3466; x_wconf 88' lang='lat' dir='ltr'><strong>tione</strong></span> <span class='ocrx_word' id='word_1_543' title='bbox 2076 3411 2315 3465; x_wconf 87' lang='lat' dir='ltr'><strong>alienum</strong></span> <span class='ocrx_word' id='word_1_544' title='bbox 2358 3422 2444 3468; x_wconf 90' lang='lat' dir='ltr'><strong>est</strong></span> <span class='ocrx_word' id='word_1_545' title='bbox 2491 3412 2602 3468; x_wconf 90' lang='lat' dir='ltr'><strong>Deo</strong></span> <span class='ocrx_word' id='word_1_546' title='bbox 2645 3415 2905 3484; x_wconf 89' lang='lat' dir='ltr'><strong>quidem,</strong></span> <span class='ocrx_word' id='word_1_547' title='bbox 2949 3416 3093 3486; x_wconf 84' lang='lat' dir='ltr'><strong>qu’od</strong></span> <span class='ocrx_word' id='word_1_548' title='bbox 3145 3425 3356 3486; x_wconf 76' lang='lat' dir='ltr'><strong>spectat</strong></span> <span class='ocrx_word' id='word_1_549' title='bbox 3393 3421 3460 3475; x_wconf 83' lang='lat' dir='ltr'><strong>ad</strong></span> 
     </span>
    </p>
   </div>
   <div class='ocr_carea' id='block_1_75' title="bbox 1878 3503 3464 3572">
    <p class='ocr_par' dir='ltr' id='par_1_75' title="bbox 1878 3503 3464 3572">
     <span class='ocr_line' id='line_1_75' title="bbox 1878 3503 3464 3572; baseline 0.005 -16"><span class='ocrx_word' id='word_1_550' title='bbox 1878 3515 2091 3563; x_wconf 79' lang='lat' dir='ltr'><strong>eorum,</strong></span> <span class='ocrx_word' id='word_1_551' title='bbox 2126 3517 2247 3572; x_wconf 72' lang='lat' dir='ltr'><strong>quise</strong></span> <span class='ocrx_word' id='word_1_552' title='bbox 2302 3503 2530 3558; x_wconf 83' lang='lat' dir='ltr'><strong>omnino</strong></span> <span class='ocrx_word' id='word_1_553' title='bbox 2560 3518 2670 3558; x_wconf 87' lang='lat' dir='ltr'><strong>non</strong></span> <span class='ocrx_word' id='word_1_554' title='bbox 2714 3513 2908 3569; x_wconf 87' lang='lat' dir='ltr'><strong>erant,</strong></span> <span class='ocrx_word' id='word_1_555' title='bbox 2944 3506 3280 3562; x_wconf 80' lang='lat' dir='ltr'><strong>creationem</strong></span> <span class='ocrx_word' id='word_1_556' title='bbox 3339 3523 3464 3565; x_wconf 86' lang='lat' dir='ltr'><strong>crc-</strong></span> 
     </span>
    </p>
   </div>
   <div class='ocr_carea' id='block_1_76' title="bbox 1879 3595 3460 3672">
    <p class='ocr_par' dir='ltr' id='par_1_76' title="bbox 1879 3595 3460 3672">
     <span class='ocr_line' id='line_1_76' title="bbox 1879 3595 3460 3672; baseline 0.006 -22"><span class='ocrx_word' id='word_1_557' title='bbox 1879 3595 2039 3662; x_wconf 88' lang='lat' dir='ltr'><strong>dere;</strong></span> <span class='ocrx_word' id='word_1_558' title='bbox 2075 3595 2222 3666; x_wconf 85' lang='lat' dir='ltr'><strong>quod</strong></span> <span class='ocrx_word' id='word_1_559' title='bbox 2253 3603 2437 3652; x_wconf 84' lang='lat' dir='ltr'><strong>autem</strong></span> <span class='ocrx_word' id='word_1_560' title='bbox 2487 3597 2557 3651; x_wconf 86' lang='lat' dir='ltr'><strong>ad</strong></span> <span class='ocrx_word' id='word_1_561' title='bbox 2601 3611 2817 3662; x_wconf 89' lang='lat' dir='ltr'><strong>eorum,</strong></span> <span class='ocrx_word' id='word_1_562' title='bbox 2849 3612 2972 3669; x_wconf 76' lang='lat' dir='ltr'><strong>qua:</strong></span> <span class='ocrx_word' id='word_1_563' title='bbox 3007 3611 3276 3672; x_wconf 86' lang='lat' dir='ltr'><strong>corrupta</strong></span> <span class='ocrx_word' id='word_1_564' title='bbox 3307 3612 3460 3670; x_wconf 85' lang='lat' dir='ltr'><strong>sunt,</strong></span> 
     </span>
    </p>
   </div>
   <div class='ocr_carea' id='block_1_77' title="bbox 1879 3687 2816 3753">
    <p class='ocr_par' dir='ltr' id='par_1_77' title="bbox 1879 3687 2816 3753">
     <span class='ocr_line' id='line_1_77' title="bbox 1879 3687 2816 3753; baseline 0.002 -11"><span class='ocrx_word' id='word_1_565' title='bbox 1879 3687 2307 3753; x_wconf 82' lang='lat' dir='ltr'><strong>restitutionem,</strong></span> <span class='ocrx_word' id='word_1_566' title='bbox 2336 3689 2386 3744; x_wconf 87' lang='lat' dir='ltr'><strong>ei</strong></span> <span class='ocrx_word' id='word_1_567' title='bbox 2415 3704 2526 3744; x_wconf 82' lang='lat' dir='ltr'><strong>non</strong></span> <span class='ocrx_word' id='word_1_568' title='bbox 2557 3689 2816 3745; x_wconf 72' lang='lat' dir='ltr'><strong>credere?</strong></span> 
     </span>
    </p>
   </div>
   <div class='ocr_carea' id='block_1_78' title="bbox 1947 3779 3457 3854">
    <p class='ocr_par' dir='ltr' id='par_1_78' title="bbox 1947 3779 3457 3854">
     <span class='ocr_line' id='line_1_78' title="bbox 1947 3779 3457 3854; baseline 0.004 -19"><span class='ocrx_word' id='word_1_569' title='bbox 1947 3780 2042 3836; x_wconf 79' lang='lat'><strong>30.</strong></span> <span class='ocrx_word' id='word_1_570' title='bbox 2084 3779 2177 3847; x_wconf 87' lang='lat' dir='ltr'><strong>Si,</strong></span> <span class='ocrx_word' id='word_1_571' title='bbox 2229 3780 2693 3852; x_wconf 84' lang='lat' dir='ltr'><strong>quemadmodum</strong></span> <span class='ocrx_word' id='word_1_572' title='bbox 2737 3792 3030 3854; x_wconf 81' lang='lat' dir='ltr'><strong>antequam</strong></span> <span class='ocrx_word' id='word_1_573' title='bbox 3071 3785 3225 3840; x_wconf 83' lang='lat' dir='ltr'><strong>ﬁeret</strong></span> <span class='ocrx_word' id='word_1_574' title='bbox 3271 3786 3457 3851; x_wconf 85' lang='lat' dir='ltr'><strong>homo,</strong></span> 
     </span>
    </p>
   </div>
   <div class='ocr_carea' id='block_1_79' title="bbox 1878 3873 3460 3950">
    <p class='ocr_par' dir='ltr' id='par_1_79' title="bbox 1878 3873 3460 3950">
     <span class='ocr_line' id='line_1_79' title="bbox 1878 3873 3460 3950; baseline 0.005 -22"><span class='ocrx_word' id='word_1_575' title='bbox 1878 3882 2152 3944; x_wconf 83' lang='lat' dir='ltr'><strong>potestate</strong></span> <span class='ocrx_word' id='word_1_576' title='bbox 2180 3884 2300 3930; x_wconf 82' lang='lat' dir='ltr'><strong>erat</strong></span> <span class='ocrx_word' id='word_1_577' title='bbox 2335 3873 2391 3928; x_wconf 91' lang='lat' dir='ltr'><strong>in</strong></span> <span class='ocrx_word' id='word_1_578' title='bbox 2427 3874 2738 3941; x_wconf 81' lang='lat' dir='ltr'><strong>elementis.</strong></span> <span class='ocrx_word' id='word_1_579' title='bbox 2773 3891 2840 3932; x_wconf 81' lang='lat' dir='ltr'><strong>ex</strong></span> <span class='ocrx_word' id='word_1_580' title='bbox 2878 3878 3084 3946; x_wconf 83' lang='lat' dir='ltr'><strong>quibus</strong></span> <span class='ocrx_word' id='word_1_581' title='bbox 3139 3879 3318 3935; x_wconf 81' lang='lat' dir='ltr'><strong>factus</strong></span> <span class='ocrx_word' id='word_1_582' title='bbox 3352 3892 3460 3950; x_wconf 88' lang='lat' dir='ltr'><strong>est,</strong></span> 
     </span>
    </p>
   </div>
   <div class='ocr_carea' id='block_1_80' title="bbox 1880 3967 3459 4039">
    <p class='ocr_par' dir='ltr' id='par_1_80' title="bbox 1880 3967 3459 4039">
     <span class='ocr_line' id='line_1_80' title="bbox 1880 3967 3459 4039; baseline 0.004 -18"><span class='ocrx_word' id='word_1_583' title='bbox 1880 3967 1956 4021; x_wconf 89' lang='lat' dir='ltr'><strong>ita</strong></span> <span class='ocrx_word' id='word_1_584' title='bbox 1977 3975 2034 4021; x_wconf 87' lang='lat' dir='ltr'><strong>et</strong></span> <span class='ocrx_word' id='word_1_585' title='bbox 2063 3975 2354 4038; x_wconf 81' lang='lat' dir='ltr'><strong>postquam</strong></span> <span class='ocrx_word' id='word_1_586' title='bbox 2376 3977 2675 4038; x_wconf 90' lang='lat' dir='ltr'><strong>corruptus</strong></span> <span class='ocrx_word' id='word_1_587' title='bbox 2700 3977 2806 4034; x_wconf 84' lang='lat' dir='ltr'><strong>est,</strong></span> <span class='ocrx_word' id='word_1_588' title='bbox 2841 3978 3113 4039; x_wconf 84' lang='lat' dir='ltr'><strong>potestate</strong></span> <span class='ocrx_word' id='word_1_589' title='bbox 3145 3980 3232 4027; x_wconf 86' lang='lat' dir='ltr'><strong>est</strong></span> <span class='ocrx_word' id='word_1_590' title='bbox 3263 3974 3320 4028; x_wconf 91' lang='lat' dir='ltr'><strong>in</strong></span> <span class='ocrx_word' id='word_1_591' title='bbox 3343 3974 3459 4030; x_wconf 75' lang='lat' dir='ltr'><strong>elc—</strong></span> 
     </span>
    </p>
   </div>
   <div class='ocr_carea' id='block_1_81' title="bbox 1879 4059 3460 4132">
    <p class='ocr_par' dir='ltr' id='par_1_81' title="bbox 1879 4059 3460 4132">
     <span class='ocr_line' id='line_1_81' title="bbox 1879 4059 3460 4132; baseline 0.005 -20"><span class='ocrx_word' id='word_1_592' title='bbox 1879 4059 2128 4115; x_wconf 79' lang='lat' dir='ltr'><strong>mentisz&#39;</strong></span> <span class='ocrx_word' id='word_1_593' title='bbox 2157 4059 2434 4130; x_wconf 85' lang='lat' dir='ltr'><strong>quomodo</strong></span> <span class='ocrx_word' id='word_1_594' title='bbox 2466 4059 2643 4117; x_wconf 66' lang='lat' dir='ltr'><strong>Graeci</strong></span> <span class='ocrx_word' id='word_1_595' title='bbox 2690 4077 2799 4117; x_wconf 88' lang='lat' dir='ltr'><strong>non</strong></span> <span class='ocrx_word' id='word_1_596' title='bbox 2832 4062 3079 4124; x_wconf 86' lang='lat' dir='ltr'><strong>credunt</strong></span> <span class='ocrx_word' id='word_1_597' title='bbox 3132 4063 3263 4132; x_wconf 88' lang='lat' dir='ltr'><strong>Deo,</strong></span> <span class='ocrx_word' id='word_1_598' title='bbox 3311 4080 3460 4122; x_wconf 88' lang='lat' dir='ltr'><strong>mor—</strong></span> 
     </span>
    </p>
   </div>
   <div class='ocr_carea' id='block_1_82' title="bbox 1877 4157 3459 4230">
    <p class='ocr_par' dir='ltr' id='par_1_82' title="bbox 1877 4157 3459 4230">
     <span class='ocr_line' id='line_1_82' title="bbox 1877 4157 3459 4230; baseline 0.004 -21"><span class='ocrx_word' id='word_1_599' title='bbox 1877 4162 2004 4210; x_wconf 81' lang='lat' dir='ltr'><strong>tuos</strong></span> <span class='ocrx_word' id='word_1_600' title='bbox 2038 4170 2099 4210; x_wconf 87' lang='lat' dir='ltr'><strong>se</strong></span> <span class='ocrx_word' id='word_1_601' title='bbox 2149 4157 2609 4212; x_wconf 83' lang='lat' dir='ltr'><strong>resuscitaturum</strong></span> <span class='ocrx_word' id='word_1_602' title='bbox 2646 4157 3027 4226; x_wconf 81' lang='lat' dir='ltr'><strong>promittenti,</strong></span> <span class='ocrx_word' id='word_1_603' title='bbox 3061 4161 3226 4230; x_wconf 82' lang='lat' dir='ltr'><strong>quasi</strong></span> <span class='ocrx_word' id='word_1_604' title='bbox 3265 4175 3354 4215; x_wconf 87' lang='lat' dir='ltr'><strong>res</strong></span> <span class='ocrx_word' id='word_1_605' title='bbox 3389 4162 3459 4216; x_wconf 89' lang='lat' dir='ltr'><strong>sit</strong></span> 
     </span>
    </p>
   </div>
   <div class='ocr_carea' id='block_1_83' title="bbox 1879 4251 3461 4321">
    <p class='ocr_par' dir='ltr' id='par_1_83' title="bbox 1879 4251 3461 4321">
     <span class='ocr_line' id='line_1_83' title="bbox 1879 4251 3461 4321; baseline 0.004 -18"><span class='ocrx_word' id='word_1_606' title='bbox 1879 4251 2275 4321; x_wconf 80' lang='lat' dir='ltr'><strong>impossibilis,</strong></span> <span class='ocrx_word' id='word_1_607' title='bbox 2303 4266 2430 4306; x_wconf 87' lang='lat' dir='ltr'><strong>cum</strong></span> <span class='ocrx_word' id='word_1_608' title='bbox 2457 4252 2654 4316; x_wconf 87' lang='lat' dir='ltr'><strong>homo,</strong></span> <span class='ocrx_word' id='word_1_609' title='bbox 2689 4261 2750 4308; x_wconf 89' lang='lat' dir='ltr'><strong>ut</strong></span> <span class='ocrx_word' id='word_1_610' title='bbox 2777 4255 2910 4309; x_wconf 90' lang='lat' dir='ltr'><strong>olim</strong></span> <span class='ocrx_word' id='word_1_611' title='bbox 2942 4255 3218 4310; x_wconf 75' lang='lat' dir='ltr'><strong>creandos</strong></span> <span class='ocrx_word' id='word_1_612' title='bbox 3243 4295 3259 4318; x_wconf 85' lang='lat'><strong>,</strong></span> <span class='ocrx_word' id='word_1_613' title='bbox 3299 4255 3374 4309; x_wconf 79' lang='lat' dir='ltr'><strong>ita</strong></span> <span class='ocrx_word' id='word_1_614' title='bbox 3406 4265 3461 4309; x_wconf 87' lang='lat' dir='ltr'><strong>et</strong></span> 
     </span>
    </p>
   </div>
   <div class='ocr_carea' id='block_1_84' title="bbox 1878 4345 3312 4415">
    <p class='ocr_par' dir='ltr' id='par_1_84' title="bbox 1878 4345 3312 4415">
     <span class='ocr_line' id='line_1_84' title="bbox 1878 4345 3312 4415; baseline 0.003 -18"><span class='ocrx_word' id='word_1_615' title='bbox 1878 4359 2026 4399; x_wconf 91' lang='lat' dir='ltr'><strong>nunc</strong></span> <span class='ocrx_word' id='word_1_616' title='bbox 2051 4345 2452 4410; x_wconf 86' lang='lat' dir='ltr'><strong>restituendus,</strong></span> <span class='ocrx_word' id='word_1_617' title='bbox 2483 4351 2762 4415; x_wconf 84' lang='lat' dir='ltr'><strong>potestate</strong></span> <span class='ocrx_word' id='word_1_618' title='bbox 2797 4347 2851 4400; x_wconf 92' lang='lat' dir='ltr'><strong>in</strong></span> <span class='ocrx_word' id='word_1_619' title='bbox 2886 4347 3174 4402; x_wconf 89' lang='lat' dir='ltr'><strong>elementis</strong></span> <span class='ocrx_word' id='word_1_620' title='bbox 3204 4348 3312 4403; x_wconf 81' lang='lat' dir='ltr'><strong>sit?</strong></span> 
     </span>
    </p>
   </div>
   <div class='ocr_carea' id='block_1_85' title="bbox 1947 4526 3460 4600">
    <p class='ocr_par' dir='ltr' id='par_1_85' title="bbox 1947 4526 3460 4600">
     <span class='ocr_line' id='line_1_85' title="bbox 1947 4526 3460 4600; baseline -0.002 -17"><span class='ocrx_word' id='word_1_621' title='bbox 1947 4529 2116 4600; x_wconf 61' lang='lat'><strong>55.6</strong></span> <span class='ocrx_word' id='word_1_622' title='bbox 2147 4529 2235 4582; x_wconf 80' lang='lat'><strong>3|.</strong></span> <span class='ocrx_word' id='word_1_623' title='bbox 2279 4527 2338 4582; x_wconf 89' lang='lat' dir='ltr'><strong>Si</strong></span> <span class='ocrx_word' id='word_1_624' title='bbox 2385 4543 2494 4583; x_wconf 84' lang='lat' dir='ltr'><strong>non</strong></span> <span class='ocrx_word' id='word_1_625' title='bbox 2525 4528 2702 4597; x_wconf 89' lang='lat' dir='ltr'><strong>potuit</strong></span> <span class='ocrx_word' id='word_1_626' title='bbox 2734 4526 2876 4584; x_wconf 83' lang='lat' dir='ltr'><strong>Deus</strong></span> <span class='ocrx_word' id='word_1_627' title='bbox 2917 4527 2987 4580; x_wconf 87' lang='lat' dir='ltr'><strong>ab</strong></span> <span class='ocrx_word' id='word_1_628' title='bbox 3011 4527 3168 4582; x_wconf 88' lang='lat' dir='ltr'><strong>initio</strong></span> <span class='ocrx_word' id='word_1_629' title='bbox 3191 4526 3460 4581; x_wconf 72' lang='lat' dir='ltr'><strong>homines</strong></span> 
     </span>
    </p>
   </div>
   <div class='ocr_carea' id='block_1_86' title="bbox 195 4617 1771 4690">
    <p class='ocr_par' dir='ltr' id='par_1_86' title="bbox 195 4617 1768 4690">
     <span class='ocr_line' id='line_1_86' title="bbox 195 4617 1768 4690; baseline 0.001 -21"><span class='ocrx_word' id='word_1_630' title='bbox 195 4620 368 4670; x_wconf 84' lang='grc' dir='ltr'><strong>ποιεῖν</strong></span> <span class='ocrx_word' id='word_1_631' title='bbox 394 4618 520 4680; x_wconf 78' lang='grc' dir='ltr'><strong>τοὺς</strong></span> <span class='ocrx_word' id='word_1_632' title='bbox 547 4617 889 4688; x_wconf 81' lang='grc' dir='ltr'><strong>ἀνθρώπους,</strong></span> <span class='ocrx_word' id='word_1_633' title='bbox 945 4618 1108 4690; x_wconf 81' lang='grc' dir='ltr'><strong>δῆλον</strong></span> <span class='ocrx_word' id='word_1_634' title='bbox 1135 4620 1218 4672; x_wconf 84' lang='grc' dir='ltr'><strong>ὅτι</strong></span> <span class='ocrx_word' id='word_1_635' title='bbox 1248 4619 1372 4672; x_wconf 84' lang='grc' dir='ltr'><strong>οὐδὲ</strong></span> <span class='ocrx_word' id='word_1_636' title='bbox 1404 4618 1499 4672; x_wconf 81' lang='grc' dir='ltr'><strong>νῦν</strong></span> <span class='ocrx_word' id='word_1_637' title='bbox 1527 4619 1768 4672; x_wconf 85' lang='grc' dir='ltr'><strong>δύναται.</strong></span> 
     </span>
    </p>
   </div>
   <div class='ocr_carea' id='block_1_87' title="bbox 1876 4617 3461 4690">
    <p class='ocr_par' dir='ltr' id='par_1_87' title="bbox 1880 4619 3461 4690">
     <span class='ocr_line' id='line_1_87' title="bbox 1880 4619 3461 4690; baseline 0 -16"><span class='ocrx_word' id='word_1_638' title='bbox 1880 4620 2324 4689; x_wconf 86' lang='lat' dir='ltr'><strong>incorruptibiles</strong></span> <span class='ocrx_word' id='word_1_639' title='bbox 2352 4634 2562 4682; x_wconf 78' lang='lat' dir='ltr'><strong>creare,</strong></span> <span class='ocrx_word' id='word_1_640' title='bbox 2587 4619 2939 4690; x_wconf 84' lang='lat' dir='ltr'><strong>perspicuum</strong></span> <span class='ocrx_word' id='word_1_641' title='bbox 2960 4628 3043 4674; x_wconf 90' lang='lat' dir='ltr'><strong>est</strong></span> <span class='ocrx_word' id='word_1_642' title='bbox 3065 4635 3134 4674; x_wconf 87' lang='lat' dir='ltr'><strong>ne</strong></span> <span class='ocrx_word' id='word_1_643' title='bbox 3164 4635 3314 4674; x_wconf 89' lang='lat' dir='ltr'><strong>nunc</strong></span> <span class='ocrx_word' id='word_1_644' title='bbox 3335 4623 3461 4690; x_wconf 86' lang='lat' dir='ltr'><strong>qui-</strong></span> 
     </span>
    </p>
   </div>
   <div class='ocr_carea' id='block_1_88' title="bbox 194 4709 1773 4784">
    <p class='ocr_par' dir='ltr' id='par_1_88' title="bbox 194 4709 1773 4784">
     <span class='ocr_line' id='line_1_88' title="bbox 194 4709 1773 4784; baseline 0.002 -23"><span class='ocrx_word' id='word_1_645' title='bbox 194 4711 260 4762; x_wconf 81' lang='grc' dir='ltr'><strong>Εξ</strong></span> <span class='ocrx_word' id='word_1_646' title='bbox 293 4709 350 4761; x_wconf 82' lang='grc' dir='ltr'><strong>δὲ</strong></span> <span class='ocrx_word' id='word_1_647' title='bbox 380 4710 472 4762; x_wconf 73' lang='grc' dir='ltr'><strong>καὶ</strong></span> <span class='ocrx_word' id='word_1_648' title='bbox 503 4709 562 4774; x_wconf 73' lang='grc' dir='ltr'><strong>ἐξ</strong></span> <span class='ocrx_word' id='word_1_649' title='bbox 589 4712 764 4782; x_wconf 84' lang='grc' dir='ltr'><strong>ἀρχῆς</strong></span> <span class='ocrx_word' id='word_1_650' title='bbox 793 4710 917 4781; x_wconf 78' lang='grc' dir='ltr'><strong>ἔσχε</strong></span> <span class='ocrx_word' id='word_1_651' title='bbox 946 4711 1177 4783; x_wconf 86' lang='grc' dir='ltr'><strong>δύναμιν</strong></span> <span class='ocrx_word' id='word_1_652' title='bbox 1194 4709 1353 4765; x_wconf 74' lang='grc' dir='ltr'><strong>τοῦτο</strong></span> <span class='ocrx_word' id='word_1_653' title='bbox 1377 4712 1602 4784; x_wconf 85' lang='grc' dir='ltr'><strong>ποιῆσαι</strong></span> <span class='ocrx_word' id='word_1_654' title='bbox 1627 4713 1773 4782; x_wconf 80' lang='grc' dir='ltr'><strong>ἡμᾶς</strong></span> 
     </span>
    </p>
   </div>
   <div class='ocr_carea' id='block_1_89' title="bbox 194 4804 1772 4876">
    <p class='ocr_par' dir='ltr' id='par_1_89' title="bbox 194 4804 1772 4876">
     <span class='ocr_line' id='line_1_89' title="bbox 194 4804 1772 4876; baseline 0 -19"><span class='ocrx_word' id='word_1_655' title='bbox 194 4805 526 4874; x_wconf 79' lang='grc' dir='ltr'><strong>ἀφθάρτους,</strong></span> <span class='ocrx_word' id='word_1_656' title='bbox 561 4805 655 4857; x_wconf 75' lang='grc' dir='ltr'><strong>καὶ</strong></span> <span class='ocrx_word' id='word_1_657' title='bbox 683 4805 783 4858; x_wconf 77' lang='grc' dir='ltr'><strong>οὐκ</strong></span> <span class='ocrx_word' id='word_1_658' title='bbox 815 4804 1058 4858; x_wconf 76' lang='grc' dir='ltr'><strong>ἀπέϐαλε</strong></span> <span class='ocrx_word' id='word_1_659' title='bbox 1090 4805 1312 4876; x_wconf 79' lang='grc' dir='ltr'><strong>ταύτην,</strong></span> <span class='ocrx_word' id='word_1_660' title='bbox 1348 4805 1464 4866; x_wconf 81' lang='grc' dir='ltr'><strong>πῶς</strong></span> <span class='ocrx_word' id='word_1_661' title='bbox 1494 4806 1594 4858; x_wconf 81' lang='grc' dir='ltr'><strong>οὐκ</strong></span> <span class='ocrx_word' id='word_1_662' title='bbox 1626 4805 1772 4858; x_wconf 78' lang='grc' dir='ltr'><strong>ἔστιν</strong></span> 
     </span>
    </p>
   </div>
   <div class='ocr_carea' id='block_1_90' title="bbox 193 4896 1774 4969">
    <p class='ocr_par' dir='ltr' id='par_1_90' title="bbox 193 4896 1774 4969">
     <span class='ocr_line' id='line_1_90' title="bbox 193 4896 1774 4969; baseline -0.001 -17"><span class='ocrx_word' id='word_1_663' title='bbox 193 4897 387 4965; x_wconf 83' lang='grc' dir='ltr'><strong>ἄλογον</strong></span> <span class='ocrx_word' id='word_1_664' title='bbox 406 4896 488 4959; x_wconf 78' lang='grc' dir='ltr'><strong>τὸ,</strong></span> <span class='ocrx_word' id='word_1_665' title='bbox 511 4896 585 4960; x_wconf 83' lang='grc' dir='ltr'><strong>ὡς</strong></span> <span class='ocrx_word' id='word_1_666' title='bbox 619 4898 704 4950; x_wconf 78' lang='grc' dir='ltr'><strong>ἐπ’</strong></span> <span class='ocrx_word' id='word_1_667' title='bbox 721 4898 969 4968; x_wconf 89' lang='grc' dir='ltr'><strong>ἀδυνάτῳ</strong></span> <span class='ocrx_word' id='word_1_668' title='bbox 989 4898 1273 4969; x_wconf 85' lang='grc' dir='ltr'><strong>πράγματι</strong></span> <span class='ocrx_word' id='word_1_669' title='bbox 1299 4900 1482 4951; x_wconf 90' lang='grc' dir='ltr'><strong>πίστιν</strong></span> <span class='ocrx_word' id='word_1_670' title='bbox 1515 4899 1625 4969; x_wconf 73' lang='grc'><strong>(45)</strong></span> <span class='ocrx_word' id='word_1_671' title='bbox 1656 4898 1774 4968; x_wconf 83' lang='grc' dir='ltr'><strong>Θεῴ</strong></span> 
     </span>
    </p>
   </div>
   <div class='ocr_carea' id='block_1_91' title="bbox 192 4990 1772 5063">
    <p class='ocr_par' dir='ltr' id='par_1_91' title="bbox 192 4990 1772 5063">
     <span class='ocr_line' id='line_1_91' title="bbox 192 4990 1772 5063; baseline -0.001 -19"><span class='ocrx_word' id='word_1_672' title='bbox 192 4991 645 5061; x_wconf 73' lang='grc' dir='ltr'><strong>ὲπαγγειλαμὲνῳ</strong></span> <span class='ocrx_word' id='word_1_673' title='bbox 671 4990 793 5043; x_wconf 84' lang='grc' dir='ltr'><strong>καθ’</strong></span> <span class='ocrx_word' id='word_1_674' title='bbox 817 4991 1077 5061; x_wconf 83' lang='grc' dir='ltr'><strong>ὁμοίωσιν</strong></span> <span class='ocrx_word' id='word_1_675' title='bbox 1101 4991 1196 5044; x_wconf 79' lang='grc' dir='ltr'><strong>τοῦ</strong></span> <span class='ocrx_word' id='word_1_676' title='bbox 1224 4991 1538 5063; x_wconf 78' lang='grc' dir='ltr'><strong>ἐγερθέντος</strong></span> <span class='ocrx_word' id='word_1_677' title='bbox 1569 4993 1634 5044; x_wconf 83' lang='grc' dir='ltr'><strong>ὲκ</strong></span> <span class='ocrx_word' id='word_1_678' title='bbox 1664 4990 1772 5042; x_wconf 81' lang='grc' dir='ltr'><strong>τῶν</strong></span> 
     </span>
    </p>
   </div>
   <div class='ocr_carea' id='block_1_92' title="bbox 192 5078 1772 5156">
    <p class='ocr_par' dir='ltr' id='par_1_92' title="bbox 192 5078 1772 5156">
     <span class='ocr_line' id='line_1_92' title="bbox 192 5078 1772 5156; baseline -0.001 -19"><span class='ocrx_word' id='word_1_679' title='bbox 192 5084 404 5156; x_wconf 85' lang='grc' dir='ltr'><strong>νεκρῶν</strong></span> <span class='ocrx_word' id='word_1_680' title='bbox 459 5085 551 5137; x_wconf 85' lang='grc' dir='ltr'><strong>ὑπ’</strong></span> <span class='ocrx_word' id='word_1_681' title='bbox 595 5083 759 5137; x_wconf 79' lang='grc' dir='ltr'><strong>αὑτοῦ</strong></span> <span class='ocrx_word' id='word_1_682' title='bbox 807 5087 885 5147; x_wconf 87' lang='grc' dir='ltr'><strong>είς</strong></span> <span class='ocrx_word' id='word_1_683' title='bbox 912 5078 1205 5155; x_wconf 43' lang='grc' dir='ltr'><strong>’ἄφθαρτον</strong></span> <span class='ocrx_word' id='word_1_684' title='bbox 1251 5085 1414 5156; x_wconf 75' lang='grc' dir='ltr'><strong>ζωὴν,</strong></span> <span class='ocrx_word' id='word_1_685' title='bbox 1463 5084 1772 5155; x_wconf 80' lang='grc' dir='ltr'><strong>ἀφθάρτους</strong></span> 
     </span>
    </p>
   </div>
   <div class='ocr_carea' id='block_1_93' title="bbox 193 5176 1248 5257">
    <p class='ocr_par' dir='ltr' id='par_1_93' title="bbox 193 5176 1248 5248">
     <span class='ocr_line' id='line_1_93' title="bbox 193 5176 1248 5248; baseline 0 -18"><span class='ocrx_word' id='word_1_686' title='bbox 193 5180 367 5230; x_wconf 88' lang='grc' dir='ltr'><strong>ποιεῖν</strong></span> <span class='ocrx_word' id='word_1_687' title='bbox 394 5179 488 5232; x_wconf 79' lang='grc' dir='ltr'><strong>καὶ</strong></span> <span class='ocrx_word' id='word_1_688' title='bbox 511 5180 636 5241; x_wconf 81' lang='grc' dir='ltr'><strong>τοὺς</strong></span> <span class='ocrx_word' id='word_1_689' title='bbox 658 5176 875 5240; x_wconf 81' lang='grc' dir='ltr'><strong>λοιποὺς</strong></span> <span class='ocrx_word' id='word_1_690' title='bbox 901 5177 1248 5248; x_wconf 54' lang='grc' dir='ltr'><strong>ἀνθρώπους</strong></span> 
     </span>
    </p>
   </div>
   <div class='ocr_carea' id='block_1_94' title="bbox 261 5352 1766 5429">
    <p class='ocr_par' dir='ltr' id='par_1_94' title="bbox 261 5352 1766 5429">
     <span class='ocr_line' id='line_1_94' title="bbox 261 5352 1766 5429; baseline 0.001 -21"><span class='ocrx_word' id='word_1_691' title='bbox 261 5352 361 5408; x_wconf 83' lang='grc' dir='ltr'><strong>λ6’.</strong></span> <span class='ocrx_word' id='word_1_692' title='bbox 397 5356 632 5427; x_wconf 86' lang='grc' dir='ltr'><strong>Δυνάμει</strong></span> <span class='ocrx_word' id='word_1_693' title='bbox 663 5355 726 5409; x_wconf 84' lang='grc' dir='ltr'><strong>τὺ</strong></span> <span class='ocrx_word' id='word_1_694' title='bbox 755 5355 893 5419; x_wconf 78' lang='grc' dir='ltr'><strong>ζῶον</strong></span> <span class='ocrx_word' id='word_1_695' title='bbox 941 5356 1001 5408; x_wconf 84' lang='grc' dir='ltr'><strong>ὲν</strong></span> <span class='ocrx_word' id='word_1_696' title='bbox 1033 5356 1111 5426; x_wconf 80' lang='grc' dir='ltr'><strong>τῷ</strong></span> <span class='ocrx_word' id='word_1_697' title='bbox 1154 5359 1428 5429; x_wconf 82' lang='grc' dir='ltr'><strong>σπέρματι</strong></span> <span class='ocrx_word' id='word_1_698' title='bbox 1460 5359 1526 5428; x_wconf 79' lang='grc' dir='ltr'><strong>τῇ</strong></span> <span class='ocrx_word' id='word_1_699' title='bbox 1576 5357 1731 5426; x_wconf 81' lang='grc' dir='ltr'><strong>φύσει</strong></span> <span class='ocrx_word' id='word_1_700' title='bbox 1753 5375 1766 5388; x_wconf 73' lang='grc' dir='ltr'><strong>ο</strong></span> 
     </span>
    </p>
   </div>
   <div class='ocr_carea' id='block_1_95' title="bbox 191 5448 1765 5521">
    <p class='ocr_par' dir='ltr' id='par_1_95' title="bbox 191 5448 1765 5521">
     <span class='ocr_line' id='line_1_95' title="bbox 191 5448 1765 5521; baseline 0 -18"><span class='ocrx_word' id='word_1_701' title='bbox 191 5450 420 5521; x_wconf 81' lang='grc' dir='ltr'><strong>δυνάμει</strong></span> <span class='ocrx_word' id='word_1_702' title='bbox 447 5449 601 5520; x_wconf 84' lang='grc' dir='ltr'><strong>κλίνη</strong></span> <span class='ocrx_word' id='word_1_703' title='bbox 628 5451 687 5502; x_wconf 84' lang='grc' dir='ltr'><strong>ὲν</strong></span> <span class='ocrx_word' id='word_1_704' title='bbox 717 5448 796 5520; x_wconf 80' lang='grc' dir='ltr'><strong>τῷ</strong></span> <span class='ocrx_word' id='word_1_705' title='bbox 830 5448 970 5518; x_wconf 82' lang='grc' dir='ltr'><strong>ξύλῳ</strong></span> <span class='ocrx_word' id='word_1_706' title='bbox 1001 5451 1068 5519; x_wconf 78' lang='grc' dir='ltr'><strong>τῇ</strong></span> <span class='ocrx_word' id='word_1_707' title='bbox 1098 5449 1278 5520; x_wconf 75' lang='grc' dir='ltr'><strong>τέχνῃο</strong></span> <span class='ocrx_word' id='word_1_708' title='bbox 1314 5450 1540 5520; x_wconf 81' lang='grc' dir='ltr'><strong>δυνάμει</strong></span> <span class='ocrx_word' id='word_1_709' title='bbox 1565 5453 1614 5502; x_wconf 73' lang='lat' dir='ltr'><strong>oi</strong></span> <span class='ocrx_word' id='word_1_710' title='bbox 1648 5453 1765 5504; x_wconf 89' lang='grc' dir='ltr'><strong>ἀνι-</strong></span> 
     </span>
    </p>
   </div>
   <div class='ocr_carea' id='block_1_96' title="bbox 195 5546 1770 5618">
    <p class='ocr_par' dir='ltr' id='par_1_96' title="bbox 195 5546 1770 5618">
     <span class='ocr_line' id='line_1_96' title="bbox 195 5546 1770 5618; baseline -0.002 -15"><span class='ocrx_word' id='word_1_711' title='bbox 195 5548 450 5618; x_wconf 81' lang='grc' dir='ltr'><strong>στάμενοι</strong></span> <span class='ocrx_word' id='word_1_712' title='bbox 485 5551 542 5602; x_wconf 85' lang='grc' dir='ltr'><strong>ὲν</strong></span> <span class='ocrx_word' id='word_1_713' title='bbox 574 5551 688 5610; x_wconf 85' lang='grc' dir='ltr'><strong>τοῖς</strong></span> <span class='ocrx_word' id='word_1_714' title='bbox 719 5547 1006 5618; x_wconf 84' lang='grc' dir='ltr'><strong>στοιχείοις</strong></span> <span class='ocrx_word' id='word_1_715' title='bbox 1036 5546 1114 5617; x_wconf 83' lang='grc' dir='ltr'><strong>τῷ</strong></span> <span class='ocrx_word' id='word_1_716' title='bbox 1146 5547 1282 5618; x_wconf 82' lang='grc' dir='ltr'><strong>Θεῷ.</strong></span> <span class='ocrx_word' id='word_1_717' title='bbox 1333 5549 1470 5601; x_wconf 70' lang='grc' dir='ltr'><strong>Ἀλλ’</strong></span> <span class='ocrx_word' id='word_1_718' title='bbox 1504 5551 1551 5601; x_wconf 88' lang='grc' dir='ltr'><strong>εἰ</strong></span> <span class='ocrx_word' id='word_1_719' title='bbox 1585 5547 1770 5610; x_wconf 80' lang='grc' dir='ltr'><strong>τοῦτο,</strong></span> 
     </span>
    </p>
   </div>
   <div class='ocr_carea' id='block_1_97' title="bbox 193 5620 1767 5711">
    <p class='ocr_par' dir='ltr' id='par_1_97' title="bbox 193 5620 1767 5711">
     <span class='ocr_line' id='line_1_97' title="bbox 193 5620 1767 5711; baseline -0.003 -14"><span class='ocrx_word' id='word_1_720' title='bbox 193 5641 313 5705; x_wconf 69' lang='grc' dir='ltr'><strong>πῶς</strong></span> <span class='ocrx_word' id='word_1_721' title='bbox 339 5641 440 5696; x_wconf 80' lang='grc' dir='ltr'><strong>οὐκ</strong></span> <span class='ocrx_word' id='word_1_722' title='bbox 467 5640 610 5694; x_wconf 76' lang='grc' dir='ltr'><strong>ἔστιν</strong></span> <span class='ocrx_word' id='word_1_723' title='bbox 652 5620 850 5696; x_wconf 70' lang='grc' dir='ltr'><strong>ἄτοπον</strong></span> <span class='ocrx_word' id='word_1_724' title='bbox 882 5640 945 5694; x_wconf 81' lang='grc' dir='ltr'><strong>τὸ</strong></span> <span class='ocrx_word' id='word_1_725' title='bbox 973 5639 1248 5693; x_wconf 81' lang='grc' dir='ltr'><strong>πιστεύειν</strong></span> <span class='ocrx_word' id='word_1_726' title='bbox 1278 5641 1375 5710; x_wconf 79' lang='grc' dir='ltr'><strong>μὲν</strong></span> <span class='ocrx_word' id='word_1_727' title='bbox 1409 5643 1472 5711; x_wconf 81' lang='grc' dir='ltr'><strong>τῇ</strong></span> <span class='ocrx_word' id='word_1_728' title='bbox 1510 5640 1667 5710; x_wconf 69' lang='grc' dir='ltr'><strong>φύσει</strong></span> <span class='ocrx_word' id='word_1_729' title='bbox 1699 5641 1767 5693; x_wconf 74' lang='grc' dir='ltr'><strong>τὰ</strong></span> 
     </span>
    </p>
   </div>
   <div class='ocr_carea' id='block_1_98' title="bbox 266 5795 1767 5869">
    <p class='ocr_par' dir='ltr' id='par_1_98' title="bbox 266 5795 1767 5869">
     <span class='ocr_line' id='line_1_98' title="bbox 266 5795 1767 5869; baseline 0 -18"><span class='ocrx_word' id='word_1_730' title='bbox 266 5797 378 5869; x_wconf 65' lang='grc'><strong>(44)</strong></span> <span class='ocrx_word' id='word_1_731' title='bbox 413 5796 760 5869; x_wconf 71' lang='grc' dir='ltr'><strong>Συνεχώρει.</strong></span> <span class='ocrx_word' id='word_1_732' title='bbox 799 5795 944 5869; x_wconf 80' lang='lat' dir='ltr'><strong>Lego</strong></span> <span class='ocrx_word' id='word_1_733' title='bbox 985 5799 1045 5850; x_wconf 85' lang='grc' dir='ltr'><strong>οὑ</strong></span> <span class='ocrx_word' id='word_1_734' title='bbox 1075 5795 1389 5869; x_wconf 74' lang='grc' dir='ltr'><strong>συνεχώρει,</strong></span> <span class='ocrx_word' id='word_1_735' title='bbox 1441 5795 1569 5864; x_wconf 86' lang='lat' dir='ltr'><strong>quia</strong></span> <span class='ocrx_word' id='word_1_736' title='bbox 1604 5797 1767 5851; x_wconf 80' lang='lat' dir='ltr'><strong>nilni-</strong></span> 
     </span>
    </p>
   </div>
   <div class='ocr_carea' id='block_1_99' title="bbox 195 5867 1765 5937">
    <p class='ocr_par' dir='ltr' id='par_1_99' title="bbox 195 5867 1765 5937">
     <span class='ocr_line' id='line_1_99' title="bbox 195 5867 1765 5937; baseline -0.001 -13"><span class='ocrx_word' id='word_1_737' title='bbox 195 5867 313 5924; x_wconf 76' lang='grc' dir='ltr'><strong>τιιιίι</strong></span> <span class='ocrx_word' id='word_1_738' title='bbox 360 5867 546 5933; x_wconf 66' lang='grc' dir='ltr'><strong>ιιιοὶοιν</strong></span> <span class='ocrx_word' id='word_1_739' title='bbox 609 5879 754 5922; x_wconf 80' lang='lat' dir='ltr'><strong>esset</strong></span> <span class='ocrx_word' id='word_1_740' title='bbox 803 5868 1137 5937; x_wconf 64' lang='lat' dir='ltr'><strong>poenitentiae</strong></span> <span class='ocrx_word' id='word_1_741' title='bbox 1196 5867 1526 5935; x_wconf 81' lang='lat' dir='ltr'><strong>signiﬁcatio</strong></span> <span class='ocrx_word' id='word_1_742' title='bbox 1583 5869 1636 5922; x_wconf 92' lang='lat' dir='ltr'><strong>in</strong></span> <span class='ocrx_word' id='word_1_743' title='bbox 1672 5869 1765 5924; x_wconf 83' lang='lat' dir='ltr'><strong>de-</strong></span> 
     </span>
    </p>
   </div>
   <div class='ocr_carea' id='block_1_100' title="bbox 190 5939 1306 6009">
    <p class='ocr_par' dir='ltr' id='par_1_100' title="bbox 190 5939 1306 6009">
     <span class='ocr_line' id='line_1_100' title="bbox 190 5939 1306 6009; baseline -0.004 -12"><span class='ocrx_word' id='word_1_744' title='bbox 190 5939 456 5998; x_wconf 79' lang='lat' dir='ltr'><strong>struendo</strong></span> <span class='ocrx_word' id='word_1_745' title='bbox 488 5956 649 6009; x_wconf 78' lang='lat' dir='ltr'><strong>opere</strong></span> <span class='ocrx_word' id='word_1_746' title='bbox 671 5955 832 6009; x_wconf 84' lang='lat' dir='ltr'><strong>quam</strong></span> <span class='ocrx_word' id='word_1_747' title='bbox 863 5940 914 5993; x_wconf 92' lang='lat' dir='ltr'><strong>in</strong></span> <span class='ocrx_word' id='word_1_748' title='bbox 950 5939 1306 5993; x_wconf 78' lang='lat' dir='ltr'><strong>restituendo.</strong></span> 
     </span>
    </p>
   </div>
   <div class='ocr_carea' id='block_1_101' title="bbox 1881 4709 3457 4781">
    <p class='ocr_par' dir='ltr' id='par_1_101' title="bbox 1881 4709 3457 4781">
     <span class='ocr_line' id='line_1_101' title="bbox 1881 4709 3457 4781; baseline -0.001 -15"><span class='ocrx_word' id='word_1_749' title='bbox 1881 4713 2005 4766; x_wconf 78' lang='lat' dir='ltr'><strong>dein</strong></span> <span class='ocrx_word' id='word_1_750' title='bbox 2037 4727 2220 4781; x_wconf 89' lang='lat' dir='ltr'><strong>posse.</strong></span> <span class='ocrx_word' id='word_1_751' title='bbox 2261 4709 2356 4765; x_wconf 90' lang='lat' dir='ltr'><strong>Sin</strong></span> <span class='ocrx_word' id='word_1_752' title='bbox 2384 4711 2454 4764; x_wconf 85' lang='lat' dir='ltr'><strong>ab</strong></span> <span class='ocrx_word' id='word_1_753' title='bbox 2478 4711 2634 4764; x_wconf 85' lang='lat' dir='ltr'><strong>initio</strong></span> <span class='ocrx_word' id='word_1_754' title='bbox 2667 4725 2731 4764; x_wconf 89' lang='lat' dir='ltr'><strong>ea</strong></span> <span class='ocrx_word' id='word_1_755' title='bbox 2760 4710 2862 4764; x_wconf 79' lang='lat' dir='ltr'><strong>fuit</strong></span> <span class='ocrx_word' id='word_1_756' title='bbox 2890 4710 3152 4780; x_wconf 71' lang='lat' dir='ltr'><strong>pneditus</strong></span> <span class='ocrx_word' id='word_1_757' title='bbox 3193 4713 3457 4780; x_wconf 84' lang='lat' dir='ltr'><strong>potentia,</strong></span> 
     </span>
    </p>
   </div>
   <div class='ocr_carea' id='block_1_102' title="bbox 1881 4804 3460 4873">
    <p class='ocr_par' dir='ltr' id='par_1_102' title="bbox 1881 4804 3460 4873">
     <span class='ocr_line' id='line_1_102' title="bbox 1881 4804 3460 4873; baseline -0.001 -13"><span class='ocrx_word' id='word_1_758' title='bbox 1881 4815 1936 4860; x_wconf 91' lang='lat' dir='ltr'><strong>ut</strong></span> <span class='ocrx_word' id='word_1_759' title='bbox 1973 4821 2074 4861; x_wconf 91' lang='lat' dir='ltr'><strong>nos</strong></span> <span class='ocrx_word' id='word_1_760' title='bbox 2116 4812 2326 4859; x_wconf 84' lang='lat' dir='ltr'><strong>crearet</strong></span> <span class='ocrx_word' id='word_1_761' title='bbox 2376 4804 2846 4873; x_wconf 86' lang='lat' dir='ltr'><strong>incorruptibiles,</strong></span> <span class='ocrx_word' id='word_1_762' title='bbox 2890 4819 3120 4873; x_wconf 88' lang='lat' dir='ltr'><strong>eamque</strong></span> <span class='ocrx_word' id='word_1_763' title='bbox 3164 4818 3274 4858; x_wconf 89' lang='lat' dir='ltr'><strong>non</strong></span> <span class='ocrx_word' id='word_1_764' title='bbox 3309 4804 3460 4872; x_wconf 74' lang='lat' dir='ltr'><strong>abie-</strong></span> 
     </span>
    </p>
   </div>
   <div class='ocr_carea' id='block_1_103' title="bbox 1878 4897 3457 4968">
    <p class='ocr_par' dir='ltr' id='par_1_103' title="bbox 1878 4897 3457 4968">
     <span class='ocr_line' id='line_1_103' title="bbox 1878 4897 3457 4968; baseline -0.002 -15"><span class='ocrx_word' id='word_1_765' title='bbox 1878 4901 2000 4954; x_wconf 81' lang='lat' dir='ltr'><strong>citz‘</strong></span> <span class='ocrx_word' id='word_1_766' title='bbox 2030 4898 2309 4968; x_wconf 90' lang='lat' dir='ltr'><strong>quomodo</strong></span> <span class='ocrx_word' id='word_1_767' title='bbox 2335 4913 2444 4951; x_wconf 90' lang='lat' dir='ltr'><strong>non</strong></span> <span class='ocrx_word' id='word_1_768' title='bbox 2477 4912 2507 4950; x_wconf 87' lang='lat' dir='ltr'><strong>a</strong></span> <span class='ocrx_word' id='word_1_769' title='bbox 2538 4897 2752 4951; x_wconf 89' lang='lat' dir='ltr'><strong>ratione</strong></span> <span class='ocrx_word' id='word_1_770' title='bbox 2793 4897 3052 4958; x_wconf 86' lang='lat' dir='ltr'><strong>alienum,</strong></span> <span class='ocrx_word' id='word_1_771' title='bbox 3078 4903 3138 4949; x_wconf 90' lang='lat' dir='ltr'><strong>ut</strong></span> <span class='ocrx_word' id='word_1_772' title='bbox 3171 4897 3226 4950; x_wconf 91' lang='lat' dir='ltr'><strong>in</strong></span> <span class='ocrx_word' id='word_1_773' title='bbox 3253 4913 3314 4951; x_wconf 86' lang='lat' dir='ltr'><strong>re</strong></span> <span class='ocrx_word' id='word_1_774' title='bbox 3352 4899 3457 4951; x_wconf 86' lang='lat' dir='ltr'><strong>im-</strong></span> 
     </span>
    </p>
   </div>
   <div class='ocr_carea' id='block_1_104' title="bbox 1880 4989 3458 5064">
    <p class='ocr_par' dir='ltr' id='par_1_104' title="bbox 1880 4989 3458 5064">
     <span class='ocr_line' id='line_1_104' title="bbox 1880 4989 3458 5064; baseline -0.003 -16"><span class='ocrx_word' id='word_1_775' title='bbox 1880 4992 2153 5064; x_wconf 88' lang='lat' dir='ltr'><strong>possibili,</strong></span> <span class='ocrx_word' id='word_1_776' title='bbox 2189 4991 2300 5047; x_wconf 81' lang='lat' dir='ltr'><strong>Deo</strong></span> <span class='ocrx_word' id='word_1_777' title='bbox 2325 5006 2432 5046; x_wconf 91' lang='lat' dir='ltr'><strong>non</strong></span> <span class='ocrx_word' id='word_1_778' title='bbox 2459 4991 2686 5045; x_wconf 85' lang='lat' dir='ltr'><strong>credere</strong></span> <span class='ocrx_word' id='word_1_779' title='bbox 2717 4989 2995 5060; x_wconf 87' lang='lat' dir='ltr'><strong>pollicenti</strong></span> <span class='ocrx_word' id='word_1_780' title='bbox 3020 5005 3079 5043; x_wconf 88' lang='lat' dir='ltr'><strong>se</strong></span> <span class='ocrx_word' id='word_1_781' title='bbox 3106 4990 3175 5044; x_wconf 89' lang='lat' dir='ltr'><strong>ad</strong></span> <span class='ocrx_word' id='word_1_782' title='bbox 3200 4991 3458 5046; x_wconf 72' lang='lat' dir='ltr'><strong>similitu-</strong></span> 
     </span>
    </p>
   </div>
   <div class='ocr_carea' id='block_1_105' title="bbox 1879 5079 3456 5152">
    <p class='ocr_par' dir='ltr' id='par_1_105' title="bbox 1879 5079 3456 5152">
     <span class='ocr_line' id='line_1_105' title="bbox 1879 5079 3456 5152; baseline -0.004 -13"><span class='ocrx_word' id='word_1_783' title='bbox 1879 5085 2060 5140; x_wconf 88' lang='lat' dir='ltr'><strong>dinem</strong></span> <span class='ocrx_word' id='word_1_784' title='bbox 2095 5084 2262 5145; x_wconf 83' lang='lat' dir='ltr'><strong>illius,</strong></span> <span class='ocrx_word' id='word_1_785' title='bbox 2288 5097 2450 5152; x_wconf 87' lang='lat' dir='ltr'><strong>quem</strong></span> <span class='ocrx_word' id='word_1_786' title='bbox 2486 5091 2570 5136; x_wconf 82' lang='lat' dir='ltr'><strong>ex&#39;</strong></span> <span class='ocrx_word' id='word_1_787' title='bbox 2596 5081 2830 5134; x_wconf 81' lang='lat' dir='ltr'><strong>mortuis</strong></span> <span class='ocrx_word' id='word_1_788' title='bbox 2871 5079 2939 5133; x_wconf 88' lang='lat' dir='ltr'><strong>ad</strong></span> <span class='ocrx_word' id='word_1_789' title='bbox 2984 5080 3456 5149; x_wconf 81' lang='lat' dir='ltr'><strong>incorruptibilein</strong></span> 
     </span>
    </p>
   </div>
   <div class='ocr_carea' id='block_1_106' title="bbox 1877 5172 3458 5243">
    <p class='ocr_par' dir='ltr' id='par_1_106' title="bbox 1877 5172 3458 5243">
     <span class='ocr_line' id='line_1_106' title="bbox 1877 5172 3458 5243; baseline -0.003 -12"><span class='ocrx_word' id='word_1_790' title='bbox 1877 5178 2043 5231; x_wconf 84' lang='lat' dir='ltr'><strong>vitam</strong></span> <span class='ocrx_word' id='word_1_791' title='bbox 2071 5175 2441 5238; x_wconf 89' lang='lat' dir='ltr'><strong>resuscitavit,</strong></span> <span class='ocrx_word' id='word_1_792' title='bbox 2471 5183 2700 5229; x_wconf 62' lang='lat' dir='ltr'><strong>caeteros</strong></span> <span class='ocrx_word' id='word_1_793' title='bbox 2746 5187 2964 5243; x_wconf 87' lang='lat' dir='ltr'><strong>quoque</strong></span> <span class='ocrx_word' id='word_1_794' title='bbox 2992 5172 3242 5227; x_wconf 83' lang='lat' dir='ltr'><strong>homines</strong></span> <span class='ocrx_word' id='word_1_795' title='bbox 3276 5173 3458 5228; x_wconf 83' lang='lat' dir='ltr'><strong>incor-</strong></span> 
     </span>
    </p>
   </div>
   <div class='ocr_carea' id='block_1_107' title="bbox 1875 5267 2503 5339">
    <p class='ocr_par' dir='ltr' id='par_1_107' title="bbox 1875 5267 2503 5339">
     <span class='ocr_line' id='line_1_107' title="bbox 1875 5267 2503 5339; baseline -0.006 -17"><span class='ocrx_word' id='word_1_796' title='bbox 1875 5269 2164 5339; x_wconf 90' lang='lat' dir='ltr'><strong>ruptibiles</strong></span> <span class='ocrx_word' id='word_1_797' title='bbox 2195 5267 2503 5322; x_wconf 80' lang='lat' dir='ltr'><strong>facturum?</strong></span> 
     </span>
    </p>
   </div>
   <div class='ocr_carea' id='block_1_108' title="bbox 1946 5361 3453 5430">
    <p class='ocr_par' dir='ltr' id='par_1_108' title="bbox 1946 5361 3453 5430">
     <span class='ocr_line' id='line_1_108' title="bbox 1946 5361 3453 5430; baseline -0.003 -13"><span class='ocrx_word' id='word_1_798' title='bbox 1946 5362 2036 5417; x_wconf 73' lang='lat'><strong>52.</strong></span> <span class='ocrx_word' id='word_1_799' title='bbox 2074 5362 2340 5418; x_wconf 86' lang='lat' dir='ltr'><strong>Animans</strong></span> <span class='ocrx_word' id='word_1_800' title='bbox 2389 5363 2445 5415; x_wconf 94' lang='lat' dir='ltr'><strong>in</strong></span> <span class='ocrx_word' id='word_1_801' title='bbox 2500 5361 2710 5416; x_wconf 82' lang='lat' dir='ltr'><strong>semine</strong></span> <span class='ocrx_word' id='word_1_802' title='bbox 2760 5361 3005 5430; x_wconf 85' lang='lat' dir='ltr'><strong>potentia</strong></span> <span class='ocrx_word' id='word_1_803' title='bbox 3043 5368 3128 5414; x_wconf 91' lang='lat' dir='ltr'><strong>est</strong></span> <span class='ocrx_word' id='word_1_804' title='bbox 3176 5365 3388 5414; x_wconf 77' lang='lat' dir='ltr'><strong>naturte</strong></span> <span class='ocrx_word' id='word_1_805' title='bbox 3444 5380 3453 5412; x_wconf 89' lang='lat'>:</span> 
     </span>
    </p>
   </div>
   <div class='ocr_carea' id='block_1_109' title="bbox 1875 5453 3454 5525">
    <p class='ocr_par' dir='ltr' id='par_1_109' title="bbox 1875 5453 3454 5525">
     <span class='ocr_line' id='line_1_109' title="bbox 1875 5453 3454 5525; baseline -0.004 -15"><span class='ocrx_word' id='word_1_806' title='bbox 1875 5457 2050 5511; x_wconf 88' lang='lat' dir='ltr'><strong>lectus</strong></span> <span class='ocrx_word' id='word_1_807' title='bbox 2075 5457 2130 5510; x_wconf 91' lang='lat' dir='ltr'><strong>in</strong></span> <span class='ocrx_word' id='word_1_808' title='bbox 2156 5456 2304 5525; x_wconf 76' lang='lat' dir='ltr'><strong>ligno</strong></span> <span class='ocrx_word' id='word_1_809' title='bbox 2325 5455 2566 5525; x_wconf 86' lang='lat' dir='ltr'><strong>potentia</strong></span> <span class='ocrx_word' id='word_1_810' title='bbox 2593 5463 2678 5509; x_wconf 83' lang='lat' dir='ltr'><strong>est</strong></span> <span class='ocrx_word' id='word_1_811' title='bbox 2701 5455 2804 5507; x_wconf 85' lang='lat' dir='ltr'><strong>arti</strong></span> <span class='ocrx_word' id='word_1_812' title='bbox 2843 5471 2866 5506; x_wconf 77' lang='grc' dir='ltr'><strong>ε·</strong></span> <span class='ocrx_word' id='word_1_813' title='bbox 2895 5453 3135 5521; x_wconf 88' lang='lat' dir='ltr'><strong>potentia</strong></span> <span class='ocrx_word' id='word_1_814' title='bbox 3166 5467 3454 5520; x_wconf 76' lang='lat' dir='ltr'><strong>resurgen-</strong></span> 
     </span>
    </p>
   </div>
   <div class='ocr_carea' id='block_1_110' title="bbox 1875 5546 3455 5605">
    <p class='ocr_par' dir='ltr' id='par_1_110' title="bbox 1875 5546 3455 5605">
     <span class='ocr_line' id='line_1_110' title="bbox 1875 5546 3455 5605; baseline -0.006 -1"><span class='ocrx_word' id='word_1_815' title='bbox 1875 5558 1958 5605; x_wconf 85' lang='lat' dir='ltr'><strong>tes</strong></span> <span class='ocrx_word' id='word_1_816' title='bbox 2012 5549 2065 5603; x_wconf 92' lang='lat' dir='ltr'><strong>in</strong></span> <span class='ocrx_word' id='word_1_817' title='bbox 2117 5547 2404 5602; x_wconf 84' lang='lat' dir='ltr'><strong>elementis</strong></span> <span class='ocrx_word' id='word_1_818' title='bbox 2439 5557 2568 5603; x_wconf 91' lang='lat' dir='ltr'><strong>sunt</strong></span> <span class='ocrx_word' id='word_1_819' title='bbox 2603 5547 2735 5602; x_wconf 91' lang='lat' dir='ltr'><strong>Deo.</strong></span> <span class='ocrx_word' id='word_1_820' title='bbox 2786 5546 2853 5599; x_wconf 83' lang='lat' dir='ltr'><strong>At</strong></span> <span class='ocrx_word' id='word_1_821' title='bbox 2887 5547 2991 5601; x_wconf 89' lang='lat' dir='ltr'><strong>hoc</strong></span> <span class='ocrx_word' id='word_1_822' title='bbox 3031 5546 3077 5600; x_wconf 91' lang='lat' dir='ltr'><strong>si</strong></span> <span class='ocrx_word' id='word_1_823' title='bbox 3110 5560 3299 5600; x_wconf 78' lang='lat' dir='ltr'><strong>verum</strong></span> <span class='ocrx_word' id='word_1_824' title='bbox 3351 5554 3455 5604; x_wconf 80' lang='lat' dir='ltr'><strong>est,</strong></span> 
     </span>
    </p>
   </div>
   <div class='ocr_carea' id='block_1_111' title="bbox 1873 5637 3460 5710">
    <p class='ocr_par' dir='ltr' id='par_1_111' title="bbox 1873 5637 3460 5710">
     <span class='ocr_line' id='line_1_111' title="bbox 1873 5637 3460 5710; baseline -0.004 -15"><span class='ocrx_word' id='word_1_825' title='bbox 1873 5639 2148 5710; x_wconf 87' lang='lat' dir='ltr'><strong>quomodo</strong></span> <span class='ocrx_word' id='word_1_826' title='bbox 2177 5639 2478 5696; x_wconf 88' lang='lat' dir='ltr'><strong>absurdum</strong></span> <span class='ocrx_word' id='word_1_827' title='bbox 2507 5655 2617 5693; x_wconf 88' lang='lat' dir='ltr'><strong>non</strong></span> <span class='ocrx_word' id='word_1_828' title='bbox 2647 5649 2752 5703; x_wconf 88' lang='lat' dir='ltr'><strong>est,</strong></span> <span class='ocrx_word' id='word_1_829' title='bbox 2784 5639 3010 5693; x_wconf 86' lang='lat' dir='ltr'><strong>credere</strong></span> <span class='ocrx_word' id='word_1_830' title='bbox 3047 5645 3259 5691; x_wconf 57' lang='lat' dir='ltr'><strong>natura!</strong></span> <span class='ocrx_word' id='word_1_831' title='bbox 3284 5637 3342 5690; x_wconf 89' lang='lat' dir='ltr'><strong>in</strong></span> <span class='ocrx_word' id='word_1_832' title='bbox 3371 5651 3460 5689; x_wconf 85' lang='lat' dir='ltr'><strong>re-</strong></span> 
     </span>
    </p>
   </div>
   <div class='ocr_carea' id='block_1_112' title="bbox 1873 5790 3458 5922">
    <p class='ocr_par' dir='ltr' id='par_1_112' title="bbox 1873 5790 3458 5922">
     <span class='ocr_line' id='line_1_112' title="bbox 1873 5790 3458 5922; baseline 0 -71"><span class='ocrx_word' id='word_1_833' title='bbox 1873 5867 1904 5922; x_wconf 75' lang='lat' dir='ltr'><strong>d</strong></span> <span class='ocrx_word' id='word_1_834' title='bbox 1945 5797 2056 5882; x_wconf 61' lang='grc'>(45)</span> <span class='ocrx_word' id='word_1_835' title='bbox 2085 5798 2315 5881; x_wconf 52' lang='grc' dir='ltr'><strong>Πίστίν.</strong></span> <span class='ocrx_word' id='word_1_836' title='bbox 2377 5794 2543 5852; x_wconf 80' lang='lat' dir='ltr'><strong>Recte</strong></span> <span class='ocrx_word' id='word_1_837' title='bbox 2601 5790 2856 5850; x_wconf 74' lang='lat' dir='ltr'><strong>Observat</strong></span> <span class='ocrx_word' id='word_1_838' title='bbox 2907 5793 3233 5867; x_wconf 75' lang='lat' dir='ltr'><strong>Sylburgius</strong></span> <span class='ocrx_word' id='word_1_839' title='bbox 3269 5790 3458 5865; x_wconf 66' lang='lat' dir='ltr'><strong>legen-</strong></span> 
     </span>
     <span class='ocr_line' id='line_1_113' title="bbox 1913 5883 2297 5922; baseline -0.008 0"><span class='ocrx_word' id='word_1_840' title='bbox 1913 5887 1999 5922; x_wconf 84' lang='lat' dir='ltr'><strong>Ulll</strong></span> <span class='ocrx_word' id='word_1_841' title='bbox 2032 5883 2297 5922; x_wconf 80' lang='grc' dir='ltr'><strong>απιστειν.</strong></span> 
     </span>
    </p>
   </div>
   <div class='ocr_carea' id='block_1_113' title="bbox 1913 5883 2297 5924">
    <p class='ocr_par' dir='ltr' id='par_1_113' title="bbox 1913 5883 2297 5924">
     <span class='ocr_line' id='line_1_114' title="bbox 1913 5883 2297 5924; baseline -0.01 -1"><span class='ocrx_word' id='word_1_842' title='bbox 1913 5887 1999 5924; x_wconf 77' lang='lat' dir='ltr'><strong>Ulli</strong></span> <span class='ocrx_word' id='word_1_843' title='bbox 2032 5883 2297 5922; x_wconf 81' lang='grc' dir='ltr'><strong>απιστειν.</strong></span> 
     </span>
    </p>
   </div>
  </div>
