4146 6430
624 400 775 456 ινδ-ι

1455 389 1823 446 APPENDiX.
1868 420 1937 429 —
1975 387 2158 445 PARS
2197 391 2237 445 l.
2279 391 2334 445 S.
2373 389 2634 445 JUSTINI
2673 389 2904 446 OPEBA
2940 392 3208 452 SPURM.

3797 400 3934 454 H88

639 521 742 570 bus
771 509 1142 572 naturalibus.
1176 515 1231 565 et
1264 509 1368 562 arti
1397 510 1450 562 in
1477 509 1644 564 rebus
1664 507 2049 571 artiﬁciaiibus
2068 551 2081 573 ,
2120 507 2229 562 Deo

2339 513 2564 579 φυσικὰ,
2601 513 2692 566 καὶ
2727 513 2791 581 τῇ
2825 510 2993 583 τέχνῃ
3034 511 3104 564 τὰ
3139 511 3398 584 τεχνητὰ,
3433 512 3686 569 ἀπιστεῖν
3715 515 3777 570 δὲ
3815 517 3935 588 Θεῷ

637 616 821 662 autem
857 622 968 661 non
1000 603 1224 658 credere
1251 603 1305 656 in
1339 602 1576 656 divinis?

707 701 808 756 35.
846 697 1054 752 Divina:
1099 695 1355 767 potestati
1410 694 1548 749 nihil
1599 692 1840 751 resistit.
1883 691 1941 746 Si
1987 706 2138 748 mare
2177 701 2231 747 et

636 798 794 845 terra
813 786 1294 843 mandatodivino
1319 799 1382 840 ea
1418 786 1550 839 olim
1579 784 1783 840 dedere
1806 799 1929 852 quae
1947 800 2056 838 non
2083 799 2233 840 acce-

641 888 870 950 perant:
915 877 1194 949 quomodo
1232 893 1380 932 nunc
1421 891 1530 930 non
1563 877 1739 948 magis
1789 890 1916 946 quae
1973 891 2233 947 accepere

638 972 891 1034 reducm,
927 970 1042 1026 Deo
1061 968 1399 1024 mandante?

707 1064 798 1118 ιι.
841 1062 922 1128 Si,
957 1070 1018 1132 ut
1041 1077 1220 1134 neque
1255 1069 1452 1116 natura
1487 1075 1519 1115 e
1553 1060 1764 1115 semine
1796 1066 2078 1128 corrupto.
2102 1059 2232 1114 ani-

641 1165 882 1214 mantela
914 1168 1245 1226 procreare,
1274 1169 1453 1223 neque
1475 1167 1570 1208 ars
1600 1168 1632 1207 c
1658 1152 1810 1222 ligno
1837 1159 2100 1221 corrupto
2129 1152 2234 1207 icc-

639 1258 754 1304 tum
780 1248 962 1304 facere
983 1255 1198 1318 potest,
1224 1248 1300 1300 ita
1323 1261 1425 1301 nec
1452 1244 1595 1299 Deus
1625 1258 1704 1299 er
1724 1245 1948 1300 homine
1967 1254 2232 1314 corrupto

640 1322 919 1398 horninem
934 1363 945 1386 ν.
967 1339 1460 1409 incorruptionem-
1483 1338 1667 1393 facere
1716 1345 1926 1407 potest;
1968 1338 2229 1396 demensa

640 1435 858 1491 seiiicet
883 1434 987 1488 erit
1021 1434 1267 1503 potentia
1295 1432 1409 1496 Dei,
1444 1438 1504 1487 ut
1535 1443 1744 1486 natura
1775 1439 1829 1486 et
1855 1431 2013 1485 artis.
2040 1428 2152 1485 Sed
2181 1431 2229 1484 si

642 1531 746 1584 hoc
775 1529 927 1583 dictu
969 1527 1272 1583 absurdum
1321 1534 1427 1590 est,
1457 1525 1760 1581 absurdum
1809 1525 2057 1594 profecto
2092 1539 2233 1592 quo-

642 1638 746 1692 que
777 1623 884 1677 erit
924 1621 1035 1676 Deo
1057 1629 1176 1695 non
1201 1619 1446 1685 credere,
1479 1636 1545 1673 ex
1578 1619 1800 1674 homine
1838 1624 2102 1688 corrupto
2131 1616 2232 1672 ho-

643 1716 846 1768 minem
873 1709 944 1768 ab
971 1728 1039 1768 ω
1066 1712 1186 1768 θοι-ί
1217 1712 1716 1784 incorruptibiiem.

2333 605 2400 655 τὰ
2435 603 2551 656 θεῖα
2574 622 2586 669 ;

2405 696 2504 763 λγ¹.
2548 697 2625 767 Τῇ
2660 696 2784 766 θείᾳ
2813 696 3072 766 αὑθεντίᾳ
3110 695 3260 748 οὐδέν
3313 697 3462 749 ἐστιν
3503 697 3751 762 ἀπειθές.
3798 697 3864 754 Εἰ
3899 701 3930 769 ἡ

2335 787 2578 841 θάλασσα
2607 791 2699 842 καὶ
2733 791 2768 859 ἡ
2806 789 2880 858 γῆ
2911 787 2990 858 τῷ
3023 787 3154 858 θείῳ
3197 791 3584 860 προστάγματι
3629 791 3806 847 πάλαι
3842 793 3929 846 δέ·

2331 882 2501 934 δωκεν
2546 880 2581 935 ἃ
2633 881 2731 934 οὑκ
2776 880 2956 944 ἔλαϐε,
3007 881 3124 943 πῶς
3171 882 3231 934 οὐ
3285 869 3378 937 νῦν
3426 883 3628 955 μᾶλλον
3675 886 3844 942 δώσει
3892 890 3928 944 ἃ

2332 973 2511 1038 ἔλαϐε,
2544 974 2951 1046 προστάξαντος
2977 974 3072 1028 τοῦ
3099 974 3276 1042 Θεοῦ;

2400 1066 2494 1119 λδ’.
2532 1066 2616 1132 Εἰ,
2654 1066 2843 1137 ὥσπερ
2873 1067 2905 1135 ἡ
2937 1065 3097 1136 φύσις
3126 1068 3194 1120 ὲκ
3221 1066 3317 1120 τοῦ
3345 1068 3645 1141 φθαρέντος
3675 1073 3928 1144 σπερμα-

2329 1174 2421 1221 τος
2452 1157 2511 1210 οὐ
2553 1157 2773 1210 δύναται
2817 1160 2988 1210 ποιεῖν
3021 1157 3082 1210 τὸ
3116 1157 3276 1223 ζῶον,
3313 1162 3407 1212 καὶ
3441 1163 3474 1232 ἡ
3517 1162 3682 1234 τέχνη
3736 1164 3802 1216 ὲκ
3835 1164 3927 1217 τοῦ

2332 1250 2628 1322 φθαρέντος
2653 1249 2811 1315 ξύλου
2843 1251 2904 1302 οὐ
2934 1248 3155 1304 δύναται
3175 1255 3347 1304 ποιεῖν
3375 1252 3474 1322 τὴν
3505 1253 3718 1322 κλίνην,
3753 1252 3928 1318 οὓτως

2330 1341 2451 1394 οὐδὲ
2481 1343 2510 1393 ὁ
2533 1341 2667 1404 Θεὸς
2690 1341 2910 1402 δύναται
2939 1343 3004 1395 ὲκ
3033 1341 3133 1394 τοῦ
3166 1343 3472 1414 φθαρέντος,
3492 1346 3792 1419 ἀνθρώπου
3826 1349 3929 1417 ἀφ-

2332 1435 2530 1507 θαρτον
2564 1438 2734 1487 ποιεῖν
2767 1434 3080 1506 ἄνθρωπον·
3117 1435 3396 1508 ἔμμετρος
3419 1438 3537 1508 ἄρα
3567 1439 3732 1494 ἔσται
3770 1445 3802 1512 ἡ
3839 1442 3928 1493 δέ-

2332 1541 2495 1592 ναμις
2527 1523 2619 1576 τοῦ
2650 1524 2804 1587 Θεοῦ,
2842 1525 3036 1597 ὥσπερ
3055 1526 3162 1597 ,τῆς
3188 1526 3407 1596 φύσεως
3429 1530 3538 1583 ικαὶ
3570 1531 3670 1602 τῆς
3709 1533 3920 1603 τέχνης.

2331 1618 2396 1670 Εἰ
2429 1617 2489 1669 δὲ
2515 1616 2678 1669 τοῦτο
2719 1618 2916 1670 ἄτοπον
2951 1618 3151 1686 λέγειν,
3185 1621 3384 1674 ἄτοπον
3415 1622 3522 1693 ἄρα
3553 1624 3650 1675 καὶ
3697 1625 3760 1676 τὸ
3802 1628 3926 1679 ἀπι-

2333 1710 2479 1761 στεῖν
2503 1706 2625 1777 Θεῷ
2657 1712 2830 1762 ποιεῖν
2856 1710 2924 1762 ὲκ
2952 1709 3048 1761 τοῦ
3072 1709 3372 1780 φθαρέντος
3395 1711 3686 1783 ἀνθρώπου
3715 1715 3925 1788 ἀφθαρ-

2336 1819 2426 1855 τον
2459 1800 2764 1871 ἄνθρωπον,

711 1885 803 1944 53.
843 1888 928 1953 Si,
957 1897 1018 1943 ut
1059 1888 1385 1944 horninibus
1427 1887 1734 1949 incredulis
1773 1887 1891 1943 ﬁeri
1923 1904 2229 1960 non‘posse

2405 1894 2498 1947 λε’.
2524 1895 2610 1959 Ei,
2647 1893 2839 1968 ὥσπερ
2871 1895 3126 1959 ἀπίστοις
3156 1895 3468 1967 ἀνθρώποις
3492 1898 3757 1953 ἀδῦνατον
3798 1903 3924 1970 φαί-

639 1985 860 2039 videtur
889 1992 948 2036 ut
991 1986 1062 2037 sit
1108 1981 1464 2045 resurrectio,
1505 1983 1580 2036 ita
1629 1982 1975 2051 impossibile
2006 1984 2117 2040 Deo
2148 1991 2234 2040 est

639 2077 855 2133 efﬁcere
882 2077 1346 2131 resurrectionem
1379 2095 1395 2131 ε
1433 2076 1572 2130 nihil
1603 2076 1857 2145 proiecto
1885 2077 2105 2132 homine
2129 2077 2231 2132 hac

641 2173 782 2226 iure
814 2176 1039 2238 praestat
1070 2168 1234 2223 Deus.
1273 2170 1342 2223 At
1381 2168 1429 2223 si
1461 2166 1674 2222 inﬁnite
1707 2175 1951 2237 praestat,
1999 2176 2060 2222 ut
2096 2185 2231 2239 pro—

643 2262 786 2318 iecto
831 2269 1077 2332 prrcstat,
1129 2258 1407 2329 quomodo
1449 2273 1561 2312 non
1613 2259 1916 2315 absurdum
1957 2257 2070 2315 Deo
2119 2273 2231 2314 non

640 2356 867 2410 credere
898 2355 1050 2409 illum
1074 2369 1138 2407 ea
1166 2353 1465 2418 iacturum,
1501 2368 1738 2423 quorum
1764 2353 1926 2408 habet
1951 2352 2230 2409 iaciendo-

639 2461 702 2502 ru
711 2464 760 2502 ru
785 2446 1144 2516 potestatem?

709 2542 798 2596 36.
832 2540 984 2606 Quos
1016 2539 1159 2594 Deus
1199 2553 1366 2609 supra
1388 2547 1642 2593 naturam
1675 2537 1914 2594 condere
1935 2538 2099 2604 valet,
2134 2553 2230 2594 eos

638 2651 750 2690 non
780 2634 1006 2689 credere
1031 2634 1099 2687 ab
1129 2647 1197 2688 eo
1214 2647 1380 2701 supra
1409 2641 1664 2687 naturam
1690 2632 1912 2687 restitui
1947 2647 2112 2701 posse
2138 2648 2232 2685 an-

639 2742 750 2782 non
780 2726 1081 2781 absurdum
1107 2726 1227 2779 est?

710 2821 800 2876 37.
842 2818 902 2873 Si
947 2818 1094 2890 quod
1143 2834 1253 2874 non
1307 2818 1612 2874 secundum
1668 2825 1926 2872 naturam
1982 2818 2228 2888 genitum

639 2921 747 2976 est,
782 2912 932 2968 illius
957 2913 1304 2967 incredibilis
1334 2923 1387 2966 et
1411 2911 1773 2983 impossibilis
1806 2911 2106 2979 judicanda
2137 2926 2230 2980 ge-

639 3005 894 3062 neratio:
938 3006 1218 3075 quomodo
1249 3020 1361 3059 non
1408 3007 1574 3059 etiam
1624 3003 1788 3073 primi
1821 3003 2083 3067 hominis,
2132 3003 2228 3072 qui

640 3114 752 3153 non
804 3099 1106 3154 secundum
1144 3105 1397 3152 naturam
1451 3097 1670 3166 genitus
1721 3103 1842 3160 est,
1890 3095 2229 3149 incredibilis

635 3193 745 3245 erit
772 3199 828 3246 et
855 3191 1214 3261 impossrbiiis
1245 3191 1486 3245 creatio?
1506 3187 1643 3241 Non
1675 3197 1856 3258 potest
1882 3187 2026 3242 enim
2065 3188 2228 3241 homo

639 3300 705 3338 ex
737 3284 959 3338 homine
997 3283 1308 3354 gigni,'nisi
1339 3285 1556 3354 primus
1578 3283 1742 3338 homo
1772 3296 1939 3352 supra
1973 3291 2229 3336 nauiram

635 3377 864 3445 genitus
893 3375 1078 3431 fuerit.

711 3468 801 3522 58.
845 3465 957 3522 Nisi
989 3481 1187 3522 rursus
1233 3467 1357 3519 tiam
1388 3465 1534 3536 quod
1572 3480 1748 3528 eram,
1775 3461 2051 3535 quomodo
2072 3460 2229 3516 θοοὶ--

638 3560 786 3630 piam
817 3560 1040 3614 virtutis
1067 3565 1160 3612 aut
1188 3558 1304 3611 vitii
1335 3557 1664 3618 mercedem,
1693 3571 1857 3627 quam
1887 3557 1942 3609 in
1977 3553 2228 3624 praesenti

638 3656 752 3708 vita
785 3663 982 3709 nactus
1021 3670 1128 3709 non
1181 3655 1352 3709 sum?
1380 3653 1514 3708 Nam
1561 3655 1606 3708 si
1641 3667 1751 3708 non
1801 3654 1859 3706 iit
1887 3662 2229 3706 mortuorum

641 3747 1007 3802 resurrectio:
1047 3748 1325 3817 quomodo
1375 3747 1614 3817 aequales
1665 3746 1772 3800 sibi
1829 3747 2060 3799 invicem
2119 3759 2228 3797 non

635 3849 821 3905 erunt,
849 3848 904 3895 et
933 3842 1028 3910 qui
1059 3841 1302 3910 martyrii
1331 3855 1535 3909 agones
1563 3835 1867 3894 intulerunt
1895 3848 1948 3892 et
1977 3838 2068 3906 qui
2101 3852 2222 3891 sus-

639 3934 961 3988 tinuerunt?
1014 3933 1172 3998 Quod
1229 3933 1276 3987 si
1333 3932 1436 3985 hoc
1488 3934 1738 4001 iniquum
1781 3942 1898 3997 est,
1955 3928 2230 4000 quomodo

639 4042 750 4080 non
780 4026 1028 4095 iniquum
1060 4037 1144 4080 est
1168 4041 1280 4080 non
1319 4041 1444 4082 esse
1485 4034 1830 4080 mortuorum
1865 4025 2226 4080 resurreCtio-

641 4134 789 4184 nem;
832 4119 887 4171 in
919 4133 1025 4187 qua
1061 4119 1177 4172 sola
1212 4119 1435 4174 evenire
1476 4125 1657 4186 potest
1690 4132 1904 4181 eorum,
1953 4115 2048 4185 qui
2085 4115 2228 4184 inju-

640 4209 780 4261 riam
817 4207 1080 4269 fecerunt.
1112 4217 1169 4261 et
1194 4225 1410 4270 eorum,
1441 4211 1534 4278 qui
1565 4211 1713 4279 passi
1745 4217 1896 4272 sunt,
1932 4207 2228 4263 discrimen

643 4315 741 4370 pro
776 4300 1002 4356 honoris
1036 4309 1092 4354 et
1125 4316 1301 4370 poena:
1323 4300 1691 4356 discrimine?

713 4394 801 4448 59.
831 4391 947 4448 Nisi
989 4395 1120 4463 quid
1176 4395 1341 4449 fuerit
1391 4394 1556 4448 homo
1589 4402 1644 4448 et
1688 4393 1819 4464 quid
1862 4394 1934 4446 sit
1981 4393 2230 4448 eiabatur

640 4485 1046 4554 quodammodo
1081 4485 1173 4540 Dei
1205 4485 1508 4555 cognitioni
1539 4501 1604 4539 eo
1638 4493 1876 4546 mortuo,
1925 4499 2032 4539 non
2067 4500 2229 4554 repu-

2336 2004 2486 2040 νεται
2521 1987 2773 2055 γενέσθαι
2806 1988 2905 2058 τὴν
2938 1989 3256 2050 ἀνάστασιν,
3290 1988 3470 2054 οὕτως
3500 1992 3768 2046 ἀδύνατόν
3811 1997 3931 2048 ἐστι

2330 2079 2412 2150 τῷ
2443 2080 2562 2149 Θεῷ
2608 2079 2670 2133 τὸ
2705 2083 2879 2134 ποιεῖν
2927 2079 3025 2151 τὴν
3066 2081 3400 2135 ἀνάστασιν
3433 2083 3588 2137 οὐδὲν
3623 2085 3736 2156 ἄρα
3786 2091 3930 2141 κατὰ

2332 2169 2490 2223 τοῦτο
2518 2171 2766 2242 διαφέρει
2799 2171 2931 2234 Θεὸς
2967 2171 3278 2244 ἀνθρώπου.
3309 2173 3372 2226 Ei
3405 2174 3466 2228 ﬁt
3491 2175 3793 2247 ἀπειράκις
3817 2178 3933 2231 δια-

2333 2262 2511 2333 φέρει,
2543 2261 2736 2333 ὥσπερ
2756 2260 2852 2316 οὖν
2882 2264 2978 2317 καὶ
3014 2264 3282 2337 διαφέρει,
3304 2267 3430 2330 ’πῶς
3466 2268 3568 2323 οὐκ
3610 2268 3758 2321 ἔστιν
3801 2271 3929 2324 ἄτο-

2333 2371 2434 2407 πον
2465 2341 2811 2411 τὸᾞπιστεῖν
2860 2355 2979 2426 Θεῷ
3020 2356 3118 2427 τὴν
3160 2358 3380 2429 ποίησιν
3415 2359 3529 2430 (46)
3559 2353 3644 2417 ὧν
3674 2361 3790 2431 ἔχει
3833 2363 3934 2417 τοῦ

2334 2449 2506 2500 ποιεῖν
2533 2447 2636 2518 τὴν
2661 2446 2926 2517 ὄύναμινς

2402 2538 2509 2604 λς’.
2538 2531 2638 2592 Ὧν
2663 2539 2838 2609 ἰσχύει
2869 2539 3001 2603 Θεὸς
3021 2541 3118 2611 τὴν
3143 2541 3286 2612 ὑπὲρ
3317 2542 3480 2611 φύσιν
3517 2545 3762 2615 ποίησιν,
3801 2546 3931 2599 τού-

2327 2647 2439 2683 των
2485 2631 2604 2693 πῶς
2649 2633 2750 2685 οὐκ
2791 2632 2939 2685 ἐστιν
2989 2634 3191 2686 ἄτοπον
3239 2633 3300 2686 τὸ
3345 2635 3597 2690 ἀπιστεῖν
3640 2637 3795 2707 αὐτῷ
3829 2640 3933 2708 τὴν

2331 2719 2478 2790 ὑπὲρ
2508 2721 2670 2790 φύσιν
2705 2724 3063 2794 μεταποίησιν
3089 2741 3102 2790 ;
3339 2777 3341 2779 ,

2402 2812 2498 2875 λς’.
2533 2814 2596 2866 Ei
2626 2814 2794 2884 τὸμὴ
2843 2816 2984 2895 κατά
3027 2816 3190 2884 φύσιν
3221 2817 3528 2888 γινόμενον,
3568 2820 3761 2873 τούτου
3802 2823 3936 2875 ἀπι-

2335 2920 2457 2956 στον
2505 2906 2600 2957 καὶ
2631 2905 2888 2958 ἀδύνατον
2933 2906 3031 2976 τὴν
3080 2908 3299 2978 ποίησιν
3346 2909 3451 2980 χρὴ
3494 2911 3930 2980 ὑπολαμϐάνειν,

2333 2993 2578 3058 πῶςοὺκ
2602 2993 2753 3048 ἔσται
2789 2997 2881 3049 καὶ
2915 2997 3008 3049 τοῦ
3058 2995 3274 3068 πρώτου
3302 3001 3586 3068 γεγονότος
3629 3001 3930 3073 ἀνθρώπου

2331 3087 2561 3151 ἄπιστος
2586 3090 2680 3142 καὶ
2714 3090 2977 3154 ἀδύνατος
3011 3093 3044 3163 ή
3080 3093 3317 3162 ποίησις,
3355 3095 3430 3166 μὴ
3468 3096 3611 3149 κατὰ
3634 3096 3797 3164 φύσιν
3833 3114 3930 3165 γε-

2333 3180 2673 3250 γενημένου;
2741 3182 3022 3236 Ἀδύνατον
3074 3185 3183 3256 γὰρ
3233 3187 3484 3253 γενέσθαι
3533 3188 3592 3254 ἐξ
3629 3190 3930 3261 ἀνθρώπου

2330 3270 2617 3340 ἄνθρωπον
2640 3271 2787 3325 κατὰ
2824 3274 3008 3342 φύσιν,
3042 3274 3122 3344 μὲι-
3149 3275 3365 3346 πρῶτον
3383 3277 3492 3330 τοῦ
3521 3279 3815 3351 ἀνθρώπου
3843 3299 3932 3350 γι-

2333 3363 2558 3432 νομένου
2594 3365 2736 3435 ὑπὲρ
2770 3366 2953 3434 φύσιν.

2404 3453 2504 3524 λη’.
2543 3456 2603 3508 Ei
2641 3455 2717 3527 μὴ
2763 3456 2985 3528 γίνομαι
3031 3459 3192 3514 πάλιν
3235 3460 3374 3532 ὅπερ
3416 3462 3588 3533 ἤμην,
3625 3462 3743 3525 πῶς
3787 3463 3933 3517 ἀπο-

2332 3546 2593 3615 λαμϐάνω
2629 3549 2728 3618 τῆς
2764 3551 2966 3620 ἀρετῆς
2995 3552 3026 3621 ἥ
3071 3553 3171 3623 τῆς
3203 3553 3404 3617 κακίας
3439 3555 3542 3617 τὰς
3561 3553 3818 3624 ἀμοιϐὰς,
3847 3550 3929 3610 ὧν

2332 3641 2424 3692 ἐπὶ
2452 3639 2544 3692 τοῦ
2577 3641 2842 3710 παρόντος
2871 3644 2970 3694 οὑκ
2992 3644 3211 3714 ἕτυχον;
3248 3646 3309 3698 Εἰ
3336 3645 3445 3717 γὰρ
3480 3648 3538 3698 οὐ
3575 3648 3781 3714 γίνεται
3814 3649 3928 3702 τῶν

2332 3733 2542 3802 νεκρῶν
2585 3735 2616 3802 ἡ
2649 3735 2949 3799 ἀνάστασις
2972 3776 2986 3796 ,
3024 3736 3142 3798 πῶς
3170 3737 3270 3789 οὐκ
3303 3739 3522 3791 ἔσονται
3547 3739 3648 3791 ἴσοι
3672 3739 3928 3810 ἀλλήλοις

2330 3823 2464 3875 οἵτε
2501 3823 2738 3894 δρῶντες
2768 3826 2892 3888 τοὺς
2925 3829 3297 3896 μαρτυρικοὺς
3329 3828 3548 3895 ἀγῶνας
3576 3831 3669 3883 καὶ
3702 3833 3751 3883 οί
3786 3833 3921 3884 ὑπο-

2336 3914 2590 3995 μένοντες
2615 3932 2628 3980 ;
2662 3918 2724 3969 Ei
2756 3918 2813 3970 δὲ
2844 3918 3027 3971 ἄδικον
3057 3919 3238 3985 τοῦτο,
3277 3921 3395 3986 πῶς
3423 3922 3523 3974 οὐκ
3549 3922 3731 3978 ωικον
3754 3924 3816 3976 τὸ
3846 3925 3925 3995 μὴ

2332 3994 2575 4074 γίνεσθαι
2598 4009 2705 4061 τῶν
2728 4011 2936 4080 νεκρῶν
2966 4012 3065 4082 τὴν
3100 4011 3417 4077 ἀνάστασιν,
3446 4016 3504 4066 ὲν
3601 4015 3740 4087 μόνῃ
3774 3994 3923 4069 ὲνδέ-

2332 4118 2484 4169 χεται
2514 4101 2759 4168 γίνεσθαι
2791 4105 2899 4157 τῶν
2935 4106 3316 4176 πεποιηκότων
3357 4106 3640 4170 τάἀδικα,
3685 4111 3782 4160 καὶ
3811 4109 3922 4161 τῶν

2333 4196 2830 4268 ὑπομεμενηκότων
2873 4199 2972 4268 τὴν
3005 4199 3302 4271 διάκρισιν,
3341 4199 3483 4253 κατὰ
3512 4200 3614 4271 τὴν
3659 4200 3921 4273 διαφορὰν

2330 4288 2498 4359 τιμῆς
2515 4307 2588 4343 τε
2618 4293 2711 4344 καὶ
2737 4293 3042 4363 τιμωρίαςς

2403 4381 2502 4434 λθν.
2539 4383 2602 4436 El
2628 4384 2688 4436 τὸ
2729 4386 2782 4437 τί
2813 4379 2887 4453 ἦν
2917 4386 2945 4436 ὁ
2973 4386 3264 4456 ἄνθρωπος
3293 4384 3388 4437 καὶ
3417 4385 3555 4449 ἔστι,
3600 4383 3720 4448 πῶς
3754 4401 3918 4456 προε-

2332 4474 2580 4544 χώρησεν
2599 4477 2885 4530 ἀποθανὼν
2900 4477 3002 4546 τῆς
3023 4478 3118 4531 τοῦ
3134 4476 3558 4546 Θεοῧνγνώσεως,
3584 4477 3684 4530 οὐκ
3708 4479 3916 4547 ἀπέστη

644 4587 772 4649 gnat
804 4587 861 4633 ut
901 4581 1095 4633 iterum
1140 4580 1214 4634 sit
1245 4578 1393 4646 quod
1429 4585 1568 4633 erat.
1604 4576 1738 4630 Nam
1781 4591 1950 4645 opera
1980 4575 2072 4632 Dei
2102 4585 2229 4630 nota

2335 4567 2397 4620 τὸ
2429 4562 2567 4621 εἶναι
2599 4569 2762 4622 αὑτὸν
2801 4570 2964 4623 πάλιν
3002 4570 3030 4623 ὃ
3066 4563 3154 4641 ἦν.
3191 4569 3272 4622 Τά
3319 4570 3427 4641 γάρ
3463 4570 3600 4641 ἔργα
3629 4569 3725 4623 τοῦ
3759 4569 3915 4631 Θεοῦ,

644 4675 719 4727 illi
762 4684 893 4728 sunt
929 4682 982 4728 et
1013 4673 1298 4743 possibilia
1334 4690 1346 4722 :
1381 4681 1475 4726 aut
1510 4672 1557 4726 si
1587 4687 1695 4725 non
1727 4669 2041 4740 possibilia,
2081 4678 2231 4724 certe

643 4780 745 4820 nec
772 4775 921 4820 nota.

714 4856 803 4910 40.
849 4854 907 4908 Si
931 4854 1253 4923 praeclarum
1291 4862 1396 4917 est,
1423 4870 1525 4910 nos
1548 4868 1673 4910 esse
1701 4855 1754 4908 in
1777 4855 2032 4923 praesenti
2069 4852 2227 4925 547

645 4950 757 5000 vita
797 4948 1081 5006 mortales.
1135 4947 1459 5016 praeclarius
1510 4955 1715 5013 autem,
1763 4962 1864 5001 nos
1905 4963 2030 5004 esse
2065 4948 2119 5000 in
2145 4947 2230 5001 fu-

646 5050 768 5092 t-ira
793 5041 1130 5095 immortales
1152 5083 1164 5105 ,
1195 5042 1475 5109 quomodo
1496 5040 1796 5095 absurdum
1823 5057 1933 5096 non
1953 5051 2036 5097 est
2051 5042 2226 5104 dictu,

644 5132 816 5187 Deu‘m
843 5133 1056 5189 edicere
1084 5149 1248 5205 posse
1277 5136 1424 5204 quod
1460 5134 1785 5204 praeclarum
1818 5144 1922 5199 est,
1960 5151 2070 5190 non
2097 5151 2229 5191 vero

643 5240 807 5295 posse
833 5225 979 5294 quod
1018 5227 1376 5294 praeclarius?

715 5315 803 5369 41.
857 5314 914 5368 Si
966 5329 1073 5369 non
1107 5324 1284 5385 potest
1315 5315 1457 5371 Deus
1488 5317 1718 5370 mortale
1765 5332 1967 5386 corpus
2016 5318 2228 5374 efficere

644 5407 981 5461 immortale:
1029 5409 1305 5477 qumnodo
1353 5425 1463 5463 non
1513 5411 1618 5463 erit
1672 5425 1821 5466 mors
1852 5409 1964 5466 Deo
2009 5411 2224 5475 fortior,

641 5499 737 5570 qui
774 5500 936 5552 morti
984 5501 1196 5568 eripere
1241 5515 1352 5555 non
1393 5504 1586 5570 possit,
1636 5519 1776 5572 quos
1817 5504 1908 5557 illa
1945 5503 2048 5558 sibi
2095 5505 2230 5560 sub-

642 5594 806 5661 jccit?

747 5685 800 5740 ἓ.
833 5683 893 5739 Si
926 5684 1067 5738 Deus
1101 5689 1339 5756 potentia
1371 5688 1630 5757 praeditus
1663 5697 1748 5744 cst
1778 5696 2115 5742 mortuorum
2148 5689 2230 5742 vi-

2335 4659 2552 4726 γνωστά
2585 4660 2734 4730 αὑτῷ
2766 4663 2859 4716 καὶ
2901 4661 3134 4715 δυνατά·
3183 4662 3278 4714 ut
3320 4663 3368 4714 εἰ
3410 4662 3484 4732 μὴ
3511 4661 3711 4714 δυνατά
3748 4662 3915 4734 αὐτῷ,

2334 4751 2456 4803 οὐδὲ
2487 4752 2703 4820 γνωστὰ
2739 4753 2905 4823 αὐτῷ.

2409 4853 2480 4916 μ’.
2531 4846 2596 4899 El.
2647 4845 2810 4898 καλὸν
2843 4847 2942 4916 μὲν
2972 4845 3034 4898 τὸ
3083 4841 3226 4899 εἶναι
3275 4846 3422 4914 ἡμᾶς
3461 4845 3519 4896 ὲν
3561 4843 3638 4915 τῷ
3690 4844 3918 4916 παρόντι

2335 4938 2586 5008 θνητοὺς,
2614 4938 2833 4992 κάλλιον
2865 4937 2922 4990 δὲ
2951 4937 3012 4989 τὸ
3041 4932 3180 4989 εἶναι
3214 4938 3366 5006 ἡμᾶς
3397 4934 3702 4998 ἀθανάτους
3745 4937 3804 4988 ὲν
3844 4936 3919 5006 τῷ

2341 5030 2614 5099 μέλλοντι·
2650 5030 2768 5092 πῶς
2797 5031 2898 5083 οὐκ
2933 5029 3079 5082 ἐστιν
3112 5030 3310 5085 ἄτοπον
3350 5027 3411 5079 τὸ
3449 5027 3625 5096 λέγειν
3655 5027 3747 5080 τὸν
3788 5026 3919 5080 Θεὸν

2336 5123 2558 5176 δυνατὸν
2605 5123 2706 5193 μὲν
2753 5124 2888 5195 πρὸς
2929 5123 3149 5193 ποίησιν
3191 5121 3286 5174 τοῦ
3328 5119 3518 5184 καλοῦ,
3568 5119 3830 5173 ἀδύνατον
3863 5119 3919 5174 δὲ

2337 5215 2474 5286 πρὸς
2507 5217 2724 5287 ποίησιν
2748 5216 2842 5269 τοῦ
2869 5216 3147 5278 καλλίονος
3169 5235 3184 5281 ;

2410 5313 2518 5376 μα’.
2557 5308 2620 5360 El
2651 5306 2907 5361 ἀδύνατον
2940 5305 3019 5377 τῷ
3043 5305 3163 5376 Θεῷ
3192 5307 3254 5358 τὸ
3279 5305 3470 5377 θνητὸν
3505 5305 3666 5376 σῶμα
3700 5303 3920 5374 τιμῆσαι

2338 5399 2625 5464 ἀθάνατον,
2659 5401 2775 5464 πῶς
2809 5401 2908 5454 οὐκ
2934 5401 3085 5454 ἔσται
3128 5402 3156 5452 ὁ
3189 5399 3419 5462 θάνατος
3450 5397 3794 5469 ἰσχυρότερος
3827 5395 3921 5447 τοῦ

2334 5493 2492 5558 Θεοῦ,
2541 5493 2602 5558 ἐξ
2632 5494 2796 5548 αὑτοῦ
2833 5494 2908 5566 μὴ
2939 5493 3236 5564 δυναμένου
3286 5490 3552 5564 ῥύσασθαι
3602 5490 3727 5554 τοὺς
3778 5489 3923 5559 αὐτῷ

2339 5588 2731 5659 ὑποκειμένους
2752 5605 2767 5654 ;

2412 5681 2518 5752 μ6’.
2549 5682 2613 5735 Εἰ
2641 5685 2670 5736 ὁ
2696 5681 2830 5745 Θεὸς
2865 5681 2977 5752 ἔχει
3004 5682 3230 5755 δύναμιν
3264 5679 3664 5752 ζωοποιητικὴν
3701 5677 3811 5732 τῶν
3842 5694 3925 5736 νε-

724 5842 834 5912 (46)
872 5841 1276 5914 Τὴνποίησιν.
1324 5846 1472 5902 idem
1497 5848 1626 5918 .egit
1671 5849 1772 5919 c‘qv
1817 5846 2092 5918 βούλησιν,
2125 5848 2219 5903 sed

2332 5861 2374 5902 ne
2421 5860 2604 5900 causa.
