  <div class='ocr_page' id='page_1' title='image "/cluster/home/n/w/nwhite01/storage/ocr_20150623/6/pst.000005711826/768.png"; bbox 0 0 4104 6432; ppageno 0'>
   <div class='ocr_carea' id='block_1_1' title="bbox 101 429 275 493">
    <p class='ocr_par' dir='ltr' id='par_1_1' title="bbox 101 429 275 493">
     <span class='ocr_line' id='line_1_1' title="bbox 101 429 275 493; baseline 0.011 -2"><span class='ocrx_word' id='word_1_1' title='bbox 101 429 275 493; x_wconf 65' lang='grc' dir='ltr'><strong>1*δῶ</strong></span> 
     </span>
    </p>
   </div>
   <div class='ocr_carea' id='block_1_2' title="bbox 844 430 1721 502">
    <p class='ocr_par' dir='ltr' id='par_1_2' title="bbox 844 430 1720 502">
     <span class='ocr_line' id='line_1_2' title="bbox 844 430 1720 502; baseline -0.002 -10"><span class='ocrx_word' id='word_1_2' title='bbox 844 432 1290 494; x_wconf 76' lang='lat' dir='ltr'><strong>CONFUTATIO</strong></span> <span class='ocrx_word' id='word_1_3' title='bbox 1323 430 1720 502; x_wconf 75' lang='lat' dir='ltr'><strong>QUORUle</strong></span> 
     </span>
    </p>
   </div>
   <div class='ocr_carea' id='block_1_3' title="bbox 1826 430 2731 502">
    <p class='ocr_par' dir='ltr' id='par_1_3' title="bbox 1826 435 2731 500">
     <span class='ocr_line' id='line_1_3' title="bbox 1826 435 2731 500; baseline 0.004 -7"><span class='ocrx_word' id='word_1_4' title='bbox 1826 435 2273 500; x_wconf 51' lang='lat' dir='ltr'><strong>XRISTOI‘ELIS</strong></span> <span class='ocrx_word' id='word_1_5' title='bbox 2320 437 2731 497; x_wconf 70' lang='lat' dir='ltr'><strong>DOGMATUM.</strong></span> 
     </span>
    </p>
   </div>
   <div class='ocr_carea' id='block_1_4' title="bbox 3290 451 3430 505">
    <p class='ocr_par' dir='ltr' id='par_1_4' title="bbox 3290 451 3430 505">
     <span class='ocr_line' id='line_1_4' title="bbox 3290 451 3430 505; baseline 0.021 -2"><span class='ocrx_word' id='word_1_6' title='bbox 3290 451 3430 505; x_wconf 68' lang='grc'><strong>1506</strong></span> 
     </span>
    </p>
   </div>
   <div class='ocr_carea' id='block_1_5' title="bbox 90 549 1721 637">
    <p class='ocr_par' dir='ltr' id='par_1_5' title="bbox 90 549 1721 624">
     <span class='ocr_line' id='line_1_5' title="bbox 90 549 1721 624; baseline 0.001 -19"><span class='ocrx_word' id='word_1_7' title='bbox 90 554 173 605; x_wconf 73' lang='grc' dir='ltr'><strong>ὗν</strong></span> <span class='ocrx_word' id='word_1_8' title='bbox 206 553 371 604; x_wconf 74' lang='grc' dir='ltr'>ἔστιν</span> <span class='ocrx_word' id='word_1_9' title='bbox 393 550 519 604; x_wconf 86' lang='grc' dir='ltr'>οὕτε</span> <span class='ocrx_word' id='word_1_10' title='bbox 547 552 580 622; x_wconf 79' lang='grc' dir='ltr'>ὴ</span> <span class='ocrx_word' id='word_1_11' title='bbox 612 549 709 623; x_wconf 87' lang='grc' dir='ltr'><strong>ὕλη</strong></span> <span class='ocrx_word' id='word_1_12' title='bbox 729 591 744 614; x_wconf 86' lang='grc'><strong>,</strong></span> <span class='ocrx_word' id='word_1_13' title='bbox 773 551 836 605; x_wconf 89' lang='grc' dir='ltr'><strong>τὸ</strong></span> <span class='ocrx_word' id='word_1_14' title='bbox 867 553 925 607; x_wconf 81' lang='grc' dir='ltr'><strong>δὲ</strong></span> <span class='ocrx_word' id='word_1_15' title='bbox 955 552 1304 624; x_wconf 83' lang='grc' dir='ltr'>συμϐεϐηκὸς</span> <span class='ocrx_word' id='word_1_16' title='bbox 1344 551 1422 624; x_wconf 81' lang='grc' dir='ltr'>τῷ</span> <span class='ocrx_word' id='word_1_17' title='bbox 1453 555 1578 608; x_wconf 84' lang='grc' dir='ltr'>καθ’</span> <span class='ocrx_word' id='word_1_18' title='bbox 1605 555 1721 607; x_wconf 83' lang='grc' dir='ltr'>αὑτὶ</span> 
     </span>
    </p>
   </div>
   <div class='ocr_carea' id='block_1_6' title="bbox 1826 549 3433 637">
    <p class='ocr_par' dir='ltr' id='par_1_6' title="bbox 1840 555 3433 637">
     <span class='ocr_line' id='line_1_6' title="bbox 1840 555 3433 637; baseline 0.008 -28"><span class='ocrx_word' id='word_1_19' title='bbox 1840 571 2019 624; x_wconf 91' lang='lat' dir='ltr'><strong>equus</strong></span> <span class='ocrx_word' id='word_1_20' title='bbox 2047 555 2306 625; x_wconf 73' lang='lat' dir='ltr'><strong>genitus?</strong></span> <span class='ocrx_word' id='word_1_21' title='bbox 2338 555 2393 610; x_wconf 90' lang='lat' dir='ltr'><strong>Si</strong></span> <span class='ocrx_word' id='word_1_22' title='bbox 2443 574 2538 626; x_wconf 88' lang='lat' dir='ltr'><strong>per</strong></span> <span class='ocrx_word' id='word_1_23' title='bbox 2581 574 2640 614; x_wconf 89' lang='lat' dir='ltr'><strong>se</strong></span> <span class='ocrx_word' id='word_1_24' title='bbox 2671 576 2847 629; x_wconf 83' lang='lat' dir='ltr'><strong>neque</strong></span> <span class='ocrx_word' id='word_1_25' title='bbox 2879 562 3117 630; x_wconf 79' lang='lat' dir='ltr'><strong>privatio</strong></span> <span class='ocrx_word' id='word_1_26' title='bbox 3147 576 3221 619; x_wconf 84' lang='lat' dir='ltr'><strong>est</strong></span> <span class='ocrx_word' id='word_1_27' title='bbox 3253 583 3433 637; x_wconf 78' lang='lat' dir='ltr'><strong>neque</strong></span> 
     </span>
    </p>
   </div>
   <div class='ocr_carea' id='block_1_7' title="bbox 95 644 1737 717">
    <p class='ocr_par' dir='ltr' id='par_1_7' title="bbox 95 644 1737 717">
     <span class='ocr_line' id='line_1_7' title="bbox 95 644 1737 717; baseline 0 -18"><span class='ocrx_word' id='word_1_28' title='bbox 95 646 237 699; x_wconf 72' lang='grc' dir='ltr'>ὄντι</span> <span class='ocrx_word' id='word_1_29' title='bbox 272 644 594 716; x_wconf 69' lang='grc' dir='ltr'>συμϐαίνειο</span> <span class='ocrx_word' id='word_1_30' title='bbox 627 645 743 708; x_wconf 78' lang='grc' dir='ltr'><strong>πῶς</strong></span> <span class='ocrx_word' id='word_1_31' title='bbox 779 645 921 699; x_wconf 73' lang='grc' dir='ltr'>κατὰ</span> <span class='ocrx_word' id='word_1_32' title='bbox 951 646 1554 717; x_wconf 69' lang='grc' dir='ltr'>συμϐεϐηκὸς-δυνατὸν</span> <span class='ocrx_word' id='word_1_33' title='bbox 1579 646 1737 715; x_wconf 86' lang='grc' dir='ltr'>γενέ-</span> 
     </span>
    </p>
   </div>
   <div class='ocr_carea' id='block_1_8' title="bbox 103 737 1734 810">
    <p class='ocr_par' dir='ltr' id='par_1_8' title="bbox 103 737 1734 810">
     <span class='ocr_line' id='line_1_8' title="bbox 103 737 1734 810; baseline 0.001 -20"><span class='ocrx_word' id='word_1_34' title='bbox 103 737 254 791; x_wconf 80' lang='grc' dir='ltr'>σθαι</span> <span class='ocrx_word' id='word_1_35' title='bbox 280 754 338 790; x_wconf 88' lang='grc' dir='ltr'><strong>τι</strong></span> <span class='ocrx_word' id='word_1_36' title='bbox 369 739 433 792; x_wconf 81' lang='grc' dir='ltr'>ὲκ</span> <span class='ocrx_word' id='word_1_37' title='bbox 457 738 561 807; x_wconf 81' lang='grc' dir='ltr'>τῆς</span> <span class='ocrx_word' id='word_1_38' title='bbox 590 738 919 809; x_wconf 77' lang='grc' dir='ltr'>στερήσεως,</span> <span class='ocrx_word' id='word_1_39' title='bbox 947 739 1082 810; x_wconf 86' lang='grc' dir='ltr'>μήτε</span> <span class='ocrx_word' id='word_1_40' title='bbox 1099 738 1220 793; x_wconf 79' lang='grc' dir='ltr'>καθ’</span> <span class='ocrx_word' id='word_1_41' title='bbox 1242 739 1400 804; x_wconf 80' lang='grc' dir='ltr'>αὐτὸ,</span> <span class='ocrx_word' id='word_1_42' title='bbox 1424 739 1562 810; x_wconf 84' lang='grc' dir='ltr'>μήτε</span> <span class='ocrx_word' id='word_1_43' title='bbox 1591 739 1734 792; x_wconf 79' lang='grc' dir='ltr'>κατὰ</span> 
     </span>
    </p>
   </div>
   <div class='ocr_carea' id='block_1_9' title="bbox 101 824 1737 903">
    <p class='ocr_par' dir='ltr' id='par_1_9' title="bbox 101 824 1737 903">
     <span class='ocr_line' id='line_1_9' title="bbox 101 824 1737 903; baseline -0.001 -17"><span class='ocrx_word' id='word_1_44' title='bbox 101 828 491 903; x_wconf 77' lang='grc' dir='ltr'>συμϐεϐηκὸς</span> <span class='ocrx_word' id='word_1_45' title='bbox 519 829 722 902; x_wconf 87' lang='grc' dir='ltr'>οὕσης;</span> <span class='ocrx_word' id='word_1_46' title='bbox 756 824 856 883; x_wconf 80' lang='grc' dir='ltr'>Ὧν</span> <span class='ocrx_word' id='word_1_47' title='bbox 884 829 1287 902; x_wconf 78' lang='grc' dir='ltr'><strong>διεζευγμένων</strong></span> <span class='ocrx_word' id='word_1_48' title='bbox 1315 830 1508 896; x_wconf 85' lang='grc' dir='ltr'>ὄντων,</span> <span class='ocrx_word' id='word_1_49' title='bbox 1540 829 1737 884; x_wconf 73' lang='grc' dir='ltr'><strong>ἀδύνα-</strong></span> 
     </span>
    </p>
   </div>
   <div class='ocr_carea' id='block_1_10' title="bbox 105 921 1733 993">
    <p class='ocr_par' dir='ltr' id='par_1_10' title="bbox 105 921 1733 993">
     <span class='ocr_line' id='line_1_10' title="bbox 105 921 1733 993; baseline -0.001 -15"><span class='ocrx_word' id='word_1_50' title='bbox 105 927 219 980; x_wconf 80' lang='grc' dir='ltr'>τόν</span> <span class='ocrx_word' id='word_1_51' title='bbox 265 927 389 978; x_wconf 80' lang='grc' dir='ltr'>ἐστι</span> <span class='ocrx_word' id='word_1_52' title='bbox 420 923 671 993; x_wconf 71' lang='grc' dir='ltr'>γενέσθαι</span> <span class='ocrx_word' id='word_1_53' title='bbox 692 941 769 985; x_wconf 85' lang='grc' dir='ltr'><strong>,τι</strong></span> <span class='ocrx_word' id='word_1_54' title='bbox 797 921 858 987; x_wconf 78' lang='grc' dir='ltr'>ἐξ</span> <span class='ocrx_word' id='word_1_55' title='bbox 883 922 1100 985; x_wconf 81' lang='grc' dir='ltr'>οὐδενὸς</span> <span class='ocrx_word' id='word_1_56' title='bbox 1128 922 1307 977; x_wconf 82' lang='grc' dir='ltr'>αὐτῶν</span> <span class='ocrx_word' id='word_1_57' title='bbox 1328 961 1342 985; x_wconf 87' lang='grc'><strong>,</strong></span> <span class='ocrx_word' id='word_1_58' title='bbox 1374 922 1582 976; x_wconf 82' lang='grc' dir='ltr'>τούτων</span> <span class='ocrx_word' id='word_1_59' title='bbox 1609 922 1733 976; x_wconf 84' lang='grc' dir='ltr'>οὕτε</span> 
     </span>
    </p>
   </div>
   <div class='ocr_carea' id='block_1_11' title="bbox 109 1010 1733 1090">
    <p class='ocr_par' dir='ltr' id='par_1_11' title="bbox 109 1010 1733 1090">
     <span class='ocr_line' id='line_1_11' title="bbox 109 1010 1733 1090; baseline -0.002 -18"><span class='ocrx_word' id='word_1_60' title='bbox 109 1016 645 1090; x_wconf 77' lang='grc' dir='ltr'><strong>συμπεπλεγμένων</strong></span> <span class='ocrx_word' id='word_1_61' title='bbox 689 1016 912 1070; x_wconf 82' lang='grc' dir='ltr'>δυνατὸν</span> <span class='ocrx_word' id='word_1_62' title='bbox 960 1015 1213 1084; x_wconf 82' lang='grc' dir='ltr'>γενέσθαι</span> <span class='ocrx_word' id='word_1_63' title='bbox 1256 1032 1340 1070; x_wconf 75' lang='grc' dir='ltr'><strong>τιο</strong></span> <span class='ocrx_word' id='word_1_64' title='bbox 1373 1010 1488 1069; x_wconf 66' lang='grc' dir='ltr'>οἷον</span> <span class='ocrx_word' id='word_1_65' title='bbox 1528 1017 1592 1070; x_wconf 76' lang='grc' dir='ltr'>ὲκ</span> <span class='ocrx_word' id='word_1_66' title='bbox 1637 1016 1733 1071; x_wconf 82' lang='grc' dir='ltr'>τοῦ</span> 
     </span>
    </p>
   </div>
   <div class='ocr_carea' id='block_1_12' title="bbox 106 1104 1733 1176">
    <p class='ocr_par' dir='ltr' id='par_1_12' title="bbox 106 1104 1733 1176">
     <span class='ocr_line' id='line_1_12' title="bbox 106 1104 1733 1176; baseline 0.001 -12"><span class='ocrx_word' id='word_1_67' title='bbox 106 1112 285 1173; x_wconf 72' lang='grc' dir='ltr'>ὄντος</span> <span class='ocrx_word' id='word_1_68' title='bbox 318 1109 507 1173; x_wconf 80' lang='grc' dir='ltr'>ἁπλῶς</span> <span class='ocrx_word' id='word_1_69' title='bbox 527 1104 589 1162; x_wconf 80' lang='grc' dir='ltr'>οὗ</span> <span class='ocrx_word' id='word_1_70' title='bbox 613 1107 836 1164; x_wconf 84' lang='grc' dir='ltr'>δυνατὸν</span> <span class='ocrx_word' id='word_1_71' title='bbox 864 1108 1118 1176; x_wconf 78' lang='grc' dir='ltr'>γενέσθαι</span> <span class='ocrx_word' id='word_1_72' title='bbox 1143 1125 1199 1160; x_wconf 90' lang='grc' dir='ltr'><strong>τι</strong></span> <span class='ocrx_word' id='word_1_73' title='bbox 1215 1124 1230 1139; x_wconf 74' lang='grc' dir='ltr'><strong>ο</strong></span> <span class='ocrx_word' id='word_1_74' title='bbox 1255 1106 1519 1173; x_wconf 80' lang='grc' dir='ltr'><strong>ὡσαύτως</strong></span> <span class='ocrx_word' id='word_1_75' title='bbox 1547 1111 1643 1164; x_wconf 75' lang='grc' dir='ltr'><strong>καὶ</strong></span> <span class='ocrx_word' id='word_1_76' title='bbox 1669 1112 1733 1165; x_wconf 74' lang='grc' dir='ltr'>ὲκ</span> 
     </span>
    </p>
   </div>
   <div class='ocr_carea' id='block_1_13' title="bbox 105 1201 1733 1274">
    <p class='ocr_par' dir='ltr' id='par_1_13' title="bbox 105 1201 1733 1274">
     <span class='ocr_line' id='line_1_13' title="bbox 105 1201 1733 1274; baseline -0.001 -17"><span class='ocrx_word' id='word_1_77' title='bbox 105 1202 223 1258; x_wconf 74' lang='grc' dir='ltr'>τοῦ</span> <span class='ocrx_word' id='word_1_78' title='bbox 260 1203 454 1266; x_wconf 80' lang='grc' dir='ltr'>ἁπλῶς</span> <span class='ocrx_word' id='word_1_79' title='bbox 486 1203 562 1273; x_wconf 81' lang='grc' dir='ltr'>μὴ</span> <span class='ocrx_word' id='word_1_80' title='bbox 589 1201 762 1272; x_wconf 79' lang='grc' dir='ltr'>ὄντος,</span> <span class='ocrx_word' id='word_1_81' title='bbox 798 1201 884 1254; x_wconf 75' lang='grc' dir='ltr'>ἵνα</span> <span class='ocrx_word' id='word_1_82' title='bbox 912 1204 1036 1264; x_wconf 82' lang='grc' dir='ltr'>ταῖς</span> <span class='ocrx_word' id='word_1_83' title='bbox 1076 1202 1484 1273; x_wconf 71' lang='grc' dir='ltr'>Ἀριστοτέλους</span> <span class='ocrx_word' id='word_1_84' title='bbox 1516 1203 1733 1274; x_wconf 78' lang='grc' dir='ltr'>χρησώ-</span> 
     </span>
    </p>
   </div>
   <div class='ocr_carea' id='block_1_14' title="bbox 113 1294 1732 1366">
    <p class='ocr_par' dir='ltr' id='par_1_14' title="bbox 113 1294 1732 1366">
     <span class='ocr_line' id='line_1_14' title="bbox 113 1294 1732 1366; baseline 0 -17"><span class='ocrx_word' id='word_1_85' title='bbox 113 1295 276 1366; x_wconf 83' lang='grc' dir='ltr'>μεθα.</span> <span class='ocrx_word' id='word_1_86' title='bbox 305 1296 532 1365; x_wconf 78' lang='grc' dir='ltr'>φωναῖς.</span> <span class='ocrx_word' id='word_1_87' title='bbox 574 1295 700 1357; x_wconf 89' lang='grc' dir='ltr'>Πῶς</span> <span class='ocrx_word' id='word_1_88' title='bbox 739 1294 1028 1365; x_wconf 75' lang='grc' dir='ltr'>ἀμφότερα</span> <span class='ocrx_word' id='word_1_89' title='bbox 1057 1294 1250 1362; x_wconf 80' lang='grc' dir='ltr'>γέγονε</span> <span class='ocrx_word' id='word_1_90' title='bbox 1279 1295 1482 1348; x_wconf 77' lang='grc' dir='ltr'>δυνατὰ</span> <span class='ocrx_word' id='word_1_91' title='bbox 1501 1338 1514 1361; x_wconf 95' lang='grc'><strong>,</strong></span> <span class='ocrx_word' id='word_1_92' title='bbox 1548 1297 1643 1349; x_wconf 78' lang='grc' dir='ltr'>καὶ</span> <span class='ocrx_word' id='word_1_93' title='bbox 1669 1299 1732 1352; x_wconf 85' lang='grc' dir='ltr'><strong>τὸ</strong></span> 
     </span>
    </p>
   </div>
   <div class='ocr_carea' id='block_1_15' title="bbox 109 1385 1730 1458">
    <p class='ocr_par' dir='ltr' id='par_1_15' title="bbox 109 1385 1730 1458">
     <span class='ocr_line' id='line_1_15' title="bbox 109 1385 1730 1458; baseline -0.001 -15"><span class='ocrx_word' id='word_1_94' title='bbox 109 1389 391 1458; x_wconf 77' lang='grc' dir='ltr'>γενέσθαι</span> <span class='ocrx_word' id='word_1_95' title='bbox 419 1386 479 1451; x_wconf 71' lang='grc' dir='ltr'><strong>ἐξ</strong></span> <span class='ocrx_word' id='word_1_96' title='bbox 507 1387 686 1450; x_wconf 84' lang='grc' dir='ltr'>ὄντος,</span> <span class='ocrx_word' id='word_1_97' title='bbox 720 1385 904 1440; x_wconf 77' lang='grc' dir='ltr'>καὶτὸ</span> <span class='ocrx_word' id='word_1_98' title='bbox 939 1385 1190 1453; x_wconf 83' lang='grc' dir='ltr'>γενέσθαι</span> <span class='ocrx_word' id='word_1_99' title='bbox 1224 1387 1289 1440; x_wconf 71' lang='grc' dir='ltr'>ἐκ</span> <span class='ocrx_word' id='word_1_100' title='bbox 1323 1387 1402 1458; x_wconf 78' lang='grc' dir='ltr'>μὴ</span> <span class='ocrx_word' id='word_1_101' title='bbox 1439 1388 1630 1453; x_wconf 75' lang='grc' dir='ltr'>ὄντος;</span> <span class='ocrx_word' id='word_1_102' title='bbox 1666 1389 1730 1441; x_wconf 79' lang='lat' dir='ltr'><strong>Et</strong></span> 
     </span>
    </p>
   </div>
   <div class='ocr_carea' id='block_1_16' title="bbox 109 1475 1730 1552">
    <p class='ocr_par' dir='ltr' id='par_1_16' title="bbox 109 1475 1730 1552">
     <span class='ocr_line' id='line_1_16' title="bbox 109 1475 1730 1552; baseline 0.015 -18"><span class='ocrx_word' id='word_1_103' title='bbox 109 1483 182 1534; x_wconf 83' lang='grc' dir='ltr'><strong>τὸ</strong></span> <span class='ocrx_word' id='word_1_104' title='bbox 234 1481 602 1551; x_wconf 71' lang='grc' dir='ltr'>ὑποκείμενον</span> <span class='ocrx_word' id='word_1_105' title='bbox 647 1480 716 1544; x_wconf 77' lang='grc' dir='ltr'>ἐξ.</span> <span class='ocrx_word' id='word_1_106' title='bbox 747 1475 808 1535; x_wconf 77' lang='grc' dir='ltr'><strong>οὗ</strong></span> <span class='ocrx_word' id='word_1_107' title='bbox 856 1480 1102 1550; x_wconf 73' lang='grc' dir='ltr'>γίγνεται</span> <span class='ocrx_word' id='word_1_108' title='bbox 1147 1482 1209 1534; x_wconf 74' lang='grc' dir='ltr'>τὸ</span> <span class='ocrx_word' id='word_1_109' title='bbox 1249 1482 1571 1552; x_wconf 79' lang='grc' dir='ltr'>γιγνόμενον</span> <span class='ocrx_word' id='word_1_110' title='bbox 1616 1485 1730 1547; x_wconf 74' lang='grc' dir='ltr'><strong>τοῖς</strong></span> 
     </span>
    </p>
   </div>
   <div class='ocr_carea' id='block_1_17' title="bbox 113 1569 1728 1646">
    <p class='ocr_par' dir='ltr' id='par_1_17' title="bbox 113 1569 1728 1646">
     <span class='ocr_line' id='line_1_17' title="bbox 113 1569 1728 1646; baseline 0.002 -21"><span class='ocrx_word' id='word_1_111' title='bbox 113 1575 400 1637; x_wconf 71' lang='grc' dir='ltr'><strong>ἐναντίοις</strong></span> <span class='ocrx_word' id='word_1_112' title='bbox 427 1569 641 1643; x_wconf 75' lang='grc' dir='ltr'>ἀνάγκη</span> <span class='ocrx_word' id='word_1_113' title='bbox 673 1574 1015 1640; x_wconf 80' lang='grc' dir='ltr'><strong>ὑποκεῖσθαι,</strong></span> <span class='ocrx_word' id='word_1_114' title='bbox 1044 1569 1146 1630; x_wconf 79' lang='grc' dir='ltr'>οὐκ</span> <span class='ocrx_word' id='word_1_115' title='bbox 1167 1577 1277 1646; x_wconf 75' lang='grc' dir='ltr'>ἄρα</span> <span class='ocrx_word' id='word_1_116' title='bbox 1306 1575 1553 1644; x_wconf 82' lang='grc' dir='ltr'>γίγνεταί</span> <span class='ocrx_word' id='word_1_117' title='bbox 1582 1592 1635 1627; x_wconf 90' lang='grc' dir='ltr'><strong>τι</strong></span> <span class='ocrx_word' id='word_1_118' title='bbox 1664 1578 1728 1629; x_wconf 79' lang='grc' dir='ltr'><strong>ὲκ</strong></span> 
     </span>
    </p>
   </div>
   <div class='ocr_carea' id='block_1_18' title="bbox 113 1667 1725 1742">
    <p class='ocr_par' dir='ltr' id='par_1_18' title="bbox 113 1667 1725 1742">
     <span class='ocr_line' id='line_1_18' title="bbox 113 1667 1725 1742; baseline 0.003 -24"><span class='ocrx_word' id='word_1_119' title='bbox 113 1667 230 1737; x_wconf 82' lang='grc' dir='ltr'>τῆς</span> <span class='ocrx_word' id='word_1_120' title='bbox 262 1669 574 1739; x_wconf 76' lang='grc' dir='ltr'>στερήσεως</span> <span class='ocrx_word' id='word_1_121' title='bbox 625 1667 768 1720; x_wconf 79' lang='grc' dir='ltr'>κατὰ</span> <span class='ocrx_word' id='word_1_122' title='bbox 814 1668 1164 1739; x_wconf 86' lang='grc' dir='ltr'>συμϐεϐηκὸς</span> <span class='ocrx_word' id='word_1_123' title='bbox 1191 1671 1304 1733; x_wconf 85' lang='grc' dir='ltr'>τοῖς</span> <span class='ocrx_word' id='word_1_124' title='bbox 1336 1671 1601 1732; x_wconf 74' lang='grc' dir='ltr'>ἐναντίοις</span> <span class='ocrx_word' id='word_1_125' title='bbox 1652 1671 1725 1742; x_wconf 81' lang='grc' dir='ltr'>μὴ</span> 
     </span>
    </p>
   </div>
   <div class='ocr_carea' id='block_1_19' title="bbox 119 1757 1728 1834">
    <p class='ocr_par' dir='ltr' id='par_1_19' title="bbox 119 1757 1728 1834">
     <span class='ocr_line' id='line_1_19' title="bbox 119 1757 1728 1834; baseline 0.002 -23"><span class='ocrx_word' id='word_1_126' title='bbox 119 1759 521 1830; x_wconf 73' lang='grc' dir='ltr'>ὑποκειμένοις</span> <span class='ocrx_word' id='word_1_127' title='bbox 541 1760 672 1830; x_wconf 86' lang='grc'>(70).</span> <span class='ocrx_word' id='word_1_128' title='bbox 699 1761 757 1813; x_wconf 89' lang='lat'><strong>&#39;0</strong></span> <span class='ocrx_word' id='word_1_129' title='bbox 787 1763 848 1815; x_wconf 87' lang='grc' dir='ltr'><strong>τὸ</strong></span> <span class='ocrx_word' id='word_1_130' title='bbox 879 1763 986 1815; x_wconf 70' lang='grc' dir='ltr'>πᾶν</span> <span class='ocrx_word' id='word_1_131' title='bbox 1016 1760 1091 1833; x_wconf 80' lang='grc' dir='ltr'><strong>μὴ</strong></span> <span class='ocrx_word' id='word_1_132' title='bbox 1114 1761 1378 1834; x_wconf 79' lang='grc' dir='ltr'>ἀναιρῶν,</span> <span class='ocrx_word' id='word_1_133' title='bbox 1404 1764 1540 1834; x_wconf 86' lang='grc' dir='ltr'>μήτε</span> <span class='ocrx_word' id='word_1_134' title='bbox 1563 1763 1622 1816; x_wconf 90' lang='grc' dir='ltr'><strong>τὸ</strong></span> <span class='ocrx_word' id='word_1_135' title='bbox 1650 1757 1728 1816; x_wconf 84' lang='grc' dir='ltr'><strong>εἶ-</strong></span> 
     </span>
    </p>
   </div>
   <div class='ocr_carea' id='block_1_20' title="bbox 117 1846 1720 1924">
    <p class='ocr_par' dir='ltr' id='par_1_20' title="bbox 117 1846 1720 1924">
     <span class='ocr_line' id='line_1_20' title="bbox 117 1846 1720 1924; baseline 0.002 -21"><span class='ocrx_word' id='word_1_136' title='bbox 117 1870 240 1917; x_wconf 87' lang='grc' dir='ltr'>ναι,</span> <span class='ocrx_word' id='word_1_137' title='bbox 281 1854 416 1923; x_wconf 72' lang='grc' dir='ltr'>μήτε</span> <span class='ocrx_word' id='word_1_138' title='bbox 448 1852 508 1904; x_wconf 87' lang='grc' dir='ltr'><strong>τὸ</strong></span> <span class='ocrx_word' id='word_1_139' title='bbox 541 1852 614 1923; x_wconf 80' lang='grc' dir='ltr'>μὴ</span> <span class='ocrx_word' id='word_1_140' title='bbox 640 1846 800 1918; x_wconf 77' lang='grc' dir='ltr'>εἶναι,</span> <span class='ocrx_word' id='word_1_141' title='bbox 834 1853 971 1906; x_wconf 82' lang='grc' dir='ltr'>ἀλλὰ</span> <span class='ocrx_word' id='word_1_142' title='bbox 1001 1854 1300 1923; x_wconf 73' lang='grc' dir='ltr'><strong>συγχωρῶν</strong></span> <span class='ocrx_word' id='word_1_143' title='bbox 1327 1855 1389 1907; x_wconf 78' lang='grc' dir='ltr'><strong>τὸ</strong></span> <span class='ocrx_word' id='word_1_144' title='bbox 1418 1849 1720 1924; x_wconf 61' lang='grc' dir='ltr'>πᾶνηεῖναι,</span> 
     </span>
    </p>
   </div>
   <div class='ocr_carea' id='block_1_21' title="bbox 119 1924 1726 2019">
    <p class='ocr_par' dir='ltr' id='par_1_21' title="bbox 119 1924 1726 2019">
     <span class='ocr_line' id='line_1_21' title="bbox 119 1924 1726 2019; baseline 0.002 -21"><span class='ocrx_word' id='word_1_145' title='bbox 119 1947 226 1998; x_wconf 71' lang='grc' dir='ltr'>καὶ</span> <span class='ocrx_word' id='word_1_146' title='bbox 257 1945 336 2016; x_wconf 83' lang='grc' dir='ltr'>μὴ</span> <span class='ocrx_word' id='word_1_147' title='bbox 364 1924 526 2007; x_wconf 66' lang='grc' dir='ltr'>εἶναι,</span> <span class='ocrx_word' id='word_1_148' title='bbox 569 1946 688 2008; x_wconf 83' lang='grc' dir='ltr'>πῶς</span> <span class='ocrx_word' id='word_1_149' title='bbox 711 1945 937 2001; x_wconf 80' lang='grc' dir='ltr'>δύναται</span> <span class='ocrx_word' id='word_1_150' title='bbox 957 1946 1244 2017; x_wconf 74' lang='grc' dir='ltr'>ἀληθεύειν</span> <span class='ocrx_word' id='word_1_151' title='bbox 1271 1947 1444 2015; x_wconf 74' lang='grc' dir='ltr'>λέγων</span> <span class='ocrx_word' id='word_1_152' title='bbox 1465 1948 1563 2018; x_wconf 81' lang='grc' dir='ltr'>τὴν</span> <span class='ocrx_word' id='word_1_153' title='bbox 1593 1948 1726 2019; x_wconf 84' lang='grc' dir='ltr'>ὕλην</span> 
     </span>
    </p>
   </div>
   <div class='ocr_carea' id='block_1_22' title="bbox 123 2033 1724 2117">
    <p class='ocr_par' dir='ltr' id='par_1_22' title="bbox 123 2033 1724 2117">
     <span class='ocr_line' id='line_1_22' title="bbox 123 2033 1724 2117; baseline 0.003 -28"><span class='ocrx_word' id='word_1_154' title='bbox 123 2037 207 2108; x_wconf 82' lang='grc' dir='ltr'>μὴ</span> <span class='ocrx_word' id='word_1_155' title='bbox 240 2033 384 2090; x_wconf 82' lang='grc' dir='ltr'>εἶναι</span> <span class='ocrx_word' id='word_1_156' title='bbox 410 2078 424 2099; x_wconf 88' lang='grc'><strong>,</strong></span> <span class='ocrx_word' id='word_1_157' title='bbox 474 2039 611 2107; x_wconf 84' lang='grc' dir='ltr'>μήτε</span> <span class='ocrx_word' id='word_1_158' title='bbox 642 2039 865 2117; x_wconf 73' lang='grc' dir='ltr'>οὐσίαν,</span> <span class='ocrx_word' id='word_1_159' title='bbox 914 2039 1051 2109; x_wconf 85' lang='grc' dir='ltr'>μήτε</span> <span class='ocrx_word' id='word_1_160' title='bbox 1095 2037 1214 2090; x_wconf 87' lang='grc' dir='ltr'>τόδε</span> <span class='ocrx_word' id='word_1_161' title='bbox 1248 2055 1300 2091; x_wconf 89' lang='grc' dir='ltr'><strong>τι</strong></span> <span class='ocrx_word' id='word_1_162' title='bbox 1327 2081 1339 2103; x_wconf 90' lang='grc'><strong>,</strong></span> <span class='ocrx_word' id='word_1_163' title='bbox 1377 2041 1512 2110; x_wconf 87' lang='grc' dir='ltr'>μήτε</span> <span class='ocrx_word' id='word_1_164' title='bbox 1541 2040 1630 2104; x_wconf 89' lang='grc' dir='ltr'>ὄν;</span> <span class='ocrx_word' id='word_1_165' title='bbox 1663 2042 1724 2094; x_wconf 73' lang='lat' dir='ltr'><strong>Et</strong></span> 
     </span>
    </p>
   </div>
   <div class='ocr_carea' id='block_1_23' title="bbox 118 2127 1725 2203">
    <p class='ocr_par' dir='ltr' id='par_1_23' title="bbox 118 2127 1725 2203">
     <span class='ocr_line' id='line_1_23' title="bbox 118 2127 1725 2203; baseline 0.002 -21"><span class='ocrx_word' id='word_1_166' title='bbox 118 2131 384 2198; x_wconf 82' lang='grc' dir='ltr'>γίγνεται</span> <span class='ocrx_word' id='word_1_167' title='bbox 416 2127 514 2198; x_wconf 82' lang='grc' dir='ltr'>μὲν</span> <span class='ocrx_word' id='word_1_168' title='bbox 541 2130 601 2181; x_wconf 72' lang='grc' dir='ltr'><strong>τὸ</strong></span> <span class='ocrx_word' id='word_1_169' title='bbox 630 2130 977 2200; x_wconf 83' lang='grc' dir='ltr'>γιγνόμενον,</span> <span class='ocrx_word' id='word_1_170' title='bbox 1006 2131 1108 2183; x_wconf 86' lang='grc' dir='ltr'>οὐκ</span> <span class='ocrx_word' id='word_1_171' title='bbox 1140 2129 1200 2194; x_wconf 69' lang='grc' dir='ltr'><strong>ἐξ</strong></span> <span class='ocrx_word' id='word_1_172' title='bbox 1232 2130 1420 2193; x_wconf 86' lang='grc' dir='ltr'>ἁπλῶς</span> <span class='ocrx_word' id='word_1_173' title='bbox 1445 2132 1501 2184; x_wconf 84' lang='grc' dir='ltr'><strong>δὲ</strong></span> <span class='ocrx_word' id='word_1_174' title='bbox 1534 2133 1606 2203; x_wconf 75' lang='grc' dir='ltr'>μὴ</span> <span class='ocrx_word' id='word_1_175' title='bbox 1637 2133 1725 2186; x_wconf 87' lang='grc' dir='ltr'>ὄν-</span> 
     </span>
    </p>
   </div>
   <div class='ocr_carea' id='block_1_24' title="bbox 118 2221 1726 2295">
    <p class='ocr_par' dir='ltr' id='par_1_24' title="bbox 118 2221 1726 2295">
     <span class='ocr_line' id='line_1_24' title="bbox 118 2221 1726 2295; baseline 0.002 -21"><span class='ocrx_word' id='word_1_176' title='bbox 118 2241 241 2288; x_wconf 85' lang='grc' dir='ltr'>τος,</span> <span class='ocrx_word' id='word_1_177' title='bbox 275 2221 399 2274; x_wconf 86' lang='grc' dir='ltr'>οὕτε</span> <span class='ocrx_word' id='word_1_178' title='bbox 424 2224 480 2287; x_wconf 76' lang='grc' dir='ltr'>ἐξ</span> <span class='ocrx_word' id='word_1_179' title='bbox 503 2222 688 2285; x_wconf 82' lang='grc' dir='ltr'>ἁπλῶς</span> <span class='ocrx_word' id='word_1_180' title='bbox 719 2223 891 2288; x_wconf 85' lang='grc' dir='ltr'>ὄντος,</span> <span class='ocrx_word' id='word_1_181' title='bbox 915 2223 1051 2276; x_wconf 72' lang='grc' dir='ltr'>ἀλλὰ</span> <span class='ocrx_word' id='word_1_182' title='bbox 1079 2221 1136 2288; x_wconf 77' lang='grc' dir='ltr'><strong>ἐξ</strong></span> <span class='ocrx_word' id='word_1_183' title='bbox 1167 2224 1517 2295; x_wconf 80' lang='grc' dir='ltr'>ἀμφοτέρων·</span> <span class='ocrx_word' id='word_1_184' title='bbox 1544 2226 1726 2292; x_wconf 84' lang='grc' dir='ltr'>γίγνε-</span> 
     </span>
    </p>
   </div>
   <div class='ocr_carea' id='block_1_25' title="bbox 119 2315 1722 2387">
    <p class='ocr_par' dir='ltr' id='par_1_25' title="bbox 119 2315 1722 2387">
     <span class='ocr_line' id='line_1_25' title="bbox 119 2315 1722 2387; baseline 0.001 -21"><span class='ocrx_word' id='word_1_185' title='bbox 119 2334 218 2368; x_wconf 87' lang='grc' dir='ltr'><strong>ται</strong></span> <span class='ocrx_word' id='word_1_186' title='bbox 248 2316 358 2386; x_wconf 77' lang='grc' dir='ltr'><strong>ἄρα</strong></span> <span class='ocrx_word' id='word_1_187' title='bbox 387 2317 478 2367; x_wconf 70' lang='grc' dir='ltr'><strong>καὶ</strong></span> <span class='ocrx_word' id='word_1_188' title='bbox 511 2317 574 2367; x_wconf 63' lang='grc' dir='ltr'>ὲκ</span> <span class='ocrx_word' id='word_1_189' title='bbox 605 2316 708 2386; x_wconf 79' lang='grc' dir='ltr'>τῆς</span> <span class='ocrx_word' id='word_1_190' title='bbox 740 2315 870 2387; x_wconf 85' lang='grc' dir='ltr'>ὕλης</span> <span class='ocrx_word' id='word_1_191' title='bbox 895 2316 970 2378; x_wconf 83' lang='grc' dir='ltr'><strong>ὡς</strong></span> <span class='ocrx_word' id='word_1_192' title='bbox 1002 2318 1065 2368; x_wconf 84' lang='grc' dir='ltr'>ὲκ</span> <span class='ocrx_word' id='word_1_193' title='bbox 1091 2315 1185 2368; x_wconf 80' lang='grc' dir='ltr'>τοῦ</span> <span class='ocrx_word' id='word_1_194' title='bbox 1219 2316 1372 2379; x_wconf 82' lang='grc' dir='ltr'>ὄντος</span> <span class='ocrx_word' id='word_1_195' title='bbox 1411 2316 1505 2369; x_wconf 66' lang='grc' dir='ltr'><strong>καὶ</strong></span> <span class='ocrx_word' id='word_1_196' title='bbox 1536 2317 1599 2369; x_wconf 82' lang='grc' dir='ltr'>ὲκ</span> <span class='ocrx_word' id='word_1_197' title='bbox 1629 2316 1722 2368; x_wconf 76' lang='grc' dir='ltr'><strong>τοῦ</strong></span> 
     </span>
    </p>
   </div>
   <div class='ocr_carea' id='block_1_26' title="bbox 125 2407 1723 2478">
    <p class='ocr_par' dir='ltr' id='par_1_26' title="bbox 125 2407 1723 2478">
     <span class='ocr_line' id='line_1_26' title="bbox 125 2407 1723 2478; baseline 0.001 -18"><span class='ocrx_word' id='word_1_198' title='bbox 125 2407 206 2478; x_wconf 76' lang='grc' dir='ltr'><strong>μὴ</strong></span> <span class='ocrx_word' id='word_1_199' title='bbox 236 2407 420 2470; x_wconf 82' lang='grc' dir='ltr'>ὄντος,</span> <span class='ocrx_word' id='word_1_200' title='bbox 453 2409 548 2461; x_wconf 67' lang='grc' dir='ltr'><strong>καὶ</strong></span> <span class='ocrx_word' id='word_1_201' title='bbox 587 2410 661 2470; x_wconf 86' lang='grc' dir='ltr'>ὼς</span> <span class='ocrx_word' id='word_1_202' title='bbox 693 2410 755 2460; x_wconf 79' lang='grc' dir='ltr'>ἐκ</span> <span class='ocrx_word' id='word_1_203' title='bbox 802 2407 896 2460; x_wconf 82' lang='grc' dir='ltr'>τοῦ</span> <span class='ocrx_word' id='word_1_204' title='bbox 937 2408 1054 2460; x_wconf 75' lang='grc' dir='ltr'>τόδε</span> <span class='ocrx_word' id='word_1_205' title='bbox 1101 2419 1152 2460; x_wconf 78' lang='grc' dir='ltr'><strong>τι</strong></span> <span class='ocrx_word' id='word_1_206' title='bbox 1185 2408 1372 2473; x_wconf 81' lang='grc' dir='ltr'>ὄντος,</span> <span class='ocrx_word' id='word_1_207' title='bbox 1405 2409 1499 2462; x_wconf 77' lang='grc' dir='ltr'>καὶ</span> <span class='ocrx_word' id='word_1_208' title='bbox 1525 2409 1642 2462; x_wconf 84' lang='grc' dir='ltr'>τόδε</span> <span class='ocrx_word' id='word_1_209' title='bbox 1671 2427 1723 2461; x_wconf 86' lang='grc' dir='ltr'><strong>τι</strong></span> 
     </span>
    </p>
   </div>
   <div class='ocr_carea' id='block_1_27' title="bbox 124 2500 1724 2573">
    <p class='ocr_par' dir='ltr' id='par_1_27' title="bbox 124 2500 1724 2573">
     <span class='ocr_line' id='line_1_27' title="bbox 124 2500 1724 2573; baseline 0 -19"><span class='ocrx_word' id='word_1_210' title='bbox 124 2500 208 2571; x_wconf 70' lang='grc' dir='ltr'>μὴ</span> <span class='ocrx_word' id='word_1_211' title='bbox 245 2500 420 2564; x_wconf 80' lang='grc' dir='ltr'>ὄντος.</span> <span class='ocrx_word' id='word_1_212' title='bbox 459 2500 599 2554; x_wconf 78' lang='grc' dir='ltr'>Ἀλλ’</span> <span class='ocrx_word' id='word_1_213' title='bbox 630 2505 678 2554; x_wconf 74' lang='grc' dir='ltr'>εἰ</span> <span class='ocrx_word' id='word_1_214' title='bbox 711 2502 883 2555; x_wconf 79' lang='grc' dir='ltr'>ταῦτα</span> <span class='ocrx_word' id='word_1_215' title='bbox 912 2502 1087 2566; x_wconf 88' lang='grc' dir='ltr'>οὕτως</span> <span class='ocrx_word' id='word_1_216' title='bbox 1116 2503 1230 2572; x_wconf 69' lang='grc' dir='ltr'>ἔχει</span> <span class='ocrx_word' id='word_1_217' title='bbox 1253 2545 1266 2569; x_wconf 91' lang='grc'><strong>,</strong></span> <span class='ocrx_word' id='word_1_218' title='bbox 1307 2502 1502 2571; x_wconf 74' lang='grc' dir='ltr'>ψευδὲς</span> <span class='ocrx_word' id='word_1_219' title='bbox 1530 2503 1635 2573; x_wconf 78' lang='grc' dir='ltr'>ἄρα</span> <span class='ocrx_word' id='word_1_220' title='bbox 1663 2502 1724 2554; x_wconf 88' lang='grc' dir='ltr'><strong>τὸ</strong></span> 
     </span>
    </p>
   </div>
   <div class='ocr_carea' id='block_1_28' title="bbox 124 2592 1718 2667">
    <p class='ocr_par' dir='ltr' id='par_1_28' title="bbox 124 2592 1718 2667">
     <span class='ocr_line' id='line_1_28' title="bbox 124 2592 1718 2667; baseline 0.003 -23"><span class='ocrx_word' id='word_1_221' title='bbox 124 2592 301 2666; x_wconf 76' lang='grc' dir='ltr'>ῥηθὲν</span> <span class='ocrx_word' id='word_1_222' title='bbox 344 2596 472 2665; x_wconf 73' lang='grc' dir='ltr'>περὶ</span> <span class='ocrx_word' id='word_1_223' title='bbox 509 2596 610 2666; x_wconf 81' lang='grc' dir='ltr'>τῆς</span> <span class='ocrx_word' id='word_1_224' title='bbox 658 2596 818 2667; x_wconf 88' lang='grc' dir='ltr'>ὕλης,</span> <span class='ocrx_word' id='word_1_225' title='bbox 869 2598 930 2648; x_wconf 85' lang='grc' dir='ltr'><strong>τὸ</strong></span> <span class='ocrx_word' id='word_1_226' title='bbox 980 2597 1113 2667; x_wconf 81' lang='grc' dir='ltr'>μήτε</span> <span class='ocrx_word' id='word_1_227' title='bbox 1144 2596 1314 2666; x_wconf 80' lang='grc' dir='ltr'>αὐτὴν</span> <span class='ocrx_word' id='word_1_228' title='bbox 1343 2594 1479 2648; x_wconf 75' lang='grc' dir='ltr'>εἶναι</span> <span class='ocrx_word' id='word_1_229' title='bbox 1513 2596 1718 2663; x_wconf 75' lang='grc' dir='ltr'>οὐσίαν,</span> 
     </span>
    </p>
   </div>
   <div class='ocr_carea' id='block_1_29' title="bbox 126 2685 1717 2759">
    <p class='ocr_par' dir='ltr' id='par_1_29' title="bbox 126 2685 1717 2759">
     <span class='ocr_line' id='line_1_29' title="bbox 126 2685 1717 2759; baseline 0.003 -22"><span class='ocrx_word' id='word_1_230' title='bbox 126 2687 275 2757; x_wconf 77' lang='grc' dir='ltr'>μήτε</span> <span class='ocrx_word' id='word_1_231' title='bbox 307 2685 424 2740; x_wconf 82' lang='grc' dir='ltr'>τόδε</span> <span class='ocrx_word' id='word_1_232' title='bbox 453 2704 526 2752; x_wconf 86' lang='grc' dir='ltr'><strong>τι,</strong></span> <span class='ocrx_word' id='word_1_233' title='bbox 564 2689 696 2758; x_wconf 86' lang='grc' dir='ltr'>μήτε</span> <span class='ocrx_word' id='word_1_234' title='bbox 727 2688 807 2740; x_wconf 89' lang='grc' dir='ltr'><strong>ὄν.</strong></span> <span class='ocrx_word' id='word_1_235' title='bbox 835 2689 1041 2759; x_wconf 81' lang='grc' dir='ltr'>Ὠσπερ</span> <span class='ocrx_word' id='word_1_236' title='bbox 1073 2691 1104 2759; x_wconf 86' lang='grc' dir='ltr'><strong>ή</strong></span> <span class='ocrx_word' id='word_1_237' title='bbox 1137 2688 1237 2758; x_wconf 90' lang='grc' dir='ltr'><strong>ὕλη</strong></span> <span class='ocrx_word' id='word_1_238' title='bbox 1268 2689 1414 2741; x_wconf 72' lang='grc' dir='ltr'>ἐστὶν</span> <span class='ocrx_word' id='word_1_239' title='bbox 1453 2688 1717 2759; x_wconf 75' lang='grc' dir='ltr'>ἄμορφος,</span> 
     </span>
    </p>
   </div>
   <div class='ocr_carea' id='block_1_30' title="bbox 123 2775 1721 2853">
    <p class='ocr_par' dir='ltr' id='par_1_30' title="bbox 123 2775 1721 2853">
     <span class='ocr_line' id='line_1_30' title="bbox 123 2775 1721 2853; baseline 0.004 -25"><span class='ocrx_word' id='word_1_240' title='bbox 123 2776 275 2830; x_wconf 83' lang='grc' dir='ltr'>οὕτω</span> <span class='ocrx_word' id='word_1_241' title='bbox 306 2779 400 2832; x_wconf 72' lang='grc' dir='ltr'><strong>καὶ</strong></span> <span class='ocrx_word' id='word_1_242' title='bbox 431 2780 493 2830; x_wconf 84' lang='grc' dir='ltr'><strong>τὸ</strong></span> <span class='ocrx_word' id='word_1_243' title='bbox 523 2775 662 2842; x_wconf 73' lang='grc' dir='ltr'>εἶδός</span> <span class='ocrx_word' id='word_1_244' title='bbox 684 2782 831 2832; x_wconf 80' lang='grc' dir='ltr'>ἐστιν</span> <span class='ocrx_word' id='word_1_245' title='bbox 854 2780 1033 2834; x_wconf 77' lang='grc' dir='ltr'>ἄῦλον.</span> <span class='ocrx_word' id='word_1_246' title='bbox 1073 2779 1214 2832; x_wconf 80' lang='grc' dir='ltr'>Ἀλλ’</span> <span class='ocrx_word' id='word_1_247' title='bbox 1237 2782 1284 2832; x_wconf 83' lang='grc' dir='ltr'><strong>εί</strong></span> <span class='ocrx_word' id='word_1_248' title='bbox 1314 2780 1412 2850; x_wconf 82' lang='grc' dir='ltr'><strong>μὲν</strong></span> <span class='ocrx_word' id='word_1_249' title='bbox 1443 2783 1474 2851; x_wconf 83' lang='grc' dir='ltr'>ἡ</span> <span class='ocrx_word' id='word_1_250' title='bbox 1505 2779 1602 2853; x_wconf 84' lang='grc' dir='ltr'><strong>ὕλη</strong></span> <span class='ocrx_word' id='word_1_251' title='bbox 1626 2782 1721 2834; x_wconf 71' lang='grc' dir='ltr'><strong>καὶ</strong></span> 
     </span>
    </p>
   </div>
   <div class='ocr_carea' id='block_1_31' title="bbox 122 2869 1720 2946">
    <p class='ocr_par' dir='ltr' id='par_1_31' title="bbox 122 2869 1720 2946">
     <span class='ocr_line' id='line_1_31' title="bbox 122 2869 1720 2946; baseline 0.002 -22"><span class='ocrx_word' id='word_1_252' title='bbox 122 2873 191 2924; x_wconf 74' lang='grc' dir='ltr'><strong>τὸ</strong></span> <span class='ocrx_word' id='word_1_253' title='bbox 219 2871 469 2942; x_wconf 74' lang='grc' dir='ltr'>ἄμορφον</span> <span class='ocrx_word' id='word_1_254' title='bbox 501 2873 675 2941; x_wconf 75' lang='grc' dir='ltr'>αὐτῆς</span> <span class='ocrx_word' id='word_1_255' title='bbox 702 2876 806 2926; x_wconf 86' lang='grc' dir='ltr'>είσι</span> <span class='ocrx_word' id='word_1_256' title='bbox 838 2875 929 2926; x_wconf 76' lang='grc' dir='ltr'><strong>δύο</strong></span> <span class='ocrx_word' id='word_1_257' title='bbox 959 2874 1156 2943; x_wconf 71' lang='grc' dir='ltr'>ἀρχαὶ,</span> <span class='ocrx_word' id='word_1_258' title='bbox 1191 2874 1284 2926; x_wconf 77' lang='grc' dir='ltr'><strong>καὶ</strong></span> <span class='ocrx_word' id='word_1_259' title='bbox 1314 2869 1388 2926; x_wconf 72' lang='grc' dir='ltr'>’τὸ</span> <span class='ocrx_word' id='word_1_260' title='bbox 1436 2870 1575 2937; x_wconf 72' lang='grc' dir='ltr'>εἶδος</span> <span class='ocrx_word' id='word_1_261' title='bbox 1611 2875 1720 2946; x_wconf 82' lang='grc' dir='ltr'>ἄρα</span> 
     </span>
    </p>
   </div>
   <div class='ocr_carea' id='block_1_32' title="bbox 125 2963 1714 3038">
    <p class='ocr_par' dir='ltr' id='par_1_32' title="bbox 125 2963 1714 3038">
     <span class='ocr_line' id='line_1_32' title="bbox 125 2963 1714 3038; baseline 0.004 -23"><span class='ocrx_word' id='word_1_262' title='bbox 125 2964 227 3016; x_wconf 70' lang='grc' dir='ltr'><strong>καὶ</strong></span> <span class='ocrx_word' id='word_1_263' title='bbox 272 2963 333 3016; x_wconf 85' lang='grc' dir='ltr'><strong>τὸ</strong></span> <span class='ocrx_word' id='word_1_264' title='bbox 377 2965 536 3018; x_wconf 79' lang='grc' dir='ltr'>ᾶῦλον</span> <span class='ocrx_word' id='word_1_265' title='bbox 583 2965 746 3018; x_wconf 79' lang='grc' dir='ltr'>αὑτοῦ</span> <span class='ocrx_word' id='word_1_266' title='bbox 792 2965 885 3020; x_wconf 83' lang='grc' dir='ltr'>δύο</span> <span class='ocrx_word' id='word_1_267' title='bbox 931 2966 1141 3029; x_wconf 72' lang='grc' dir='ltr'>ἔσονται</span> <span class='ocrx_word' id='word_1_268' title='bbox 1191 2968 1376 3038; x_wconf 80' lang='grc' dir='ltr'>ἀρχαί.</span> <span class='ocrx_word' id='word_1_269' title='bbox 1430 2968 1555 3030; x_wconf 86' lang='grc' dir='ltr'>Πῶς</span> <span class='ocrx_word' id='word_1_270' title='bbox 1593 2967 1714 3036; x_wconf 84' lang='grc' dir='ltr'>οὖν,</span> 
     </span>
    </p>
   </div>
   <div class='ocr_carea' id='block_1_33' title="bbox 123 3057 1719 3133">
    <p class='ocr_par' dir='ltr' id='par_1_33' title="bbox 123 3057 1719 3133">
     <span class='ocr_line' id='line_1_33' title="bbox 123 3057 1719 3133; baseline 0.006 -25"><span class='ocrx_word' id='word_1_271' title='bbox 123 3057 415 3126; x_wconf 82' lang='grc' dir='ltr'>τεσσάρων</span> <span class='ocrx_word' id='word_1_272' title='bbox 456 3059 631 3112; x_wconf 82' lang='grc' dir='ltr'>οὐσῶν</span> <span class='ocrx_word' id='word_1_273' title='bbox 671 3059 778 3112; x_wconf 87' lang='grc' dir='ltr'><strong>τῶν</strong></span> <span class='ocrx_word' id='word_1_274' title='bbox 807 3058 990 3129; x_wconf 82' lang='grc' dir='ltr'>ἀρχῶν</span> <span class='ocrx_word' id='word_1_275' title='bbox 1015 3099 1029 3122; x_wconf 96' lang='grc'><strong>,</strong></span> <span class='ocrx_word' id='word_1_276' title='bbox 1065 3062 1213 3130; x_wconf 75' lang='grc' dir='ltr'>τρεῖς</span> <span class='ocrx_word' id='word_1_277' title='bbox 1264 3060 1421 3131; x_wconf 80' lang='grc' dir='ltr'>μόναι</span> <span class='ocrx_word' id='word_1_278' title='bbox 1456 3060 1719 3133; x_wconf 72' lang='grc' dir='ltr'>ἐτέθησαν</span> 
     </span>
    </p>
   </div>
   <div class='ocr_carea' id='block_1_34' title="bbox 127 3150 335 3221">
    <p class='ocr_par' dir='ltr' id='par_1_34' title="bbox 127 3150 335 3221">
     <span class='ocr_line' id='line_1_34' title="bbox 127 3150 335 3221; baseline 0 -18"><span class='ocrx_word' id='word_1_279' title='bbox 127 3150 298 3221; x_wconf 78' lang='grc' dir='ltr'>ἀρχαί</span> <span class='ocrx_word' id='word_1_280' title='bbox 321 3165 335 3213; x_wconf 85' lang='lat'><strong>;</strong></span> 
     </span>
    </p>
   </div>
   <div class='ocr_carea' id='block_1_35' title="bbox 539 3330 1302 3401">
    <p class='ocr_par' dir='ltr' id='par_1_35' title="bbox 539 3330 1302 3401">
     <span class='ocr_line' id='line_1_35' title="bbox 539 3330 1302 3401; baseline 0 -18"><span class='ocrx_word' id='word_1_281' title='bbox 539 3330 592 3384; x_wconf 90' lang='lat'><strong>6.</strong></span> <span class='ocrx_word' id='word_1_282' title='bbox 632 3330 728 3382; x_wconf 80' lang='grc' dir='ltr'>Ἐκ</span> <span class='ocrx_word' id='word_1_283' title='bbox 756 3330 863 3384; x_wconf 83' lang='grc' dir='ltr'>τοῦ</span> <span class='ocrx_word' id='word_1_284' title='bbox 882 3331 1069 3384; x_wconf 79' lang='grc' dir='ltr'>αὐτοῦ</span> <span class='ocrx_word' id='word_1_285' title='bbox 1098 3332 1302 3401; x_wconf 57' lang='grc' dir='ltr'>λόγου.</span> 
     </span>
    </p>
   </div>
   <div class='ocr_carea' id='block_1_36' title="bbox 209 3419 1715 3498">
    <p class='ocr_par' dir='ltr' id='par_1_36' title="bbox 209 3419 1715 3498">
     <span class='ocr_line' id='line_1_36' title="bbox 209 3419 1715 3498; baseline 0.005 -25"><span class='ocrx_word' id='word_1_286' title='bbox 209 3439 231 3473; x_wconf 75' lang='lat' dir='ltr'><strong>r</strong></span> <span class='ocrx_word' id='word_1_287' title='bbox 250 3420 442 3493; x_wconf 79' lang='grc' dir='ltr'>Ἡμεῖς</span> <span class='ocrx_word' id='word_1_288' title='bbox 465 3422 574 3493; x_wconf 78' lang='grc' dir='ltr'>γὰρ</span> <span class='ocrx_word' id='word_1_289' title='bbox 596 3423 726 3493; x_wconf 88' lang='grc' dir='ltr'>ὕλην</span> <span class='ocrx_word' id='word_1_290' title='bbox 748 3426 840 3476; x_wconf 71' lang='grc' dir='ltr'>καὶ</span> <span class='ocrx_word' id='word_1_291' title='bbox 863 3424 1114 3495; x_wconf 82' lang='grc' dir='ltr'>στέρησιν</span> <span class='ocrx_word' id='word_1_292' title='bbox 1140 3423 1229 3476; x_wconf 60' lang='lat' dir='ltr'><strong>ire</strong></span> <span class='ocrx_word' id='word_1_293' title='bbox 1239 3441 1328 3495; x_wconf 88' lang='grc' dir='ltr'><strong>ρον</strong></span> <span class='ocrx_word' id='word_1_294' title='bbox 1357 3419 1492 3477; x_wconf 78' lang='grc' dir='ltr'>εἷναί</span> <span class='ocrx_word' id='word_1_295' title='bbox 1518 3443 1715 3498; x_wconf 72' lang='grc' dir='ltr'>φαμενο</span> 
     </span>
    </p>
   </div>
   <div class='ocr_carea' id='block_1_37' title="bbox 129 3512 1714 3591">
    <p class='ocr_par' dir='ltr' id='par_1_37' title="bbox 129 3512 1714 3591">
     <span class='ocr_line' id='line_1_37' title="bbox 129 3512 1714 3591; baseline 0.005 -25"><span class='ocrx_word' id='word_1_296' title='bbox 129 3512 227 3567; x_wconf 71' lang='grc' dir='ltr'><strong>καὶ</strong></span> <span class='ocrx_word' id='word_1_297' title='bbox 252 3514 459 3569; x_wconf 79' lang='grc' dir='ltr'>τούτων</span> <span class='ocrx_word' id='word_1_298' title='bbox 503 3516 564 3568; x_wconf 88' lang='grc' dir='ltr'><strong>τὸ</strong></span> <span class='ocrx_word' id='word_1_299' title='bbox 615 3515 713 3586; x_wconf 85' lang='grc' dir='ltr'><strong>μὲν</strong></span> <span class='ocrx_word' id='word_1_300' title='bbox 750 3516 851 3568; x_wconf 82' lang='grc' dir='ltr'>οὐκ</span> <span class='ocrx_word' id='word_1_301' title='bbox 895 3515 954 3569; x_wconf 73' lang='grc' dir='ltr'>ὃν</span> <span class='ocrx_word' id='word_1_302' title='bbox 981 3512 1120 3569; x_wconf 76' lang='grc' dir='ltr'>εἶναι</span> <span class='ocrx_word' id='word_1_303' title='bbox 1163 3519 1304 3570; x_wconf 81' lang='grc' dir='ltr'>κατὰ</span> <span class='ocrx_word' id='word_1_304' title='bbox 1340 3519 1714 3591; x_wconf 88' lang='grc' dir='ltr'>συμϐεϐηκὸς,</span> 
     </span>
    </p>
   </div>
   <div class='ocr_carea' id='block_1_38' title="bbox 129 3604 1718 3684">
    <p class='ocr_par' dir='ltr' id='par_1_38' title="bbox 129 3604 1718 3684">
     <span class='ocr_line' id='line_1_38' title="bbox 129 3604 1718 3684; baseline 0.006 -27"><span class='ocrx_word' id='word_1_305' title='bbox 129 3606 233 3678; x_wconf 75' lang='grc' dir='ltr'>τὴν</span> <span class='ocrx_word' id='word_1_306' title='bbox 263 3604 392 3678; x_wconf 85' lang='grc' dir='ltr'>ὕλην</span> <span class='ocrx_word' id='word_1_307' title='bbox 416 3650 429 3673; x_wconf 92' lang='grc'><strong>,</strong></span> <span class='ocrx_word' id='word_1_308' title='bbox 462 3606 559 3678; x_wconf 77' lang='grc' dir='ltr'>τὴν</span> <span class='ocrx_word' id='word_1_309' title='bbox 588 3608 644 3660; x_wconf 83' lang='grc' dir='ltr'><strong>δὲ</strong></span> <span class='ocrx_word' id='word_1_310' title='bbox 683 3609 938 3679; x_wconf 79' lang='grc' dir='ltr'>στέρησιν</span> <span class='ocrx_word' id='word_1_311' title='bbox 965 3611 1062 3662; x_wconf 75' lang='grc' dir='ltr'><strong>καὶ</strong></span> <span class='ocrx_word' id='word_1_312' title='bbox 1105 3611 1226 3662; x_wconf 81' lang='grc' dir='ltr'>καθ’</span> <span class='ocrx_word' id='word_1_313' title='bbox 1257 3613 1454 3682; x_wconf 74' lang='grc' dir='ltr'>αὑτήν·</span> <span class='ocrx_word' id='word_1_314' title='bbox 1501 3615 1594 3667; x_wconf 79' lang='grc' dir='ltr'>καὶ</span> <span class='ocrx_word' id='word_1_315' title='bbox 1620 3615 1718 3684; x_wconf 81' lang='grc' dir='ltr'>τὴν</span> 
     </span>
    </p>
   </div>
   <div class='ocr_carea' id='block_1_39' title="bbox 137 3701 1718 3774">
    <p class='ocr_par' dir='ltr' id='par_1_39' title="bbox 137 3701 1718 3774">
     <span class='ocr_line' id='line_1_39' title="bbox 137 3701 1718 3774; baseline 0.006 -22"><span class='ocrx_word' id='word_1_316' title='bbox 137 3702 235 3770; x_wconf 81' lang='grc' dir='ltr'><strong>μὲν</strong></span> <span class='ocrx_word' id='word_1_317' title='bbox 264 3701 430 3769; x_wconf 69' lang='grc' dir='ltr'><strong>ἐγγὺς</strong></span> <span class='ocrx_word' id='word_1_318' title='bbox 457 3703 551 3754; x_wconf 72' lang='grc' dir='ltr'><strong>καὶ</strong></span> <span class='ocrx_word' id='word_1_319' title='bbox 575 3702 765 3755; x_wconf 72' lang='grc' dir='ltr'>οὐσίαν</span> <span class='ocrx_word' id='word_1_320' title='bbox 799 3720 934 3769; x_wconf 87' lang='grc' dir='ltr'>πως,</span> <span class='ocrx_word' id='word_1_321' title='bbox 966 3703 1062 3773; x_wconf 83' lang='grc' dir='ltr'>τὴν</span> <span class='ocrx_word' id='word_1_322' title='bbox 1092 3704 1147 3756; x_wconf 83' lang='grc' dir='ltr'><strong>δὲ</strong></span> <span class='ocrx_word' id='word_1_323' title='bbox 1179 3704 1448 3774; x_wconf 76' lang='grc' dir='ltr'>οὐδαμῶς.</span> <span class='ocrx_word' id='word_1_324' title='bbox 1484 3708 1547 3759; x_wconf 89' lang='grc' dir='ltr'>Οί</span> <span class='ocrx_word' id='word_1_325' title='bbox 1574 3708 1629 3760; x_wconf 84' lang='grc' dir='ltr'>δὲ</span> <span class='ocrx_word' id='word_1_326' title='bbox 1658 3709 1718 3768; x_wconf 85' lang='grc' dir='ltr'><strong>τὸ</strong></span> 
     </span>
    </p>
   </div>
   <div class='ocr_carea' id='block_1_40' title="bbox 138 3790 1715 3870">
    <p class='ocr_par' dir='ltr' id='par_1_40' title="bbox 138 3790 1715 3870">
     <span class='ocr_line' id='line_1_40' title="bbox 138 3790 1715 3870; baseline 0.005 -25"><span class='ocrx_word' id='word_1_327' title='bbox 138 3791 224 3864; x_wconf 69' lang='grc' dir='ltr'>μὴ</span> <span class='ocrx_word' id='word_1_328' title='bbox 243 3792 302 3845; x_wconf 86' lang='grc' dir='ltr'><strong>ὄν</strong></span> <span class='ocrx_word' id='word_1_329' title='bbox 326 3790 465 3846; x_wconf 77' lang='grc' dir='ltr'>εἷναί</span> <span class='ocrx_word' id='word_1_330' title='bbox 501 3811 666 3863; x_wconf 81' lang='grc' dir='ltr'>φασι,</span> <span class='ocrx_word' id='word_1_331' title='bbox 713 3794 775 3846; x_wconf 89' lang='grc' dir='ltr'><strong>τὸ</strong></span> <span class='ocrx_word' id='word_1_332' title='bbox 807 3795 949 3865; x_wconf 81' lang='grc' dir='ltr'>μέγα</span> <span class='ocrx_word' id='word_1_333' title='bbox 996 3796 1090 3848; x_wconf 78' lang='grc' dir='ltr'><strong>καὶ</strong></span> <span class='ocrx_word' id='word_1_334' title='bbox 1134 3795 1193 3849; x_wconf 90' lang='grc' dir='ltr'><strong>τὸ</strong></span> <span class='ocrx_word' id='word_1_335' title='bbox 1237 3799 1430 3867; x_wconf 81' lang='grc' dir='ltr'>μικρὸν</span> <span class='ocrx_word' id='word_1_336' title='bbox 1457 3837 1470 3858; x_wconf 86' lang='grc'><strong>,</strong></span> <span class='ocrx_word' id='word_1_337' title='bbox 1514 3801 1715 3870; x_wconf 84' lang='grc' dir='ltr'>ὁμοίως</span> 
     </span>
    </p>
   </div>
   <div class='ocr_carea' id='block_1_41' title="bbox 135 3884 1716 3961">
    <p class='ocr_par' dir='ltr' id='par_1_41' title="bbox 135 3884 1716 3961">
     <span class='ocr_line' id='line_1_41' title="bbox 135 3884 1716 3961; baseline 0.006 -25"><span class='ocrx_word' id='word_1_338' title='bbox 135 3884 194 3937; x_wconf 67' lang='grc' dir='ltr'>ἓν</span> <span class='ocrx_word' id='word_1_339' title='bbox 236 3885 298 3938; x_wconf 84' lang='grc' dir='ltr'><strong>τὸ</strong></span> <span class='ocrx_word' id='word_1_340' title='bbox 344 3887 778 3958; x_wconf 69' lang='grc' dir='ltr'>συναμφότερον,</span> <span class='ocrx_word' id='word_1_341' title='bbox 826 3888 858 3958; x_wconf 72' lang='grc' dir='ltr'><strong>ἢ</strong></span> <span class='ocrx_word' id='word_1_342' title='bbox 906 3889 966 3941; x_wconf 86' lang='grc' dir='ltr'><strong>τὸ</strong></span> <span class='ocrx_word' id='word_1_343' title='bbox 1010 3889 1180 3960; x_wconf 76' lang='grc' dir='ltr'>χωρὶς</span> <span class='ocrx_word' id='word_1_344' title='bbox 1221 3890 1501 3961; x_wconf 78' lang='grc' dir='ltr'>ἑκάτερον.</span> <span class='ocrx_word' id='word_1_345' title='bbox 1555 3893 1716 3946; x_wconf 83' lang='grc' dir='ltr'>’Ὥστε</span> 
     </span>
    </p>
   </div>
   <div class='ocr_carea' id='block_1_42' title="bbox 135 3976 1716 4054">
    <p class='ocr_par' dir='ltr' id='par_1_42' title="bbox 135 3976 1716 4054">
     <span class='ocr_line' id='line_1_42' title="bbox 135 3976 1716 4054; baseline 0.004 -22"><span class='ocrx_word' id='word_1_346' title='bbox 135 3977 412 4041; x_wconf 80' lang='grc' dir='ltr'>παντελῶς</span> <span class='ocrx_word' id='word_1_347' title='bbox 463 3979 649 4050; x_wconf 69' lang='grc' dir='ltr'>ἔτερος</span> <span class='ocrx_word' id='word_1_348' title='bbox 687 3980 717 4031; x_wconf 77' lang='grc' dir='ltr'><strong>ό</strong></span> <span class='ocrx_word' id='word_1_349' title='bbox 767 3979 966 4051; x_wconf 80' lang='grc' dir='ltr'>τρόπος</span> <span class='ocrx_word' id='word_1_350' title='bbox 1009 3976 1165 4044; x_wconf 82' lang='grc' dir='ltr'>οὗτος</span> <span class='ocrx_word' id='word_1_351' title='bbox 1206 3983 1312 4054; x_wconf 82' lang='grc' dir='ltr'><strong>τῆς</strong></span> <span class='ocrx_word' id='word_1_352' title='bbox 1355 3983 1574 4054; x_wconf 84' lang='grc' dir='ltr'>τριάδος</span> <span class='ocrx_word' id='word_1_353' title='bbox 1617 3986 1716 4038; x_wconf 80' lang='grc' dir='ltr'><strong>κά-</strong></span> 
     </span>
    </p>
   </div>
   <div class='ocr_carea' id='block_1_43' title="bbox 137 4089 391 4136">
    <p class='ocr_par' dir='ltr' id='par_1_43' title="bbox 137 4089 391 4136">
     <span class='ocr_line' id='line_1_43' title="bbox 137 4089 391 4136; baseline -0.012 -10"><span class='ocrx_word' id='word_1_354' title='bbox 137 4089 330 4136; x_wconf 82' lang='grc' dir='ltr'>κεινος.</span> <span class='ocrx_word' id='word_1_355' title='bbox 373 4091 391 4123; x_wconf 79' lang='grc' dir='ltr'><strong>ι</strong></span> 
     </span>
    </p>
   </div>
   <div class='ocr_carea' id='block_1_44' title="bbox 208 4251 1707 4328">
    <p class='ocr_par' dir='ltr' id='par_1_44' title="bbox 208 4251 1707 4328">
     <span class='ocr_line' id='line_1_44' title="bbox 208 4251 1707 4328; baseline 0.002 -19"><span class='ocrx_word' id='word_1_356' title='bbox 208 4255 269 4309; x_wconf 83' lang='grc' dir='ltr'><strong>Εἰ</strong></span> <span class='ocrx_word' id='word_1_357' title='bbox 300 4255 440 4312; x_wconf 80' lang='grc' dir='ltr'>κατὰ</span> <span class='ocrx_word' id='word_1_358' title='bbox 481 4252 825 4325; x_wconf 80' lang='grc' dir='ltr'>συμϐεϐηκὸς</span> <span class='ocrx_word' id='word_1_359' title='bbox 860 4255 959 4324; x_wconf 78' lang='grc' dir='ltr'><strong>οὕκ</strong></span> <span class='ocrx_word' id='word_1_360' title='bbox 1005 4256 1065 4310; x_wconf 84' lang='grc' dir='ltr'><strong>ὄν</strong></span> <span class='ocrx_word' id='word_1_361' title='bbox 1112 4251 1252 4312; x_wconf 76' lang='grc' dir='ltr'>εἶναι</span> <span class='ocrx_word' id='word_1_362' title='bbox 1294 4259 1363 4328; x_wconf 75' lang='grc' dir='ltr'>τῇ</span> <span class='ocrx_word' id='word_1_363' title='bbox 1411 4257 1510 4328; x_wconf 85' lang='grc' dir='ltr'>ὕλῃ</span> <span class='ocrx_word' id='word_1_364' title='bbox 1566 4259 1707 4324; x_wconf 67' lang='grc' dir='ltr'>ἐστὶ,</span> 
     </span>
    </p>
   </div>
   <div class='ocr_carea' id='block_1_45' title="bbox 136 4349 1714 4421">
    <p class='ocr_par' dir='ltr' id='par_1_45' title="bbox 136 4349 1714 4421">
     <span class='ocr_line' id='line_1_45' title="bbox 136 4349 1714 4421; baseline -0.001 -17"><span class='ocrx_word' id='word_1_365' title='bbox 136 4349 372 4420; x_wconf 84' lang='grc' dir='ltr'>δηλονότι</span> <span class='ocrx_word' id='word_1_366' title='bbox 398 4349 540 4403; x_wconf 82' lang='grc' dir='ltr'>κατὰ</span> <span class='ocrx_word' id='word_1_367' title='bbox 567 4350 914 4421; x_wconf 87' lang='grc' dir='ltr'>συμϐεϐηκὸς</span> <span class='ocrx_word' id='word_1_368' title='bbox 944 4353 977 4420; x_wconf 80' lang='grc' dir='ltr'>ὴ</span> <span class='ocrx_word' id='word_1_369' title='bbox 1009 4351 1109 4420; x_wconf 88' lang='grc' dir='ltr'><strong>ὕλη</strong></span> <span class='ocrx_word' id='word_1_370' title='bbox 1135 4349 1259 4402; x_wconf 85' lang='grc' dir='ltr'>οὕτε</span> <span class='ocrx_word' id='word_1_371' title='bbox 1293 4349 1392 4421; x_wconf 88' lang='grc' dir='ltr'><strong>ὕλη</strong></span> <span class='ocrx_word' id='word_1_372' title='bbox 1422 4351 1570 4402; x_wconf 73' lang='grc' dir='ltr'>ἐστὶν</span> <span class='ocrx_word' id='word_1_373' title='bbox 1592 4350 1714 4404; x_wconf 87' lang='grc' dir='ltr'>οὕτε</span> 
     </span>
    </p>
   </div>
   <div class='ocr_carea' id='block_1_46' title="bbox 141 4439 1709 4515">
    <p class='ocr_par' dir='ltr' id='par_1_46' title="bbox 141 4439 1709 4515">
     <span class='ocr_line' id='line_1_46' title="bbox 141 4439 1709 4515; baseline -0.001 -18"><span class='ocrx_word' id='word_1_374' title='bbox 141 4444 299 4514; x_wconf 75' lang='grc' dir='ltr'>ἀρχή.</span> <span class='ocrx_word' id='word_1_375' title='bbox 321 4444 512 4506; x_wconf 86' lang='grc' dir='ltr'>Ὄντος</span> <span class='ocrx_word' id='word_1_376' title='bbox 537 4443 645 4513; x_wconf 85' lang='grc' dir='ltr'><strong>γάρ</strong></span> <span class='ocrx_word' id='word_1_377' title='bbox 664 4444 781 4496; x_wconf 73' lang='grc' dir='ltr'>ἐστι</span> <span class='ocrx_word' id='word_1_378' title='bbox 802 4443 864 4495; x_wconf 88' lang='grc' dir='ltr'><strong>τὸ</strong></span> <span class='ocrx_word' id='word_1_379' title='bbox 889 4439 1025 4496; x_wconf 77' lang='grc' dir='ltr'>εἶναι</span> <span class='ocrx_word' id='word_1_380' title='bbox 1050 4443 1148 4515; x_wconf 90' lang='grc' dir='ltr'><strong>ὕλη</strong></span> <span class='ocrx_word' id='word_1_381' title='bbox 1179 4445 1271 4497; x_wconf 69' lang='grc' dir='ltr'>καὶ</span> <span class='ocrx_word' id='word_1_382' title='bbox 1300 4444 1362 4498; x_wconf 85' lang='grc' dir='ltr'><strong>τὸ</strong></span> <span class='ocrx_word' id='word_1_383' title='bbox 1387 4439 1525 4496; x_wconf 70' lang='grc' dir='ltr'>εἶναι</span> <span class='ocrx_word' id='word_1_384' title='bbox 1546 4446 1709 4515; x_wconf 80' lang='grc' dir='ltr'>ἀρχή.</span> 
     </span>
    </p>
   </div>
   <div class='ocr_carea' id='block_1_47' title="bbox 141 4533 1716 4610">
    <p class='ocr_par' dir='ltr' id='par_1_47' title="bbox 141 4533 1716 4610">
     <span class='ocr_line' id='line_1_47' title="bbox 141 4533 1716 4610; baseline -0.001 -19"><span class='ocrx_word' id='word_1_385' title='bbox 141 4537 249 4591; x_wconf 76' lang='grc' dir='ltr'><strong>Καὶ</strong></span> <span class='ocrx_word' id='word_1_386' title='bbox 273 4538 318 4590; x_wconf 79' lang='grc' dir='ltr'><strong>εί</strong></span> <span class='ocrx_word' id='word_1_387' title='bbox 344 4536 485 4589; x_wconf 83' lang='grc' dir='ltr'>κατὰ</span> <span class='ocrx_word' id='word_1_388' title='bbox 513 4534 856 4606; x_wconf 60' lang='grc' dir='ltr'>συμϐεϐηκὸς</span> <span class='ocrx_word' id='word_1_389' title='bbox 883 4537 983 4589; x_wconf 78' lang='grc' dir='ltr'><strong>οὐκ</strong></span> <span class='ocrx_word' id='word_1_390' title='bbox 1013 4536 1072 4589; x_wconf 89' lang='grc' dir='ltr'><strong>ὄν</strong></span> <span class='ocrx_word' id='word_1_391' title='bbox 1104 4533 1241 4590; x_wconf 74' lang='grc' dir='ltr'>εἶναι</span> <span class='ocrx_word' id='word_1_392' title='bbox 1272 4537 1386 4590; x_wconf 80' lang='grc' dir='ltr'>ἔστι</span> <span class='ocrx_word' id='word_1_393' title='bbox 1405 4539 1470 4608; x_wconf 78' lang='grc' dir='ltr'>τῇ</span> <span class='ocrx_word' id='word_1_394' title='bbox 1502 4535 1603 4610; x_wconf 80' lang='grc' dir='ltr'>ὕλῃ</span> <span class='ocrx_word' id='word_1_395' title='bbox 1629 4537 1716 4589; x_wconf 75' lang='grc' dir='ltr'><strong>διὰ</strong></span> 
     </span>
    </p>
   </div>
   <div class='ocr_carea' id='block_1_48' title="bbox 1843 648 3423 723">
    <p class='ocr_par' dir='ltr' id='par_1_48' title="bbox 1843 648 3423 723">
     <span class='ocr_line' id='line_1_48' title="bbox 1843 648 3423 723; baseline 0.008 -23"><span class='ocrx_word' id='word_1_396' title='bbox 1843 649 2093 715; x_wconf 90' lang='lat' dir='ltr'><strong>materia,</strong></span> <span class='ocrx_word' id='word_1_397' title='bbox 2129 648 2390 704; x_wconf 87' lang='lat' dir='ltr'><strong>accidens</strong></span> <span class='ocrx_word' id='word_1_398' title='bbox 2427 659 2608 704; x_wconf 88' lang='lat' dir='ltr'><strong>autem</strong></span> <span class='ocrx_word' id='word_1_399' title='bbox 2656 652 2727 712; x_wconf 86' lang='lat' dir='ltr'><strong>ei,</strong></span> <span class='ocrx_word' id='word_1_400' title='bbox 2753 653 2897 722; x_wconf 85' lang='lat' dir='ltr'><strong>quod</strong></span> <span class='ocrx_word' id='word_1_401' title='bbox 2932 670 3028 723; x_wconf 85' lang='lat' dir='ltr'><strong>per</strong></span> <span class='ocrx_word' id='word_1_402' title='bbox 3059 672 3118 709; x_wconf 83' lang='lat' dir='ltr'><strong>se</strong></span> <span class='ocrx_word' id='word_1_403' title='bbox 3142 665 3248 716; x_wconf 87' lang='lat' dir='ltr'><strong>est.</strong></span> <span class='ocrx_word' id='word_1_404' title='bbox 3278 661 3423 713; x_wconf 87' lang='lat' dir='ltr'><strong>acci-</strong></span> 
     </span>
    </p>
   </div>
   <div class='ocr_carea' id='block_1_49' title="bbox 1839 737 3431 819">
    <p class='ocr_par' dir='ltr' id='par_1_49' title="bbox 1839 737 3431 819">
     <span class='ocr_line' id='line_1_49' title="bbox 1839 737 3431 819; baseline 0.005 -24"><span class='ocrx_word' id='word_1_405' title='bbox 1839 741 1951 795; x_wconf 89' lang='lat' dir='ltr'><strong>dit:</strong></span> <span class='ocrx_word' id='word_1_406' title='bbox 1985 741 2264 812; x_wconf 84' lang='lat' dir='ltr'><strong>quomodo</strong></span> <span class='ocrx_word' id='word_1_407' title='bbox 2295 737 2596 813; x_wconf 77' lang='lat' dir='ltr'><strong>quidquam</strong></span> <span class='ocrx_word' id='word_1_408' title='bbox 2642 760 2738 813; x_wconf 82' lang='lat' dir='ltr'><strong>per</strong></span> <span class='ocrx_word' id='word_1_409' title='bbox 2779 746 3035 801; x_wconf 83' lang='lat' dir='ltr'><strong>accidens</strong></span> <span class='ocrx_word' id='word_1_410' title='bbox 3079 747 3191 802; x_wconf 84' lang='lat' dir='ltr'><strong>ﬂeri</strong></span> <span class='ocrx_word' id='word_1_411' title='bbox 3249 756 3431 819; x_wconf 85' lang='lat' dir='ltr'><strong>potest</strong></span> 
     </span>
    </p>
   </div>
   <div class='ocr_carea' id='block_1_50' title="bbox 1837 831 3429 909">
    <p class='ocr_par' dir='ltr' id='par_1_50' title="bbox 1837 831 3429 909">
     <span class='ocr_line' id='line_1_50' title="bbox 1837 831 3429 909; baseline 0.004 -24"><span class='ocrx_word' id='word_1_412' title='bbox 1837 846 1903 885; x_wconf 78' lang='lat' dir='ltr'><strong>ex</strong></span> <span class='ocrx_word' id='word_1_413' title='bbox 1940 831 2270 900; x_wconf 72' lang='lat' dir='ltr'><strong>privatione,</strong></span> <span class='ocrx_word' id='word_1_414' title='bbox 2318 848 2439 902; x_wconf 65' lang='lat' dir='ltr'><strong>qua:</strong></span> <span class='ocrx_word' id='word_1_415' title='bbox 2485 848 2590 888; x_wconf 91' lang='lat' dir='ltr'><strong>nec</strong></span> <span class='ocrx_word' id='word_1_416' title='bbox 2636 851 2733 903; x_wconf 84' lang='lat' dir='ltr'><strong>per</strong></span> <span class='ocrx_word' id='word_1_417' title='bbox 2761 851 2819 890; x_wconf 87' lang='lat' dir='ltr'><strong>se</strong></span> <span class='ocrx_word' id='word_1_418' title='bbox 2848 846 2955 899; x_wconf 83' lang='lat' dir='ltr'><strong>est,</strong></span> <span class='ocrx_word' id='word_1_419' title='bbox 3006 853 3103 891; x_wconf 83' lang='lat' dir='ltr'><strong>nec</strong></span> <span class='ocrx_word' id='word_1_420' title='bbox 3138 854 3234 909; x_wconf 86' lang='lat' dir='ltr'><strong>per</strong></span> <span class='ocrx_word' id='word_1_421' title='bbox 3279 841 3429 894; x_wconf 84' lang='lat' dir='ltr'><strong>acci-</strong></span> 
     </span>
    </p>
   </div>
   <div class='ocr_carea' id='block_1_51' title="bbox 1835 922 3428 994">
    <p class='ocr_par' dir='ltr' id='par_1_51' title="bbox 1835 922 3428 994">
     <span class='ocr_line' id='line_1_51' title="bbox 1835 922 3428 994; baseline 0.007 -18"><span class='ocrx_word' id='word_1_422' title='bbox 1835 923 2014 980; x_wconf 82' lang='lat' dir='ltr'><strong>dens?</strong></span> <span class='ocrx_word' id='word_1_423' title='bbox 2038 922 2179 990; x_wconf 73' lang='lat' dir='ltr'><strong>Quae</strong></span> <span class='ocrx_word' id='word_1_424' title='bbox 2219 941 2343 980; x_wconf 86' lang='lat' dir='ltr'><strong>cum</strong></span> <span class='ocrx_word' id='word_1_425' title='bbox 2373 926 2653 994; x_wconf 75' lang='lat' dir='ltr'><strong>disjuncla</strong></span> <span class='ocrx_word' id='word_1_426' title='bbox 2703 937 2855 989; x_wconf 83' lang='lat' dir='ltr'><strong>sunt.</strong></span> <span class='ocrx_word' id='word_1_427' title='bbox 2891 929 3084 982; x_wconf 83' lang='lat' dir='ltr'><strong>horum</strong></span> <span class='ocrx_word' id='word_1_428' title='bbox 3115 947 3180 983; x_wconf 83' lang='lat' dir='ltr'><strong>ex</strong></span> <span class='ocrx_word' id='word_1_429' title='bbox 3230 940 3428 988; x_wconf 89' lang='lat' dir='ltr'><strong>neutro</strong></span> 
     </span>
    </p>
   </div>
   <div class='ocr_carea' id='block_1_52' title="bbox 1839 1013 3428 1098">
    <p class='ocr_par' dir='ltr' id='par_1_52' title="bbox 1839 1013 3428 1098">
     <span class='ocr_line' id='line_1_52' title="bbox 1839 1013 3428 1098; baseline 0.011 -30"><span class='ocrx_word' id='word_1_430' title='bbox 1839 1014 1959 1069; x_wconf 80' lang='lat' dir='ltr'><strong>ﬁeri</strong></span> <span class='ocrx_word' id='word_1_431' title='bbox 1985 1013 2287 1087; x_wconf 82' lang='lat' dir='ltr'><strong>quidquam</strong></span> <span class='ocrx_word' id='word_1_432' title='bbox 2333 1027 2534 1086; x_wconf 87' lang='lat' dir='ltr'><strong>potest,</strong></span> <span class='ocrx_word' id='word_1_433' title='bbox 2563 1035 2740 1090; x_wconf 84' lang='lat' dir='ltr'><strong>neque</strong></span> <span class='ocrx_word' id='word_1_434' title='bbox 2779 1023 2944 1077; x_wconf 89' lang='lat' dir='ltr'><strong>etiam</strong></span> <span class='ocrx_word' id='word_1_435' title='bbox 2977 1042 3044 1078; x_wconf 79' lang='lat' dir='ltr'><strong>ex</strong></span> <span class='ocrx_word' id='word_1_436' title='bbox 3078 1025 3162 1081; x_wconf 82' lang='lat' dir='ltr'><strong>liis</strong></span> <span class='ocrx_word' id='word_1_437' title='bbox 3194 1029 3428 1098; x_wconf 85' lang='lat' dir='ltr'><strong>compli-</strong></span> 
     </span>
    </p>
   </div>
   <div class='ocr_carea' id='block_1_53' title="bbox 1835 1111 3426 1191">
    <p class='ocr_par' dir='ltr' id='par_1_53' title="bbox 1835 1111 3426 1191">
     <span class='ocr_line' id='line_1_53' title="bbox 1835 1111 3426 1191; baseline 0.008 -27"><span class='ocrx_word' id='word_1_438' title='bbox 1835 1111 1975 1166; x_wconf 85' lang='lat' dir='ltr'><strong>catis</strong></span> <span class='ocrx_word' id='word_1_439' title='bbox 2009 1111 2124 1165; x_wconf 80' lang='lat' dir='ltr'><strong>ﬁeri</strong></span> <span class='ocrx_word' id='word_1_440' title='bbox 2167 1111 2479 1183; x_wconf 86' lang='lat' dir='ltr'><strong>quidquam</strong></span> <span class='ocrx_word' id='word_1_441' title='bbox 2525 1123 2705 1183; x_wconf 80' lang='lat' dir='ltr'><strong>potest</strong></span> <span class='ocrx_word' id='word_1_442' title='bbox 2737 1135 2749 1171; x_wconf 92' lang='lat'><strong>:</strong></span> <span class='ocrx_word' id='word_1_443' title='bbox 2796 1116 2944 1171; x_wconf 70' lang='lat' dir='ltr'><strong>velut</strong></span> <span class='ocrx_word' id='word_1_444' title='bbox 2975 1134 3041 1173; x_wconf 80' lang='lat' dir='ltr'><strong>ex</strong></span> <span class='ocrx_word' id='word_1_445' title='bbox 3073 1135 3138 1174; x_wconf 89' lang='lat' dir='ltr'><strong>eo</strong></span> <span class='ocrx_word' id='word_1_446' title='bbox 3170 1122 3315 1191; x_wconf 88' lang='lat' dir='ltr'><strong>quod</strong></span> <span class='ocrx_word' id='word_1_447' title='bbox 3341 1134 3426 1177; x_wconf 85' lang='lat' dir='ltr'><strong>est</strong></span> 
     </span>
    </p>
   </div>
   <div class='ocr_carea' id='block_1_54' title="bbox 1835 1202 3426 1278">
    <p class='ocr_par' dir='ltr' id='par_1_54' title="bbox 1835 1202 3426 1278">
     <span class='ocr_line' id='line_1_54' title="bbox 1835 1202 3426 1278; baseline 0.008 -20"><span class='ocrx_word' id='word_1_448' title='bbox 1835 1202 2162 1272; x_wconf 79' lang='lat' dir='ltr'><strong>simpliciter</strong></span> <span class='ocrx_word' id='word_1_449' title='bbox 2195 1203 2310 1260; x_wconf 84' lang='lat' dir='ltr'><strong>ﬁeri</strong></span> <span class='ocrx_word' id='word_1_450' title='bbox 2358 1205 2498 1262; x_wconf 85' lang='lat' dir='ltr'><strong>nihil</strong></span> <span class='ocrx_word' id='word_1_451' title='bbox 2526 1216 2737 1278; x_wconf 83' lang='lat' dir='ltr'><strong>potest,</strong></span> <span class='ocrx_word' id='word_1_452' title='bbox 2777 1210 2857 1264; x_wconf 87' lang='lat' dir='ltr'><strong>sic</strong></span> <span class='ocrx_word' id='word_1_453' title='bbox 2911 1212 3073 1265; x_wconf 84' lang='lat' dir='ltr'><strong>etiam</strong></span> <span class='ocrx_word' id='word_1_454' title='bbox 3114 1230 3213 1269; x_wconf 83' lang='lat' dir='ltr'><strong>nec</strong></span> <span class='ocrx_word' id='word_1_455' title='bbox 3246 1232 3309 1270; x_wconf 72' lang='lat' dir='ltr'><strong>ex</strong></span> <span class='ocrx_word' id='word_1_456' title='bbox 3358 1232 3426 1270; x_wconf 90' lang='lat' dir='ltr'><strong>eo</strong></span> 
     </span>
    </p>
   </div>
   <div class='ocr_carea' id='block_1_55' title="bbox 1833 1293 3424 1363">
    <p class='ocr_par' dir='ltr' id='par_1_55' title="bbox 1833 1293 3424 1363">
     <span class='ocr_line' id='line_1_55' title="bbox 1833 1293 3424 1363; baseline 0.007 -15"><span class='ocrx_word' id='word_1_457' title='bbox 1833 1293 1981 1362; x_wconf 77' lang='lat' dir='ltr'><strong>quod</strong></span> <span class='ocrx_word' id='word_1_458' title='bbox 2023 1294 2348 1363; x_wconf 79' lang='lat' dir='ltr'><strong>simpliciter</strong></span> <span class='ocrx_word' id='word_1_459' title='bbox 2391 1311 2502 1350; x_wconf 92' lang='lat' dir='ltr'><strong>non</strong></span> <span class='ocrx_word' id='word_1_460' title='bbox 2536 1305 2643 1359; x_wconf 88' lang='lat' dir='ltr'><strong>est.</strong></span> <span class='ocrx_word' id='word_1_461' title='bbox 2681 1310 2739 1352; x_wconf 91' lang='lat' dir='ltr'><strong>ut</strong></span> <span class='ocrx_word' id='word_1_462' title='bbox 2769 1299 3082 1356; x_wconf 75' lang='lat' dir='ltr'><strong>Aristotelis</strong></span> <span class='ocrx_word' id='word_1_463' title='bbox 3123 1315 3247 1357; x_wconf 83' lang='lat' dir='ltr'><strong>utar</strong></span> <span class='ocrx_word' id='word_1_464' title='bbox 3275 1308 3424 1359; x_wconf 83' lang='lat' dir='ltr'><strong>voci—</strong></span> 
     </span>
    </p>
   </div>
   <div class='ocr_carea' id='block_1_56' title="bbox 1833 1382 3422 1462">
    <p class='ocr_par' dir='ltr' id='par_1_56' title="bbox 1833 1382 3422 1462">
     <span class='ocr_line' id='line_1_56' title="bbox 1833 1382 3422 1462; baseline 0.008 -25"><span class='ocrx_word' id='word_1_465' title='bbox 1833 1382 1963 1438; x_wconf 83' lang='lat' dir='ltr'><strong>bus.</strong></span> <span class='ocrx_word' id='word_1_466' title='bbox 1996 1382 2286 1450; x_wconf 85' lang='lat' dir='ltr'><strong>Quomodo</strong></span> <span class='ocrx_word' id='word_1_467' title='bbox 2320 1397 2613 1459; x_wconf 88' lang='lat' dir='ltr'><strong>utrumque</strong></span> <span class='ocrx_word' id='word_1_468' title='bbox 2662 1389 2780 1446; x_wconf 83' lang='lat' dir='ltr'><strong>ﬁeri</strong></span> <span class='ocrx_word' id='word_1_469' title='bbox 2828 1401 3029 1462; x_wconf 83' lang='lat' dir='ltr'><strong>potest.</strong></span> <span class='ocrx_word' id='word_1_470' title='bbox 3063 1404 3121 1450; x_wconf 89' lang='lat' dir='ltr'><strong>ut</strong></span> <span class='ocrx_word' id='word_1_471' title='bbox 3168 1406 3218 1451; x_wconf 89' lang='lat' dir='ltr'><strong>et</strong></span> <span class='ocrx_word' id='word_1_472' title='bbox 3260 1413 3321 1449; x_wconf 79' lang='lat' dir='ltr'><strong>ex</strong></span> <span class='ocrx_word' id='word_1_473' title='bbox 3355 1414 3422 1453; x_wconf 86' lang='lat' dir='ltr'><strong>eo</strong></span> 
     </span>
    </p>
   </div>
   <div class='ocr_carea' id='block_1_57' title="bbox 1830 1475 3422 1556">
    <p class='ocr_par' dir='ltr' id='par_1_57' title="bbox 1830 1475 3422 1556">
     <span class='ocr_line' id='line_1_57' title="bbox 1830 1475 3422 1556; baseline 0.008 -27"><span class='ocrx_word' id='word_1_474' title='bbox 1830 1475 1979 1544; x_wconf 90' lang='lat' dir='ltr'><strong>quod</strong></span> <span class='ocrx_word' id='word_1_475' title='bbox 2008 1485 2093 1531; x_wconf 88' lang='lat' dir='ltr'><strong>est</strong></span> <span class='ocrx_word' id='word_1_476' title='bbox 2122 1485 2178 1533; x_wconf 89' lang='lat' dir='ltr'><strong>et</strong></span> <span class='ocrx_word' id='word_1_477' title='bbox 2204 1496 2271 1534; x_wconf 81' lang='lat' dir='ltr'><strong>ex</strong></span> <span class='ocrx_word' id='word_1_478' title='bbox 2301 1482 2531 1551; x_wconf 91' lang='lat' dir='ltr'><strong>eoquod</strong></span> <span class='ocrx_word' id='word_1_479' title='bbox 2565 1497 2674 1536; x_wconf 83' lang='lat' dir='ltr'><strong>non</strong></span> <span class='ocrx_word' id='word_1_480' title='bbox 2703 1493 2785 1539; x_wconf 88' lang='lat' dir='ltr'><strong>est</strong></span> <span class='ocrx_word' id='word_1_481' title='bbox 2808 1486 3014 1556; x_wconf 90' lang='lat' dir='ltr'><strong>aliquid</strong></span> <span class='ocrx_word' id='word_1_482' title='bbox 3047 1487 3173 1541; x_wconf 82' lang='lat' dir='ltr'><strong>ﬁat?</strong></span> <span class='ocrx_word' id='word_1_483' title='bbox 3204 1488 3258 1542; x_wconf 85' lang='lat' dir='ltr'><strong>Si</strong></span> <span class='ocrx_word' id='word_1_484' title='bbox 3292 1490 3422 1544; x_wconf 84' lang='lat' dir='ltr'><strong>sub-</strong></span> 
     </span>
    </p>
   </div>
   <div class='ocr_carea' id='block_1_58' title="bbox 1826 1566 3418 1648">
    <p class='ocr_par' dir='ltr' id='par_1_58' title="bbox 1826 1566 3418 1648">
     <span class='ocr_line' id='line_1_58' title="bbox 1826 1566 3418 1648; baseline 0.008 -28"><span class='ocrx_word' id='word_1_485' title='bbox 1826 1566 2058 1636; x_wconf 88' lang='lat' dir='ltr'><strong>jectum,</strong></span> <span class='ocrx_word' id='word_1_486' title='bbox 2097 1586 2164 1624; x_wconf 75' lang='lat' dir='ltr'><strong>ex</strong></span> <span class='ocrx_word' id='word_1_487' title='bbox 2205 1587 2317 1641; x_wconf 91' lang='lat' dir='ltr'><strong>quo</strong></span> <span class='ocrx_word' id='word_1_488' title='bbox 2344 1572 2401 1627; x_wconf 84' lang='lat' dir='ltr'><strong>ﬁt</strong></span> <span class='ocrx_word' id='word_1_489' title='bbox 2442 1572 2496 1627; x_wconf 88' lang='lat' dir='ltr'><strong>id</strong></span> <span class='ocrx_word' id='word_1_490' title='bbox 2527 1573 2675 1644; x_wconf 90' lang='lat' dir='ltr'><strong>quod</strong></span> <span class='ocrx_word' id='word_1_491' title='bbox 2725 1576 2806 1639; x_wconf 84' lang='lat' dir='ltr'><strong>ﬁt,</strong></span> <span class='ocrx_word' id='word_1_492' title='bbox 2843 1593 3068 1633; x_wconf 87' lang='lat' dir='ltr'><strong>necesse</strong></span> <span class='ocrx_word' id='word_1_493' title='bbox 3101 1588 3186 1633; x_wconf 88' lang='lat' dir='ltr'><strong>est</strong></span> <span class='ocrx_word' id='word_1_494' title='bbox 3219 1579 3418 1648; x_wconf 77' lang='lat' dir='ltr'><strong>subjici</strong></span> 
     </span>
    </p>
   </div>
   <div class='ocr_carea' id='block_1_59' title="bbox 1827 1662 3422 1739">
    <p class='ocr_par' dir='ltr' id='par_1_59' title="bbox 1827 1662 3422 1739">
     <span class='ocr_line' id='line_1_59' title="bbox 1827 1662 3422 1739; baseline 0.006 -26"><span class='ocrx_word' id='word_1_495' title='bbox 1827 1662 2158 1730; x_wconf 81' lang='lat' dir='ltr'><strong>contrariis;</strong></span> <span class='ocrx_word' id='word_1_496' title='bbox 2187 1678 2296 1717; x_wconf 91' lang='lat' dir='ltr'><strong>non</strong></span> <span class='ocrx_word' id='word_1_497' title='bbox 2319 1680 2452 1734; x_wconf 76' lang='lat' dir='ltr'><strong>ergo</strong></span> <span class='ocrx_word' id='word_1_498' title='bbox 2474 1664 2533 1719; x_wconf 86' lang='lat' dir='ltr'><strong>ﬁt</strong></span> <span class='ocrx_word' id='word_1_499' title='bbox 2556 1667 2855 1736; x_wconf 83' lang='lat' dir='ltr'><strong>quidquam</strong></span> <span class='ocrx_word' id='word_1_500' title='bbox 2884 1684 2950 1722; x_wconf 77' lang='lat' dir='ltr'><strong>ex</strong></span> <span class='ocrx_word' id='word_1_501' title='bbox 2990 1671 3296 1738; x_wconf 79' lang='lat' dir='ltr'><strong>privatione</strong></span> <span class='ocrx_word' id='word_1_502' title='bbox 3327 1687 3422 1739; x_wconf 86' lang='lat' dir='ltr'><strong>per</strong></span> 
     </span>
    </p>
   </div>
   <div class='ocr_carea' id='block_1_60' title="bbox 1828 1752 3419 1827">
    <p class='ocr_par' dir='ltr' id='par_1_60' title="bbox 1828 1752 3419 1827">
     <span class='ocr_line' id='line_1_60' title="bbox 1828 1752 3419 1827; baseline 0.006 -21"><span class='ocrx_word' id='word_1_503' title='bbox 1828 1752 2111 1820; x_wconf 83' lang='lat' dir='ltr'><strong>accidens,</strong></span> <span class='ocrx_word' id='word_1_504' title='bbox 2146 1770 2268 1826; x_wconf 69' lang='lat' dir='ltr'><strong>qua:</strong></span> <span class='ocrx_word' id='word_1_505' title='bbox 2291 1756 2537 1825; x_wconf 64' lang='lat' dir='ltr'><strong>“Subiecta</strong></span> <span class='ocrx_word' id='word_1_506' title='bbox 2567 1775 2675 1814; x_wconf 87' lang='lat' dir='ltr'><strong>non</strong></span> <span class='ocrx_word' id='word_1_507' title='bbox 2704 1767 2788 1814; x_wconf 88' lang='lat' dir='ltr'><strong>est</strong></span> <span class='ocrx_word' id='word_1_508' title='bbox 2804 1761 3141 1815; x_wconf 83' lang='lat' dir='ltr'><strong>contrariis?</strong></span> <span class='ocrx_word' id='word_1_509' title='bbox 3175 1762 3277 1827; x_wconf 88' lang='lat' dir='ltr'><strong>Qui</strong></span> <span class='ocrx_word' id='word_1_510' title='bbox 3309 1779 3419 1816; x_wconf 87' lang='lat' dir='ltr'><strong>non</strong></span> 
     </span>
    </p>
   </div>
   <div class='ocr_carea' id='block_1_61' title="bbox 1829 1845 3419 1918">
    <p class='ocr_par' dir='ltr' id='par_1_61' title="bbox 1829 1845 3419 1918">
     <span class='ocr_line' id='line_1_61' title="bbox 1829 1845 3419 1918; baseline 0.004 -19"><span class='ocrx_word' id='word_1_511' title='bbox 1829 1845 2014 1900; x_wconf 80' lang='lat' dir='ltr'><strong>obstat</strong></span> <span class='ocrx_word' id='word_1_512' title='bbox 2045 1849 2344 1916; x_wconf 84' lang='lat' dir='ltr'><strong>quominus</strong></span> <span class='ocrx_word' id='word_1_513' title='bbox 2375 1848 2642 1918; x_wconf 82' lang='lat' dir='ltr'><strong>quidlibet</strong></span> <span class='ocrx_word' id='word_1_514' title='bbox 2673 1852 2742 1907; x_wconf 85' lang='lat' dir='ltr'><strong>sit</strong></span> <span class='ocrx_word' id='word_1_515' title='bbox 2767 1859 2861 1906; x_wconf 89' lang='lat' dir='ltr'><strong>aut</strong></span> <span class='ocrx_word' id='word_1_516' title='bbox 2889 1869 2997 1906; x_wconf 89' lang='lat' dir='ltr'><strong>non</strong></span> <span class='ocrx_word' id='word_1_517' title='bbox 3032 1855 3125 1916; x_wconf 89' lang='lat' dir='ltr'><strong>sit,</strong></span> <span class='ocrx_word' id='word_1_518' title='bbox 3158 1855 3253 1908; x_wconf 88' lang='lat' dir='ltr'><strong>sed</strong></span> <span class='ocrx_word' id='word_1_519' title='bbox 3286 1869 3419 1908; x_wconf 80' lang='lat' dir='ltr'><strong>eon-</strong></span> 
     </span>
    </p>
   </div>
   <div class='ocr_carea' id='block_1_62' title="bbox 1828 1939 3420 2014">
    <p class='ocr_par' dir='ltr' id='par_1_62' title="bbox 1828 1939 3420 2014">
     <span class='ocr_line' id='line_1_62' title="bbox 1828 1939 3420 2014; baseline 0.004 -21"><span class='ocrx_word' id='word_1_520' title='bbox 1828 1939 1976 1995; x_wconf 85' lang='lat' dir='ltr'><strong>cedit</strong></span> <span class='ocrx_word' id='word_1_521' title='bbox 2011 1939 2257 2012; x_wconf 87' lang='lat' dir='ltr'><strong>quidque</strong></span> <span class='ocrx_word' id='word_1_522' title='bbox 2285 1958 2408 2000; x_wconf 84' lang='lat' dir='ltr'><strong>esse</strong></span> <span class='ocrx_word' id='word_1_523' title='bbox 2435 1950 2489 1996; x_wconf 85' lang='lat' dir='ltr'><strong>et</strong></span> <span class='ocrx_word' id='word_1_524' title='bbox 2519 1959 2630 1998; x_wconf 91' lang='lat' dir='ltr'><strong>non</strong></span> <span class='ocrx_word' id='word_1_525' title='bbox 2658 1960 2818 2001; x_wconf 82' lang='lat' dir='ltr'><strong>esse:</strong></span> <span class='ocrx_word' id='word_1_526' title='bbox 2845 1946 3121 2014; x_wconf 88' lang='lat' dir='ltr'><strong>quomodo</strong></span> <span class='ocrx_word' id='word_1_527' title='bbox 3169 1963 3298 2000; x_wconf 83' lang='lat' dir='ltr'><strong>vera</strong></span> <span class='ocrx_word' id='word_1_528' title='bbox 3336 1947 3420 2000; x_wconf 85' lang='lat' dir='ltr'><strong>di-</strong></span> 
     </span>
    </p>
   </div>
   <div class='ocr_carea' id='block_1_63' title="bbox 1829 2032 3410 2100">
    <p class='ocr_par' dir='ltr' id='par_1_63' title="bbox 1829 2032 3410 2100">
     <span class='ocr_line' id='line_1_63' title="bbox 1829 2032 3410 2100; baseline 0.004 -17"><span class='ocrx_word' id='word_1_529' title='bbox 1829 2044 1956 2084; x_wconf 92' lang='lat' dir='ltr'><strong>cere</strong></span> <span class='ocrx_word' id='word_1_530' title='bbox 1983 2039 2186 2100; x_wconf 76' lang='lat' dir='ltr'><strong>potest,</strong></span> <span class='ocrx_word' id='word_1_531' title='bbox 2214 2032 2344 2087; x_wconf 87' lang='lat' dir='ltr'><strong>dum</strong></span> <span class='ocrx_word' id='word_1_532' title='bbox 2393 2036 2706 2099; x_wconf 83' lang='lat' dir='ltr'><strong>materiam,</strong></span> <span class='ocrx_word' id='word_1_533' title='bbox 2737 2052 2840 2089; x_wconf 82' lang='lat' dir='ltr'><strong>nec</strong></span> <span class='ocrx_word' id='word_1_534' title='bbox 2863 2036 3231 2090; x_wconf 82' lang='lat' dir='ltr'><strong>substantiam</strong></span> <span class='ocrx_word' id='word_1_535' title='bbox 3265 2052 3410 2096; x_wconf 80' lang='lat' dir='ltr'><strong>esse.</strong></span> 
     </span>
    </p>
   </div>
   <div class='ocr_carea' id='block_1_64' title="bbox 1829 2125 3414 2200">
    <p class='ocr_par' dir='ltr' id='par_1_64' title="bbox 1829 2125 3414 2200">
     <span class='ocr_line' id='line_1_64' title="bbox 1829 2125 3414 2200; baseline 0.004 -23"><span class='ocrx_word' id='word_1_536' title='bbox 1829 2139 1929 2178; x_wconf 85' lang='lat' dir='ltr'><strong>nec</strong></span> <span class='ocrx_word' id='word_1_537' title='bbox 1956 2131 2168 2178; x_wconf 82' lang='lat' dir='ltr'><strong>certum</strong></span> <span class='ocrx_word' id='word_1_538' title='bbox 2203 2125 2360 2196; x_wconf 89' lang='lat' dir='ltr'><strong>quid,</strong></span> <span class='ocrx_word' id='word_1_539' title='bbox 2393 2144 2571 2198; x_wconf 89' lang='lat' dir='ltr'><strong>neque</strong></span> <span class='ocrx_word' id='word_1_540' title='bbox 2616 2145 2717 2186; x_wconf 82' lang='lat' dir='ltr'><strong>ens</strong></span> <span class='ocrx_word' id='word_1_541' title='bbox 2767 2131 3144 2200; x_wconf 78' lang='lat' dir='ltr'><strong>pronuntiat?</strong></span> <span class='ocrx_word' id='word_1_542' title='bbox 3179 2129 3234 2184; x_wconf 88' lang='lat' dir='ltr'><strong>Si</strong></span> <span class='ocrx_word' id='word_1_543' title='bbox 3272 2131 3329 2184; x_wconf 77' lang='lat' dir='ltr'><strong>iit</strong></span> <span class='ocrx_word' id='word_1_544' title='bbox 3364 2133 3414 2184; x_wconf 90' lang='lat' dir='ltr'><strong>id</strong></span> 
     </span>
    </p>
   </div>
   <div class='ocr_carea' id='block_1_65' title="bbox 1828 2212 3416 2293">
    <p class='ocr_par' dir='ltr' id='par_1_65' title="bbox 1828 2212 3416 2293">
     <span class='ocr_line' id='line_1_65' title="bbox 1828 2212 3416 2293; baseline 0.008 -27"><span class='ocrx_word' id='word_1_545' title='bbox 1828 2212 1974 2283; x_wconf 86' lang='lat' dir='ltr'><strong>quod</strong></span> <span class='ocrx_word' id='word_1_546' title='bbox 2014 2213 2200 2268; x_wconf 86' lang='lat' dir='ltr'><strong>ﬁtnOn</strong></span> <span class='ocrx_word' id='word_1_547' title='bbox 2230 2230 2294 2270; x_wconf 84' lang='lat' dir='ltr'><strong>ex</strong></span> <span class='ocrx_word' id='word_1_548' title='bbox 2327 2232 2393 2271; x_wconf 90' lang='lat' dir='ltr'><strong>eo</strong></span> <span class='ocrx_word' id='word_1_549' title='bbox 2427 2218 2571 2287; x_wconf 88' lang='lat' dir='ltr'><strong>quod</strong></span> <span class='ocrx_word' id='word_1_550' title='bbox 2606 2236 2711 2275; x_wconf 87' lang='lat' dir='ltr'><strong>non</strong></span> <span class='ocrx_word' id='word_1_551' title='bbox 2740 2229 2824 2274; x_wconf 91' lang='lat' dir='ltr'><strong>est</strong></span> <span class='ocrx_word' id='word_1_552' title='bbox 2856 2216 3201 2290; x_wconf 84' lang='lat' dir='ltr'><strong>simpliciter,</strong></span> <span class='ocrx_word' id='word_1_553' title='bbox 3241 2240 3416 2293; x_wconf 81' lang='lat' dir='ltr'><strong>neque</strong></span> 
     </span>
    </p>
   </div>
   <div class='ocr_carea' id='block_1_66' title="bbox 1827 2307 3413 2382">
    <p class='ocr_par' dir='ltr' id='par_1_66' title="bbox 1827 2307 3413 2382">
     <span class='ocr_line' id='line_1_66' title="bbox 1827 2307 3413 2382; baseline 0.004 -23"><span class='ocrx_word' id='word_1_554' title='bbox 1827 2321 1981 2360; x_wconf 81' lang='lat' dir='ltr'><strong>exeo</strong></span> <span class='ocrx_word' id='word_1_555' title='bbox 2011 2307 2155 2374; x_wconf 86' lang='lat' dir='ltr'><strong>quod</strong></span> <span class='ocrx_word' id='word_1_556' title='bbox 2203 2308 2553 2379; x_wconf 83' lang='lat' dir='ltr'><strong>simpliciter,</strong></span> <span class='ocrx_word' id='word_1_557' title='bbox 2599 2311 2695 2366; x_wconf 90' lang='lat' dir='ltr'><strong>sed</strong></span> <span class='ocrx_word' id='word_1_558' title='bbox 2733 2327 2799 2366; x_wconf 77' lang='lat' dir='ltr'><strong>ex</strong></span> <span class='ocrx_word' id='word_1_559' title='bbox 2842 2321 3113 2382; x_wconf 81' lang='lat' dir='ltr'><strong>utroque;</strong></span> <span class='ocrx_word' id='word_1_560' title='bbox 3148 2315 3202 2366; x_wconf 80' lang='lat' dir='ltr'><strong>ﬁt</strong></span> <span class='ocrx_word' id='word_1_561' title='bbox 3248 2317 3413 2368; x_wconf 85' lang='lat' dir='ltr'><strong>etiam</strong></span> 
     </span>
    </p>
   </div>
   <div class='ocr_carea' id='block_1_67' title="bbox 1830 2398 3413 2473">
    <p class='ocr_par' dir='ltr' id='par_1_67' title="bbox 1830 2398 3413 2473">
     <span class='ocr_line' id='line_1_67' title="bbox 1830 2398 3413 2473; baseline 0.007 -24"><span class='ocrx_word' id='word_1_562' title='bbox 1830 2398 2075 2465; x_wconf 76' lang='lat' dir='ltr'><strong>proiecto</strong></span> <span class='ocrx_word' id='word_1_563' title='bbox 2112 2415 2178 2454; x_wconf 80' lang='lat' dir='ltr'><strong>ex</strong></span> <span class='ocrx_word' id='word_1_564' title='bbox 2225 2399 2480 2466; x_wconf 78' lang='lat' dir='ltr'><strong>materia,</strong></span> <span class='ocrx_word' id='word_1_565' title='bbox 2510 2409 2770 2473; x_wconf 80' lang='lat' dir='ltr'><strong>tanquam</strong></span> <span class='ocrx_word' id='word_1_566' title='bbox 2802 2421 2867 2459; x_wconf 82' lang='lat' dir='ltr'><strong>ex</strong></span> <span class='ocrx_word' id='word_1_567' title='bbox 2898 2417 3023 2462; x_wconf 88' lang='lat' dir='ltr'><strong>ente</strong></span> <span class='ocrx_word' id='word_1_568' title='bbox 3045 2415 3099 2461; x_wconf 88' lang='lat' dir='ltr'><strong>et</strong></span> <span class='ocrx_word' id='word_1_569' title='bbox 3125 2422 3231 2460; x_wconf 90' lang='lat' dir='ltr'><strong>non</strong></span> <span class='ocrx_word' id='word_1_570' title='bbox 3265 2416 3413 2470; x_wconf 85' lang='lat' dir='ltr'><strong>ente,</strong></span> 
     </span>
    </p>
   </div>
   <div class='ocr_carea' id='block_1_68' title="bbox 1827 2492 3414 2564">
    <p class='ocr_par' dir='ltr' id='par_1_68' title="bbox 1827 2492 3414 2564">
     <span class='ocr_line' id='line_1_68' title="bbox 1827 2492 3414 2564; baseline 0.008 -23"><span class='ocrx_word' id='word_1_571' title='bbox 1827 2496 1880 2541; x_wconf 92' lang='lat' dir='ltr'><strong>et</strong></span> <span class='ocrx_word' id='word_1_572' title='bbox 1907 2505 1973 2542; x_wconf 80' lang='lat' dir='ltr'><strong>ex</strong></span> <span class='ocrx_word' id='word_1_573' title='bbox 2008 2505 2073 2543; x_wconf 90' lang='lat' dir='ltr'><strong>eo</strong></span> <span class='ocrx_word' id='word_1_574' title='bbox 2107 2492 2252 2561; x_wconf 78' lang='lat' dir='ltr'><strong>quod</strong></span> <span class='ocrx_word' id='word_1_575' title='bbox 2291 2501 2376 2548; x_wconf 85' lang='lat' dir='ltr'><strong>est</strong></span> <span class='ocrx_word' id='word_1_576' title='bbox 2421 2502 2630 2548; x_wconf 81' lang='lat' dir='ltr'><strong>certum</strong></span> <span class='ocrx_word' id='word_1_577' title='bbox 2667 2497 2796 2564; x_wconf 90' lang='lat' dir='ltr'><strong>quid</strong></span> <span class='ocrx_word' id='word_1_578' title='bbox 2836 2505 2891 2551; x_wconf 89' lang='lat' dir='ltr'><strong>et</strong></span> <span class='ocrx_word' id='word_1_579' title='bbox 2923 2514 3032 2554; x_wconf 93' lang='lat' dir='ltr'><strong>non</strong></span> <span class='ocrx_word' id='word_1_580' title='bbox 3072 2508 3158 2554; x_wconf 90' lang='lat' dir='ltr'><strong>est</strong></span> <span class='ocrx_word' id='word_1_581' title='bbox 3201 2509 3414 2556; x_wconf 78' lang='lat' dir='ltr'><strong>centum</strong></span> 
     </span>
    </p>
   </div>
   <div class='ocr_carea' id='block_1_69' title="bbox 1827 2581 3415 2661">
    <p class='ocr_par' dir='ltr' id='par_1_69' title="bbox 1827 2581 3415 2661">
     <span class='ocr_line' id='line_1_69' title="bbox 1827 2581 3415 2661; baseline 0.006 -28"><span class='ocrx_word' id='word_1_582' title='bbox 1827 2581 1979 2644; x_wconf 85' lang='lat' dir='ltr'><strong>quid.</strong></span> <span class='ocrx_word' id='word_1_583' title='bbox 2015 2581 2124 2636; x_wconf 86' lang='lat' dir='ltr'><strong>Sed</strong></span> <span class='ocrx_word' id='word_1_584' title='bbox 2171 2584 2216 2637; x_wconf 88' lang='lat' dir='ltr'><strong>si</strong></span> <span class='ocrx_word' id='word_1_585' title='bbox 2249 2585 2364 2638; x_wconf 67' lang='lat' dir='ltr'><strong>hinc</strong></span> <span class='ocrx_word' id='word_1_586' title='bbox 2410 2585 2483 2638; x_wconf 87' lang='lat' dir='ltr'><strong>ita</strong></span> <span class='ocrx_word' id='word_1_587' title='bbox 2534 2601 2595 2641; x_wconf 89' lang='lat' dir='ltr'><strong>se</strong></span> <span class='ocrx_word' id='word_1_588' title='bbox 2635 2588 2868 2651; x_wconf 85' lang='lat' dir='ltr'><strong>habent,</strong></span> <span class='ocrx_word' id='word_1_589' title='bbox 2903 2590 3098 2644; x_wconf 84' lang='lat' dir='ltr'><strong>falsum</strong></span> <span class='ocrx_word' id='word_1_590' title='bbox 3149 2607 3281 2661; x_wconf 74' lang='lat' dir='ltr'><strong>ergo</strong></span> <span class='ocrx_word' id='word_1_591' title='bbox 3330 2601 3415 2648; x_wconf 83' lang='lat' dir='ltr'><strong>est</strong></span> 
     </span>
    </p>
   </div>
   <div class='ocr_carea' id='block_1_70' title="bbox 1826 2675 3408 2753">
    <p class='ocr_par' dir='ltr' id='par_1_70' title="bbox 1826 2675 3408 2753">
     <span class='ocr_line' id='line_1_70' title="bbox 1826 2675 3408 2753; baseline 0.008 -27"><span class='ocrx_word' id='word_1_592' title='bbox 1826 2675 1972 2743; x_wconf 90' lang='lat' dir='ltr'><strong>quod</strong></span> <span class='ocrx_word' id='word_1_593' title='bbox 2004 2676 2073 2729; x_wconf 82' lang='lat' dir='ltr'><strong>de</strong></span> <span class='ocrx_word' id='word_1_594' title='bbox 2104 2677 2331 2731; x_wconf 77' lang='lat' dir='ltr'><strong>materia</strong></span> <span class='ocrx_word' id='word_1_595' title='bbox 2364 2677 2574 2732; x_wconf 88' lang='lat' dir='ltr'><strong>dictum</strong></span> <span class='ocrx_word' id='word_1_596' title='bbox 2613 2688 2719 2742; x_wconf 84' lang='lat' dir='ltr'><strong>est,</strong></span> <span class='ocrx_word' id='word_1_597' title='bbox 2753 2697 2874 2736; x_wconf 82' lang='lat' dir='ltr'><strong>eam</strong></span> <span class='ocrx_word' id='word_1_598' title='bbox 2919 2698 3098 2753; x_wconf 80' lang='lat' dir='ltr'><strong>neque</strong></span> <span class='ocrx_word' id='word_1_599' title='bbox 3146 2686 3408 2739; x_wconf 61' lang='lat' dir='ltr'><strong>substano</strong></span> 
     </span>
    </p>
   </div>
   <div class='ocr_carea' id='block_1_71' title="bbox 1827 2769 3414 2845">
    <p class='ocr_par' dir='ltr' id='par_1_71' title="bbox 1827 2769 3414 2845">
     <span class='ocr_line' id='line_1_71' title="bbox 1827 2769 3414 2845; baseline 0.009 -26"><span class='ocrx_word' id='word_1_600' title='bbox 1827 2769 1957 2821; x_wconf 86' lang='lat' dir='ltr'><strong>tiam</strong></span> <span class='ocrx_word' id='word_1_601' title='bbox 1987 2785 2132 2836; x_wconf 89' lang='lat' dir='ltr'><strong>esse,</strong></span> <span class='ocrx_word' id='word_1_602' title='bbox 2162 2786 2342 2841; x_wconf 88' lang='lat' dir='ltr'><strong>neque</strong></span> <span class='ocrx_word' id='word_1_603' title='bbox 2387 2780 2598 2828; x_wconf 83' lang='lat' dir='ltr'><strong>eertum</strong></span> <span class='ocrx_word' id='word_1_604' title='bbox 2630 2775 2784 2843; x_wconf 90' lang='lat' dir='ltr'><strong>quid,</strong></span> <span class='ocrx_word' id='word_1_605' title='bbox 2817 2791 2998 2845; x_wconf 87' lang='lat' dir='ltr'><strong>neque</strong></span> <span class='ocrx_word' id='word_1_606' title='bbox 3037 2793 3158 2832; x_wconf 82' lang='lat' dir='ltr'><strong>ens.</strong></span> <span class='ocrx_word' id='word_1_607' title='bbox 3209 2778 3414 2843; x_wconf 86' lang='lat' dir='ltr'><strong>Quem-</strong></span> 
     </span>
    </p>
   </div>
   <div class='ocr_carea' id='block_1_72' title="bbox 1826 2859 3415 2927">
    <p class='ocr_par' dir='ltr' id='par_1_72' title="bbox 1826 2859 3415 2927">
     <span class='ocr_line' id='line_1_72' title="bbox 1826 2859 3415 2927; baseline 0.004 -14"><span class='ocrx_word' id='word_1_608' title='bbox 1826 2859 2121 2915; x_wconf 83' lang='lat' dir='ltr'><strong>admodum</strong></span> <span class='ocrx_word' id='word_1_609' title='bbox 2150 2863 2379 2918; x_wconf 83' lang='lat' dir='ltr'><strong>materia</strong></span> <span class='ocrx_word' id='word_1_610' title='bbox 2405 2875 2489 2922; x_wconf 77' lang='lat' dir='ltr'><strong>est</strong></span> <span class='ocrx_word' id='word_1_611' title='bbox 2520 2863 2794 2927; x_wconf 78' lang='lat' dir='ltr'><strong>informis,</strong></span> <span class='ocrx_word' id='word_1_612' title='bbox 2830 2866 2902 2918; x_wconf 89' lang='lat' dir='ltr'><strong>ita</strong></span> <span class='ocrx_word' id='word_1_613' title='bbox 2933 2875 2988 2920; x_wconf 90' lang='lat' dir='ltr'><strong>et</strong></span> <span class='ocrx_word' id='word_1_614' title='bbox 3010 2866 3181 2920; x_wconf 78' lang='lat' dir='ltr'><strong>forma</strong></span> <span class='ocrx_word' id='word_1_615' title='bbox 3222 2868 3415 2921; x_wconf 81' lang='lat' dir='ltr'><strong>immu-</strong></span> 
     </span>
    </p>
   </div>
   <div class='ocr_carea' id='block_1_73' title="bbox 1828 2953 3414 3026">
    <p class='ocr_par' dir='ltr' id='par_1_73' title="bbox 1828 2953 3414 3026">
     <span class='ocr_line' id='line_1_73' title="bbox 1828 2953 3414 3026; baseline 0.004 -20"><span class='ocrx_word' id='word_1_616' title='bbox 1828 2953 2059 3007; x_wconf 89' lang='lat' dir='ltr'><strong>terialis.</strong></span> <span class='ocrx_word' id='word_1_617' title='bbox 2098 2953 2204 3007; x_wconf 89' lang='lat' dir='ltr'><strong>Sed</strong></span> <span class='ocrx_word' id='word_1_618' title='bbox 2257 2955 2305 3009; x_wconf 89' lang='lat' dir='ltr'><strong>si</strong></span> <span class='ocrx_word' id='word_1_619' title='bbox 2336 2957 2564 3010; x_wconf 85' lang='lat' dir='ltr'><strong>materia</strong></span> <span class='ocrx_word' id='word_1_620' title='bbox 2593 2966 2646 3012; x_wconf 87' lang='lat' dir='ltr'><strong>et</strong></span> <span class='ocrx_word' id='word_1_621' title='bbox 2693 2960 2813 3026; x_wconf 91' lang='lat' dir='ltr'><strong>ejus</strong></span> <span class='ocrx_word' id='word_1_622' title='bbox 2861 2960 3096 3015; x_wconf 80' lang='lat' dir='ltr'><strong>informe</strong></span> <span class='ocrx_word' id='word_1_623' title='bbox 3133 2960 3243 3014; x_wconf 90' lang='lat' dir='ltr'><strong>duo</strong></span> <span class='ocrx_word' id='word_1_624' title='bbox 3283 2970 3414 3016; x_wconf 88' lang='lat' dir='ltr'><strong>sunt</strong></span> 
     </span>
    </p>
   </div>
   <div class='ocr_carea' id='block_1_74' title="bbox 1825 3043 3415 3119">
    <p class='ocr_par' dir='ltr' id='par_1_74' title="bbox 1825 3043 3415 3119">
     <span class='ocr_line' id='line_1_74' title="bbox 1825 3043 3415 3119; baseline 0.007 -25"><span class='ocrx_word' id='word_1_625' title='bbox 1825 3043 2114 3112; x_wconf 84' lang='lat' dir='ltr'><strong>principia,</strong></span> <span class='ocrx_word' id='word_1_626' title='bbox 2147 3046 2313 3106; x_wconf 86' lang='lat' dir='ltr'><strong>etiam</strong></span> <span class='ocrx_word' id='word_1_627' title='bbox 2335 3045 2508 3100; x_wconf 82' lang='lat' dir='ltr'><strong>forma</strong></span> <span class='ocrx_word' id='word_1_628' title='bbox 2539 3048 2784 3118; x_wconf 77' lang='lat' dir='ltr'><strong>proiecto</strong></span> <span class='ocrx_word' id='word_1_629' title='bbox 2813 3058 2866 3104; x_wconf 90' lang='lat' dir='ltr'><strong>et</strong></span> <span class='ocrx_word' id='word_1_630' title='bbox 2897 3051 3019 3119; x_wconf 84' lang='lat' dir='ltr'><strong>ejus</strong></span> <span class='ocrx_word' id='word_1_631' title='bbox 3051 3052 3415 3106; x_wconf 80' lang='lat' dir='ltr'><strong>immateriale</strong></span> 
     </span>
    </p>
   </div>
   <div class='ocr_carea' id='block_1_75' title="bbox 1824 3140 3414 3216">
    <p class='ocr_par' dir='ltr' id='par_1_75' title="bbox 1824 3140 3414 3216">
     <span class='ocr_line' id='line_1_75' title="bbox 1824 3140 3414 3216; baseline 0.004 -24"><span class='ocrx_word' id='word_1_632' title='bbox 1824 3140 1934 3193; x_wconf 93' lang='lat' dir='ltr'><strong>duo</strong></span> <span class='ocrx_word' id='word_1_633' title='bbox 1971 3146 2132 3192; x_wconf 89' lang='lat' dir='ltr'><strong>erunt</strong></span> <span class='ocrx_word' id='word_1_634' title='bbox 2160 3142 2453 3210; x_wconf 90' lang='lat' dir='ltr'><strong>principia.</strong></span> <span class='ocrx_word' id='word_1_635' title='bbox 2507 3142 2795 3208; x_wconf 85' lang='lat' dir='ltr'><strong>Quomodo</strong></span> <span class='ocrx_word' id='word_1_636' title='bbox 2831 3160 2962 3215; x_wconf 76' lang='lat' dir='ltr'><strong>ergo</strong></span> <span class='ocrx_word' id='word_1_637' title='bbox 2994 3161 3119 3204; x_wconf 85' lang='lat' dir='ltr'><strong>eum</strong></span> <span class='ocrx_word' id='word_1_638' title='bbox 3175 3156 3414 3216; x_wconf 85' lang='lat' dir='ltr'><strong>quatuor</strong></span> 
     </span>
    </p>
   </div>
   <div class='ocr_carea' id='block_1_76' title="bbox 1747 3232 3058 3313">
    <p class='ocr_par' dir='ltr' id='par_1_76' title="bbox 1747 3232 3058 3313">
     <span class='ocr_line' id='line_1_76' title="bbox 1747 3232 3058 3313; baseline 0.004 -28"><span class='ocrx_word' id='word_1_639' title='bbox 1747 3255 1790 3313; x_wconf 70' lang='grc' dir='ltr'>ο</span> <span class='ocrx_word' id='word_1_640' title='bbox 1825 3232 1936 3286; x_wconf 88' lang='lat' dir='ltr'><strong>sint</strong></span> <span class='ocrx_word' id='word_1_641' title='bbox 1958 3233 2251 3302; x_wconf 89' lang='lat' dir='ltr'><strong>principia,</strong></span> <span class='ocrx_word' id='word_1_642' title='bbox 2282 3235 2386 3288; x_wconf 89' lang='lat' dir='ltr'><strong>tria</strong></span> <span class='ocrx_word' id='word_1_643' title='bbox 2417 3245 2628 3292; x_wconf 86' lang='lat' dir='ltr'><strong>tantum</strong></span> <span class='ocrx_word' id='word_1_644' title='bbox 2660 3238 2838 3306; x_wconf 90' lang='lat' dir='ltr'><strong>posita</strong></span> <span class='ocrx_word' id='word_1_645' title='bbox 2873 3238 3058 3292; x_wconf 76' lang='lat' dir='ltr'><strong>fuere?</strong></span> 
     </span>
    </p>
   </div>
   <div class='ocr_carea' id='block_1_77' title="bbox 2035 3330 3212 3400">
    <p class='ocr_par' dir='ltr' id='par_1_77' title="bbox 2035 3330 3212 3400">
     <span class='ocr_line' id='line_1_77' title="bbox 2035 3330 3212 3400; baseline -0.003 -14"><span class='ocrx_word' id='word_1_646' title='bbox 2035 3332 2087 3386; x_wconf 82' lang='lat'><strong>6.</strong></span> <span class='ocrx_word' id='word_1_647' title='bbox 2122 3332 2206 3387; x_wconf 70' lang='lat' dir='ltr'><strong>Es</strong></span> <span class='ocrx_word' id='word_1_648' title='bbox 2241 3350 2419 3388; x_wconf 78' lang='lat' dir='ltr'><strong>eoaem</strong></span> <span class='ocrx_word' id='word_1_649' title='bbox 2448 3335 2604 3400; x_wconf 83' lang='lat' dir='ltr'><strong>libro,</strong></span> <span class='ocrx_word' id='word_1_650' title='bbox 2642 3334 2736 3391; x_wconf 88' lang='lat' dir='ltr'><strong>lib.</strong></span> <span class='ocrx_word' id='word_1_651' title='bbox 2768 3353 2807 3399; x_wconf 85' lang='grc' dir='ltr'><strong>ι,</strong></span> <span class='ocrx_word' id='word_1_652' title='bbox 2841 3350 2890 3389; x_wconf 86' lang='lat' dir='ltr'><strong>c.</strong></span> <span class='ocrx_word' id='word_1_653' title='bbox 2923 3333 2976 3395; x_wconf 85' lang='lat'><strong>9,</strong></span> <span class='ocrx_word' id='word_1_654' title='bbox 3007 3347 3059 3400; x_wconf 91' lang='lat' dir='ltr'><strong>p.</strong></span> <span class='ocrx_word' id='word_1_655' title='bbox 3091 3330 3212 3384; x_wconf 66' lang='lat'><strong>192.</strong></span> 
     </span>
    </p>
   </div>
   <div class='ocr_carea' id='block_1_78' title="bbox 1900 3415 3408 3488">
    <p class='ocr_par' dir='ltr' id='par_1_78' title="bbox 1900 3415 3408 3488">
     <span class='ocr_line' id='line_1_78' title="bbox 1900 3415 3408 3488; baseline 0.007 -22"><span class='ocrx_word' id='word_1_656' title='bbox 1900 3434 1917 3466; x_wconf 76' lang='grc' dir='ltr'><strong>ι</strong></span> <span class='ocrx_word' id='word_1_657' title='bbox 1955 3415 2067 3471; x_wconf 80' lang='lat' dir='ltr'><strong>Nos</strong></span> <span class='ocrx_word' id='word_1_658' title='bbox 2112 3424 2296 3471; x_wconf 90' lang='lat' dir='ltr'><strong>autem</strong></span> <span class='ocrx_word' id='word_1_659' title='bbox 2335 3419 2623 3474; x_wconf 80' lang='lat' dir='ltr'><strong>materiam</strong></span> <span class='ocrx_word' id='word_1_660' title='bbox 2674 3428 2726 3472; x_wconf 91' lang='lat' dir='ltr'><strong>et</strong></span> <span class='ocrx_word' id='word_1_661' title='bbox 2770 3421 3133 3488; x_wconf 75' lang='lat' dir='ltr'><strong>privationem</strong></span> <span class='ocrx_word' id='word_1_662' title='bbox 3187 3420 3408 3476; x_wconf 80' lang='lat' dir='ltr'><strong>diﬂ&#39;erre</strong></span> 
     </span>
    </p>
   </div>
   <div class='ocr_carea' id='block_1_79' title="bbox 1822 3510 3412 3580">
    <p class='ocr_par' dir='ltr' id='par_1_79' title="bbox 1822 3510 3412 3580">
     <span class='ocr_line' id='line_1_79' title="bbox 1822 3510 3412 3580; baseline 0.003 -15"><span class='ocrx_word' id='word_1_663' title='bbox 1822 3511 2090 3575; x_wconf 71' lang='lat' dir='ltr'><strong>dicimirs,</strong></span> <span class='ocrx_word' id='word_1_664' title='bbox 2126 3519 2289 3580; x_wconf 89' lang='lat' dir='ltr'><strong>atque</strong></span> <span class='ocrx_word' id='word_1_665' title='bbox 2346 3511 2544 3565; x_wconf 85' lang='lat' dir='ltr'><strong>horum</strong></span> <span class='ocrx_word' id='word_1_666' title='bbox 2579 3510 2798 3580; x_wconf 86' lang='lat' dir='ltr'><strong>quidem</strong></span> <span class='ocrx_word' id='word_1_667' title='bbox 2861 3514 3092 3566; x_wconf 84' lang='lat' dir='ltr'><strong>alterum</strong></span> <span class='ocrx_word' id='word_1_668' title='bbox 3143 3529 3254 3567; x_wconf 91' lang='lat' dir='ltr'><strong>non</strong></span> <span class='ocrx_word' id='word_1_669' title='bbox 3287 3531 3412 3570; x_wconf 82' lang='lat' dir='ltr'><strong>esse</strong></span> 
     </span>
    </p>
   </div>
   <div class='ocr_carea' id='block_1_80' title="bbox 1820 3605 3409 3676">
    <p class='ocr_par' dir='ltr' id='par_1_80' title="bbox 1820 3605 3409 3676">
     <span class='ocr_line' id='line_1_80' title="bbox 1820 3605 3409 3676; baseline -0.001 -15"><span class='ocrx_word' id='word_1_670' title='bbox 1820 3620 1921 3661; x_wconf 81' lang='lat' dir='ltr'><strong>ens</strong></span> <span class='ocrx_word' id='word_1_671' title='bbox 1955 3621 2052 3675; x_wconf 86' lang='lat' dir='ltr'><strong>per.</strong></span> <span class='ocrx_word' id='word_1_672' title='bbox 2091 3605 2374 3670; x_wconf 86' lang='lat' dir='ltr'><strong>accidens,</strong></span> <span class='ocrx_word' id='word_1_673' title='bbox 2431 3620 2627 3674; x_wconf 86' lang='lat' dir='ltr'><strong>nempe</strong></span> <span class='ocrx_word' id='word_1_674' title='bbox 2676 3606 2991 3672; x_wconf 87' lang='lat' dir='ltr'><strong>materiam;</strong></span> <span class='ocrx_word' id='word_1_675' title='bbox 3045 3607 3409 3676; x_wconf 78' lang='lat' dir='ltr'><strong>privationem</strong></span> 
     </span>
    </p>
   </div>
   <div class='ocr_carea' id='block_1_81' title="bbox 1822 3697 3410 3767">
    <p class='ocr_par' dir='ltr' id='par_1_81' title="bbox 1822 3697 3410 3767">
     <span class='ocr_line' id='line_1_81' title="bbox 1822 3697 3410 3767; baseline 0.002 -17"><span class='ocrx_word' id='word_1_676' title='bbox 1822 3713 1950 3750; x_wconf 89' lang='lat' dir='ltr'><strong>vero</strong></span> <span class='ocrx_word' id='word_1_677' title='bbox 1995 3697 2164 3752; x_wconf 84' lang='lat' dir='ltr'><strong>etiam</strong></span> <span class='ocrx_word' id='word_1_678' title='bbox 2209 3712 2305 3764; x_wconf 89' lang='lat' dir='ltr'><strong>per</strong></span> <span class='ocrx_word' id='word_1_679' title='bbox 2337 3711 2417 3760; x_wconf 83' lang='lat' dir='ltr'><strong>se,</strong></span> <span class='ocrx_word' id='word_1_680' title='bbox 2453 3711 2518 3749; x_wconf 89' lang='lat' dir='ltr'><strong>ac</strong></span> <span class='ocrx_word' id='word_1_681' title='bbox 2550 3698 2834 3750; x_wconf 88' lang='lat' dir='ltr'><strong>materiam</strong></span> <span class='ocrx_word' id='word_1_682' title='bbox 2865 3698 3084 3766; x_wconf 89' lang='lat' dir='ltr'><strong>quidem</strong></span> <span class='ocrx_word' id='word_1_683' title='bbox 3119 3713 3410 3767; x_wconf 85' lang='lat' dir='ltr'><strong>propemo-</strong></span> 
     </span>
    </p>
   </div>
   <div class='ocr_carea' id='block_1_82' title="bbox 1817 3788 3407 3860">
    <p class='ocr_par' dir='ltr' id='par_1_82' title="bbox 1817 3788 3407 3860">
     <span class='ocr_line' id='line_1_82' title="bbox 1817 3788 3407 3860; baseline 0 -17"><span class='ocrx_word' id='word_1_684' title='bbox 1817 3789 1953 3844; x_wconf 90' lang='lat' dir='ltr'><strong>dum</strong></span> <span class='ocrx_word' id='word_1_685' title='bbox 1981 3788 2459 3859; x_wconf 86' lang='lat' dir='ltr'><strong>etquodammodo</strong></span> <span class='ocrx_word' id='word_1_686' title='bbox 2488 3804 2606 3844; x_wconf 80' lang='lat' dir='ltr'><strong>esse</strong></span> <span class='ocrx_word' id='word_1_687' title='bbox 2628 3790 3013 3855; x_wconf 74' lang='lat' dir='ltr'><strong>substantiam,</strong></span> <span class='ocrx_word' id='word_1_688' title='bbox 3047 3793 3407 3860; x_wconf 84' lang='lat' dir='ltr'><strong>privationem</strong></span> 
     </span>
    </p>
   </div>
   <div class='ocr_carea' id='block_1_83' title="bbox 1819 3880 3409 3950">
    <p class='ocr_par' dir='ltr' id='par_1_83' title="bbox 1819 3880 3409 3950">
     <span class='ocr_line' id='line_1_83' title="bbox 1819 3880 3409 3950; baseline 0.001 -14"><span class='ocrx_word' id='word_1_689' title='bbox 1819 3896 1950 3936; x_wconf 85' lang='lat' dir='ltr'><strong>vero</strong></span> <span class='ocrx_word' id='word_1_690' title='bbox 1983 3897 2351 3950; x_wconf 78' lang='lat' dir='ltr'><strong>nequaquam.</strong></span> <span class='ocrx_word' id='word_1_691' title='bbox 2391 3880 2478 3935; x_wconf 82' lang='lat' dir='ltr'><strong>liii</strong></span> <span class='ocrx_word' id='word_1_692' title='bbox 2505 3889 2687 3936; x_wconf 88' lang='lat' dir='ltr'><strong>autem</strong></span> <span class='ocrx_word' id='word_1_693' title='bbox 2719 3881 2772 3935; x_wconf 92' lang='lat' dir='ltr'><strong>id</strong></span> <span class='ocrx_word' id='word_1_694' title='bbox 2825 3883 2970 3950; x_wconf 88' lang='lat' dir='ltr'><strong>quod</strong></span> <span class='ocrx_word' id='word_1_695' title='bbox 3005 3899 3116 3936; x_wconf 87' lang='lat' dir='ltr'><strong>non</strong></span> <span class='ocrx_word' id='word_1_696' title='bbox 3167 3895 3248 3937; x_wconf 86' lang='lat' dir='ltr'><strong>est</strong></span> <span class='ocrx_word' id='word_1_697' title='bbox 3287 3899 3409 3938; x_wconf 83' lang='lat' dir='ltr'><strong>esse</strong></span> 
     </span>
    </p>
   </div>
   <div class='ocr_carea' id='block_1_84' title="bbox 1817 3976 3408 4048">
    <p class='ocr_par' dir='ltr' id='par_1_84' title="bbox 1817 3976 3408 4048">
     <span class='ocr_line' id='line_1_84' title="bbox 1817 3976 3408 4048; baseline 0 -17"><span class='ocrx_word' id='word_1_698' title='bbox 1817 3976 2030 4040; x_wconf 89' lang='lat' dir='ltr'><strong>dicunt,</strong></span> <span class='ocrx_word' id='word_1_699' title='bbox 2065 3991 2322 4045; x_wconf 81' lang='lat' dir='ltr'><strong>magnum</strong></span> <span class='ocrx_word' id='word_1_700' title='bbox 2351 3983 2406 4038; x_wconf 86' lang='lat' dir='ltr'><strong>et</strong></span> <span class='ocrx_word' id='word_1_701' title='bbox 2434 3992 2662 4046; x_wconf 88' lang='lat' dir='ltr'><strong>parvum</strong></span> <span class='ocrx_word' id='word_1_702' title='bbox 2717 3977 2939 4045; x_wconf 80' lang='lat' dir='ltr'><strong>pariter.</strong></span> <span class='ocrx_word' id='word_1_703' title='bbox 2975 3992 3142 4029; x_wconf 90' lang='lat' dir='ltr'><strong>unum</strong></span> <span class='ocrx_word' id='word_1_704' title='bbox 3177 3985 3408 4048; x_wconf 90' lang='lat' dir='ltr'><strong>utraque</strong></span> 
     </span>
    </p>
   </div>
   <div class='ocr_carea' id='block_1_85' title="bbox 1819 4061 3408 4140">
    <p class='ocr_par' dir='ltr' id='par_1_85' title="bbox 1819 4061 3408 4140">
     <span class='ocr_line' id='line_1_85' title="bbox 1819 4061 3408 4140; baseline 0 -16"><span class='ocrx_word' id='word_1_705' title='bbox 1819 4068 2004 4133; x_wconf 87' lang='lat' dir='ltr'><strong>simul,</strong></span> <span class='ocrx_word' id='word_1_706' title='bbox 2033 4069 2132 4130; x_wconf 76' lang='lat' dir='ltr'><strong>vel</strong></span> <span class='ocrx_word' id='word_1_707' title='bbox 2173 4077 2469 4140; x_wconf 85' lang='lat' dir='ltr'><strong>utrumque</strong></span> <span class='ocrx_word' id='word_1_708' title='bbox 2510 4061 2824 4138; x_wconf 84' lang='lat' dir='ltr'><strong>separatim.</strong></span> <span class='ocrx_word' id='word_1_709' title='bbox 2858 4070 3042 4135; x_wconf 81' lang='lat' dir='ltr'><strong>Quare</strong></span> <span class='ocrx_word' id='word_1_710' title='bbox 3081 4070 3170 4124; x_wconf 81' lang='lat' dir='ltr'><strong>hic</strong></span> <span class='ocrx_word' id='word_1_711' title='bbox 3211 4068 3408 4126; x_wconf 86' lang='lat' dir='ltr'><strong>modus</strong></span> 
     </span>
    </p>
   </div>
   <div class='ocr_carea' id='block_1_86' title="bbox 1818 4161 2942 4217">
    <p class='ocr_par' dir='ltr' id='par_1_86' title="bbox 1818 4161 2942 4217">
     <span class='ocr_line' id='line_1_86' title="bbox 1818 4161 2942 4217; baseline -0.002 -3"><span class='ocrx_word' id='word_1_712' title='bbox 1818 4162 2084 4217; x_wconf 79' lang='lat' dir='ltr'><strong>trinitatis</strong></span> <span class='ocrx_word' id='word_1_713' title='bbox 2118 4162 2345 4216; x_wconf 86' lang='lat' dir='ltr'><strong>omnino</strong></span> <span class='ocrx_word' id='word_1_714' title='bbox 2373 4161 2626 4217; x_wconf 88' lang='lat' dir='ltr'><strong>diversus</strong></span> <span class='ocrx_word' id='word_1_715' title='bbox 2657 4162 2726 4215; x_wconf 88' lang='lat' dir='ltr'><strong>ab</strong></span> <span class='ocrx_word' id='word_1_716' title='bbox 2758 4163 2886 4216; x_wconf 90' lang='lat' dir='ltr'><strong>alio.</strong></span> <span class='ocrx_word' id='word_1_717' title='bbox 2923 4182 2942 4212; x_wconf 75' lang='grc' dir='ltr'><strong>ι</strong></span> 
     </span>
    </p>
   </div>
   <div class='ocr_carea' id='block_1_87' title="bbox 1892 4250 3410 4324">
    <p class='ocr_par' dir='ltr' id='par_1_87' title="bbox 1892 4250 3410 4324">
     <span class='ocr_line' id='line_1_87' title="bbox 1892 4250 3410 4324; baseline -0.002 -16"><span class='ocrx_word' id='word_1_718' title='bbox 1892 4250 1949 4308; x_wconf 87' lang='lat' dir='ltr'><strong>Si</strong></span> <span class='ocrx_word' id='word_1_719' title='bbox 1979 4266 2073 4322; x_wconf 84' lang='lat' dir='ltr'><strong>per</strong></span> <span class='ocrx_word' id='word_1_720' title='bbox 2099 4251 2359 4308; x_wconf 85' lang='lat' dir='ltr'><strong>accidens</strong></span> <span class='ocrx_word' id='word_1_721' title='bbox 2383 4253 2612 4307; x_wconf 85' lang='lat' dir='ltr'><strong>materia</strong></span> <span class='ocrx_word' id='word_1_722' title='bbox 2643 4268 2751 4306; x_wconf 90' lang='lat' dir='ltr'><strong>non</strong></span> <span class='ocrx_word' id='word_1_723' title='bbox 2780 4261 2864 4308; x_wconf 88' lang='lat' dir='ltr'><strong>est</strong></span> <span class='ocrx_word' id='word_1_724' title='bbox 2895 4267 3015 4315; x_wconf 86' lang='lat' dir='ltr'><strong>ens,</strong></span> <span class='ocrx_word' id='word_1_725' title='bbox 3048 4252 3218 4322; x_wconf 90' lang='lat' dir='ltr'><strong>liquet</strong></span> <span class='ocrx_word' id='word_1_726' title='bbox 3245 4250 3410 4324; x_wconf 77' lang='lat'><strong>556</strong></span> 
     </span>
    </p>
   </div>
   <div class='ocr_carea' id='block_1_88' title="bbox 1818 4354 3409 4424">
    <p class='ocr_par' dir='ltr' id='par_1_88' title="bbox 1818 4354 3409 4424">
     <span class='ocr_line' id='line_1_88' title="bbox 1818 4354 3409 4424; baseline -0.001 -16"><span class='ocrx_word' id='word_1_727' title='bbox 1818 4370 1915 4424; x_wconf 88' lang='lat' dir='ltr'><strong>per</strong></span> <span class='ocrx_word' id='word_1_728' title='bbox 1933 4354 2194 4411; x_wconf 82' lang='lat' dir='ltr'><strong>accidens</strong></span> <span class='ocrx_word' id='word_1_729' title='bbox 2219 4356 2503 4410; x_wconf 87' lang='lat' dir='ltr'><strong>materiam</strong></span> <span class='ocrx_word' id='word_1_730' title='bbox 2532 4369 2631 4412; x_wconf 88' lang='lat' dir='ltr'><strong>nec</strong></span> <span class='ocrx_word' id='word_1_731' title='bbox 2661 4355 2951 4410; x_wconf 88' lang='lat' dir='ltr'><strong>materiam</strong></span> <span class='ocrx_word' id='word_1_732' title='bbox 2982 4369 3107 4408; x_wconf 90' lang='lat' dir='ltr'><strong>esse</strong></span> <span class='ocrx_word' id='word_1_733' title='bbox 3129 4369 3228 4408; x_wconf 89' lang='lat' dir='ltr'><strong>nec</strong></span> <span class='ocrx_word' id='word_1_734' title='bbox 3255 4354 3409 4422; x_wconf 91' lang='lat' dir='ltr'><strong>prin-</strong></span> 
     </span>
    </p>
   </div>
   <div class='ocr_carea' id='block_1_89' title="bbox 1818 4445 3411 4516">
    <p class='ocr_par' dir='ltr' id='par_1_89' title="bbox 1818 4445 3411 4516">
     <span class='ocr_line' id='line_1_89' title="bbox 1818 4445 3411 4516; baseline -0.003 -15"><span class='ocrx_word' id='word_1_735' title='bbox 1818 4448 2044 4516; x_wconf 84' lang='lat' dir='ltr'><strong>cipium.</strong></span> <span class='ocrx_word' id='word_1_736' title='bbox 2083 4446 2240 4502; x_wconf 85' lang='lat' dir='ltr'><strong>Entis</strong></span> <span class='ocrx_word' id='word_1_737' title='bbox 2267 4447 2412 4505; x_wconf 85' lang='lat' dir='ltr'><strong>enim</strong></span> <span class='ocrx_word' id='word_1_738' title='bbox 2442 4456 2525 4501; x_wconf 89' lang='lat' dir='ltr'><strong>est</strong></span> <span class='ocrx_word' id='word_1_739' title='bbox 2559 4462 2683 4501; x_wconf 89' lang='lat' dir='ltr'><strong>esse</strong></span> <span class='ocrx_word' id='word_1_740' title='bbox 2708 4448 2994 4500; x_wconf 87' lang='lat' dir='ltr'><strong>materiam</strong></span> <span class='ocrx_word' id='word_1_741' title='bbox 3023 4453 3076 4498; x_wconf 89' lang='lat' dir='ltr'><strong>et</strong></span> <span class='ocrx_word' id='word_1_742' title='bbox 3105 4461 3225 4499; x_wconf 87' lang='lat' dir='ltr'><strong>esse</strong></span> <span class='ocrx_word' id='word_1_743' title='bbox 3256 4445 3411 4514; x_wconf 91' lang='lat' dir='ltr'><strong>prin-</strong></span> 
     </span>
    </p>
   </div>
   <div class='ocr_carea' id='block_1_90' title="bbox 1820 4533 3484 4609">
    <p class='ocr_par' dir='ltr' id='par_1_90' title="bbox 1820 4533 3484 4609">
     <span class='ocr_line' id='line_1_90' title="bbox 1820 4533 3484 4609; baseline 0 -17"><span class='ocrx_word' id='word_1_744' title='bbox 1820 4537 2045 4609; x_wconf 79' lang='lat' dir='ltr'><strong>cipium.</strong></span> <span class='ocrx_word' id='word_1_745' title='bbox 2077 4533 2145 4594; x_wconf 75' lang='lat' dir='ltr'><strong>Et</strong></span> <span class='ocrx_word' id='word_1_746' title='bbox 2195 4542 2238 4594; x_wconf 87' lang='lat' dir='ltr'><strong>si</strong></span> <span class='ocrx_word' id='word_1_747' title='bbox 2280 4553 2380 4609; x_wconf 84' lang='lat' dir='ltr'><strong>per</strong></span> <span class='ocrx_word' id='word_1_748' title='bbox 2439 4540 2697 4594; x_wconf 88' lang='lat' dir='ltr'><strong>accidens</strong></span> <span class='ocrx_word' id='word_1_749' title='bbox 2749 4540 2976 4593; x_wconf 86' lang='lat' dir='ltr'><strong>materia</strong></span> <span class='ocrx_word' id='word_1_750' title='bbox 3023 4554 3131 4592; x_wconf 83' lang='lat' dir='ltr'><strong>non</strong></span> <span class='ocrx_word' id='word_1_751' title='bbox 3180 4546 3265 4592; x_wconf 81' lang='lat' dir='ltr'><strong>est</strong></span> <span class='ocrx_word' id='word_1_752' title='bbox 3307 4554 3407 4592; x_wconf 89' lang='lat' dir='ltr'><strong>ens</strong></span> <span class='ocrx_word' id='word_1_753' title='bbox 3474 4556 3484 4566; x_wconf 81' lang='grc'>·</span> 
     </span>
    </p>
   </div>
   <div class='ocr_carea' id='block_1_91' title="bbox 141 4619 1721 4704">
    <p class='ocr_par' dir='ltr' id='par_1_91' title="bbox 141 4627 1713 4700">
     <span class='ocr_line' id='line_1_91' title="bbox 141 4627 1713 4700; baseline 0.001 -20"><span class='ocrx_word' id='word_1_754' title='bbox 141 4630 239 4697; x_wconf 82' lang='grc' dir='ltr'><strong>τὴν</strong></span> <span class='ocrx_word' id='word_1_755' title='bbox 266 4627 538 4699; x_wconf 80' lang='grc' dir='ltr'>στέρησιν,</span> <span class='ocrx_word' id='word_1_756' title='bbox 572 4628 813 4696; x_wconf 85' lang='grc' dir='ltr'>δηλονότι</span> <span class='ocrx_word' id='word_1_757' title='bbox 844 4629 982 4681; x_wconf 81' lang='grc' dir='ltr'>κατὰ</span> <span class='ocrx_word' id='word_1_758' title='bbox 1017 4629 1364 4700; x_wconf 83' lang='grc' dir='ltr'>συμϐεϐηκὸς</span> <span class='ocrx_word' id='word_1_759' title='bbox 1393 4630 1451 4681; x_wconf 91' lang='grc' dir='ltr'><strong>ὄν</strong></span> <span class='ocrx_word' id='word_1_760' title='bbox 1481 4631 1597 4683; x_wconf 73' lang='grc' dir='ltr'>ἐστι</span> <span class='ocrx_word' id='word_1_761' title='bbox 1625 4628 1713 4683; x_wconf 84' lang='grc' dir='ltr'>διὰ</span> 
     </span>
    </p>
   </div>
   <div class='ocr_carea' id='block_1_92' title="bbox 1826 4619 3406 4704">
    <p class='ocr_par' dir='ltr' id='par_1_92' title="bbox 1826 4632 3406 4704">
     <span class='ocr_line' id='line_1_92' title="bbox 1826 4632 3406 4704; baseline -0.002 -18"><span class='ocrx_word' id='word_1_762' title='bbox 1826 4643 2045 4704; x_wconf 86' lang='lat' dir='ltr'><strong>propter</strong></span> <span class='ocrx_word' id='word_1_763' title='bbox 2073 4634 2471 4702; x_wconf 77' lang='lat' dir='ltr'><strong>privationem;</strong></span> <span class='ocrx_word' id='word_1_764' title='bbox 2505 4647 2602 4702; x_wconf 86' lang='lat' dir='ltr'><strong>per</strong></span> <span class='ocrx_word' id='word_1_765' title='bbox 2629 4632 2887 4688; x_wconf 77' lang='lat' dir='ltr'><strong>accidens</strong></span> <span class='ocrx_word' id='word_1_766' title='bbox 2917 4632 3170 4686; x_wconf 76' lang='lat' dir='ltr'><strong>videlicet</strong></span> <span class='ocrx_word' id='word_1_767' title='bbox 3198 4641 3282 4685; x_wconf 89' lang='lat' dir='ltr'><strong>est</strong></span> <span class='ocrx_word' id='word_1_768' title='bbox 3307 4648 3406 4685; x_wconf 84' lang='lat' dir='ltr'><strong>ens</strong></span> 
     </span>
    </p>
   </div>
   <div class='ocr_carea' id='block_1_93' title="bbox 135 4714 1713 4792">
    <p class='ocr_par' dir='ltr' id='par_1_93' title="bbox 135 4714 1713 4792">
     <span class='ocr_line' id='line_1_93' title="bbox 135 4714 1713 4792; baseline 0.003 -21"><span class='ocrx_word' id='word_1_769' title='bbox 135 4720 200 4771; x_wconf 61' lang='grc' dir='ltr'><strong>νὼ</strong></span> <span class='ocrx_word' id='word_1_770' title='bbox 230 4714 382 4782; x_wconf 77' lang='grc' dir='ltr'>εἶδος.</span> <span class='ocrx_word' id='word_1_771' title='bbox 411 4721 605 4773; x_wconf 83' lang='grc' dir='ltr'>Ἔσται</span> <span class='ocrx_word' id='word_1_772' title='bbox 633 4721 742 4792; x_wconf 78' lang='grc' dir='ltr'>ἄρα</span> <span class='ocrx_word' id='word_1_773' title='bbox 765 4725 798 4791; x_wconf 83' lang='grc' dir='ltr'><strong>ἡ</strong></span> <span class='ocrx_word' id='word_1_774' title='bbox 829 4722 927 4790; x_wconf 87' lang='grc' dir='ltr'><strong>ὕλη</strong></span> <span class='ocrx_word' id='word_1_775' title='bbox 953 4724 997 4754; x_wconf 72' lang='grc'><strong>⁸⁸</strong></span> <span class='ocrx_word' id='word_1_776' title='bbox 1026 4722 1146 4776; x_wconf 86' lang='grc' dir='ltr'>καθ’</span> <span class='ocrx_word' id='word_1_777' title='bbox 1167 4722 1300 4774; x_wconf 82' lang='grc' dir='ltr'>αὐτὸ</span> <span class='ocrx_word' id='word_1_778' title='bbox 1332 4722 1430 4792; x_wconf 86' lang='grc' dir='ltr'>μὲν</span> <span class='ocrx_word' id='word_1_779' title='bbox 1457 4721 1713 4778; x_wconf 81' lang='grc' dir='ltr'>οὐδέποτε</span> 
     </span>
    </p>
   </div>
   <div class='ocr_carea' id='block_1_94' title="bbox 142 4811 1712 4885">
    <p class='ocr_par' dir='ltr' id='par_1_94' title="bbox 142 4811 1712 4885">
     <span class='ocr_line' id='line_1_94' title="bbox 142 4811 1712 4885; baseline 0.001 -19"><span class='ocrx_word' id='word_1_780' title='bbox 142 4813 227 4879; x_wconf 82' lang='grc' dir='ltr'>ὃν,</span> <span class='ocrx_word' id='word_1_781' title='bbox 256 4814 393 4867; x_wconf 85' lang='grc' dir='ltr'><strong>κατὰ</strong></span> <span class='ocrx_word' id='word_1_782' title='bbox 425 4813 768 4885; x_wconf 85' lang='grc' dir='ltr'>συμϐεϐηκὸς</span> <span class='ocrx_word' id='word_1_783' title='bbox 803 4816 857 4868; x_wconf 81' lang='grc' dir='ltr'><strong>δὲ</strong></span> <span class='ocrx_word' id='word_1_784' title='bbox 890 4816 977 4869; x_wconf 72' lang='grc' dir='ltr'>ἀεὶ</span> <span class='ocrx_word' id='word_1_785' title='bbox 1007 4817 1139 4872; x_wconf 83' lang='grc' dir='ltr'>ποτὲ</span> <span class='ocrx_word' id='word_1_786' title='bbox 1180 4817 1278 4885; x_wconf 88' lang='grc' dir='ltr'><strong>μὲν</strong></span> <span class='ocrx_word' id='word_1_787' title='bbox 1320 4817 1424 4868; x_wconf 82' lang='grc' dir='ltr'><strong>οὐκ</strong></span> <span class='ocrx_word' id='word_1_788' title='bbox 1453 4815 1511 4868; x_wconf 80' lang='grc' dir='ltr'>ὃν</span> <span class='ocrx_word' id='word_1_789' title='bbox 1540 4811 1676 4882; x_wconf 64' lang='grc' dir='ltr'>εἶναι</span> <span class='ocrx_word' id='word_1_790' title='bbox 1697 4855 1712 4880; x_wconf 93' lang='grc'><strong>,</strong></span> 
     </span>
    </p>
   </div>
   <div class='ocr_carea' id='block_1_95' title="bbox 145 4903 1713 4976">
    <p class='ocr_par' dir='ltr' id='par_1_95' title="bbox 145 4903 1713 4976">
     <span class='ocr_line' id='line_1_95' title="bbox 145 4903 1713 4976; baseline 0.001 -18"><span class='ocrx_word' id='word_1_791' title='bbox 145 4907 266 4958; x_wconf 81' lang='grc' dir='ltr'>ποτὲ</span> <span class='ocrx_word' id='word_1_792' title='bbox 291 4906 346 4959; x_wconf 80' lang='grc' dir='ltr'>δὲ</span> <span class='ocrx_word' id='word_1_793' title='bbox 365 4906 424 4960; x_wconf 85' lang='grc' dir='ltr'><strong>ὄν</strong></span> <span class='ocrx_word' id='word_1_794' title='bbox 452 4903 611 4960; x_wconf 74' lang='grc' dir='ltr'>εἶναι.</span> <span class='ocrx_word' id='word_1_795' title='bbox 639 4906 762 4970; x_wconf 84' lang='grc' dir='ltr'>Πῶς</span> <span class='ocrx_word' id='word_1_796' title='bbox 792 4904 883 4962; x_wconf 79' lang='grc' dir='ltr'>οὖν</span> <span class='ocrx_word' id='word_1_797' title='bbox 912 4909 1010 4961; x_wconf 78' lang='grc' dir='ltr'><strong>οὐκ</strong></span> <span class='ocrx_word' id='word_1_798' title='bbox 1041 4908 1186 4962; x_wconf 73' lang='grc' dir='ltr'>ἔστιν</span> <span class='ocrx_word' id='word_1_799' title='bbox 1215 4907 1418 4962; x_wconf 80' lang='grc' dir='ltr'>ἄτοπον</span> <span class='ocrx_word' id='word_1_800' title='bbox 1445 4908 1508 4961; x_wconf 85' lang='grc' dir='ltr'><strong>τὸ</strong></span> <span class='ocrx_word' id='word_1_801' title='bbox 1537 4908 1713 4976; x_wconf 85' lang='grc' dir='ltr'>λέγειν</span> 
     </span>
    </p>
   </div>
   <div class='ocr_carea' id='block_1_96' title="bbox 145 4995 1714 5072">
    <p class='ocr_par' dir='ltr' id='par_1_96' title="bbox 145 4995 1714 5072">
     <span class='ocr_line' id='line_1_96' title="bbox 145 4995 1714 5072; baseline 0.003 -22"><span class='ocrx_word' id='word_1_802' title='bbox 145 4999 300 5066; x_wconf 73' lang='grc' dir='ltr'>ἐγγὺς</span> <span class='ocrx_word' id='word_1_803' title='bbox 328 4995 463 5053; x_wconf 73' lang='grc' dir='ltr'>εἶναι</span> <span class='ocrx_word' id='word_1_804' title='bbox 492 5000 678 5063; x_wconf 82' lang='grc' dir='ltr'>οὐσίας</span> <span class='ocrx_word' id='word_1_805' title='bbox 706 5003 798 5053; x_wconf 69' lang='grc' dir='ltr'>καὶ</span> <span class='ocrx_word' id='word_1_806' title='bbox 826 5003 1013 5055; x_wconf 75' lang='grc' dir='ltr'>οὐσίαν</span> <span class='ocrx_word' id='word_1_807' title='bbox 1047 5019 1164 5064; x_wconf 87' lang='grc' dir='ltr'><strong>πως</strong></span> <span class='ocrx_word' id='word_1_808' title='bbox 1196 5000 1256 5054; x_wconf 88' lang='grc' dir='ltr'><strong>τὸ</strong></span> <span class='ocrx_word' id='word_1_809' title='bbox 1291 5001 1558 5072; x_wconf 75' lang='grc' dir='ltr'>μηδέποτε</span> <span class='ocrx_word' id='word_1_810' title='bbox 1593 5001 1714 5054; x_wconf 82' lang='grc' dir='ltr'>καθ’</span> 
     </span>
    </p>
   </div>
   <div class='ocr_carea' id='block_1_97' title="bbox 144 5089 1720 5164">
    <p class='ocr_par' dir='ltr' id='par_1_97' title="bbox 144 5089 1720 5164">
     <span class='ocr_line' id='line_1_97' title="bbox 144 5089 1720 5164; baseline 0.001 -20"><span class='ocrx_word' id='word_1_811' title='bbox 144 5091 267 5144; x_wconf 71' lang='grc' dir='ltr'>αὐτὸ</span> <span class='ocrx_word' id='word_1_812' title='bbox 293 5090 382 5155; x_wconf 88' lang='grc' dir='ltr'>ὄν;</span> <span class='ocrx_word' id='word_1_813' title='bbox 418 5093 481 5144; x_wconf 71' lang='lat' dir='ltr'><strong>Et</strong></span> <span class='ocrx_word' id='word_1_814' title='bbox 510 5093 637 5146; x_wconf 80' lang='grc' dir='ltr'>ἄλλο</span> <span class='ocrx_word' id='word_1_815' title='bbox 665 5094 725 5147; x_wconf 88' lang='grc' dir='ltr'><strong>τὸ</strong></span> <span class='ocrx_word' id='word_1_816' title='bbox 753 5093 884 5164; x_wconf 90' lang='grc' dir='ltr'>ὕλην</span> <span class='ocrx_word' id='word_1_817' title='bbox 914 5091 1072 5160; x_wconf 77' lang='grc' dir='ltr'>εἶναι,</span> <span class='ocrx_word' id='word_1_818' title='bbox 1106 5094 1196 5146; x_wconf 71' lang='grc' dir='ltr'>καὶ</span> <span class='ocrx_word' id='word_1_819' title='bbox 1230 5093 1357 5148; x_wconf 78' lang='grc' dir='ltr'>ἄλλο</span> <span class='ocrx_word' id='word_1_820' title='bbox 1384 5092 1444 5145; x_wconf 89' lang='grc' dir='ltr'><strong>τὸ</strong></span> <span class='ocrx_word' id='word_1_821' title='bbox 1476 5094 1620 5156; x_wconf 85' lang='grc' dir='ltr'>τινὸς</span> <span class='ocrx_word' id='word_1_822' title='bbox 1650 5089 1720 5145; x_wconf 74' lang='grc' dir='ltr'><strong>εἴ·</strong></span> 
     </span>
    </p>
   </div>
   <div class='ocr_carea' id='block_1_98' title="bbox 143 5181 1715 5258">
    <p class='ocr_par' dir='ltr' id='par_1_98' title="bbox 143 5181 1715 5258">
     <span class='ocr_line' id='line_1_98' title="bbox 143 5181 1715 5258; baseline 0.003 -22"><span class='ocrx_word' id='word_1_823' title='bbox 143 5201 228 5236; x_wconf 84' lang='grc' dir='ltr'><strong>ναι</strong></span> <span class='ocrx_word' id='word_1_824' title='bbox 255 5181 382 5254; x_wconf 84' lang='grc' dir='ltr'>ὕλην</span> <span class='ocrx_word' id='word_1_825' title='bbox 408 5200 421 5214; x_wconf 91' lang='grc'><strong>·</strong></span> <span class='ocrx_word' id='word_1_826' title='bbox 456 5186 553 5238; x_wconf 68' lang='grc' dir='ltr'>καὶ</span> <span class='ocrx_word' id='word_1_827' title='bbox 584 5190 854 5258; x_wconf 85' lang='grc' dir='ltr'>στερεῖται</span> <span class='ocrx_word' id='word_1_828' title='bbox 890 5189 988 5257; x_wconf 81' lang='grc' dir='ltr'>μὲν</span> <span class='ocrx_word' id='word_1_829' title='bbox 1029 5191 1062 5257; x_wconf 85' lang='grc' dir='ltr'>ὴ</span> <span class='ocrx_word' id='word_1_830' title='bbox 1117 5187 1218 5258; x_wconf 90' lang='grc' dir='ltr'><strong>ὕλη</strong></span> <span class='ocrx_word' id='word_1_831' title='bbox 1266 5186 1361 5239; x_wconf 80' lang='grc' dir='ltr'><strong>τοῦ</strong></span> <span class='ocrx_word' id='word_1_832' title='bbox 1401 5186 1547 5250; x_wconf 90' lang='grc' dir='ltr'>τινὸς</span> <span class='ocrx_word' id='word_1_833' title='bbox 1579 5181 1715 5240; x_wconf 77' lang='grc' dir='ltr'>εἶναι</span> 
     </span>
    </p>
   </div>
   <div class='ocr_carea' id='block_1_99' title="bbox 148 5274 1714 5351">
    <p class='ocr_par' dir='ltr' id='par_1_99' title="bbox 148 5274 1714 5351">
     <span class='ocr_line' id='line_1_99' title="bbox 148 5274 1714 5351; baseline 0 -23"><span class='ocrx_word' id='word_1_834' title='bbox 148 5275 301 5347; x_wconf 84' lang='grc' dir='ltr'>ὕλην,</span> <span class='ocrx_word' id='word_1_835' title='bbox 347 5277 444 5330; x_wconf 81' lang='grc' dir='ltr'>τοῦ</span> <span class='ocrx_word' id='word_1_836' title='bbox 485 5277 541 5331; x_wconf 77' lang='grc' dir='ltr'><strong>δὲ</strong></span> <span class='ocrx_word' id='word_1_837' title='bbox 575 5274 714 5332; x_wconf 77' lang='grc' dir='ltr'>εἶναι</span> <span class='ocrx_word' id='word_1_838' title='bbox 747 5280 916 5351; x_wconf 74' lang='grc' dir='ltr'>αὐτὴν</span> <span class='ocrx_word' id='word_1_839' title='bbox 957 5279 1088 5350; x_wconf 83' lang='grc' dir='ltr'>ὕλην</span> <span class='ocrx_word' id='word_1_840' title='bbox 1133 5281 1195 5332; x_wconf 80' lang='grc' dir='ltr'>οὺ</span> <span class='ocrx_word' id='word_1_841' title='bbox 1228 5281 1531 5350; x_wconf 82' lang='grc' dir='ltr'>στερείται·</span> <span class='ocrx_word' id='word_1_842' title='bbox 1561 5277 1714 5330; x_wconf 71' lang='grc' dir='ltr'>ἔσται</span> 
     </span>
    </p>
   </div>
   <div class='ocr_carea' id='block_1_100' title="bbox 149 5367 1714 5442">
    <p class='ocr_par' dir='ltr' id='par_1_100' title="bbox 149 5367 1714 5442">
     <span class='ocr_line' id='line_1_100' title="bbox 149 5367 1714 5442; baseline 0 -19"><span class='ocrx_word' id='word_1_843' title='bbox 149 5369 248 5441; x_wconf 80' lang='grc' dir='ltr'>ἄρα</span> <span class='ocrx_word' id='word_1_844' title='bbox 286 5373 318 5440; x_wconf 82' lang='grc' dir='ltr'><strong>η</strong></span> <span class='ocrx_word' id='word_1_845' title='bbox 351 5369 450 5439; x_wconf 89' lang='grc' dir='ltr'><strong>ὕλη</strong></span> <span class='ocrx_word' id='word_1_846' title='bbox 486 5370 542 5423; x_wconf 84' lang='grc' dir='ltr'>ὃν</span> <span class='ocrx_word' id='word_1_847' title='bbox 572 5373 666 5426; x_wconf 76' lang='grc' dir='ltr'><strong>καὶ</strong></span> <span class='ocrx_word' id='word_1_848' title='bbox 694 5373 794 5426; x_wconf 82' lang='grc' dir='ltr'><strong>οὑκ</strong></span> <span class='ocrx_word' id='word_1_849' title='bbox 833 5374 919 5426; x_wconf 82' lang='grc' dir='ltr'>ὄν’</span> <span class='ocrx_word' id='word_1_850' title='bbox 951 5373 1010 5425; x_wconf 85' lang='grc' dir='ltr'><strong>ὂν</strong></span> <span class='ocrx_word' id='word_1_851' title='bbox 1045 5373 1141 5442; x_wconf 77' lang='grc' dir='ltr'><strong>μὲν</strong></span> <span class='ocrx_word' id='word_1_852' title='bbox 1171 5371 1259 5424; x_wconf 76' lang='grc' dir='ltr'><strong>διὰ</strong></span> <span class='ocrx_word' id='word_1_853' title='bbox 1290 5371 1352 5425; x_wconf 91' lang='grc' dir='ltr'><strong>τὸ</strong></span> <span class='ocrx_word' id='word_1_854' title='bbox 1381 5367 1517 5424; x_wconf 70' lang='grc' dir='ltr'>εἶναι</span> <span class='ocrx_word' id='word_1_855' title='bbox 1547 5368 1714 5439; x_wconf 80' lang='grc' dir='ltr'>αὐτὴν</span> 
     </span>
    </p>
   </div>
   <div class='ocr_carea' id='block_1_101' title="bbox 149 5461 1711 5537">
    <p class='ocr_par' dir='ltr' id='par_1_101' title="bbox 149 5461 1711 5537">
     <span class='ocr_line' id='line_1_101' title="bbox 149 5461 1711 5537; baseline 0 -21"><span class='ocrx_word' id='word_1_856' title='bbox 149 5463 299 5534; x_wconf 85' lang='grc' dir='ltr'>ὕλην,</span> <span class='ocrx_word' id='word_1_857' title='bbox 343 5464 444 5516; x_wconf 83' lang='grc' dir='ltr'><strong>οὐκ</strong></span> <span class='ocrx_word' id='word_1_858' title='bbox 470 5462 529 5515; x_wconf 76' lang='grc' dir='ltr'><strong>ὄν</strong></span> <span class='ocrx_word' id='word_1_859' title='bbox 555 5464 610 5517; x_wconf 73' lang='grc' dir='ltr'><strong>δὲ</strong></span> <span class='ocrx_word' id='word_1_860' title='bbox 636 5465 724 5518; x_wconf 77' lang='grc' dir='ltr'><strong>διὰ</strong></span> <span class='ocrx_word' id='word_1_861' title='bbox 767 5466 828 5518; x_wconf 87' lang='grc' dir='ltr'><strong>τὸ</strong></span> <span class='ocrx_word' id='word_1_862' title='bbox 860 5465 932 5537; x_wconf 78' lang='grc' dir='ltr'>μὴ</span> <span class='ocrx_word' id='word_1_863' title='bbox 965 5461 1102 5518; x_wconf 77' lang='grc' dir='ltr'>εἶναι</span> <span class='ocrx_word' id='word_1_864' title='bbox 1143 5465 1314 5534; x_wconf 74' lang='grc' dir='ltr'>αὐτὴν</span> <span class='ocrx_word' id='word_1_865' title='bbox 1361 5465 1507 5535; x_wconf 74' lang='grc' dir='ltr'>τινὸς</span> <span class='ocrx_word' id='word_1_866' title='bbox 1558 5463 1711 5534; x_wconf 87' lang='grc' dir='ltr'>ὕλην.</span> 
     </span>
    </p>
   </div>
   <div class='ocr_carea' id='block_1_102' title="bbox 160 5555 1715 5629">
    <p class='ocr_par' dir='ltr' id='par_1_102' title="bbox 160 5555 1715 5629">
     <span class='ocr_line' id='line_1_102' title="bbox 160 5555 1715 5629; baseline -0.001 -20"><span class='ocrx_word' id='word_1_867' title='bbox 160 5555 288 5609; x_wconf 81' lang='grc' dir='ltr'>Ἀλλ’</span> <span class='ocrx_word' id='word_1_868' title='bbox 317 5558 363 5608; x_wconf 84' lang='grc' dir='ltr'><strong>εί</strong></span> <span class='ocrx_word' id='word_1_869' title='bbox 389 5555 610 5627; x_wconf 83' lang='grc' dir='ltr'>μηδενός</span> <span class='ocrx_word' id='word_1_870' title='bbox 638 5559 787 5612; x_wconf 75' lang='grc' dir='ltr'>ἐστιν</span> <span class='ocrx_word' id='word_1_871' title='bbox 815 5561 848 5628; x_wconf 74' lang='grc' dir='ltr'>ἡ</span> <span class='ocrx_word' id='word_1_872' title='bbox 879 5559 999 5629; x_wconf 86' lang='grc' dir='ltr'>ὕλη,</span> <span class='ocrx_word' id='word_1_873' title='bbox 1022 5558 1141 5612; x_wconf 75' lang='grc' dir='ltr'>οὐδὲ</span> <span class='ocrx_word' id='word_1_874' title='bbox 1170 5557 1278 5628; x_wconf 75' lang='grc' dir='ltr'>ἄρα</span> <span class='ocrx_word' id='word_1_875' title='bbox 1305 5558 1406 5627; x_wconf 79' lang='grc' dir='ltr'>τῆς</span> <span class='ocrx_word' id='word_1_876' title='bbox 1436 5557 1715 5629; x_wconf 80' lang='grc' dir='ltr'>ἀμορφίας</span> 
     </span>
    </p>
   </div>
   <div class='ocr_carea' id='block_1_103' title="bbox 149 5643 1713 5722">
    <p class='ocr_par' dir='ltr' id='par_1_103' title="bbox 149 5643 1713 5722">
     <span class='ocr_line' id='line_1_103' title="bbox 149 5643 1713 5722; baseline -0.001 -20"><span class='ocrx_word' id='word_1_877' title='bbox 149 5649 280 5702; x_wconf 67' lang='grc' dir='ltr'>ἐστὶν</span> <span class='ocrx_word' id='word_1_878' title='bbox 305 5650 338 5718; x_wconf 80' lang='grc' dir='ltr'>ἡ</span> <span class='ocrx_word' id='word_1_879' title='bbox 381 5647 499 5720; x_wconf 81' lang='grc' dir='ltr'>ὕλη.</span> <span class='ocrx_word' id='word_1_880' title='bbox 533 5651 597 5702; x_wconf 86' lang='grc' dir='ltr'><strong>Εἰ</strong></span> <span class='ocrx_word' id='word_1_881' title='bbox 624 5643 678 5704; x_wconf 78' lang='grc' dir='ltr'>δὲ</span> <span class='ocrx_word' id='word_1_882' title='bbox 707 5650 805 5722; x_wconf 80' lang='grc' dir='ltr'>τῆς</span> <span class='ocrx_word' id='word_1_883' title='bbox 852 5651 1127 5722; x_wconf 71' lang='grc' dir='ltr'>ἀμορφίας</span> <span class='ocrx_word' id='word_1_884' title='bbox 1157 5651 1304 5704; x_wconf 71' lang='grc' dir='ltr'>ἐστὶν</span> <span class='ocrx_word' id='word_1_885' title='bbox 1327 5653 1370 5721; x_wconf 78' lang='grc' dir='ltr'><strong>’ὴ</strong></span> <span class='ocrx_word' id='word_1_886' title='bbox 1404 5648 1502 5722; x_wconf 86' lang='grc' dir='ltr'><strong>ὕλη</strong></span> <span class='ocrx_word' id='word_1_887' title='bbox 1521 5690 1533 5712; x_wconf 93' lang='grc'><strong>,</strong></span> <span class='ocrx_word' id='word_1_888' title='bbox 1563 5649 1713 5702; x_wconf 75' lang='grc' dir='ltr'><strong>οὐδέ⁴</strong></span> 
     </span>
    </p>
   </div>
   <div class='ocr_carea' id='block_1_104' title="bbox 215 5781 656 5858">
    <p class='ocr_par' dir='ltr' id='par_1_104' title="bbox 215 5781 656 5858">
     <span class='ocr_line' id='line_1_104' title="bbox 215 5781 656 5858; baseline -0.009 -20"><span class='ocrx_word' id='word_1_889' title='bbox 215 5784 255 5818; x_wconf 72' lang='grc'><strong>⁸⁸</strong></span> <span class='ocrx_word' id='word_1_890' title='bbox 437 5786 504 5854; x_wconf 74' lang='grc' dir='ltr'>τῇ</span> <span class='ocrx_word' id='word_1_891' title='bbox 537 5781 656 5858; x_wconf 83' lang='grc' dir='ltr'>ὕλῃ.</span> 
     </span>
    </p>
   </div>
   <div class='ocr_carea' id='block_1_105' title="bbox 1822 4726 3404 4798">
    <p class='ocr_par' dir='ltr' id='par_1_105' title="bbox 1822 4726 3404 4798">
     <span class='ocr_line' id='line_1_105' title="bbox 1822 4726 3404 4798; baseline -0.004 -15"><span class='ocrx_word' id='word_1_892' title='bbox 1822 4738 2046 4798; x_wconf 80' lang='lat' dir='ltr'><strong>propter</strong></span> <span class='ocrx_word' id='word_1_893' title='bbox 2076 4727 2330 4784; x_wconf 81' lang='lat' dir='ltr'><strong>formam.</strong></span> <span class='ocrx_word' id='word_1_894' title='bbox 2363 4727 2480 4780; x_wconf 88' lang='lat' dir='ltr'><strong>Erit</strong></span> <span class='ocrx_word' id='word_1_895' title='bbox 2511 4742 2642 4794; x_wconf 68' lang='lat' dir='ltr'><strong>ergo</strong></span> <span class='ocrx_word' id='word_1_896' title='bbox 2693 4726 2922 4779; x_wconf 88' lang='lat' dir='ltr'><strong>materia</strong></span> <span class='ocrx_word' id='word_1_897' title='bbox 2950 4741 3046 4793; x_wconf 90' lang='lat' dir='ltr'><strong>per</strong></span> <span class='ocrx_word' id='word_1_898' title='bbox 3080 4742 3137 4778; x_wconf 88' lang='lat' dir='ltr'><strong>se</strong></span> <span class='ocrx_word' id='word_1_899' title='bbox 3185 4726 3404 4793; x_wconf 87' lang='lat' dir='ltr'><strong>quidem</strong></span> 
     </span>
    </p>
   </div>
   <div class='ocr_carea' id='block_1_106' title="bbox 1824 4818 3406 4890">
    <p class='ocr_par' dir='ltr' id='par_1_106' title="bbox 1824 4818 3406 4890">
     <span class='ocr_line' id='line_1_106' title="bbox 1824 4818 3406 4890; baseline -0.003 -16"><span class='ocrx_word' id='word_1_900' title='bbox 1824 4837 2104 4890; x_wconf 87' lang='lat' dir='ltr'><strong>nunquam</strong></span> <span class='ocrx_word' id='word_1_901' title='bbox 2145 4837 2281 4887; x_wconf 90' lang='lat' dir='ltr'><strong>ens;</strong></span> <span class='ocrx_word' id='word_1_902' title='bbox 2327 4836 2422 4890; x_wconf 87' lang='lat' dir='ltr'><strong>per</strong></span> <span class='ocrx_word' id='word_1_903' title='bbox 2472 4818 2729 4874; x_wconf 81' lang='lat' dir='ltr'><strong>accidens</strong></span> <span class='ocrx_word' id='word_1_904' title='bbox 2775 4826 2955 4873; x_wconf 90' lang='lat' dir='ltr'><strong>autem</strong></span> <span class='ocrx_word' id='word_1_905' title='bbox 3001 4833 3218 4886; x_wconf 86' lang='lat' dir='ltr'><strong>semper</strong></span> <span class='ocrx_word' id='word_1_906' title='bbox 3259 4833 3406 4870; x_wconf 87' lang='lat' dir='ltr'><strong>nunc</strong></span> 
     </span>
    </p>
   </div>
   <div class='ocr_carea' id='block_1_107' title="bbox 1823 4910 3409 4984">
    <p class='ocr_par' dir='ltr' id='par_1_107' title="bbox 1823 4910 3409 4984">
     <span class='ocr_line' id='line_1_107' title="bbox 1823 4910 3409 4984; baseline -0.003 -18"><span class='ocrx_word' id='word_1_907' title='bbox 1823 4914 2044 4984; x_wconf 86' lang='lat' dir='ltr'><strong>quidem</strong></span> <span class='ocrx_word' id='word_1_908' title='bbox 2076 4928 2186 4967; x_wconf 90' lang='lat' dir='ltr'><strong>non</strong></span> <span class='ocrx_word' id='word_1_909' title='bbox 2226 4929 2348 4975; x_wconf 86' lang='lat' dir='ltr'><strong>ens,</strong></span> <span class='ocrx_word' id='word_1_910' title='bbox 2388 4927 2539 4968; x_wconf 84' lang='lat' dir='ltr'><strong>nunc</strong></span> <span class='ocrx_word' id='word_1_911' title='bbox 2579 4921 2758 4966; x_wconf 90' lang='lat' dir='ltr'><strong>autem</strong></span> <span class='ocrx_word' id='word_1_912' title='bbox 2803 4927 2923 4965; x_wconf 90' lang='lat' dir='ltr'><strong>ens.</strong></span> <span class='ocrx_word' id='word_1_913' title='bbox 2957 4910 3242 4976; x_wconf 83' lang='lat' dir='ltr'><strong>Quomodo</strong></span> <span class='ocrx_word' id='word_1_914' title='bbox 3279 4928 3409 4979; x_wconf 75' lang='lat' dir='ltr'><strong>ergo</strong></span> 
     </span>
    </p>
   </div>
   <div class='ocr_carea' id='block_1_108' title="bbox 1819 5002 3408 5076">
    <p class='ocr_par' dir='ltr' id='par_1_108' title="bbox 1819 5002 3408 5076">
     <span class='ocr_line' id='line_1_108' title="bbox 1819 5002 3408 5076; baseline -0.002 -16"><span class='ocrx_word' id='word_1_915' title='bbox 1819 5023 1928 5062; x_wconf 84' lang='lat' dir='ltr'><strong>non</strong></span> <span class='ocrx_word' id='word_1_916' title='bbox 1977 5005 2276 5062; x_wconf 85' lang='lat' dir='ltr'><strong>absurdum</strong></span> <span class='ocrx_word' id='word_1_917' title='bbox 2321 5014 2407 5061; x_wconf 90' lang='lat' dir='ltr'><strong>est</strong></span> <span class='ocrx_word' id='word_1_918' title='bbox 2459 5004 2850 5076; x_wconf 83' lang='lat' dir='ltr'><strong>propemodum</strong></span> <span class='ocrx_word' id='word_1_919' title='bbox 2903 5015 2956 5059; x_wconf 91' lang='lat' dir='ltr'><strong>et</strong></span> <span class='ocrx_word' id='word_1_920' title='bbox 3001 5002 3408 5074; x_wconf 84' lang='lat' dir='ltr'><strong>quodammodo</strong></span> 
     </span>
    </p>
   </div>
   <div class='ocr_carea' id='block_1_109' title="bbox 1819 5088 3411 5172">
    <p class='ocr_par' dir='ltr' id='par_1_109' title="bbox 1819 5088 3411 5172">
     <span class='ocr_line' id='line_1_109' title="bbox 1819 5088 3411 5172; baseline -0.003 -18"><span class='ocrx_word' id='word_1_921' title='bbox 1819 5088 2199 5154; x_wconf 77' lang='lat' dir='ltr'><strong>substantiam</strong></span> <span class='ocrx_word' id='word_1_922' title='bbox 2227 5097 2413 5153; x_wconf 89' lang='lat' dir='ltr'><strong>dicere</strong></span> <span class='ocrx_word' id='word_1_923' title='bbox 2449 5097 2499 5151; x_wconf 93' lang='lat' dir='ltr'><strong>id</strong></span> <span class='ocrx_word' id='word_1_924' title='bbox 2535 5097 2679 5167; x_wconf 90' lang='lat' dir='ltr'><strong>quod</strong></span> <span class='ocrx_word' id='word_1_925' title='bbox 2724 5113 2819 5172; x_wconf 89' lang='lat' dir='ltr'><strong>per</strong></span> <span class='ocrx_word' id='word_1_926' title='bbox 2866 5114 2924 5152; x_wconf 87' lang='lat' dir='ltr'><strong>se</strong></span> <span class='ocrx_word' id='word_1_927' title='bbox 2955 5113 3236 5167; x_wconf 79' lang='lat' dir='ltr'><strong>nunquam</strong></span> <span class='ocrx_word' id='word_1_928' title='bbox 3279 5099 3411 5162; x_wconf 74' lang='lat' dir='ltr'><strong>est?</strong></span> 
     </span>
    </p>
   </div>
   <div class='ocr_carea' id='block_1_110' title="bbox 1823 5175 3410 5257">
    <p class='ocr_par' dir='ltr' id='par_1_110' title="bbox 1823 5175 3410 5257">
     <span class='ocr_line' id='line_1_110' title="bbox 1823 5175 3410 5257; baseline -0.002 -11"><span class='ocrx_word' id='word_1_929' title='bbox 1823 5191 1882 5246; x_wconf 92' lang='lat' dir='ltr'><strong>Si</strong></span> <span class='ocrx_word' id='word_1_930' title='bbox 1916 5175 2063 5248; x_wconf 87' lang='lat' dir='ltr'><strong>aliud</strong></span> <span class='ocrx_word' id='word_1_931' title='bbox 2112 5199 2195 5246; x_wconf 87' lang='lat' dir='ltr'><strong>est</strong></span> <span class='ocrx_word' id='word_1_932' title='bbox 2239 5191 2526 5245; x_wconf 90' lang='lat' dir='ltr'><strong>materiam</strong></span> <span class='ocrx_word' id='word_1_933' title='bbox 2559 5205 2682 5244; x_wconf 85' lang='lat' dir='ltr'><strong>esse</strong></span> <span class='ocrx_word' id='word_1_934' title='bbox 2727 5199 2782 5244; x_wconf 92' lang='lat' dir='ltr'><strong>et</strong></span> <span class='ocrx_word' id='word_1_935' title='bbox 2817 5189 2966 5242; x_wconf 86' lang='lat' dir='ltr'><strong>aliud</strong></span> <span class='ocrx_word' id='word_1_936' title='bbox 3007 5190 3242 5257; x_wconf 89' lang='lat' dir='ltr'><strong>alicujus</strong></span> <span class='ocrx_word' id='word_1_937' title='bbox 3285 5205 3410 5244; x_wconf 84' lang='lat' dir='ltr'><strong>esse</strong></span> 
     </span>
    </p>
   </div>
   <div class='ocr_carea' id='block_1_111' title="bbox 1823 5282 3410 5352">
    <p class='ocr_par' dir='ltr' id='par_1_111' title="bbox 1823 5282 3410 5352">
     <span class='ocr_line' id='line_1_111' title="bbox 1823 5282 3410 5352; baseline -0.003 -13"><span class='ocrx_word' id='word_1_938' title='bbox 1823 5284 2134 5348; x_wconf 79' lang='lat' dir='ltr'><strong>materiam,</strong></span> <span class='ocrx_word' id='word_1_939' title='bbox 2171 5298 2238 5337; x_wconf 87' lang='lat' dir='ltr'><strong>ac</strong></span> <span class='ocrx_word' id='word_1_940' title='bbox 2282 5283 2529 5337; x_wconf 81' lang='lat' dir='ltr'><strong>materia:</strong></span> <span class='ocrx_word' id='word_1_941' title='bbox 2578 5282 2800 5352; x_wconf 86' lang='lat' dir='ltr'><strong>quidem</strong></span> <span class='ocrx_word' id='word_1_942' title='bbox 2852 5298 2960 5335; x_wconf 92' lang='lat' dir='ltr'><strong>non</strong></span> <span class='ocrx_word' id='word_1_943' title='bbox 3013 5282 3198 5347; x_wconf 87' lang='lat' dir='ltr'><strong>datur,</strong></span> <span class='ocrx_word' id='word_1_944' title='bbox 3248 5292 3308 5336; x_wconf 92' lang='lat' dir='ltr'><strong>ut</strong></span> <span class='ocrx_word' id='word_1_945' title='bbox 3339 5283 3410 5334; x_wconf 88' lang='lat' dir='ltr'><strong>sit</strong></span> 
     </span>
    </p>
   </div>
   <div class='ocr_carea' id='block_1_112' title="bbox 1822 5371 3410 5443">
    <p class='ocr_par' dir='ltr' id='par_1_112' title="bbox 1822 5371 3410 5443">
     <span class='ocr_line' id='line_1_112' title="bbox 1822 5371 3410 5443; baseline -0.004 -15"><span class='ocrx_word' id='word_1_946' title='bbox 1822 5371 2059 5443; x_wconf 86' lang='lat' dir='ltr'><strong>alicujus</strong></span> <span class='ocrx_word' id='word_1_947' title='bbox 2092 5373 2344 5435; x_wconf 90' lang='lat' dir='ltr'><strong>materia,</strong></span> <span class='ocrx_word' id='word_1_948' title='bbox 2379 5381 2439 5426; x_wconf 92' lang='lat' dir='ltr'><strong>ut</strong></span> <span class='ocrx_word' id='word_1_949' title='bbox 2467 5381 2647 5426; x_wconf 88' lang='lat' dir='ltr'><strong>autem</strong></span> <span class='ocrx_word' id='word_1_950' title='bbox 2688 5374 2802 5443; x_wconf 90' lang='lat' dir='ltr'><strong>ipsa</strong></span> <span class='ocrx_word' id='word_1_951' title='bbox 2840 5372 2910 5426; x_wconf 90' lang='lat' dir='ltr'><strong>sit</strong></span> <span class='ocrx_word' id='word_1_952' title='bbox 2951 5372 3199 5432; x_wconf 89' lang='lat' dir='ltr'><strong>materia,</strong></span> <span class='ocrx_word' id='word_1_953' title='bbox 3233 5371 3281 5423; x_wconf 89' lang='lat' dir='ltr'><strong>ei</strong></span> <span class='ocrx_word' id='word_1_954' title='bbox 3314 5371 3410 5423; x_wconf 83' lang='lat' dir='ltr'><strong>da-</strong></span> 
     </span>
    </p>
   </div>
   <div class='ocr_carea' id='block_1_113' title="bbox 1819 5463 3408 5536">
    <p class='ocr_par' dir='ltr' id='par_1_113' title="bbox 1819 5463 3408 5536">
     <span class='ocr_line' id='line_1_113' title="bbox 1819 5463 3408 5536; baseline -0.006 -16"><span class='ocrx_word' id='word_1_955' title='bbox 1819 5475 1943 5533; x_wconf 90' lang='lat' dir='ltr'><strong>tur;</strong></span> <span class='ocrx_word' id='word_1_956' title='bbox 1976 5464 2080 5521; x_wconf 75' lang='lat' dir='ltr'><strong>erit</strong></span> <span class='ocrx_word' id='word_1_957' title='bbox 2107 5480 2238 5536; x_wconf 75' lang='lat' dir='ltr'><strong>ergo</strong></span> <span class='ocrx_word' id='word_1_958' title='bbox 2269 5465 2498 5518; x_wconf 86' lang='lat' dir='ltr'><strong>materia</strong></span> <span class='ocrx_word' id='word_1_959' title='bbox 2526 5478 2625 5520; x_wconf 85' lang='lat' dir='ltr'><strong>ens</strong></span> <span class='ocrx_word' id='word_1_960' title='bbox 2655 5474 2706 5520; x_wconf 88' lang='lat' dir='ltr'><strong>et</strong></span> <span class='ocrx_word' id='word_1_961' title='bbox 2741 5480 2849 5518; x_wconf 86' lang='lat' dir='ltr'><strong>non</strong></span> <span class='ocrx_word' id='word_1_962' title='bbox 2879 5479 3013 5528; x_wconf 84' lang='lat' dir='ltr'><strong>ens;</strong></span> <span class='ocrx_word' id='word_1_963' title='bbox 3051 5465 3158 5516; x_wconf 82' lang='lat' dir='ltr'><strong>ens</strong></span> <span class='ocrx_word' id='word_1_964' title='bbox 3187 5463 3408 5530; x_wconf 71' lang='lat' dir='ltr'><strong>quidem</strong></span> 
     </span>
    </p>
   </div>
   <div class='ocr_carea' id='block_1_114' title="bbox 1820 5555 3407 5630">
    <p class='ocr_par' dir='ltr' id='par_1_114' title="bbox 1820 5555 3407 5630">
     <span class='ocr_line' id='line_1_114' title="bbox 1820 5555 3407 5630; baseline -0.003 -18"><span class='ocrx_word' id='word_1_965' title='bbox 1820 5560 1949 5628; x_wconf 77' lang='lat' dir='ltr'><strong>quia</strong></span> <span class='ocrx_word' id='word_1_966' title='bbox 1980 5558 2209 5612; x_wconf 85' lang='lat' dir='ltr'><strong>materia</strong></span> <span class='ocrx_word' id='word_1_967' title='bbox 2233 5575 2248 5624; x_wconf 92' lang='lat'><strong>;</strong></span> <span class='ocrx_word' id='word_1_968' title='bbox 2272 5572 2380 5612; x_wconf 87' lang='lat' dir='ltr'><strong>non</strong></span> <span class='ocrx_word' id='word_1_969' title='bbox 2408 5571 2508 5614; x_wconf 88' lang='lat' dir='ltr'><strong>ens</strong></span> <span class='ocrx_word' id='word_1_970' title='bbox 2539 5555 2743 5623; x_wconf 64' lang='lat' dir='ltr'><strong>autem,</strong></span> <span class='ocrx_word' id='word_1_971' title='bbox 2768 5559 2893 5630; x_wconf 86' lang='lat' dir='ltr'><strong>quia</strong></span> <span class='ocrx_word' id='word_1_972' title='bbox 2921 5572 3027 5610; x_wconf 89' lang='lat' dir='ltr'><strong>non</strong></span> <span class='ocrx_word' id='word_1_973' title='bbox 3057 5563 3140 5610; x_wconf 85' lang='lat' dir='ltr'><strong>est</strong></span> <span class='ocrx_word' id='word_1_974' title='bbox 3175 5555 3407 5621; x_wconf 61' lang='lat' dir='ltr'><strong>ailClljll:</strong></span> 
     </span>
    </p>
   </div>
   <div class='ocr_carea' id='block_1_115' title="bbox 1821 5646 3408 5717">
    <p class='ocr_par' dir='ltr' id='par_1_115' title="bbox 1821 5646 3408 5717">
     <span class='ocr_line' id='line_1_115' title="bbox 1821 5646 3408 5717; baseline -0.001 -14"><span class='ocrx_word' id='word_1_975' title='bbox 1821 5650 2074 5703; x_wconf 86' lang='lat' dir='ltr'><strong>materia.</strong></span> <span class='ocrx_word' id='word_1_976' title='bbox 2112 5646 2218 5704; x_wconf 85' lang='lat' dir='ltr'><strong>Sed</strong></span> <span class='ocrx_word' id='word_1_977' title='bbox 2260 5651 2304 5705; x_wconf 88' lang='lat' dir='ltr'><strong>si</strong></span> <span class='ocrx_word' id='word_1_978' title='bbox 2338 5651 2572 5704; x_wconf 85' lang='lat' dir='ltr'><strong>materia</strong></span> <span class='ocrx_word' id='word_1_979' title='bbox 2603 5650 2809 5704; x_wconf 88' lang='lat' dir='ltr'><strong>nullius</strong></span> <span class='ocrx_word' id='word_1_980' title='bbox 2842 5649 3066 5703; x_wconf 81' lang='lat' dir='ltr'><strong>materia</strong></span> <span class='ocrx_word' id='word_1_981' title='bbox 3093 5655 3197 5714; x_wconf 84' lang='lat' dir='ltr'><strong>est,</strong></span> <span class='ocrx_word' id='word_1_982' title='bbox 3233 5665 3408 5717; x_wconf 81' lang='lat' dir='ltr'><strong>nequc</strong></span> 
     </span>
    </p>
   </div>
   <div class='ocr_carea' id='block_1_116' title="bbox 214 5898 1721 5979">
    <p class='ocr_par' dir='ltr' id='par_1_116' title="bbox 214 5901 1721 5979">
     <span class='ocr_line' id='line_1_116' title="bbox 214 5901 1721 5979; baseline 0.001 -25"><span class='ocrx_word' id='word_1_983' title='bbox 214 5901 314 5973; x_wconf 76' lang='grc' dir='ltr'><strong>(7οὶ</strong></span> <span class='ocrx_word' id='word_1_984' title='bbox 363 5902 812 5969; x_wconf 72' lang='grc' dir='ltr'>Ὑποκειμένοις.</span> <span class='ocrx_word' id='word_1_985' title='bbox 855 5904 982 5979; x_wconf 76' lang='lat' dir='ltr'><strong>ch.</strong></span> <span class='ocrx_word' id='word_1_986' title='bbox 1023 5904 1405 5976; x_wconf 81' lang='grc' dir='ltr'>ὑποκειμένης,</span> <span class='ocrx_word' id='word_1_987' title='bbox 1443 5905 1606 5976; x_wconf 86' lang='lat' dir='ltr'><strong>idque</strong></span> <span class='ocrx_word' id='word_1_988' title='bbox 1648 5901 1721 5958; x_wconf 85' lang='lat' dir='ltr'><strong>lnt</strong></span> 
     </span>
    </p>
   </div>
   <div class='ocr_carea' id='block_1_117' title="bbox 1826 5898 2364 5979">
    <p class='ocr_par' dir='ltr' id='par_1_117' title="bbox 1826 5898 2364 5957">
     <span class='ocr_line' id='line_1_117' title="bbox 1826 5898 2364 5957; baseline 0.004 -6"><span class='ocrx_word' id='word_1_989' title='bbox 1826 5908 1980 5957; x_wconf 67' lang='lat' dir='ltr'><strong>iretes</strong></span> <span class='ocrx_word' id='word_1_990' title='bbox 2009 5898 2183 5954; x_wconf 81' lang='lat' dir='ltr'><strong>secuti</strong></span> <span class='ocrx_word' id='word_1_991' title='bbox 2219 5906 2364 5954; x_wconf 76' lang='lat' dir='ltr'><strong>sunt.</strong></span> 
     </span>
    </p>
   </div>
  </div>
