4104 6454
671 406 695 463 1
707 403 813 462 απ

1439 393 1809 457 ΔΡΡΕΙΦΙΧ.
1847 407 1917 441 -—'-
1955 391 2138 453 PARS
2175 392 2217 452 Ι.
2256 393 2316 452 8.
2357 389 2626 450 JUSTINI
2661 381 2892 448 OPERA
2928 388 3202 454 SPURIA.

3803 389 3944 445 ιεω

665 532 799 593 σεο
831 514 1185 573 informitatis
1214 514 1442 572 materia
1477 522 1584 571 est.
1615 514 1715 570 Sin
1759 522 1945 570 autem
1989 512 2238 569 informi-

2347 527 2478 565 ποτε
2505 510 2616 582 ἄρα
2641 506 2712 579 ἦν
2739 511 2776 582 ἠ
2803 508 2934 580 ὕλη,
3029 507 3131 577 ὕλη
3155 544 3170 569 ,
3199 504 3313 558 ἀλλ’
3342 504 3432 558 ἀεὶ
3460 503 3606 568 τινὸς
3643 503 3788 576 ὕλη,
3812 507 3943 560 ποτὲ

663 611 795 666 tatis
843 602 1089 663 materia’
1113 615 1236 675 est,
1268 622 1552 677 nunquam
1597 604 1850 678 profecto
1891 607 2118 662 materia
2159 614 2238 662 esl

2352 605 2454 676 μὲν
2495 604 2598 674 τῆς
2637 601 2943 674 ἀμορφίας,
2973 601 3104 654 ποτὲ
3127 599 3185 653 δὲ
3211 600 3309 670 τῆς
3339 598 3579 670 μορφῆς.
3611 601 3740 652 Ὅτι
3786 599 3846 653 δέ
3886 605 3942 653 τε

663 709 939 773 quatenus
993 701 1247 764 materia,
1295 699 1391 755 sed
1440 711 1657 770 semper
1704 697 1942 768 alicujus
1993 697 2244 764 materia,

666 805 813 845 nunc
844 790 1066 860 quidem
1087 788 1467 855 informitatis,
1501 804 1654 844 nunc
1677 799 1859 844 autem
1891 786 2097 844 forma.
2127 788 2246 843 Ali-

663 884 798 955 quid
835 892 1019 940 autem
1058 899 1182 940 esse
1228 873 1748 950 informitatem,'e1
1790 897 1857 938 eo
1893 881 2244 938 manifestum

661 987 768 1043 est,
806 977 953 1047 quod
1000 977 1180 1047 posita
1210 975 1377 1030 fuerit
1416 991 1605 1031 eorum
1631 1016 1646 1041 ,
1680 991 1802 1046 qua:
1845 974 2001 1041 ﬁunt,
2040 975 2248 1045 princi-

662 1065 836 1135 pium.
869 1064 978 1120 Sed
1002 1066 1050 1120 si
1084 1066 1200 1120 haec
1229 1067 1304 1118 ita
1343 1079 1403 1120 se
1438 1065 1663 1130 habent,
1696 1078 1976 1134 nunquam
2002 1062 2247 1134 profecto

662 1158 896 1211 materia
923 1173 1023 1214 ens
1052 1174 1163 1213 non
1184 1165 1290 1223 est,
1312 1159 1407 1213 sed
1431 1173 1645 1229 semper
1665 1171 1763 1214 ens
1793 1165 1900 1222 est,
1932 1158 2094 1213 modo
2120 1157 2246 1228 qui-

663 1249 788 1304 dem
823 1250 1078 1317 infame,
1113 1252 1276 1307 modo
1318 1262 1500 1307 autem
1529 1251 1704 1307 forma
1732 1252 2020 1323 prmditum
2054 1267 2067 1302 :
2099 1253 2245 1309 unde

661 1350 718 1398 et
767 1358 984 1413 semper
1035 1345 1238 1415 genita.
1293 1342 1351 1397 Si
1397 1351 1578 1413 potest
1638 1347 1864 1400 materia
1916 1353 2243 1401 coaeternam

663 1449 818 1490 suam
850 1435 1087 1504 abjieere
1113 1435 1524 1499 informitatem,
1550 1445 1729 1506 potest
1751 1436 1996 1508 profecto
2017 1447 2070 1494 et
2103 1443 2245 1494 cete-

663 1535 875 1580 ternam
929 1539 1085 1582 suam
1144 1527 1384 1595 alijicere
1439 1527 1926 1598 ingeneratiouem.
1984 1529 2140 1596 Quod
2195 1530 2242 1586 si

661 1620 847 1683 minus
875 1618 1203 1686 secundum,
1249 1634 1427 1690 neque
1469 1619 1636 1675 etiam
1683 1621 1929 1691 profecto
1982 1623 2239 1691 primum.

661 1709 949 1777 Quomodo
971 1726 1104 1784 ergo
1133 1711 1190 1766 fit
1221 1713 1273 1766 id
1306 1711 1451 1781 quod
1497 1714 1555 1766 llt
1585 1727 1653 1767 ex
1687 1714 1938 1776 materia,
1969 1729 2093 1767 cum
2124 1728 2236 1767 ma.

661 1806 798 1859 teria
842 1813 1171 1861 coaeternam
1204 1821 1360 1860 suam
1393 1821 1502 1860 non
1550 1805 1774 1876 abjieiat
1801 1804 2242 1861 informitatem?

2348 700 2500 752 ἔστιν
2525 698 2562 768 ή
2592 694 2840 768 ἀμορφία
2860 736 2875 761 ,
2906 693 3064 764 δῆλον
3104 692 3166 757 ἐξ
3189 687 3252 747 οὕ
3293 691 3456 762 ἐτέθη
3483 691 3631 763 ἀρχὴ
3659 687 3809 745 εἶναι
3833 692 3945 747 τῶν

2347 790 2712 862 γιγνομένων.
2744 787 2884 841 Ἀλλ’
2911 789 2960 840 si
2988 785 3162 840 ταῦτα
3185 784 3361 848 οὕτε-κ
3388 784 3526 856 ἔχει,
3544 784 3815 838 οὐδέποτε
3835 787 3941 858 ιρι

2347 883 2448 937 οὐκ
2466 881 2527 935 ὂν
2553 877 2697 934 εἶναι
2720 881 2764 912 ¹⁸
2785 879 2884 952 τὴν
2909 879 3066 952 ὕληψ
3099 879 3212 933 ἀλλ’
3241 879 3289 931 εἰ
3321 879 3365 910 ³⁸
3384 879 3444 933 ὃν
3471 874 3637 944 εἶναι,
3669 880 3812 936 ποτὶ
3844 883 3944 954 μὲν

2347 975 2620 1047 ἄμορφον,
2637 974 2770 1027 ποτὲ
2788 973 2844 1026 δι
2871 975 3330 1045 μεμορφωμένην·
3348 971 3429 1026 διὸ
3451 973 3546 1026 καὶ
3579 973 3673 1027 ἀεῖ
3708 976 3938 1044 γενητή.

2347 1069 2411 1122 Et
2450 1067 2676 1121 δύναται
2723 1068 2780 1138 ἡΔ
2808 1066 2908 1136 ὕλη
2953 1065 3051 1137 τὴν
3098 1065 3382 1138 συναῒδιον)
3407 1066 3581 1138 αὐτῆς
3634 1052 3942 1123 Makki

2346 1160 2648 1232 ἀμορφίαν,
2669 1158 2894 1212 δύναται
2922 1157 3030 1230 ἄρα
3059 1158 3153 1212 καὶ
3179 1158 3278 1229 τὴν
3308 1157 3581 1214 συναϊδιον
3603 1160 3783 1231 αὐτῆς
3813 1159 3940 1214 ἀπο-

2347 1252 2532 1306 ϐαλεῖν
2558 1251 2874 1322 ἀγενησίαν.
2894 1252 2958 1304 Εἰ
2985 1250 3042 1303 δὲ
3077 1249 3152 1322 μὴ
3193 1251 3256 1306 τὸ
3297 1250 3571 1323 δεύτερον,
3593 1251 3711 1306 οὐδ’
3737 1253 3856 1322 ἀρα
3883 1256 3942 1324 τὸ

2347 1347 2582 1423 πρῶτον.
2604 1344 2728 1408 Πῶς
2745 1340 2840 1398 οὖν
2858 1345 3105 1417 γίγνεται
3125 1346 3186 1398 τὸ
3212 1347 3531 1416 γιγνόμενον
3559 1345 3625 1399 ἐκ
3652 1346 3762 1415 τῆς
3783 1344 3939 1418 ὕλης,

2343 1439 2445 1509 τῆς
2475 1438 2608 1509 ὕλης
2635 1439 2732 1510 τὴν
2771 1437 3042 1492 ωναῖδιον
3076 1438 3249 1508 αὐτῆς
3273 1438 3549 1510 ἀμορφίαν
3584 1440 3660 1509 μὴ
3690 1439 3939 1493 ἀποϐαλ-

2344 1531 2609 1603 λομένης;
2656 1533 2720 1585 Et
2750 1531 2940 1602 ὥσπερ
2965 1533 2996 1585 ὁ
3023 1531 3224 1604 τρόπος
3250 1530 3351 1602 τῆς
3379 1531 3521 1585 κατὰ
3550 1531 3644 1585 τὸν
3690 1533 3941 1602 Ἀριστο-

2341 1624 2505 1696 τέλην
2531 1625 2747 1696 τριάδος
2774 1624 2960 1696 ἕτερός
2985 1626 3104 1679 ἔστι
3134 1626 3284 1697 παρά
3313 1624 3405 1678 τὸν
3433 1623 3635 1696 τρόπον
3660 1622 3768 1696 τῆς
3795 1627 3941 1678 κατά

2344 1716 2609 1772 Πλάτωνα
2636 1718 2872 1790 τριάδος,
2893 1716 3037 1772 οὕτω
3064 1720 3162 1772 καὶ
3193 1720 3227 1789 ή
3256 1719 3414 1790 τριάς
3441 1718 3634 1788 ἑτέρω
3669 1719 3794 1781 πῶς
3841 1719 3940 1771 οὐκ

2342 1811 2493 1865 ἔστιν
2524 1810 2668 1884 ἀρχὴ
2696 1810 2807 1864 τῶν
2852 1811 3190 1882 γιγνομένων
3237 1813 3271 1882 ἡ
3313 1811 3472 1875 ἑξὰς,
3522 1810 3638 1864 ἀλλ’
3669 1813 3708 1881 ἠ
3740 1810 3940 1881 τριάςς

661 1893 815 1958 Si,ut
848 1896 1043 1951 modus
1064 1896 1436 1952 Aristoteliam
1456 1897 1651 1952 triadis
1675 1895 1856 1951 differt
1886 1911 1916 1950 a
1946 1896 2238 1951 Platonica:

2340 1902 2451 1956 Καὶ
2494 1905 2543 1955 sl
2594 1905 2629 1974 ή
2673 1903 2833 1973 τριάς
2875 1904 2976 1974 οὐχ
3021 1903 3226 1974 ἑτέρα,
3280 1902 3402 1967 πῶς
3441 1905 3471 1957 ὁ
3510 1903 3718 1974 τρόπος
3765 1903 3940 1971 αὐτῆς

660 1987 853 2042 triadis
875 1988 1060 2056 modo,
1091 1989 1164 2043 ita
1187 1997 1240 2044 et
1266 1990 1402 2044 trias
1429 1990 1681 2045 diversa:
1712 1989 1988 2059 quomodo
2018 2004 2127 2044 non
2150 1999 2236 2046 est

2320 1977 2533 2068 ‘l‘repoc
2554 2013 2571 2061 ;

661 2080 992 2150 principium
1047 2096 1263 2151 eorum,
1314 2096 1436 2152 qua:
1477 2082 1634 2147 fiunt,
1667 2082 1845 2148 senio,
1882 2082 1977 2138 sed
2013 2082 2286 2140 trias'IEt
2346 2089 2395 2144 si
2447 2090 2586 2144 trias
2638 2103 2750 2144 non
2813 2088 3068 2145 diversa:
3123 2086 3397 2158 quomodo
3459 2085 3719 2143 diversus
3789 2087 3936 2142 illius

659 2175 890 2231 modus?

1088 2268 1140 2323 7.
1173 2269 1259 2324 Ex
1293 2273 1470 2328 eodem
1500 2276 1655 2341 libro,
1681 2276 1811 2330 ibid.

733 2381 755 2417 ι
784 2362 919 2418 Nam
950 2361 1201 2426 materia,
1237 2361 1370 2434 qua
1388 2370 1691 2434 permanet,
1713 2360 1875 2417 simul
1905 2375 2032 2416 cum
2061 2353 2238 2418 forma

656 2470 827 2511 causa
845 2465 933 2512 est
979 2470 1196 2517 eorum,
1247 2470 1369 2525 qua
1406 2455 1565 2519 ﬁunt,
1592 2455 1758 2511 veluti
1803 2461 1979 2510 mater
2004 2472 2026 2531 ;_
2066 2456 2238 2511 altera

657 2557 863 2611 autem,
902 2562 1024 2617 quae
1060 2563 1190 2619 pars
1219 2554 1303 2602 est
1350 2547 1783 2614 contrarietatis,
1813 2562 1958 2616 saepe
2002 2546 2057 2602 id
2091 2547 2239 2617 quod

656 2640 705 2695 ei
738 2639 1018 2695 malefaeit
1061 2639 1436 2694 consideranti
1471 2652 1541 2694 ne
1571 2654 1695 2693 esse
1743 2638 1966 2708 quidem
2015 2640 2242 2693 omnino

658 2732 932 2788 videatur.
965 2731 1098 2786 Nam
1131 2745 1256 2786 cum
1302 2731 1546 2786 divinum
1578 2730 1708 2802 quid
1739 2739 1793 2786 et
1838 2731 2042 2786 bonum
2073 2732 2147 2786 sit
2184 2739 2239 2786 et

655 2824 928 2893 optabile;
967 2820 1200 2877 alterum
1232 2821 1453 2892 quidem
1484 2823 1534 2877 ei
1582 2823 1918 2877 contrarium
1948 2837 2071 2878 esse
2102 2821 2243 2875 dici-

657 2919 804 2978 mus,
832 2915 1067 2971 alterum
1107 2930 1239 2970 vero
1279 2915 1354 2969 ita
1399 2919 1776 2984 comparatum
1820 2929 1964 2978 esse,
2014 2920 2073 2967 ut
2103 2911 2238 2967 illud

659 3014 856 3059 natura
889 3021 988 3060 sua
1015 3004 1292 3060 desideret
1324 3010 1379 3059 et
1419 3009 1592 3074 optet.
1628 3001 1753 3059 Istis
1782 3013 1964 3058 autem
2014 3011 2240 3059 contra-

658 3099 801 3154 rium
835 3098 1039 3163 evenit,
1059 3106 1122 3152 ut
1151 3107 1308 3154 suam
1351 3096 1526 3166 ipsius
1556 3097 1964 3166 corruptionem
1996 3101 2235 3166 appetat.

656 3194 734 3246 Ac
768 3193 854 3247 sui
883 3191 1105 3261 quidem
1137 3188 1314 3260 ipsius
1344 3188 1520 3245 forma
1559 3197 1820 3260 appetens
1846 3203 1970 3244 esse
2002 3203 2110 3243 non
2138 3204 2237 3259 po-

2742 2256 2793 2313 7.
2841 2261 2936 2316 Ἐκ
2972 2264 3080 2319 τοῦ
3106 2262 3295 2318 αὐτοῦ
3325 2263 3534 2337 λόγου·

2420 2376 2441 2411 ι
2476 2359 2542 2412 Ἦ
2573 2358 2672 2429 μὲν
2695 2358 2806 2429 γὰρ
2832 2357 3180 2428 ὑπομένουσα
3229 2356 3476 2409 συναιτία
3505 2358 3571 2426 τῇ
3608 2358 3800 2426 μορφῇ
3828 2355 3944 2408 τῶν

2343 2453 2680 2524 γιγνομένων
2708 2453 2858 2504 ἐστὶν
2883 2491 2898 2512 ,
2928 2450 3120 2521 ὥσπερ
3170 2449 3381 2520 μήτηρο
3413 2448 3449 2519 ἡ
3477 2445 3534 2500 δὲ
3562 2447 3728 2518 ἑτέρα
3769 2447 3939 2518 μοῖρα

2337 2547 2438 2617 τῆς
2481 2545 2879 2607 ἐναντιώσεως,
2912 2541 3173 2604 πολλάκις
3199 2540 3266 2595 ἃν
3295 2539 3647 2610 φαντασθείη
3674 2539 3756 2611 τῷ
3798 2539 3942 2612 πρὸ.

2340 2636 2402 2690 τὺ
2447 2636 2738 2690 κακοποιὸν
2767 2635 2939 2704 αὐτῆς
2967 2630 3267 2697 ἀτενίζοντι
3303 2631 3403 2703 τὴν
3431 2631 3674 2685 διάνοιαν
3702 2631 3830 2684 οὐδὲ
3859 2627 3937 2684 εἷ-

2342 2746 2432 2789 ναι
2461 2728 2523 2780 τὸ
2553 2728 2838 2799 παράπαν.
2872 2727 3062 2788 Ὀντος
3090 2727 3200 2797 γάρ
3226 2741 3369 2787 τινος
3413 2723 3559 2776 θείου
3590 2723 3688 2777 καὶ
3709 2709 3941 2791 ἀγαθοῦ

2342 2823 2439 2876 καὶ
2465 2820 2684 2890 ἐφετοῦ,
2716 2821 2777 2874 τὸ
2802 2821 2901 2890 μὲν
2930 2820 3172 2873 ἐναντίον
3200 2817 3347 2889 αὕτῷ
3375 2834 3554 2888 φαμεν
3582 2812 3748 2882 εἶναι,
3788 2817 3851 2869 τὸ
3878 2816 3940 2870 δὲ

2342 2913 2644 2983 πεφυκέναι
2690 2910 2936 2983 ἐφίεσθαι
2981 2913 3076 2965 καὶ⁹
3121 2909 3410 2982 ὀρέγεσθαι
3451 2907 3618 2962 αὑτοῦ
3651 2907 3802 2961 κατά
3834 2907 3940 2978 τὴν

2342 3005 2506 3076 φύσιν
2535 3003 2722 3058 αὑτοῦ.
2754 3005 2879 3067 Τοῖς
2904 3004 2960 3057 δὲ
2991 3001 3280 3074 συμϐαίνει
3309 3001 3421 3075 (71)
3450 3001 3510 3054 τὸ
3537 3001 3783 3054 ἐναντίον
3811 3001 3936 3072 opt

2341 3097 2537 3167 γεσθαι
2565 3097 2664 3168 τῆς
2708 3095 2875 3151 αὑτοῦ
2933 3096 3171 3168 φθορᾶςο
3205 3096 3386 3149 καίτοι
3425 3093 3550 3148 οὕτε
3599 3091 3772 3147 αὑτοῦ
3822 3088 3945 3145 οἷόν

2340 3207 2401 3242 τε
2430 3188 2677 3258 ἐφίεσθαι
2708 3189 2770 3241 τὸ
2809 3185 2946 3252 εἶδος
2975 3188 3062 3242 διὰ
3106 3187 3168 3240 τὸ
3200 3189 3276 3259 μὴ
3306 3184 3444 3240 εἶναι
3473 3185 3685 3249 ἐνδεὲς,
3714 3183 3846 3238 οὕτε
3872 3183 3940 3236 τὸ

655 3292 802 3350 test;
829 3283 1058 3337 minime
1085 3279 1232 3336 enim
1263 3289 1349 3337 est
1379 3279 1632 3350 indigens
1660 3296 1879 3350 :-neque
1906 3281 2071 3336 etiam
2104 3295 2238 3334 con-

2341 3281 2613 3335 ὲναντίονο
2663 3279 2939 3351 φθαρτικά
2977 3279 3087 3351 γὰρ
3113 3278 3360 3350 ἀλλήλων
3395 3277 3467 3332 τά
3510 3278 3758 3330 ἐναντία·
3794 3276 3937 3329 ἀλλὰ

654 3376 923 3441 trarium;
955 3389 1077 3429 sese
1110 3374 1255 3428 enim
1290 3373 1522 3428 invicem
1546 3373 1821 3427 contraria
1850 3381 2232 3443 corrumpunt;

656 3469 754 3525 sed
785 3467 841 3522 id
881 3464 1029 3537 quod
1080 3466 1290 3535 appetit
1333 3465 1562 3520 materia
1595 3472 1700 3528 est,
1745 3464 1893 3518 velut
1939 3465 1987 3519 si
2033 3463 2235 3519 femina

657 3561 988 3624 masculum,
1022 3566 1118 3614 aut
1166 3567 1326 3630 turpe
1362 3557 1651 3628 pulchrum
1703 3565 1921 3628 appetat
1953 3573 1967 3609 :
2007 3572 2108 3612 nec
2148 3564 2236 3612 ta-

656 3671 782 3710 men
814 3670 910 3726 per
962 3669 1020 3708 se
1048 3659 1232 3722 turpe,
1269 3650 1365 3708 sed
1416 3667 1514 3722 per
1569 3651 1848 3714 accidens,
1905 3665 2005 3706 nec
2037 3667 2136 3721 per
2176 3667 2235 3707 se

658 3747 880 3812 femina,
914 3746 1010 3800 sed
1044 3760 1143 3816 per
1195 3742 1454 3799 accidens
1483 3764 1496 3799 :
1543 3739 1920 3813 corrumpitur
1965 3755 2144 3798 autem
2178 3751 2236 3798 et

656 3849 966 3910 generatur;
1001 3839 1188 3909 aliquo
1214 3837 1433 3908 quidem
1460 3853 1654 3906 sensu,
1682 3838 1865 3909 aliquo
1887 3846 2068 3894 autem
2086 3853 2192 3894 non
2216 3858 2230 3894 :

654 3938 927 4002 quatenus
973 3931 1120 3985 enim
1144 3923 1286 3983 illud
1323 3936 1408 3984 est
1437 3930 1492 3983 in
1524 3944 1654 4000 quo,
1693 3945 1793 4001 per
1836 3946 1896 3986 se
1927 3931 2258 4001 corrumpi-,

656 4034 784 4091 tur;
819 4025 967 4094 quod
997 4025 1144 4080 enim
1190 4024 1250 4078 in
1291 4038 1356 4079 ea
1386 4023 1780 4095 corrumpitur,
1825 4024 2060 4095 privatio
2106 4033 2230 4081 est:

653 4123 928 4188 quatenus
955 4125 1136 4171 autem
1169 4115 1238 4171 ad
1266 4116 1376 4170 vim
1409 4124 1462 4172 et
1503 4124 1852 4187 potestatem,
1889 4133 2000 4172 non
2049 4134 2147 4189 per
2175 4134 2236 4175 se

653 4211 1054 4281 corrumpitur,
1084 4210 1179 4266 sed
1205 4209 1681 4280 ineorruptibilem
1720 4220 1774 4267 et
1807 4212 2104 4282 ingenitam
2138 4227 2234 4268 ne-

652 4292 808 4360 cesse
824 4311 908 4358 est
929 4317 1048 4357 eam
1063 4318 1204 4358 esse.
1229 4300 1358 4358 Sive
1371 4302 1517 4358 enim
1534 4303 1665 4373 quid
1682 4313 1994 4372 generetur,
2010 4320 2235 4378 necesse

650 4405 737 4453 est
768 4396 922 4467 prius
953 4394 1161 4465 aliquid
1193 4391 1352 4465 557
1387 4394 1607 4464 subjici,
1637 4409 1704 4449 ex
1734 4411 1843 4465 quo
1872 4396 2039 4451 insito
2070 4412 2233 4468 gene-

653 4498 844 4556 retur;
877 4487 1011 4541 illud
1055 4493 1237 4542 autem
1279 4497 1362 4542 est
1395 4487 1512 4556 ipsa
1543 4494 1760 4542 natura.
1793 4488 1974 4554 Quare
2004 4491 2107 4544 erit
2136 4505 2235 4543 an-

654 4591 874 4650 tequam
915 4577 1027 4632 fiat.
1069 4576 1196 4633 Dico
1226 4577 1372 4631 enim
1408 4578 1693 4632 materiam
1716 4592 1840 4632 esse
1863 4581 2095 4648 primum
2125 4581 2236 4635 cui-

2338 3375 2498 3431 τοῦτό
2541 3377 2689 3429 ἐστιν
2715 3377 2748 3446 ἡ
2783 3375 2882 3445 ὕλη
2907 3414 2923 3439 ,
2968 3371 3160 3444 ὥσπερ
3190 3370 3256 3426 ἂν
3284 3371 3334 3424 εί
3363 3369 3498 3441 θῆλυ
3529 3369 3802 3442 ἄρρενος,
3838 3373 3936 3422 καὶ

2337 3471 2564 3544 αἰσχρὸν
2583 3468 2749 3524 καλοῦ
2767 3486 2780 3499 ο
2813 3467 2953 3538 πλὴν
2971 3467 3033 3520 οὐ
3055 3464 3175 3521 καθ’
3202 3463 3338 3518 αὐτὸ
3359 3460 3606 3533 αἰσχρὸν,
3627 3459 3768 3514 ἀλλά
3787 3462 3936 3515 κατὰ

2339 3564 2705 3636 συμϐεϐηκὸς,
2727 3563 2848 3616 οὐδὲ
2869 3562 3025 3632 θῆλυ,
3040 3560 3178 3615 ἀλλὰ
3202 3558 3345 3614 κατά
3373 3556 3748 3629 συμϐεϐηκόςο
3774 3556 3880 3626 φθι
3907 3588 3934 3596 -

2338 3675 2494 3731 ρεται
2523 3659 2580 3711 δὲ
2609 3658 2706 3711 καὶ
2732 3657 2964 3725 γίνεται,
2995 3654 3111 3707 ἐστι
3144 3654 3242 3724 μὲν
3263 3652 3360 3715 ὣς,
3382 3649 3498 3704 εστι
3525 3649 3584 3703 δὲ
3613 3649 3692 3713 ὣς
3717 3649 3805 3705 οὕ.
3841 3651 3933 3715 Ὣς

2340 3751 2439 3821 μὲν
2469 3750 2579 3820 γὰρ
2607 3750 2667 3803 τὸ
2697 3750 2760 3802 ὲν
2783 3743 2858 3818 ᾦ,
2892 3747 3015 3801 καθ’
3045 3747 3178 3800 αὐτὸ
3199 3746 3506 3816 φθείρεται·
3541 3744 3601 3797 τὸ
3629 3742 3742 3816 γὰρ
3772 3743 3910 3812 φθιί

2341 3844 2569 3915 ρόμενον
2599 3844 2660 3896 ὲν
2686 3843 2862 3914 τούτῳ
2891 3843 3038 3895 ἐστὶν
3063 3844 3097 3912 ἡ
3134 3840 3388 3912 στέρησις
3408 3855 3421 3868 ο
3454 3838 3530 3902 ὡς
3558 3836 3613 3891 δὲ
3646 3835 3789 3891 κατά
3836 3836 3928 3891 δύο

2337 3953 2502 4008 ναμιν
2524 3978 2541 4004 ,
2571 3935 2634 3989 οὐ
2685 3934 2806 3989 καθ’
2835 3935 2968 3997 αὐτὸ
2989 3977 3004 4001 ,
3034 3933 3169 3988 ἀλλά
3201 3932 3476 4004 ἄφθαρτον
3513 3931 3610 3985 καὶ
3657 3930 3928 4001 ἀγένητον

2335 4029 2553 4102 ἀνάγκη
2599 4030 2770 4101 αὐτὴν
2817 4025 2974 4082 εἶναι.
3008 4029 3131 4081 Εἴτε
3180 4027 3288 4098 γὰρ
3332 4026 3578 4096 ἐγίγνετο
3608 4023 3753 4095 (Ἱῖ),
3786 4025 3928 4077 ὕπο-

2336 4122 2550 4177 κεῖσθαί
2575 4139 2630 4176 τι
2657 4121 2739 4175 δεῖ
2766 4120 3003 4192 πρῶτον,
3035 4113 3096 4173 τὸ
3123 4119 3183 4184 ἐξ
3209 4113 3270 4173 οὕ
3301 4118 3698 4190 ἐνυπάρχοντος
3719 4134 3733 4148 ’
3765 4117 3928 4170 τοῦτο

2335 4215 2393 4267 δέ
2451 4216 2601 4268 ἐστιν
2655 4214 2795 4285 αὑτὴ
2851 4216 2884 4284 ὴ
2947 4213 3144 4283 φύσις’
3197 4212 3324 4266 ὥστ’
3379 4211 3534 4265 ἔσται
3589 4211 3721 4282 πρὶν
3770 4211 3930 4278 γενέο

2337 4307 2494 4361 σθαι·
2539 4307 2685 4375 λέγω
2720 4307 2830 4379 γὰρ
2857 4305 2991 4378 ὕλην
3039 4307 3099 4360 τὸ
3132 4305 3352 4378 πρῶτον
3397 4305 3759 4374 ὑποκείμενον
3791 4303 3902 4357 ἑκά

2339 4418 2449 4472 στῳ
2468 4402 2580 4473 (75)
2608 4400 2667 4467 ἐξ
2689 4393 2750 4454 οὕ
2787 4400 2994 4470 γίνεταί
3023 4419 3077 4453 τι
3104 4400 3499 4472 ἐνυπάρχοντος
3525 4399 3599 4469 μὴ
3621 4398 3764 4452 κατά
3785 4415 3902 4468 aut.

2336 4494 2590 4565 ϐεϐηκός.
2637 4495 2763 4548 Εἴτε
2810 4494 3090 4566 φθείρεται
3130 4511 3210 4556 τι,
3242 4495 3322 4558 είς
3352 4492 3511 4548 τοῦτο
3538 4491 3768 4560 ἔσχατον
3791 4489 3874 4559 ἀφ
3901 4519 3916 4528 -

2340 4586 2510 4650 ξεται.
2547 4588 2711 4640 Ὥστε
2733 4587 3046 4659 ὲφθαρμὲνη
3082 4586 3235 4639 ἔσται
3263 4587 3393 4657 πρὶν
3420 4584 3713 4655 φθαρῆναι.
3756 4603 3775 4633 ›

651 4690 760 4745 que
795 4673 874 4726 rei
915 4671 1248 4740 subjectum,
1279 4684 1343 4726 ex
1374 4685 1485 4741 quo
1516 4671 1683 4724 insito
1730 4671 1790 4724 ﬁt
1819 4675 2096 4742 generatio
2123 4691 2232 4729 non
2269 4693 2367 4748 per
2421 4679 2699 4736 accidens.
2761 4679 2859 4734 Sin
2904 4688 3292 4750 corrumpatur
3333 4677 3485 4749 quid,
3546 4673 3603 4730 in
3650 4676 3756 4730 hoc
3793 4674 3916 4728 uitt-

653 4783 803 4823 unum
853 4766 1045 4821 abibit.
1083 4764 1268 4830 Quare
1307 4773 1566 4835 corrupta
1608 4765 1732 4828 erit,
1765 4775 2058 4836 antequam
2103 4782 2510 4843 corrumpatur.
2554 4794 2574 4827 ι

725 4857 806 4920 Si,
843 4866 902 4912 ut
935 4857 1262 4928 principium
1308 4871 1520 4923 eorum,
1554 4873 1674 4928 quae
1716 4857 1876 4924 ﬁunt,
1914 4861 2141 4915 materia
2178 4871 2232 4916 et

2403 4868 2496 4932 Εἰ,
2539 4867 2727 4938 ὥσπερ
2765 4868 2908 4937 ἀρχὴ
2956 4867 3063 4919 τῶν
3109 4866 3444 4937 γιγνομένων
3491 4865 3524 4934 ὴ
3563 4862 3663 4932 ὕλη
3713 4863 3812 4915 καὶ
3859 4863 3920 4914 τὸ

656 4952 856 5016 forma,
890 4951 965 5004 ita
1005 4957 1058 5004 et
1099 4950 1361 5020 privatio:
1415 4950 1692 5019 quomodo
1735 4953 1963 5007 materia
2017 4955 2234 5023 quidem

2340 4954 2490 5025 εἶδος,
2521 4959 2664 5011 οὕτω
2705 4961 2799 5012 καὶ
2838 4962 2870 5029 ἡ
2905 4959 3191 5030 στέρησις,
3226 4959 3342 5022 πῶς
3382 4960 3415 5028 ἡ
3457 4958 3556 5029 μὲν
3603 4957 3702 5027 ὕλη
3735 4974 3916 5009 συναι-

655 5043 817 5098 simul
849 5057 972 5095 cum
1008 5041 1182 5095 forma
1212 5057 1378 5098 causa
1410 5053 1494 5098 est
1532 5059 1744 5107 eorum,
1782 5062 1902 5116 quae
1936 5046 2087 5115 fiunt,
2121 5049 2233 5117 pri-

653 5135 802 5189 vatio
834 5148 965 5187 vero
994 5149 1103 5188 non
1138 5134 1301 5189 simul
1327 5151 1494 5191 causa
1525 5138 1646 5190 est?
1677 5136 1733 5190 Si
1765 5148 2049 5209 propterea
2083 5142 2234 5210 prin-

2329 5052 2420 5103 τία
2461 5053 2528 5121 τῇ
2581 5053 2760 5122 μορφῇ
2809 5050 2917 5103 τῶν
2965 5051 3397 5121 γιγνομὲνων,ὴ
3444 5050 3500 5102 δὲ
3540 5050 3800 5118 στέρησις
3851 5049 3914 5100 οὐ

2331 5142 2619 5205 συναιτίαζ
2640 5144 2702 5196 El
2740 5143 2827 5195 διὰ
2860 5141 3017 5194 τοῦτο
3044 5143 3188 5213 ἀρχὴ
3217 5143 3279 5194 τὸ
3307 5141 3463 5206 εἶδος,
3498 5141 3688 5210 ἐπειδὴ
3718 5141 3779 5205 ἐξ
3814 5143 3911 5194 αὑ-

654 5228 857 5296 cipium
903 5240 1092 5280 eorum
1138 5242 1259 5297 qua:
1307 5228 1462 5290 fiunt,
1502 5227 1675 5283 forma
1705 5239 1820 5296 est,
1866 5231 1994 5301 quia
2027 5247 2089 5286 ex
2140 5233 2231 5287 illa

2340 5233 2424 5285 τοῦ
2452 5234 2514 5286 τὸ
2553 5229 2693 5286 εἶναι
2722 5235 2800 5305 τῷ
2826 5235 3151 5305 γιγνομένῳ,
3189 5234 3429 5304 δηλονότι
3455 5235 3550 5288 καὶ
3590 5236 3622 5302 ἡ
3661 5234 3913 5304 στέρησις

728 5383 774 5415 ’³
805 5383 1159 5454 Subintcllige
1188 5384 1346 5454 δῆλόν
1373 5383 1508 5450 ἐστι,
1541 5399 1775 5456 moxque
1800 5385 1912 5456 lege
1939 5388 2192 5458 γενητήν.
2225 5385 2238 5440 1

2340 5404 2382 5442 r.
2414 5388 2656 5443 pATROL.
2735 5391 2780 5422 ⁸⁵
2825 5388 2950 5460 Leg.
2979 5389 3093 5442 ἀλλ’
3110 5389 3216 5443 ἀεί.

725 5498 838 5568 (7i)
883 5497 1009 5572 Τρῖς
1045 5496 1111 5572 δέ
1157 5499 1491 5572 συμϐαίνει.
1535 5499 1631 5554 His
1661 5501 1915 5554 nimirum
1966 5503 2229 5572 antiquis,

656 5585 798 5637 quos
835 5567 1126 5642 redarguit
1152 5568 1525 5642 Aristoteles,
1562 5578 1753 5624 contra
1796 5573 1977 5626 evenit
2023 5567 2229 5642 ut'ipsa

657 5638 885 5691 materia
931 5654 1036 5692 non
1083 5640 1426 5708 privationis,
1459 5657 1620 5710 quam
1656 5643 1740 5695 isti
1776 5659 1882 5696 non
1915 5638 2230 5709 admittunt,

658 5710 1032 5781 abolitionem,
1063 5711 1156 5781 scd
1194 5713 1278 5764 sui
1314 5712 1484 5781 ipsius
1512 5720 1727 5780 appetat
1756 5713 2056 5767 interitum.

729 5779 839 5848 (72)
880 5781 1014 5832 Εἴτε
1045 5780 1151 5848 γὰρ
1179 5779 1463 5849 eripite.
1507 5779 1813 5848 [legendum
1843 5785 2059 5837 videtur
2101 5785 2151 5835 ετ
2178 5802 2229 5836 τι

657 5848 764 5915 γὰρ
791 5850 1054 5918 ἐγίγνετο,
1084 5852 1162 5902 τιτι
1194 5848 1298 5904 εἴτε
1331 5852 1435 5923 γὰρ
1465 5853 1709 5921 ἐγίγνετό
1735 5872 1804 5906 τι.
1829 5854 1917 5907 Sic
1953 5856 2096 5908 enim
2121 5856 2227 5907 εἴτε

2336 5505 2616 5575 φθείρεταί
2651 5525 2723 5568 τι,
2758 5506 2849 5560 ubi
2881 5514 3060 5561 tamen
3091 5507 3326 5561 monebo
3356 5506 3488 5561 illud
3519 5505 3570 5560 τί
3605 5521 3632 5559 a
3687 5503 3751 5558 R.
3793 5504 3915 5556 Ste-

2337 5576 2519 5643 phano
2563 5577 2810 5631 additum
2856 5577 3046 5632 fuisse.
3087 5575 3248 5633 Deest
3278 5580 3422 5634 enim
3455 5578 3509 5631 in
3543 5586 3777 5646 utroque
3809 5575 3908 5628 Re-

2333 5647 2422 5714 gio
2450 5648 2660 5701 codice.

2403 5717 2518 5788 (75)
2562 5717 2850 5782 Ἐκάστῳ.
2901 5717 3051 5770 Hane
3083 5732 3270 5772 vocem
3325 5718 3616 5789 Sylburgio
3657 5717 3913 5787 suppedi-

2333 5789 2469 5843 tavit
2505 5790 2622 5860 ipse
2655 5790 2967 5845 Aristotelis
2998 5796 3200 5844 textus.
