4104 6440
81 421 247 480 £509

773 415 1224 477 CONFUTATIO
1255 413 1703 486 QUORUMDAM
1740 413 2201 472 ARISTUTELIS
2249 412 2664 472 DOGMATUM.

3241 415 3381 473 1510

68 539 176 594 διὰ
204 538 370 593 τοῦτο
396 539 574 611 ἀρχὴ,
605 539 793 610 ἐπειδὴ
821 538 887 593 δι’
909 539 1083 610 αὐτὴν
1109 539 1173 592 τὸ
1205 538 1281 611 μὴ
1314 535 1454 593 εἶναι
1488 537 1570 610 τῷ
1596 555 1683 607 γι-

1790 549 1911 591 esse
1941 535 2124 590 evenit
2161 533 2210 589 ei
2254 534 2401 604 quod
2442 533 2531 600 ﬁt;
2573 533 2834 590 videlicet
2862 540 2917 588 et
2968 531 3205 603 privatio
3253 547 3386 602 pro-

69 631 366 701 γνομένῳ.
406 631 530 694 Πῶς
565 626 658 683 οὖν
702 628 847 701 ἀρχὴ
884 628 1103 696 λέγεται
1129 627 1242 680 τῶν
1286 625 1623 697 γιγνομὲνων
1653 626 1687 696 η

75 725 385 797 στέρησις;
421 725 507 790 Et,
538 724 626 776 ὅτε
653 723 891 794 πάρεστι
920 721 984 775 τὸ
1011 719 1179 788 εἶδος,
1211 718 1334 774 τότε
1364 721 1397 791 ή
1431 719 1690 791 στέρησις

72 817 189 886 οὐχ
231 815 529 888 ὑπομένει,
563 813 722 884 δῆλον
761 814 866 879 ὅτι,
918 813 996 885 μὴ
1042 813 1312 886 παρόντος
1349 810 1446 866 τοῦ
1478 811 1684 876 εἴδους,

75 909 361 980 ὑπομένει
389 910 423 978 ἡ
465 905 739 977 στέρησις.
769 905 894 968 Πῶς
937 901 1032 959 οὖν
1063 907 1165 958 οὐκ
1210 905 1357 959 ἐστιν
1399 906 1598 958 ἄτοπον
1627 905 1689 956 τὸ

74 999 276 1068 λέγειν
319 1001 394 1071 μὴ
427 994 565 1053 εἶναι
608 998 670 1052 τὸ
725 998 1030 1069 ὑπομένον;
1067 1000 1260 1062 Ὄντος
1304 999 1414 1070 γάρ
1465 1000 1583 1050 ἐστι
1626 995 1708 1063 τὸ,

78 1093 410 1163 ὑπομένειν.
437 1094 504 1145 Et
540 1091 702 1163 ἑτέρα
734 1094 895 1163 μοῖρα
932 1091 1032 1161 τῆς
1062 1089 1432 1154 ὲναντιὼσεώς
1471 1091 1622 1143 ἐστιν
1649 1091 1683 1160 ἡ

82 1184 390 1254 στέρησις,
439 1183 535 1235 καὶ
567 1183 630 1235 τὸ
673 1181 963 1235 κακοποιὸν
1008 1180 1213 1251 ταύτης
1259 1180 1376 1233 ἐστὶ
1418 1181 1481 1233 τὸ
1523 1174 1683 1245 εἶδος,

77 1275 212 1337 πῶς
240 1273 344 1328 οὐκ
372 1273 487 1326 ἐστι
521 1273 584 1326 τὸ
629 1269 767 1336 εἶδος
815 1272 1022 1341 ἀγαθόν
1052 1290 1111 1325 τε
1143 1274 1238 1327 καὶ
1276 1274 1476 1338 κακόν;
1523 1274 1685 1341 Ἀγα-

79 1365 182 1418 θὸν
233 1366 334 1436 μὲν
361 1367 429 1436 τῇ
469 1364 600 1438 ὕλῃ,
630 1365 706 1429 ὡς
747 1366 812 1418 δι’
842 1364 1008 1418 αὐτοῦ
1053 1365 1320 1436 ὑπάρχειν
1356 1369 1422 1437 τῇ
1480 1366 1579 1437 ὕλῃ
1625 1366 1686 1419 τὸ

75 1456 256 1509 οὐσία
309 1450 476 1509 εἶναι·
528 1456 696 1509 κακὸν
747 1455 802 1509 δὲ
854 1459 922 1527 τῇ
980 1458 1264 1528 στερήσει,
1299 1457 1374 1520 ὡς
1419 1459 1487 1511 δι’
1518 1456 1684 1511 αὑτοῦ

76 1550 486 1623 ἀναιρουμένη.
529 1550 593 1602 Εί
647 1549 763 1602 ἔστι
801 1567 855 1602 τι
913 1550 1052 1603 θεῖόν
1096 1568 1156 1603 τε
1195 1552 1290 1606 καὶ
1341 1554 1547 1621 ἀγαθὸν
1592 1557 1686 1610 καὶ

77 1640 307 1709 ἐφετὸν,
337 1640 432 1693 καὶ
465 1640 576 1710 ἔχει
604 1641 664 1693 τὸ
707 1641 971 1708 ἐναντίον,
1001 1639 1030 1691 ὃ
1067 1643 1167 1696 οὐκ
1206 1642 1353 1697 ἐστιν
1380 1644 1504 1697 οὕτε
1544 1647 1685 1713 ἀγα-

78 1730 181 1784 θὸν
210 1731 338 1785 οὕτε
381 1732 570 1801 ὲφετόν
590 1749 602 1761 ·
635 1731 786 1784 ἔσται
835 1732 943 1802 ἀρα
971 1734 1032 1786 τὸ
1062 1734 1205 1788 θεῖον
1249 1735 1450 1802 ἀγαθόν
1494 1753 1555 1789 τε
1592 1736 1686 1788 καὶ

77 1825 190 1878 οὐκ
219 1825 449 1893 ἀγαθὸν,
480 1824 672 1893 ὲφετόν
699 1842 760 1877 τε
793 1827 887 1879 καὶ
923 1827 1025 1879 οὐκ
1055 1827 1272 1896 ὲφετόνο
1307 1828 1387 1880 διὸ
1417 1829 1512 1882 καὶ
1542 1831 1683 1884 θεῖόν

1791 630 1976 694 pterea
2005 623 2370 699 principium,
2410 623 2540 693 quia
2573 638 2670 694 per
2714 637 2835 677 eam
2868 624 3051 678 evenit
3101 639 3213 678 non
3244 637 3384 677 esse

1789 713 1840 767 ei
1876 713 2022 783 quod
2066 712 2146 767 ﬁt.
2177 712 2467 780 Quomodo
2498 728 2632 783 ergo
2666 713 2998 783 principium
3033 713 3240 768 dicitur
3284 729 3384 768 eo-

1789 820 1934 869 rum,
1969 821 2091 875 quae
2135 805 2293 871 ﬁunt,
2327 805 2597 875 privatio?
2637 804 2716 872 Si,
2743 806 2965 874 quando
2995 805 3151 860 adest
3181 803 3383 870 forma,

1790 905 1919 952 tunc
1952 898 2189 967 privatio
2227 914 2336 952 non
2385 905 2692 967 permanet,
2744 897 3100 968 perspicuum
3137 904 3223 951 est
3271 910 3382 950 non

1789 995 2148 1058 permanente
2198 989 2372 1044 forma
2422 1005 2746 1058 permanere
2793 990 3180 1059 privationem.
3228 987 3380 1054 Quo-

1789 1077 1954 1133 modo
1984 1094 2115 1148 ergo
2146 1095 2254 1133 non
2280 1079 2520 1134 absurde
2546 1078 2747 1132 dicitur
2773 1094 2883 1132 non
2925 1094 3050 1134 esse
3078 1079 3224 1149 quod
3261 1094 3385 1147 pero

1789 1169 2008 1224 manet?
2032 1169 2188 1226 Emis
2217 1172 2372 1226 enim
2405 1179 2490 1225 est
2537 1185 2880 1239 permanere.
2933 1170 2992 1224 Si
3039 1172 3209 1225 altera
3255 1186 3380 1240 pars

1788 1263 2196 1319 contrarietatis
2226 1274 2310 1318 est
2340 1265 2581 1334 privatio
2602 1307 2616 1331 ,
2649 1269 2703 1318 et
2737 1264 2882 1334 quod
2915 1264 3046 1318 huic
3085 1266 3380 1330 malefaeit,

1789 1357 1962 1411 forma
1992 1362 2111 1412 est:
2148 1357 2425 1427 quomodo
2463 1338 2640 1410 forma
2675 1371 2787 1409 non
2818 1361 2904 1410 est
2945 1356 3088 1410 bona
3115 1365 3170 1411 et
3213 1358 3379 1420 mala,

1788 1450 1931 1505 bona
1979 1450 2198 1519 quidem
2237 1450 2517 1514 materiae,
2564 1450 2768 1522 quippe
2810 1450 2899 1503 cui
2951 1455 3173 1520 praestet
3209 1459 3267 1504 ut
3311 1452 3382 1505 sit

1787 1541 2122 1606 substantia,
2178 1542 2322 1595 mala
2376 1549 2560 1598 autem
2610 1540 2938 1611 privationi,
2973 1541 3176 1610 quippe
3216 1555 3380 1611 quam

1787 1635 2025 1690 aboleat.
2070 1634 2129 1688 Si
2160 1634 2408 1689 divinum
2444 1634 2727 1705 quidpiam
2755 1643 2842 1690 est
2886 1641 2939 1688 et
2971 1634 3174 1689 bonum
3207 1644 3260 1689 et
3287 1651 3382 1689 cx-

1787 1728 2108 1798 petendum,
2135 1735 2190 1782 et
2219 1727 2564 1784 contrarium
2597 1727 2784 1792 habet,
2827 1726 2976 1796 quod
3023 1742 3126 1782 nec
3176 1727 3380 1782 bonum

1786 1829 1872 1874 est
1904 1835 2004 1874 nec
2050 1819 2448 1889 expetendum;
2479 1819 2588 1874 erit
2632 1833 2763 1890 ergo
2794 1818 3041 1873 divinum
3093 1819 3296 1874 bonum
3326 1827 3383 1875 et

80 1933 151 1969 τε
185 1916 288 1969 καὶ
331 1916 393 1968 ού
449 1915 609 1968 θεῖον.
658 1917 722 1971 Εἰ
764 1916 821 1969 δὲ
865 1914 1064 1971 ἄτοπον
1111 1917 1290 1984 τοῦτο,
1333 1919 1433 1973 οὐκ
1476 1920 1583 1991 ἀρα
1624 1924 1685 1974 τὸ

1790 1926 1900 1964 non
1931 1911 2160 1974 bonum,
2185 1909 2552 1979 expetendum
2586 1918 2640 1965 et
2664 1926 2772 1964 non
2801 1911 3200 1981 expetendum;
3238 1911 3381 1966 unde

81 2010 239 2062 θεῖον
267 2009 330 2060 τὸ
371 2007 572 2076 ἀγαθόν
600 2024 660 2059 τε
713 2008 808 2061 καὶ
847 2009 1057 2077 ἐφετὸν,
1090 2009 1200 2078 ἔχει
1229 2026 1281 2061 τι
1321 2010 1579 2064 ἐναντίον.
1613 2011 1686 2064 Τὸ

82 2100 203 2172 γάρ
232 2100 419 2163 ἁπλῶς
463 2099 664 2167 ἀγαθὸν
708 2102 874 2153 πᾶσιν
905 2100 1129 2168 ἀγαθὸν,
1161 2099 1222 2152 οὕ
1263 2119 1374 2154 τισι
1408 2100 1587 2170 μόνον.
1623 2101 1685 2153 Εί

79 2191 150 2243 τὸ
188 2190 432 2243 ἐναντίον
485 2188 581 2242 τοῦ
639 2189 846 2258 ἀγαθοῦ
890 2189 991 2243 οὐκ
1043 2191 1252 2258 ἐφίεται
1291 2191 1386 2244 τοῦ
1437 2190 1645 2258 ἀγαθοῦ
1668 2207 1682 2220 ·

80 2281 302 2352 φθορᾶς
328 2282 438 2352 γὰρ
483 2281 583 2350 τῆς
627 2280 796 2334 αὕτοῦ
843 2281 1058 2350 φύσεως
1111 2282 1352 2350 ἐφίεται,
1385 2286 1431 2336 εί
1479 2284 1687 2351 ἐφίεται

81 2371 186 2426 τοῦ
216 2372 452 2442 ἀγαθοῦο
485 2374 580 2426 καὶ
607 2373 669 2426 τὸ
709 2368 848 2437 εἶδος
880 2372 1072 2427 ἑαυτοῦ
1119 2375 1219 2427 οὐκ
1262 2376 1499 2444 ἐφίεταιο
1531 2377 1688 2429 ἀνεν-

80 2463 209 2526 δεὲς
237 2461 349 2534 γάρ
376 2463 437 2516 τὸ
475 2460 644 2526 εἶδος·
679 2462 795 2516 ἐστι
838 2464 896 2518 δὲ
942 2464 1001 2516 τὸ
1050 2456 1191 2517 θεῗδν
1247 2466 1434 2534 ἐφετὸν
1472 2484 1532 2520 τε
1593 2468 1688 2521 καὶ

81 2553 344 2624 ὀρεκτόν·
375 2553 482 2605 τίνι
509 2554 566 2607 δὲ
596 2553 786 2621 ὲφετόν
815 2570 874 2605 τε
905 2554 1000 2606 καὶ
1027 2554 1252 2624 ὀρεκτὸν
1279 2557 1326 2609 εί
1359 2556 1434 2628 μὴ
1461 2560 1527 2628 τῇ
1553 2557 1684 2630 ὕλῃὶ

97 2647 394 2717 Ἔμψυχος
413 2647 522 2719 ἄρα
547 2648 580 2716 ή
614 2644 735 2716 ὕλη.
773 2645 1047 2717 Ἑμψύχου
1076 2647 1184 2718 γάρ
1212 2648 1329 2700 ἐστι
1348 2650 1413 2702 τὸ
1442 2649 1687 2719 ἐφίεσθαι

85 2736 189 2791 καὶ
216 2736 527 2808 ὀρέγεσθαι.
563 2737 628 2789 Et
670 2736 726 2789 δὲ
774 2735 1015 2808 ἔμψυχος
1043 2740 1076 2809 ἡ
1109 2737 1241 2810 ὕλη,
1289 2741 1407 2804 πῶς
1440 2743 1543 2795 οὐκ
1573 2742 1688 2796 ἐστι

81 2829 287 2899 ψευδὲς
325 2828 387 2880 τὸ
419 2829 519 2881 οὐκ
555 2827 616 2880 ὃν
646 2825 786 2880 εἶναι
816 2828 958 2882 κατά
1003 2831 1349 2901 ωμὸεόηκὸς
1389 2835 1487 2904 τὴν
1518 2835 1686 2907 ὕλην;

97 2921 167 2973 Ἦ
195 2919 308 2991 γάρ
353 2919 499 2990 ψυχὴ
553 2919 790 2982 ὅν-ὲστι,
835 2921 927 2973 καὶ.
952 2921 1012 2974 τὸ
1047 2921 1226 2993 ψυχὴν
1266 2922 1388 2994 ἔχον
1417 2924 1475 2977 ὃν
1514 2926 1686 2979 ἐστιν.

87 3016 177 3082 El,
213 3014 290 3077 ὡς
319 3013 455 3084 θῆλυ
493 3012 704 3083 ἐφίεται
732 3010 825 3064 τοῦ
853 3012 1104 3084 ἀῤῥενος,
1134 3016 1320 3080 miti);
1339 3017 1563 3088 αἰσχρὸν
1590 3017 1688 3070 τοῦ

86 3107 283 3174 καλοῦ,
313 3109 347 3176 ὴ
381 3105 479 3178 ὕλη
518 3103 728 3175 ἐφίεται
773 3105 867 3158 τοῦ
922 3105 1153 3174 ἀγαθοῦ,
1185 3109 1278 3162 καὶ
1321 3109 1422 3161 οὐκ
1467 3109 1615 3163 ἔστιν
1654 3111 1688 3181 ἡ

88 3199 193 3270 ὕλη
236 3198 359 3252 καθ’
386 3198 516 3251 αὐτὸ
545 3197 678 3268 θῆλυ
711 3199 806 3253 καὶ
834 3199 1082 3271 αἰσχρὸν,
1130 3199 1265 3254 ἀλλά
1299 3201 1441 3254 κατὰ
1483 3202 1688 3272 συμϐε-

86 3291 283 3362 ϐηκὸς,
313 3286 553 3361 δηλονότι
592 3291 715 3344 οὐδὲ
759 3291 882 3345 καθ’
917 3291 1052 3344 αὐτὸ
1091 3291 1303 3360 ἐφίεται
1330 3292 1426 3346 τοῦ
1455 3293 1683 3361 ἀγαθοῦ,

87 3382 231 3437 ἀλλά
275 3382 418 3437 κατὰ
462 3363 828 3454 ωμδεῦἠιιός.
865 3384 1059 3438 Ἔσται
1091 3383 1200 3455 ἄρα
1244 3386 1339 3439 καὶ
1365 3385 1427 3438 τὸ
1456 3386 1596 3440 θεῖον
1623 3387 1685 3439 ού

89 3475 217 3528 καθ’
229 3476 364 3529 αὐτὸ
382 3476 584 3545 ἀγαθόν
599 3493 658 3529 τε
675 3477 774 3531 καὶ
798 3477 992 3547 ὲφετὸν
1011 3478 1106 3530 καὶ
1123 3477 1367 3548 ὀρεκτὸν,
1382 3476 1516 3531 ἀλλὰ
1546 3477 1688 3532 κατά

91 3565 476 3642 ωμῦεθηκός·
507 3567 645 3638 ὅπερ
683 3567 832 3620 ἐστὶν
877 3568 1079 3622 ἄτοπον
1105 3567 1303 3635 λέγειν.
1346 3569 1409 3620 Εἰ
1464 3567 1611 3620 ἐστιν
1653 3570 1688 3639 ἡ

88 3658 429 3731 ὕληγενητὴ
461 3660 560 3730 μὲν
595 3659 682 3713 διὰ
718 3659 782 3712 τὸ
809 3654 969 3724 εἶδος,
994 3659 1207 3731 φθαρτή
1236 3659 1292 3712 δὲ
1323 3658 1410 3712 διά
1439 3659 1538 3730 τὴν
1569 3660 1688 3713 στέ-

96 3770 292 3824 ρησιν,
321 3753 585 3825 ἀγένητος
621 3751 680 3807 δὲ
717 3752 786 3806 δι’
815 3753 1016 3825 ἑαυτὴν
1053 3754 1147 3807 καὶ
1198 3752 1501 3825 ἄφθαρτος·
1535 3753 1689 3807 ἔσται

94 3844 264 3918 ἀραή
299 3844 396 3916 ὕλη
436 3845 523 3898 ἀεὶ
565 3846 661 3916 μὲν
705 3844 920 3917 φθαρτὴ
961 3844 995 3916 ἦ
1036 3844 1275 3916 γενητὴ,
1318 3845 1596 3917 ἄφθαρτος
1630 3847 1688 3900 δὲ

96 3938 194 3991 καὶ
243 3936 505 4008 ἀγένητος
555 3937 831 3990 οὐδέποτε.
877 3937 989 3991 Ἀεὶ
1023 3937 1133 4008 γὰρ
1179 3937 1211 4007 ἢ
1251 3938 1506 4008 στερήσει
1555 3939 1689 3992 ὑπό-

96 4047 276 4086 κειται
322 4032 389 4101 τῇ
437 4031 494 4082 ὲν
542 4029 679 4100 αὐτῇ
725 4029 1084 4101 φθειρομένη,
1131 4030 1164 4101 ἢ
1205 4029 1281 4100 τῷ
1321 4030 1452 4085 emet
1505 4030 1582 4101 τῷ
1629 4031 1688 4083 ὲν

99 4123 243 4193 αὐτῇ
269 4121 593 4192 γιγνομένῳ.
623 4121 696 4174 Τὸ
741 4121 1007 4193 ἀγένητον
1051 4122 1144 4175 ἐπὶ
1182 4123 1278 4192 μὲν
1307 4121 1415 4176 τῶν
1442 4123 1687 4194 γενητῶν

94 4216 199 4287 τὴν
229 4215 482 4286 στέρησιν
511 4214 767 4288 σημαίνει
805 4215 1071 4285 γενέσεως
1111 4215 1419 4287 δυναμένης
1445 4216 1684 4281 ἔσεσθαι,

99 4307 195 4360 ἐπὶ
227 4307 281 4360 δὲ
308 4300 631 4361 τῶνάῖδίων
659 4308 759 4379 τὴν
795 4309 1069 4378 ἀπόφασιν
1097 4310 1281 4382 πάσης
1306 4313 1565 4383 σημαίνει
1595 4330 1688 4381 γε-

99 4399 328 4464 νέσεως,
376 4397 479 4468 τῆς
534 4416 594 4453 τε
650 4402 1042 4471 προγεγονυίας
1089 4404 1184 4456 καὶ
1229 4404 1329 4474 τῆς
1388 4404 1686 4476 μελλούσης

98 4490 347 4544 ἔσεσθαι·
397 4489 506 4545 οἷον
533 4493 562 4544 ὁ
607 4493 804 4563 χαλκὸς
844 4495 874 4548 ὁ
907 4494 1114 4564 μέλλων
1160 4495 1380 4550 ἔσεσθαι
1426 4497 1682 4570 ἀνδριὰς,

1787 2003 1952 2055 etiam
1982 2001 2226 2056 divinum
2270 2010 2325 2056 et
2354 2016 2466 2056 non
2507 2000 2777 2056 divinum.
2804 1999 2961 2067 Quod
2993 2002 3040 2057 si
3085 2001 3140 2056 id
3184 2001 3377 2058 absur-

1788 2093 1917 2148 dum
1961 2103 2078 2160 est,
2129 2109 2238 2146 non
2270 2109 2403 2166 ergo
2448 2094 2719 2158 divinum,
2752 2095 2898 2164 quod
2931 2095 3137 2152 bonum
3179 2103 3234 2151 et
3277 2111 3377 2150 ex-

1791 2185 2083 2256 petendum
2117 2193 2239 2248 est,
2287 2186 2450 2240 habet
2495 2188 2861 2242 contrarium.
2907 2186 3065 2253 Quod
3097 2187 3242 2241 enim
3281 2187 3378 2242 ho-

1790 2293 1920 2332 num
1951 2284 2034 2332 est
2065 2277 2415 2348 simpliciter,
2445 2278 2704 2334 omnibus
2735 2279 2941 2334 bonum
2967 2287 3082 2343 est,
3114 2295 3223 2333 non
3255 2281 3379 2350 qui-

1789 2369 2020 2424 husdam
2049 2361 2293 2422 tantum;
2321 2368 2556 2440 Siquod
2589 2370 2736 2425 bono
2760 2370 3103 2424 contrarium
3134 2377 3241 2436 est,
3267 2385 3376 2451 non

1791 2463 1994 2532 appetit
2034 2462 2267 2529 bonum;
2301 2478 2416 2519 suae
2446 2463 2592 2518 enim
2623 2463 2806 2533 ipsius
2825 2471 3037 2525 natura:
3070 2465 3379 2535 corruptio-

1791 2570 1917 2610 nem
1951 2556 2174 2624 appetit.
2221 2556 2267 2611 si
2295 2557 2502 2625 appetit
2549 2557 2794 2622 bonum;
2829 2557 2974 2626 quod
3007 2556 3054 2610 si
3096 2557 3262 2611 etiam
3292 2557 3375 2610 sui

1792 2663 1901 2701 non
1947 2657 2207 2718 appetens
2238 2657 2321 2703 est
2367 2647 2581 2710 forma,
2620 2657 2705 2704 est
2750 2649 2896 2702 enim
2933 2647 3110 2702 forma
3154 2647 3379 2701 minimc

1791 2739 2078 2810 indigens;
2111 2751 2194 2796 est
2226 2749 2410 2794 autem
2439 2740 2686 2796 divinum
2725 2741 3090 2810 expetendum
3130 2746 3185 2794 et
3231 2739 3378 2794 desi-

1791 2830 2034 2887 derabile
2070 2847 2084 2883 :
2117 2831 2336 2884 cuinam
2377 2838 2558 2886 autem
2604 2831 2969 2900 expetendum
3003 2837 3058 2884 et
3096 2829 3380 2885 desidera-

1792 2922 1930 2987 bile,
1980 2921 2091 2976 nisi
2144 2922 2431 2976 materiae?
2480 2921 2740 2977 Animata
2787 2937 2919 2993 ergo
2953 2922 3210 2986 materia.
3242 2921 3381 2976 Ani-

1795 3014 1926 3068 mati
1961 3015 2107 3068 enim
2145 3021 2232 3068 est
2275 3021 2533 3084 expetere
2566 3021 2619 3069 et
2648 3013 2986 3069 desiderare.
3026 3012 3133 3067 Sed
3161 3013 3208 3068 si
3258 3014 3379 3068 ani-

1795 3111 1939 3158 mata
1969 3115 2233 3167 materia,
2275 3104 2554 3174 quomodo
2598 3119 2707 3158 non
2746 3105 2945 3159 falsum
2976 3114 3060 3159 est
3093 3106 3377 3158 materiam

1793 3212 1890 3266 per
1919 3197 2176 3252 accidens
2207 3213 2315 3251 non
2347 3212 2472 3251 esse
2505 3198 2646 3252 ens?
2688 3196 2823 3252 Nam
2850 3199 3034 3252 anima
3062 3213 3160 3251 ens
3189 3206 3292 3262 est,
3322 3206 3381 3252 et

1793 3291 1939 3359 quod
1969 3290 2207 3344 animam
2242 3290 2428 3354 habet,
2459 3306 2560 3346 ens
2593 3299 2701 3347 est.
2747 3291 2805 3345 Si
2843 3301 2902 3345 ut
2938 3290 3142 3345 femina
3173 3292 3376 3363 appetit

1789 3382 2097 3435 masculum
2128 3392 2182 3435 et
2211 3388 2370 3452 turpe
2403 3383 2693 3452 pulchrum
2715 3425 2731 3449 ,
2783 3383 2858 3436 ita
2907 3385 3138 3437 materia
3173 3383 3380 3452 appetit

1789 3474 2016 3542 bonum,
2046 3489 2148 3529 nec
2173 3483 2259 3530 est
2286 3477 2516 3530 materia
2546 3492 2643 3546 per
2673 3493 2733 3532 se
2763 3476 2966 3532 femina
2993 3485 3048 3532 et
3075 3487 3255 3546 turpe,
3282 3478 3378 3532 sed

1790 3583 1886 3637 per
1919 3566 2177 3623 accidens
2202 3610 2216 3634 ,
2255 3568 2427 3638 liquet
2478 3585 2579 3623 nec
2613 3585 2710 3638 per
2752 3585 2811 3626 se
2857 3577 3206 3640 appetentem
3253 3585 3377 3626 esse

1789 3659 1942 3722 boni,
1976 3660 2068 3715 sed
2107 3675 2204 3728 per
2247 3660 2528 3714 accidens.
2572 3658 2690 3714 Erit
2739 3676 2871 3730 ergo
2903 3669 2959 3716 et
2988 3661 3234 3715 divinum
3266 3676 3376 3714 non

1790 3767 1887 3820 per
1928 3767 1987 3806 se
2027 3753 2231 3805 bonum
2259 3760 2312 3807 et
2361 3753 2728 3821 expetendum
2769 3761 2824 3807 et
2854 3752 3242 3817 desiderabile,
3281 3753 3376 3807 sed

1790 3860 1889 3914 per
1921 3844 2176 3900 accidens
2214 3863 2228 3900 :
2271 3844 2418 3916 quod
2453 3845 2681 3915 quidem;
2725 3845 3027 3900 absurdum
3077 3844 3230 3899 dictu
3271 3853 3377 3900 est.

1791 3936 1848 3991 Si
1879 3947 1965 3993 est
1995 3939 2223 3993 materia
2268 3937 2454 4009 genita
2482 3937 2702 4008 quidem
2754 3947 2984 4008 propter
3027 3937 3284 4002 formam,
3321 3949 3372 3991 et

1789 4030 2164 4101 corruptibilis
2202 4038 2425 4102 propter
2470 4030 2857 4100 privationem,
2903 4030 3148 4101 ingenita
3193 4038 3377 4085 autem

1788 4137 1886 4192 per
1932 4138 1994 4178 se
2042 4131 2098 4178 et
2150 4123 2630 4193 ineorruptibilis;
2679 4123 2785 4176 erit
2847 4120 3098 4192 profecto
3151 4123 3379 4177 materia

1788 4230 2003 4286 semper
2029 4214 2251 4286 quidem
2295 4215 2678 4285 corruptibilis
2707 4222 2763 4270 et
2792 4215 3010 4285 genita,
3046 4213 3380 4285 incorrupti-

1787 4308 1914 4363 bilis
1948 4315 2130 4364 autem
2161 4316 2216 4364 et
2255 4308 2499 4380 ingenita
2522 4323 2826 4378 nunquam.
2853 4305 3080 4376 Semper
3105 4307 3252 4362 enim
3284 4313 3381 4361 aut

1787 4399 2082 4470 privationi
2112 4399 2359 4468 subjecta
2385 4406 2490 4461 est,
2522 4415 2643 4469 quae
2668 4400 2724 4456 in
2754 4414 2818 4456 ea
2846 4399 3250 4468 corrumpitur,
3283 4407 3380 4454 aut

1787 4492 1979 4548 forma:
2017 4507 2139 4563 quae
2184 4492 2239 4546 in
2276 4507 2338 4547 ea
2381 4492 3036 4563 generatumlngenitum
3078 4493 3133 4546 in
3181 4492 3380 4548 creatis

103 4585 232 4654 πρὶν
267 4584 487 4656 γένηται
537 4585 784 4656 ἀνδριὰς,
818 4587 1081 4657 ἀγένητος
1115 4586 1334 4656 λέγεται
1379 4590 1519 4643 κοιτά
1571 4589 1687 4642 στέ-

1794 4586 1961 4642 rebus
1991 4585 2354 4656 privationem
2389 4585 2659 4656 signiﬁcat
2692 4586 3086 4656 generationis,
3114 4600 3234 4654 quae
3259 4599 3381 4639 esse

108 4693 281 4747 ρησιν,
313 4677 400 4730 διὰ
445 4678 506 4730 τὸ
549 4677 806 4732 δύνασθαι
852 4680 1014 4732 αὑτὸν
1056 4679 1311 4748 γενέσθαι
1356 4681 1683 4752 ἀνδριάνταο

107 4769 197 4821 ἐπὶ
224 4768 277 4821 δὲ
325 4767 460 4820 Θεοῦ
503 4769 563 4822 τὸ
607 4770 868 4838 ἀγένητον
908 4771 1090 4842 πάσης
1115 4772 1389 4840 ἀπόφασιν
1434 4776 1687 4845 σημαίνει

106 4861 205 4929 τῆς
237 4863 356 4913 κατ’
385 4861 574 4914 οὐσίαν
612 4863 881 4930 γενέσεως
911 4862 1303 4932 προγεγονυίας
1330 4881 1390 4916 τε
1420 4865 1516 4917 καὶ
1564 4866 1691 4935 μελ-

107 4954 318 5024 λούσης.
350 4954 453 5006 Δύο
491 4955 669 5008 τοίνυν
713 4955 881 5008 ὄντων
926 4955 1035 5008 τῶν
1084 4955 1184 5025 τῆς
1227 4957 1524 5027 ἀγενιησίας
1566 4959 1692 5029 τρό-

110 5062 224 5100 πων
244 5087 257 5112 ,
280 5046 420 5099 κατά
439 5046 588 5098 ποῖόν
617 5048 764 5098 ἐστιν
807 5047 1067 5116 ἀγένητος
1091 5049 1126 5116 ἡ
1158 5046 1293 5118 ὕλης
1327 5049 1388 5100 El
1422 5049 1521 5118 μὲν
1549 5049 1689 5101 κατά

113 5139 390 5208 στέρησιν,
421 5138 685 5208 ἀγένητος
729 5137 838 5208 ἀρα
864 5139 896 5207 ἡ
935 5137 1065 5207 ὕλη,
1103 5138 1295 5209 ὥσπερ
1322 5140 1351 5190 ὁ
1374 5139 1576 5209 χαλκός
1597 5157 1610 5169 ·
1641 5141 1690 5192 εί

110 5230 167 5285 δὲ
194 5229 332 5283 κατὰ
367 5231 641 5300 ἀπόφασίν
680 5231 828 5283 ἐστιν
869 5231 903 5301 ἡ
949 5229 1047 5301 ὕλη
1087 5230 1378 5302 ἀγένητος,
1407 5231 1558 5284 οὐδὲν
1581 5230 1689 5302 ἀρα

113 5323 312 5393 γίνεται
340 5323 374 5394 η
405 5322 533 5394 ὕλησ
565 5322 689 5376 οὕτε
729 5323 787 5376 ὃν
814 5323 970 5392 λόγον
1000 5322 1112 5391 ἔχει
1138 5325 1168 5376 ὁ
1205 5323 1404 5392 χαλκὸς
1435 5323 1571 5393 πρὸς
1598 5322 1689 5376 τὸν

115 5415 428 5486 ἀνδριάντα,
476 5415 665 5469 τοῦτον
704 5415 928 5468 δύναται
985 5414 1196 5485 έχεινὴ
1244 5414 1342 5486 ὕλη
1401 5415 1537 5485 πρὸς
1589 5414 1690 5487 τὴν

115 5509 315 5572 οὐσίαν,
350 5507 499 5562 ςκαθά
534 5506 685 5561 εἶπεν
729 5507 1124 5580 Ἀριστοτέλης.
1155 5508 1220 5560 Εἰ
1263 5506 1453 5570 οὕτως’
1468 5508 1613 5560 ἐστὶν
1656 5508 1689 5577 ἡ

119 5601 212 5672 ὕλη
237 5601 496 5672 ἀγένητος
517 5641 532 5664 ,
562 5602 638 5664 ὡς
663 5602 872 5665 ὁνΘεὸς,
905 5602 998 5656 καὶ
1040 5601 1262 5654 δύναται
1289 5603 1318 5653 ὁ
1347 5600 1478 5662 Θεὸς
1503 5601 1568 5653 ὲκ
1595 5599 1690 5653 τοῦ

116 5694 370 5763 ἀγενήτου
411 5692 633 5763 ποιῆσαί
663 5711 745 5757 τι,
780 5693 938 5765 δῆλον
982 5693 1057 5756 ὡς
1085 5692 1311 5746 δύναται
1353 5694 1381 5744 ὁ
1421 5693 1553 5752 Θεὸς
1596 5695 1692 5748 καὶ

118 5787 179 5840 ὲκ
212 5787 301 5840 τοῦ
345 5785 533 5850 ἀπλῶς
578 5787 652 5858 μὴ
698 5787 850 5850 δντος
895 5787 1120 5856 ποιῆσαί
1175 5805 1247 5839 τι.
1291 5786 1391 5838 Ἢν
1421 5786 1530 5858 γάρ
1579 5786 1689 5856 ἔχει

119 5880 587 5951 ἀνεπιτηδειότητα
619 5879 678 5932 τὸ
711 5881 784 5950 μὴ
815 5881 873 5935 ὃν
905 5881 1040 5955 πρὸς
1068 5881 1128 5933 τὸ
1163 5881 1236 5953 μὴ
1267 5879 1516 5949 γενέσθαι
1546 5899 1597 5933 τι
1632 5880 1688 5947 ἐξ

1791 4679 1994 4749 possit;
2031 4679 2087 4732 in
2120 4679 2344 4733 aeternis
2375 4686 2558 4733 autem
2594 4679 2943 4748 negationem
2983 4679 3163 4732 omnis
3211 4678 3378 4748 signi-

1793 4770 1919 4825 ﬁcat
1963 4771 2333 4841 generationis
2371 4778 2426 4825 et
2456 4772 2752 4840 prteteritaa
2785 4778 2842 4822 et
2880 4770 3096 4825 futurae.
3133 4769 3378 4840 Exempli

1790 4863 1966 4935 gratia
1999 4879 2095 4926 aes,
2127 4863 2274 4934 quod
2308 4862 2555 4918 futurum
2592 4870 2678 4918 est
2721 4869 2925 4925 statua,
2956 4870 3251 4931 antequam
3287 4861 3380 4914 ﬁat

1791 4963 1996 5020 statua,
2029 4955 2293 5010 inlectum
2328 4953 2495 5026 558
2521 4955 2724 5010 dicitur
2771 4955 3074 5011 secundum
3117 4953 3384 5023 privatio-

1791 5064 1948 5113 nem,
1992 5049 2123 5118 quia
2162 5056 2345 5120 poteSt
2381 5047 2502 5103 ﬁeri
2546 5057 2749 5104 statua.
2784 5048 2843 5101 in
2876 5047 2986 5101 Deo
3017 5053 3200 5102 autem
3229 5048 3380 5116 inge-

1791 5141 1968 5194 nitum
2001 5141 2344 5211 negationem
2375 5141 2556 5195 omnis
2585 5138 2862 5211 signiﬁcat
2890 5138 3262 5207 generationis
3293 5145 3374 5192 se"

1791 5233 2031 5287 ettndum
2074 5234 2465 5298 substantiam,
2503 5241 2618 5288 tum
2666 5233 2976 5303 praeteritae,
3007 5241 3120 5285 tum
3159 5231 3376 5286 futuraz.

1791 5325 1927 5380 Cum
1959 5342 2094 5396 ergo
2123 5328 2234 5380 duo
2265 5327 2378 5380 sint
2407 5325 2636 5396 ingeniti
2666 5325 2840 5380 modi:
2871 5336 2994 5378 utro
3027 5324 3268 5394 ingenita
3297 5333 3381 5379 est

1792 5420 2059 5474 materia?
2102 5417 2156 5473 Si
2194 5418 2414 5488 quidem
2445 5418 2746 5472 secundum
2783 5417 3186 5487 privationem;
3237 5417 3383 5485 inge-

1791 5512 1907 5566 nita
1943 5526 2074 5582 ergo
2116 5512 2368 5575 materia,
2396 5520 2455 5564 ut
2482 5526 2578 5565 aes.
2607 5509 2664 5563 Si
2696 5510 3004 5564 secundum
3033 5509 3378 5578 negationem

1792 5603 2031 5675 ingenita
2069 5603 2299 5658 materia
2340 5612 2459 5668 est;
2503 5603 2642 5657 nihil
2689 5619 2822 5672 ergo
2869 5602 2927 5656 ﬁt
2969 5602 3241 5656 materia:
3278 5617 3381 5655 nce

1792 5713 1957 5766 quam
2003 5697 2168 5752 habet
2197 5697 2466 5752 rationem
2497 5711 2573 5750 aes
2604 5695 2671 5749 ad
2715 5703 2976 5757 statuam,
3008 5709 3136 5756 eam,
3175 5695 3380 5749 habere

1793 5794 2006 5858 potest,
2046 5794 2110 5838 ut
2160 5786 2299 5840 dixit
2342 5786 2698 5848 Aristoteles,
2746 5787 2972 5839 materia
3010 5785 3077 5838 ad
3125 5787 3382 5840 substan-

1795 5883 1946 5936 tiam.
1977 5881 2033 5935 Si
2077 5881 2150 5935 ita
2180 5889 2264 5936 est
2308 5880 2546 5953 ingenita
2577 5880 2827 5946 materia,
2868 5888 2926 5933 ut
2960 5879 3126 5945 Deus,
3175 5895 3235 5934 ac
3282 5896 3383 5954 po-
