4104 6422
75 430 252 486 1517
815 430 1262 493 CONFUTATlO
1297 427 1743 503 QUORUMDAM
1783 395 2245 499 ARISTOTELIS
2278 444 2693 502 DOGMATUM.

211 549 320 601 15.
387 548 481 601 Ἐκ
510 547 615 602 τοῦ
645 548 929 622 δευτέρου
960 552 1099 622 Περὶ
1141 553 1401 620 οὐρανοῦ
1430 554 1618 622 λόγου
1751 561 1798 616 Α

690 620 1163 687 Ἀριστοτέλους.

172 751 194 783 ‹
214 729 368 785 ’0τί
407 731 503 803 μὲν
535 729 630 784 οὖν
663 732 722 784 οὑ
753 734 975 801 γέγονεν
1007 735 1035 786 ὁ
1068 736 1178 797 πᾶς
1204 735 1452 806 οὐρανὸς,
1482 735 1606 790 οὕτε
1639 739 1725 790 ὲν-

71 823 341 894 δέχεται.
395 823 686 894 φθαρῆναι,
728 824 979 897 καθάπερ
1022 826 1167 889 τινές
1210 837 1394 894 φασιν,
1430 826 1547 880 ἀλλ’
1581 827 1727 882 ἔστιν

79 908 180 976 εἷς
219 915 337 968 καὶ
377 914 566 978 ἀῖδιος,
597 914 775 987 ἀρχὴν
804 913 903 985 μὲν
937 916 1028 968 καὶ
1054 916 1310 987 τελευτὴν
1341 917 1440 970 οὐκ
1473 918 1611 988 ἔχων
1632 922 1724 974 τοῦ

3271 455 3410 513 1618

2003 559 2089 613 15.
2130 559 2215 612 Ea:
2240 564 2466 632 secundo
2499 563 2956 632 libroiAristotelis
2975 566 3055 622 De
3084 569 3232 628 caelo.

2319 631 2415 684 lib.
2448 645 2516 692 ll,
2546 649 2596 684 ιτ.
2633 631 2683 691 1.
2721 649 2774 700 p.
2801 631 2925 690 283.

1906 756 1923 786 ι
1953 736 2165 793 εωιυω
2200 742 2517 797 universum
2540 747 2784 813 genitum
2812 763 2921 802 non
2953 764 3100 815 esse,
3117 767 3296 824 neque
3326 757 3409 812 in-

1829 830 1998 884 terire
2027 848 2210 902 posse,
2244 842 2305 888 ut
2335 837 2586 890 nonnulli
2625 838 2837 905 dicunt,
2877 843 2974 897 sed
3000 859 3172 899 unum
3203 863 3328 903 esse
3356 857 3412 904 et

1827 930 2114 988 aeternum,
2148 927 2479 996 principium
2515 930 2735 998 quidem
2767 941 2821 986 et
2853 932 3016 989 ﬁnem
3052 951 3162 991 non
3201 938 3410 996 habens

1829 1015 1926 1068 aevi
1957 1017 2222 1080 universi,
2249 1018 2521 1074 inﬁnitum
2553 1030 2733 1077 autem
2769 1031 2983 1095 tempus
3008 1025 3064 1081 in
3097 1030 3283 1099 seipso
3312 1029 3410 1085 bas

1827 1106 1964 1162 hens
1984 1116 2037 1163 et
2063 1111 2455 1180 complectens,
2483 1113 2645 1169 ﬁdem
2667 1131 2732 1180 ea
2754 1133 2878 1186 quae
2897 1130 3026 1175 sunt
3050 1119 3199 1177 dicta
3228 1123 3414 1184 facere

1829 1210 2078 1269 possunt.
2117 1223 2135 1253 ι

1901 1291 2026 1346 Haec
2058 1293 2385 1350 Aristoteles
2414 1297 2482 1350 de
2512 1298 2653 1353 caalo
2682 1300 2925 1369 ingenito
2948 1301 3104 1357 dixit.
3124 1302 3260 1359 Vide
3287 1315 3410 1376 qua

1827 1383 1894 1439 de
1925 1387 2276 1456 generatione
2308 1389 2456 1444 illius
2485 1390 2632 1444 dicat
2662 1393 2718 1445 in
2747 1393 2925 1462 primo
2955 1394 3031 1449 De
3057 1397 3187 1451 caelo
3210 1398 3371 1456 libro.

83 1005 333 1067 παντὸς
371 1004 584 1068 αἰῶνος,
624 1005 764 1074 ἔχων
806 1006 864 1059 δὲ
911 1007 1006 1058 καὶ
1039 1007 1306 1076 περιέχων
1335 1009 1393 1059 ὲν
1423 1009 1600 1080 ἑαυτῷ
1628 1014 1724 1064 τὴν

82 1097 362 1167 ἄπειρον
398 1097 610 1167 χρόνον,
654 1095 718 1148 ἐκ
755 1113 814 1148 τε
847 1096 955 1148 τῶν
990 1097 1295 1167 εἰρημένων
1337 1099 1552 1165 ἐξέσται
1584 1100 1724 1170 λαμ-

87 1188 309 1240 δάνειν
343 1188 446 1259 τὴν
478 1181 679 1241 πίστιν.
712 1205 730 1239 ι

174 1279 394 1333 Ταῦτα
445 1282 574 1352 περὶ
619 1280 718 1351 τῆς
749 1280 1046 1350 ἀγενησίας
1087 1279 1182 1332 τοῦ
1227 1279 1460 1352 οὐρανοῦ
1498 1280 1667 1333 εἰπὼν
1699 1286 1727 1335 ὁ

101 1372 524 1444 Ἀριστοτέλης
557 1371 690 1443 (84),
721 1372 824 1443 ὅρα
853 1372 940 1425 οἵα
981 1372 1142 1425 πάλιν
1176 1373 1431 1443 περὶ-τῆς
1463 1374 1727 1442 γενέσεως

90 1467 290 1520 αὐτοῦ
318 1467 471 1534 λέγει
500 1469 556 1518 ὲν
586 1465 664 1535 τῷ
694 1463 896 1536 πρώτῳ
916 1463 1055 1531 Περὶ
1089 1451 1349 1532 οὐρανοῦ
1385 1464 1546 1535 λόγῳ.

177 1557 311 1629 [14.
364 1559 466 1611 Ἐκ
508 1558 616 1610 τοῦ
656 1557 892 1627 πρώτου
923 1557 1352 1624 Περὶοοὺρανοῦ
1385 1557 1619 1628 λόγουλ]

183 1666 204 1698 ι
242 1649 368 1703 Καὶ
397 1647 570 1719 ὀρθῶς
597 1648 770 1702 ἔοικεν
805 1651 837 1720 ἡ
866 1649 1026 1718 φύσις
1056 1648 1115 1700 τὸ
1140 1647 1330 1719 μέλλον
1361 1649 1578 1702 ἔσεσθαι
1608 1649 1729 1717 ἀγέ-

95 1747 280 1811 ννητον
316 1743 417 1794 καὶ
449 1741 746 1812 ἄφθαρτον,
776 1741 1054 1811 ἐξελέσθαι
1089 1743 1154 1794 ὲκ
1186 1741 1294 1794 τῶν
1336 1742 1595 1796 ἐναντίων
1615 1759 1627 1771 ·
1667 1743 1716 1794 ἑιν

1827 1729 2130 1798 ingenitum
2156 1740 2210 1787 et
2235 1733 2676 1804 incorruptibile,
2705 1739 2997 1795 contrariis
3021 1743 3313 1798 exemisse.
3344 1743 3405 1800 in

97 1836 229 1896 τοῖς
262 1833 540 1897 ἐναντίοις
565 1835 732 1905 γὰρὴ
761 1834 975 1903 γένεσις
1011 1835 1104 1886 καὶ
1141 1837 1172 1904 ὴ
1209 1834 1401 1904 φθορά.
1438 1853 1456 1886 ι

1827 1825 2121 1878 contrariis
2159 1826 2303 1879 enim
2333 1830 2614 1896 generatio
2644 1837 2696 1883 et
2730 1829 3010 1887 interitus.
3044 1850 3063 1883 ι

181 1925 254 1976 Εἰ
279 1923 399 1977 τῶν
426 1926 701 1979 ἀδυνάτων
733 1926 827 1996 μὲν
857 1926 1009 1978 οὐδὲν
1034 1925 1156 1978 οὔτε
1179 1927 1343 1989 ἐστὶν,
1362 1925 1486 1979 οὗτε
1503 1926 1716 1980 ἔσεσθαι

1896 1913 1955 1969 Si
1985 1931 2167 1970 rerum
2190 1918 2612 1987 impossibilium
2639 1921 2797 1975 nulla.
2817 1930 2902 1978 est
2923 1933 3017 1977 aut
3045 1940 3172 1981 esse
3186 1935 3402 1995 potest:

101 2013 354 2069 δυνατόν
370 2034 382 2046 °
406 2017 522 2069 ἐστὶ
545 2018 602 2070 δὲ
624 2015 733 2070 τῶν
752 2017 1024 2071 ἀδυνάτων
1044 2019 1106 2070 τὸ
1131 2017 1319 2087 μέλλον
1347 2017 1560 2070 ἔσεσθαι
1593 2018 1716 2086 ἀγέ-

1821 2017 1905 2063 est
1935 2017 2114 2063 autem
2146 2025 2236 2065 res
2262 2011 2641 2080 impossibilis,
2674 2021 2733 2070 ut
2757 2013 2903 2083 quod
2931 2013 3176 2070 futurum
3203 2024 3289 2073 est
3317 2018 3404 2074 in-

1987 1548 2008 1619 [
2031 1550 2115 1605 14.
2160 1551 2244 1602 Ea:
2263 1554 2433 1604 primo
2457 1553 2592 1608 libra
2616 1559 2688 1614 De
2716 1562 2866 1624 calo,
2894 1563 2990 1620 lib.
3023 1582 3062 1628 1,
3089 1583 3139 1621 c.
3174 1561 3281 1637 ηε]

1903 1657 1920 1688 ς
1950 1636 2016 1690 Et
2043 1653 2193 1694 reete
2221 1649 2436 1696 Videtur
2479 1655 2675 1696 natura
2710 1658 2764 1697 iu
2795 1658 2941 1714 quoa
2970 1660 3214 1704 iuturum
3259 1636 3410 1708 esset

101 2124 283 2177 νητον
320 2106 435 2178 (85)
472 2100 608 2162 εἷναι
633 2109 865 2180 ἄναρχὸν
894 2125 952 2160 τε
981 2110 1075 2162 καὶ
1101 2107 1475 2177 ἀτελεύτητον,
1512 2107 1632 2179 ἕχον
1659 2124 1718 2159 τε

104 2199 211 2251 καὶ
236 2195 497 2270 περιέχον
525 2202 583 2252 ὲν
604 2199 781 2269 ἑαυτῷ
813 2201 904 2254 τὸν
937 2201 1163 2270 ἄπειρον
1192 2198 1380 2270 χρόνον
1400 2209 1412 2228 ⁵
1437 2199 1586 2252 ἔσται
1611 2199 1718 2271 ἄρα

106 2293 139 2342 ὁ
174 2289 364 2342 ταῦτα
408 2290 579 2359 λέγων
612 2291 838 2344 δυνατοῦ
872 2309 931 2344 τε
965 2291 1057 2344 καὶ
1095 2289 1356 2343 ἀδυνάτου
1391 2290 1716 2363 πράγματος

108 2383 340 2449 ἀγνοῶν
373 2384 470 2454 τὴν
504 2383 786 2455 διαφοράν.

117 2495 209 2549 15.
249 2497 352 2548 Ἐκ
383 2496 490 2568 τοῦ
521 2496 751 2564 πρώτου
779 2499 919 2568 Περὶ
952 2488 1211 2565 οὐρανοῦ
1240 2499 1427 2565 λόγου
1456 2499 1717 2567 Ἀριστο-

423 2565 655 2632 τέλους,
689 2568 759 2619 ἐν
790 2565 869 2634 τῷ
898 2569 1054 2621 τέλει
1084 2569 1189 2621 τοῦ
1211 2569 1415 2637 λόγου.

197 2679 216 2711 ι
247 2659 422 2713 Οὐθὲν
454 2659 560 2732 γὰρ
594 2661 703 2714 ἀπὸ
746 2662 1086 2732 ταύτομάτου
1129 2658 1560 2732 οὗτε-ἄφθαρτον
1593 2660 1715 2714 οὔτε

113 2750 392 2822 ἀγένητον
423 2747 533 2805 οἷόν
558 2770 617 2804 τε
652 2747 808 2806 εἶναι.
841 2773 859 2803 ι

194 2842 326 2907 Πῶς
363 2840 454 2897 οὖν
503 2845 568 2898 ἄν
608 2863 690 2909 τις
733 2846 1041 2899 πιστεύσειε
1073 2846 1151 2924 τῷ
1182 2849 1468 2920 ἀμφότερα
1507 2848 1714 2918 λέγοντι

118 2937 256 3007 περὶ
282 2938 378 2990 τοῦ
409 2939 674 3010 οὐρανοῦ;
712 2928 800 3009 ΪΕν
832 2939 929 3010 μὲν
957 2939 1032 3010 τῷ
1060 2939 1328 3010 ἑνδεκάτῳ
1354 2940 1630 3012 κεφαλαίῳ
1654 2943 1715 2996 τὸ

119 3029 433 3098 αὐτόματον
475 3030 646 3082 αἴτιον
672 3025 807 3083 εἶναι
842 3031 990 3099 λέγει
1025 3032 1118 3084 τοῦ
1153 3032 1406 3105 οὐρανοῦ,
1447 3036 1503 3088 ὲν
1542 3033 1597 3087 δὲ
1636 3035 1714 3107 τῷ

119 3121 562 3194 τρισκαιδεκάτῳ
593 3123 828 3194 ἄναρχον
855 3140 915 3176 τε
957 3125 1052 3178 καὶ
1079 3125 1340 3196 ἀγένητον
1371 3121 1462 3179 τὸν
1487 3127 1712 3198 οὐρανὸν

121 3209 261 3268 εἶναι
291 3213 458 3282 λέγει.

245 3327 333 3382 16.
394 3329 486 3381 Ἐκ
518 3329 623 3382 τοῦ
654 3329 936 3399 δευτέρου
969 3330 1153 3397 λόγου
1185 3322 1296 3396 τῆς
1329 3328 1593 3399 Φυσικῆς

735 3398 1114 3466 Ἀκροάσεως.

204 3504 223 3536 ι
254 3486 436 3540 Διτταὶ
460 3487 514 3540 δὲ
542 3488 712 3560 ἀρχαὶ
740 3487 796 3540 αἱ
826 3487 1073 3557 κινοῦσαι
1101 3486 1373 3555 φυσικῶς*
1399 3481 1472 3541 ὧν
1491 3490 1524 3558 ἡ
1550 3489 1710 3560 έτέρα

126 3579 189 3631 οὐ
236 3580 462 3650 φυσική·
500 3581 559 3632 οὺ
603 3580 711 3652 γὰρ
758 3580 869 3650 ἔχει
916 3581 1180 3650 κινήσεως
1211 3580 1386 3651 ἀρχὴν
1423 3582 1479 3633 ὲν
1520 3583 1706 3653 ἑαυτῇ.

129 3664 376 3723 Τοιοῦτον
402 3670 457 3722 δέ
482 3671 629 3724 ἐστιν
662 3670 715 3722 ετ
735 3688 786 3723 τι
818 3671 959 3723 κινεῖ
1000 3671 1073 3740 μὴ
1105 3669 1418 3740 κινούμενον
1436 3687 1449 3700 ·
1483 3669 1623 3724 ὥστε
1649 3671 1710 3725 τό

128 3775 188 3813 τε
221 3761 494 3826 παντελῶς
526 3752 782 3835 ἀκίνητον
812 3756 905 3817 καὶ
936 3763 998 3815 τὸ
1025 3762 1244 3816 πάντων
1270 3763 1506 3835 πρῶτον.
1534 3783 1553 3815 ι

200 3934 320 4004 Πῶς
348 3940 412 3994 ἂν
443 3930 538 3995 οῦν
569 3943 810 4012 κινήσειε
840 3939 1086 4009 φυσικῶς
1113 3941 1146 4010 ἡ
1180 3940 1344 4012 ἁρχὴ,
1376 3942 1409 4011 ἡ
1444 3941 1580 4011 μήτε
1608 3957 1708 4008 φυ-

134 4035 256 4104 σικὴ
296 4030 444 4098 οὖσα,
485 4027 621 4106 μήτε
669 4033 810 4087 κατὰ
839 4035 998 4103 φύσιν
1034 4033 1289 4098 κινοῦσα;
1323 4035 1401 4104 Τῇ
1434 4033 1543 4102 γὰρ
1572 4034 1706 4106 μόνῃ

134 4129 323 4196 φυσικῇ
355 4127 492 4198 ἀρχῇ
533 4128 598 4198 τῇ
635 4126 776 4179 κατά
809 4125 968 4195 φύσιν
1009 4118 1231 4196 κινούσῃ
1269 4123 1561 4178 ἀκόλουθόν
1590 4125 1706 4178 ἐστι

133 4209 194 4268 τὸ
232 4217 466 4285 φυσικῶς
514 4221 702 4271 κινεῖν.
737 4219 800 4270 Εἰ
847 4217 989 4288 ἀρχὴ
1019 4220 1052 4288 ἡ
1091 4217 1164 4288 μὴ
1197 4214 1334 4270 οὖσα
1366 4218 1568 4288 φυσικὴ
1606 4219 1706 4272 οὐκ

136 4310 242 4380 ἔχει
273 4312 326 4363 ἐν
353 4311 516 4383 ἑαυτῇ
551 4312 727 4384 ἀρχὴν
773 4311 1061 4384 κινήσεως,
1091 4310 1268 4381 δῆλον,
1314 4310 1396 4362 ὃτι
1429 4312 1461 4381 ἡ
1503 4311 1701 4381 φυσικὴ

137 4406 270 4478 ἀρχὴ
301 4405 408 4478 ἔχει
448 4408 504 4459 ὲν
539 4407 704 4477 ἑαυτῇ
737 4408 919 4478 ἀρχὴν
950 4407 1234 4477 κινήσεως.
1254 4406 1391 4459 Ἀλλ’
1418 4408 1450 4477 ἡ
1487 4406 1630 4478 ἁρχὴ
1666 4409 1699 4477 ἡ

138 4500 297 4572 ἀρχὴν
324 4500 516 4570 ἔχουσα
546 4502 645 4552 οὐκ
674 4500 820 4568 ἔστιν
848 4501 1011 4571 ἀρχή.
1049 4501 1111 4552 Ei
1143 4502 1198 4552 ὲν
1232 4503 1344 4561 τοῖς
1369 4500 1551 4562 ἁῐδίως
1577 4500 1702 4566 ἀγε-

1821 2101 2062 2170 genitum
2094 2102 2165 2156 sit
2201 2118 2264 2156 ac
2307 2104 2582 2173 principio
2619 2113 2674 2159 et
2719 2105 2825 2160 ﬁne
2854 2117 3062 2172 careat,
3094 2109 3403 2181 habeatque

1819 2202 1872 2250 et
1923 2195 2318 2263 complectatur
2363 2197 2419 2250 in
2463 2197 2644 2267 seipso
2686 2196 2958 2253 inﬁnitum
3010 2208 3264 2272 tempus;
3294 2205 3402 2263 erit

1818 2305 1948 2360 ergo
1998 2290 2090 2359 qui
2135 2290 2251 2344 haec
2293 2290 2448 2354 dicit,
2481 2291 2825 2360 possibilium
2872 2300 2927 2347 et
2973 2292 3398 2364 impossibilium

1818 2382 2134 2437 diﬁ‘etentiae
2159 2384 2401 2454 ignarus.

1873 2499 1959 2554 15.
2005 2498 2086 2552 Ex
2112 2501 2281 2568 primo
2313 2500 2452 2554 libro
2482 2500 2790 2555 Aristotelis
2821 2501 2896 2555 De
2927 2502 3055 2556 caelo
3079 2541 3095 2568 ,
3130 2503 3187 2557 in
3214 2504 3338 2574 ﬁne.

1894 2674 1912 2708 ι
1944 2657 2088 2711 Nihil
2118 2659 2263 2712 enim
2287 2658 2432 2727 quod
2463 2657 2692 2713 fortuito
2725 2658 2804 2724 ﬁt,
2845 2657 3261 2730 incorruptibile
3302 2668 3398 2715 aut

1818 2753 2121 2822 ingenitum
2152 2766 2274 2806 esse
2298 2760 2499 2822 potest.
2534 2772 2552 2803 ι

1884 2846 2172 2912 Quomodo
2218 2863 2348 2917 ergo
2382 2845 2541 2900 ﬁdem
2573 2845 2698 2914 quis
2730 2847 2780 2900 ei
2807 2844 3026 2911 habeat,
3051 2845 3154 2915 qui
3181 2853 3398 2900 utrum-

1815 2954 1925 3009 que
1953 2939 2020 2994 de
2052 2941 2193 2995 coelo
2224 2939 2581 3010 pronuntiat?
2628 2937 2763 2992 Nam
2798 2938 2854 2991 in
2898 2938 3194 2992 undecimo
3219 2937 3399 3007 capite

1815 3030 2100 3087 fortuitum
2131 3047 2321 3087 casum
2357 3032 2490 3086 dicit
2517 3047 2642 3088 esse
2666 3031 2792 3085 coeli
2819 3045 3042 3087 causam
3077 3050 3090 3085 :
3128 3037 3184 3084 at
3213 3030 3269 3084 in
3297 3030 3396 3086 de-

1815 3126 1957 3180 cimo
1987 3129 2149 3182 tertio
2179 3126 2380 3179 coelum
2412 3124 2681 3194 principio
2713 3130 2767 3178 et
2808 3122 3159 3193 generatione
3189 3122 3266 3175 ait
3294 3136 3390 3181 ca-

1816 3235 1957 3275 rere.

1889 3333 1976 3387 16.
2020 3335 2104 3387 Ea:
2143 3329 2369 3385 secundo
2400 3327 2536 3381 libro
2571 3325 2855 3381 Naturalis
2877 3325 3320 3382 Ausaltatiom's.

2279 3391 2375 3446 lib.
2413 3406 2451 3456 1,
2475 3404 2524 3443 c.
2558 3389 2645 3451 ιε,
2675 3404 2730 3456 υ.
2761 3389 2888 3442 285.

1892 3489 1911 3521 ι
1941 3469 2057 3525 Duo
2085 3476 2266 3524 autem
2297 3475 2426 3524 sunt
2460 3467 2728 3536 principia
2761 3480 2883 3534 qua:
2915 3464 3243 3520 naturaliter
3273 3479 3394 3521 mo—

1813 3572 1941 3619 veut
1978 3584 1990 3617 :
2027 3577 2260 3633 quorum
2293 3561 2525 3615 alterum
2555 3558 2801 3613 naturale
2834 3573 2942 3611 non
2971 3567 3077 3622 est,
3111 3565 3221 3611 non
3245 3558 3390 3613 enim

1813 3659 1869 3712 in
1896 3657 2077 3726 seipso
2100 3656 2264 3709 habet
2288 3652 2550 3708 motionis
2571 3649 2924 3722 principium.
2944 3647 3230 3719 Ejusmodi
3259 3664 3394 3704 vero

1811 3760 1896 3807 est
1931 3751 1974 3805 si
2008 3749 2142 3821 quid
2171 3755 2409 3812 moveat,
2445 3760 2571 3800 cum
2607 3745 2788 3816 ipsum
2821 3757 2932 3797 non
2963 3743 3271 3807 moveatur,
3303 3755 3391 3796 uta

1811 3849 1937 3913 pote
1966 3840 2244 3896 immobile
2271 3852 2520 3909 prorsus,
2552 3843 2608 3891 et
2639 3836 2885 3891 omnium
2917 3833 3176 3904 primum.
3204 3854 3224 3887 ι

1883 3931 2166 3998 Quomodo
2217 3930 2385 4000 igitur
2433 3932 2649 3981 moveat
2679 3925 3004 3997 naturaliter
3031 3924 3387 3995 principium,

1808 4025 1954 4098 quod
1974 4039 2151 4094 neque
2178 4021 2427 4077 naturale
2453 4026 2559 4083 est,
2593 4033 2773 4088 neque
2801 4016 3102 4073 secundum
3124 4011 3388 4071 naturam

1807 4112 2032 4173 movet?
2062 4115 2173 4170 Soli
2201 4115 2346 4168 enim
2375 4112 2612 4178 naturali
2647 4109 2916 4180 principio
2955 4103 3258 4163 secundum
3288 4123 3392 4162 na-

1805 4219 1985 4265 turam
2021 4209 2258 4263 moventi
2293 4207 2611 4276 adjunctum
2657 4212 2740 4259 est
2775 4202 3100 4256 naturaliter
3143 4215 3381 4258 movere.

1809 4305 1866 4358 Si
1908 4303 2261 4374 principium,
2305 4298 2452 4370 quod
2500 4296 2749 4352 naturale
2799 4310 2906 4349 non
2950 4299 3056 4358 est,
3093 4292 3150 4346 in
3201 4293 3388 4363 seipso

1805 4397 2134 4467 principium
2165 4391 2422 4447 motionis
2460 4405 2571 4446 non
2617 4389 2808 4453 habet,
2848 4386 3020 4456 liquet
3048 4379 3383 4455 principium

1805 4485 2052 4545 naturale
2101 4488 2302 4542 habere
2346 4485 2399 4537 in
2449 4499 2507 4539 se
2554 4480 2886 4552 principium
2940 4477 3223 4537 motionis.
3275 4476 3383 4535 Sed

139 4589 306 4658 νήτοις
329 4590 476 4644 οὐδὲν
515 4582 730 4653 οὒδενὸς
762 4584 1025 4662 πρότερον
1063 4589 1095 4660 ἢ
1132 4582 1355 4662 ὕστερον
1384 4588 1517 4643 εἶναι
1546 4589 1701 4642 δύνα-

1814 4583 2155 4652 principium,
2187 4578 2332 4649 quod
2376 4575 2703 4647 principium
2744 4573 2928 4637 habet,
2951 4585 3075 4659 non
3108 4578 3192 4626 est
3231 4571 3385 4642 prin-
3465 4621 3468 4628 ,

139 4697 241 4742 ται,
269 4682 378 4745 πῶς
403 4683 435 4752 ἡ
468 4681 612 4754 ἀρχὴ
640 4682 912 4754 ἀκίνητος,
943 4683 976 4752 ἡ
1011 4683 1082 4753 μὴ
1115 4683 1425 4753 κινουμένη,
1451 4682 1693 4746 κινοῦσα,

141 4771 336 4825 πάντων
362 4772 572 4844 πρῶτόν
600 4774 767 4837 ἐστιν,
798 4773 829 4844 ἢ
864 4769 998 4836 ὅλως
1026 4774 1199 4844 ἀρχής

1802 4675 2027 4744 cipium.
2083 4670 2140 4726 Si
2169 4673 2222 4726 in
2257 4672 2363 4734 his,
2398 4685 2519 4738 qua:
2565 4667 2920 4739 sempiterne
2945 4652 3188 4734 ingenita
3229 4676 3379 4726 sunt,

1803 4768 2014 4822 nullum
2061 4766 2167 4819 alio
2217 4765 2370 4834 prius
2405 4769 2498 4816 aut
2542 4761 2818 4832 posterius
2850 4775 2974 4816 esse
3001 4767 3216 4832 potest:
3243 4770 3382 4828 quo-

142 4865 288 4918 modo
312 4865 656 4935 principium,
689 4865 832 4934 quod
861 4863 1139 4919 immobile
1197 4866 1313 4928 est,
1336 4870 1429 4916 aut
1486 4875 1594 4917 non
1647 4869 1914 4924 movetur,
1977 4859 2226 4929 quamvis
2274 4864 2508 4918 moveat,
2567 4857 2813 4908 omnium
2853 4854 3112 4923 primum
3144 4860 3247 4916 est,
3286 4857 3380 4904 aut

150 4957 352 5010 omnino
385 4957 750 5027 principium?

147 5050 223 5103 l7.
269 5051 354 5102 Ἐκ
384 5049 486 5102 τοῦ
514 5049 712 5116 τρίτου
731 5047 915 5117 λόγου
943 5041 1050 5116 τῆς
1068 5046 1254 5114 αὐτῆς
1273 5046 1687 5115 πραγματείας.

213 5158 229 5190 ι
254 5139 347 5193 Τοῦ
377 5140 431 5193 δὲ
458 5137 592 5192 εἶναι
622 5138 846 5211 ἄπειρον
876 5139 974 5209 τὴν
1008 5139 1189 5191 πίστιν
1235 5137 1594 5207 λαμϐάνουσιν
1627 5135 1689 5189 ἔκ

1810 4971 1968 5042 562
2007 4968 2093 5022 17.
2123 4962 2206 5018 Ea:
2235 4967 2389 5042 tertio
2427 4964 2559 5017 libro
2604 4958 3381 5042 εξυδόερι-οοιπηιεηιαιιοιιὲι.

2301 5037 2395 5091 lib.
2429 5051 2510 5096 Ill,
2535 5049 2584 5087 c.
2617 5033 2671 5096 4,
2700 5026 2902 5100 ρ.205.

1873 5149 1892 5181 ι
1912 5128 2184 5182 Inﬁnitum
2204 5141 2348 5190 esse,
2370 5125 2526 5180 ﬁdem
2553 5125 2716 5178 etiam
2739 5128 2996 5176 astruunt
3015 5135 3082 5175 ex
3102 5127 3376 5189 tempore;

143 5249 198 5285 τε
222 5231 303 5283 τοῦ
327 5226 511 5303 χρόνου
533 5249 545 5260 ·
576 5224 741 5294 οῦτος-
758 5231 866 5301 γὰρ
898 5229 1120 5299 ἄπειρός
1148 5231 1325 5281 ἐστιν’
1361 5228 1438 5281 ἔτι
1473 5227 1585 5299 (86)
1611 5227 1688 5297 τῷ

1818 5223 1850 5277 d
1880 5221 2026 5276 enim
2059 5219 2330 5273 inﬁnitum
2367 5237 2381 5272 :
2411 5216 2610 5271 deinde
2641 5216 2746 5271 hoc
2777 5213 3159 5293 tantummodo
3213 5227 3376 5283 gene-

145 5321 296 5385 οὕτως
320 5316 380 5374 ἂν
411 5320 584 5392 μόνως
609 5323 682 5392 μὴ
712 5321 1022 5374 ὑπολείπειν
1048 5315 1262 5387 γένεσιν
1291 5321 1384 5372 καὶ
1408 5319 1614 5390 φθορὰν
1644 5320 1691 5371 εἰ

1814 5311 1934 5364 'atio
1965 5321 2018 5364 et
2044 5309 2329 5379 corruptio
2361 5323 2469 5362 non
2500 5307 2776 5371 deﬁcient,
2810 5307 2856 5362 si
2888 5305 3164 5361 inﬁnitum
3188 5304 3282 5370 sit,
3303 5317 3377 5359 ex

147 5416 343 5486 ἄπειρον
367 5413 471 5484 εἴη,
497 5413 618 5467 ὅθεν
650 5415 964 5484 ἀφαιρεῖται
997 5411 1058 5464 τὸ
1091 5412 1391 5482 γινόμενον.
1419 5432 1437 5462 ι

209 5507 262 5558 El
288 5509 312 5558 ὁ
334 5505 516 5576 χρόνος
543 5505 629 5558 ἀεὶ
671 5506 728 5556 ὲν
757 5503 834 5574 τῷ
860 5503 1102 5572 γίνεσθαι
1131 5501 1190 5555 τὸ
1219 5498 1355 5554 εἴναι
1384 5501 1516 5572 ἕχει,
1549 5502 1608 5554 τὸ
1632 5502 1688 5554 δὲ

1792 5421 1902 5474 quo
1934 5405 2009 5468 id,
2039 5403 2185 5474 quod
2216 5419 2311 5472 per
2337 5402 2742 5473 generationem
2778 5401 2856 5466 ﬁt,
2888 5406 3134 5458 eruatur.
3172 5416 3192 5450 ι

1864 5496 1922 5550 Si
1956 5505 2172 5567 tempus
2202 5512 2417 5566 semper
2440 5497 2496 5550 in
2524 5511 2590 5551 eo
2620 5496 2766 5566 quod
2787 5502 3097 5564 generetur,
3117 5509 3252 5550 esse
3277 5494 3369 5548 ha-

148 5597 422 5668 γιγνόμενον
463 5595 568 5669 πρὸ
603 5594 697 5648 τοῦ
736 5594 979 5663 γίνεσθαι
1014 5595 1114 5646 οὐκ
1147 5589 1236 5664 ἦν,
1267 5592 1386 5654 πῶς
1414 5592 1639 5662 ἄπειρος
1663 5594 1688 5644 ὁ

1814 5601 1914 5657 iet;
1950 5591 2095 5660 quod
2139 5597 2319 5644 autem
2349 5597 2662 5660 generatur,
2694 5599 2987 5659 antequam
3018 5595 3375 5659 generaretur

211 5732 305 5813 (8Q
345 5733 404 5786 '0
465 5729 886 5813 Ἀριστοτέλης.
950 5733 1255 5787 Articulum
1313 5729 1678 5801 suppeditavit

1814 5729 2087 5813 [utentibus
2117 5729 2274 5813 locis.

151 5803 666 5946 Μδῖ›ἷ’ἱιὶιιο.ἑνητον.
706 5872 841 5945 Reg.
890 5874 915 5928 1
969 5871 1261 5944 ἀγέννητον
1304 5879 1360 5927 et
1389 5873 1469 5928 sic
1498 5873 1550 5926 in
1584 5887 1674 5928 se-

1853 5799 2157 5871 (86)A'E;u_.
2203 5795 2354 5852 Hanc
2383 5811 2570 5852 vocem
2594 5806 2658 5852 ex
2689 5797 2980 5871 Aristotele
3026 5793 3368 5862 desumptain

1781 5868 2018 5925 restituit
2045 5868 2390 5942 Sylbiirgius.
