4104 6422
67 358 281 446 ιδεῃ
788 375 1236 438 CONFUTATIO
1275 365 1717 443 QUORUMDAM
1752 361 2230 417 ARISTOTELIS
2265 361 2674 419 DOGMATUM.
3255 365 3397 420 {5‘22

59 505 223 558 ἐστὶ
264 503 345 555 τὸ
377 502 621 572 ἄπειρον,
643 499 720 569 τῷ
754 499 840 552 ἀεὶ
868 475 1009 552 νάλλο
1045 495 1139 547 καὶ
1170 491 1295 546 ἄλλο
1323 484 1704 560 λαμϐάνεσθαιε

1820 475 1979 529 habet
2012 485 2165 529 actus
2195 483 2248 530 et
2279 475 2542 546 potentia.
2575 474 2778 529 Eodem
2817 491 3042 546 prorsus
3076 477 3236 532 modo
3266 480 3392 533 inﬁ-

63 598 195 650 καὶ
229 596 309 648 τὸ
341 565 753 664 λαμϐανόμενον
781 591 876 659 μὲν
908 586 1020 658 (90)
1068 586 1155 640 ἀεὶ
1200 582 1611 653 πεπερασμένον
1643 576 1704 631 εἷ-

1819 567 1994 619 nitum
2026 574 2131 626 est,
2166 581 2231 619 eo
2253 565 2398 634 quod
2430 565 2574 619 aliud
2609 581 2823 634 semper
2855 573 3016 635 atque
3038 566 3183 622 aliud
3210 584 3398 625 suma-

65 705 214 751 ναι,
252 687 392 740 ἀλλ’
421 657 514 738 ἀεὶ
540 657 725 753 ἕτερον
755 657 848 736 καὶ
873 657 1076 752 ἕτερον.
1110 700 1126 731 ι

1819 670 1925 724 tur,
1965 667 2018 712 et
2047 659 2192 728 quod
2223 659 2462 712 sumitur
2491 673 2704 726 semper
2747 657 2957 711 ﬁnitum
2989 666 3094 725 est,
3125 658 3220 714 sed
3247 661 3395 718 aliud

1820 763 2038 816 semper
2065 759 2228 816 atque
2258 747 2424 800 aliud.
2456 767 2472 797 ι

167 846 249 898 Εἰ
302 843 437 896 κατ’
472 842 748 913 ἐνέργειαν
797 842 898 894 οὐκ
937 841 1052 894 ἔστι
1091 857 1142 892 τι
1185 839 1431 911 ἄπειρον,
1475 835 1704 904 δηλονότι

1891 837 1948 891 Si
1976 839 2116 892 nihil
2147 846 2272 892 actu
2307 837 2603 900 inﬁnitum,
2654 837 2910 891 nimirum
2954 835 3218 909 quidquid
3268 849 3392 894 actu

75 939 218 990 πᾶν
260 936 336 988 τὸ
371 936 620 1007 ἐνεργείᾳ
658 934 720 987 ὃν
755 935 843 988 ἀεὶ
887 933 1299 1004 πεπερασμένον
1348 930 1462 983 ἐστί
1496 948 1508 959 ο
1549 947 1704 982 πεπε-

1816 939 1918 992 est,
1944 945 2158 1000 semper
2190 929 2400 982 ﬁnitum
2425 937 2509 983 est
2535 947 2546 995 ;
2583 928 2795 982 ﬁnitum
2816 944 2944 983 vero
2975 945 3099 983 cum
3119 932 3210 994 sit,
3242 931 3394 1001 prin-

79 1031 409 1098 ρασμένον
445 1030 500 1082 δὲ
541 1028 621 1093 ὃν,
660 1027 719 1092 ὲιξ
752 1028 995 1097 ἀνάγκης
1043 1025 1216 1096 ἀρχὴν
1261 1024 1410 1094 ἔχει*
1445 1024 1616 1092 ἀρχὴν
1658 1021 1704 1073 δὲ

1816 1022 2015 1090 eipium
2050 1021 2244 1074 habeat
2270 1033 2494 1074 necesse
2525 1027 2627 1076 est.
2669 1012 2842 1074 Porro
2893 1036 3016 1075 cum
3061 1021 3391 1091 principium

79 1119 260 1188 ἔχον,
319 1119 386 1184 ἐξ
419 1119 663 1188 ἀνάγκης
710 1119 827 1170 ἐστὶ
860 1116 1084 1187 γενητόν
1160 1117 1384 1184 γενητὸν
1430 1113 1487 1165 δὲ
1521 1116 1598 1176 ὃν,
1646 1109 1704 1183 ἦν

1814 1113 2045 1175 habeat,
2096 1113 2414 1165 necessario
2456 1112 2697 1181 genitum
2748 1121 2869 1179 est;
2917 1114 3158 1182 genitum
3209 1122 3389 1168 autem

79 1209 220 1280 ἄρα.
283 1211 429 1263 ποτὲ
474 1211 563 1263 ὅτε
611 1212 710 1262 οὐκ
751 1205 839 1278 ἦν.
894 1208 1063 1260 Τοῦτο
1108 1208 1200 1260 ἐπὶ
1239 1204 1437 1283 παντὸς
1484 1203 1704 1272 ἀπείρου

1813 1219 1938 1256 eum
1973 1204 2064 1267 sit,
2101 1202 2200 1256 fuit
2231 1203 2526 1272 aliquando
2552 1219 2675 1257 cum
2698 1219 2808 1258 non
2831 1217 2992 1261 esset.
3018 1205 3131 1261 Hoc
3162 1206 3215 1260 in
3243 1209 3394 1262 omni

82 1302 427 1373 προσθέσει
458 1319 516 1355 τε
551 1302 642 1355 καὶ
681 1301 990 1371 ἀφαιρέσει,
1027 1299 1253 1367 δυνάμει
1286 1314 1345 1348 τε
1385 1295 1479 1348 καὶ
1511 1293 1704 1366 διαιρέ-

1813 1304 1898 1350 est
1920 1295 2156 1359 inﬁnito,
2187 1296 2302 1349 sive
2346 1295 2665 1349 accessione
2701 1305 2753 1349 et
2784 1295 3122 1362 decessione,
3160 1299 3274 1352 sive
3305 1316 3392 1367 pn-

86 1413 189 1450 σει
217 1395 557 1467 λεγομένου.

1812 1389 1982 1443 tentia
2018 1398 2070 1443 et
2099 1389 2369 1442 divisione
2397 1388 2636 1442 dicatur.

501 1483 590 1537 21.
639 1483 749 1545 Ἐκ¹
779 1483 880 1536 τοῦ
918 1481 1102 1535 αὐτοῦ
1133 1480 1338 1549 λόγου.

1908 1481 1998 1536 21.
2033 1483 2115 1537 Ea:
2147 1485 2320 1537 eodem
2356 1481 2511 1549 libro,
2544 1481 2616 1537 cf.
2651 1484 2743 1538 lib.
2776 1498 2856 1548 ιιι,
2891 1496 2940 1535 c.
2968 1479 3021 1543 6,
3052 1496 3105 1549 p.
3135 1477 3259 1533 207.

181 1595 204 1627 ‹
260 1576 396 1630 Οὐδ’
429 1575 485 1628 εἰ
517 1593 565 1628 τι
610 1573 713 1638 ἔξω
747 1576 882 1636 ἐστὶ,
919 1573 1075 1626 τοῦτο
1109 1572 1334 1643 ἄπειρόν
1369 1572 1548 1622 ἐστιν·
1577 1566 1704 1622 ἀλλά

1891 1591 1909 1622 ι
1946 1553 2133 1640 Neque
2176 1572 2224 1627 si
2267 1572 2398 1642 quid
2431 1581 2584 1626 extra
2628 1577 2732 1633 est,
2765 1569 2817 1623 id
2845 1569 3116 1623 inﬁnitum
3147 1576 3251 1623 est.
3286 1565 3424 1620 Sed”

85 1667 164 1720 τὺ
202 1667 511 1737 δεχόμενον
535 1667 597 1719 τὸ
627 1665 826 1730 ἔξωθεν
854 1666 1035 1735 μεῖζον
1059 1665 1266 1731 γίνεται
1302 1658 1362 1716 οὗ
1395 1658 1464 1732 ἦν
1492 1660 1596 1729 πρὸ
1616 1657 1704 1710 τοῦ

1813 1662 1960 1731 quod
2008 1661 2201 1732 recipit
2247 1662 2300 1717 id
2347 1662 2494 1732 quod
2537 1662 2883 1716 extrinsecus
2919 1661 3084 1725 venit,
3125 1661 3302 1730 majus
3333 1661 3392 1713 ﬁt

87 1759 386 1824 δέξασθαι
413 1759 475 1811 τὸ
519 1757 838 1823 ἔξωθεν.’Ἰ’δ
871 1757 926 1810 δὲ
952 1760 1018 1827 τῇ
1064 1755 1348 1828 προσθήκῃ
1381 1752 1476 1806 τοῦ
1512 1752 1704 1818 ἔξωθεν

1814 1768 1976 1828 quam
2015 1760 2306 1824 antequam
2352 1755 2485 1813 illud
2527 1755 2875 1808 extrinsecus
2916 1753 3200 1822 reciperet.
3234 1752 3391 1817 Quod

98 1818 312 1922 paiﬁov
342 1851 539 1904 ἑαυτοῦ
561 1818 908 1921 γιγνόμενον,
931 1818 1018 1904 ἀεί
1041 1818 1452 1920 πεπερασμένον
1486 1848 1650 1900 ἐστίν.
1685 1867 1702 1897 ›

1813 1827 1991 1900 autem
2045 1847 2363 1902 accessione
2411 1845 2598 1907 illius.
2635 1845 2780 1915 quod
2833 1844 3177 1901 extrinsecus
3221 1845 3388 1908 venit,

1813 1938 1990 2006 majus
2019 1940 2200 2007 seipso
2235 1939 2310 2004 ﬁt,
2344 1954 2560 2009 semper
2592 1938 2801 1991 ﬁnitum
2835 1945 2936 1993 est.
2986 1956 3005 1988 ι

181 2027 251 2081 ΕΞ
308 2026 376 2079 τὸ
423 2026 648 2097 ἄπειρον
694 2027 781 2079 ἀεὶ
826 2029 885 2079 ὲν
929 2027 1214 2099 προσθήκῃ
1260 2028 1354 2080 καὶ
1401 2026 1704 2097 ἀφαιρέσει,

1884 2029 1941 2083 Si
1974 2030 2245 2084 inﬁnitum
2277 2047 2492 2101 semper
2515 2032 2571 2086 in
2607 2031 2925 2086 accessione
2960 2039 3014 2086 et
3037 2020 3388 2096 decessione;

99 2116 199 2172 ἀεὶ
237 2119 356 2189 ἄρα
380 2121 438 2172 ὲν
468 2119 679 2187 γενέσει
715 2118 899 2190 (91)τὸ
915 2119 1159 2190 ἄπειρον.
1197 2117 1320 2182 Πῶς
1351 2114 1443 2171 οὖν
1475 2117 1704 2188 ἄναρχον

1809 2116 2023 2193 semper
2056 2139 2187 2193 ergo
2232 2115 2525 2194 generatur
2577 2124 2870 2178 inﬁnitum.
2903 2122 3190 2188 Quomodo
3221 2123 3393 2192 igitur

100 2212 172 2263 τὸ
207 2211 304 2264 ἀεὶ
353 2212 412 2264 ὲν
436 2210 515 2280 τῷ
567 2211 811 2278 γίνεσθαι
851 2212 914 2264 τὸ
955 2207 1092 2265 εἶναι
1125 2212 1277 2291 ξχον;
1315 2209 1546 2280 Γενητὸν
1600 2209 1704 2280 γὰρ

1811 2215 2078 2286 principio
2109 2290 2112 2292 η
2145 2223 2317 2278 caret,
2371 2217 2516 2286 quod
2570 2231 2786 2284 semper
2839 2216 2891 2268 in
2944 2229 3008 2270 eo
3060 2231 3181 2270 esse
3227 2216 3393 2269 habet

101 2304 364 2378 ἄναρχον
397 2306 498 2359 οὐκ
533 2306 697 2359 ἐστιν.

493 2394 582 2451 22.
635 2396 730 2448 Ἐκ
765 2395 870 2448 τοῦ
909 2395 1095 2448 αὑτοῦ
1133 2395 1340 2464 λόγου.

191 2503 212 2535 ι
264 2485 520 2557 Ἀπειροι
549 2487 604 2539 αἱ
635 2486 936 2558 διχοτομίαι
969 2487 1062 2540 τοῦ
1111 2473 1402 2557 μεγέθους·
1441 2485 1583 2540 ὥστε
1612 2482 1706 2538 δυ-

83 2574 285 2645 ·νάμει
322 2575 424 2646 μὲν
457 2574 622 2640 ἐστιν,
655 2576 902 2648 ἐνεργείᾳ
934 2576 991 2630 δὲ
1025 2575 1085 2628 οὗ
1113 2594 1125 2606 ·
1166 2577 1281 2630 ἀλλ’
1315 2577 1403 2631 ἀεὶ
1437 2575 1709 2648 ὑπερὸάλ-

106 2665 199 2720 lat
243 2667 310 2720 τὸ
356 2666 766 2739 λαμὸανόμενον
825 2670 1024 2733 παντὸς
1062 2669 1371 2741 ὡρισμένου
1425 2668 1663 2740 πλήθους
1688 2684 1703 2698 ·

112 2758 240 2812 ἀλλ’
271 2758 373 2828 οὐχ
393 2758 610 2842 ὁριστδς
629 2754 784 2822 οὗτος
817 2761 845 2811 ὁ
877 2760 1127 2832 ἀριθμὸς,
1156 2759 1274 2812 οὐδὲ
1311 2759 1460 2830 μένει
1487 2761 1520 2830 ἡ
1554 2761 1711 2812 ἀπει-

117 2851 240 2923 ρία,
278 2850 418 2904 ἀλλά
455 2851 684 2919 γίνεται,
728 2851 917 2924 ὥσπερ
955 2854 1048 2906 καὶ
1093 2854 1122 2904 ὁ
1159 2853 1369 2925 χρόνος,
1404 2852 1558 2935 καὶςό
1589 2853 1710 2923 ἀρι-

113 2944 262 3016 θμὸς
293 2944 388 2998 τοῦ
415 2945 628 3015 χρόνου.
678 2962 697 2995 ι

196 3035 270 3088 Et-
292 3035 359 3089 οὐ
391 3036 540 3106 μένει
563 3038 596 3106 ἡ
633 3035 876 3107 ἀπειρία,
911 3035 1048 3088 ἀλλά
1079 3035 1286 3111 γίνεται
1321 3033 1511 3105 ὥσπερ
1545 3033 1638 3087 καὶ
1677 3033 1705 3084 ό

1809 2308 1953 2378 quod
1986 2307 2284 2379 gignatur?
2307 2305 2561 2372 Genitum
2590 2309 2732 2360 enim
2770 2307 3040 2377 principio
3080 2321 3186 2359 non
3219 2316 3390 2362 caret.

2016 2403 2109 2457 22.
2139 2401 2220 2456 Ea:
2249 2389 2429 2460 eodem
2455 2403 2610 2468 libro,
2634 2404 2788 2468 ibid.,
2818 2417 2866 2457 c.
2895 2402 2947 2456 7.
2974 2412 3026 2458 n.
3064 2397 3188 2454 207.

1885 2504 1905 2538 ι
1947 2486 2174 2540 Inﬁnita:
2226 2486 2527 2541 divisiones
2564 2482 2998 2555 magnitudinis:
3059 2496 3232 2552 quare
3289 2497 3394 2551 po-

1811 2588 2009 2636 testate
2072 2581 2290 2652 quidem
2354 2587 2440 2636 est
2497 2578 2794 2641 inﬁnitum,
2832 2586 2958 2631 actu
3014 2590 3146 2630 vero
3180 2590 3392 2646 nequa-
3503 2632 3508 2637 ,

1807 2688 1997 2744 quam.
2030 2670 2139 2728 Sed
2173 2688 2389 2743 semper
2428 2672 2478 2726 id
2516 2658 2661 2741 quod
2700 2667 2998 2724 assumitur
3032 2667 3239 2732 ﬁnitam
3273 2665 3392 2722 dm-

1810 2783 1933 2823 nem
1968 2765 2376 2820 multitudinem
2410 2764 2646 2820 excedit.
2677 2763 2746 2817 At
2783 2758 2928 2817 ﬁniri
2951 2776 3062 2815 non
3094 2766 3275 2831 potest
3299 2759 3392 2814 ille

1809 2876 2106 2926 numerus;
2141 2874 2242 2924 nec
2277 2867 2461 2913 manet
2495 2857 2760 2920 inﬁnitas,
2796 2857 2891 2910 sed
2923 2856 3002 2918 ﬁt,
3037 2853 3415 2925 quemadmo--

1809 2956 1938 3010 dum
1973 2963 2030 3011 et
2062 2961 2280 3024 tempus
2313 2959 2367 3006 et
2400 2966 2665 3007 numerus
2694 2948 2976 3020 temporis.
3023 2967 3041 3000 ι
3309 2952 3312 2956 ’

1887 3048 1946 3103 Si
1984 3063 2095 3118 non
2129 3053 2317 3106 manet,
2349 3045 2617 3110 inﬁnitas,
2650 3041 2744 3098 sed
2800 3041 2879 3106 ﬁt,
2930 3029 3392 3112 quemadmodum

120 3125 340 3199 χρόνος,
376 3128 472 3180 καὶ
501 3130 531 3180 ὁ
561 3127 791 3198 ἀριθμὸς
820 3126 913 3179 τοῦ
959 3127 1172 3198 χρόνου,
1208 3125 1358 3178 οὐδὲν
1391 3123 1500 3196 ἄρα
1543 3125 1702 3179 ἀπει-

1809 3149 1863 3198 et
1909 3150 2127 3210 tempus
2159 3148 2212 3193 et
2262 3153 2526 3194 numerus
2563 3137 2859 3205 temporis;
2897 3129 3107 3188 nullum
3143 3147 3274 3202 ergo
3307 3133 3393 3186 in-

127 3231 222 3288 ρον
244 3216 528 3288 ἀγένητον.
555 3218 618 3269 Et
642 3217 698 3270 δὲ
722 3219 829 3271 πᾶν
853 3217 1077 3288 ἄπειρον
1101 3215 1346 3287 γενητὸν,
1367 3215 1570 3288 γενητὰ
1598 3217 1704 3287 ἄρα

126 3308 224 3360 καὶ
261 3305 332 3359 τά
362 3305 496 3361 ἄλλα
530 3307 705 3361 πάντα
739 3308 798 3360 ὲν
827 3301 908 3370 οἷς
942 3306 1158 3375 λέγεται
1191 3302 1422 3381 εἶναιτὸ
1454 3305 1702 3377 ἄπειρον.

128 3397 194 3450 Εἰ
223 3400 285 3449 τὸ
319 3399 614 3468 συμϐαῖνον
656 3398 735 3469 τῷ
767 3399 979 3469 ἀπείρῳ
1021 3397 1079 3464 ὲξ
1129 3398 1374 3468 ἀνάγκης
1423 3398 1706 3468 συμϐαίνει

133 3487 401 3551 κάκείνοις
434 3490 491 3541 ὲν
523 3484 605 3553 οἷς
649 3491 797 3542 ἐστιν
835 3491 868 3561 ὴ
916 3489 1177 3561 ἀπειρίαο
1215 3490 1502 3560 συμὸαίνει
1534 3490 1591 3543 δὲ
1629 3489 1707 3561 τῷ

132 3577 343 3649 ἀπείρῳ
372 3579 434 3632 τὸ
465 3580 717 3648 γενέσθαι
749 3581 841 3633 καὶ
873 3580 933 3633 τὸ
967 3577 1105 3633 εἶναι
1140 3581 1412 3652 ἠργμένον
1432 3598 1445 3610 ο
1481 3581 1706 3650 γενητὸς

135 3669 243 3742 ἄρα
264 3673 291 3724 ὁ
315 3671 500 3743 χρόνος
523 3673 618 3724 καὶ
637 3672 910 3744 ἠργμένος
933 3689 945 3701 ·
982 3671 1242 3734 ὡσαύτως
1273 3671 1328 3725 δὲ
1361 3675 1452 3726 καὶ
1486 3676 1517 3745 ἡ
1553 3673 1706 3743 κίνη-

139 3765 240 3827 σις,
265 3757 332 3836 ἦς
366 3765 393 3816 ὁ
422 3763 614 3835 χρόνος
639 3765 786 3817 ἐστὶν
821 3763 1073 3835 ἀριθμός.
1478 3828 1480 3830 _
1576 3751 1580 3754 ’

138 3942 335 3998 25.Ἐκ
378 3944 486 3998 τοῦ
528 3942 811 4018 τετάρτου
846 3945 1033 4066 λῗνου
1068 3943 1179 4013 τῆς
1216 3943 1403 4014 αὐτῆς
1435 3960 1704 4013 πραγμα-

822 4031 887 4066 τε
910 4031 1015 4066 ac;

822 4031 1015 4080 τειαςτ

213 4122 235 4155 ι
276 4103 347 4157 To
374 4103 482 4175 γὰρ
516 4104 590 4181 μὴ
623 4104 684 4158 ὃν
714 4104 950 4175 οὐδαμοῦ
970 4100 1128 4172 εἶναι.
1179 4124 1198 4157 ι

196 4184 328 4259 Πῶς
359 4190 449 4248 οὖν
473 4193 582 4265 (92)
609 4197 643 4266 ἡ
681 4194 802 4265 ὕλη,
842 4189 1008 4266 μηδὲν
1033 4191 1195 4261 οὖσα,
1221 4197 1358 4268 μήτε
1385 4195 1542 4249 οὐσία
1568 4193 1704 4268 μήτε

141 4287 220 4353 ὃν,
257 4288 385 4358 μήτε
407 4286 527 4339 τόδε
556 4303 610 4337 τι
637 4302 651 4350 ;

479 4377 568 4430 24.
623 4377 720 4430 Ἐκ
751 4375 858 4430 τοῦ
887 4369 1073 4430 αὐτοῦ
1109 4378 1313 4445 λόγου.

219 4489 238 4522 ι
280 4468 451 4534 Δόξειε
493 4467 604 4540 (95)
656 4469 700 4521 δ’
749 4469 814 4522 ἂν
861 4471 956 4522 καὶ
1002 4469 1241 4532 Ἠσίοδος
1284 4469 1458 4541 ὀρθῶς
1502 4470 1702 4539 λέγειν,

151 4564 365 4634 ποιήσας
397 4561 611 4633 πρῶτον
644 4561 706 4614 τὸ
733 4562 863 4631 χάος
881 4579 893 4591 ’
919 4561 1069 4630 λέγει
1102 4561 1233 4632 γοῦν
1251 4578 1265 4591 ·

152 4653 379 4709 Πάντων
403 4654 519 4722 μὲν
542 4651 843 4720 πρώτιστα
873 4652 1028 4718 Χάος
1058 4653 1266 4723 γένετ’,
1290 4652 1478 4719 αὐτὰρ
1501 4653 1706 4706 ἔπειτα

218 4723 334 4778 Γαῖ’
363 4726 778 4791 εὐρύστερνος.

164 4836 244 4898 Ὦς
275 4835 383 4890 δέον
419 4831 635 4906 πρῶτον
672 4834 909 4908 ὑπάρξαι
953 4835 1136 4908 χώραν
1180 4840 1294 4900 τοῖς
1334 4832 1472 4903 οὖσι,
1511 4836 1600 4890 διὰ
1642 4837 1703 4890 τὸ

165 4925 393 5000 δομίζειν,
433 4919 624 4998 ὥσπερ
657 4928 705 4980 οἱ
742 4927 948 4994 πολλοὶ,
984 4929 1161 4982 πάντα
1195 4924 1333 4983 εἶναι
1369 4946 1471 4983 που
1520 4930 1615 4982 καὶ
1646 4932 1704 4983 ὲν

155 5020 306 5092 τόπῳ.
331 5021 391 5074 Et
420 5018 479 5076 δέ
511 5022 626 5075 ἐστι
656 5021 897 5075 τοιοῦτον
932 5021 1063 5090 (94),
1092 5021 1375 5093 θαυμαστή
1408 5039 1492 5085 τις
1527 5019 1593 5075 ἂν
1616 5019 1702 5091 εἴη

156 5117 189 5187 ἡ
223 5113 305 5167 τοῦ
337 5113 499 5167 τόπου
529 5113 778 5186 δύναμις,
815 5115 909 5167 καὶ
942 5114 1184 5187 προτέρα
1215 5115 1451 5167 πάντων.
1488 5109 1563 5168 Οὖ
1593 5115 1703 5185 γὰρ

159 5207 271 5262 ἄνευ
289 5206 387 5260 τῶν
407 5205 580 5261 ἀλλων
606 5207 756 5261 οὐδέν
782 5208 949 5270 ἐστιν,
969 5207 1146 5259 ἐκεῖνο
1166 5205 1272 5260 τῶν
1294 5205 1467 5260 ἄλλων
1488 5207 1698 5277 ἀνάγκη

161 5298 349 5373 πρῶτον
378 5295 536 5354 εἶναι.
585 5319 604 5352 ι
665 5371 668 5374 ”

224 5500 319 5573 (90)
354 5502 809 5573 Λαμσανόμενον
827 5501 959 5571 μὲν.
1007 5499 1211 5556 Vocula
1268 5501 1449 5557 addita
1500 5517 1530 5554 a
1580 5500 1701 5573 Syl-

164 5572 336 5641 burgio
355 5588 417 5625 ex
439 5572 568 5626 edit.
602 5573 937 5629 Aristotelis.
1119 5577 1128 5583 ’

229 5641 323 5714 (91)
350 5642 612 5714 Γεγέσει.
634 5644 712 5714 lta
736 5642 869 5714 Reg.
898 5644 924 5696 1
957 5641 1098 5696 haud
1131 5643 1292 5714 paulo
1319 5643 1513 5697 melius
1534 5659 1695 5710 quam

164 5713 278 5785 editi
305 5712 593 5785 προσθήκῃ.
619 5713 882 5785 Caeterum
908 5715 1140 5785 monebo
1162 5714 1215 5765 in
1249 5713 1351 5767 hoc
1376 5723 1424 5767 et
1439 5715 1696 5785 sequenti

169 5783 440 5838 Aristotelis
474 5783 594 5839 loco
625 5799 736 5840 non
765 5783 950 5850 verba,
985 5784 1081 5839 sed
1115 5800 1336 5840 sensum
1377 5783 1587 5839 referri.

1735 4520 1782 4574 D

1809 3234 2022 3288 ﬁnitum
2075 3232 2220 3302 quod
2260 3231 2536 3301 principio
2583 3238 2788 3284 careat.
2828 3228 2987 3294 Quod
3035 3227 3081 3282 si
3119 3226 3390 3280 inﬁnitum

1809 3339 1971 3379 omne
2001 3323 2248 3394 genitum
2279 3331 2414 3388 est;
2463 3322 2646 3391 genita
2681 3334 2810 3393 ergo
2844 3328 2898 3375 et
2931 3319 3038 3373 alia
3089 3319 3296 3381 omnia,
3335 3317 3390 3373 in

1807 3418 2008 3488 quibus
2058 3417 2260 3471 dicitur
2290 3431 2412 3471 esse
2447 3414 2745 3469 inﬁnitum.
2783 3411 2840 3466 Si
2877 3413 3023 3489 quod
3055 3411 3255 3466 accidit
3306 3411 3394 3467 in-

1809 3509 1984 3574 ﬁnito,
2021 3509 2076 3563 id
2109 3521 2336 3566 necesse
2361 3515 2446 3561 est
2473 3515 2528 3560 et
2559 3506 2628 3561 iis
2656 3504 2924 3568 accidere,
2967 3503 3026 3559 in
3070 3504 3273 3574 quibus
3306 3512 3392 3557 est

1810 3601 2074 3668 inﬁnitas;
2105 3600 2305 3656 accidit
2362 3609 2546 3654 autem
2619 3583 2853 3661 inﬁnito,
2909 3605 2970 3652 ut
3022 3602 3391 3667 genereturet

1809 3694 2125 3749 inchoatum
2201 3693 2325 3759 sit;
2400 3692 2645 3762 genitum
2726 3705 2856 3760 ergo
2881 3759 2889 3767 Α,
2917 3700 3153 3758 tempus
3184 3696 3242 3744 et
3306 3690 3388 3742 in-

1808 3797 2089 3852 cnoatum,
2125 3786 2377 3841 similiter
2407 3791 2462 3840 et
2494 3792 2700 3847 motus,
2735 3783 2894 3852 cujus
2925 3792 3146 3852 tempus
3164 3793 3248 3837 est
3282 3797 3387 3834 nu-

1810 3891 2015 3931 merus.
2076 3930 2168 3998 23.
2200 3942 2286 3996 Ex
2326 3944 2459 3998 libro
2489 3953 2680 4012 quarto
2711 3943 2947 4012 ejusdem
2981 3944 3172 4012 operis.

2293 4012 2390 4067 lib.
2427 4028 2500 4076 ιν,
2528 4026 2579 4065 c.
2616 4011 2669 4076 ι,
2700 4010 2754 4082 ιιι
2785 4010 2912 4066 eos.

1885 4123 1904 4154 ι
1935 4101 2091 4168 Quod
2123 4101 2271 4156 enim
2303 4115 2413 4154 non
2448 4108 2550 4163 est,
2585 4113 2860 4168 nusquam
2894 4105 3007 4152 est.-

1881 4194 1994 4271 Ubi.
2013 4211 2143 4265 ergo
2164 4193 2414 4257 materia,
2451 4208 2573 4262 quae
2600 4192 2739 4245 nihil
2763 4199 2876 4252 est,
2914 4205 3092 4258 neque
3125 4189 3385 4244 substan-

1811 4300 1907 4356 tia,
1943 4299 2117 4359 neque
2150 4303 2272 4352 ens,
2307 4301 2487 4356 neque
2512 4293 2732 4340 certum
2768 4282 2932 4351 quid?

1836 4371 1841 4376 ’
1944 4385 2112 4458 564
2139 4385 2229 4439 at.
2269 4379 2556 4436 ιςπ-εοᾱρπι
2586 4377 2744 4441 um,
2773 4370 2930 4433 ibid,
2962 4380 3018 4434 p.
3048 4360 3262 4426 eos“.

1884 4471 2113 4528 Videtur
2143 4482 2278 4525 sane
2301 4479 2357 4523 et
2389 4467 2658 4522 Hesiodus
2689 4473 2837 4520 recte
2869 4464 3076 4527 dicere,
3110 4475 3237 4514 eum
3274 4459 3384 4528 pri-

1809 4579 1959 4618 mum
1984 4564 2166 4619 chaos
2191 4561 2580 4617 esse'statuit..
2597 4559 2688 4611 Ait
2725 4558 2922 4626 igitur:

1809 4656 2060 4711 Omnium
2074 4655 2280 4726 quidem
2293 4654 2518 4722 primum
2538 4650 2739 4718 factum
2755 4658 2831 4703 est
2848 4646 3024 4704 Chaos
3038 4663 3056 4700 .·
3071 4643 3258 4699 deinde
3271 4660 3385 4698 vero

1880 4727 2045 4780 Terra
2077 4729 2181 4780 late
2218 4734 2422 4794 patens.

1876 4844 2087 4912 Quippe
2122 4857 2257 4894 cum.
2281 4855 2382 4909 par
2415 4839 2507 4900 sit,
2541 4845 2600 4891 ut
2633 4837 2870 4907 primum
2905 4837 3059 4890 locus
3104 4831 3251 4886 adsit
3299 4831 3384 4883 his

1802 4949 1924 5003 qua:
1958 4941 2104 4988 sunt.
2143 4932 2504 4987 Ex-istimabat
2537 4931 2704 4994 enim,
2731 4938 2789 4983 ut
2829 4930 3005 4994 multi,
3042 4927 3226 4981 omnia
3261 4941 3386 4978 csse

1804 5027 2004 5082 alicubi
2039 5035 2093 5081 et
2137 5026 2192 5080 in
2228 5027 2367 5080 loco.
2417 5025 2573 5092 Quod
2623 5025 2670 5078 si
2705 5024 2779 5077 ita
2814 5031 2920 5085 est,
2958 5021 3226 5075 mirabilis
3251 5034 3384 5074 sane

1804 5121 1968 5176 fuerit
1998 5121 2104 5174 loci
2136 5120 2313 5175 virtus
2344 5126 2398 5174 et
2431 5117 2674 5172 omnium
2710 5117 2905 5186 prima.
2935 5114 3065 5170 Sine
3091 5130 3202 5183 quo
3235 5113 3380 5167 enim

1804 5213 1941 5267 nihil
1983 5221 2067 5268 est
2107 5229 2172 5268 ex
2206 5213 2331 5267 aliis
2378 5211 2563 5273 rebus,
2600 5210 2652 5263 id
2702 5210 2853 5279 prius
2888 5223 3010 5262 esse
3057 5207 3180 5260 aliis
3213 5205 3380 5259 rebus

1802 5320 2029 5361 necesse
2061 5313 2163 5360 εδῐ.
2209 5326 2226 5356 D

1874 5506 1986 5576 (92)
2022 5504 2151 5569 Πῶς
2183 5500 2316 5560 οὖν,
2354 5502 2461 5556 Pro
2494 5500 2595 5552 τεοῦ
2630 5493 2742 5561 οὖν,
2791 5506 2848 5551 ut
2897 5495 3205 5551 observavit
3257 5492 3378 5563 Syl-

1801 5579 2049 5645 burgius.

1875 5640 1988 5720 (93)
2023 5646 2238 5720 Adfers.
2293 5642 2425 5720 Reg.
2465 5642 2484 5694 Ι
2549 5640 2693 5720 δόξῃ.

1873 5712 1986 5790 (94)
2027 5716 2318 5771 Τοιοῦτον.
2357 5712 2501 5767 Idem
2534 5712 2762 5763 τοιοῦτο.
