4104 6420
718 384 853 442 1323

1451 377 1817 435 APPENDIX.
1855 411 1925 423 --
1953 374 2153 431 PARS.
2191 374 2234 431 l.
2275 373 2331 430 S.
2371 374 2637 432 JUSTINI
2670 374 2901 440 OPERA
2940 373 3213 436 SPURIA.

3844 373 3993 431 152-6

783 497 973 573 Itaque
1002 500 1053 572 si
1091 498 1299 570 primus
1328 498 1485 553 locus
1516 504 1623 561 est,
1659 502 1714 551 et
1744 495 2044 565 posteriora
2078 508 2199 563 qu:e
2230 495 2274 546 in

2460 494 2523 545 Et
2553 492 2733 545 τοίνυν
2766 493 2981 565 πρῶτος
3025 496 3053 547 6
3082 494 3267 558 τόπος,
3303 492 3397 557 καὶ
3434 492 3641 565 ὕστερα
3682 490 3753 545 τὰ
3801 492 3865 544 ἐν
3908 493 3992 561 τῷ

715 591 834 645 loco
867 597 1019 654 sunt,
1048 590 1284 645 naturali
1316 590 1552 660 quadam
1590 589 1935 654 necessitate,
1962 594 2123 656 prout
2157 586 2294 639 dixit

714 680 1004 743 Hesiodus,
1040 682 1129 736 cui
1164 681 1484 737 Aristoteles
1514 690 1677 737 rectae
1704 678 2143 735 ratiocinationis
2208 687 2292 731 te-

714 774 1035 831 stimonium
1068 774 1262 837 tribuit
1290 790 1304 830 :
1330 774 1605 845 quomodo
1638 788 1748 828 non
1776 780 2061 843 repugnat,
2090 778 2294 824 utcm-

712 864 849 929 lum,
885 865 1030 935 quod
1082 866 1140 920 in
1181 865 1304 919 loco
1354 873 1460 928 est,
1504 864 1721 918 dicatur
1759 863 2101 934 ingenitum?
2146 861 2291 916 Idem

713 956 861 1011 enim
909 965 1033 1023 est,
1078 972 1143 1011 ac
1206 956 1253 1011 si
1300 954 1455 1022 dicas
1503 964 1631 1011 ante
1674 955 1978 1026 ingenitum
2024 970 2149 1010 esse
2199 969 2292 1025 ge-

714 1052 913 1115 nitum.

858 1145 950 1200 25.
983 1139 1069 1194 Ex
1098 1145 1280 1193 eodem
1312 1135 1470 1202 libro,
1498 1134 1596 1191 lib.
1626 1146 1702 1201 iv,
1726 1151 1778 1191 c.
1807 1135 1862 1199 4,
1890 1152 1944 1204 p.
1975 1136 2099 1203 ΞΗ.

791 1252 810 1284 ι
850 1233 1295 1308 Primoquidem
1338 1235 1797 1305 considerandum
1831 1239 1916 1296 est
1944 1246 2288 1302 nequaquam

714 1324 827 1380 fore
856 1333 916 1381 ut
947 1326 1102 1382 locus
1136 1335 1494 1397 quaereretur,
1530 1326 1639 1380 nisi
1674 1333 1855 1379 motus
1877 1332 2022 1390 esset
2052 1324 2106 1377 in
2144 1323 2285 1376 loco.

712 1417 837 1473 Ideo
872 1419 1018 1478 enim
1060 1420 1223 1476 etiam
1268 1420 1469 1483 cmlum
1498 1418 1829 1481 arbitramur
1878 1415 2115 1485 maxime
2163 1429 2287 1469 esse

709 1511 766 1573 in
796 1511 939 1575 loco,
970 1512 1099 1581 quia
1123 1526 1339 1582 semper
1362 1512 1418 1580 in
1444 1519 1592 1565 motu
1619 1517 1725 1566 est.
1771 1528 1789 1561 ι

780 1602 837 1661 Si
871 1601 987 1659 ﬁeri
1018 1619 1126 1658 non
1163 1610 1341 1674 potest
1372 1610 1435 1673 ut
1466 1604 1766 1674 ingenitum
1798 1603 1983 1673 genito
2018 1601 2281 1672 indigeat,

708 1704 769 1751 ut
819 1702 876 1751 et
934 1697 1006 1752 sit
1068 1704 1123 1751 et
1167 1704 1456 1751 moveatur
1480 1722 1503 1761 ,-
1538 1695 1654 1765 fieri
1689 1702 1839 1750 certe
1871 1709 1980 1749 non
2014 1702 2194 1764 potest
2222 1702 2284 1748 ut

2393 582 2545 650 τόπῳ
2578 584 2777 652 φυσικῇ
2814 583 3046 653 ἀνάγκῃ,
3079 580 3261 645 καθὼς
3300 576 3452 647 εἶπεν
3497 582 3525 634 6
3573 581 3847 644 Ἡσίοδος,
3893 582 3993 635 καὶ

2393 679 2420 728 6
2468 675 2841 747 Ἀριστοτέλης
2869 674 3361 748 προαεμαρτύρησε
3491 675 3587 729 τοῦ
3629 676 3797 744 λόγου
3827 676 3991 748 ὀρθό-

2391 782 2512 835 τητι
2534 783 2545 795 ·
2586 765 2703 831 πῶς
2736 766 2835 818 οὐκ
2878 766 2993 818 ἔστι
3022 765 3130 818 τῶν
3162 765 3459 831 ἀδυνάτων,
3509 766 3572 819 τὸ
3612 767 3707 820 τὸν
3741 766 3882 820 ὄντα
3920 769 3985 820 ὲν

2391 854 2469 925 τῷ
2506 854 2657 925 τόπῳ
2689 855 2918 926 οὐρανὸν
2948 854 3127 921 λέγειν
3171 855 3463 925 ἁγένητονς
3504 854 3680 907 Τοῦτο
3720 855 3840 925 γὰρ
3870 856 3989 908 [σον

2392 948 2508 1000 ἐστὶ
2532 948 2609 1018 τῷ
2645 947 2844 1016 λέγειν,
2879 946 2985 1018 πρὸ
3015 945 3110 1000 τοῦ
3154 947 3422 1018 ἀγενήτου
3456 942 3685 1011 εἶναιτὸ
3719 948 3982 1019 γενητόν.

2742 1129 2831 1185 25.
2881 1131 2975 1183 Ἐκ
3020 1129 3126 1184 ⁶δοῦ
3174 1129 3364 1185 αὐτοῦ
3406 1132 3614 1199 λόγου.

2462 1240 2481 1271 ι
2528 1220 2751 1292 Πρῶτον
2780 1221 2875 1292 μὲν
2908 1214 3000 1274 οὖν
3019 1220 3099 1273 δεῖ
3132 1220 3483 1291 κατανοῆσαι,
3505 1220 3589 1273 ὅτι
3622 1221 3724 1273 οὐκ
3754 1219 3825 1273 ἂν
3850 1220 3984 1290 ἐζη-

2384 1310 2528 1361 τεῖτο
2550 1311 2577 1361 6
2610 1308 2795 1372 τόπος,
2819 1309 2869 1360 εἰ
2910 1309 2985 1381 μὴ
3022 1311 3056 1380 ή
3093 1309 3307 1380 κίνησις
3328 1304 3396 1381 ἦν
3415 1311 3448 1379 ή
3490 1310 3635 1363 κατὰ
3658 1310 3754 1363 τὸν
3780 1309 3977 1363 τόπον.

2384 1397 2487 1451 Διὰ
2526 1400 2633 1469 γὰρ
2666 1398 2825 1453 τοῦτο
2864 1400 2959 1452 καὶ
2989 1399 3081 1454 τὸν
3112 1400 3339 1473 οὐρανὸν
3382 1398 3605 1472 οἰόμεθα
3642 1400 3888 1472 μάλιστα
3920 1404 3979 1455 ὲν

2384 1489 2462 1558 τῷ
2494 1491 2663 1562 τόπῳ,
2699 1492 2781 1544 ὅτι
2815 1494 2904 1546 ἀεὶ
2933 1494 2992 1545 ὲν
3016 1494 3249 1566 κινήσει.
3299 1512 3325 1548 ι

2444 1571 2516 1634 Ἐξ
2551 1581 2808 1636 ἀδύνατόν
2847 1586 2964 1637 ἐστι
3002 1584 3064 1636 τὸ
3094 1585 3356 1655 ἀγένητον
3380 1586 3517 1658 πρὸς
3562 1582 3861 1654 τὸεῖναιτε
3883 1583 3978 1637 καὶ

2385 1674 2520 1744 πρὸς
2545 1674 2607 1726 τὸ
2629 1673 2916 1745 κινηθῆναι
2937 1672 3144 1727 δεῖσθαι
3168 1674 3261 1728 τοῦ
3288 1672 3542 1747 γενητοῢ,
3562 1674 3830 1727 ἀδύνατον
3865 1675 3977 1745 ἄρα

705 1787 907 1843 caelum
943 1789 1015 1843 sit
1045 1787 1367 1858 ingenitum.
1394 1758 1603 1859 Indiget
1636 1787 1782 1842 enim
1814 1786 1937 1841 loco
1968 1758 2030 1840 υἱ
2051 1792 2106 1840 et
2134 1785 2208 1841 sit
2228 1792 2274 1840 et

2380 1762 2471 1815 τὸν
2496 1763 2722 1832 οὐρανὸν
2754 1758 2893 1817 εἶναι
2918 1763 3210 1834 ἀγένητον.
3257 1758 3558 1819 Ἑπιδέεται
3596 1764 3708 1836 γὰρ
3750 1764 3851 1819 τοῦ
3884 1764 3975 1817 τό·

707 1889 1012 1935 moveatur.

1046 1968 1141 2040 26.
1173 1967 1259 2041 Ex
1288 1968 1469 2025 eodem
1500 1969 1658 2036 libro,
1689 1970 1761 2027 cf.
1794 1969 1926 2025 ibid.

777 2076 797 2110 ι
841 2058 1271 2131 Magnitudinem
1300 2062 1522 2133 quidem
1566 2061 1731 2117 habet
1767 2062 1943 2126 locus,
1979 2069 2035 2116 at
2081 2078 2283 2133 corpus

701 2168 814 2207 non
847 2152 1033 2220 habet.
1076 2173 1095 2206 ο
1320 2142 1335 2152 “
1456 2230 1459 2233 _

774 2244 833 2300 Si
869 2245 1019 2309 ﬁnita
1048 2246 1209 2315 habet
1242 2246 1396 2315 locus
1418 2250 1594 2321 spatia
1623 2256 1678 2306 et
1708 2249 2160 2320 magnitudinem,
2198 2263 2284 2318 ge-

702 2338 854 2393 nitus
888 2338 1131 2409 profecto
1166 2341 1360 2407 locus;
1391 2342 1477 2397 sin
1526 2350 1708 2403 autem
1745 2343 1959 2404 inﬁnita
1988 2382 2003 2407 ,
2034 2343 2118 2406 vel
2148 2358 2282 2411 ergo

698 2432 964 2502 potentia,
996 2432 1081 2491 vel
1128 2442 1275 2499 actu.
1322 2433 1431 2488 Sed
1481 2433 1529 2489 si
1572 2436 1856 2503 potentia;
1892 2435 2111 2505 genitus
2152 2449 2282 2504 ergo

700 2512 879 2597 locus,
914 2532 975 2589 ut
1007 2534 1227 2596 tempus
1266 2532 1336 2599 et
1391 2527 1655 2603 temporis
1708 2541 1995 2593 numerus.
2050 2524 2106 2579 Si
2150 2540 2281 2603 vero

698 2626 859 2683 actu,
906 2614 1104 2675 falsum
1149 2631 1279 2689 ergo
1309 2624 1395 2676 est
1421 2599 1568 2686 quod
1595 2616 1799 2685 dicitur
1826 2617 1963 2671 nihil
1992 2624 2119 2674 actu
2158 2599 2281 2672 esse

700 2723 864 2778 posse
902 2708 1194 2776 infinitum.
1235 2708 1292 2774 Si
1335 2710 1501 2781 locus
1528 2710 1764 2780 alicujus
1805 2709 2147 2779 providentia
2194 2716 2280 2764 est

698 2801 754 2855 id
788 2802 937 2871 quod
978 2809 1063 2867 est
1096 2811 1152 2858 et
1191 2802 1359 2869 habet
1406 2802 1460 2857 id
1487 2804 1632 2873 quod
1677 2803 1860 2866 habet,
1903 2802 2119 2873 genitus
2152 2816 2279 2871 pro-

698 2892 844 2946 fecto
878 2894 1033 2949 locus
1061 2902 1118 2948 et
1145 2895 1487 2965 providentia
1511 2895 1800 2965 posterior.
1830 2893 1935 2949 Sed
1964 2892 2010 2949 si
2043 2893 2280 2963 ingenito

696 2997 752 3045 et
786 2987 906 3047 sine
934 2986 1205 3057 principio
1236 2989 1391 3053 locus
1419 2994 1503 3043 est
1537 2986 1591 3041 id
1626 2986 1771 3057 quod
1813 2996 1897 3041 est
1928 2997 1982 3040 et
2022 2986 2184 3051 habet
2224 2984 2277 3039 id

695 3065 842 3149 quod
866 3072 1057 3147 habet;
1091 3079 1369 3149 ingenitus
1396 3094 1528 3134 sane
1562 3070 1736 3141 locns,
1758 3089 1810 3137 et
1836 3080 1985 3148 prior
2025 3077 2279 3133 omnibus

2316 1852 2358 1905 Β
2388 1873 2489 1909 που
2517 1856 2653 1928 πρὸς
2684 1856 2746 1909 τὸ
2770 1852 2911 1909 εἷναί·
2932 1873 2997 1913 τε
3017 1855 3114 1909 καὶ
3139 1856 3277 1928 πρὸς
3300 1857 3362 1911 τὸ
3401 1858 3713 1930 κινηθῆναι.

2760 1945 2850 2000 26.
2892 1946 2988 1999 Ἐκ
3021 1946 3129 2001 τοῦ
3159 1948 3346 2002 αὑτοῦ
3374 1949 3580 2018 λόγου.

2442 2006 2478 2087 ἶ
2525 2037 2770 2105 Μέγεθος
2796 2039 2893 2109 μὲν
2926 2038 3034 2111 γὰρ
3057 2038 3169 2109 ἔχει
3194 2042 3223 2093 6
3243 2040 3426 2104 τόπος,
3631 2042 3687 2094 δὲ
3711 2043 3899 2097 οὐθέν.
3948 2064 3968 2096 ι

2451 2129 2528 2190 Εἰ,
2550 2130 2647 2199 μὲν
2682 2131 3070 2202 πεπερασμένα
3111 2131 3222 2202 ἔχει
3254 2132 3284 2185 6
3316 2132 3480 2198 τόπος
3526 2134 3593 2187 τὰ
3622 2135 3975 2207 διαστήματα

2381 2222 2472 2275 καὶ
2514 2222 2577 2275 τὸ
2612 2221 2856 2293 μέγεθος,
2888 2225 3114 2293 γενητὸς
3148 2227 3257 2297 ἄρα
3282 2227 3311 2279 6
3336 2227 3531 2291 161m;-
3561 2229 3612 2280 εἰ
3643 2228 3701 2282 δὲ
3743 2229 3972 2301 ἄπειρα,

2381 2314 2413 2384 ἢ
2458 2313 2567 2385 ἄρα
2600 2316 2827 2387 δυνάμει
2863 2316 2895 2388 ἦ
2935 2317 3207 2389 ἐνεργείᾳ.
3267 2317 3427 2372 Ἀλλὰ
3474 2320 3525 2372 εἰ
3572 2322 3673 2390 μὲν
3713 2321 3970 2391 δυνάμει,

2382 2406 2495 2459 ἔστι
2521 2408 2748 2479 γενητὸς
2787 2409 2894 2479 ἄρα
2918 2412 2947 2464 6
2972 2409 3137 2473 τόπος
3172 2410 3361 2482 ὥσπερ
3383 2413 3413 2464 6
3446 2412 3639 2483 χρόνος
3680 2415 3779 2467 καὶ
3804 2415 3832 2466 6
3876 2414 3973 2469 τοῦ

2381 2500 2572 2572 χρόνον
2604 2501 2866 2573 ἀριθμός’
2905 2503 2953 2555 εἰ
2985 2503 3041 2557 δὲ
3084 2502 3351 2575 ἐνεργείᾳ,
3377 2503 3578 2575 ψευδὴς
3616 2506 3726 2577 ἄρα
3753 2507 3784 2558 6
3812 2506 3974 2574 λόγος

2380 2596 2409 2647 6
2437 2594 2624 2663 6.!va
2655 2595 2818 2665 μηδὲν
2858 2596 3107 2667 ἐνεργείᾳ
3146 2596 3403 2650 δύνασθαι
3435 2593 3573 2659 εἶναι
3615 2598 3870 2670 ἄπειρον.
3907 2599 3974 2653 ΕΙ

2381 2686 2519 2738 κατὰ
2547 2686 2645 2765 μὲν
2672 2687 2928 2757 πρόνοιάν
2950 2687 3092 2751 τινός
3118 2688 3317 2741 ὲστινό
3337 2689 3501 2753 τόπος
3522 2690 3553 2742 ὃ
3572 2690 3709 2754 ἐστι,
3735 2691 3832 2743 καὶ
3856 2691 3972 2762 ἔχει

2378 2777 2407 2829 6
2431 2778 2564 2847 ἔχει,
2588 2779 2812 2848 γενητὸς
2839 2779 2946 2849 ἄρα
2972 2780 3000 2830 6
3034 2779 3217 2843 τόπος,
3254 2782 3347 2833 καὶ
3373 2780 3473 2850 τῆς
3504 2782 3764 2857 προνοίας
3787 2782 3970 2835 δεύτε-

2383 2884 2473 2938 ρος
2497 2885 2511 2899 ·
2548 2869 2597 2921 εἰ
2628 2868 2685 2922 δὲ
2711 2871 2991 2940 ἀγενήτως
3023 2887 3084 2923 τε
3106 2871 3204 2924 καὶ
3246 2870 3495 2943 ἀνάρχως
3518 2872 3665 2929 ἐστὶν
3691 2876 3720 2926 6
3745 2874 3917 2937 τόπος
3942 2875 3973 2927 ὅ

2380 2964 2517 3025 ἐστι,
2544 2962 2636 3015 καὶ
2660 2962 2771 3033 ἔχει
2794 2963 2821 3015 6
2850 2962 2982 3032 ἔχει,
3010 2962 3271 3033 ἀγένητος
3298 2961 3458 3037 ἄραίό
3480 2964 3664 3028 τόπος,
3692 2966 3791 3018 καὶ
3816 2965 3974 3038 πρῶ-

2377 3071 2469 3120 τος
2494 3056 2605 3109 τῶν
2637 3057 2695 3111 ἐν
2727 3056 2878 3126 τόπῳ
2902 3057 3138 3119 πάντων,
3168 3057 3229 3108 ὲν
3256 3050 3337 3119 οἷς
3375 3056 3523 3111 ἐστιν
3549 3058 3578 3109 6
3609 3059 3842 3129 οὐρανὸς
3870 3059 3973 3114 καὶ

694 3187 816 3242 qua:
864 3172 918 3225 in
959 3172 1078 3226 loco
1121 3182 1270 3236 sunt,
1317 3173 1374 3233 in
1403 3173 1605 3243 quibus
1632 3179 1719 3227 est
1744 3172 1944 3231 coelum
1979 3179 2034 3226 et
2066 3186 2186 3255 quae
2216 3170 2273 3223 in

2377 3148 2448 3201 τὰ
2489 3150 2548 3201 ὲν
2583 3148 2660 3219 τῷ
2698 3147 2910 3219 οὐρανῷ
2940 3147 3257 3218 φαινόμενα.
3296 3144 3379 3206 Οὔ
3405 3148 3517 3218 γὰρ
3536 3146 3682 3203 ἄνευ
3714 3148 3836 3203 τῶν
3856 3149 3973 3203 ἆλ-

2393 3243 2503 3277 ιιω
2545 3238 2725 3277 Μηδέν
2771 3241 2941 3277 λιιι-τιν
3024 3240 3217 3277 enim
3244 3238 3321 3277 ea.
3355 3239 3474 3277 φιτ...-
3496 3240 3701 3277 ,ςιπω-
3724 3242 3971 3277 ληίης...

694 3238 838 3319 celo
868 3274 1154 3334 apparent.
1187 3264 1312 3320 Sine
1340 3238 1441 3335 quo
1468 3265 1607 3331 enim
1638 3264 1770 3319 nihil
1804 3276 1885 3320 est
1914 3281 1979 3319 ex
2016 3238 2140 3319 aliis
2191 3281 2274 3320 re-

2376 3243 2503 3294 λων
2545 3238 2725 3293 οὐδέν
2770 3241 2970 3303 ἐστιν,
3022 3240 3217 3295 ἐκεῖνο
3244 3238 3321 3310 δὴ
3355 3239 3474 3295 τῶν
3496 3240 3701 3296 ἄλλων
3722 3242 3971 3313 ἀνάγκη

697 3358 813 3427 bats,
845 3358 902 3426 id
927 3359 1075 3426 prius
1096 3374 1209 3412 esse
1230 3357 1350 3423 aliis
1373 3357 1527 3413 rebus
1556 3374 1761 3417 necesse
1785 3368 1882 3412 est.

889 3446 981 3516 27.
1010 3444 1094 3517 Ea:
1114 3446 1293 3500 eodem
1330 3445 1487 3511 libro,
1518 3447 1673 3513 ibid.,
1711 3464 1760 3502 c.
1788 3448 1843 3511 ιι,
1872 3464 1926 3518 p.
1960 3448 2083 3504 2n.

772 3554 789 3586 ι
828 3534 1297 3600 Quemadmodum
1324 3537 1369 3591 si
1422 3537 1550 3607 quid
1576 3546 1839 3606 mutatur,
1872 3537 1925 3591 id
1956 3538 2098 3607 quod
2124 3554 2271 3605 nunc

692 3626 880 3696 album
899 3634 984 3691 est
1008 3635 1128 3683 erat
1150 3629 1280 3683 olim
1308 3629 1547 3699 nigrum,
1582 3631 1726 3685 unde
1753 3631 2033 3692 materiam
2064 3632 2270 3701 aliquid

692 3735 817 3785 esse
861 3719 1133 3787 dicimus,
1180 3720 1251 3787 ita
1298 3729 1353 3777 et
1397 3723 1551 3777 locus
1585 3722 1749 3777 simili
1798 3723 2137 3793 imaginandi
2180 3738 2271 3777 ra-

690 3810 841 3866 tione
880 3811 1096 3867 videtur
1125 3828 1269 3868 esse.
1315 3810 1421 3869 Sed
1456 3823 1637 3869 tamen
1681 3815 1817 3869 illud
1864 3816 2105 3885 quidem,
2140 3818 2270 3886 quia

689 3903 837 3976 quod
893 3911 1011 3963 erat
1052 3919 1180 3971 aer,
1216 3921 1365 3960 nunc
1398 3920 1537 3976 aqua
1578 3917 1703 3974 est;
1752 3909 1908 3963 locus
1942 3924 2091 3975 vero,
2141 3907 2268 3978 quia

690 3994 786 4051 ubi
819 4003 940 4052 erat
973 4011 1087 4061 aer,
1122 3998 1196 4051 ibi
1228 4013 1376 4051 nunc
1401 4012 1562 4068 aqua.
1609 4017 1629 4051 ι

762 4088 821 4143 Si
855 4104 1018 4159 quam
1048 4090 1209 4145 habet
1238 4090 1505 4145 rationem
1535 4092 1691 4148 locus
1711 4092 1777 4148 ad
1796 4108 1858 4147 ea
1889 4108 2009 4163 qua:
2032 4094 2087 4149 in
2122 4095 2264 4158 loco,

686 4178 935 4235 eamdem
981 4179 1143 4234 habet
1176 4181 1405 4236 materia
1441 4181 1509 4236 ad
1551 4198 1615 4238 ea
1650 4198 1773 4253 quae
1802 4184 1857 4239 in
1888 4186 1981 4240 illa
2008 4195 2157 4250 sunt,
2191 4188 2267 4243 si-

689 4264 805 4318 mili
840 4264 1175 4336 imaginandi
1212 4270 1413 4333 modo;
1463 4272 1853 4342 comprehendi
1892 4285 2075 4330 autem
2108 4277 2264 4333 locus

688 4371 798 4412 non
818 4364 1030 4429 potest,
1074 4374 1176 4415 nec
1199 4363 1429 4416 materia
1456 4381 1472 4430 ι
1503 4363 1641 4417 nihil
1664 4379 1797 4435 ergo
1826 4369 2058 4423 materia
2081 4376 2167 4423 est
2194 4385 2259 4423 ex

687 4449 779 4512 iis,
812 4465 937 4520 quae
976 4451 1030 4505 in
1070 4451 1163 4506 illa
1196 4459 1478 4508 mutantur
1507 4463 1561 4510 et
1603 4465 1955 4527 generantur,
1998 4475 2101 4515 nec
2131 4462 2261 4517 sub-

2378 3330 2619 3399 πρῶτον
2650 3328 2822 3385 εἶναι.

2752 3425 2843 3478 27.
2887 3426 2983 3478 Ἐκ
3014 3425 3123 3479 τοῦ
3154 3425 3343 3479 αὐτοῦ
3366 3426 3572 3495 λόγου.

2449 3534 2467 3566 ‹
2492 3516 2576 3578 Ὠς
2594 3515 2701 3587 γὰρ
2726 3515 2849 3569 εἴτι
2872 3516 3196 3583 ἀλλοιοῦται,
3213 3516 3330 3569 ἐστι
3347 3517 3505 3577 τοῦτο
3528 3518 3556 3570 6
3581 3515 3675 3570 νῦν
3711 3516 3812 3588 μὲν
3839 3518 3972 3572 λευ-

2374 3610 2489 3674 κὸν,
2519 3610 2683 3663 πάλαι
2725 3610 2782 3663 δὲ
2830 3610 3017 3681 μέλαν,
3058 3609 3140 3663 διό
3174 3627 3353 3681 φαμεν
3382 3604 3522 3663 εἶναι
3552 3626 3605 3661 τι
3642 3604 3740 3679 τὴν
3780 3608 3920 3680 ὓλην
3944 3627 3961 3642 ·

2373 3702 2516 3757 οὕτω
2544 3704 2637 3758 καὶ
2670 3706 2698 3757 6
2726 3703 2890 3767 τόπος
2935 3703 3024 3757 διὰ
3066 3703 3167 3773 τῆς
3192 3702 3445 3773 τοιαύτης
3474 3702 3617 3765 τινὸς
3646 3697 3785 3755 εἶναι
3809 3702 3966 3757 δοκεῖ

2374 3795 2672 3865 φαντασίας
2699 3813 2712 3825 ·
2760 3796 2920 3867 πλὴν,
2947 3798 3124 3850 ἐκεῖνο
3158 3796 3275 3867 μὲν,
3316 3796 3451 3849 διότι
3488 3795 3516 3849 6
3542 3790 3609 3865 ἦν
3636 3794 3765 3866 ἀὴρ,
3795 3784 3964 3851 τοῦτο

2371 3889 2467 3961 νῦν
2493 3889 2638 3960 ὕδωρ
2662 3906 2675 3919 ·
2705 3891 2735 3943 6
2757 3889 2814 3944 δὲ
2836 3890 3021 3955 τόπος,
3050 3889 3135 3942 ὅτι
3156 3881 3218 3943 οὗ
3245 3884 3313 3960 ἦν
3338 3888 3366 3941 ό
3400 3888 3529 3959 ἀὴρ,
3560 3888 3795 3942 ἐνταῦθά
3838 3891 3959 3947 ἐστι

2372 3982 2467 4033 νῦν
2512 3981 2655 4053 ὕδωρ
2687 3982 2819 4054 (95).
2857 4001 2876 4034 ι

2440 4074 2503 4126 El
2530 4073 2587 4125 ὃν
2618 4073 2731 4144 ἔχει
2761 4054 2919 4142 λόγον
2947 4075 2975 4127 6
3000 4074 3167 4137 τόπος
3196 4074 3334 4145 πρὸς
3366 4074 3451 4136 τὰ
3474 4075 3532 4127 ἐν
3561 4074 3730 4147 αὐτῷ,
3758 4075 3955 4131 τοῦτον

2369 4165 2479 4235 ἔχει
2510 4167 2545 4236 ἡ
2575 4164 2673 4238 ὕλη
2718 4167 2855 4236 πρὸς
2882 4165 2953 4219 τὰ
2988 4166 3046 4219 ἐν
3073 4168 3210 4238 αὐτῇ
3239 4165 3329 4219 διὰ
3368 4166 3467 4237 τῆς
3505 4165 3696 4237 ὁμοίας
3741 4184 3953 4236 φαντα-

2370 4258 2526 4321 σίαςο
2575 4257 2815 4329 ἄληπτος
2852 4258 2897 4311 δ’
2940 4260 2969 4311 6
3007 4258 3192 4322 τόπος,
3241 4258 3335 4312 καὶ
3380 4259 3413 4329 ἡ
3462 4257 3561 4331 ὕλη
3586 4278 3600 4289 ·
3648 4258 3802 4313 οὐδὲν
3843 4260 3952 4331 ἄρα

2367 4350 2514 4403 ἐστὶν
2544 4351 2578 4422 ἡ
2611 4348 2710 4423 ὕλη
2737 4350 2846 4403 τῶν
2873 4352 2939 4404 ἐν.
2963 4351 3099 4421 αὐτῇ
3129 4349 3523 4422 ἀλλοιουμένων
3553 4367 3612 4403 τε
3637 4350 3738 4405 καὶ
3765 4368 3949 4420 γιγνο-

2370 4442 2570 4514 μένων,
2602 4443 2696 4514 καὶ
2740 4442 2840 4496 οὐκ
2882 4441 3059 4496 οὐσία.
3091 4442 3219 4506 Πῶς
3261 4438 3355 4495 οὖν
3390 4441 3551 4515 ἐτέθη
3580 4444 3615 4513 ἡ
3645 4441 3747 4515 ὕλη
3789 4443 3948 4498 οὐσία

690 4542 893 4597 stantia
932 4550 1039 4598 est.
1095 4543 1256 4615 565
1304 4544 1592 4611 Quomodo
1618 4563 1751 4619 ergo
1782 4547 1993 4604 dictum
2034 4559 2120 4606 est
2146 4567 2264 4605 ma-

2376 4529 2507 4589 εἶναι
2536 4534 2643 4588 τῶν
2675 4534 2860 4599 ἁπλῶς
2889 4535 3226 4606 γιγνομένων
3250 4551 3266 4600 ς

685 4635 883 4691 teriam
926 4648 1139 4694 eorum.
1184 4654 1308 4709 quae
1335 4656 1564 4710 prorsus
1594 4650 1946 4713 generantur,
1979 4658 2104 4699 esse
2131 4644 2263 4701 sub-

686 4732 986 4789 stantiam?

890 4823 983 4876 28.
1013 4820 1099 4873 Ea:
1126 4818 1306 4873 eodem
1335 4818 1491 4883 libro,
1524 4820 1657 4875 ibid.
1687 4835 1739 4875 c.
1770 4818 1824 4887 5,
1860 4836 1915 4890 p.
1945 4822 2070 4879 212.

759 4930 780 4961 ι
815 4911 1029 4982 Corpus
1058 4928 1239 4975 omne,
1272 4914 1420 4984 quod
1444 4916 1536 4970 vel
1562 4916 1686 4972 loco
1713 4924 1959 4972 movetur
1976 4918 2064 4971 vel
2092 4918 2265 4973 incre-

684 5014 888 5065 mento,
924 5019 1018 5073 per
1046 5018 1105 5058 se
1136 5011 1221 5059 est
1242 5005 1462 5060 alicubi.
1494 5005 1704 5061 Ccelum
1730 5017 1935 5069 autem,
1963 5016 2023 5061 ut
2056 5008 2261 5062 dictum

683 5100 789 5155 est,
838 5107 946 5146 non
1004 5101 1089 5149 est
1148 5101 1323 5148 totum
1358 5095 1580 5162 alicubi,
1623 5112 1799 5165 neque
1836 5098 1892 5150 in
1928 5097 2109 5166 aliquo
2142 5099 2261 5152 loco

682 5192 789 5247 est,
848 5185 1117 5255 siquidem
1154 5187 1307 5241 nullo
1336 5202 1365 5240 a
1394 5202 1624 5257 corpore
1664 5196 1747 5247 est
1784 5191 2201 5248 circumdatum.
2236 5212 2254 5251 ι

758 5274 816 5329 Si
847 5275 992 5344 quod
1037 5274 1160 5329 loco
1202 5282 1469 5333 movetur.
1506 5292 1603 5347 per
1638 5293 1698 5333 se
1746 5287 1831 5333 est
1877 5280 2100 5344 alicubi.
2139 5282 2260 5338 loco

680 5373 866 5422 autem
901 5373 1151 5421 movetur
1175 5366 1375 5421 caelum
1396 5410 1410 5434 ,
1443 5375 1527 5422 est
1543 5369 1708 5423 etiam
1738 5371 1984 5439 profecto
2012 5387 2256 5435 necesse,

682 5466 745 5514 ut
770 5459 971 5513 emlum
1008 5474 1102 5528 per
1131 5474 1191 5514 se
1224 5459 1423 5528 alicubi
1450 5460 1542 5515 sit.
1578 5460 1732 5527 Quod
1768 5462 1813 5517 si
1848 5463 2030 5517 minus
2060 5478 2259 5522 secun-

682 5555 810 5608 dum
836 5594 852 5619 ,
880 5570 1055 5623 neque
1073 5554 1239 5608 etiam
1262 5555 1530 5624 primum:
1561 5554 1675 5609 hrec
1700 5555 1843 5610 enim
1876 5570 1906 5608 a
1939 5571 1997 5610 se
2026 5557 2257 5623 invicem

754 5690 868 5761 (95)
900 5692 1030 5745 Νῦν
1054 5690 1231 5757 ὕδωρ.
1271 5687 1537 5745 Voculam
1583 5688 1891 5760 desumpsit
1934 5688 2259 5761 Syiburgius

679 5778 746 5828 ex
788 5762 1015 5815 Aristot.
1043 5768 1216 5815 textu.

755 5832 867 5904 (96)
897 5832 1035 5890 Κατ’
1058 5831 1343 5902 αὔξησιν.
1383 5830 1703 5903 Ρηεροείιὶο
1744 5830 1927 5885 addita
1966 5846 1997 5884 a
2028 5830 2255 5901 Sylbur-

2733 4804 2822 4866 28.
2869 4805 2963 4857 Ἐκ
2990 4804 3097 4865 τοῦ
3136 4804 3324 4860 αὐτοῦ
3365 4803 3567 4873 λόγου.

2437 4919 2456 4950 ε
2494 4900 2608 4955 Πᾶν
2639 4899 2797 4969 σῶμα
2824 4900 2857 4971 ἢ
2888 4900 3029 4961 κατὰ
3055 4899 3227 4971 φορὰν
3254 4898 3288 4970 ἢ
3320 4900 3439 4952 κατ’
3469 4896 3695 4969 αὔξησιν
3721 4896 3835 4969 (96)
3862 4915 3942 4952 κι-

2362 4993 2541 5064 νητὸν,
2566 4992 2685 5047 καθ’
2707 4994 2837 5046 αὐτὸ
2866 4994 2968 5046 πού
2986 5010 2999 5023 ·
3030 4994 3059 5046 6
3094 4994 3150 5047 δὲ
3175 4993 3423 5065 οὐρανὸς,
3470 4992 3660 5063 ὥσπερ
3706 4992 3939 5064 εἴρηται,

2359 5090 2422 5141 οὐ
2450 5089 2553 5142 ποὺ
2582 5087 2737 5151 ὅλως,
2767 5088 2888 5145 οὐδὲ
2916 5088 2972 5144 ἐν
3022 5105 3127 5147 τινι
3154 5087 3305 5159 τόπῳ
3360 5086 3529 5153 ἐστὶν,
3578 5085 3631 5139 εῐ
3670 5101 3735 5156 γε
3780 5084 3940 5157 μηδὲν

2361 5181 2519 5234 αὐτὸν
2546 5182 2786 5258 περιέχει
2818 5182 2995 5253 σῶμα.
3022 5178 3055 5233 ἰ

2429 5276 2491 5329 Εἰ
2510 5276 2571 5328 τὸ
2599 5276 2740 5329 κατὰ
2769 5275 2939 5347 φορὰν
2964 5275 3179 5346 κινητὸν
3208 5274 3328 5328 καθ’
3357 5273 3489 5328 αὐτὸ
3518 5271 3644 5340 ποὺ,
3676 5269 3818 5325 κατὰ
3847 5288 3939 5340 ero-.-

2360 5368 2459 5439 ρὰν
2477 5369 2534 5422 δὲ
2561 5369 2779 5440 κινητὸς
2812 5371 2840 5421 6
2866 5370 3112 5441 οὐρανὸς,
3143 5370 3237 5423 καὶ
3281 5367 3402 5421 καθ’
3430 5366 3564 5420 αὐτὸ
3590 5366 3699 5440 ἄρα
3727 5363 3938 5433 ἀνάγκη

2359 5457 2497 5516 εἶναι
2526 5463 2630 5515 ποὺ
2684 5462 2775 5516 τὸν
2807 5462 3053 5535 οὐρανόν..
3096 5463 3160 5515 El
3190 5460 3247 5513 δὲ
3292 5459 3367 5531 μὴ
3409 5458 3469 5511 τὸ
3515 5456 3790 5528 δεύτερον,
3832 5455 3937 5508 οὐδ’

2357 5556 2464 5626 ἄρα
2508 5554 2569 5608 τὸ
2616 5554 2863 5625 πρῶτον·
2912 5552 3190 5626 ἀχώριστα
3244 5550 3355 5624 γὰρ
3405 5550 3681 5622 ἀλλήλων·
3738 5547 3833 5601 καὶ
3871 5549 3937 5619 τῇ

2356 5696 2456 5820 ξὶο.
2474 5709 2544 5819 ei;
2558 5692 2865 5751 Aristotelis
2888 5699 3168 5759 contextu,
3187 5687 3329 5768 apud
3352 5701 3513 5761 quem
3540 5684 3793 5741 observat
3814 5695 3934 5739 mox

2376 5780 2459 5820 Cm
2487 5782 2515 5819 ο
2547 5782 2623 5820 ος.

2376 5780 2459 5829 ρει
2487 5780 2623 5828 ολος.
