4104 6436
137 402 220 455 5?.

806 390 1245 449 CONFUTATIO
1280 387 1721 457 QUORUMDAM
1754 381 2215 439 ARISTOTELIS
2257 377 2674 434 DOGMATUM.

3250 373 3271 424 1
3285 369 3386 424 526

88 513 411 584 ἀναιρέσει
437 512 531 566 τοῦ
553 513 778 585 Θατὲρου
810 513 1087 568 ἀκολουθεῖ
1113 515 1144 582 ὴ
1168 509 1261 563 τοῦ
1291 510 1540 580 δευτέρου
1568 507 1716 565 ἀναί-

1818 502 1999 556 divelli
2048 517 2156 557 non
2214 506 2464 569 possunt,
2512 505 2567 552 et
2617 496 2832 552 sublato
2874 494 3135 546 alterutro
3180 490 3386 542 tollitur

95 622 298 676 ρεσις.
335 606 401 658 Ei
453 607 552 660 οὐκ
605 606 746 660 ἐστιν
774 607 802 658 6
849 606 1072 676 οὐρανὸς
1124 605 1182 657 ἐν
1221 604 1368 674 τόπῳ
1417 602 1533 654 καθ’
1563 601 1716 661 αὐτὸ,

93 698 262 762 πῶς,
321 697 587 768 κυκλικὴν
624 698 794 768 φορὰν
837 697 1150 768 φερόμενος,
1199 696 1306 748 τῶν
1340 695 1518 766 μερῶν
1550 691 1712 746 αὑτοῦ

91 790 179 842 τὰ
210 779 329 861 ’μὲν
364 791 474 843 ἄνω
506 791 709 858 γίνεται
742 789 909 852 κάτω,
939 789 1006 841 τὰ
1050 790 1107 841 δὲ
1136 789 1284 840 κάτω
1314 790 1519 856 γίνεται
1564 789 1712 848 dvo);

101 881 279 935 Ἀνω
331 882 392 935 δὲ
447 884 540 936 καὶ
596 883 743 936 κάτω
794 879 868 933 ὣν
912 884 1025 943 τοῖς
1078 880 1270 933 ἑαυτοῦ
1332 881 1540 951 μέρεσι,
1598 879 1715 942 πῶς

96 973 223 1026 οὐκ
277 973 400 1025 ἔστι
443 973 632 1040 ψευδὲς
674 974 735 1026 τὸ
777 973 951 1040 λέγειν
992 973 1082 1024 τὸν
1119 973 1344 1042 οὐρανὸν
1393 973 1465 1043 μὴ
1494 967 1630 1024 εἶναι
1657 973 1716 1023 ἐν

101 1064 285 1134 τόπῳ
313 1081 330 1130 ;

529 1156 615 1210 29.
663 1159 757 1210 Ἐκ
783 1157 890 1211 τοῦ
916 1158 1100 1210 αὑτοῦ
1122 1158 1325 1225 λόγου.

197 1267 219 1299 ι
263 1249 516 1318 Στιγμῆς
538 1251 636 1302 οὐκ
665 1249 808 1302 ἔστιν
835 1252 862 1300 6
890 1248 1071 1311 τόπος.
1114 1267 1130 1298 ι

192 1340 420 1395 Οὐκοῦν
448 1343 549 1394 οὐκ
579 1341 690 1394 ἔστι
719 1343 820 1395 ποὺ
847 1344 880 1410 ἡ
924 1340 1144 1411 στιγμὴ,
1194 1339 1384 1409 ὥσπερ
1414 1341 1506 1392 καὶ
1551 1339 1612 1392 τὸ
1641 1339 1714 1410 μὴ

107 1435 203 1490 ὃν.
251 1435 322 1487 Εἰ
351 1435 406 1486 δὲ
434 1435 620 1503 ψευδὲς
645 1434 821 1495 τοῦτο,
851 1433 910 1485 ὃν
950 1436 1059 1505 ἄρα
1099 1434 1246 1486 ἐστὶν
1275 1435 1308 1502 ἡ
1344 1432 1564 1504 στιγμὴ,
1625 1435 1715 1484 καὶ

111 1524 258 1581 πού.
279 1526 348 1578 Et
376 1526 431 1578 δὲ
461 1527 585 1589 ποὺ,
603 1527 695 1579 καὶ
710 1528 871 1579 τόπον
899 1526 1067 1594 αὐτῆς
1085 1521 1220 1579 εἶναι
1241 1525 1709 1596 ὲξ,ἀνάγκης,(97).

528 1706 615 1763 50.
663 1707 756 1760 Ἐκ
783 1707 886 1760 τοῦ
915 1708 1098 1761 αὐτοῦ
1126 1709 1329 1775 λόγου.

203 1820 224 1853 ι
263 1799 380 1857 Kal
408 1798 553 1852 ἐστιν
580 1801 606 1851 ό
646 1798 807 1861 τόπος
848 1801 942 1852 καὶ
970 1800 1097 1861 τοὺ,
1126 1800 1223 1869 οὐχ
1253 1798 1327 1860 ὡς
1362 1800 1421 1850 ἐν
1463 1797 1610 1866 τόπῳ
1637 1797 1713 1857 δὲ,

1818 592 2047 648 alterum
2075 580 2491 658 consequenter.
2546 586 2602 639 Si
2638 585 2835 639 coelum
2869 599 2976 637 non
3004 592 3087 638 est
3131 598 3225 650 per
3253 595 3310 634 se
3333 583 3386 632 in

1817 683 1971 736 loco:
2008 680 2281 750 quomodo
2315 679 2445 732 dum
2479 677 2735 731 circulari
2784 676 2964 744 agitur
2991 682 3162 749 motu,
3205 679 3389 741 partes

1815 775 1937 843 ejus
1985 773 2299 842 superiores
2339 772 2619 832 deorsum,
2656 776 2710 822 et
2745 767 3030 821 inferiores
3062 780 3280 821 sursum
3309 762 3389 816 fe-

1817 867 2050 921 runtur?
2077 864 2211 918 Cum
2249 871 2428 918 autem
2451 861 2697 930 partibus
2736 861 2850 914 suis
2879 874 3099 914 sursum
3142 865 3197 911 et
3229 857 3388 910 dcor-

1814 974 1934 1012 sum
1970 958 2062 1020 sit,
2095 955 2370 1025 quomodo
2410 971 2519 1008 non
2563 953 2760 1009 falsum
2791 959 2896 1016 est,
2935 951 3079 1021 quod
3107 951 3304 1004 calum
3333 950 3387 1003 in

1816 1053 1937 1106 loco
1968 1049 2170 1103 dicitur
2200 1064 2309 1101 non
2343 1047 2504 1102 esse?

1981 1143 2074 1198 ‘29.
2104 1140 2188 1194 Ea:
2207 1138 2386 1193 eodem
2415 1136 2572 1191 libro.
2593 1137 2690 1191 lib.
2723 1152 2795 1204 ιν,
2828 1153 2876 1193 c,
2908 1138 2961 1203 5,
2990 1153 3042 1208 ρ,
3069 1139 3196 1193 2-12,

1892 1251 1909 1282 ‹
1949 1229 2147 1286 Puncti
2176 1229 2330 1289 locus
2363 1242 2472 1282 non
2498 1234 2600 1280 est.

1804 1316 1811 1324 ’
1884 1322 2002 1377 Νοη
2037 1339 2165 1392 ergo
2206 1320 2404 1374 alicubi
2450 1326 2732 1388 punctum,
2770 1310 3224 1383 quemadmodum
3246 1313 3300 1362 et
3328 1304 3388 1358 id

1817 1415 1962 1485 quod
2002 1430 2109 1470 non
2141 1420 2246 1468 cst.
2277 1410 2381 1467 Sed
2418 1410 2462 1464 si
2491 1410 2542 1462 id
2573 1408 2793 1469 falsum,
2831 1420 2929 1459 ens
2965 1417 3093 1472 ergo
3127 1409 3209 1455 est
3248 1415 3386 1468 pun-

1818 1515 1963 1560 ctum
1992 1511 2045 1560 et
2077 1502 2292 1556 alicubi.
2317 1499 2471 1565 Quod
2511 1499 2554 1552 si
2583 1496 2817 1560 alicubi,
2855 1506 3080 1547 necesse
3105 1496 3189 1544 est
3219 1497 3274 1542 et
3300 1488 3383 1542 lo-

1819 1612 1940 1650 cum
1964 1596 2082 1664 ejus
2103 1609 2245 1649 esse.

1999 1743 2002 1746 .
2181 1685 2270 1739 50.
2306 1683 2390 1737 Ex
2418 1682 2599 1738 eodem
2636 1679 2789 1733 libro.
2814 1674 2942 1730 ibid.

1897 1795 1914 1827 ε
1947 1775 2011 1828 Et
2042 1775 2196 1830 locus
2235 1783 2319 1829 est
2348 1782 2400 1829 et
2435 1772 2654 1832 alicubi,
2683 1786 2791 1825 non
2824 1783 3000 1822 tamen
3045 1774 3110 1820 ut-
3137 1763 3192 1818 in
3242 1765 3386 1825 loco,

117 1892 243 1951 ἀλλ’
278 1893 361 1956 ὡς
387 1893 447 1944 τὸ
502 1893 674 1962 πέρας
714 1859 800 1944 ὲν-
825 1891 903 1961 τῷ
941 1859 1357 1964 πεπερασμένῳ.
1403 1892 1476 1944 Οὐ
1522 1859 1628 1960 γάρ
1657 1891 1715 1942 ἐν

1817 1865 1911 1920 sed
1940 1873 1999 1918 ut
2024 1865 2145 1918 linis
2191 1865 2244 1918 in
2273 1865 2446 1918 ﬁnito.
2493 1861 2688 1931 Neque
2719 1861 2859 1915 enim
2897 1861 2950 1911 in
2992 1859 3110 1913 loco
3149 1864 3232 1911 est
3267 1871 3388 1916 ens,

119 1985 286 2056 τόπῳ
313 1986 377 2038 τδ
403 1986 482 2047 ὃν,
515 1985 647 2038 ἀλλὰ
675 1986 734 2038 τὸ
751 1986 970 2055 κινητὸν
1001 1985 1177 2056 σῶμα.
1220 2005 1236 2036 ι

198 2079 269 2130 Εἰ
300 2079 410 2131 πᾶν
429 2077 490 2130 τὸ
516 2079 574 2130 ὲν
602 2078 750 2148 τόπῳ
779 2077 878 2130 πού
910 2079 1045 2140 ἐστι,
1077 2079 1170 2130 καὶ
1195 2078 1255 2130 οὑ
1293 2079 1400 2130 πᾶν
1436 2077 1496 2129 τὸ
1525 2078 1627 2128 που
1658 2078 1714 2127 ὲν

122 2170 286 2241 τόπῳ
317 2171 454 2233 ἐστὶ,
497 2171 655 2224 πλέον
681 2173 790 2242 ἄρα
819 2171 879 2223 τὸ
907 2173 1008 2226 ποὺ
1037 2171 1129 2224 τοῦ
1174 2172 1230 2222 ἐν
1259 2171 1426 2241 τόπῳ.
1457 2170 1580 2232 Πῶς
1623 2166 1714 2222 οὖν

129 2265 268 2332 μιᾶς
319 2264 654 2336 κατηγορίας
691 2261 830 2317 εἶναι
866 2263 1084 2331 λέγεται
1133 2263 1193 2315 τὺ
1247 2265 1348 2316 ποὺ
1402 2263 1495 2315 καὶ
1545 2261 1605 2313 τὸ
1658 2263 1714 2313 ἐν

127 2355 307 2427 τόπῳ,
337 2356 687 2418 τὰτοσΟὗτον
702 2356 948 2425 ἀλλήλων
974 2356 1313 2425 διαφέροντα,
1344 2353 1482 2405 ὥστε
1510 2354 1602 2405 xal
1627 2354 1716 2405 τὸν

129 2448 302 2501 τόπον
331 2448 506 2516 λέγειν
545 2443 680 2500 εἶναι
714 2447 818 2518 μὲν
839 2449 966 2509 ποὺ,
1009 2449 1108 2499 οὑκ
1137 2449 1194 2498 ὲν
1235 2447 1383 2515 τόπῳ
1409 2445 1501 2509 δὲ;
1531 2446 1640 2496 Kal
1669 2447 1715 2497 εἰ

129 2543 194 2596 τὸ
223 2543 402 2614 πέρας
419 2541 964 2612 τοῦηπεπερασμένου
1013 2541 1198 2609 ἑτέρου
1233 2540 1328 2608 μὲν
1371 2537 1716 2608 πεπερασμέ-

132 2652 228 2687 νου
277 2636 395 2687 Eccl
437 2635 618 2697 τόπος,
675 2634 860 2704 ἑτέρου
893 2632 947 2684 δὲ
998 2631 1204 2701 πέρας·
1256 2631 1373 2692 πῶς
1418 2631 1517 2683 οὐκ
1571 2629 1714 2681 ἔστιν

133 2726 354 2795 ἀνάγκη
385 2727 468 2779 ἀεὶ
513 2725 603 2777 τὸν
659 2725 820 2777 τόπον
848 2719 985 2776 εἶναι
1036 2724 1128 2775 καὶ
1171 2724 1333 2775 τόπον
1369 2724 1462 2774 καὶ
1507 2722 1713 2790 πέρας;

136 2819 250 2872 Kal
288 2821 336 2870 ei
367 2818 471 2889 πρὸ
497 2819 603 2870 τῶν
633 2819 689 2870 ὲν
717 2817 866 2886 τόπῳ
894 2820 921 2870 6
949 2818 1109 2880 τόπος
1152 2816 1286 2878 ἐστὶ,
1337 2815 1453 2878 πῶς
1479 2815 1538 2868 οὐ
1568 2814 1716 2866 λέλυ-

137 2928 230 2962 ται
257 2912 290 2980 ή
321 2911 531 2979 ἀνάγκη
559 2909 652 2962 τοῦ
683 2910 767 2962 ἀεὶ
806 2910 896 2963 τὸν
926 2894 1108 2962 ’τόπον
1139 2906 1274 2961 εἶναι
1303 2909 1472 2962 τόπον.
1498 2909 1594 2978 μὲν
1624 2908 1716 2962 ἆλ-

138 3003 254 3066 λου,
285 3004 456 3074 πέρας
473 3003 529 3056 δὲ
558 3002 750 3067 ἄλλου;
779 3002 890 3055 Καὶ
908 3005 963 3054 ἐἰ
983 3002 1042 3054 τὸ
1075 3002 1334 3074 μηδαμῶς
1361 3005 1418 3057 ὃν
1449 3002 1545 3054 οὐκ
1575 3000 1717 3053 ἔστιν

140 3094 202 3147 ἐν
223 3095 397 3165 τόπῳ·
432 3096 513 3165 εἴη
544 3095 651 3165 γὰρ
682 3097 747 3149 ἂν
786 3096 908 3156 ποὺ,
949 3094 1131 3158 καθὼς
1160 3091 1277 3146 εἶπε
1299 3112 1310 3123 ·
1347 3093 1462 3156 πῶς
1487 3093 1585 3145 οὐκ
1606 3093 1718 3145 ἐστι

139 3187 336 3240 ταύτὸν
362 3187 423 3240 τὸ
451 3189 552 3241 ποὺ
579 3187 656 3258 τῷ
685 3189 742 3258 έν
769 3188 951 3258 τόπῳ;
989 3189 1097 3240 Καὶ
1131 3190 1176 3239 εἰ
1209 3187 1280 3257 μὴ
1312 3185 1456 3239 ἆπαν
1484 3188 1540 3237 ὲν
1568 3186 1716 3255 τόπῳ

141 3278 205 3331 τὸ
230 3277 311 3343 ὃν,
342 3279 456 3341 πῶς
484 3279 582 3332 οὐκ
610 3279 760 3332 ἔσται
788 3280 957 3331 ταύτὰ
988 3278 1065 3348 τῷ
1110 3278 1182 3349 μὴ
1207 3278 1318 3330 ὄντι
1347 3277 1466 3330 τινὰ
1497 3277 1604 3329 τῶν
1633 3276 1716 3329 ὅν-

143 3389 272 3435 των,
312 3372 421 3440 εἷγε
451 3373 512 3424 τὸ
544 3371 615 3443 μὴ
654 3368 790 3425 εἶναι
836 3376 892 3442 ὲν
926 3371 1076 3442 τόπῳ
1099 3371 1272 3424 κοινόν
1311 3371 1456 3422 ἐστιν
1485 3367 1720 3438 ἀμφοτέ-

149 3481 294 3536 ρων;
335 3464 608 3522 Καὶέἱτὸ
647 3463 862 3535 κινητὸν
908 3463 1064 3534 σῶμα
1098 3460 1256 3533 μόνὸν
1289 3464 1344 3513 έν
1388 3462 1536 3530 τόπῳ
1580 3461 1716 3524 ἐστὶ,

149 3557 264 3621 πῶς
290 3559 317 3610 ὁ
334 3557 580 3628 οὐρανὸς,
613 3556 770 3627 σῶμα
796 3556 854 3609 ὃν
885 3556 1121 3627 κινητὸν,
1167 3556 1264 3608 οὐκ
1294 3555 1437 3607 ἔστιν
1458 3557 1516 3608 ὲν
1532 3556 1679 3625 τόπῳ
1703 3571 1717 3618 ;

254 3817 338 3872 5i.
380 3817 475 3869 Ἐκ
501 3815 605 3869 τοῦ
633 3813 818 3869 αὐτοῦ
859 3815 1044 3882 λόγου
1072 3813 1212 3879 Περὶ
1238 3812 1342 3865 τοῦ
1371 3813 1611 3880 χρόνου.

225 3929 242 3964 ι
280 3911 395 3964 ’Ότι
428 3909 524 3980 μὲν
543 3904 689 3978 οὖνὴ
719 3907 854 3970 ὅλως
879 3907 978 3959 οὐκ
1005 3906 1170 3966 ἔστιν,
1203 3906 1236 3976 ἢ
1274 3906 1424 3974 μόλις
1465 3907 1556 3959 καὶ
1582 3907 1722 3975 ἀμυ-

154 4003 306 4075 δρῶς,
336 4004 400 4054 ὲκ
437 3999 601 4054 τῶνδε
643 4016 726 4062 τις
752 3998 818 4052 ἂν
847 3999 1219 4051 ὑποπτεύσειε.
1253 3997 1326 4049 Τὸ
1358 3998 1454 4067 μὲν
1489 3995 1597 4067 γὰρ
1626 3997 1722 4049 αὑ-

155 4094 246 4152 τοῦ
272 4095 455 4163 γέγονε
472 4094 567 4147 καὶ
592 4091 692 4145 οὐκ
719 4091 854 4154 ἐστι,
877 4090 938 4143 τὸ
964 4090 1018 4143 δὲ
1050 4090 1230 4160 μέλλει
1256 4090 1352 4149 καὶ
1372 4087 1522 4141 οὔπω
1543 4088 1716 4140 ἐστίν’

159 4192 230 4244 tu;
244 4188 296 4241 δὲ
319 4186 519 4240 τούτων
565 4185 658 4238 καὶ
685 4184 713 4236 ό
752 4183 975 4254 ἄπειρος
1013 4183 1118 4240 καὶ.
1149 4183 1176 4233 ὁ
1203 4183 1289 4234 ἀεὶ
1316 4181 1723 4252 λαμϐανόμενος

161 4281 336 4352 χρόνος
385 4279 680 4345 σύγκειται.
714 4275 788 4328 Τὸ
815 4275 870 4327 δὲ
914 4276 1003 4333 ἐκ·
1024 4275 1095 4345 μὴ
1150 4275 1318 4327 ὄντων
1369 4274 1721 4343 συγκείμενον

161 4373 403 4430 ἀδύνατον
432 4371 496 4426 ἂν
523 4370 689 4435 δόξειε
722 4368 1197 4440 μετέχεινοωίας.
1241 4366 1447 4429 Παντὸς
1475 4365 1585 4436 γὰρ
1630 4383 1723 4434 μεν

166 4465 354 4540 ριστοῦ,
396 4465 598 4535 ἐάνπερ
642 4459 698 4537 ᾖ,
728 4462 962 4530 ἀνάγκη,
1011 4462 1095 4514 ὅτε
1136 4459 1302 4521 ἐστὶν,
1349 4459 1466 4528 ἦτοι
1506 4458 1638 4523 ἔνια,
1687 4457 1719 4528 ἦ

166 4561 325 4614 πάντα
360 4557 584 4629 τὰμέρη
615 4552 772 4609 εἶναι.
820 4554 926 4608 Τοῦ
954 4554 1010 4606 δὲ
1038 4553 1228 4624 χρόνου
1273 4552 1341 4605 τὰ
1385 4552 1480 4622 μὲν
1509 4551 1718 4617 γέγονε,

165 4651 227 4705 τὰ
249 4650 512 4721 δὲμέλλει,
537 4649 649 4704 ἐστι
679 4648 735 4701 δὲ
763 4647 940 4710 οὐθὲν,
972 4646 1120 4708 ὄντος
1140 4642 1413 4715 μεριστοῦ.
1432 4642 1515 4699 ,Τὸ
1543 4640 1608 4693 δὲ’
1627 4639 1720 4693 νῦν

165 4744 220 4797 οὐ
251 4742 432 4814 μέρος·
469 4742 681 4811 μετρεῖν
712 4738 818 4808 (98)
849 4737 957 4809 γὰρ
988 4737 1050 4789 τὸ
1075 4737 1256 4808 μέρος,
1293 4736 1385 4788 καὶ
1406 4731 1718 4800 συγκεῖσθαι

167 4834 308 4890 δεῖτὸ
343 4834 460 4886 ὅλον
494 4833 556 4884 ὲκ
584 4831 691 4884 τῶν
729 4830 906 4903 μερῶν
931 4848 943 4860 ο
977 4830 1003 4881 6
1040 4829 1096 4881 δὲ
1123 4828 1313 4899 χρόνος
1341 4827 1398 4881 οὐ
1428 4825 1722 4891 δοκεῖσυγ-

171 4923 458 4982 κεῖσθαιὲκ
484 4920 591 4974 τῶν
620 4919 734 4973 νῦν.
763 4939 780 4971 ι

236 5182 295 5235 El.
315 5181 418 5233 πᾶν
443 5179 504 5233 τὸ
532 5179 845 5248 γιγνόμενον
868 5173 1079 5246 προτοῦ
1109 5173 1355 5241 γενέσθαι
1385 5173 1482 5224 οὐκ
1509 5167 1597 5242 ἦν,
1623 5171 1719 5222 οὐκ

176 5277 269 5347 ἄρα
285 5272 441 5336 ἀϊδιός
467 5289 525 5324 τε
565 5270 659 5324 καὶ
686 5270 914 5340 ἄναρχος
946 5269 974 5319 ὁ
1013 5265 1202 5337 χρόνος
1222 5282 1235 5294 ο
1266 5263 1344 5318 διδ
1371 5262 1493 5316 οὕτε
1514 5266 1545 5334 ἡ
1569 5263 1719 5332 κίνη-

180 5368 253 5431 σίς
280 5368 415 5419 ἐστιν
445 5363 610 5426 ἀῖδιός
651 5378 710 5414 τε
750 5362 843 5414 καὶ
884 5361 1134 5430 ἄναρχος,
1176 5352 1243 5427 ἧς
1284 5359 1310 5408 ό
1346 5355 1532 5425 χρόνος
1574 5355 1719 5406 ἐστὶν

179 5458 400 5534 ἀριθμός.
447 5456 513 5509 Ei
553 5455 660 5527 γὰρ
697 5452 986 5524 το“μέλλον
1020 5449 1182 5522 μέρος
1210 5447 1301 5500 τοῦ
1328 5445 1518 5515 χρόνου
1569 5444 1720 5497 οὔπω

244 5655 342 5795 ἒ97)
378 5652 472 5716 Ἐξ
493 5651 778 5732 ἀγργκης.
805 5645 1164 5719 δυρριηέστι.

264 5725 345 5794 98)
385 5726 650 5795 Μετρειν.
679 5721 776 5795 _lta_
811 5721 942 5790 Reg.
983 5718 1038 5783 9.,
1072 5718 1174 5795 icui
1215 5718 1363 5795 favet
1410 5715 1684 5795 Aristoteli

264 5715 345 5794 98)
385 5715 650 5794 arma».
679 5715 775 5794 ita
811 5715 942 5790 Reg:
983 5718 1038 5783 9.,
1073 5718 1174 5794 cui
1215 5718 1363 5794 favet
1410 5715 1718 5794 Aristotelis

187 5787 360 5858 textus,
418 5792 474 5847 in
502 5787 632 5860 'quo
679 5787 1170 5860 legiturpecpei'ts.
1215 5787 1363 5860 Editi
1404 5787 1594 5860 nostri
1625 5801 1716 5852 με·

188 5857 383 5940 τριτταὶ,
405 5857 976 5919 minuscommodeJd
995 5857 1160 5923 enim,
1191 5859 1243 5913 ni
1277 5857 1454 5923 fallor,
1481 5857 1719 5911 declarat

1817 1958 1911 2012 sed
1945 1973 2146 2026 corpus
2181 1956 2324 2024 quod
2354 1962 2623 2010 movetur.
2666 1972 2683 2003 ι

1890 2049 1950 2106 Ξῖ,
1979 2048 2244 2119 quidquid
2273 2057 2357 2103 est
2390 2049 2442 2100 in
2474 2047 2592 2101 loco
2621 2053 2705 2099 est
2735 2042 2957 2104 alicubi,
2993 2056 3096 2096 nec
3128 2038 3394 2110 quidquid

1815 2149 1898 2195 est
1951 2141 2154 2195 alicubi
2204 2141 2258 2192 in
2306 2139 2426 2193 loco
2462 2144 2567 2200 est,
2616 2137 2780 2189 latius
2815 2139 2964 2188 certe
3012 2139 3160 2202 patet
3190 2131 3394 2184 alicubi

1817 2248 1976 2302 quam
2011 2233 2065 2285 in
2114 2231 2255 2285 loco.
2307 2227 2591 2295 Quomodo
2621 2243 2751 2298 ergo
2783 2228 2944 2280 unius
2987 2223 3394 2295 praedicamenti

1817 2343 1938 2380 esse
1989 2325 2250 2381 dicuntur
2283 2324 2417 2376 illud
2458 2323 2660 2376 alicubi
2708 2328 2762 2376 et
2809 2320 2941 2373 illud
2977 2319 3031 2371 in
3083 2318 3224 2377 loco,
3274 2329 3397 2384 quae

1817 2427 2101 2488 tantopere
2128 2432 2158 2470 a
2181 2431 2239 2470 se
2262 2417 2491 2470 invicem
2524 2415 2748 2478 distant,
2772 2423 2831 2467 ut
2855 2413 3006 2467 locus
3035 2410 3248 2464 dicatur
3272 2424 3397 2463 esse

1818 2511 2016 2565 alicubi
2052 2524 2151 2564 nec
2178 2519 2356 2562 tamen
2395 2508 2447 2559 in
2478 2506 2635 2560 loco?
2665 2504 2729 2557 Et
2764 2504 2808 2560 si
2835 2503 2957 2556 linis
2991 2503 3067 2556 rei
3097 2500 3279 2566 ﬁnitae,
3317 2501 3398 2552 al-

1817 2604 1987 2656 terius
2007 2601 2225 2671 quidem
2251 2601 2329 2654 rei
2358 2598 2520 2652 ﬁnitae
2543 2597 2664 2651 linis
2682 2604 2785 2659 est,
2805 2593 3028 2648 alterius
3047 2609 3175 2647 vero
3205 2593 3394 2648 locus:

1817 2691 2092 2761 quomodo
2140 2705 2365 2744 necesse
2398 2704 2509 2743 non
2538 2696 2643 2748 est,
2689 2694 2750 2741 ut
2781 2685 2936 2740 locus
2973 2697 3188 2752 semper
3222 2682 3295 2736 sit
3341 2689 3397 2733 et

1819 2786 1972 2839 locus
2010 2791 2064 2839 et
2113 2783 2279 2837 ﬁnis?
2310 2781 2372 2836 Et
2405 2783 2450 2836 si
2484 2781 2636 2834 locus
2667 2786 2793 2833 ante
2840 2779 2930 2831 illa
2964 2786 3067 2838 est,
3100 2792 3219 2846 quae
3268 2783 3397 2830 sunt

1821 2879 1874 2931 in
1897 2877 2048 2932 loco:
2080 2874 2355 2945 quomodo.
2383 2889 2490 2928 non
2514 2874 2792 2931 evanescit
2811 2871 3134 2936 necessitas,
3156 2877 3216 2923 ut
3242 2869 3398 2924 locus

1819 2981 2033 3036 semper
2065 2967 2137 3020 sit
2171 2965 2592 3023 alteriuslocus,
2622 2971 2673 3017 et
2707 2961 2935 3016 alterius
2966 2960 3128 3013 ﬁnis?
3168 2949 3309 3012 Etsi
3345 2958 3396 3010 id

1819 3057 1965 3125 quod
1995 3070 2337 3126 nequaquam
2379 3061 2484 3115 est.
2517 3068 2625 3106 non
2657 3041 2833 3110 estr'in.
2878 3051 3023 3113 loco,
3055 3057 3201 3105 esset
3249 3048 3397 3103 enim

1821 3151 2041 3211 alicubi,
2095 3158 2156 3203 ut
2210 3148 2400 3214 dixit,
2429 3147 2704 3217 quomodo
2749 3161 2859 3200 non
2894 3143 3036 3198 idem
3074 3148 3159 3197 est
3195 3139 3397 3194 alicubi

1746 3261 1786 3315 ο
1818 3257 1938 3297 εεεε
1968 3257 2030 3295 ac
2062 3230 2114 3294 in
2147 3241 2312 3294 loco?
2342 3238 2408 3291 Et
2445 3239 2490 3292 si
2524 3253 2631 3291 non
2655 3234 2919 3306 quidquid
2943 3241 3026 3289 est
3057 3234 3110 3286 in
3142 3233 3260 3286 loco
3289 3238 3396 3294 est,

1823 3331 2094 3401 quomodo
2151 3330 2673 3390 nonnullacorum,
2711 3343 2832 3395 qua:
2883 3332 3034 3389 sunt,
3091 3339 3201 3378 non
3252 3322 3396 3376 idem

1820 3429 1980 3480 erunt
2011 3438 2074 3476 ac
2104 3421 2156 3475 id
2185 3422 2328 3492 quod
2360 3436 2467 3474 non
2497 3428 2602 3482 est,
2635 3417 2903 3487 siquidem
2939 3430 3227 3470 commune
3252 3421 3401 3468 utro-

1822 3530 2053 3584 rumque
2087 3523 2173 3569 est
2206 3529 2315 3566 non
2349 3527 2472 3569 esse
2521 3511 2578 3564 in
2612 3510 2772 3565 loco?
2799 3508 2864 3560 Et
2900 3508 2944 3561 si
2972 3523 3196 3576 corpus,
3249 3506 3394 3575 quod

1821 3615 2090 3670 movetur,
2116 3607 2289 3661 solum
2325 3606 2378 3660 in
2413 3605 2536 3663 loco
2563 3611 2677 3660 est:
2708 3599 2981 3670 quomodo
3019 3600 3240 3658 cmlum,
3269 3613 3393 3650 cum

1821 3715 2022 3770 corpus
2051 3700 2124 3754 sit
2146 3697 2292 3768 quod
2319 3704 2586 3757 movetur,
2623 3695 2678 3746 in
2709 3693 2829 3745 loco
2861 3707 2970 3750 nou
3001 3689 3117 3744 est?

1830 3790 1918 3843 3i.
1949 3788 2032 3841 Ex
2054 3787 2229 3840 eodem
2257 3787 2389 3838 libro
2422 3785 2498 3836 De
2525 3793 2769 3851 tempore.
2792 3786 2892 3851 ib.,
2914 3799 2962 3838 c.
2988 3782 3074 3845 10,
3101 3797 3152 3850 p.
3180 3779 3287 3833 ΞΠ
3316 3795 3398 3844 sq.

1895 3899 1914 3929 ι
1938 3878 2173 3947 Tempus
2191 3878 2355 3948 igitur
2367 3879 2453 3932 vel
2470 3875 2692 3933 omnino
2718 3889 2832 3926 non
2848 3886 2992 3929 esse,
3016 3869 3097 3921 vel
3124 3869 3212 3919 vix
3230 3871 3283 3917 et
3299 3866 3398 3916 ob-

1822 3983 1981 4029 scure
1996 3985 2217 4032 esse,cx
2236 3970 2320 4024 his
2339 3985 2469 4024 sane
2487 3968 2610 4037 quis
2627 3965 2957 4033 suspicetur.
2975 3958 3109 4011 Nam
3134 3972 3261 4027 pars
3275 3956 3397 4023 ejus

1824 4062 1946 4128 fuit,
1967 4078 2066 4118 nec
2086 4070 2197 4122 est;
2230 4077 2358 4131 pars
2382 4060 2562 4113 futura
2579 4065 2683 4119 est,
2703 4055 2933 4110 necdum
2953 4058 3034 4104 est
3055 4069 3067 4104 :
3091 4065 3158 4103 ex
3191 4048 3274 4102 his
3301 4061 3399 4099 au-

1823 4164 1928 4210 tem
1947 4154 2283 4212 etinlinitum
2305 4161 2355 4210 et
2371 4159 2633 4206 aeternum
2653 4156 2868 4216 tempus
2886 4143 3047 4214 566
3058 4149 3397 4208 assumptum

1823 4251 2056 4299 constat.
2080 4241 2241 4309 Quod
2269 4251 2446 4296 autem
2464 4245 2681 4294 constat
2699 4253 2764 4293 ex
2783 4236 2869 4292 liis
2899 4250 3022 4304 quae
3040 4248 3148 4286 non
3172 4237 3323 4291 sunt,
3343 4226 3400 4282 id

1824 4344 1884 4390 ut
1915 4335 2188 4404 particeps
2228 4333 2299 4388 sit
2336 4331 2652 4387 substantia:
2684 4343 2793 4382 non
2822 4325 3038 4383 videtur
3060 4338 3223 4394 posse
3258 4318 3397 4375 fieri.

1822 4427 2102 4496 Cujusque
2126 4421 2271 4481 enim
2311 4424 2411 4487 rei,
2432 4438 2558 4494 qua:
2577 4421 2749 4480 dividi
2777 4419 2972 4493 possit,
2991 4417 3036 4472 si
3074 4415 3232 4475 modo
3254 4415 3401 4468 exsi-

1826 4527 1953 4584 stat,
1976 4533 2201 4573 necesse
2218 4525 2324 4581 est,
2354 4500 2477 4571 cum
2513 4514 2750 4580 exsistit,
2774 4520 2835 4566 ut
2857 4512 2957 4589 vel,
2973 4508 3249 4568 nonnulla:
3272 4520 3402 4576 par-

1756 4591 1930 4672 Dtes,
1976 4608 2062 4664 vel
2107 4622 2298 4664 omnes
2315 4606 2603 4661 exsistant.
2653 4600 2942 4671 Temporis
2996 4606 3200 4659 autem,
3245 4595 3398 4666 quod

1823 4697 1991 4754 dividi
2047 4705 2246 4767 potest,
2278 4695 2397 4748 alia:
2433 4701 2620 4764 partes
2666 4691 3018 4752 exstiterunt,
3052 4686 3171 4740 alia:
3201 4685 3400 4739 futurae.

1824 4797 1971 4851 sunt,
2013 4788 2162 4845 nulla
2193 4793 2372 4845 autem
2401 4783 2638 4839 exsistit.
2672 4781 2919 4836 Praesens
2950 4779 3096 4834 enim
3135 4792 3266 4846 pars
3290 4792 3399 4830 non

1821 4889 1925 4938 est.
1962 4878 2097 4937 Nam
2138 4892 2364 4954 necesse
2393 4883 2479 4931 est
2510 4883 2570 4928 ut
2598 4875 2725 4944 pai-s
2785 4872 3061 4934 metiatur,
3113 4883 3178 4922 ac
3226 4875 3400 4922 totum

1822 4979 2180 5042 componatur
2215 4986 2279 5025 ex
2320 4969 2590 5040 partibus.
2615 4965 2854 5033 Tempus
2914 4970 3096 5017 autem
3143 4976 3254 5014 non
3319 4959 3402 5011 vi-

1821 5066 1982 5119 detur
2039 5062 2291 5132 componi
2366 5077 2438 5121 ex,
2485 5058 2769 5130 praesenti.
2812 5075 2831 5106 ι

1893 5154 1950 5208 Si
1994 5152 2258 5224 quidquid
2306 5151 2385 5215 iit,
2415 5167 2533 5206 non.
2569 5158 2687 5204 erat
2719 5156 3007 5217 antequam
3051 5145 3232 5211 ﬁeret;
3287 5159 3398 5198 non

1821 5264 1950 5318 ergo
1980 5255 2242 5302 aeternum
2279 5245 2474 5299 etsinc
2497 5243 2766 5313 principio
2794 5250 3005 5309 tempus
3033 5260 3043 5293 :
3071 5239 3275 5293 idcirco
3296 5254 3398 5292 nec

1823 5352 2026 5406 motus,
2058 5342 2219 5410 cujus
2251 5354 2512 5394 numerus
2541 5344 2625 5392 est
2656 5347 2890 5405 tempus,
2931 5342 3168 5388 aeternus
3197 5341 3250 5387 et
3279 5332 3396 5385 sine

1821 5434 2110 5505 principio.
2140 5432 2277 5485 Nam
2301 5431 2348 5486 si
2371 5431 2554 5483 futura
2573 5443 2698 5498 pars
2734 5427 2993 5498 temporis
3021 5425 3264 5480 nondum
3288 5425 3394 5488 est,

1821 5644 1912 5696 hic
1963 5641 2427 5708 scriptoriparles
2460 5635 2527 5689 ad
2575 5647 2885 5687 mensuram
2920 5631 3093 5708 totius
3149 5627 3396 5708 adhiberi

1822 5713 2046 5784 debere,
2077 5699 2220 5784 quod
2245 5699 2482 5784 'quidem
2528 5719 2652 5758 cum
2704 5701 2955 5784 praesenti
2985 5717 3094 5755 non
3125 5699 3410 5784 existimct

1822 5769 2136 5841 convenire,
2165 5769 2298 5832 illud
2327 5777 2471 5830 inter
2493 5769 2757 5845 temporis
2788 5780 2971 5843 partes
3003 5769 3408 5826 numerandum

1825 5861 2002 5923 negat.
2031 5849 2154 5905 Vid.
2185 5864 2337 5903 num.
2378 5847 2467 5901 55.
