4104 6422
240 371 377 429 1529

910 367 1361 426 CONFUTATIO
1393 369 1837 436 QUORUMDAM
1883 373 2339 431 ARISTOTELIS
2374 375 2783 436 DOGMATUM.

3352 379 3493 437 1530

233 487 330 541 καὶ
365 486 588 556 ἄπειρον
615 482 738 537 οὔτε
773 484 864 536 τὸν
889 484 1082 556 χρόνον
1107 483 1258 553 λέγει
1288 483 1409 537 οὔτε
1439 483 1538 555 τὴν
1575 486 1802 556 κίνησιν.

1917 489 2061 557 cipio
2105 497 2158 543 et
2206 491 2478 546 inﬁnitum
2510 509 2610 548 nec
2663 503 2878 564 tempus
2931 492 3069 550 dicit
3110 506 3209 548 nec
3258 499 3491 549 motum.

235 579 298 631 El
326 577 433 650 γὰρ
459 576 702 646 γέγονεν,
741 574 864 628 οὔτε
893 576 1060 629 ἀΐδιόν
1088 579 1236 629 ἐστιν
1268 575 1393 628 οὔτε
1420 577 1651 647 ἄναρχον
1676 595 1687 606 ·
1720 580 1814 631 καὶ

232 672 283 724 ει
303 671 417 734 τοῖς
442 671 662 734 οἰκείοις
677 669 864 741 ἄκροις
895 668 1012 720 ἐστὶ
1042 669 1443 741 περατουμένη,
1463 670 1694 742 ἄπειρος
1715 671 1815 725 οὐκ

232 760 400 819 εστιν.

273 845 276 849 ’
602 853 690 907 35.
739 855 841 908 Ἕκ
870 853 978 907 τοῦ
1007 851 1196 907 αὑτοῦ
1229 847 1436 922 λόγου.

307 964 326 1000 t
365 945 439 998 Τδ
465 945 522 998 δὲ
543 944 637 998 νῦν
658 945 750 999 τὸν
778 946 966 1018 χρόνον
993 949 1181 1016 μετρεῖ
1259 945 1524 1017 πρότερον
1544 947 1636 999 καὶ
1654 945 1816 999 ὓστε-

231 1053 334 1108 ρον
364 1037 460 1091 καὶ
495 1036 778 1090 ἀκολουθεῖ
802 1035 880 1108 τῷ
917 1038 1016 1108 μὲν
1056 1037 1278 1108 μεγέθει
1307 1039 1340 1108 ἡ
1375 1038 1612 1110 κίνησις,
1643 1037 1815 1112 ταύτῃ

223 1130 286 1183 δὲ
317 1131 345 1182 6
378 1131 588 1203 χρόνος.
631 1151 651 1184 ›

298 1222 362 1276 El
390 1223 490 1275 οὐκ
523 1223 637 1276 ἐστι
668 1224 729 1276 τὸ
757 1222 852 1276 νῦν
892 1222 1058 1295 μέρος
1085 1222 1180 1274 τοῦ
1208 1223 1424 1293 χρόνου,
1457 1223 1645 1288 καθὼς·
1663 1219 1814 1277 εἶπεν

221 1315 285 1367 ἐν
325 1315 403 1385 τῷ
443 1316 752 1387 τριακοστῷ
801 1315 971 1387 τρίτῳ
1001 1316 1303 1387 κεφαλαίῳ,
1350 1314 1468 1379 πῶς
1509 1319 1699 1387 μετρεί
1723 1316 1814 1368 τὸν

219 1405 446 1481 χρόνον;
479 1408 550 1460 Ἦ
588 1406 697 1474 άςα
735 1409 795 1460 οὐ
833 1409 1024 1479 μετρεῖ
1059 1407 1150 1459 τὸν
1179 1407 1373 1477 χρόνον
1405 1407 1466 1460 τὸ
1498 1405 1616 1474 νῦν,
1645 1407 1678 1477 ἢ
1713 1407 1812 1477 μὲ-

222 1514 319 1571 po;
349 1500 481 1554 αὐτὸ
506 1495 892 1570 άνάγκηέῐναι
920 1497 1013 1552 τοῦ
1054 1498 1278 1570 χρόνων
1311 1497 1408 1552 καὶ
1445 1500 1495 1550 εξ
1533 1496 1816 1551 ἀκολουθεῖ

217 1590 300 1666 τῷ
329 1591 544 1662 μεγέθει
567 1594 600 1662 ἡ
624 1593 854 1661 κίνησις,
870 1591 1042 1663 ταύτῃ
1073 1590 1129 1642 δὲ
1154 1591 1182 1642 6
1215 1589 1428 1659 χρόνος,
1457 1589 1682 1659 γενητὸν
1701 1589 1814 1659 ἄρα

215 1670 283 1736 τδ
309 1683 556 1756 μέγεθος,
585 1683 828 1755 ὥσπερὴ
863 1683 1076 1756 κίνησις
1110 1683 1204 1736 καὶ
1231 1685 1259 1736 6
1286 1682 1499 1754 χρόνος,
1520 1681 1590 1734 τὰ
1618 1682 1813 1752 ἐκείνῳ

219 1773 640 1844 ἀκολουθοῦντα.

609 1867 698 1923 56.
733 1867 834 1922 Ἐκ
864 1866 970 1920 τοῦ
993 1863 1182 1920 αὐτοῦ
1205 1865 1414 1934 λόγου.

293 1977 313 2010 ι
351 1959 464 2030 Τῆς
489 1959 754 2031 γραμμῆς
783 1955 1316 2034 ἐλάχιποςμάριθμὺς
1339 1953 1532 2026 πλήθει
1561 1954 1659 2025 μὲν
1691 1952 1806 2007 ἔστι

213 2050 310 2105 δύο
334 2049 368 2122 ἢ
405 2051 520 2121 μία,
544 2049 765 2121 μεγέθει
798 2049 854 2102 δὲ
888 2051 990 2103 οὐκ
1020 2048 1166 2102 ἔστιν
1191 2048 1500 2117 ἐλάχιστος·
1525 2041 1807 2116 ἐλάχιστος

204 2141 326 2214 «γάρ
384 2131 526 2197 κατὰ
580 2143 678 2214 μὲν
728 2141 960 2214 ἀριθμόν
1011 2144 1162 2195 ἐστιν
1187 2142 1217 2195 6
1249 2136 1331 2204 εἷς
1357 2140 1391 2212 ἢ
1422 2139 1537 2206 δύο,
1563 2138 1708 2193 κατὰ
1749 2138 1806 2192 δὲ

214 2234 451 2306 μέγεθος
477 2236 576 2289 οὐκ
609 2235 775 2288 ἐστιν.
818 2253 837 2286 ι

279 2327 344 2381 Et
380 2325 456 2398 μὴ
504 2326 786 2398 ἐλάχιστόν
817 2327 934 2380 ἐστι
965 2325 1152 2398 μέρος,
1183 2325 1242 2378 ὲν
1268 2326 1335 2396 τῇ
1359 2325 1593 2397 γραμμῇ
1631 2322 1732 2394 μὲν
1759 2324 1794 2394 ἡ

209 2419 437 2494 στιγμὴ,
480 2421 536 2472 ὲν
578 2419 656 2490 τῷ
699 2419 877 2492 χρόνῳ
915 2417 972 2472 δὲ
1023 2419 1084 2475 τὸ
1131 2417 1250 2483 νῦν,
1283 2418 1338 2479 τι
1365 2416 1552 2490 ἐτερᾶν
1593 2419 1740 2470 ἐστιν
1769 2417 1803 2487 ὴ

207 2509 416 2582 στιγμὴ
445 2509 504 2563 ὲν
530 2512 598 2582 τῇ
631 2512 888 2582 γραμμῇ,
915 2511 1010 2564 καὶ
1036 2510 1100 2564 τὸ
1128 2510 1226 2565 νῦν
1273 2513 1333 2564 ὲν
1371 2509 1452 2582 τῷ
1488 2509 1702 2581 χρόνῳ;
1736 2507 1803 2562 El

203 2599 268 2658 δι
312 2599 414 2654 οὐκ
452 2601 735 2674 ἐλάχιστόν
788 2603 906 2656 ἔστι
950 2602 1137 2674 μέρος,
1170 2602 1307 2658 ἀλλὰ
1337 2603 1534 2676 πέρας,
1565 2601 1685 2665 πῶς
1708 2596 1802 2655 οὖν

205 2693 382 2764 χωρὶς
406 2691 504 2763 μὲν
532 2691 627 2745 τοῦ
661 2694 1078 2765 πεπερασμένου
1105 2692 1363 2748 ἀδύνατόν
1395 2695 1542 2746 ἐστιν
1568 2689 1708 2746 εἶναι
1739 2691 1802 2746 τὸ

206 2781 406 2854 πέρας,
461 2783 634 2855 χωρὶς
677 2783 734 2835 δὲ
776 2786 875 2854 τῆς
925 2785 1192 2855 γραμμῆς
1214 2784 1489 2855 ἐνδέχεται
1523 2779 1663 2837 εἶναι
1698 2783 1801 2855 τήν

207 2874 475 2944 στιγμήν;
506 2875 614 2929 Καὶ
645 2877 694 2928 εἰ
718 2877 776 2928 ἐν
803 2870 884 2939 οἷς
915 2876 1017 2929 οὐκ
1043 2875 1158 2928 ἐστι
1189 2877 1252 2929 τὸ
1273 2876 1576 2947 ἐλάχιστον,
1597 2877 1656 2928 ὲν
1677 2875 1802 2928 τού-

205 2983 322 3030 τοις
359 2965 479 3019 οὐδὲ
511 2966 571 3020 τὸ
596 2968 872 3038 μέγιστον,
911 2969 1053 3024 κατὰ
1085 2969 1143 3022 τι
1167 2971 1201 3038 ἡ
1235 2968 1398 3040 λοιπὴ
1425 2969 1660 3040 διαφορὰ
1688 2969 1801 3022 τῶν

210 3055 418 3132 μερῶν,
445 3059 539 3113 τοῦ
585 3059 843 3131 μεγίστου
887 3061 1107 3115 καὶτοῦ
1141 3061 1425 3134 ἐλαχίστου
1467 3062 1796 3134 ἀναιρουμέ-

214 3167 308 3224 νης
331 3151 432 3222 τῆς
462 3150 756 3224 διαφορᾶς

594 3245 684 3300 57.
719 3246 822 3299 Ἐκ
852 3245 961 3302 τοῦ
988 3244 1177 3300 αὑτοῦ
1197 3247 1410 3316 λόγου.

286 3350 307 3403 ι
338 3334 503 3390 Ὥστε
535 3335 894 3409 φανερὸν,ὅτι
930 3337 1000 3391 τὰ
1027 3339 1114 3392 ἀεὶ
1137 3338 1269 3393 ὅντα
1291 3339 1326 3410 ἢ
1355 3339 1428 3393 τὰ
1451 3339 1538 3394 ἀεὶ
1568 3339 1643 3412 μὴ
1671 3338 1801 3394 ὄντα

207 3423 310 3482 οὐκ
336 3422 482 3482 ἔστιν
504 3428 562 3481 ὲν
582 3429 779 3500 χρόνῳ·
799 3430 859 3483 οὐ
879 3430 987 3502 γὰρ
1009 3431 1321 3502 περιέχεται
1341 3433 1449 3486 ὑπὸ
1471 3431 1566 3498 τοῦ
1582 3433 1798 3504 χρόνου,

206 3516 332 3579 οὐδὲ
365 3517 644 3591 μετρεῖται
684 3521 747 3573 τὸ
778 3517 919 3576 εἶναι
956 3521 1138 3578 αὐτῶν
1167 3524 1276 3578 ὑπὸ
1329 3524 1425 3578 τοῦ
1453 3524 1668 3598 χρόνου.
1706 3543 1728 3577 ι

295 3689 383 3753 Ὣς
412 3685 505 3744 οὖν
536 3692 621 3764 ’(7)
655 3693 754 3766 τὴν
801 3693 1014 3766 κίνησιν
1057 3695 1288 3767 εἴρηκας
1315 3696 1457 3752 εἶναι
1486 3697 1675 3765 ἀΐδιον,
1706 3699 1798 3753 καὶ

204 3780 302 3835 τὸν
347 3783 538 3853 χρόνον
563 3785 768 3858 ταύτης
815 3787 1082 3859 άριθμόν;
1118 3781 1220 3842 Ὧν
1240 3787 1352 3860 γάρ
1379 3791 1408 3842 6
1432 3789 1622 3861 χρόνος
1649 3791 1799 3845 ἐστὶν

207 3870 531 3945 άχώριστος,
558 3875 730 3930 ταῦτα
770 3879 871 3931 οὐκ
903 3879 1176 3949 ἐνδέχεται
1211 3879 1287 3951 μὴ
1319 3877 1459 3933 εἶναι
1492 3881 1552 3936 ὲν
1594 3883 1794 3954 χρόνῳ.

581 4051 665 4106 ⁸58.
714 4053 814 4105 Ἐκ
844 4052 949 4105 τοῦ
977 4045 1166 4107 αὐτοῦ
1193 4056 1403 4124 λόγου.

199 4198 202 4199 ν
284 4159 304 4193 ι
344 4141 484 4195 Ὅσα
531 4143 669 4214 μήτε
716 4148 943 4198 κινεῖται
975 4146 1113 4217 μήτε
1160 4146 1377 4218 ἠρεμεῖ,
1405 4141 1510 4200 ὀὐκ
1555 4147 1703 4203 ἔστιν
1735 4151 1796 4204 ὲν

201 4233 384 4308 χρόνῳ
402 4249 416 4266 ⁶
448 4235 510 4288 τὸ
538 4237 637 4306 μὲν
661 4235 769 4308 γὰρ
798 4238 856 4290 ὲν
886 4239 1063 4309 χρόνῳ
1090 4233 1231 4292 εἶναι
1254 4237 1328 4312 (8)
1354 4240 1475 4292 ἐστὶ
1494 4239 1556 4293 τὸ
1580 4245 1796 4314 μετρεῖ-

204 4325 333 4381 σθαι
363 4327 540 4398 χρόνῳ
563 4343 578 4358 ⁶
609 4329 638 4380 6
677 4329 736 4382 δὲ
782 4330 973 4403 χρόνος
1000 4331 1268 4403 κινήσεως
1299 4331 1394 4385 καὶ
1424 4333 1662 4406 ἠρεμίας
1691 4334 1794 4405 μέ-

199 4429 353 4489 τρον.
395 4438 415 4471 ι

1824 3170 1880 3236 C

1916 577 2052 634 Nam
2085 585 2131 636 si
2166 582 2342 639 factus
2381 593 2487 644 est,
2521 602 2620 640 nec
2649 596 2886 642 aeternus
2925 595 3009 642 e‘st
3051 602 3156 640 nec
3190 587 3310 640 sine
3341 587 3497 656 prin-

1915 673 2092 742 cipio;
2124 683 2177 729 et
2231 677 2278 729 si
2311 678 2576 747 ,propriis
2632 680 2880 736 terminis
2918 685 3225 748 coercetur,
3269 695 3379 740 non
3409 683 3496 734 est

1915 765 2182 821 inﬁnitus.

2071 875 2161 929 55.
2205 872 2290 926 Ea:
2320 881 2495 928 eodem
2532 872 2686 932 lib‘ro,
2719 870 2815 928 lib.
2848 886 2900 923 Iv
2948 885 2998 924 c.
3036 876 3122 934 H,
3150 886 3204 941 p.
3235 870 3360 926 219.

1991 969 2012 1003 ι
2050 953 2298 1006 Praesens
2326 959 2506 1005 autem
2550 958 2766 1021 tempus
2810 954 3053 1017 metitur,
3085 969 3192 1022 qua
3230 953 3405 1023 prius,
3436 964 3491 1010 et

1915 1055 2021 1110 qua
2051 1042 2428 1109 posterius;et
2446 1041 2876 1111 magnitudinem
2908 1043 3268 1113 consequitur
3283 1054 3488 1112 motus,

1911 1131 2060 1186 hunc
2087 1138 2267 1186 autem
2304 1140 2541 1200 tempus.
2576 1149 2595 1182 »

1986 1219 2044 1276 Si
2076 1236 2318 1292 presens
2349 1237 2477 1291 pars
2506 1238 2616 1276 non
2638 1235 2721 1278 est
2751 1226 3127 1294 temporis,‘ut
3157 1228 3295 1282 dixit
3327 1229 3493 1290 trice-e

1916 1315 2057 1368 simo
2096 1315 2256 1369 tertio
2307 1316 2504 1384 capite,
2545 1317 2820 1384 quomodo
2854 1323 3076 1372 metitur
3111 1322 3371 1388 tempus?
3395 1318 3494 1375 Vel

1914 1393 2178 1477 proiecto
2206 1422 2448 1476 praesens
2495 1422 2607 1462 non
2637 1408 2862 1461 metitur
2889 1417 3126 1479 tempus,
3160 1413 3250 1466 vel
3284 1423 3492 1481 partem

1915 1495 1968 1550 id
2017 1511 2140 1551 esse
2177 1498 2437 1566 temporis
2487 1512 2714 1552 necesse
2743 1507 2848 1552 est.
2880 1497 2945 1552 Et
2978 1501 3025 1555 si
3055 1503 3492 1570 magnitudinem

1913 1588 2270 1655 consequitur
2327 1593 2531 1652 motus,
2591 1587 2738 1640 hunc
2779 1597 2961 1641 autem
3012 1599 3225 1659 tempus
3263 1610 3274 1644 :
3311 1592 3494 1660 genita

1912 1693 2042 1747 ergo
2080 1677 2418 1748 magnitudo,
2451 1685 2510 1730 ut
2543 1684 2597 1732 et
2627 1685 2808 1734 motus
2842 1686 2896 1733 et
2926 1688 3163 1751 tempus,
3201 1697 3324 1752 quae
3347 1684 3493 1738 illam

1913 1779 2348 1840 consequuntur.

2099 1859 2190 1913 56.
2231 1857 2314 1911 Ex
2337 1858 2515 1912 eodem
2551 1857 2886 1922 libro,_lbid.,
2919 1874 2971 1912 c.
3011 1855 3099 1921 12,
3125 1871 3178 1923 p.
3201 1853 3330 1909 220.

1984 1967 2003 2002 ι
2039 1948 2221 2004 Linea:
2251 1950 2512 2003 minimus
2545 1964 2829 2013 numerus,
2869 1947 3221 2003 multitudine
3244 1947 3488 2016 quidem,

1905 2042 2027 2099 dua:
2055 2049 2150 2095 aut
2199 2054 2308 2096 una
2356 2059 2368 2094 :
2398 2040 3006 2111 magnitudine'autem,
3041 2056 3150 2094 non
3178 2040 3442 2096 minimus
3474 2060 3488 2096 :

1905 2132 2439 2202 minimus'namque
2468 2147 2731 2186 numerus
2787 2141 2876 2186 est
2903 2148 3047 2187 unus
3077 2141 3170 2186 aut
3195 2132 3342 2198 duo;
3375 2147 3494 2185 ma-

1904 2223 2189 2295 gnitudine
2218 2232 2399 2278 autem
2424 2223 2687 2299 minimus
2716 2239 2826 2278 non
2856 2232 2961 2280 est.
2991 2240 3012 2275 ι

1977 2315 2036 2369 Si
2083 2330 2194 2370 non
2234 2317 2463 2373 minima
2513 2323 2640 2386 pars
2673 2324 2780 2380 est,
2808 2317 2869 2377 in.
2918 2318 3062 2371 tinea
3104 2317 3323 2387 quidem
3352 2333 3494 2387 pun.

1903 2415 2076 2474 ctum,
2109 2406 2164 2460 in
2187 2415 2439 2476 tempore
2464 2421 2594 2463 vero
2623 2421 2889 2478 presens,
2925 2407 3058 2478 quid
3089 2408 3308 2462 tandem
3341 2408 3493 2463 aliud

1901 2511 1988 2559 est
2017 2513 2279 2574 punetum
2304 2504 2362 2558 in
2394 2501 2559 2568 linea,
2582 2518 2826 2574 praesens
2855 2503 2912 2557 in
2938 2505 3227 2573 tempore?
3258 2502 3354 2558 Sin
3380 2520 3490 2560 non

1901 2595 2128 2649 minima
2158 2609 2290 2666 pars
2322 2602 2432 2660 est,
2467 2594 2564 2651 sed
2613 2593 2774 2650 ﬁnis:
2804 2595 3084 2664 quomodo
3107 2609 3240 2664 ergo
3281 2580 3402 2650 sine
3431 2611 3493 2652 re

1902 2685 2054 2740 ﬁnita
2086 2701 2196 2741 non
2244 2693 2423 2756 potest
2455 2701 2582 2741 esse
2620 2683 2768 2749 linis,
2799 2686 2919 2740 sine
2950 2685 3096 2742 linea
3129 2693 3310 2739 autem
3363 2699 3492 2742 esse

1903 2785 2085 2848 potest
2119 2785 2383 2848 punctum
2413 2779 2438 2831 ?
2463 2776 2550 2842 Et,
2593 2778 2641 2832 si
2674 2778 2876 2848 quibus
2912 2778 2980 2832 oin
3027 2779 3194 2833 rebus
3241 2791 3352 2832 non
3405 2786 3492 2834 est

1904 2871 2216 2940 minimum,
2253 2871 2308 2924 in
2333 2869 2539 2926 eisdem
2561 2870 2724 2926 etiam
2749 2886 2861 2926 non
2884 2878 2968 2926 est
2991 2873 3323 2927 maximum:
3358 2886 3493 2941 quo-

1901 2959 2065 3014 modo
2094 2961 2303 3030 reliqua
2333 2959 2568 3030 partium
2594 2959 2923 3028 diﬂ‘erentia,
2945 2962 3171 3017 maximi
3192 2969 3246 3017 et
3273 2961 3488 3017 minimi

1899 3051 2204 3108 differentia
2240 3052 2475 3117 subtata,
2499 3048 2785 3108 consistit?

2167 3244 2258 3299 37.
2293 3241 2378 3296 Ea:
2403 3242 2582 3307 eodem
2613 3240 2768 3305 libro,
2804 3241 2963 3305 ibid.,
2991 3255 3048 3309 p.
3073 3238 3201 3294 22!.

1928 3328 1936 3332 ·
1972 3336 1994 3371 σ
2012 3319 2224 3375 Idcirco
2247 3319 2599 3383 manifestum
2627 3325 2734 3381 est,
2751 3332 2812 3372 ea
2827 3333 2948 3387 quae
2975 3332 3192 3386 semper
3214 3323 3366 3380 sunt,
3391 3328 3488 3373 aut

1901 3427 2024 3484 quae
2068 3427 2374 3484 nunquam,
2410 3427 2521 3466 non
2548 3426 2674 3466 esse
2703 3409 2760 3463 in
2790 3417 3068 3478 tempore:
3103 3424 3213 3462 non
3242 3409 3387 3463 enim
3417 3423 3484 3464 ea

1901 3506 2378 3577 circumplectitur
2412 3513 2647 3575 tempus,
2678 3515 2859 3572 neque
2906 3501 3269 3566 substantiam
3291 3517 3484 3556 eorum

1901 3605 2116 3668 tempus
2137 3597 2380 3653 metitur.
2396 3616 2415 3649 ι
3267 3659 3270 3662 ξ

1965 3687 2252 3755 Quomodo
2274 3687 2442 3758 igitur
2463 3694 2671 3742 motum
2722 3683 2915 3740 dixisti
2955 3699 3078 3740 esse
3110 3691 3397 3748 ater-num,
3428 3691 3486 3739 et

1900 3787 2114 3850 tempus
2145 3795 2433 3834 numerum
2465 3779 2630 3848 ejus?
2664 3779 2708 3831 A
2741 3778 2942 3848 quibus
2975 3793 3208 3847 namque
3235 3777 3483 3846 separari

1900 3879 2114 3940 tempus
2148 3885 2261 3927 non
2292 3876 2493 3942 potest,
2528 3885 2592 3925 ea
2625 3869 2743 3926 ﬁeri
2785 3885 2894 3924 non
2922 3876 3105 3940 potest
3129 3870 3261 3939 quin
3288 3870 3400 3924 sint
3424 3869 3482 3924 in

1901 3967 2164 4033 tempore.
2431 4016 2436 4024 ,

2303 4056 2399 4113 58.
2425 4056 2514 4110 Ex
2542 4057 2724 4115 eodem
2747 4056 2904 4122 libro,
2933 4057 3066 4112 ibid.

1970 4161 1990 4194 ι
2035 4141 2385 4212 Quaecunque
2424 4158 2528 4198 nec
2575 4154 2887 4206 moventur,
2935 4159 3038 4198 nec
3081 4142 3396 4212 quiescunt,
3422 4144 3479 4198 in

1896 4240 2140 4304 tempore
2166 4250 2275 4288 non
2296 4243 2453 4301 ευηις
2478 4249 2605 4288 nam
2633 4237 2688 4289 11ὶ
2708 4243 2954 4305 tempore
2982 4251 3126 4299 esse,
3156 4250 3477 4290 mensuram

1897 4331 2142 4393 tempore
2181 4324 2368 4379 subire
2385 4331 2508 4391 est;
2543 4329 2760 4394 tempus
2783 4331 2966 4379 autem
2993 4332 3178 4378 motus
3200 4332 3255 4379 et
3274 4325 3476 4394 quietis

1897 4431 2184 4471 mensura.
2218 4436 2236 4468 ι

269 4512 336 4564 El
363 4510 426 4563 τὸ
461 4510 522 4565 δν
553 4514 610 4566 ὲν
638 4512 718 4583 τῷ
744 4513 940 4585 χρόνῳ,
974 4516 1151 4569 ἐκεῖνο
1178 4519 1408 4570 κινεῖται
1441 4518 1533 4572 καὶ
1554 4520 1753 4590 ἠρεμεῖ
1773 4537 1788 4549 ·

1967 4509 2133 4582 568
2167 4509 2224 4565 Si
2274 4510 2328 4567 id
2379 4511 2524 4581 quod
2571 4511 2627 4566 in
2674 4517 2923 4580 tempore
2981 4517 3088 4577 est,
3127 4511 3381 4565 movetur
3420 4521 3479 4566 et

193 4605 432 4657 ⁴κινεῖται
470 4603 528 4655 δὲ
558 4606 586 4657 6
613 4603 842 4675 οὐρανὸς
873 4606 1012 4660 κατὰ
1043 4607 1138 4659 τὸν
1165 4607 1412 4676 λέγοντα,
1456 4609 1550 4662 καὶ
1596 4611 1796 4680 ἠρεμεῖ

199 4697 239 4768 ἢ
269 4695 344 4766 γῆ
359 4713 374 4727 ο
410 4697 468 4749 ὲν
488 4698 666 4769 χρόνῳ
692 4697 799 4770 ἄρα
826 4700 854 4751 6
876 4699 1103 4771 οὐρανὸς
1123 4701 1216 4754 καὶ
1240 4703 1274 4772 ἡ
1292 4701 1391 4772 γῆ,
1413 4703 1510 4756 καὶ
1534 4704 1566 4773 ἡ
1589 4703 1794 4758 τούτων

198 4785 417 4858 κίνησίς
461 4805 524 4840 τε
565 4789 660 4841 καὶ
700 4789 924 4861 ἠρεμία.
958 4791 1069 4844 Καὶ
1100 4793 1150 4845 εἰ
1176 4794 1404 4865 γενητὸς
1431 4796 1460 4848 6
1491 4796 1703 4866 χρόνος,
1733 4795 1794 4864 ἐξ

197 4879 452 4950 ἀνάγκης
485 4879 582 4951 (9).

341 5054 430 5109 39.
485 5055 588 5110 Ἐκ
632 5055 904 5127 πέμπτου
934 5056 1042 5130 (10)
1298 5058 1410 5128 τῆς
1440 5059 1629 5129 αὐτῆς

792 5129 1212 5198 πραγματείας.

275 5259 298 5293 ι
334 5241 496 5299 Ὥστε
529 5242 742 5314 ἀνάγκη
777 5243 843 5297 ὲκ
869 5243 978 5298 τῶν
1007 5243 1316 5320 εἰρημένων
1347 5248 1496 5318 τρεῖς
1527 5242 1668 5300 εἶναι
1695 5263 1793 5318 με-

301 5436 358 5511 7)
392 5439 487 5511 'Qc
515 5434 651 5511 οὖν)
669 5438 807 5511 'Leg.
835 5436 1096 5511 attinebit.

298 5507 355 5580 8)
381 5507 574 5580 Εἶναι.
609 5507 925 5580 Desumpsit
956 5509 1281 5580 Sylburgius
1309 5525 1375 5564 ex
1401 5509 1713 5566 Aristotele.

282 5578 363 5650 Lg)
400 5578 496 5642 Ἐξ
528 5578 830 5647 ἀνάγκηςξ
869 5578 1104 5650 Explent
1150 5578 1405 5650 lacunam
1457 5580 1679 5650 Langus
1733 5589 1790 5636 et

205 5647 555 5724 διψῇ-νειῷ,
579 5650 826 5724 addendo
843 5647 1192 5724 ἄρίγενητρς
1210 5648 1305 5704 καὶ
1331 5650 1559 5724 οὐρανὸς
1581 5647 1674 5706 καὶ
1691 5653 1784 5724 γῆ.

280 5720 396 5793 (10)
422 5719 527 5773 Ἐκ
555 5719 847 5793 πέμπτου.
883 5719 1108 5791 Ἰιοιιεαί
1132 5722 1225 5793 hic
1269 5719 1648 5793 erat'lacuna,
1684 5719 1787 5777 nec

206 5790 423 5858 titulus,
452 5805 554 5846 nec
589 5789 886 5863 quidquam
910 5789 1058 5850 aliud
1085 5790 1366 5863 legebatur
1389 5799 1586 5863 praeter
1613 5789 1787 5850 extre-

1895 4603 2130 4672 quiescit
2153 4610 2435 4669 ;mevetur
2458 4611 2662 4666 autem,
2685 4611 2745 4656 ut
2767 4603 2946 4672 placet
2969 4603 3042 4667 ei,
3064 4602 3157 4671 qui
3187 4601 3292 4655 hoc
3314 4601 3472 4664 dixit,

1895 4694 2119 4756 caelum,
2147 4699 2203 4747 et
2237 4676 2473 4762 quiescit
2505 4703 2687 4749 terra:
2722 4695 2780 4748 in
2825 4701 3071 4762 tempore
3111 4709 3242 4763 ergo
3271 4694 3473 4749 caelum

1893 4792 1949 4840 et
1984 4794 2155 4849 terra,
2193 4801 2492 4855 eorumque
2548 4793 2604 4840 et
2657 4793 2840 4840 motus
2892 4793 2948 4840 et
2997 4787 3175 4856 quies.
3228 4785 3382 4851 Quod
3424 4786 3474 4840 si

1895 4877 2136 4946 genitum
2194 4885 2449 4948 tempus,
2503 4880 2815 4934 necessario
2873 4895 3091 4949 quoque
3156 4879 3358 4947 cmlum
3419 4887 3475 4938 et

1893 4976 2058 5025 terra.

2139 5062 2232 5118 59.
2263 5061 2350 5119 Et
2378 5062 2512 5133 ζξρνο
2537 5064 2720 5133 quinto
2748 5061 2986 5133 eiusdem
3026 5065 3220 5133 operis.

2381 5128 2478 5186 lib.
2511 5146 2564 5195 ν,
2589 5145 2641 5187 c.
2675 5132 2728 5197 1,
2754 5147 2815 5203 p.
2845 5132 2974 5192 225.

1965 5258 1986 5292 ι
2027 5223 2167 5312 Tres
2198 5256 2323 5296 esse
2365 5240 2772 5297 vicissitudines
2820 5241 2938 5298 sive
2978 5241 3333 5306 mutationes,
3363 5256 3455 5297 tte-

1890 5455 2008 5495 mas
2036 5440 2367 5512 vocesillas,
2399 5439 2458 5504 ἐξ
2480 5440 2836 5512 ὑποκειμένου
2865 5444 2945 5505 εἰς
2961 5443 3060 5512 οὐχ
3083 5441 3464 5512 ὑποκείμενον.

1892 5512 2023 5578 Qua:
2053 5510 2283 5565 deerant
2315 5518 2594 5582 mutuatus
2630 5510 2714 5582 est
2746 5511 2968 5581 Langus
3002 5510 3071 5567 ab
3110 5515 3230 5582 ipso
3249 5510 3464 5565 Aristo-

1890 5584 2015 5637 telis
2080 5589 2234 5635 textu
2282 5588 2351 5652 _et
2420 5581 2477 5634 in
2534 5581 2781 5635 Latinam
2806 5581 3340 5652 ﬂinterpretationem
3396 5597 3462 5635 ea

1890 5653 2238 5723 transtulit,
2269 5649 2460 5704 Graeca
2516 5652 2769 5720 apposuit
2799 5641 3123 5723 Sylbufgius
3166 5653 3236 5723 in
3279 5641 3477 5723 Notis.-

1888 5722 2316 5777 Convenientius
2346 5723 2526 5774 visum
2550 5731 2634 5791 est
2661 5737 2725 5776 ea
2750 5723 2804 5775 in
2834 5721 3025 5791 ipsum
3041 5721 3356 5782 contextum
3375 5722 3461 5777 in-

1889 5795 2112 5860 ducere,
2138 5800 2193 5848 et
2221 5807 2322 5848 sua
2343 5790 2621 5847 Aristoteli
2646 5790 2900 5849 reddere.
