4104 6432
235 411 375 466 Ιῦὗῦ

904 404 1346 463 CONFUTATIO
1374 405 1822 475 QUORUMDAM
1853 407 2315 466 ARISTOTELIS
2350 407 2765 466 DOGMATUM.

3361 411 3496 470 4531

230 529 448 584 ἔσεσθαι
478 526 594 592 νῦν,
622 526 797 581 ἐκεῖνό
824 527 969 580 ἐστιν
993 527 1132 598 ἀρχὴ
1165 526 1259 580 τοῦ
1293 527 1593 598 μέλλοντος,
1620 527 1649 579 ὀ
1686 525 1809 579 οὔτε

1923 543 2120 584 turum
2145 538 2230 584 est
2249 544 2515 598 praesens,
2542 528 2593 581 id
2620 528 2834 582 initium
2863 535 2948 582 est
2978 526 3176 592 futuri;
3210 530 3352 598 quod
3378 532 3496 599 qui-

233 622 468 693 μεσότης
516 620 600 685 τίς
651 623 817 681 ἐστιν,
862 620 984 689 ἔχον
1031 620 1115 671 ἐπ’
1146 619 1431 690 ἀμφότερα
1459 620 1672 690 χρόνον,
1707 619 1820 674 ἀλλ’

231 713 325 766 ἐπὶ
360 713 604 783 θάτερον,
622 712 743 764 οὕτε
771 710 910 780 ἀρχὴ
936 710 1028 764 καὶ
1052 710 1276 780 τελευτὴ
1294 728 1305 740 ·
1334 711 1393 762 τὸ
1422 710 1554 762 αὐτὸ
1582 712 1679 780 μὲν
1704 711 1820 774 νῦν,

233 804 396 857 ἄλλου
433 804 489 856 δὲ
524 803 619 856 καὶ
646 802 807 855 ἄλλου
835 803 1027 872 χρόνου
1049 819 1062 831 ·
1094 797 1225 863 οἷον,
1260 800 1402 872 ἀρχὴ
1435 801 1533 871 μὲν
1559 801 1655 854 τοῦ
1692 801 1821 871 μέλ-

234 894 436 958 λοντος,
469 894 691 964 τελευτὴ
734 893 789 946 δὲ
833 893 926 945 τοῦ
977 892 1364 963 παρελθόντος·
1405 892 1520 944 ἀλλ’
1560 892 1687 946 ἄλλο
1725 893 1820 962 μὲν

234 987 329 1041 νῦν
354 987 517 1061 ἀρχὴ,
573 988 668 1041 καὶ
716 971 842 1040 ἄλλο
884 985 1127 1054 τελευτὴ,
1167 984 1260 1036 τοῦ
1306 985 1468 1036 αὑτοῦ
1513 985 1570 1037 δὲ
1602 984 1816 1055 χρόνου.

239 1081 446 1144 Ἄλλως
480 1071 558 1142 δὲ,
589 1081 636 1132 εί
662 1078 918 1132 ἀδύνατον
938 1077 1001 1130 τὸ
1027 1077 1118 1129 νῦν
1154 1073 1292 1130 εἶναι
1318 1077 1434 1143 νῦν,
1464 1078 1556 1130 ἐὰν
1587 1079 1659 1148 μὴ
1688 1077 1822 1148 πρό-

234 1189 389 1241 τερον
490 1170 678 1241 μέλλον
699 1171 793 1224 καὶ
818 1170 918 1222 οὐκ
944 1168 1027 1232 ὃν,
1053 1167 1313 1221 ἀδύνατον
1341 1169 1446 1238 ἄρα
1474 1169 1536 1220 τὸ
1566 1167 1660 1221 νῦν
1695 1186 1821 1222 συν-

232 1263 402 1315 αΐδιον
431 1257 587 1315 εἶναι.
622 1262 684 1313 Εἰ
730 1259 979 1331 γάρ.πᾶν
1011 1259 1069 1310 τὸ
1103 1259 1366 1329 πρότερον
1399 1258 1498 1310 οὐκ
1532 1257 1617 1320 ὃν,
1663 1256 1820 1310 ὓστε-

233 1370 326 1424 ρον
356 1353 431 1415 δὲ,
462 1350 687 1422 γενητὸν
720 1349 897 1413 τοῦτο,
945 1347 1188 1401 τοιοῦτον
1221 1349 1277 1401 δὲ
1309 1349 1403 1400 καὶ
1429 1348 1490 1400 τὸ
1514 1348 1629 1411 νῦν,
1656 1365 1820 1418 γενη-

228 1445 324 1506 τὸν
351 1445 458 1516 ἄρα
494 1444 555 1496 τὸ
598 1443 710 1497 νῦν.
745 1444 807 1495 El
841 1443 897 1495 δὲ
927 1441 988 1494 τὸ
1018 1439 1133 1502 νῦν,
1174 1441 1234 1504 ἐξ
1259 1441 1502 1511 ἀνάγκης
1527 1440 1620 1494 καὶ
1653 1443 1682 1493 ὁ
1710 1442 1819 1504 πᾶς

228 1535 442 1605 χρόνος,
468 1526 528 1587 06
549 1532 801 1605 ἀρχὴκαὶ
825 1532 1048 1602 τελευτὴ
1076 1533 1136 1585 τὸ
1167 1533 1280 1585 νῦν·
1301 1533 1395 1585 καὶ
1420 1534 1468 1584 εί
1484 1534 1511 1584 ὀ
1531 1532 1740 1602 χρόνος,
1759 1531 1818 1596 ἐξ

231 1627 480 1699 ἀνάγκης
523 1625 618 1679 καὶ
656 1627 689 1696 ἠ
739 1625 970 1695 κίνησις,
1001 1619 1068 1695 ἦς
1098 1627 1124 1677 ὀ
1148 1625 1339 1696 χρόνος
1369 1625 1515 1690 ἐστὶν
1542 1624 1776 1699 ἀριθμός
1800 1642 1813 1655 °

230 1718 327 1772 καὶ
366 1719 416 1771 εἰ
464 1719 497 1788 ή
539 1717 786 1788 κίνησις,
845 1713 905 1781 ἐξ
956 1717 1202 1788 ἀνάγκης
1255 1717 1440 1782 καὶτὸ
1494 1717 1817 1790 κινούμενον

232 1810 395 1882 σῶμά
426 1810 543 1874 ἐστι
571 1809 816 1881 γενητόν.

616 1989 706 2043 42.
747 1989 842 2043 Ἐκ
861 1989 968 2042 τοῦ
997 1988 1185 2043 αὑτοῦ
1207 1989 1414 2058 λόφου.

310 2101 329 2136 r
383 2082 560 2147 Ὂλως
587 2084 732 2137 οὲτὸ
776 2083 1014 2153 νομίζειν
1059 2083 1263 2155 ταύτην
1304 2084 1404 2154 τὴν
1450 2078 1627 2155 ἀρχὴν
1673 2080 1812 2137 εἶναι

232 2174 446 2245 ἱκανὴν,
474 2175 555 2229 ὅτι
585 2174 670 2228 ἀεί
701 2177 851 2228 ἐστιν
893 2175 1067 2238 οὕτως
1112 2175 1144 2245 ἢ
1207 2176 1437 2243 γίνεται,
1488 2176 1589 2228 οὐκ
1639 2175 1814 2248 ὀρθῶς

229 2267 378 2322 εστιν
410 2268 699 2322 ὑπολαϐεῖν
720 2286 733 2298 '
767 2269 850 2336 ἐφ’
899 2269 926 2321 ὂ
957 2268 1065 2338 (15)
1096 2269 1435 2339 Δημόκριτος
1477 2269 1669 2336 ἀνάγει
1714 2268 1814 2332 τὰς

229 2362 362 2432 περὶ⁵
389 2360 604 2441 φύσεως
631 2360 829 2424 αἰτίας,
863 2361 943 2413 ὃτι
975 2362 1148 2424 οὕτως
1178 2361 1270 2415 καὶ
1299 2361 1359 2413 τὸ
1388 2362 1653 2432 πρότερον
1701 2362 1816 2429 ἐγί-

227 2470 369 2508 νετο.
402 2451 508 2507 Τοῦ
538 2453 580 2505 δ’
613 2454 700 2506 ἀεὶ
726 2455 827 2506 οὐκ
856 2452 996 2517 ἀξιοῖ
1024 2454 1198 2524 ἀρχὴν
1245 2453 1447 2524 ζητεῖν,
1491 2453 1664 2522 λέγων
1721 2455 1815 2506 ἐπὶ

227 2547 389 2602 τινῶν
418 2545 628 2616 ὀρθῶς·
659 2546 740 2600 ὅτι
771 2545 826 2598 δὲ
881 2545 973 2599 ἐπὶ
1023 2545 1258 2607 πάντων,
1311 2545 1410 2597 οὐκ
1449 2545 1642 2615 ὀρθῶς.
1704 2547 1816 2599 Καὶ

227 2638 340 2711 γὰρ
367 2637 427 2692 τὸ
454 2637 717 2710 τρίγωνον
746 2636 860 2707 ἔχει
904 2637 1054 2689 δυσὶν
1098 2636 1286 2707 ὀρθαῖς
1342 2638 1428 2692 ἀεὶ
1470 2637 1569 2701 τὰς
1610 2637 1817 2705 γωνίας

231 2731 355 2795 [σας
377 2748 389 2762 ⁸
425 2731 536 2785 ἀλλ’
567 2732 717 2800 ὅμως
745 2729 860 2781 ἐστί
889 2747 940 2782 τι
972 2731 1070 2800 τῆς
1098 2729 1398 2800 ἀΐδιότητος
1442 2730 1645 2800 ταύτης
1694 2729 1816 2780 ἓτε-

232 2842 327 2896 ρον
357 2823 528 2878 αῐτιον
559 2823 727 2877 ἀΐδιον
758 2820 867 2891 (16)
890 2839 902 2851 ⁸
939 2821 1045 2875 τῶν
1080 2822 1261 2892 μέντοι
1307 2820 1491 2892 ἀρχῶν
1521 2821 1621 2875 οὐκ
1665 2820 1816 2873 ἐστιν

228 2917 417 2987 ἕτερον
445 2915 618 2968 αἴτιον
647 2914 835 2967 ἀϊδίων
870 2913 1066 2971 οὐσῶν.
1113 2933 1131 2962 ›
1495 2985 1498 2988 γ

301 3008 366 3061 Εἰ
391 3005 570 3061 τοίνυν
599 3007 674 3068 ὠς
706 3006 914 3074 γίνεται
943 3005 1059 3068 νῦν,
1117 3004 1260 3058 οὕτω
1297 3006 1392 3059 καὶ
1443 3006 1505 3058 τὸ
1552 3006 1816 3077 πρότερον

228 3098 459 3168 ἐγίνετο,
489 3099 590 3151 οὐκ
619 3097 795 3169 ὀρθῶς
825 3098 972 3152 ἔστιν
1004 3096 1294 3150 ὑπολαϐεῖν
1323 3097 1501 3168 ἀρχὴν
1529 3092 1670 3150 εἶναι
1708 3097 1817 3150 τῶν

228 3195 317 3248 ἀεὶ
348 3191 488 3247 κατά
546 3191 705 3261 φύσιν
733 3191 1031 3261 γινομένων
1052 3207 1065 3222 ο
1118 3189 1178 3254 ἐξ
1205 3188 1450 3258 ἀνάγκης
1488 3189 1598 3259 ἄρα
1642 3188 1819 3260 ὀρθῶς

230 3286 377 3340 ἐστιν
407 3285 696 3352 ὑπολαόεῖν
726 3285 900 3356 ἀρχὴν
932 3281 1069 3337 εἶναι
1097 3284 1205 3336 τῶν
1235 3281 1376 3335 κατὰ
1405 3281 1566 3350 φύσιν
1595 3283 1815 3353 γινομέ-
1842 3297 1884 3354 C

228 3397 337 3433 νων
365 3380 426 3432 τὸ
458 3379 530 3449 μὴ
562 3378 704 3432 οὓτω
736 3378 980 3446 γεγονὸς,
1038 3378 1114 3440 ὡς
1155 3376 1216 3429 τὸ
1263 3375 1360 3429 νῦν
1419 3377 1648 3443 γίνεται,
1705 3374 1817 3428 ἀλλ’

229 3473 434 3545 ἑτέρως
457 3491 468 3503 ·
501 3472 580 3525 διὸ
608 3471 813 3525 δίκαιόν
842 3468 958 3522 ἐστι
989 3471 1084 3522 καὶ
1127 3467 1222 3522 τοῦ
1269 3470 1354 3522 ἀεὶ
1394 3468 1680 3538 γινομένου
1723 3464 1822 3538 ζη-

227 3569 340 3635 τεῖν
366 3565 464 3637 τὴν
494 3565 688 3636 ἀρχήν.
732 3563 941 3626 Ἄλλως
972 3563 1180 3630 γίνεται
1211 3561 1348 3626 ζῶον
1391 3563 1456 3615 ἐκ
1499 3561 1661 3626 ζώου,
1724 3560 1821 3624 καὶ

230 3657 408 3721 ἄλλως
433 3657 624 3726 γέγονε
657 3655 793 3720 ζῶον
824 3655 888 3708 ὲκ
925 3655 998 3725 μὴ
1032 3654 1192 3717 ζώου.
1224 3655 1337 3708 Καὶ
1368 3653 1429 3706 τὸ
1460 3654 1558 3724 μὲν
1587 3652 1725 3717 ζῶον
1753 3652 1820 3704 ὲκ

235 3752 310 3824 μὴ
341 3749 480 3816 ζώου
509 3749 632 3802 οὔτε
666 3748 807 3803 κατά
838 3748 998 3817 φύσιν
1028 3748 1270 3815 γέγονεν,
1304 3746 1425 3800 οὔτε
1455 3747 1541 3801 ἀεὶ
1575 3745 1815 3814 γίνεται·

229 3843 292 3896 τὸ
320 3843 376 3896 δὲ
410 3841 550 3906 ζῶον
579 3843 644 3894 ὲκ
674 3841 813 3906 ζώου
845 3840 928 3894 ἀεί
958 3857 1016 3892 τε
1061 3839 1157 3892 καὶ
1203 3838 1355 3892 κατά-
1387 3839 1548 3908 φύσιν
1585 3838 1816 3906 γίνεται,

231 3935 293 4001 ἐξ
321 3937 441 3989 ὅτου
472 3935 661 3988 ἐλαϐεν
691 3934 866 4005 ἀρχὴν
896 3931 990 3985 τοῦ
1038 3931 1284 4000 γίνεσθαι
1337 3933 1401 3984 ἐκ
1445 3930 1584 3996 ζώου
1627 3929 1688 3982 τὸ
1743 3930 1817 4001 μὴ

233 4030 299 4083 ὲκ
327 4029 486 4095 ζὼου.
518 4030 627 4082 Καὶ
654 4025 812 4080 τοῦτο
843 4027 937 4079 ἐπὶ
967 4044 1020 4078 π,
1063 4042 1182 4078 οτων
1226 4025 1334 4078 τῶν
1363 4024 1449 4076 ἀεὶ
1483 4023 1626 4077 κατά
1656 4023 1818 4092 φύσιν

232 4122 591 4193 γιγνομένων,
623 4104 724 4174 οὗκ
753 4117 845 4172 ἐπὶ
874 4119 1031 4172 τινῶν
1070 4144 1072 4148 τ
1112 4115 1226 4170 όνον
1249 4132 1262 4146 °
1296 4115 1555 4169 ἀδύνατον
1596 4113 1708 4187 γὰρ
1749 4114 1814 4168 τὸ

232 4214 294 4279 ἐξ
321 4214 506 4286 ἀρχῶν
531 4211 774 4284 γενητῶν
805 4211 902 4282 τὴν
931 4209 1099 4280 αὐτὴν
1145 4207 1274 4279 ῗχειν
1304 4207 1521 4275 γένεσιν
1557 4206 1624 4277 ἣν
1654 4207 1819 4278 ὲσχής-

233 4323 396 4362 κασιν
423 4307 479 4360 αἱ
510 4305 694 4378 ἀρχαί.
732 4305 797 4358 Ἡ
827 4305 884 4357 ὲν
905 4305 1018 4365 τοῖς
1044 4303 1290 4372 γενητοῖς
1318 4300 1556 4371 ἀῖδιότης
1582 4301 1820 4370 ἄναρχος

231 4395 374 4455 εἶναι
399 4400 462 4453 οὐ
492 4398 740 4452 δύναται.»
769 4397 880 4449 Καὶ
907 4394 1016 4466 γὰρ
1052 4393 1114 4446 τὸ
1143 4393 1409 4464 τρίγωνον
1438 4391 1525 4444 ἀεὶ
1565 4393 1688 4454 ταῖς
1725 4379 1818 4442 ’δυφ

235 4494 318 4548 σιν
348 4492 536 4565 ὀρθαῖς
565 4492 686 4554 ἴσας
717 4489 827 4560 ἔχει
856 4488 955 4551 τὰς
997 4490 1146 4558 τρεῖς
1186 4485 1409 4554 γωνίας,
1466 4484 1641 4556 ἀρχὴν
1695 4482 1819 4553 ἕχον

231 4587 465 4659 γενητὴν
495 4585 592 4657 τὴν
623 4584 859 4648 εὐθεῖαν,
889 4578 957 4654 ἦς
989 4583 1017 4634 ὀ
1042 4582 1198 4649 λόγος
1227 4580 1342 4632 ἐστὶ
1364 4578 1597 4649 γραμμὴ
1630 4577 1818 4648 ἄκρως

230 4679 522 4751 τεταμένη.
555 4677 702 4748 Αὐτὴ
733 4676 842 4748 γάρ
873 4677 1019 4728 ἐστιν
1051 4673 1199 4726 αἰτία
1230 4670 1323 4723 τοῦ
1344 4671 1405 4723 τὸ
1433 4671 1700 4742 τρίγωνον
1727 4669 1819 4721 δυφ

234 4774 320 4827 etv
350 4770 540 4844 ὀρθαῖς
571 4769 692 4832 ῐσας
721 4767 864 4838 ἔχειν
894 4767 993 4828 τὰς
1015 4768 1163 4838 τρεῖς
1192 4763 1393 4832 γωνίας
1411 4776 1424 4792 ⁸
1469 4763 1565 4816 καὶ
1608 4761 1815 4832 ταύτης

236 4866 335 4937 μὲν
362 4865 464 4917 οὐκ
491 4861 678 4933 οὔσης,
713 4862 812 4914 οὐκ
843 4860 1111 4929 ἐνδέχεται
1140 4853 1556 4928 εἷναιτρίγωνον
1575 4872 1588 4886 ’
1621 4854 1814 4926 τριγώ-

230 4973 323 5011 νου
356 4954 412 5008 δὲ
444 4954 518 5026 μὴ
548 4955 720 5017 δντος,
751 4953 1018 5023 ἐνδέχεται
1047 4946 1185 5002 εἶναι
1232 4947 1465 5000 εὐθεῖαν.
1526 4947 1594 4999 Αἱ
1649 4947 1815 5017 ἀρχαὶ

231 5050 341 5104 τῶν
372 5047 515 5103 κατά
546 5046 707 5117 φύσιν
737 5046 823 5100 ἀεὶ
850 5046 1148 5116 γινομένων
1180 5043 1338 5096 ἀΐδιοι
1368 5036 1507 5095 εἶναι
1533 5041 1595 5093 οὐ
1625 5039 1815 5092 δύνανςο

231 5159 341 5196 ται.
374 5143 438 5195 Εἰ
458 5140 566 5213 γὰρ
582 5141 648 5212 ἢν
675 5140 859 5211 ἔχουσι
891 5138 1049 5207 φύσιν
1077 5135 1302 5206 ταύτην.
1337 5133 1675 5206 μεταδιδόασι
1702 5134 1815 5194 τοῖς

232 5235 294 5301 ἕξ
320 5232 498 5288 αὐτῶν
528 5232 871 5303 γιγνομένοις
893 5247 907 5260 ·
944 5229 1145 5300 γενητὴ
1175 5229 1228 5280 δὲ
1260 5227 1394 5296 αὕτη
1417 5244 1430 5256 ο
1475 5223 1679 5297 γενητὴ
1704 5224 1813 5295 ἄρα

233 5328 328 5382 καὶ
357 5328 390 5398 ἡ
419 5325 525 5378 τῶν
555 5324 737 5397 ἀρχῶν
766 5322 948 5392 φύσις,
980 5322 1027 5373 εί
1060 5322 1152 5373 καὶ
1196 5322 1223 5373 ὀ
1268 5319 1469 5391 τρόπος
1509 5318 1610 5388 τῆς
1663 5333 1814 5385 γενε-

235 5419 372 5482 σέως
402 5416 742 5488 ὲνήλλακται,
775 5415 869 5469 καὶ
901 5413 1044 5467 ἔστιν
1062 5414 1247 5482 ἔτερος
1276 5412 1374 5482 τῆς
1393 5410 1499 5463 τῶν
1528 5409 1588 5475 ὲξ
1607 5408 1811 5481 ἀρχῶν.

1924 621 2046 675 dem
2078 635 2177 674 nec
2208 620 2446 673 medium
2479 618 2735 688 quiddam
2773 625 2877 681 est,
2916 619 3122 673 habens
3170 635 3232 673 ex
3267 629 3500 690 utraque

1924 720 2081 780 parte
2109 718 2350 780 tempus,
2384 711 2478 766 sed
2502 727 2568 764 ex
2609 711 2812 776 altera;
2849 724 2951 764 nec
2996 711 3210 766 initium
3243 721 3296 766 et
3350 711 3497 777 ﬁnis,

1923 817 2047 857 cum
2083 802 2221 857 idem
2254 818 2495 872 praesens
2528 802 2617 861 sit,
2653 803 2794 857 alius
2830 811 2991 872 atque
3017 803 3158 859 alius
3206 805 3496 884 temporis,

1922 910 2118 964 nempe
2138 895 2355 948 initium
2390 893 2583 956 futuri,
2616 893 2738 947 ﬁnis
2776 895 3072 963 praeteriti;
3105 892 3198 948 sed
3225 885 3495 964 praesens,

1922 987 2068 1056 quod
2100 994 2183 1041 est
2218 987 2456 1048 initium,
2497 985 2643 1038 aliud
2666 993 2750 1040 est
2779 1001 2808 1038 a
2858 984 2962 1040 ﬁne
3002 993 3056 1040 et
3089 985 3154 1038 ad
3181 985 3321 1039 idem
3367 993 3499 1040 tem-

1922 1095 2025 1148 pus
2053 1080 2308 1148 pertinet.
2335 1077 2676 1136 Prmtereasi
2711 1092 2952 1145 praesens
2982 1091 3095 1130 non
3143 1083 3324 1144 potest
3371 1089 3498 1129 esse

1922 1186 2182 1240 praesens,
2214 1171 2320 1225 nisi
2354 1170 2504 1239 prius
2536 1170 2607 1223 sit
2636 1168 2880 1222 futurum
2938 1183 3002 1220 ac
3050 1183 3161 1222 non
3223 1167 3327 1232 sit;
3381 1166 3494 1231 ﬁeri

1921 1277 2053 1332 ergo
2087 1277 2193 1315 non
2227 1269 2430 1331 potest.
2461 1271 2518 1314 ut
2546 1276 2788 1329 praesens
2816 1260 2891 1314 sit
2915 1267 3267 1314 coaaternum.
3291 1257 3424 1311 Nam
3450 1258 3497 1314 si

1920 1354 2184 1424 quidquid
2213 1355 2365 1423 prius
2395 1367 2503 1406 non
2536 1352 2636 1406 fuit
2667 1352 2761 1407 sed
2795 1351 3087 1421 posterius,
3114 1353 3359 1422 genitum
3387 1358 3495 1413 est,

1919 1446 2028 1500 tale
2055 1455 2235 1500 autem
2259 1453 2342 1499 est
2371 1451 2426 1500 et
2459 1460 2736 1515 prazsens;
2772 1446 3012 1516 genitum
3059 1462 3191 1517 ergo
3226 1462 3494 1516 praesens.

1919 1538 2076 1605 Quod
2105 1539 2151 1592 si
2181 1553 2444 1607 praesens,
2482 1539 2794 1608 necessario
2818 1547 2872 1592 et
2908 1553 3069 1592 omne
3112 1546 3346 1607 tempus,
3399 1553 3497 1604 cu-

1869 1705 1872 1709 .
1915 1629 2007 1699 jus
2038 1628 2256 1682 initium
2285 1637 2371 1684 est
2402 1635 2458 1683 et
2490 1627 2612 1681 ﬁnis
2642 1643 2883 1698 praesens
2912 1646 2926 1682 :
2957 1635 3010 1682 et
3041 1628 3087 1683 si
3118 1635 3355 1699 tempus,
3404 1644 3499 1683 ne-

1918 1720 2162 1776 cessario
2192 1727 2246 1773 et
2277 1726 2478 1785 motus,
2511 1719 2669 1788 cujus
2700 1727 2912 1787 tempus
2940 1727 3024 1774 est
3046 1734 3338 1784 numerus;
3369 1727 3423 1774 et
3447 1719 3492 1774 si

1921 1821 2122 1877 motus,
2152 1813 2464 1868 necessario
2491 1819 2545 1867 et
2572 1827 2794 1882 corpus,
2825 1812 2973 1881 quod
3000 1821 3267 1876 movetur,
3292 1819 3376 1867 est
3409 1803 3490 1882 ge-

1841 1917 1887 1974 Β
1916 1908 2114 1963 uitum.

2179 2007 2276 2061 42.
2314 2007 2396 2060 Ex
2423 2003 2609 2059 eodem.
2637 2002 2791 2064 libro.
2815 2002 2970 2066 ibid.,
2998 2013 3050 2066 p.
3081 1997 3207 2050 252.

1991 2107 2010 2140 ι
2048 2086 2285 2144 Omnino
2316 2093 2497 2141 autem
2531 2084 2872 2148 existimare,
2901 2083 3042 2137 hanc
3072 2084 3209 2136 satis
3240 2081 3492 2136 idoneam

1911 2196 2032 2237 esse
2055 2195 2299 2246 causam,
2327 2179 2470 2250 quod
2505 2193 2720 2246 semper
2766 2177 2840 2230 ita
2870 2191 2960 2230 res
2991 2174 3064 2229 sit
3099 2180 3192 2227 aut
3222 2175 3333 2235 ﬁat,
3375 2189 3487 2227 non

1911 2285 2060 2329 recta
2088 2283 2172 2328 est
2209 2273 2397 2342 opinio
2433 2292 2446 2326 :
2483 2279 2644 2340 atque
2681 2271 2786 2324 huc
2819 2267 2988 2323 refert
3018 2265 3364 2322 Democritus
3395 2279 3492 2347 na-~

1913 2368 2120 2422 turales
2153 2381 2371 2430 causas,
2407 2380 2604 2436 nempe
2633 2363 2777 2434 quod
2813 2363 2888 2416 ita
2910 2368 2965 2416 et
2988 2368 3148 2414 antea
3169 2358 3376 2419 factum
3401 2359 3490 2414 sit.

1913 2460 2025 2516 Cur
2048 2467 2229 2513 autem
2264 2473 2477 2526 semper
2531 2469 2753 2511 causam
2778 2452 3160 2522 inquirendam
3183 2467 3290 2505 non
3318 2457 3493 2518 putat,

1914 2553 1982 2607 de
2012 2550 2340 2623 quibusdam
2370 2549 2590 2618 quidem
2623 2554 2771 2604 recte
2794 2546 3093 2611 disserens,
3125 2544 3194 2598 de
3237 2543 3499 2600 omnibus

1915 2659 2045 2698 vero
2068 2643 2252 2697 minus
2274 2649 2445 2697 recte.
2473 2639 2609 2693 Nam
2643 2639 2947 2710 triangulus
2976 2638 3138 2692 habet
3167 2637 3386 2710 duobus
3413 2652 3500 2691 re-

1917 2738 2024 2791 ctis
2052 2751 2268 2805 semper
2301 2734 2531 2803 angulos
2555 2733 2816 2802 aequales,
2844 2730 2939 2787 sed
2971 2738 3154 2783 tamen
3185 2730 3365 2799 aliqua
3413 2734 3498 2784 est

1918 2829 2024 2882 alia
2049 2827 2212 2895 hujus
2246 2825 2564 2881 aeternitatis
2594 2833 2797 2880 aeterna
2851 2839 3038 2880 causa.
3097 2824 3166 2878 At
3192 2823 3497 2894 principio-

1917 2937 2062 2984 rum,
2097 2936 2224 2976 eum
2253 2929 2458 2974 aeterna
2491 2920 2620 2980 sint,
2656 2918 2807 2976 nulla
2841 2925 2926 2973 est
2957 2932 3145 2972 causa.
3189 2937 3206 2968 ι

1992 3011 2049 3066 Si
2077 3023 2224 3068 recta
2256 3028 2368 3066 non
2394 3019 2478 3067 est
2515 3011 2698 3080 opinio
2736 3012 2877 3064 hanc
2904 3026 3117 3075 eorum,
3146 3026 3266 3081 qua:
3296 3026 3500 3066 secun-

1919 3103 2048 3158 dum
2100 3111 2349 3156 naturam
2407 3102 2584 3175 ﬁunt,
2621 3102 2881 3157 arbitrari
2936 3118 3182 3165 causam,
3239 3103 3388 3172 quod
3442 3112 3501 3156 ut

1920 3211 2067 3250 nunc
2093 3211 2181 3249 res
2211 3194 2289 3259 ﬁt,
2324 3196 2399 3248 ita
2435 3195 2661 3264 etprius
2686 3195 2879 3260 ﬁebat;
2914 3189 3231 3249 necessario
3249 3195 3503 3250 videlicet
3541 3224 3543 3226 -

1917 3296 2066 3341 recta
2089 3293 2171 3339 est
2201 3285 2390 3354 opinio
2423 3285 2562 3340 hanc
2585 3301 2800 3349 eorum,
2838 3301 2960 3355 qua:
2997 3286 3299 3340 secundum
3338 3293 3502 3340 natu-

1922 3392 2041 3430 ram
2077 3376 2237 3440 ﬁunt,
2273 3377 2530 3430 arbitrari
2562 3392 2808 3440 causam,
2863 3376 3010 3446 quod
3059 3394 3169 3432 non
3230 3377 3306 3430 ita
3356 3376 3500 3441 faeta

1922 3470 2053 3531 sint,
2088 3475 2146 3521 ut
2176 3485 2322 3522 nunc
2358 3467 2494 3522 ﬁunt
2524 3469 2628 3542 sed
2649 3470 2842 3534 aliter;
2881 3469 3024 3524 unde
3053 3485 3266 3538 aequum
3313 3475 3396 3524 est
3447 3479 3501 3524 et

1921 3558 2092 3621 illius,
2125 3557 2272 3627 quod
2303 3573 2518 3627 semper
2546 3556 2627 3621 ﬁt,
2671 3572 2894 3612 causam
2934 3574 3201 3628 quaerere.
3234 3557 3404 3612 Aliter
3441 3558 3501 3612 ﬁt

1921 3652 2126 3706 animal
2156 3666 2221 3704 ex
2252 3651 2502 3713 animali,
2522 3655 2576 3704 et
2605 3650 2764 3704 aliter
2787 3652 2989 3704 animal
3019 3667 3083 3705 ex
3113 3637 3221 3714 non
3252 3651 3495 3705 animali.

1919 3740 2095 3810 Atque
2131 3741 2332 3808 animal
2370 3739 2589 3810 quidem
2615 3755 2684 3793 ex
2723 3755 2831 3792 non
2883 3740 3102 3792 animali
3130 3755 3253 3793 .nec
3301 3755 3500 3794 secun-

1920 3833 2048 3887 dum
2079 3838 2330 3890 naturam
2363 3832 2438 3894 ﬁt,
2473 3847 2573 3886 nec
2604 3847 2820 3901 semper
2848 3831 2908 3885 ﬁt
2936 3851 2946 3884 :
2976 3832 3180 3884 animal
3214 3839 3397 3885 autem
3429 3848 3498 3886 ex

1920 3925 2142 3982 animali
2169 3932 2223 3979 et
2255 3940 2472 3994 semper
2492 3932 2544 3979 et
2577 3926 2878 3980 secundum
2909 3932 3162 3978 naturam
3198 3924 3274 3989 ﬁt,
3300 3940 3362 3978 ex
3389 3940 3498 3994 quo

1920 4017 2090 4087 erepit
2123 4016 2240 4074 ﬁeri
2274 4031 2339 4068 ex
2375 4016 2598 4068 animali
2645 4014 2790 4082 quod
2831 4032 2939 4069 non
2988 4023 3106 4070 erat
3136 4031 3202 4070 ex
3249 4015 3492 4069 animali.

1917 4109 2096 4180 Atque
2126 4111 2229 4164 hoc
2257 4109 2477 4178 quidem
2514 4109 2581 4163 de
2612 4109 2889 4173 omnibus,
2925 4124 3046 4177 quae
3068 4123 3283 4176 semper
3305 4121 3500 4160 secun-

1919 4199 2048 4258 dum
2095 4209 2345 4262 naturam
2396 4200 2552 4262 ﬁunt,
2602 4215 2712 4253 non
2761 4198 2828 4254 de
2879 4198 3208 4267 quibusdam
3257 4204 3492 4250 tantum.

1919 4293 2060 4354 Fieri
2093 4293 2237 4348 enim
2269 4308 2376 4347 non
2410 4299 2611 4362 potest,
2638 4301 2698 4346 ut
2719 4307 2840 4361 qua:
2865 4307 2930 4345 ex
2960 4290 3249 4360 principiis
3295 4289 3497 4360 genitis

1918 4393 2040 4440 orta
2070 4390 2219 4448 sunt,
2256 4383 2501 4441 eamdem
2533 4383 2770 4437 habeant
2816 4383 3083 4451 originem
3133 4395 3293 4449 quam
3344 4380 3497 4449 prin-

1918 4478 2060 4548 cipia
2088 4477 2420 4531 habuerunt.
2455 4474 2759 4534 IEternitas
2789 4476 2842 4529 in
2865 4476 2953 4538 iis,
2988 4490 3108 4545 qua:
3133 4475 3312 4545 genita
3345 4482 3494 4536 sunt,

1920 4573 2038 4634 sine
2079 4571 2352 4642 principio
2398 4587 2522 4626 esse
2575 4586 2686 4625 non
2736 4578 2936 4640 potest.
2999 4569 3136 4624 Nam
3188 4569 3499 4638 triangulus

1846 4666 1895 4723 D
1923 4680 2138 4734 semper
2165 4664 2332 4718 habet
2359 4663 2573 4719 duobus
2613 4664 2780 4718 rectis
2823 4673 2934 4717 tres
2967 4663 3198 4732 angulos
3233 4663 3493 4731 aequales,

1919 4756 2248 4828 principium
2282 4757 2490 4812 habens
2528 4757 2792 4826 genitum,
2831 4756 3029 4808 lineam
3077 4762 3305 4816 rectam,
3336 4754 3496 4823 cujus

1919 4851 2060 4904 ratio
2105 4857 2191 4904 est
2239 4849 2381 4903 linea
2429 4848 2846 4906 accuratissime
2881 4855 3162 4917 protensa.
3198 4846 3322 4901 Haec
3348 4849 3494 4901 enim

1920 4956 2087 4994 causa
2118 4947 2224 5004 est,
2260 4955 2361 4993 cur
2388 4939 2696 5008 triangulus
2724 4938 2940 4998 duobus
2972 4939 3138 4993 rectis
3162 4945 3274 4993 tres
3322 4953 3498 5009 angu-

1918 5035 2002 5088 los
2027 5034 2218 5089 habeat
2245 5034 2500 5102 zequales.
2528 5033 2705 5102 Atque
2729 5033 2830 5091 illa
2862 5032 3082 5100 quidem
3117 5032 3162 5085 si
3187 5033 3352 5097 desit,
3385 5049 3493 5086 non

1920 5134 2099 5197 potest
2131 5142 2250 5181 esse
2277 5126 2584 5196 triangulus
2621 5145 2632 5180 :
2670 5125 2942 5194 triangulo
2998 5133 3176 5178 autem
3229 5140 3334 5178 non
3395 5141 3496 5178 ex-

1921 5228 2122 5282 stante,
2155 5227 2335 5288 potest
2369 5233 2490 5272 esse
2520 5218 2660 5271 linea
2693 5226 2861 5271 recta.
2892 5215 3169 5285 Principia
3203 5215 3366 5286 57o
3395 5232 3493 5270 eo-

1919 5327 2062 5374 r-um,
2101 5327 2222 5382 quat
2273 5310 2573 5368 secundum
2622 5319 2875 5366 naturam
2921 5309 3080 5371 ﬁunt,
3125 5315 3329 5361 aeterna
3370 5323 3494 5362 esse

1920 5422 2029 5459 non
2061 5412 2313 5474 possunt.
2349 5402 2484 5457 Nam
2508 5404 2552 5458 si
2584 5418 2746 5473 quam
2804 5403 3007 5456 habent
3050 5410 3323 5466 naturam,
3369 5416 3489 5455 eam

233 5511 646 5569 communicant
676 5526 798 5565 cum
830 5510 918 5573 iis,
952 5524 1072 5578 quae
1097 5523 1164 5563 ex
1198 5507 1332 5579 ipsis
1361 5492 1692 5577 gignuntur;
1724 5504 1817 5561 illa
1847 5509 2026 5558 autem
2056 5501 2235 5571 genita
2267 5507 2381 5567 est;
2414 5501 2591 5569 genita
2617 5514 2748 5569 ergo
2769 5505 2822 5553 et
2853 5498 3247 5568 principiorum
3274 5505 3493 5560 natura,

235 5608 488 5681 quamvis
511 5606 705 5663 modus
733 5606 1101 5678 generationis
1131 5607 1449 5660 immutatus
1475 5605 1548 5661 sit
1576 5612 1630 5660 et
1660 5603 1801 5658 alius
1830 5615 1893 5656 ac
1925 5599 1978 5654 in
2006 5599 2074 5654 iis
2104 5614 2224 5670 quae
2249 5615 2316 5654 ex
2349 5598 2634 5669 principiis
2667 5605 2785 5651 orta
2818 5605 2968 5652 sunt.

337 5757 424 5819 l5)
466 5757 583 5826 'Egp‘
613 5755 665 5811 ὅ.
697 5754 826 5826 Mss.
852 5757 937 5824 ἐφ’
968 5745 1032 5823 ᾧ.

336 5825 425 5898 16)
473 5823 700 5881 Ἀῖδιον.
732 5823 904 5881 Deest
937 5827 1077 5898 apud
1113 5826 1485 5898 Aristotelem.
1527 5823 1650 5898 Mor
1687 5823 1810 5894 Syl-

239 5894 492 5970 burg.'ex
527 5898 714 5955 eodem
748 5894 985 5969 sumpsit
1002 5897 1291 5954 Aristotele
1315 5898 1414 5953 οὐκ
1447 5895 1593 5950 ἔστιν
1626 5894 1814 5967 ἕτερον

1914 5751 2104 5804 αἴτιον.
2147 5747 2339 5803 Deerat
2365 5746 2569 5817 ἕτερον.
2601 5741 3164 5817 lliid.B._St_eph_:_mus
3193 5737 3308 5817 anj
3341 5737 3490 5817 ὅμως

1915 5822 2031 5874 ἐστί
2062 5837 2145 5883 τις
2167 5809 2484 5886 ἀῖδιότητος.
2511 5815 2646 5886 Reg.
2668 5816 2720 5884 1,
2739 5809 2988 5885 ὲονὺτῆς.
3014 5809 3336 5866 Emendavit
3363 5809 3491 5880 Syl-

1916 5891 2148 5962 burgius
2186 5906 2249 5946 ex
2293 5887 2609 5944 Aristotele.
