4104 6422
675 398 811 457 18⁸59
1401 393 1774 457 APPENDIX.‘
1801 426 1868 440 -
1908 395 2090 458 PARS
2129 401 2167 457 Ι.
2212 396 2247 458 S

2350 395 2571 460 USTIM
2605 400 2848 460 OPERA
2889 402 3162 461 SPURIA.
3831 404 3964 460 15ιο

672 529 795 584 qua
820 522 1106 570 moventur
1131 525 1282 570 motu
1301 518 1489 586 priora
1514 527 1675 584 sunt;
1714 526 1798 573 est
1831 527 2012 575 autem
2055 521 2245 591 quaeli-

2350 521 2668 592 μέλλοντος,
2699 523 2763 576 τὸ
2788 519 2926 576 εἶναι
2959 523 3168 594 ἔχοντα.
3207 513 3275 576 Εἰ·
3302 520 3388 592 ἐφ’
3424 521 3545 585 ἑνὸς
3586 522 3702 574 τῶν
3734 525 3965 592 γινομέ-

675 609 763 663 bet
794 610 964 662 motio
997 625 1092 679 per
1121 612 1484 664 mutationem
1514 611 1662 665 illius
1695 613 1837 680 quod
1869 614 2111 667 nondum
2142 624 2247 681 est,

2351 631 2457 666 νων
2491 615 2524 684 ἡ
2555 613 2696 684 φορὰ
2731 616 2937 685 ὑστάτη
2965 615 3072 666 τῶν
3098 615 3384 683 κινήσεων,
3427 613 3544 665 ἀλλ’
3579 613 3813 681 ἀνάγκη
3847 613 3964 664 ἔτει

674 700 768 753 sed
803 699 1044 752 futurum
1079 710 1195 767 est;
1223 716 1563 771 quacunque
1588 719 1719 772 ergo
1749 714 2060 769 moventur,
2091 722 2153 760 ea
2184 724 2247 762 ex

2354 723 2446 776 ρον
2473 706 2788 777 κινούμενον
2823 706 2963 759 κατὰ
2991 706 3159 777 φοράν
3187 702 3325 758 εἶναι
3347 706 3634 776 πρότερον,
3674 706 3705 756 ὂ
3737 706 3841 758 καὶ
3866 704 3961 773 τῆς

674 793 974 846 mulatione
999 793 1145 848 illius
1170 795 1316 862 quod
1343 795 1587 848 nondum
1611 802 1715 861 est,
1750 797 1845 850 sed
1872 797 2114 851 futurum
2142 806 2247 866 est,

2350 797 2619 866 γενέσεως
2649 799 2821 852 αἴτιον
2850 798 3110 866 ἀγένητον
3133 798 3211 850 ὅν·
3249 795 3368 859 πῶς
3402 797 3706 866 ἐνδέχεται·
3728 797 3793 848 τὸ
3829 796 3964 848 αὐτὸ

676 883 951 938 habebunt
982 893 1039 937 ut
1071 885 1200 938 sint.
1230 885 1286 938 Si
1316 886 1370 939 in
1400 901 1733 955 unoquoque
1764 903 1978 952 eorum,
2011 905 2131 958 quae
2158 906 2247 960 ge-

2351 891 2450 960 τῆς
2480 890 2620 943 κατὰ
2646 890 2807 959 φύσιν
2847 890 3114 957 γενέσεως
3154 890 3322 941 αἴτιον
3349 884 3486 940 εἶναι
3510 928 3522 951 ,
3554 889 3652 940 καὶ
3687 888 3791 958 τῆς
3818 887 3963 955 ὑπὲρ

675 977 1171 1040 uerantur,localis
1196 984 1379 1032 motus
1423 978 1614 1030 ultima
1647 979 1867 1048 quidem
1919 989 2004 1034 est
2050 981 2247 1034 motio-

2353 982 2451 1051 τὴν
2477 981 2639 1048 φύσιν
2673 981 2982 1050 γενέσεως;
3033 981 3090 1033 '0
3123 980 3230 1051 γὰρ
3268 981 3498 1052 πρώτως
3528 982 3813 1050 γεννήσας
3861 979 3964 1030 οὐκ

674 1083 827 1132 num,
857 1068 952 1123 sed
981 1081 1208 1122 necesse
1241 1078 1323 1122 est
1350 1071 1497 1124 aliud
1529 1071 1684 1140 prius
1725 1087 1848 1126 esse
1897 1073 2042 1141 quod
2101 1079 2247 1126 motu

2353 1072 2637 1143 ἐγεννήθη,
2670 1072 2862 1124 Καίτοι
2888 1073 2948 1124 τὸ
2973 1073 3234 1143 πρότερον
3269 1073 3584 1142 κινούμενον
3618 1072 3804 1134 οὕτως
3842 1072 3960 1123 txi-

675 1160 836 1214 locali
861 1169 1162 1225 moveatur,
1197 1161 1357 1231 572
1392 1170 1446 1215 ει
1480 1178 1603 1216 cum
1640 1163 1936 1233 ingenitum
1983 1165 2054 1218 sit
2085 1180 2247 1219 causa

2352 1165 2492 1213 νεῖτο
2547 1163 2640 1214 ἐπὶ
2671 1162 2774 1232 τῆς
2824 1164 3088 1230 γενέσεως
3129 1162 3222 1214 τοῦ
3257 1162 3487 1233 πρώτως
3517 1163 3815 1231 γινομένου
3836 1203 3852 1224 ,
3880 1161 3956 1222 ὡς

675 1254 746 1305 sit
768 1253 1170 1321 generationis:
1199 1253 1471 1322 quomodo
1498 1262 1678 1323 potest
1705 1254 1847 1308 idem
1892 1264 1944 1308 et
1980 1255 2126 1309 illius
2161 1272 2247 1324 ge-

2353 1252 2577 1324 ὕστερον
2602 1255 2825 1325 ἐκινήθη
2855 1255 2948 1308 ἐπὶ
2969 1255 3068 1324 τῆς
3096 1255 3358 1324 γενέσεως
3378 1255 3487 1308 τῶν
3511 1253 3572 1319 ἐξ
3606 1255 3852 1308 ἐκείνου.
3885 1255 3955 1306 Ἦ

676 1343 996 1406 iterationis,
1026 1360 1147 1412 quae
1201 1345 1501 1398 secundum
1547 1353 1802 1398 naturam
1855 1353 1958 1410 est,
1993 1354 2045 1400 et
2080 1347 2247 1410 illius,

2352 1346 2461 1418 ἄρα
2493 1348 2591 1400 οὐκ
2615 1346 2706 1400 ἐστ
2719 1365 2766 1400 ιν
2791 1349 2963 1401 αἴτιον
2989 1349 3087 1418 τῆς
3112 1349 3292 1418 πάσης
3313 1348 3577 1416 γενέσεως
3602 1350 3665 1400 τὸ
3690 1346 3846 1400 οὕτω
3872 1361 3954 1398 κι-

675 1449 794 1502 qua:
826 1443 1021 1502 praeter
1052 1442 1324 1501 naturam,
1354 1451 1519 1490 causa
1550 1438 1707 1491 esse?
1731 1435 1865 1490 Nam
1907 1438 2000 1506 qui
2041 1438 2247 1506 primus

2351 1440 2612 1507 νούμενον
2645 1440 2941 1509 ἀγενήτως,
2969 1439 3003 1507 ἢ
3029 1441 3090 1492 οὐ
3123 1443 3261 1493 κινεῖ
3294 1439 3354 1493 τὸ
3380 1440 3595 1510 πρῶτον
3633 1437 3826 1492 κινοῦν
3853 1439 3951 1508 τὴν

674 1527 973 1595 generavit,
1011 1537 1304 1595 generatus
1333 1543 1443 1581 non
1498 1537 1601 1582 est.
1665 1526 1798 1581 Illud
1857 1536 2061 1593 tamen,
2105 1529 2247 1598 quod

2353 1529 2823 1598 συνεχῆεκίνησιν,
2860 1530 3122 1600 διαφορᾶς
3164 1531 3428 1598 γενέσεως
3459 1533 3514 1582 ἐν
3543 1533 3656 1592 τοῖς
3682 1530 3950 1598 γιγνομέ-

674 1621 910 1689 primum
942 1629 1210 1686 movetur,
1239 1622 1430 1676 eodem
1462 1622 1625 1676 modo
1663 1623 1984 1676 movebatur
2009 1622 2067 1675 in
2095 1638 2254 1691 gene-

674 1714 885 1767 ratione
910 1713 1075 1778 illius,
1103 1714 1194 1782 qui
1225 1715 1436 1782 primus
1470 1714 1650 1768 factus
1701 1723 1804 1777 est,
1854 1708 1917 1768 ac
1967 1725 2156 1783 postea
2194 1716 2249 1769 in

675 1807 1028 1876 generatione
1055 1822 1264 1868 eorum,
1293 1822 1412 1876 quae
1440 1821 1506 1860 ex
1553 1793 1677 1876 ipso
1719 1806 1900 1876 genita
1952 1819 2096 1862 sunt.
2151 1805 2247 1861 Vel

2351 1636 2464 1681 νοις
2494 1617 2909 1688 θεωρουμένης,
2961 1621 3084 1673 καθ’
3125 1623 3190 1691 ἣν
3220 1620 3288 1673 τὰ
3329 1623 3425 1691 μὲν
3463 1621 3603 1691 ὑπὲρ
3643 1621 3746 1690 τὴν
3781 1621 3947 1688 φύσιν

2349 1710 2564 1779 γέγονε,
2599 1709 2668 1763 τά
2694 1711 2750 1762 δὲ
2786 1709 2928 1764 κατὰ
2953 1710 3134 1780 φύσιν.
3166 1713 3227 1765 Et
3261 1712 3405 1779 ἔστιν
3432 1709 3696 1781 ἀγένητον
3724 1711 3785 1763 τὸ
3807 1711 3945 1780 πρό-

2351 1815 2510 1874 τερον
2545 1805 2640 1856 καὶ
2683 1802 2937 1873 ὕστερον,
2988 1801 3141 1855 ἔσται
3172 1803 3278 1874 ἄρα
3312 1805 3399 1857 ὅτε
3432 1805 3489 1857 τὸ
3533 1805 3804 1872 ἀγένητον
3846 1804 3945 1854 οὐκ

673 1916 805 1969 ergo
846 1915 1011 1954 causa
1057 1915 1165 1953 non
1216 1907 1300 1953 est
1334 1900 1515 1953 omnis
1566 1900 1934 1969 generationis
1967 1900 2111 1969 quod
2167 1899 2247 1954 sic

2354 1895 2620 1964 ἀγένητον
2655 1893 2795 1963 (29)’
2831 1895 2966 1962 ὅπερ
3004 1893 3153 1946 ἐστὶν
3184 1894 3400 1959 ἄτοπον,
3439 1894 3498 1946 τὸ
3523 1894 3653 1946 ποτὲ
3677 1894 3775 1964 ’μὴ
3802 1891 3942 1946 εἶναι

673 2001 924 2048 movetur
959 1993 1229 2058 ingenite;
1255 1993 1335 2046 vel
1369 1993 1604 2060 primum
1633 2007 1856 2045 movens
1891 2007 2000 2045 non
2029 2006 2244 2045 omnem

2353 1986 2414 2039 τὸ
2440 1987 2722 2058 ἀγένητον.

674 2088 835 2142 ellicit
873 2096 1100 2148 motum,
1146 2077 1268 2141 cum
1321 2088 1534 2141 diversa
1583 2089 1866 2156 generatio
1913 2089 1966 2140 in
2009 2088 2098 2151 iis,
2158 2100 2280 2154 qua:
2317 2090 2670 2154 generantur,
2729 2087 3007 2152 appareat,
3080 2081 3157 2134 ita
3208 2088 3268 2135 ut
3308 2081 3410 2135 alia
3457 2095 3624 2150 supra
3683 2088 3944 2133 naturam

678 2178 822 2232 facta
853 2181 983 2240 sint,
1045 2171 1148 2232 alia
1194 2179 1494 2233 secundum
1538 2191 1808 2233 naturam.
1882 2178 1937 2232 Si
1983 2181 2282 2250 ingenitum
2331 2185 2415 2231 est
2453 2177 2604 2245 prius
2630 2184 2683 2228 et
2726 2177 3029 2244 posterius;
3064 2177 3169 2228 erit
3199 2191 3329 2246 ergo
3376 2174 3672 2244 aliquando
3727 2174 3944 2242 ingeni-

677 2281 791 2328 tum
827 2291 936 2328 non
969 2276 1290 2344 ingenitum,
1333 2273 1477 2343 quod
1507 2275 1726 2344 quidem
1779 2275 2076 2329 absurdum
2132 2283 2237 2338 est,
2283 2271 2577 2342 aliquando
2616 2286 2726 2324 non
2759 2286 2881 2324 esse
2908 2271 3232 2339 ingenitum.

810 2365 916 2418 ~45.
951 2363 1036 2416 Ex
1074 2364 1253 2417 eodem
1295 2364 1450 2428 libro,
1487 2364 1641 2430 ibid.,
1666 2378 1714 2416 c.
1749 2364 1804 2426 8,
1837 2379 1893 2433 p.
1920 2359 2046 2416 265.

755 2478 772 2510 ι
806 2458 865 2511 In
894 2460 1157 2513 continuo
1199 2461 1409 2514 inﬁnita
1443 2463 1630 2517 insunt
1657 2464 1902 2530 dimidia,
1934 2472 2246 2519 nontamen

677 2560 824 2616 actu,
858 2553 952 2605 sed
981 2554 1242 2633 potentia.
1283 2573 1301 2605 ι

680 2655 682 2657 ‘
751 2641 808 2695 Si
834 2649 956 2696 actu
989 2644 1124 2697 nihil
1165 2644 1435 2697 inﬁnitum
1471 2651 1589 2711 est;
1641 2645 1892 2700 videlicet
1921 2663 2020 2702 nec
2065 2657 2246 2702 motus

678 2747 780 2786 nec
804 2740 1019 2801 tempus
1051 2732 1283 2786 inﬁnita.
1334 2732 1512 2788 Motus
1545 2743 1723 2788 autem
1777 2745 1829 2789 et
1860 2746 2071 2804 tempus
2119 2753 2244 2793 eum

681 2826 957 2895 praeterito
985 2824 1134 2878 ﬁnita
1163 2827 1294 2890 sint,
1323 2829 1636 2880 necessario
1666 2829 1919 2881 inchoata
1945 2839 2073 2882 sunt
2113 2849 2124 2882 :
2163 2830 2248 2882 in-

679 2916 874 2970 choata
901 2924 1082 2970 autem
1115 2930 1240 2972 Cum
1273 2920 1403 2982 sint,
1438 2922 1749 2975 necessario
1779 2935 1830 2974 et
1861 2923 2063 2989 genita.
2091 2922 2248 2988 Quod

679 3006 726 3062 si
765 3017 945 3064 motus
973 3017 1025 3062 et
1055 3019 1268 3080 tempus
1300 3011 1477 3079 genita
1499 3054 1513 3077 ,
1549 3013 1860 3065 necessario
1886 3028 2018 3067 sane
2049 3023 2100 3066 et
2125 3029 2247 3066 cor-

677 3113 780 3165 pus
806 3099 946 3170 quod
973 3115 1189 3168 semper
1216 3100 1270 3152 in
1294 3114 1377 3162 eo,
1412 3100 1560 3168 quod
1592 3109 1894 3160 moveatur,
1917 3115 2038 3155 esse
2058 3100 2242 3154 habet.

2725 2366 2816 2420 45.
2862 2368 2960 2419 Ἔχ
2985 2366 3094 2418 τοῦ
3125 2363 3312 2419 αὑτοῦ
3339 2355 3548 2431 λόγου.

2424 2479 2440 2508 ‹
2474 2458 2563 2510 Ἐν
2591 2457 2646 2510 δὲ
2680 2458 2756 2528 τῷ
2780 2454 2991 2527 συνεχεῖ
3016 2457 3191 2509 ἔνεστι
3219 2456 3316 2526 μὲν
3346 2455 3546 2524 ἄπειρα
3569 2453 3800 2525 ἡμίσεα,
3825 2453 3942 2508 ἀλλ’

2348 2550 2448 2602 οὐκ
2479 2548 2803 2618 ἐντελεχείᾳ,
2839 2547 2973 2599 ἀλλὰ
2992 2546 3236 2616 δυνάμει.
3275 2564 3292 2596 ι

2421 2641 2485 2692 Εἰ
2520 2639 2824 2709 ἐντελεχείᾳ.
2867 2640 2964 2709 μὲν
3002 2639 3150 2690 οὐδὲν
3200 2637 3444 2708 ἄπειρον,
3481 2635 3723 2705 δηλονότι
3754 2637 3879 2690 οὐδὲ
3909 2635 3938 2705 ἡ

2349 2730 2586 2800 κίνησις,
2608 2731 2728 2783 οὐδὲ
2757 2734 2783 2783 ὁ
2807 2730 2995 2800 χρόνος
3019 2731 3163 2782 ἐστὶν
3184 2728 3424 2799 ἄπειρος.
3451 2725 3737 2797 Κινήσεως
3762 2743 3821 2778 τε
3851 2724 3943 2778 καὶ

2351 2822 2548 2892 χρόνου
2573 2821 2651 2892 τῷ
2680 2822 2999 2892 παρελθόντι
3018 2818 3451 2889 πεπερασμένων
3471 2816 3660 2880 ὄντων,
3683 2815 3742 2879 ἐξ
3768 2816 3941 2883 ἀνάγ-

2350 2932 2453 2984 κης
2482 2915 2618 2967 εἰσὶν
2644 2914 2930 2984 ὴργμένοι·
2964 2912 3252 2982 ὴργμένων
3289 2909 3348 2961 δὲ
3375 2907 3572 2971 αὐτῶν,
3603 2908 3664 2972 ἐξ
3691 2908 3944 2977 ἀνάγκης

2350 3007 2454 3060 εἰσὶ
2491 3006 2586 3059 καὶ
2634 3005 2872 3076 γενητοί.
2919 3005 2980 3056 Ei
3027 3005 3083 3056 δὲ
3127 3003 3398 3075 ηκίνησις
3433 3001 3522 3054 καὶ
3551 3000 3580 3050 ὁ
3610 2999 3804 3070 χρόνος
3835 2999 3942 3052 εὶσὶ

2354 3094 2592 3163 γενητοὶ,
2615 3094 2674 3159 ἐξ
2700 3095 2946 3164 ἀνάγκης
2973 3093 3082 3164 ἄρα
3108 3093 3202 3145 καὶ
3234 3092 3293 3144 τὸ
3324 3091 3641 3161 κινούμενον
3668 3089 3851 3156 σῶμα,
3880 3088 3942 3142 τὸ

677 3187 829 3255 Quod
881 3189 925 3242 si
979 3204 1192 3258 semper
1231 3190 1498 3257 assumpti
1540 3190 1800 3256 temporis
1850 3189 2073 3242 dimidia
2101 3189 2247 3244 ‘licet

2354 3187 2441 3239 ἀεὶ
2476 3188 2533 3238 ὲν
2569 3185 2647 3256 τῷ
2685 3185 2949 3238 κινεῖσθαι
2990 3185 3050 3238 τὸ
3084 3181 3219 3236 εἶναι
3247 3185 3388 3254 ἔχον.
3423 3183 3486 3235 Et
3512 3182 3567 3234 δὲ
3606 3179 3701 3234 καὶ
3728 3183 3816 3235 ἀεὶ
3848 3181 3943 3234 τὸν

675 3294 893 3333 sumere
939 3296 1004 3333 ex
1052 3280 1236 3334 futuro
1267 3289 1319 3335 et
1341 3279 1541 3335 addere
1597 3283 1902 3351 prazterito;
1952 3291 2132 3336 tamen
2181 3298 2248 3336 ne

683 3373 782 3425 hoc
813 3374 1032 3443 quidem
1071 3375 1235 3427 modo
1267 3374 1378 3426 ﬁeri
1413 3382 1614 3443 potest,
1646 3383 1704 3427 ut
1735 3379 1948 3445 tempus
1979 3376 2249 3444 praeterita

680 3465 766 3521 sui
797 3475 949 3535 parte
991 3473 1116 3519 actu
1147 3466 1201 3519 in
1234 3466 1446 3518 ﬁnitum
1474 3477 1712 3535 unquam
1742 3467 1831 3520 sit.

879 3621 971 3677 46.
1003 3621 1303 3690 Aristotetis
1334 3637 1398 3676 ea:
1436 3622 1566 3676 libra
1593 3625 1765 3690 primo
1798 3624 1875 3677 De
1906 3624 2055 3678 caelo.

1182 3688 1310 3742 ibid.
1337 3703 1377 3740 ι.
1410 3703 1457 3743 c.
1481 3689 1532 3741 ε.
1564 3688 1615 3758 p'.
1641 3689 1763 3744 9.69.

758 3796 775 3828 ι
823 3776 1058 3833 Necesse
1083 3787 1168 3832 est
1210 3794 1331 3832 esse
1361 3777 1582 3847 aliquod
1618 3794 1820 3849 corpus
1867 3777 2116 3844 simplex,
2177 3778 2251 3830 ita

681 3878 1080 3939 comparatum,
1131 3877 1189 3924 ut
1237 3886 1335 3924 sua
1378 3870 1556 3940 ipsius
1601 3877 1798 3926 natura
1846 3869 2056 3923 feratur
2095 3878 2250 3923 motu

683 3963 961 4017 circulari.
1006 3983 1023 4016 ι

755 4054 898 4121 Quid
927 4055 1093 4125 igitur
1121 4071 1257 4124 opus
1287 4062 1371 4109 est
1399 4051 1578 4124 primo
1605 4062 1875 4116 movente,
1901 4060 1961 4107 ut
1981 4053 2249 4122 ejusmodi

681 4163 885 4218 corpus
918 4155 1152 4211 moveat,
1175 4148 1319 4218 quod
1349 4162 1451 4201 sua
1483 4148 1654 4217 ipsius
1680 4155 1875 4201 natura
1904 4148 2077 4202 fertur
2097 4155 2248 4202 motu

681 4241 940 4296 circulari
959 4240 980 4292 ?

1039 4323 1129 4378 47.
1162 4321 1246 4374 Ea:
1276 4320 1454 4377 eodem
1490 4323 1650 4378 libro.
1677 4325 1804 4379 ibid.

758 4441 778 4473 ‹
817 4422 1010 4491 Liquet
1041 4436 1164 4475 esse
1199 4421 1438 4491 aliquam
1483 4423 1729 4492 corporis
1772 4421 2153 4484 substantiam,
2183 4420 2250 4474 ab

2350 3277 2624 3348 ληφθέντα
2650 3277 2841 3348 χρόνον
2873 3274 3062 3329 τούτου
3085 3276 3152 3328 τὰ
3180 3276 3379 3346 ἡμίσεα
3414 3273 3684 3343 ἐνδέχεται
3728 3267 3942 3345 ληφθῆι

2353 3389 2439 3425 ναι
2463 3372 2527 3422 ὲκ
2557 3367 2654 3422 τοῦ
2680 3368 2982 3439 μέλλοντος,
3017 3370 3111 3421 καὶ
3138 3365 3498 3438 προστεθῆναι
3537 3365 3617 3435 τῷ
3643 3365 3943 3436 παρελθόν⁴

2351 3479 2402 3514 τι
2420 3502 2434 3526 ,
2481 3461 2596 3514 ἀλλ’
2640 3461 2749 3512 οὐδ’
2784 3460 2956 3523 οὕτως
2998 3455 3272 3528 ἐνδέχεται
3301 3458 3392 3510 τὸν
3413 3455 3604 3526 χρόνον
3629 3455 3709 3526 τῷ
3739 3457 3942 3527 παρελ-

2352 3549 2494 3606 Θόντι
2526 3554 2752 3622 ἄπειρον
2784 3548 2922 3612 εἶναι
2954 3550 3258 3621 ἐντελεχείᾳ
3285 3545 3435 3602 ποτέ.

2388 3645 2474 3698 46.
2503 3645 2955 3714 Ἀριστοτέλους
2980 3643 3182 3766 ἐλιὶὲοῦ
3212 3644 3351 3712 Περὶ
3378 3644 3640 3712 οὐρανοῦ
3665 3640 3903 3712 πρώτου

3044 3753 3058 3766 .
3123 3729 3251 3766 νου.

3044 3729 3251 3781 .ιογου.

2426 3832 2444 3863 ι
2477 3813 2804 3879 Ἀναγκαῖον
2830 3805 2965 3862 εἶναι
2995 3826 3046 3861 τι
3084 3800 3252 3878 σῶμα
3275 3806 3501 3870 ἁπλοῦν,
3532 3807 3563 3859 ὃ
3600 3804 3812 3873 πέφυκε
3844 3805 3940 3874 cpio

2351 3904 2538 3983 ρεσθαι
2566 3905 2664 3973 τὴν
2690 3901 2872 3971 κύκλῳ
2905 3903 3117 3973 κίνησιν
3141 3900 3277 3954 κατὰ
3299 3900 3395 3972 τὴν
3417 3899 3613 3953 ἑαυτοῦ
3633 3898 3814 3968 φύσιν.
3843 3918 3865 3949 ι

2420 4077 2520 4140 Τις
2547 4063 2646 4130 οὖν
2675 4076 2833 4147 χρεία
2862 4076 2956 4129 τοῦ
2987 4075 3221 4147 πρώτως
3249 4075 3528 4136 κινοῦντος
3564 4074 3736 4126 κινεῖν
3762 4071 3935 4127 τοιοῦ-

2349 4185 2440 4222 τον
2467 4167 2646 4238 σῶμα,
2681 4166 2742 4222 τὸ
2767 4167 2909 4220 κατά
2929 4166 3027 4237 τὴν
3051 4164 3246 4220 ἑαυτοῦ
3293 4164 3453 4234 φύσιν
3495 4165 3596 4234 τὴν
3630 4163 3817 4235 κύκλῳ
3853 4182 3934 4218 κιρ

2349 4259 2607 4330 νούμενον
2638 4259 2854 4330 κίνησιν
2872 4276 2886 4323 ;

2735 4350 2825 4403 47.
2864 4352 2965 4403 Ἐκ
2985 4350 3094 4403 τοῦ
3119 4350 3304 4404 αὐτοῦ
3334 4351 3537 4418 λόγου.

2423 4461 2442 4492 ι
2485 4441 2752 4512 Φανερὸν,
2786 4443 2868 4494 ὅτι
2911 4441 3124 4510 πέφυκέ
3171 4459 3254 4504 τις
3281 4441 3456 4504 obuia
3502 4439 3754 4509 σώματος
3801 4439 3930 4507 άλλη

683 4515 789 4578 his,
824 4531 945 4583 quae
973 4515 1060 4568 hic
1092 4515 1402 4569 constitutae
1435 4522 1583 4580 sunt,
1609 4516 1902 4582 diversam,
1923 4514 2244 4569 diviniorem

2351 4536 2502 4606 παρὰ
2533 4536 2634 4598 τὰς
2678 4535 2912 4588 ἐνταῦθα
2968 4534 3326 4598 συσταθείσας
3371 4533 3502 4602 (50),
3548 4534 3798 4605 Θειοτὲρα
3842 4536 3932 4588 καὶ

680 4615 734 4660 ει
768 4608 1001 4676 priorem
1040 4606 1124 4659 his
1152 4609 1428 4662 omnibus.
1467 4626 1484 4659 ι

751 4696 809 4749 Si
839 4698 942 4751 hoc
965 4713 1166 4768 corpus
1197 4698 1265 4752 ab
1295 4708 1498 4753 aeterno
1530 4708 1588 4753 et
1614 4699 1732 4753 sine
1785 4698 2057 4768 principio
2101 4699 2250 4751 circa

679 4799 904 4852 terram,
940 4806 1059 4858 quae
1083 4791 1392 4845 substantia
1415 4801 1500 4846 est
1525 4794 1612 4846 hic
1629 4792 1948 4858 constituta,
1970 4800 2245 4846 movetur:

679 4882 955 4950 quomodo
983 4891 1126 4934 terra
1152 4883 1304 4951 prius
1327 4898 1448 4937 esse
1480 4891 1681 4953 potest,
1711 4884 1826 4936 sine
1856 4900 1962 4952 qua
1992 4898 2102 4938 non
2127 4897 2248 4937 mos

681 4983 838 5026 vctur
866 4979 1014 5026 motu
1046 4973 1335 5027 circulari?
1369 4974 1434 5027 Et
1480 4977 1525 5029 si
1566 4976 1711 5045 quod
1743 4984 2004 5028 aeternum
2039 4985 2092 5030 et
2131 4975 2250 5029 sine

683 5066 951 5134 principio
979 5076 1062 5119 est
1091 5075 1145 5118 et
1168 5066 1302 5120 utile
1331 5067 1396 5120 ad
1420 5067 1864 5123 constitutionem
1891 5082 2101 5128 eorum,
2127 5083 2250 5136 qua:

684 5157 771 5208 hic
807 5155 960 5219 ﬁunt,
984 5156 1038 5208 id
1068 5165 1126 5210 ut
1147 5157 1418 5225 ejusmodi
1445 5161 1688 5229 corpori,
1715 5160 1789 5213 ita
1814 5167 1868 5214 et
1891 5170 2046 5214 terra:
2070 5161 2244 5226 adest,

682 5263 782 5300 cur
821 5246 957 5300 illud
1006 5262 1207 5317 corpus
1255 5251 1603 5320 praestantius
1654 5253 1724 5306 sit
1773 5261 1824 5307 et
1871 5252 2025 5321 prius
2080 5266 2241 5322 quam

683 5347 828 5393 terra
847 5339 870 5391 ?

870 5423 959 5477 48.
997 5424 1079 5476 Ex
1110 5425 1287 5479 eodem
1318 5425 1472 5478 libro.
1500 5427 1625 5481 ibid.
1649 5442 1697 5482 c.
1729 5424 1782 5483 ὃ.
1809 5443 1863 5499 p.
1889 5428 2014 5485 269.

756 5536 774 5569 ι
813 5517 956 5573 Fieri
985 5535 1090 5573 non
1111 5530 1308 5590 potest,
1336 5530 1394 5577 ut
1413 5538 1631 5594 corpus,
1655 5526 1798 5594 quod
1824 5526 1879 5580 in
1909 5526 2095 5583 orbem
2126 5543 2246 5582 mo-

682 5618 860 5675 vetur,
886 5613 1204 5682 gravitatem
1229 5615 1425 5670 habeat
1456 5623 1548 5669 aut
1576 5617 1868 5673 levitatem.
1902 5638 1920 5670 ›

681 5806 708 5858 ι
749 5737 864 5860 £29)
898 5744 1016 5794 Οὐκ
1047 5727 1356 5813 ἀτὲένητον.
1395 5746 1561 5804 Multo
1593 5751 2093 5820 aptiuslegeremus
2144 5756 2242 5808 οὐκ

712 5823 745 5860 γ
778 5827 916 5860 νιτο-
952 5829 1051 5860 non
1079 5827 1210 5860 erat-

712 5823 916 5878 γενιτο,
952 5829 1051 5866 non
1079 5827 1211 5869 erat.

2351 4629 2596 4699 προτέρα
2620 4627 2825 4680 τούτων
2855 4627 3128 4680 ἁπάντων.
3159 4645 3176 4677 ›

2422 4720 2484 4773 Εἰ
2518 4719 2750 4772 τοῦτοτὸ
2782 4718 2941 4788 σῶμα
2973 4718 3159 4780 ὰῖδίως
3191 4717 3283 4770 καὶ
3299 4709 3551 4787 άνάρχως
3571 4718 3808 4788 περὶ-τὴν
3831 4716 3929 4786 γῆν

2349 4807 2446 4876 τὴν
2480 4807 2712 4860 ἐνταῦθα
2741 4803 2904 4859 οὖσαν
2931 4807 3116 4858 οὐσίαν
3148 4809 3401 4858 κινεῖται’
3451 4806 3568 4868 πῶς
3591 4807 3813 4858 δύναται
3836 4807 3929 4876 τῆς

2349 4900 2453 4966 γῆς
2475 4895 2612 4951 εἶναι
2634 4898 2916 4968 πρότερον,
2938 4892 3005 4968 ἦς
3022 4897 3189 4966 χωρὶς
3199 4896 3374 4949 οὐκᾶν
3391 4897 3616 4949 ἐκινεῖτο
3636 4896 3734 4965 τὴν
3752 4897 3926 4966 κύκλῳ

2350 4987 2584 5056 κίνησιν;
2603 4989 2711 5060 Καὶ
2729 4990 2773 5040 εἰ
2795 4987 2854 5040 τὸ
2873 4987 3060 5050 ἀΐδιον,
3076 4987 3167 5038 καὶ
3183 4985 3243 5037 τὸ
3259 4986 3537 5056 ἀγένητον,
3557 4987 3724 5039 καὶτὸ
3744 4989 3925 5057 χρήσι-

2353 5094 2452 5148 μον
2473 5077 2608 5148 πρὸς
2629 5078 2881 5131 σύστασιν
2895 5077 3003 5138 τῶν
3025 5073 3254 5147 ἐνταῦθα
3280 5078 3635 5147 γιγνομένων,
3661 5077 3737 5140 ὼς
3768 5079 3925 5149 7:960-

2347 5185 2468 5222 εστι
2495 5169 2572 5240 τῷ
2599 5170 2824 5240 τοιούτῳ
2850 5169 3080 5240 σώματι,
3115 5169 3288 5232 οὕτως
3317 5169 3576 5240 πρόσεστι
3615 5171 3682 5237 τῇ
3718 5171 3812 5238 γῇ.
3843 5169 3923 5220 διὰ

2349 5263 2403 5316 τι
2426 5262 2488 5316 τὸ
2521 5261 2681 5332 σῶμα
2713 5265 2889 5315 ἐκεῖνο
2912 5261 3234 5333 τιμιώτερον
3259 5264 3352 5316 καὶ
3384 5263 3648 5333 πρότερον
3679 5260 3782 5329 τῆς
3805 5259 3921 5329 γῆς

2741 5437 2825 5492 48.
2865 5437 2966 5490 Ἐκ
2991 5437 3096 5490 τοῦ
3121 5437 3308 5491 αὐτοῦ
3331 5438 3537 5504 λόγου.

2425 5549 2443 5581 ι
2481 5529 2554 5582 Τὸ
2577 5529 2631 5581 δὲ
2655 5529 2764 5599 (51)
2797 5529 2980 5598 κύκλῳ
3009 5529 3167 5602 σῶμα
3187 5529 3483 5599 φερόμενον
3507 5527 3770 5582 ἀδύνατον
3788 5527 3922 5598 ἐχειν

2351 5621 2516 5692 βάρος
2545 5621 2579 5691 ἦ
2609 5621 2936 5692 κουφότητα.
2977 5641 2994 5671 ι

2418 5755 2533 5826 (50)
2557 5757 2996 5822 ,Συσταθείσαςκ
3034 5757 3258 5811 Aristot.
3300 5756 3610 5820 συστάσεις.

2421 5825 2535 5899 (31)
2564 5827 2631 5880 Τὸ
2662 5826 2748 5881 δέ.
2780 5827 3010 5883 Aristot.
3041 5827 3104 5879 τὸ
3133 5827 3216 5894 δή.
