  <div class='ocr_page' id='page_1' title='image "/cluster/home/n/w/nwhite01/storage/ocr_20150623/6/pst.000005711826/788.png"; bbox 0 0 4104 6444; ppageno 0'>
   <div class='ocr_carea' id='block_1_1' title="bbox 233 398 3499 481">
    <p class='ocr_par' dir='ltr' id='par_1_1' title="bbox 233 398 3499 481">
     <span class='ocr_line' id='line_1_1' title="bbox 233 398 3499 481; baseline 0 -22"><span class='ocrx_word' id='word_1_1' title='bbox 233 406 377 460; x_wconf 66' lang='lat' dir='ltr'><strong>usus</strong></span> <span class='ocrx_word' id='word_1_2' title='bbox 908 399 1357 462; x_wconf 65' lang='lat' dir='ltr'><strong>cessurum</strong></span> <span class='ocrx_word' id='word_1_3' title='bbox 1384 398 1832 467; x_wconf 64' lang='lat' dir='ltr'><strong>quonunoau</strong></span> <span class='ocrx_word' id='word_1_4' title='bbox 1871 403 2333 479; x_wconf 64' lang='lat' dir='ltr'><strong>ARlSTOIELlS</strong></span> <span class='ocrx_word' id='word_1_5' title='bbox 2372 408 2778 466; x_wconf 62' lang='lat' dir='ltr'><strong>poenarum.</strong></span> <span class='ocrx_word' id='word_1_6' title='bbox 3365 417 3499 481; x_wconf 62' lang='grc' dir='ltr'><strong>πίω</strong></span> 
     </span>
    </p>
   </div>
   <div class='ocr_carea' id='block_1_2' title="bbox 238 498 1810 591">
    <p class='ocr_par' dir='ltr' id='par_1_2' title="bbox 238 515 1810 591">
     <span class='ocr_line' id='line_1_2' title="bbox 238 515 1810 591; baseline -0.004 -17"><span class='ocrx_word' id='word_1_7' title='bbox 238 522 393 574; x_wconf 80' lang='grc' dir='ltr'><strong>Ἐπεὶ</strong></span> <span class='ocrx_word' id='word_1_8' title='bbox 418 520 476 574; x_wconf 83' lang='grc' dir='ltr'><strong>δὲ</strong></span> <span class='ocrx_word' id='word_1_9' title='bbox 506 520 732 591; x_wconf 68' lang='grc' dir='ltr'><strong>οὐρανὸς</strong></span> <span class='ocrx_word' id='word_1_10' title='bbox 778 517 1047 573; x_wconf 80' lang='grc' dir='ltr'><strong>τοιοῦτον·</strong></span> <span class='ocrx_word' id='word_1_11' title='bbox 1088 518 1245 588; x_wconf 85' lang='grc' dir='ltr'><strong>σῶμα</strong></span> <span class='ocrx_word' id='word_1_12' title='bbox 1289 517 1399 589; x_wconf 86' lang='grc' dir='ltr'><strong>γάρ</strong></span> <span class='ocrx_word' id='word_1_13' title='bbox 1431 533 1484 581; x_wconf 74' lang='grc' dir='ltr'><strong>τι</strong></span> <span class='ocrx_word' id='word_1_14' title='bbox 1526 515 1695 570; x_wconf 79' lang='grc' dir='ltr'><strong>θεῖον·</strong></span> <span class='ocrx_word' id='word_1_15' title='bbox 1727 516 1810 576; x_wconf 78' lang='grc' dir='ltr'><strong>διὰ</strong></span> 
     </span>
    </p>
   </div>
   <div class='ocr_carea' id='block_1_3' title="bbox 1911 498 3498 591">
    <p class='ocr_par' dir='ltr' id='par_1_3' title="bbox 1917 498 3498 572">
     <span class='ocr_line' id='line_1_3' title="bbox 1917 498 3498 572; baseline 0.006 -22"><span class='ocrx_word' id='word_1_16' title='bbox 1917 500 1991 561; x_wconf 87' lang='lat' dir='ltr'><strong>ei,</strong></span> <span class='ocrx_word' id='word_1_17' title='bbox 2022 498 2167 568; x_wconf 93' lang='lat' dir='ltr'><strong>quod</strong></span> <span class='ocrx_word' id='word_1_18' title='bbox 2202 499 2473 559; x_wconf 77' lang='lat' dir='ltr'><strong>divinum,</strong></span> <span class='ocrx_word' id='word_1_19' title='bbox 2497 510 2602 563; x_wconf 85' lang='lat' dir='ltr'><strong>est,</strong></span> <span class='ocrx_word' id='word_1_20' title='bbox 2647 510 2828 557; x_wconf 91' lang='lat' dir='ltr'><strong>motus</strong></span> <span class='ocrx_word' id='word_1_21' title='bbox 2875 502 3008 557; x_wconf 89' lang='lat' dir='ltr'><strong>insit</strong></span> <span class='ocrx_word' id='word_1_22' title='bbox 3051 511 3315 571; x_wconf 59' lang='lat' dir='ltr'><strong>aeternus.</strong></span> <span class='ocrx_word' id='word_1_23' title='bbox 3343 506 3498 572; x_wconf 81' lang='lat' dir='ltr'><strong>Quo-</strong></span> 
     </span>
    </p>
   </div>
   <div class='ocr_carea' id='block_1_4' title="bbox 223 607 1811 682">
    <p class='ocr_par' dir='ltr' id='par_1_4' title="bbox 223 607 1811 682">
     <span class='ocr_line' id='line_1_4' title="bbox 223 607 1811 682; baseline 0 -20"><span class='ocrx_word' id='word_1_24' title='bbox 223 611 385 662; x_wconf 83' lang='grc' dir='ltr'><strong>τοῦτο</strong></span> <span class='ocrx_word' id='word_1_25' title='bbox 411 609 523 681; x_wconf 77' lang='grc' dir='ltr'><strong>ἔχει</strong></span> <span class='ocrx_word' id='word_1_26' title='bbox 551 610 612 663; x_wconf 85' lang='lat' dir='ltr'><strong>rb</strong></span> <span class='ocrx_word' id='word_1_27' title='bbox 646 608 934 679; x_wconf 74' lang='grc' dir='ltr'><strong>ἐγκύκλιον</strong></span> <span class='ocrx_word' id='word_1_28' title='bbox 964 608 1073 682; x_wconf 77' lang='lat'><strong>(39)</strong></span> <span class='ocrx_word' id='word_1_29' title='bbox 1105 608 1286 678; x_wconf 77' lang='grc' dir='ltr'><strong>σῶμα,</strong></span> <span class='ocrx_word' id='word_1_30' title='bbox 1314 607 1343 660; x_wconf 78' lang='grc' dir='ltr'><strong><em>ὃ</em></strong></span> <span class='ocrx_word' id='word_1_31' title='bbox 1389 607 1549 676; x_wconf 78' lang='grc' dir='ltr'><strong>φύσει</strong></span> <span class='ocrx_word' id='word_1_32' title='bbox 1586 612 1811 662; x_wconf 83' lang='grc' dir='ltr'><strong>κινεῖται</strong></span> 
     </span>
    </p>
   </div>
   <div class='ocr_carea' id='block_1_5' title="bbox 110 698 607 774">
    <p class='ocr_par' dir='ltr' id='par_1_5' title="bbox 110 698 607 774">
     <span class='ocr_line' id='line_1_5' title="bbox 110 698 607 774; baseline -0.012 -18"><span class='ocrx_word' id='word_1_33' title='bbox 110 732 123 733; x_wconf 47' lang='grc' dir='ltr'>ί</span> <span class='ocrx_word' id='word_1_34' title='bbox 228 702 414 774; x_wconf 73' lang='grc' dir='ltr'><strong>κύκλῳ</strong></span> <span class='ocrx_word' id='word_1_35' title='bbox 439 698 546 759; x_wconf 84' lang='grc' dir='ltr'><strong>ἀεί.</strong></span> <span class='ocrx_word' id='word_1_36' title='bbox 589 722 607 750; x_wconf 76' lang='grc' dir='ltr'><strong>ι</strong></span> 
     </span>
    </p>
   </div>
   <div class='ocr_carea' id='block_1_6' title="bbox 300 875 1812 950">
    <p class='ocr_par' dir='ltr' id='par_1_6' title="bbox 300 875 1812 950">
     <span class='ocr_line' id='line_1_6' title="bbox 300 875 1812 950; baseline -0.001 -16"><span class='ocrx_word' id='word_1_37' title='bbox 300 882 361 934; x_wconf 79' lang='lat' dir='ltr'><strong>Ei</strong></span> <span class='ocrx_word' id='word_1_38' title='bbox 394 879 489 933; x_wconf 80' lang='grc' dir='ltr'><strong>τοῦ</strong></span> <span class='ocrx_word' id='word_1_39' title='bbox 525 877 624 950; x_wconf 77' lang='grc' dir='ltr'><strong>μὲν</strong></span> <span class='ocrx_word' id='word_1_40' title='bbox 654 879 918 949; x_wconf 74' lang='grc' dir='ltr'><strong>ἀγενήτου</strong></span> <span class='ocrx_word' id='word_1_41' title='bbox 946 878 1041 930; x_wconf 72' lang='grc' dir='ltr'><strong>καὶ</strong></span> <span class='ocrx_word' id='word_1_42' title='bbox 1067 875 1235 930; x_wconf 77' lang='grc' dir='ltr'><strong>ἀϊδίου</strong></span> <span class='ocrx_word' id='word_1_43' title='bbox 1282 876 1433 931; x_wconf 79' lang='grc' dir='ltr'><strong>οὐδέν</strong></span> <span class='ocrx_word' id='word_1_44' title='bbox 1462 879 1580 931; x_wconf 69' lang='grc' dir='ltr'><strong>ἐστι</strong></span> <span class='ocrx_word' id='word_1_45' title='bbox 1608 879 1703 931; x_wconf 85' lang='grc' dir='ltr'><strong>τοῦ</strong></span> <span class='ocrx_word' id='word_1_46' title='bbox 1733 875 1812 933; x_wconf 77' lang='grc' dir='ltr'><strong>εῖ-</strong></span> 
     </span>
    </p>
   </div>
   <div class='ocr_carea' id='block_1_7' title="bbox 224 964 1811 1042">
    <p class='ocr_par' dir='ltr' id='par_1_7' title="bbox 224 964 1811 1042">
     <span class='ocr_line' id='line_1_7' title="bbox 224 964 1811 1042; baseline -0.002 -15"><span class='ocrx_word' id='word_1_47' title='bbox 224 991 314 1027; x_wconf 89' lang='grc' dir='ltr'><strong>ναι</strong></span> <span class='ocrx_word' id='word_1_48' title='bbox 343 972 557 1042; x_wconf 56' lang='grc' dir='ltr'><strong>αἵτιονῖ</strong></span> <span class='ocrx_word' id='word_1_49' title='bbox 585 964 659 1024; x_wconf 85' lang='grc' dir='ltr'><strong>ὧν</strong></span> <span class='ocrx_word' id='word_1_50' title='bbox 687 970 743 1022; x_wconf 76' lang='grc' dir='ltr'><strong>δὲ</strong></span> <span class='ocrx_word' id='word_1_51' title='bbox 774 970 919 1022; x_wconf 74' lang='grc' dir='ltr'><strong>ἔστιν</strong></span> <span class='ocrx_word' id='word_1_52' title='bbox 947 969 1130 1040; x_wconf 76' lang='grc' dir='ltr'><strong>ἔργον,</strong></span> <span class='ocrx_word' id='word_1_53' title='bbox 1164 969 1335 1023; x_wconf 81' lang='grc' dir='ltr'><strong>ταῦτα</strong></span> <span class='ocrx_word' id='word_1_54' title='bbox 1361 970 1547 1024; x_wconf 68' lang='grc' dir='ltr'><strong>ἕνεκεν</strong></span> <span class='ocrx_word' id='word_1_55' title='bbox 1576 970 1685 1042; x_wconf 73' lang='grc'><strong>(40)</strong></span> <span class='ocrx_word' id='word_1_56' title='bbox 1718 971 1811 1025; x_wconf 81' lang='grc' dir='ltr'><strong>τοῦ</strong></span> 
     </span>
    </p>
   </div>
   <div class='ocr_carea' id='block_1_8' title="bbox 227 1040 1812 1137">
    <p class='ocr_par' dir='ltr' id='par_1_8' title="bbox 227 1040 1812 1137">
     <span class='ocr_line' id='line_1_8' title="bbox 227 1040 1812 1137; baseline -0.002 -19"><span class='ocrx_word' id='word_1_57' title='bbox 227 1066 389 1137; x_wconf 69' lang='grc' dir='ltr'><strong>ἔργον</strong></span> <span class='ocrx_word' id='word_1_58' title='bbox 426 1040 603 1116; x_wconf 66' lang='grc' dir='ltr'><strong>ἐστίν’</strong></span> <span class='ocrx_word' id='word_1_59' title='bbox 639 1062 738 1113; x_wconf 81' lang='grc' dir='ltr'><strong>οὐκ</strong></span> <span class='ocrx_word' id='word_1_60' title='bbox 785 1060 893 1131; x_wconf 75' lang='grc' dir='ltr'><strong>ἄρα</strong></span> <span class='ocrx_word' id='word_1_61' title='bbox 924 1060 1092 1123; x_wconf 74' lang='grc' dir='ltr'><strong>ἀΐδια,</strong></span> <span class='ocrx_word' id='word_1_62' title='bbox 1124 1052 1199 1115; x_wconf 80' lang='grc' dir='ltr'><strong>ὧν</strong></span> <span class='ocrx_word' id='word_1_63' title='bbox 1231 1060 1299 1114; x_wconf 86' lang='grc' dir='ltr'><strong>τά</strong></span> <span class='ocrx_word' id='word_1_64' title='bbox 1342 1061 1479 1131; x_wconf 81' lang='grc' dir='ltr'><strong>ἔργα</strong></span> <span class='ocrx_word' id='word_1_65' title='bbox 1526 1040 1620 1115; x_wconf 67' lang='grc' dir='ltr'><strong>τοῦ</strong></span> <span class='ocrx_word' id='word_1_66' title='bbox 1672 1059 1812 1128; x_wconf 73' lang='grc' dir='ltr'><strong>εἷναί</strong></span> 
     </span>
    </p>
   </div>
   <div class='ocr_carea' id='block_1_9' title="bbox 226 1148 1811 1225">
    <p class='ocr_par' dir='ltr' id='par_1_9' title="bbox 226 1148 1811 1225">
     <span class='ocr_line' id='line_1_9' title="bbox 226 1148 1811 1225; baseline -0.001 -15"><span class='ocrx_word' id='word_1_67' title='bbox 226 1161 376 1210; x_wconf 66' lang='grc' dir='ltr'><strong>ἐστιν</strong></span> <span class='ocrx_word' id='word_1_68' title='bbox 403 1156 570 1209; x_wconf 84' lang='grc' dir='ltr'><strong>αῐτια.</strong></span> <span class='ocrx_word' id='word_1_69' title='bbox 608 1154 669 1207; x_wconf 66' lang='lat' dir='ltr'><strong>Et</strong></span> <span class='ocrx_word' id='word_1_70' title='bbox 720 1148 946 1221; x_wconf 71' lang='grc' dir='ltr'><strong>ἀψῦχων</strong></span> <span class='ocrx_word' id='word_1_71' title='bbox 979 1153 1095 1205; x_wconf 70' lang='grc' dir='ltr'><strong>ἐστὶ</strong></span> <span class='ocrx_word' id='word_1_72' title='bbox 1128 1152 1191 1204; x_wconf 88' lang='lat' dir='ltr'><strong>rb</strong></span> <span class='ocrx_word' id='word_1_73' title='bbox 1228 1155 1294 1223; x_wconf 80' lang='grc' dir='ltr'><strong>τῇ</strong></span> <span class='ocrx_word' id='word_1_74' title='bbox 1342 1154 1615 1225; x_wconf 72' lang='grc' dir='ltr'><strong>παρουσίᾳ</strong></span> <span class='ocrx_word' id='word_1_75' title='bbox 1652 1155 1811 1223; x_wconf 85' lang='grc' dir='ltr'><strong>μόνον</strong></span> 
     </span>
    </p>
   </div>
   <div class='ocr_carea' id='block_1_10' title="bbox 224 1243 1812 1322">
    <p class='ocr_par' dir='ltr' id='par_1_10' title="bbox 224 1243 1812 1322">
     <span class='ocr_line' id='line_1_10' title="bbox 224 1243 1812 1322; baseline -0.003 -19"><span class='ocrx_word' id='word_1_76' title='bbox 224 1250 468 1322; x_wconf 68' lang='grc' dir='ltr'><strong>ἐνεργεῖν</strong></span> <span class='ocrx_word' id='word_1_77' title='bbox 501 1246 599 1309; x_wconf 86' lang='grc' dir='ltr'><strong>τάς</strong></span> <span class='ocrx_word' id='word_1_78' title='bbox 643 1244 781 1298; x_wconf 84' lang='grc' dir='ltr'><strong>κατά</strong></span> <span class='ocrx_word' id='word_1_79' title='bbox 814 1243 977 1312; x_wconf 80' lang='grc' dir='ltr'><strong>φύσιν</strong></span> <span class='ocrx_word' id='word_1_80' title='bbox 1029 1244 1329 1314; x_wconf 79' lang='grc' dir='ltr'><strong>ἐνεργείας.</strong></span> <span class='ocrx_word' id='word_1_81' title='bbox 1372 1243 1605 1312; x_wconf 83' lang='grc' dir='ltr'><strong>λογικῶν</strong></span> <span class='ocrx_word' id='word_1_82' title='bbox 1637 1246 1714 1309; x_wconf 80' lang='grc' dir='ltr'><strong>δὲ,</strong></span> <span class='ocrx_word' id='word_1_83' title='bbox 1748 1247 1812 1299; x_wconf 88' lang='lat' dir='ltr'><strong>rb</strong></span> 
     </span>
    </p>
   </div>
   <div class='ocr_carea' id='block_1_11' title="bbox 221 1323 1811 1412">
    <p class='ocr_par' dir='ltr' id='par_1_11' title="bbox 221 1323 1811 1412">
     <span class='ocr_line' id='line_1_11' title="bbox 221 1323 1811 1412; baseline -0.003 -19"><span class='ocrx_word' id='word_1_84' title='bbox 221 1344 294 1412; x_wconf 67' lang='grc' dir='ltr'><strong>τῇ</strong></span> <span class='ocrx_word' id='word_1_85' title='bbox 323 1340 602 1411; x_wconf 82' lang='grc' dir='ltr'><strong>βουλήσει’</strong></span> <span class='ocrx_word' id='word_1_86' title='bbox 640 1323 757 1401; x_wconf 77' lang='grc' dir='ltr'><strong>πῶς</strong></span> <span class='ocrx_word' id='word_1_87' title='bbox 792 1330 909 1389; x_wconf 69' lang='grc' dir='ltr'><strong>ἐστὶ</strong></span> <span class='ocrx_word' id='word_1_88' title='bbox 941 1336 1074 1399; x_wconf 80' lang='grc' dir='ltr'><strong>Θεὸς</strong></span> <span class='ocrx_word' id='word_1_89' title='bbox 1110 1338 1139 1389; x_wconf 84' lang='grc' dir='ltr'>ὁ</span> <span class='ocrx_word' id='word_1_90' title='bbox 1169 1336 1414 1407; x_wconf 76' lang='grc' dir='ltr'><strong>οὐρανὸς,</strong></span> <span class='ocrx_word' id='word_1_91' title='bbox 1448 1338 1477 1388; x_wconf 83' lang='grc' dir='ltr'>ὁ</span> <span class='ocrx_word' id='word_1_92' title='bbox 1508 1337 1581 1407; x_wconf 82' lang='grc' dir='ltr'><strong>μὴ</strong></span> <span class='ocrx_word' id='word_1_93' title='bbox 1618 1336 1811 1408; x_wconf 78' lang='grc' dir='ltr'><strong>βουλή-</strong></span> 
     </span>
    </p>
   </div>
   <div class='ocr_carea' id='block_1_12' title="bbox 224 1428 1811 1504">
    <p class='ocr_par' dir='ltr' id='par_1_12' title="bbox 224 1428 1811 1504">
     <span class='ocr_line' id='line_1_12' title="bbox 224 1428 1811 1504; baseline -0.002 -18"><span class='ocrx_word' id='word_1_94' title='bbox 224 1451 313 1487; x_wconf 85' lang='grc' dir='ltr'><strong>σει</strong></span> <span class='ocrx_word' id='word_1_95' title='bbox 338 1432 437 1504; x_wconf 75' lang='grc' dir='ltr'><strong>τὴν</strong></span> <span class='ocrx_word' id='word_1_96' title='bbox 471 1431 769 1485; x_wconf 76' lang='grc' dir='ltr'><strong>ἀθανασίαν</strong></span> <span class='ocrx_word' id='word_1_97' title='bbox 809 1429 1070 1502; x_wconf 67' lang='grc' dir='ltr'><strong>ἐνεργῶν,</strong></span> <span class='ocrx_word' id='word_1_98' title='bbox 1110 1428 1244 1481; x_wconf 87' lang='grc' dir='ltr'><strong>ἀλλά</strong></span> <span class='ocrx_word' id='word_1_99' title='bbox 1276 1432 1344 1499; x_wconf 84' lang='grc' dir='ltr'><strong>τῇ</strong></span> <span class='ocrx_word' id='word_1_100' title='bbox 1380 1430 1592 1500; x_wconf 84' lang='grc' dir='ltr'><strong>κινήσει</strong></span> <span class='ocrx_word' id='word_1_101' title='bbox 1629 1447 1689 1483; x_wconf 89' lang='grc' dir='ltr'><strong>τε</strong></span> <span class='ocrx_word' id='word_1_102' title='bbox 1718 1432 1811 1483; x_wconf 75' lang='grc' dir='ltr'><strong>καὶ</strong></span> 
     </span>
    </p>
   </div>
   <div class='ocr_carea' id='block_1_13' title="bbox 224 1519 1811 1594">
    <p class='ocr_par' dir='ltr' id='par_1_13' title="bbox 224 1519 1811 1594">
     <span class='ocr_line' id='line_1_13' title="bbox 224 1519 1811 1594; baseline -0.002 -16"><span class='ocrx_word' id='word_1_103' title='bbox 224 1527 293 1594; x_wconf 78' lang='grc' dir='ltr'><strong>τῇ</strong></span> <span class='ocrx_word' id='word_1_104' title='bbox 331 1524 653 1594; x_wconf 76' lang='grc' dir='ltr'><strong>μεταστάσει</strong></span> <span class='ocrx_word' id='word_1_105' title='bbox 699 1520 808 1574; x_wconf 85' lang='grc' dir='ltr'><strong>τῶν</strong></span> <span class='ocrx_word' id='word_1_106' title='bbox 840 1519 1035 1573; x_wconf 77' lang='grc' dir='ltr'><strong>ἑαυτοῦ</strong></span> <span class='ocrx_word' id='word_1_107' title='bbox 1072 1520 1293 1591; x_wconf 82' lang='grc' dir='ltr'><strong>μερῶν;</strong></span> <span class='ocrx_word' id='word_1_108' title='bbox 1342 1522 1405 1573; x_wconf 77' lang='lat' dir='ltr'><strong>El</strong></span> <span class='ocrx_word' id='word_1_109' title='bbox 1449 1520 1510 1573; x_wconf 88' lang='lat' dir='ltr'><strong>rb</strong></span> <span class='ocrx_word' id='word_1_110' title='bbox 1549 1523 1811 1592; x_wconf 88' lang='grc' dir='ltr'><strong>ἀγένητον</strong></span> 
     </span>
    </p>
   </div>
   <div class='ocr_carea' id='block_1_14' title="bbox 225 1608 1809 1686">
    <p class='ocr_par' dir='ltr' id='par_1_14' title="bbox 225 1608 1809 1686">
     <span class='ocr_line' id='line_1_14' title="bbox 225 1608 1809 1686; baseline -0.002 -18"><span class='ocrx_word' id='word_1_111' title='bbox 225 1615 351 1667; x_wconf 76' lang='grc' dir='ltr'><strong>οὔτε</strong></span> <span class='ocrx_word' id='word_1_112' title='bbox 374 1614 510 1686; x_wconf 82' lang='grc' dir='ltr'><strong>πρὸς</strong></span> <span class='ocrx_word' id='word_1_113' title='bbox 540 1613 604 1665; x_wconf 76' lang='lat' dir='ltr'><strong>rb</strong></span> <span class='ocrx_word' id='word_1_114' title='bbox 636 1608 796 1674; x_wconf 83' lang='grc' dir='ltr'><strong>εἶναι,</strong></span> <span class='ocrx_word' id='word_1_115' title='bbox 820 1610 946 1664; x_wconf 76' lang='grc' dir='ltr'><strong>οὔτε</strong></span> <span class='ocrx_word' id='word_1_116' title='bbox 974 1610 1112 1683; x_wconf 75' lang='grc' dir='ltr'><strong>πρὸς</strong></span> <span class='ocrx_word' id='word_1_117' title='bbox 1142 1612 1202 1663; x_wconf 83' lang='lat' dir='ltr'><strong>rb</strong></span> <span class='ocrx_word' id='word_1_118' title='bbox 1227 1614 1399 1665; x_wconf 82' lang='grc' dir='ltr'><strong>ποιεῖν</strong></span> <span class='ocrx_word' id='word_1_119' title='bbox 1426 1612 1613 1683; x_wconf 69' lang='grc' dir='ltr'><strong>χρῄζει</strong></span> <span class='ocrx_word' id='word_1_120' title='bbox 1646 1614 1809 1682; x_wconf 79' lang='grc' dir='ltr'><strong>τινὸς,</strong></span> 
     </span>
    </p>
   </div>
   <div class='ocr_carea' id='block_1_15' title="bbox 224 1699 1807 1777">
    <p class='ocr_par' dir='ltr' id='par_1_15' title="bbox 224 1699 1807 1777">
     <span class='ocr_line' id='line_1_15' title="bbox 224 1699 1807 1777; baseline -0.001 -18"><span class='ocrx_word' id='word_1_121' title='bbox 224 1710 258 1777; x_wconf 69' lang='grc' dir='ltr'><strong>ἡ</strong></span> <span class='ocrx_word' id='word_1_122' title='bbox 294 1699 595 1759; x_wconf 82' lang='grc' dir='ltr'><strong>τινων’τῶν</strong></span> <span class='ocrx_word' id='word_1_123' title='bbox 627 1703 827 1768; x_wconf 76' lang='grc' dir='ltr'><strong>ἔξωθεν</strong></span> <span class='ocrx_word' id='word_1_124' title='bbox 849 1702 951 1772; x_wconf 79' lang='grc' dir='ltr'><strong>τῆς</strong></span> <span class='ocrx_word' id='word_1_125' title='bbox 980 1702 1328 1773; x_wconf 84' lang='grc' dir='ltr'><strong>συνεργείας·</strong></span> <span class='ocrx_word' id='word_1_126' title='bbox 1358 1704 1474 1768; x_wconf 87' lang='grc' dir='ltr'><strong>πῶς</strong></span> <span class='ocrx_word' id='word_1_127' title='bbox 1503 1706 1530 1757; x_wconf 86' lang='grc' dir='ltr'>ὁ</span> <span class='ocrx_word' id='word_1_128' title='bbox 1563 1706 1807 1775; x_wconf 79' lang='grc' dir='ltr'><strong>οὐρανὸς,</strong></span> 
     </span>
    </p>
   </div>
   <div class='ocr_carea' id='block_1_16' title="bbox 226 1792 1810 1869">
    <p class='ocr_par' dir='ltr' id='par_1_16' title="bbox 226 1792 1810 1869">
     <span class='ocr_line' id='line_1_16' title="bbox 226 1792 1810 1869; baseline 0.001 -19"><span class='ocrx_word' id='word_1_129' title='bbox 226 1797 323 1850; x_wconf 77' lang='grc' dir='ltr'><strong>καὶ</strong></span> <span class='ocrx_word' id='word_1_130' title='bbox 377 1798 519 1869; x_wconf 76' lang='grc' dir='ltr'><strong>πρὸς</strong></span> <span class='ocrx_word' id='word_1_131' title='bbox 556 1796 617 1848; x_wconf 82' lang='lat' dir='ltr'><strong>r&#39;0</strong></span> <span class='ocrx_word' id='word_1_132' title='bbox 661 1792 800 1849; x_wconf 77' lang='grc' dir='ltr'><strong>εἶναι</strong></span> <span class='ocrx_word' id='word_1_133' title='bbox 844 1793 1009 1848; x_wconf 74' lang='grc' dir='ltr'><strong>αὐτὸν</strong></span> <span class='ocrx_word' id='word_1_134' title='bbox 1054 1795 1272 1866; x_wconf 81' lang='grc' dir='ltr'><strong>κινητὸν</strong></span> <span class='ocrx_word' id='word_1_135' title='bbox 1314 1795 1529 1867; x_wconf 77' lang='grc' dir='ltr'><strong>χρῄζων</strong></span> <span class='ocrx_word' id='word_1_136' title='bbox 1578 1798 1677 1868; x_wconf 80' lang='grc' dir='ltr'><strong>τῆς</strong></span> <span class='ocrx_word' id='word_1_137' title='bbox 1708 1800 1810 1867; x_wconf 80' lang='grc' dir='ltr'><strong>γῆς</strong></span> 
     </span>
    </p>
   </div>
   <div class='ocr_carea' id='block_1_17' title="bbox 225 1886 1814 1963">
    <p class='ocr_par' dir='ltr' id='par_1_17' title="bbox 225 1886 1814 1963">
     <span class='ocr_line' id='line_1_17' title="bbox 225 1886 1814 1963; baseline 0 -22"><span class='ocrx_word' id='word_1_138' title='bbox 225 1888 454 1963; x_wconf 52' lang='grc' dir='ltr'><strong>περιῆν</strong></span> <span class='ocrx_word' id='word_1_139' title='bbox 485 1891 733 1947; x_wconf 79' lang='grc' dir='ltr'><strong>κινεῖται,</strong></span> <span class='ocrx_word' id='word_1_140' title='bbox 769 1886 867 1955; x_wconf 25' lang='grc' dir='ltr'><strong>καὶ,</strong></span> <span class='ocrx_word' id='word_1_141' title='bbox 896 1886 1033 1956; x_wconf 69' lang='grc' dir='ltr'><strong>πρὸς</strong></span> <span class='ocrx_word' id='word_1_142' title='bbox 1064 1886 1126 1939; x_wconf 93' lang='lat' dir='ltr'><strong>rb</strong></span> <span class='ocrx_word' id='word_1_143' title='bbox 1157 1890 1351 1952; x_wconf 81' lang='grc' dir='ltr'><strong>ποιεῖν,</strong></span> <span class='ocrx_word' id='word_1_144' title='bbox 1386 1886 1481 1941; x_wconf 81' lang='grc' dir='ltr'><strong>τοῦ</strong></span> <span class='ocrx_word' id='word_1_145' title='bbox 1515 1888 1684 1959; x_wconf 77' lang='grc' dir='ltr'><strong>ἡλίου,</strong></span> <span class='ocrx_word' id='word_1_146' title='bbox 1723 1891 1814 1945; x_wconf 81' lang='grc' dir='ltr'><strong>καὶ</strong></span> 
     </span>
    </p>
   </div>
   <div class='ocr_carea' id='block_1_18' title="bbox 223 1978 1811 2053">
    <p class='ocr_par' dir='ltr' id='par_1_18' title="bbox 223 1978 1811 2053">
     <span class='ocr_line' id='line_1_18' title="bbox 223 1978 1811 2053; baseline 0.001 -20"><span class='ocrx_word' id='word_1_147' title='bbox 223 1980 327 2050; x_wconf 73' lang='grc' dir='ltr'><strong>τῆς</strong></span> <span class='ocrx_word' id='word_1_148' title='bbox 362 1980 610 2051; x_wconf 78' lang='grc' dir='ltr'><strong>σελήνης,</strong></span> <span class='ocrx_word' id='word_1_149' title='bbox 647 1979 740 2031; x_wconf 69' lang='grc' dir='ltr'><strong>καὶ</strong></span> <span class='ocrx_word' id='word_1_150' title='bbox 773 1978 888 2031; x_wconf 83' lang='grc' dir='ltr'><strong>τῶν.</strong></span> <span class='ocrx_word' id='word_1_151' title='bbox 914 1978 1117 2032; x_wconf 82' lang='grc' dir='ltr'><strong>λοιπῶν</strong></span> <span class='ocrx_word' id='word_1_152' title='bbox 1150 1979 1386 2050; x_wconf 76' lang='grc' dir='ltr'><strong>ἄστρων,</strong></span> <span class='ocrx_word' id='word_1_153' title='bbox 1433 1980 1581 2033; x_wconf 69' lang='grc' dir='ltr'><strong>ἐστὶν</strong></span> <span class='ocrx_word' id='word_1_154' title='bbox 1613 1982 1811 2053; x_wconf 89' lang='grc' dir='ltr'><strong>ἀγένη-</strong></span> 
     </span>
    </p>
   </div>
   <div class='ocr_carea' id='block_1_19' title="bbox 223 2066 1809 2140">
    <p class='ocr_par' dir='ltr' id='par_1_19' title="bbox 223 2066 1809 2140">
     <span class='ocr_line' id='line_1_19' title="bbox 223 2066 1809 2140; baseline -0.001 -14"><span class='ocrx_word' id='word_1_155' title='bbox 223 2090 319 2135; x_wconf 77' lang='grc' dir='ltr'><strong>τος</strong></span> <span class='ocrx_word' id='word_1_156' title='bbox 345 2088 358 2136; x_wconf 89' lang='grc'>;</span> <span class='ocrx_word' id='word_1_157' title='bbox 382 2070 445 2125; x_wconf 79' lang='grc' dir='ltr'><strong>Εἰ</strong></span> <span class='ocrx_word' id='word_1_158' title='bbox 476 2070 572 2124; x_wconf 79' lang='grc' dir='ltr'><strong>τοῦ</strong></span> <span class='ocrx_word' id='word_1_159' title='bbox 598 2070 869 2139; x_wconf 79' lang='grc' dir='ltr'><strong>ἀγενήτου</strong></span> <span class='ocrx_word' id='word_1_160' title='bbox 894 2071 993 2123; x_wconf 83' lang='grc' dir='ltr'><strong>οὐκ</strong></span> <span class='ocrx_word' id='word_1_161' title='bbox 1028 2066 1153 2123; x_wconf 73' lang='grc' dir='ltr'><strong>ἐστι</strong></span> <span class='ocrx_word' id='word_1_162' title='bbox 1174 2070 1332 2139; x_wconf 86' lang='grc' dir='ltr'><strong>λόγος</strong></span> <span class='ocrx_word' id='word_1_163' title='bbox 1360 2072 1417 2123; x_wconf 84' lang='grc' dir='ltr'><strong>έν</strong></span> <span class='ocrx_word' id='word_1_164' title='bbox 1437 2070 1517 2140; x_wconf 83' lang='grc' dir='ltr'><strong>τῷ</strong></span> <span class='ocrx_word' id='word_1_165' title='bbox 1548 2071 1809 2137; x_wconf 82' lang='grc' dir='ltr'><strong>ποιοῦντι,</strong></span> 
     </span>
    </p>
   </div>
   <div class='ocr_carea' id='block_1_20' title="bbox 222 2160 1813 2233">
    <p class='ocr_par' dir='ltr' id='par_1_20' title="bbox 222 2160 1813 2233">
     <span class='ocr_line' id='line_1_20' title="bbox 222 2160 1813 2233; baseline 0 -19"><span class='ocrx_word' id='word_1_166' title='bbox 222 2162 365 2226; x_wconf 85' lang='grc' dir='ltr'><strong>πῶς,</strong></span> <span class='ocrx_word' id='word_1_167' title='bbox 401 2164 450 2215; x_wconf 78' lang='grc' dir='ltr'><strong>εί</strong></span> <span class='ocrx_word' id='word_1_168' title='bbox 479 2162 744 2233; x_wconf 81' lang='grc' dir='ltr'><strong>ἀγένητος</strong></span> <span class='ocrx_word' id='word_1_169' title='bbox 769 2162 797 2214; x_wconf 81' lang='grc' dir='ltr'>ὁ</span> <span class='ocrx_word' id='word_1_170' title='bbox 838 2161 1087 2231; x_wconf 70' lang='grc' dir='ltr'><strong>οὐρανὸς,</strong></span> <span class='ocrx_word' id='word_1_171' title='bbox 1120 2160 1231 2231; x_wconf 80' lang='grc' dir='ltr'><strong>ἔχει</strong></span> <span class='ocrx_word' id='word_1_172' title='bbox 1263 2160 1421 2229; x_wconf 83' lang='grc' dir='ltr'><strong>λόγον</strong></span> <span class='ocrx_word' id='word_1_173' title='bbox 1454 2161 1616 2214; x_wconf 87' lang='grc' dir='ltr'><strong>ἀῦλον</strong></span> <span class='ocrx_word' id='word_1_174' title='bbox 1645 2164 1704 2214; x_wconf 84' lang='grc' dir='ltr'><strong>ὲν</strong></span> <span class='ocrx_word' id='word_1_175' title='bbox 1733 2162 1813 2232; x_wconf 80' lang='grc' dir='ltr'><strong>τῷ</strong></span> 
     </span>
    </p>
   </div>
   <div class='ocr_carea' id='block_1_21' title="bbox 222 2248 1812 2324">
    <p class='ocr_par' dir='ltr' id='par_1_21' title="bbox 222 2248 1812 2324">
     <span class='ocr_line' id='line_1_21' title="bbox 222 2248 1812 2324; baseline 0 -19"><span class='ocrx_word' id='word_1_176' title='bbox 222 2248 487 2316; x_wconf 78' lang='grc' dir='ltr'><strong>ποιοῦντι,</strong></span> <span class='ocrx_word' id='word_1_177' title='bbox 529 2252 625 2305; x_wconf 75' lang='grc' dir='ltr'><strong>καὶ</strong></span> <span class='ocrx_word' id='word_1_178' title='bbox 671 2251 827 2319; x_wconf 83' lang='grc' dir='ltr'><strong>λόγον</strong></span> <span class='ocrx_word' id='word_1_179' title='bbox 860 2250 1041 2303; x_wconf 76' lang='grc' dir='ltr'><strong>ἐνυλον</strong></span> <span class='ocrx_word' id='word_1_180' title='bbox 1064 2254 1139 2324; x_wconf 36' lang='grc' dir='ltr'><strong>,ὲν</strong></span> <span class='ocrx_word' id='word_1_181' title='bbox 1180 2253 1246 2321; x_wconf 78' lang='grc' dir='ltr'><strong>τῇ</strong></span> <span class='ocrx_word' id='word_1_182' title='bbox 1298 2250 1397 2321; x_wconf 79' lang='grc' dir='ltr'><strong>ὕλῃ</strong></span> <span class='ocrx_word' id='word_1_183' title='bbox 1438 2250 1503 2303; x_wconf 88' lang='grc' dir='ltr'><strong>δι’</strong></span> <span class='ocrx_word' id='word_1_184' title='bbox 1537 2252 1595 2305; x_wconf 78' lang='grc' dir='ltr'><strong>ὃν</strong></span> <span class='ocrx_word' id='word_1_185' title='bbox 1628 2251 1812 2323; x_wconf 72' lang='grc' dir='ltr'><strong>ἕτερον</strong></span> 
     </span>
    </p>
   </div>
   <div class='ocr_carea' id='block_1_22' title="bbox 221 2336 1813 2413">
    <p class='ocr_par' dir='ltr' id='par_1_22' title="bbox 221 2336 1813 2413">
     <span class='ocr_line' id='line_1_22' title="bbox 221 2336 1813 2413; baseline 0 -18"><span class='ocrx_word' id='word_1_186' title='bbox 221 2343 286 2395; x_wconf 85' lang='lat' dir='ltr'><strong>rb</strong></span> <span class='ocrx_word' id='word_1_187' title='bbox 320 2342 531 2413; x_wconf 78' lang='grc' dir='ltr'><strong>οὐρανῷ</strong></span> <span class='ocrx_word' id='word_1_188' title='bbox 563 2338 699 2395; x_wconf 74' lang='grc' dir='ltr'><strong>εἶναι</strong></span> <span class='ocrx_word' id='word_1_189' title='bbox 727 2339 804 2410; x_wconf 85' lang='grc' dir='ltr'><strong>τῷ</strong></span> <span class='ocrx_word' id='word_1_190' title='bbox 838 2340 957 2393; x_wconf 83' lang='grc' dir='ltr'><strong>τόδε</strong></span> <span class='ocrx_word' id='word_1_191' title='bbox 992 2341 1220 2410; x_wconf 79' lang='grc' dir='ltr'><strong>οὐρανὸν</strong></span> <span class='ocrx_word' id='word_1_192' title='bbox 1254 2336 1393 2396; x_wconf 77' lang='grc' dir='ltr'><strong>εἶναι</strong></span> <span class='ocrx_word' id='word_1_193' title='bbox 1418 2357 1434 2405; x_wconf 90' lang='grc'>;</span> <span class='ocrx_word' id='word_1_194' title='bbox 1464 2342 1528 2393; x_wconf 80' lang='lat' dir='ltr'><strong>El</strong></span> <span class='ocrx_word' id='word_1_195' title='bbox 1561 2343 1620 2394; x_wconf 83' lang='grc' dir='ltr'><strong>οὐ</strong></span> <span class='ocrx_word' id='word_1_196' title='bbox 1654 2340 1813 2395; x_wconf 83' lang='grc' dir='ltr'><strong>δύνα-</strong></span> 
     </span>
    </p>
   </div>
   <div class='ocr_carea' id='block_1_23' title="bbox 208 2417 1813 2503">
    <p class='ocr_par' dir='ltr' id='par_1_23' title="bbox 208 2417 1813 2503">
     <span class='ocr_line' id='line_1_23' title="bbox 208 2417 1813 2503; baseline -0.001 -18"><span class='ocrx_word' id='word_1_197' title='bbox 208 2440 317 2487; x_wconf 61' lang='lat' dir='ltr'><strong>Arat</strong></span> <span class='ocrx_word' id='word_1_198' title='bbox 341 2436 376 2487; x_wconf 71' lang='grc' dir='ltr'><strong>ὁ</strong></span> <span class='ocrx_word' id='word_1_199' title='bbox 400 2433 625 2503; x_wconf 78' lang='grc' dir='ltr'><strong>οὐρανὸς</strong></span> <span class='ocrx_word' id='word_1_200' title='bbox 656 2433 881 2502; x_wconf 86' lang='grc' dir='ltr'><strong>ποιῆσαι</strong></span> <span class='ocrx_word' id='word_1_201' title='bbox 922 2433 990 2501; x_wconf 77' lang='grc' dir='ltr'><strong>τῇ</strong></span> <span class='ocrx_word' id='word_1_202' title='bbox 1033 2420 1283 2502; x_wconf 78' lang='grc' dir='ltr'><strong>βουλήσει</strong></span> <span class='ocrx_word' id='word_1_203' title='bbox 1315 2430 1351 2484; x_wconf 76' lang='grc' dir='ltr'><strong>ἀ</strong></span> <span class='ocrx_word' id='word_1_204' title='bbox 1384 2434 1527 2483; x_wconf 82' lang='grc' dir='ltr'><strong>ποιεῖ</strong></span> <span class='ocrx_word' id='word_1_205' title='bbox 1556 2417 1623 2502; x_wconf 72' lang='grc' dir='ltr'><strong>τῇ</strong></span> <span class='ocrx_word' id='word_1_206' title='bbox 1658 2434 1813 2503; x_wconf 85' lang='grc' dir='ltr'><strong>κινή-</strong></span> 
     </span>
    </p>
   </div>
   <div class='ocr_carea' id='block_1_24' title="bbox 223 2518 1811 2597">
    <p class='ocr_par' dir='ltr' id='par_1_24' title="bbox 223 2518 1811 2597">
     <span class='ocr_line' id='line_1_24' title="bbox 223 2518 1811 2597; baseline -0.001 -18"><span class='ocrx_word' id='word_1_207' title='bbox 223 2544 331 2587; x_wconf 85' lang='grc' dir='ltr'><strong>σει,</strong></span> <span class='ocrx_word' id='word_1_208' title='bbox 384 2526 502 2590; x_wconf 83' lang='grc' dir='ltr'><strong>πῶς</strong></span> <span class='ocrx_word' id='word_1_209' title='bbox 548 2526 681 2589; x_wconf 75' lang='grc' dir='ltr'><strong>Θεὸς</strong></span> <span class='ocrx_word' id='word_1_210' title='bbox 730 2518 887 2588; x_wconf 71' lang='grc' dir='ltr'><strong>οὗτος</strong></span> <span class='ocrx_word' id='word_1_211' title='bbox 928 2526 1119 2589; x_wconf 76' lang='grc' dir='ltr'><strong>ἀΐδιος,</strong></span> <span class='ocrx_word' id='word_1_212' title='bbox 1173 2525 1343 2588; x_wconf 79' lang='grc' dir='ltr'><strong>ἀΐδιον</strong></span> <span class='ocrx_word' id='word_1_213' title='bbox 1394 2524 1633 2595; x_wconf 80' lang='grc' dir='ltr'><strong>ἐνεργῶν</strong></span> <span class='ocrx_word' id='word_1_214' title='bbox 1667 2524 1811 2597; x_wconf 81' lang='grc' dir='ltr'><strong>ζωὴν</strong></span> 
     </span>
    </p>
   </div>
   <div class='ocr_carea' id='block_1_25' title="bbox 222 2615 1813 2687">
    <p class='ocr_par' dir='ltr' id='par_1_25' title="bbox 222 2615 1813 2687">
     <span class='ocr_line' id='line_1_25' title="bbox 222 2615 1813 2687; baseline -0.001 -17"><span class='ocrx_word' id='word_1_215' title='bbox 222 2617 567 2687; x_wconf 73' lang='grc' dir='ltr'><strong>ἀϐουλήτως,</strong></span> <span class='ocrx_word' id='word_1_216' title='bbox 601 2617 661 2669; x_wconf 80' lang='lat' dir='ltr'><strong>El</strong></span> <span class='ocrx_word' id='word_1_217' title='bbox 696 2619 753 2669; x_wconf 82' lang='grc' dir='ltr'><strong>ὲν</strong></span> <span class='ocrx_word' id='word_1_218' title='bbox 784 2618 897 2678; x_wconf 85' lang='grc' dir='ltr'><strong>τοῖς</strong></span> <span class='ocrx_word' id='word_1_219' title='bbox 930 2615 1121 2678; x_wconf 74' lang='grc' dir='ltr'><strong>ἀϊδίοις</strong></span> <span class='ocrx_word' id='word_1_220' title='bbox 1148 2616 1249 2667; x_wconf 80' lang='grc' dir='ltr'><strong>οὐκ</strong></span> <span class='ocrx_word' id='word_1_221' title='bbox 1287 2617 1500 2686; x_wconf 75' lang='grc' dir='ltr'><strong>ἐνεργεῖ</strong></span> <span class='ocrx_word' id='word_1_222' title='bbox 1530 2618 1557 2668; x_wconf 86' lang='grc' dir='ltr'>ὁ</span> <span class='ocrx_word' id='word_1_223' title='bbox 1585 2617 1813 2687; x_wconf 81' lang='grc' dir='ltr'><strong>οὐρανὸς</strong></span> 
     </span>
    </p>
   </div>
   <div class='ocr_carea' id='block_1_26' title="bbox 221 2696 1813 2779">
    <p class='ocr_par' dir='ltr' id='par_1_26' title="bbox 221 2696 1813 2779">
     <span class='ocr_line' id='line_1_26' title="bbox 221 2696 1813 2779; baseline 0 -19"><span class='ocrx_word' id='word_1_224' title='bbox 221 2709 323 2779; x_wconf 81' lang='grc' dir='ltr'><strong>τὴν</strong></span> <span class='ocrx_word' id='word_1_225' title='bbox 353 2709 567 2760; x_wconf 72' lang='grc' dir='ltr'><strong>αἰώνιον</strong></span> <span class='ocrx_word' id='word_1_226' title='bbox 597 2696 741 2779; x_wconf 74' lang='grc' dir='ltr'><strong>ζωήν</strong></span> <span class='ocrx_word' id='word_1_227' title='bbox 764 2723 778 2737; x_wconf 67' lang='grc' dir='ltr'>θ</span> <span class='ocrx_word' id='word_1_228' title='bbox 810 2706 994 2775; x_wconf 76' lang='grc' dir='ltr'><strong>ἔχουσι</strong></span> <span class='ocrx_word' id='word_1_229' title='bbox 1027 2706 1135 2777; x_wconf 77' lang='grc' dir='ltr'><strong>γὰρ</strong></span> <span class='ocrx_word' id='word_1_230' title='bbox 1154 2705 1358 2777; x_wconf 85' lang='grc' dir='ltr'><strong>ταύτην</strong></span> <span class='ocrx_word' id='word_1_231' title='bbox 1393 2709 1457 2759; x_wconf 78' lang='grc' dir='ltr'><strong>ὲκ</strong></span> <span class='ocrx_word' id='word_1_232' title='bbox 1479 2707 1581 2776; x_wconf 68' lang='grc' dir='ltr'><strong>τῆς</strong></span> <span class='ocrx_word' id='word_1_233' title='bbox 1606 2708 1813 2771; x_wconf 79' lang='grc' dir='ltr'><strong>οἰκείας</strong></span> 
     </span>
    </p>
   </div>
   <div class='ocr_carea' id='block_1_27' title="bbox 220 2791 1806 2872">
    <p class='ocr_par' dir='ltr' id='par_1_27' title="bbox 220 2791 1806 2872">
     <span class='ocr_line' id='line_1_27' title="bbox 220 2791 1806 2872; baseline -0.001 -17"><span class='ocrx_word' id='word_1_234' title='bbox 220 2791 473 2872; x_wconf 68' lang='grc' dir='ltr'><strong>φύσεωςθ</strong></span> <span class='ocrx_word' id='word_1_235' title='bbox 511 2800 580 2853; x_wconf 90' lang='grc' dir='ltr'><strong>τά</strong></span> <span class='ocrx_word' id='word_1_236' title='bbox 608 2799 811 2869; x_wconf 86' lang='grc' dir='ltr'><strong>γενητά</strong></span> <span class='ocrx_word' id='word_1_237' title='bbox 840 2800 897 2852; x_wconf 78' lang='grc' dir='ltr'><strong>δὲ</strong></span> <span class='ocrx_word' id='word_1_238' title='bbox 930 2796 1024 2852; x_wconf 74' lang='grc' dir='ltr'><strong>καὶ</strong></span> <span class='ocrx_word' id='word_1_239' title='bbox 1053 2799 1267 2870; x_wconf 84' lang='grc' dir='ltr'><strong>φθαρτὰ</strong></span> <span class='ocrx_word' id='word_1_240' title='bbox 1299 2800 1530 2863; x_wconf 84' lang='grc' dir='ltr'><strong>αίωνίως</strong></span> <span class='ocrx_word' id='word_1_241' title='bbox 1553 2800 1611 2853; x_wconf 80' lang='grc' dir='ltr'><strong>οὐ</strong></span> <span class='ocrx_word' id='word_1_242' title='bbox 1645 2798 1806 2863; x_wconf 81' lang='grc' dir='ltr'><strong>ζῶσι·</strong></span> 
     </span>
    </p>
   </div>
   <div class='ocr_carea' id='block_1_28' title="bbox 220 2892 1813 2964">
    <p class='ocr_par' dir='ltr' id='par_1_28' title="bbox 220 2892 1813 2964">
     <span class='ocr_line' id='line_1_28' title="bbox 220 2892 1813 2964; baseline -0.008 -17"><span class='ocrx_word' id='word_1_243' title='bbox 220 2894 332 2947; x_wconf 78' lang='grc' dir='ltr'><strong>ποῦ</strong></span> <span class='ocrx_word' id='word_1_244' title='bbox 364 2895 397 2964; x_wconf 81' lang='grc' dir='ltr'>ἡ</span> <span class='ocrx_word' id='word_1_245' title='bbox 426 2893 640 2955; x_wconf 76' lang='grc' dir='ltr'><strong>αἰώνιος</strong></span> <span class='ocrx_word' id='word_1_246' title='bbox 672 2892 805 2963; x_wconf 77' lang='grc' dir='ltr'><strong>ζωὴ,</strong></span> <span class='ocrx_word' id='word_1_247' title='bbox 837 2892 905 2961; x_wconf 76' lang='grc' dir='ltr'><strong>ἠν</strong></span> <span class='ocrx_word' id='word_1_248' title='bbox 933 2892 1147 2962; x_wconf 80' lang='grc' dir='ltr'><strong>ἐνεργεῖ</strong></span> <span class='ocrx_word' id='word_1_249' title='bbox 1173 2895 1200 2945; x_wconf 86' lang='grc' dir='ltr'>ὁ</span> <span class='ocrx_word' id='word_1_250' title='bbox 1223 2893 1479 2963; x_wconf 72' lang='grc' dir='ltr'><strong>οὐρανόςς</strong></span> <span class='ocrx_word' id='word_1_251' title='bbox 1513 2893 1576 2946; x_wconf 75' lang='lat' dir='ltr'><strong>El</strong></span> <span class='ocrx_word' id='word_1_252' title='bbox 1607 2893 1690 2964; x_wconf 68' lang='grc' dir='ltr'><strong>μὴ.</strong></span> <span class='ocrx_word' id='word_1_253' title='bbox 1715 2895 1813 2963; x_wconf 72' lang='grc' dir='ltr'><strong>μά-</strong></span> 
     </span>
    </p>
   </div>
   <div class='ocr_carea' id='block_1_29' title="bbox 230 2984 1811 3058">
    <p class='ocr_par' dir='ltr' id='par_1_29' title="bbox 230 2984 1811 3058">
     <span class='ocr_line' id='line_1_29' title="bbox 230 2984 1811 3058; baseline -0.004 -17"><span class='ocrx_word' id='word_1_254' title='bbox 230 3004 318 3042; x_wconf 69' lang='grc' dir='ltr'><strong>θον</strong></span> <span class='ocrx_word' id='word_1_255' title='bbox 345 2987 480 3058; x_wconf 72' lang='grc' dir='ltr'><strong>πρὸς</strong></span> <span class='ocrx_word' id='word_1_256' title='bbox 502 2986 713 3053; x_wconf 89' lang='grc' dir='ltr'><strong>γένεσιν</strong></span> <span class='ocrx_word' id='word_1_257' title='bbox 742 2986 851 3038; x_wconf 89' lang='grc' dir='ltr'><strong>τῶν</strong></span> <span class='ocrx_word' id='word_1_258' title='bbox 876 2985 1235 3054; x_wconf 84' lang='grc' dir='ltr'><strong>γιγνομένων,</strong></span> <span class='ocrx_word' id='word_1_259' title='bbox 1270 2984 1406 3037; x_wconf 89' lang='grc' dir='ltr'><strong>ἀλλά</strong></span> <span class='ocrx_word' id='word_1_260' title='bbox 1436 2986 1529 3038; x_wconf 71' lang='grc' dir='ltr'><strong>καὶ</strong></span> <span class='ocrx_word' id='word_1_261' title='bbox 1557 2984 1694 3056; x_wconf 72' lang='grc' dir='ltr'><strong>πρὸς</strong></span> <span class='ocrx_word' id='word_1_262' title='bbox 1712 2985 1811 3055; x_wconf 81' lang='grc' dir='ltr'><strong>τὴν</strong></span> 
     </span>
    </p>
   </div>
   <div class='ocr_carea' id='block_1_30' title="bbox 217 3073 1808 3147">
    <p class='ocr_par' dir='ltr' id='par_1_30' title="bbox 217 3073 1808 3147">
     <span class='ocr_line' id='line_1_30' title="bbox 217 3073 1808 3147; baseline -0.003 -15"><span class='ocrx_word' id='word_1_263' title='bbox 217 3079 334 3132; x_wconf 85' lang='grc' dir='ltr'><strong>τῶν</strong></span> <span class='ocrx_word' id='word_1_264' title='bbox 364 3077 731 3147; x_wconf 83' lang='grc' dir='ltr'><strong>φθειρομένων</strong></span> <span class='ocrx_word' id='word_1_265' title='bbox 769 3076 811 3107; x_wconf 74' lang='grc'><strong>’³</strong></span> <span class='ocrx_word' id='word_1_266' title='bbox 843 3075 1088 3146; x_wconf 79' lang='grc' dir='ltr'><strong>χρησίμη</strong></span> <span class='ocrx_word' id='word_1_267' title='bbox 1118 3077 1153 3146; x_wconf 79' lang='grc' dir='ltr'><strong>ἡ</strong></span> <span class='ocrx_word' id='word_1_268' title='bbox 1182 3073 1276 3128; x_wconf 80' lang='grc' dir='ltr'><strong>τοῦ</strong></span> <span class='ocrx_word' id='word_1_269' title='bbox 1309 3074 1539 3145; x_wconf 79' lang='grc' dir='ltr'><strong>οὐρανοῦ</strong></span> <span class='ocrx_word' id='word_1_270' title='bbox 1561 3076 1775 3145; x_wconf 82' lang='grc' dir='ltr'><strong>κίνησις</strong></span> <span class='ocrx_word' id='word_1_271' title='bbox 1794 3091 1808 3105; x_wconf 87' lang='grc'><strong>·</strong></span> 
     </span>
    </p>
   </div>
   <div class='ocr_carea' id='block_1_31' title="bbox 1915 589 3501 661">
    <p class='ocr_par' dir='ltr' id='par_1_31' title="bbox 1915 589 3501 661">
     <span class='ocr_line' id='line_1_31' title="bbox 1915 589 3501 661; baseline 0.006 -19"><span class='ocrx_word' id='word_1_272' title='bbox 1915 589 2062 643; x_wconf 83' lang='lat' dir='ltr'><strong>niam</strong></span> <span class='ocrx_word' id='word_1_273' title='bbox 2091 601 2270 645; x_wconf 88' lang='lat' dir='ltr'><strong>autem</strong></span> <span class='ocrx_word' id='word_1_274' title='bbox 2301 593 2502 646; x_wconf 61' lang='lat' dir='ltr'><strong>malum</strong></span> <span class='ocrx_word' id='word_1_275' title='bbox 2538 602 2623 647; x_wconf 89' lang='lat' dir='ltr'><strong>est</strong></span> <span class='ocrx_word' id='word_1_276' title='bbox 2647 594 2941 661; x_wconf 84' lang='lat' dir='ltr'><strong>ejusmodi,</strong></span> <span class='ocrx_word' id='word_1_277' title='bbox 2971 602 3057 648; x_wconf 85' lang='grc' dir='ltr'><strong>εει</strong></span> <span class='ocrx_word' id='word_1_278' title='bbox 3076 596 3223 648; x_wconf 91' lang='lat' dir='ltr'><strong>enim</strong></span> <span class='ocrx_word' id='word_1_279' title='bbox 3254 596 3501 652; x_wconf 83' lang='lat' dir='ltr'><strong>divinum</strong></span> 
     </span>
    </p>
   </div>
   <div class='ocr_carea' id='block_1_32' title="bbox 1914 681 3500 754">
    <p class='ocr_par' dir='ltr' id='par_1_32' title="bbox 1914 681 3500 754">
     <span class='ocr_line' id='line_1_32' title="bbox 1914 681 3500 754; baseline 0.007 -22"><span class='ocrx_word' id='word_1_280' title='bbox 1914 681 2187 751; x_wconf 83' lang='lat' dir='ltr'><strong>quoddam</strong></span> <span class='ocrx_word' id='word_1_281' title='bbox 2238 697 2462 753; x_wconf 86' lang='lat' dir='ltr'><strong>corpus,</strong></span> <span class='ocrx_word' id='word_1_282' title='bbox 2506 693 2795 754; x_wconf 88' lang='lat' dir='ltr'><strong>pr0pterea</strong></span> <span class='ocrx_word' id='word_1_283' title='bbox 2841 687 3140 749; x_wconf 80' lang='lat' dir='ltr'><strong>rotundum</strong></span> <span class='ocrx_word' id='word_1_284' title='bbox 3178 687 3500 745; x_wconf 72' lang='lat' dir='ltr'><strong>babet&#39;cor-</strong></span> 
     </span>
    </p>
   </div>
   <div class='ocr_carea' id='block_1_33' title="bbox 1953 773 3104 842">
    <p class='ocr_par' dir='ltr' id='par_1_33' title="bbox 1953 773 3104 842">
     <span class='ocr_line' id='line_1_33' title="bbox 1953 773 3104 842; baseline 0.006 -17"><span class='ocrx_word' id='word_1_285' title='bbox 1953 787 2041 835; x_wconf 88' lang='lat' dir='ltr'><strong>us,</strong></span> <span class='ocrx_word' id='word_1_286' title='bbox 2071 773 2219 842; x_wconf 85' lang='lat' dir='ltr'><strong>quod</strong></span> <span class='ocrx_word' id='word_1_287' title='bbox 2250 783 2445 828; x_wconf 90' lang='lat' dir='ltr'><strong>natura</strong></span> <span class='ocrx_word' id='word_1_288' title='bbox 2474 775 2529 829; x_wconf 92' lang='lat' dir='ltr'><strong>in</strong></span> <span class='ocrx_word' id='word_1_289' title='bbox 2560 778 2748 831; x_wconf 88' lang='lat' dir='ltr'><strong>orbem</strong></span> <span class='ocrx_word' id='word_1_290' title='bbox 2773 789 3043 833; x_wconf 72' lang='lat' dir='ltr'><strong>movetur.</strong></span> <span class='ocrx_word' id='word_1_291' title='bbox 3084 799 3104 832; x_wconf 71' lang='grc' dir='ltr'><strong>ι</strong></span> 
     </span>
    </p>
   </div>
   <div class='ocr_carea' id='block_1_34' title="bbox 1988 861 3499 935">
    <p class='ocr_par' dir='ltr' id='par_1_34' title="bbox 1988 861 3499 935">
     <span class='ocr_line' id='line_1_34' title="bbox 1988 861 3499 935; baseline 0.007 -18"><span class='ocrx_word' id='word_1_292' title='bbox 1988 861 2375 935; x_wconf 79' lang='lat' dir='ltr'><strong>Silngenitum</strong></span> <span class='ocrx_word' id='word_1_293' title='bbox 2400 874 2453 921; x_wconf 87' lang='lat' dir='ltr'><strong>et</strong></span> <span class='ocrx_word' id='word_1_294' title='bbox 2480 876 2745 922; x_wconf 69' lang='lat' dir='ltr'><strong>aeternum</strong></span> <span class='ocrx_word' id='word_1_295' title='bbox 2774 870 2980 924; x_wconf 87' lang='lat' dir='ltr'><strong>nullam</strong></span> <span class='ocrx_word' id='word_1_296' title='bbox 3004 866 3169 926; x_wconf 86' lang='lat' dir='ltr'><strong>habet</strong></span> <span class='ocrx_word' id='word_1_297' title='bbox 3190 887 3293 927; x_wconf 90' lang='lat' dir='ltr'><strong>cur</strong></span> <span class='ocrx_word' id='word_1_298' title='bbox 3335 875 3499 928; x_wconf 78' lang='lat' dir='ltr'><strong>exsi-</strong></span> 
     </span>
    </p>
   </div>
   <div class='ocr_carea' id='block_1_35' title="bbox 1916 962 3502 1037">
    <p class='ocr_par' dir='ltr' id='par_1_35' title="bbox 1916 962 3502 1037">
     <span class='ocr_line' id='line_1_35' title="bbox 1916 962 3502 1037; baseline 0.006 -27"><span class='ocrx_word' id='word_1_299' title='bbox 1916 962 2023 1010; x_wconf 91' lang='lat' dir='ltr'><strong>stat</strong></span> <span class='ocrx_word' id='word_1_300' title='bbox 2048 969 2295 1020; x_wconf 84' lang='lat' dir='ltr'><strong>causam,</strong></span> <span class='ocrx_word' id='word_1_301' title='bbox 2319 973 2552 1027; x_wconf 89' lang='lat' dir='ltr'><strong>quorum</strong></span> <span class='ocrx_word' id='word_1_302' title='bbox 2579 968 2761 1014; x_wconf 86' lang='lat' dir='ltr'><strong>autem</strong></span> <span class='ocrx_word' id='word_1_303' title='bbox 2786 976 2926 1029; x_wconf 88' lang='lat' dir='ltr'><strong>opus</strong></span> <span class='ocrx_word' id='word_1_304' title='bbox 2950 972 3150 1027; x_wconf 79' lang='lat' dir='ltr'><strong>exstat,</strong></span> <span class='ocrx_word' id='word_1_305' title='bbox 3180 979 3245 1018; x_wconf 90' lang='lat' dir='ltr'><strong>ea</strong></span> <span class='ocrx_word' id='word_1_306' title='bbox 3275 974 3502 1037; x_wconf 80' lang='lat' dir='ltr'><strong>propter</strong></span> 
     </span>
    </p>
   </div>
   <div class='ocr_carea' id='block_1_36' title="bbox 1915 1054 3498 1128">
    <p class='ocr_par' dir='ltr' id='par_1_36' title="bbox 1915 1054 3498 1128">
     <span class='ocr_line' id='line_1_36' title="bbox 1915 1054 3498 1128; baseline 0.009 -30"><span class='ocrx_word' id='word_1_307' title='bbox 1915 1060 2057 1114; x_wconf 89' lang='lat' dir='ltr'><strong>opus</strong></span> <span class='ocrx_word' id='word_1_308' title='bbox 2089 1054 2251 1113; x_wconf 87' lang='lat' dir='ltr'><strong>sunt;</strong></span> <span class='ocrx_word' id='word_1_309' title='bbox 2288 1062 2395 1102; x_wconf 91' lang='lat' dir='ltr'><strong>non</strong></span> <span class='ocrx_word' id='word_1_310' title='bbox 2428 1065 2560 1119; x_wconf 79' lang='lat' dir='ltr'><strong>ergo</strong></span> <span class='ocrx_word' id='word_1_311' title='bbox 2578 1063 2804 1116; x_wconf 66' lang='lat' dir='ltr'><strong>aeterna,</strong></span> <span class='ocrx_word' id='word_1_312' title='bbox 2830 1062 3062 1123; x_wconf 87' lang='lat' dir='ltr'><strong>quorum</strong></span> <span class='ocrx_word' id='word_1_313' title='bbox 3082 1055 3244 1126; x_wconf 77' lang='lat'><strong>575</strong></span> <span class='ocrx_word' id='word_1_314' title='bbox 3259 1073 3423 1128; x_wconf 81' lang='lat' dir='ltr'><strong>opera</strong></span> <span class='ocrx_word' id='word_1_315' title='bbox 3444 1059 3498 1113; x_wconf 90' lang='lat' dir='ltr'><strong>in</strong></span> 
     </span>
    </p>
   </div>
   <div class='ocr_carea' id='block_1_37' title="bbox 1916 1141 3501 1221">
    <p class='ocr_par' dir='ltr' id='par_1_37' title="bbox 1916 1141 3501 1221">
     <span class='ocr_line' id='line_1_37' title="bbox 1916 1141 3501 1221; baseline 0.01 -30"><span class='ocrx_word' id='word_1_316' title='bbox 1916 1152 2082 1192; x_wconf 86' lang='lat' dir='ltr'><strong>causa</strong></span> <span class='ocrx_word' id='word_1_317' title='bbox 2108 1146 2239 1192; x_wconf 89' lang='lat' dir='ltr'><strong>sunt</strong></span> <span class='ocrx_word' id='word_1_318' title='bbox 2268 1153 2369 1193; x_wconf 88' lang='lat' dir='ltr'><strong>cur</strong></span> <span class='ocrx_word' id='word_1_319' title='bbox 2400 1141 2688 1197; x_wconf 81' lang='lat' dir='ltr'><strong>exsistant.</strong></span> <span class='ocrx_word' id='word_1_320' title='bbox 2724 1142 2781 1197; x_wconf 89' lang='lat' dir='ltr'><strong>Si</strong></span> <span class='ocrx_word' id='word_1_321' title='bbox 2804 1144 3232 1202; x_wconf 82' lang='lat' dir='ltr'><strong>inanimatorum</strong></span> <span class='ocrx_word' id='word_1_322' title='bbox 3258 1157 3345 1205; x_wconf 87' lang='lat' dir='ltr'><strong>est</strong></span> <span class='ocrx_word' id='word_1_323' title='bbox 3361 1166 3501 1221; x_wconf 64' lang='lat' dir='ltr'><strong>prae-</strong></span> 
     </span>
    </p>
   </div>
   <div class='ocr_carea' id='block_1_38' title="bbox 1915 1230 3500 1307">
    <p class='ocr_par' dir='ltr' id='par_1_38' title="bbox 1915 1230 3500 1307">
     <span class='ocr_line' id='line_1_38' title="bbox 1915 1230 3500 1307; baseline 0.011 -27"><span class='ocrx_word' id='word_1_324' title='bbox 1915 1230 2089 1281; x_wconf 87' lang='lat' dir='ltr'><strong>sentia</strong></span> <span class='ocrx_word' id='word_1_325' title='bbox 2125 1236 2333 1283; x_wconf 84' lang='lat' dir='ltr'><strong>tantum</strong></span> <span class='ocrx_word' id='word_1_326' title='bbox 2366 1231 2629 1301; x_wconf 89' lang='lat' dir='ltr'><strong>perﬁcere</strong></span> <span class='ocrx_word' id='word_1_327' title='bbox 2659 1236 2944 1290; x_wconf 85' lang='lat' dir='ltr'><strong>naturales</strong></span> <span class='ocrx_word' id='word_1_328' title='bbox 2988 1240 3365 1307; x_wconf 88' lang='lat' dir='ltr'><strong>operationes,</strong></span> <span class='ocrx_word' id='word_1_329' title='bbox 3410 1258 3500 1296; x_wconf 83' lang='lat' dir='ltr'><strong>ra—</strong></span> 
     </span>
    </p>
   </div>
   <div class='ocr_carea' id='block_1_39' title="bbox 1914 1320 3497 1398">
    <p class='ocr_par' dir='ltr' id='par_1_39' title="bbox 1914 1320 3497 1398">
     <span class='ocr_line' id='line_1_39' title="bbox 1914 1320 3497 1398; baseline 0.01 -26"><span class='ocrx_word' id='word_1_330' title='bbox 1914 1320 2065 1375; x_wconf 85' lang='lat' dir='ltr'><strong>tione</strong></span> <span class='ocrx_word' id='word_1_331' title='bbox 2088 1329 2268 1375; x_wconf 85' lang='lat' dir='ltr'><strong>autem</strong></span> <span class='ocrx_word' id='word_1_332' title='bbox 2312 1324 2604 1391; x_wconf 81' lang='lat' dir='ltr'><strong>utentium,</strong></span> <span class='ocrx_word' id='word_1_333' title='bbox 2630 1320 2953 1383; x_wconf 50' lang='lat' dir='ltr'><strong>&#39;voluntate:</strong></span> <span class='ocrx_word' id='word_1_334' title='bbox 2986 1332 3263 1398; x_wconf 83' lang='lat' dir='ltr'><strong>quomodo</strong></span> <span class='ocrx_word' id='word_1_335' title='bbox 3295 1334 3497 1388; x_wconf 72' lang='lat' dir='ltr'><strong>coelum</strong></span> 
     </span>
    </p>
   </div>
   <div class='ocr_carea' id='block_1_40' title="bbox 1916 1402 3501 1487">
    <p class='ocr_par' dir='ltr' id='par_1_40' title="bbox 1916 1402 3501 1487">
     <span class='ocr_line' id='line_1_40' title="bbox 1916 1402 3501 1487; baseline 0.011 -25"><span class='ocrx_word' id='word_1_336' title='bbox 1916 1409 2059 1466; x_wconf 87' lang='lat' dir='ltr'><strong>Deus</strong></span> <span class='ocrx_word' id='word_1_337' title='bbox 2088 1419 2193 1477; x_wconf 82' lang='lat' dir='ltr'><strong>est,</strong></span> <span class='ocrx_word' id='word_1_338' title='bbox 2228 1414 2375 1482; x_wconf 87' lang='lat' dir='ltr'><strong>quod</strong></span> <span class='ocrx_word' id='word_1_339' title='bbox 2405 1430 2516 1469; x_wconf 88' lang='lat' dir='ltr'><strong>non</strong></span> <span class='ocrx_word' id='word_1_340' title='bbox 2551 1418 2835 1472; x_wconf 84' lang='lat' dir='ltr'><strong>voluntate</strong></span> <span class='ocrx_word' id='word_1_341' title='bbox 2864 1430 3127 1487; x_wconf 85' lang='lat' dir='ltr'><strong>operatur</strong></span> <span class='ocrx_word' id='word_1_342' title='bbox 3164 1402 3501 1479; x_wconf 86' lang='lat' dir='ltr'><strong>immortali--</strong></span> 
     </span>
    </p>
   </div>
   <div class='ocr_carea' id='block_1_41' title="bbox 1916 1505 3498 1583">
    <p class='ocr_par' dir='ltr' id='par_1_41' title="bbox 1916 1505 3498 1583">
     <span class='ocr_line' id='line_1_41' title="bbox 1916 1505 3498 1583; baseline 0.011 -30"><span class='ocrx_word' id='word_1_343' title='bbox 1916 1509 2107 1569; x_wconf 85' lang='lat' dir='ltr'><strong>tatem,</strong></span> <span class='ocrx_word' id='word_1_344' title='bbox 2138 1505 2231 1558; x_wconf 89' lang='lat' dir='ltr'><strong>sed</strong></span> <span class='ocrx_word' id='word_1_345' title='bbox 2258 1513 2411 1560; x_wconf 90' lang='lat' dir='ltr'><strong>motu</strong></span> <span class='ocrx_word' id='word_1_346' title='bbox 2441 1516 2494 1561; x_wconf 93' lang='lat' dir='ltr'><strong>et</strong></span> <span class='ocrx_word' id='word_1_347' title='bbox 2518 1508 2755 1577; x_wconf 90' lang='lat' dir='ltr'><strong>partium</strong></span> <span class='ocrx_word' id='word_1_348' title='bbox 2788 1525 3014 1565; x_wconf 80' lang='lat' dir='ltr'><strong>suarum</strong></span> <span class='ocrx_word' id='word_1_349' title='bbox 3040 1514 3405 1583; x_wconf 73' lang='lat' dir='ltr'><strong>migratione?</strong></span> <span class='ocrx_word' id='word_1_350' title='bbox 3440 1514 3498 1571; x_wconf 88' lang='lat' dir='ltr'><strong>Si</strong></span> 
     </span>
    </p>
   </div>
   <div class='ocr_carea' id='block_1_42' title="bbox 1917 1592 3500 1670">
    <p class='ocr_par' dir='ltr' id='par_1_42' title="bbox 1917 1592 3500 1670">
     <span class='ocr_line' id='line_1_42' title="bbox 1917 1592 3500 1670; baseline 0.011 -26"><span class='ocrx_word' id='word_1_351' title='bbox 1917 1592 2215 1662; x_wconf 79' lang='lat' dir='ltr'><strong>ingenitum</strong></span> <span class='ocrx_word' id='word_1_352' title='bbox 2249 1612 2427 1667; x_wconf 90' lang='lat' dir='ltr'><strong>neque</strong></span> <span class='ocrx_word' id='word_1_353' title='bbox 2450 1606 2510 1652; x_wconf 90' lang='lat' dir='ltr'><strong>ut</strong></span> <span class='ocrx_word' id='word_1_354' title='bbox 2550 1599 2641 1663; x_wconf 86' lang='lat' dir='ltr'><strong>sit,</strong></span> <span class='ocrx_word' id='word_1_355' title='bbox 2684 1616 2861 1669; x_wconf 85' lang='lat' dir='ltr'><strong>neque</strong></span> <span class='ocrx_word' id='word_1_356' title='bbox 2892 1608 2952 1654; x_wconf 89' lang='lat' dir='ltr'><strong>ut</strong></span> <span class='ocrx_word' id='word_1_357' title='bbox 2996 1613 3255 1670; x_wconf 86' lang='lat' dir='ltr'><strong>operetur</strong></span> <span class='ocrx_word' id='word_1_358' title='bbox 3292 1607 3403 1660; x_wconf 79' lang='lat' dir='ltr'><strong>ulla</strong></span> <span class='ocrx_word' id='word_1_359' title='bbox 3440 1623 3500 1662; x_wconf 85' lang='lat' dir='ltr'><strong>re</strong></span> 
     </span>
    </p>
   </div>
   <div class='ocr_carea' id='block_1_43' title="bbox 1917 1686 3499 1769">
    <p class='ocr_par' dir='ltr' id='par_1_43' title="bbox 1917 1686 3499 1769">
     <span class='ocr_line' id='line_1_43' title="bbox 1917 1686 3499 1769; baseline 0.01 -30"><span class='ocrx_word' id='word_1_360' title='bbox 1917 1686 2144 1757; x_wconf 79' lang='lat' dir='ltr'><strong>indiget,</strong></span> <span class='ocrx_word' id='word_1_361' title='bbox 2187 1704 2287 1743; x_wconf 87' lang='lat' dir='ltr'><strong>nec</strong></span> <span class='ocrx_word' id='word_1_362' title='bbox 2318 1690 2648 1759; x_wconf 88' lang='lat' dir='ltr'><strong>cujusquam</strong></span> <span class='ocrx_word' id='word_1_363' title='bbox 2680 1694 2927 1764; x_wconf 71' lang='lat' dir='ltr'><strong>extranei</strong></span> <span class='ocrx_word' id='word_1_364' title='bbox 2957 1696 3308 1764; x_wconf 69' lang='lat' dir='ltr'><strong>adiumento:</strong></span> <span class='ocrx_word' id='word_1_365' title='bbox 3361 1717 3499 1769; x_wconf 89' lang='lat' dir='ltr'><strong>quo-</strong></span> 
     </span>
    </p>
   </div>
   <div class='ocr_carea' id='block_1_44' title="bbox 1915 1774 3498 1859">
    <p class='ocr_par' dir='ltr' id='par_1_44' title="bbox 1915 1774 3498 1859">
     <span class='ocr_line' id='line_1_44' title="bbox 1915 1774 3498 1859; baseline 0.009 -29"><span class='ocrx_word' id='word_1_366' title='bbox 1915 1774 2080 1833; x_wconf 79' lang='lat' dir='ltr'><strong>niodo</strong></span> <span class='ocrx_word' id='word_1_367' title='bbox 2121 1781 2347 1851; x_wconf 63' lang='lat' dir='ltr'><strong>coelum,</strong></span> <span class='ocrx_word' id='word_1_368' title='bbox 2373 1782 2605 1851; x_wconf 88' lang='lat' dir='ltr'><strong>quod-et</strong></span> <span class='ocrx_word' id='word_1_369' title='bbox 2636 1792 2695 1839; x_wconf 91' lang='lat' dir='ltr'><strong>ut</strong></span> <span class='ocrx_word' id='word_1_370' title='bbox 2726 1787 2928 1841; x_wconf 91' lang='lat' dir='ltr'><strong>mobile</strong></span> <span class='ocrx_word' id='word_1_371' title='bbox 2961 1790 3055 1853; x_wconf 91' lang='lat' dir='ltr'><strong>sit,</strong></span> <span class='ocrx_word' id='word_1_372' title='bbox 3117 1789 3326 1859; x_wconf 77' lang='lat' dir='ltr'><strong>indiget</strong></span> <span class='ocrx_word' id='word_1_373' title='bbox 3346 1802 3498 1847; x_wconf 87' lang='lat' dir='ltr'><strong>terra</strong></span> 
     </span>
    </p>
   </div>
   <div class='ocr_carea' id='block_1_45' title="bbox 1850 1870 3499 1946">
    <p class='ocr_par' dir='ltr' id='par_1_45' title="bbox 1850 1870 3499 1946">
     <span class='ocr_line' id='line_1_45' title="bbox 1850 1870 3499 1946; baseline 0.008 -24"><span class='ocrx_word' id='word_1_374' title='bbox 1850 1870 1889 1922; x_wconf 80' lang='grc' dir='ltr'><strong>Β</strong></span> <span class='ocrx_word' id='word_1_375' title='bbox 1920 1870 2067 1924; x_wconf 90' lang='lat' dir='ltr'><strong>circa</strong></span> <span class='ocrx_word' id='word_1_376' title='bbox 2086 1887 2260 1941; x_wconf 87' lang='lat' dir='ltr'><strong>quam</strong></span> <span class='ocrx_word' id='word_1_377' title='bbox 2286 1882 2559 1938; x_wconf 88' lang='lat' dir='ltr'><strong>movetur,</strong></span> <span class='ocrx_word' id='word_1_378' title='bbox 2592 1883 2647 1931; x_wconf 88' lang='lat' dir='ltr'><strong>et</strong></span> <span class='ocrx_word' id='word_1_379' title='bbox 2674 1885 2733 1929; x_wconf 90' lang='lat' dir='ltr'><strong>ut</strong></span> <span class='ocrx_word' id='word_1_380' title='bbox 2758 1873 3038 1946; x_wconf 81' lang='lat' dir='ltr'><strong>operetur,</strong></span> <span class='ocrx_word' id='word_1_381' title='bbox 3066 1880 3181 1934; x_wconf 89' lang='lat' dir='ltr'><strong>sole</strong></span> <span class='ocrx_word' id='word_1_382' title='bbox 3212 1890 3265 1935; x_wconf 88' lang='lat' dir='ltr'><strong>et</strong></span> <span class='ocrx_word' id='word_1_383' title='bbox 3293 1882 3420 1935; x_wconf 88' lang='lat' dir='ltr'><strong>luna</strong></span> <span class='ocrx_word' id='word_1_384' title='bbox 3446 1890 3499 1937; x_wconf 82' lang='lat' dir='ltr'><strong>et</strong></span> 
     </span>
    </p>
   </div>
   <div class='ocr_carea' id='block_1_46' title="bbox 1917 1958 3500 2040">
    <p class='ocr_par' dir='ltr' id='par_1_46' title="bbox 1917 1958 3500 2040">
     <span class='ocr_line' id='line_1_46' title="bbox 1917 1958 3500 2040; baseline 0.009 -26"><span class='ocrx_word' id='word_1_385' title='bbox 1917 1962 2145 2031; x_wconf 87' lang='lat' dir='ltr'><strong>reliquis</strong></span> <span class='ocrx_word' id='word_1_386' title='bbox 2168 1965 2356 2030; x_wconf 86' lang='lat' dir='ltr'><strong>astris,</strong></span> <span class='ocrx_word' id='word_1_387' title='bbox 2381 1958 2683 2035; x_wconf 73' lang='lat' dir='ltr'><strong>ingenitum</strong></span> <span class='ocrx_word' id='word_1_388' title='bbox 2718 1968 2836 2021; x_wconf 86' lang='lat' dir='ltr'><strong>est?</strong></span> <span class='ocrx_word' id='word_1_389' title='bbox 2868 1968 2927 2021; x_wconf 91' lang='lat' dir='ltr'><strong>Si</strong></span> <span class='ocrx_word' id='word_1_390' title='bbox 2980 1968 3207 2040; x_wconf 79' lang='lat' dir='ltr'><strong>ingeniti</strong></span> <span class='ocrx_word' id='word_1_391' title='bbox 3254 1988 3365 2025; x_wconf 89' lang='lat' dir='ltr'><strong>non</strong></span> <span class='ocrx_word' id='word_1_392' title='bbox 3415 1984 3500 2028; x_wconf 86' lang='lat' dir='ltr'><strong>est</strong></span> 
     </span>
    </p>
   </div>
   <div class='ocr_carea' id='block_1_47' title="bbox 1916 2052 3495 2133">
    <p class='ocr_par' dir='ltr' id='par_1_47' title="bbox 1916 2052 3495 2133">
     <span class='ocr_line' id='line_1_47' title="bbox 1916 2052 3495 2133; baseline 0.009 -29"><span class='ocrx_word' id='word_1_393' title='bbox 1916 2052 2036 2107; x_wconf 91' lang='lat' dir='ltr'><strong>idea</strong></span> <span class='ocrx_word' id='word_1_394' title='bbox 2062 2055 2117 2107; x_wconf 92' lang='lat' dir='ltr'><strong>in</strong></span> <span class='ocrx_word' id='word_1_395' title='bbox 2148 2054 2363 2123; x_wconf 83' lang='lat' dir='ltr'><strong>Opiﬁce,</strong></span> <span class='ocrx_word' id='word_1_396' title='bbox 2401 2058 2676 2126; x_wconf 90' lang='lat' dir='ltr'><strong>quomodo</strong></span> <span class='ocrx_word' id='word_1_397' title='bbox 2712 2060 2937 2123; x_wconf 68' lang='lat' dir='ltr'><strong>cadum,</strong></span> <span class='ocrx_word' id='word_1_398' title='bbox 2971 2063 3018 2115; x_wconf 88' lang='lat' dir='ltr'><strong>si</strong></span> <span class='ocrx_word' id='word_1_399' title='bbox 3048 2072 3134 2116; x_wconf 89' lang='lat' dir='ltr'><strong>est</strong></span> <span class='ocrx_word' id='word_1_400' title='bbox 3170 2063 3495 2133; x_wconf 79' lang='lat' dir='ltr'><strong>ingenitum,</strong></span> 
     </span>
    </p>
   </div>
   <div class='ocr_carea' id='block_1_48' title="bbox 1917 2144 3495 2217">
    <p class='ocr_par' dir='ltr' id='par_1_48' title="bbox 1917 2144 3495 2217">
     <span class='ocr_line' id='line_1_48' title="bbox 1917 2144 3495 2217; baseline 0.008 -19"><span class='ocrx_word' id='word_1_401' title='bbox 1917 2144 2093 2199; x_wconf 85' lang='lat' dir='ltr'><strong>ideam</strong></span> <span class='ocrx_word' id='word_1_402' title='bbox 2126 2147 2288 2203; x_wconf 86' lang='lat' dir='ltr'><strong>habet</strong></span> <span class='ocrx_word' id='word_1_403' title='bbox 2324 2147 2739 2203; x_wconf 84' lang='lat' dir='ltr'><strong>immaterialem</strong></span> <span class='ocrx_word' id='word_1_404' title='bbox 2784 2146 2839 2205; x_wconf 84' lang='lat' dir='ltr'><strong>in</strong></span> <span class='ocrx_word' id='word_1_405' title='bbox 2887 2152 3199 2217; x_wconf 84' lang='lat' dir='ltr'><strong>conditore,</strong></span> <span class='ocrx_word' id='word_1_406' title='bbox 3234 2163 3288 2209; x_wconf 89' lang='lat' dir='ltr'><strong>et</strong></span> <span class='ocrx_word' id='word_1_407' title='bbox 3320 2156 3495 2212; x_wconf 74' lang='lat' dir='ltr'><strong>idean:</strong></span> 
     </span>
    </p>
   </div>
   <div class='ocr_carea' id='block_1_49' title="bbox 1916 2238 3498 2305">
    <p class='ocr_par' dir='ltr' id='par_1_49' title="bbox 1916 2238 3498 2305">
     <span class='ocr_line' id='line_1_49' title="bbox 1916 2238 3498 2305; baseline 0.009 -14"><span class='ocrx_word' id='word_1_408' title='bbox 1916 2238 2249 2292; x_wconf 82' lang='lat' dir='ltr'><strong>lnaterialem</strong></span> <span class='ocrx_word' id='word_1_409' title='bbox 2285 2239 2337 2293; x_wconf 91' lang='lat' dir='ltr'><strong>in</strong></span> <span class='ocrx_word' id='word_1_410' title='bbox 2368 2241 2617 2301; x_wconf 87' lang='lat' dir='ltr'><strong>materia,</strong></span> <span class='ocrx_word' id='word_1_411' title='bbox 2652 2243 2797 2297; x_wconf 92' lang='lat' dir='ltr'><strong>unde</strong></span> <span class='ocrx_word' id='word_1_412' title='bbox 2828 2244 2885 2297; x_wconf 90' lang='lat' dir='ltr'><strong>ﬁt</strong></span> <span class='ocrx_word' id='word_1_413' title='bbox 2914 2252 2972 2297; x_wconf 87' lang='lat' dir='ltr'><strong>ut</strong></span> <span class='ocrx_word' id='word_1_414' title='bbox 3002 2246 3111 2299; x_wconf 83' lang='lat' dir='ltr'><strong>alia</strong></span> <span class='ocrx_word' id='word_1_415' title='bbox 3144 2247 3217 2300; x_wconf 88' lang='lat' dir='ltr'><strong>sit</strong></span> <span class='ocrx_word' id='word_1_416' title='bbox 3248 2250 3391 2303; x_wconf 75' lang='lat' dir='ltr'><strong>C(BIO</strong></span> <span class='ocrx_word' id='word_1_417' title='bbox 3411 2265 3498 2305; x_wconf 81' lang='lat' dir='ltr'><strong>es-</strong></span> 
     </span>
    </p>
   </div>
   <div class='ocr_carea' id='block_1_50' title="bbox 1916 2330 3499 2403">
    <p class='ocr_par' dir='ltr' id='par_1_50' title="bbox 1916 2330 3499 2403">
     <span class='ocr_line' id='line_1_50' title="bbox 1916 2330 3499 2403; baseline 0.006 -20"><span class='ocrx_word' id='word_1_418' title='bbox 1916 2330 2115 2393; x_wconf 89' lang='lat' dir='ltr'><strong>sentia,</strong></span> <span class='ocrx_word' id='word_1_419' title='bbox 2140 2330 2245 2382; x_wconf 88' lang='lat' dir='ltr'><strong>alia</strong></span> <span class='ocrx_word' id='word_1_420' title='bbox 2268 2330 2396 2385; x_wconf 88' lang='lat' dir='ltr'><strong>huic</strong></span> <span class='ocrx_word' id='word_1_421' title='bbox 2422 2333 2599 2386; x_wconf 66' lang='lat' dir='ltr'><strong>caelo?</strong></span> <span class='ocrx_word' id='word_1_422' title='bbox 2631 2330 2688 2386; x_wconf 89' lang='lat' dir='ltr'><strong>Si</strong></span> <span class='ocrx_word' id='word_1_423' title='bbox 2717 2349 2826 2387; x_wconf 88' lang='lat' dir='ltr'><strong>non</strong></span> <span class='ocrx_word' id='word_1_424' title='bbox 2858 2344 3039 2403; x_wconf 86' lang='lat' dir='ltr'><strong>potest</strong></span> <span class='ocrx_word' id='word_1_425' title='bbox 3076 2338 3279 2391; x_wconf 74' lang='lat' dir='ltr'><strong>omium</strong></span> <span class='ocrx_word' id='word_1_426' title='bbox 3322 2338 3499 2395; x_wconf 77' lang='lat' dir='ltr'><strong>facere</strong></span> 
     </span>
    </p>
   </div>
   <div class='ocr_carea' id='block_1_51' title="bbox 1917 2420 3499 2496">
    <p class='ocr_par' dir='ltr' id='par_1_51' title="bbox 1917 2420 3499 2496">
     <span class='ocr_line' id='line_1_51' title="bbox 1917 2420 3499 2496; baseline 0.008 -23"><span class='ocrx_word' id='word_1_427' title='bbox 1917 2421 2222 2485; x_wconf 77' lang='lat' dir='ltr'><strong>voluntate,</strong></span> <span class='ocrx_word' id='word_1_428' title='bbox 2259 2437 2380 2490; x_wconf 68' lang='lat' dir='ltr'><strong>quae</strong></span> <span class='ocrx_word' id='word_1_429' title='bbox 2410 2420 2539 2476; x_wconf 78' lang='lat' dir='ltr'><strong>facit</strong></span> <span class='ocrx_word' id='word_1_430' title='bbox 2571 2425 2842 2480; x_wconf 84' lang='lat' dir='ltr'><strong>motione:</strong></span> <span class='ocrx_word' id='word_1_431' title='bbox 2876 2427 3155 2496; x_wconf 87' lang='lat' dir='ltr'><strong>quomodo</strong></span> <span class='ocrx_word' id='word_1_432' title='bbox 3206 2428 3349 2485; x_wconf 87' lang='lat' dir='ltr'><strong>Deus</strong></span> <span class='ocrx_word' id='word_1_433' title='bbox 3407 2432 3499 2485; x_wconf 88' lang='lat' dir='ltr'><strong>ille</strong></span> 
     </span>
    </p>
   </div>
   <div class='ocr_carea' id='block_1_52' title="bbox 1914 2514 3497 2591">
    <p class='ocr_par' dir='ltr' id='par_1_52' title="bbox 1914 2514 3497 2591">
     <span class='ocr_line' id='line_1_52' title="bbox 1914 2514 3497 2591; baseline 0.008 -26"><span class='ocrx_word' id='word_1_434' title='bbox 1914 2520 2153 2567; x_wconf 69' lang='lat' dir='ltr'><strong>aeternus</strong></span> <span class='ocrx_word' id='word_1_435' title='bbox 2182 2522 2287 2577; x_wconf 88' lang='grc' dir='ltr'><strong>εει,</strong></span> <span class='ocrx_word' id='word_1_436' title='bbox 2331 2514 2426 2583; x_wconf 91' lang='lat' dir='ltr'><strong>qui</strong></span> <span class='ocrx_word' id='word_1_437' title='bbox 2455 2522 2715 2591; x_wconf 68' lang='lat' dir='ltr'><strong>aeternam</strong></span> <span class='ocrx_word' id='word_1_438' title='bbox 2753 2517 2919 2571; x_wconf 84' lang='lat' dir='ltr'><strong>vitam</strong></span> <span class='ocrx_word' id='word_1_439' title='bbox 2953 2529 3219 2587; x_wconf 84' lang='lat' dir='ltr'><strong>operatur</strong></span> <span class='ocrx_word' id='word_1_440' title='bbox 3245 2536 3356 2575; x_wconf 87' lang='lat' dir='ltr'><strong>non</strong></span> <span class='ocrx_word' id='word_1_441' title='bbox 3402 2538 3497 2577; x_wconf 82' lang='lat' dir='ltr'><strong>v0-</strong></span> 
     </span>
    </p>
   </div>
   <div class='ocr_carea' id='block_1_53' title="bbox 1918 2595 3497 2682">
    <p class='ocr_par' dir='ltr' id='par_1_53' title="bbox 1918 2595 3497 2682">
     <span class='ocr_line' id='line_1_53' title="bbox 1918 2595 3497 2682; baseline 0.008 -27"><span class='ocrx_word' id='word_1_442' title='bbox 1918 2603 2073 2656; x_wconf 87' lang='lat' dir='ltr'><strong>lens?</strong></span> <span class='ocrx_word' id='word_1_443' title='bbox 2121 2601 2178 2656; x_wconf 88' lang='lat' dir='ltr'><strong>Si</strong></span> <span class='ocrx_word' id='word_1_444' title='bbox 2233 2604 2289 2658; x_wconf 91' lang='lat' dir='ltr'><strong>in</strong></span> <span class='ocrx_word' id='word_1_445' title='bbox 2340 2605 2449 2667; x_wconf 86' lang='lat' dir='ltr'><strong>bis,</strong></span> <span class='ocrx_word' id='word_1_446' title='bbox 2481 2621 2601 2674; x_wconf 63' lang='lat' dir='ltr'><strong>quae</strong></span> <span class='ocrx_word' id='word_1_447' title='bbox 2640 2614 2845 2661; x_wconf 75' lang='lat' dir='ltr'><strong>aeterna</strong></span> <span class='ocrx_word' id='word_1_448' title='bbox 2894 2595 3045 2674; x_wconf 77' lang='lat' dir='ltr'><strong>sunt,</strong></span> <span class='ocrx_word' id='word_1_449' title='bbox 3095 2626 3205 2665; x_wconf 89' lang='lat' dir='ltr'><strong>non</strong></span> <span class='ocrx_word' id='word_1_450' title='bbox 3241 2621 3497 2682; x_wconf 78' lang='lat' dir='ltr'><strong>operatur</strong></span> 
     </span>
    </p>
   </div>
   <div class='ocr_carea' id='block_1_54' title="bbox 1915 2694 3495 2775">
    <p class='ocr_par' dir='ltr' id='par_1_54' title="bbox 1915 2694 3495 2775">
     <span class='ocr_line' id='line_1_54' title="bbox 1915 2694 3495 2775; baseline 0.008 -27"><span class='ocrx_word' id='word_1_451' title='bbox 1915 2694 2115 2775; x_wconf 63' lang='lat' dir='ltr'><strong>caelum</strong></span> <span class='ocrx_word' id='word_1_452' title='bbox 2139 2704 2399 2751; x_wconf 68' lang='lat' dir='ltr'><strong>aaternam</strong></span> <span class='ocrx_word' id='word_1_453' title='bbox 2433 2698 2622 2760; x_wconf 79' lang='lat' dir='ltr'><strong>vitam,</strong></span> <span class='ocrx_word' id='word_1_454' title='bbox 2656 2699 2805 2752; x_wconf 89' lang='lat' dir='ltr'><strong>illam</strong></span> <span class='ocrx_word' id='word_1_455' title='bbox 2833 2700 2980 2754; x_wconf 82' lang='lat' dir='ltr'><strong>enim</strong></span> <span class='ocrx_word' id='word_1_456' title='bbox 3023 2701 3230 2757; x_wconf 81' lang='lat' dir='ltr'><strong>habent</strong></span> <span class='ocrx_word' id='word_1_457' title='bbox 3258 2720 3327 2759; x_wconf 75' lang='lat' dir='ltr'><strong>ex</strong></span> <span class='ocrx_word' id='word_1_458' title='bbox 3372 2720 3495 2773; x_wconf 89' lang='lat' dir='ltr'><strong>pro-</strong></span> 
     </span>
    </p>
   </div>
   <div class='ocr_carea' id='block_1_55' title="bbox 1915 2788 3498 2862">
    <p class='ocr_par' dir='ltr' id='par_1_55' title="bbox 1915 2788 3498 2862">
     <span class='ocr_line' id='line_1_55' title="bbox 1915 2788 3498 2862; baseline 0.007 -23"><span class='ocrx_word' id='word_1_459' title='bbox 1915 2788 2034 2855; x_wconf 90' lang='lat' dir='ltr'><strong>pria</strong></span> <span class='ocrx_word' id='word_1_460' title='bbox 2060 2796 2277 2850; x_wconf 88' lang='lat' dir='ltr'><strong>natura,</strong></span> <span class='ocrx_word' id='word_1_461' title='bbox 2321 2789 2504 2857; x_wconf 81' lang='lat' dir='ltr'><strong>genita</strong></span> <span class='ocrx_word' id='word_1_462' title='bbox 2534 2796 2716 2843; x_wconf 85' lang='lat' dir='ltr'><strong>autem</strong></span> <span class='ocrx_word' id='word_1_463' title='bbox 2748 2800 2802 2845; x_wconf 89' lang='lat' dir='ltr'><strong>et</strong></span> <span class='ocrx_word' id='word_1_464' title='bbox 2829 2793 3214 2862; x_wconf 88' lang='lat' dir='ltr'><strong>corruptibilia</strong></span> <span class='ocrx_word' id='word_1_465' title='bbox 3256 2796 3310 2848; x_wconf 91' lang='lat' dir='ltr'><strong>in</strong></span> <span class='ocrx_word' id='word_1_466' title='bbox 3338 2804 3498 2852; x_wconf 55' lang='lat' dir='ltr'><strong>aster.</strong></span> 
     </span>
    </p>
   </div>
   <div class='ocr_carea' id='block_1_56' title="bbox 1915 2882 3497 2957">
    <p class='ocr_par' dir='ltr' id='par_1_56' title="bbox 1915 2882 3497 2957">
     <span class='ocr_line' id='line_1_56' title="bbox 1915 2882 3497 2957; baseline 0.007 -25"><span class='ocrx_word' id='word_1_467' title='bbox 1915 2895 2046 2933; x_wconf 90' lang='lat' dir='ltr'><strong>num</strong></span> <span class='ocrx_word' id='word_1_468' title='bbox 2070 2895 2178 2935; x_wconf 85' lang='lat' dir='ltr'><strong>non</strong></span> <span class='ocrx_word' id='word_1_469' title='bbox 2212 2882 2433 2938; x_wconf 84' lang='lat' dir='ltr'><strong>vivunt:</strong></span> <span class='ocrx_word' id='word_1_470' title='bbox 2465 2882 2688 2935; x_wconf 86' lang='lat' dir='ltr'><strong>ubinam</strong></span> <span class='ocrx_word' id='word_1_471' title='bbox 2719 2890 2922 2939; x_wconf 59' lang='lat' dir='ltr'><strong>aeterna</strong></span> <span class='ocrx_word' id='word_1_472' title='bbox 2948 2886 3080 2957; x_wconf 82' lang='lat' dir='ltr'><strong>vita,</strong></span> <span class='ocrx_word' id='word_1_473' title='bbox 3106 2902 3271 2957; x_wconf 88' lang='lat' dir='ltr'><strong>quam</strong></span> <span class='ocrx_word' id='word_1_474' title='bbox 3297 2891 3497 2943; x_wconf 64' lang='lat' dir='ltr'><strong>coelum</strong></span> 
     </span>
    </p>
   </div>
   <div class='ocr_carea' id='block_1_57' title="bbox 1914 2971 3498 3047">
    <p class='ocr_par' dir='ltr' id='par_1_57' title="bbox 1914 2971 3498 3047">
     <span class='ocr_line' id='line_1_57' title="bbox 1914 2971 3498 3047; baseline 0.006 -22"><span class='ocrx_word' id='word_1_475' title='bbox 1914 2972 2215 3041; x_wconf 84' lang='lat' dir='ltr'><strong>operatur?</strong></span> <span class='ocrx_word' id='word_1_476' title='bbox 2245 2971 2303 3027; x_wconf 89' lang='lat' dir='ltr'><strong>Si</strong></span> <span class='ocrx_word' id='word_1_477' title='bbox 2339 2989 2446 3027; x_wconf 87' lang='lat' dir='ltr'><strong>non</strong></span> <span class='ocrx_word' id='word_1_478' title='bbox 2480 2975 2658 3029; x_wconf 89' lang='lat' dir='ltr'><strong>solum</strong></span> <span class='ocrx_word' id='word_1_479' title='bbox 2700 2976 2765 3029; x_wconf 86' lang='lat' dir='ltr'><strong>ad</strong></span> <span class='ocrx_word' id='word_1_480' title='bbox 2806 2979 3233 3046; x_wconf 68' lang='lat' dir='ltr'><strong>generationem</strong></span> <span class='ocrx_word' id='word_1_481' title='bbox 3283 2995 3498 3047; x_wconf 74' lang='lat' dir='ltr'><strong>eorum,</strong></span> 
     </span>
    </p>
   </div>
   <div class='ocr_carea' id='block_1_58' title="bbox 1916 3064 3499 3143">
    <p class='ocr_par' dir='ltr' id='par_1_58' title="bbox 1916 3064 3499 3143">
     <span class='ocr_line' id='line_1_58' title="bbox 1916 3064 3499 3143; baseline 0.006 -26"><span class='ocrx_word' id='word_1_482' title='bbox 1916 3079 2039 3132; x_wconf 61' lang='lat' dir='ltr'><strong>quae</strong></span> <span class='ocrx_word' id='word_1_483' title='bbox 2088 3064 2244 3129; x_wconf 88' lang='lat' dir='ltr'><strong>ﬁunt,</strong></span> <span class='ocrx_word' id='word_1_484' title='bbox 2312 3067 2413 3121; x_wconf 84' lang='lat' dir='ltr'><strong>sed</strong></span> <span class='ocrx_word' id='word_1_485' title='bbox 2464 3075 2519 3121; x_wconf 91' lang='lat' dir='ltr'><strong>et</strong></span> <span class='ocrx_word' id='word_1_486' title='bbox 2565 3066 2630 3121; x_wconf 87' lang='lat' dir='ltr'><strong>ad</strong></span> <span class='ocrx_word' id='word_1_487' title='bbox 2668 3070 3079 3139; x_wconf 85' lang='lat' dir='ltr'><strong>corruptionem</strong></span> <span class='ocrx_word' id='word_1_488' title='bbox 3127 3087 3320 3127; x_wconf 88' lang='lat' dir='ltr'><strong>eorum</strong></span> <span class='ocrx_word' id='word_1_489' title='bbox 3380 3090 3499 3143; x_wconf 66' lang='lat' dir='ltr'><strong>quer</strong></span> 
     </span>
    </p>
   </div>
   <div class='ocr_carea' id='block_1_59' title="bbox 220 3149 1810 3239">
    <p class='ocr_par' dir='ltr' id='par_1_59' title="bbox 220 3164 1810 3239">
     <span class='ocr_line' id='line_1_59' title="bbox 220 3164 1810 3239; baseline -0.002 -17"><span class='ocrx_word' id='word_1_490' title='bbox 220 3170 344 3232; x_wconf 83' lang='grc' dir='ltr'><strong>πῶς</strong></span> <span class='ocrx_word' id='word_1_491' title='bbox 376 3168 507 3231; x_wconf 79' lang='grc' dir='ltr'><strong>Θεὸς</strong></span> <span class='ocrx_word' id='word_1_492' title='bbox 538 3166 836 3239; x_wconf 74' lang='grc' dir='ltr'><strong>ὄοὺρανὸς,</strong></span> <span class='ocrx_word' id='word_1_493' title='bbox 872 3167 967 3219; x_wconf 72' lang='grc' dir='ltr'><strong>καὶ</strong></span> <span class='ocrx_word' id='word_1_494' title='bbox 997 3169 1030 3237; x_wconf 82' lang='grc' dir='ltr'>ἡ</span> <span class='ocrx_word' id='word_1_495' title='bbox 1056 3167 1305 3237; x_wconf 77' lang='grc' dir='ltr'><strong>ἐνέργεια</strong></span> <span class='ocrx_word' id='word_1_496' title='bbox 1336 3165 1502 3219; x_wconf 79' lang='grc' dir='ltr'><strong>αὐτοῦ</strong></span> <span class='ocrx_word' id='word_1_497' title='bbox 1536 3164 1648 3236; x_wconf 76' lang='grc' dir='ltr'><strong>ζωὴ</strong></span> <span class='ocrx_word' id='word_1_498' title='bbox 1680 3164 1810 3221; x_wconf 79' lang='grc' dir='ltr'><strong>αἰώ-</strong></span> 
     </span>
    </p>
   </div>
   <div class='ocr_carea' id='block_1_60' title="bbox 1911 3149 3499 3239">
    <p class='ocr_par' dir='ltr' id='par_1_60' title="bbox 1919 3149 3499 3231">
     <span class='ocr_line' id='line_1_60' title="bbox 1919 3149 3499 3231; baseline 0.007 -23"><span class='ocrx_word' id='word_1_499' title='bbox 1919 3149 2239 3221; x_wconf 73' lang='grc' dir='ltr'><strong>ἰηιετευηι,</strong></span> <span class='ocrx_word' id='word_1_500' title='bbox 2272 3157 2422 3213; x_wconf 90' lang='lat' dir='ltr'><strong>utilis</strong></span> <span class='ocrx_word' id='word_1_501' title='bbox 2458 3165 2543 3213; x_wconf 85' lang='lat' dir='ltr'><strong>est</strong></span> <span class='ocrx_word' id='word_1_502' title='bbox 2595 3160 2719 3213; x_wconf 66' lang='lat' dir='ltr'><strong>caeli</strong></span> <span class='ocrx_word' id='word_1_503' title='bbox 2768 3170 2981 3216; x_wconf 86' lang='lat' dir='ltr'><strong>motus:</strong></span> <span class='ocrx_word' id='word_1_504' title='bbox 3031 3164 3311 3231; x_wconf 90' lang='lat' dir='ltr'><strong>quomodo</strong></span> <span class='ocrx_word' id='word_1_505' title='bbox 3360 3163 3499 3219; x_wconf 86' lang='lat' dir='ltr'><strong>Deus</strong></span> 
     </span>
    </p>
   </div>
   <div class='ocr_carea' id='block_1_61' title="bbox 217 3240 1810 3332">
    <p class='ocr_par' dir='ltr' id='par_1_61' title="bbox 217 3255 1810 3332">
     <span class='ocr_line' id='line_1_61' title="bbox 217 3255 1810 3332; baseline -0.003 -19"><span class='ocrx_word' id='word_1_506' title='bbox 217 3277 354 3324; x_wconf 82' lang='grc' dir='ltr'><strong>νιος,</strong></span> <span class='ocrx_word' id='word_1_507' title='bbox 388 3261 452 3313; x_wconf 81' lang='grc' dir='ltr'><strong>δι’</strong></span> <span class='ocrx_word' id='word_1_508' title='bbox 499 3255 567 3332; x_wconf 81' lang='grc' dir='ltr'><strong>ἦς</strong></span> <span class='ocrx_word' id='word_1_509' title='bbox 598 3260 877 3330; x_wconf 80' lang='grc' dir='ltr'><strong>φθείρεται</strong></span> <span class='ocrx_word' id='word_1_510' title='bbox 927 3259 997 3312; x_wconf 80' lang='grc' dir='ltr'><strong>τὰ</strong></span> <span class='ocrx_word' id='word_1_511' title='bbox 1043 3256 1287 3329; x_wconf 73' lang='grc' dir='ltr'><strong>φθαρτάς</strong></span> <span class='ocrx_word' id='word_1_512' title='bbox 1334 3259 1398 3311; x_wconf 78' lang='lat' dir='ltr'><strong>El</strong></span> <span class='ocrx_word' id='word_1_513' title='bbox 1431 3260 1497 3312; x_wconf 84' lang='grc' dir='ltr'><strong>ὲκ</strong></span> <span class='ocrx_word' id='word_1_514' title='bbox 1540 3259 1642 3328; x_wconf 81' lang='grc' dir='ltr'><strong>τῆς</strong></span> <span class='ocrx_word' id='word_1_515' title='bbox 1682 3257 1810 3328; x_wconf 80' lang='grc' dir='ltr'><strong>ὕλης</strong></span> 
     </span>
    </p>
   </div>
   <div class='ocr_carea' id='block_1_62' title="bbox 1911 3240 3498 3332">
    <p class='ocr_par' dir='ltr' id='par_1_62' title="bbox 1916 3247 3498 3327">
     <span class='ocr_line' id='line_1_62' title="bbox 1916 3247 3498 3327; baseline 0.007 -28"><span class='ocrx_word' id='word_1_516' title='bbox 1916 3247 2140 3311; x_wconf 69' lang='lat' dir='ltr'><strong>coelum,</strong></span> <span class='ocrx_word' id='word_1_517' title='bbox 2188 3247 2417 3317; x_wconf 82' lang='lat' dir='ltr'><strong>ejusque</strong></span> <span class='ocrx_word' id='word_1_518' title='bbox 2454 3252 2699 3318; x_wconf 82' lang='lat' dir='ltr'><strong>operatio</strong></span> <span class='ocrx_word' id='word_1_519' title='bbox 2750 3252 2862 3306; x_wconf 83' lang='lat' dir='ltr'><strong>vita</strong></span> <span class='ocrx_word' id='word_1_520' title='bbox 2915 3262 3146 3321; x_wconf 83' lang='lat' dir='ltr'><strong>aeterna,</strong></span> <span class='ocrx_word' id='word_1_521' title='bbox 3204 3272 3299 3325; x_wconf 89' lang='lat' dir='ltr'><strong>per</strong></span> <span class='ocrx_word' id='word_1_522' title='bbox 3336 3274 3498 3327; x_wconf 88' lang='lat' dir='ltr'><strong>quam</strong></span> 
     </span>
    </p>
   </div>
   <div class='ocr_carea' id='block_1_63' title="bbox 221 3346 1813 3424">
    <p class='ocr_par' dir='ltr' id='par_1_63' title="bbox 221 3346 1813 3424">
     <span class='ocr_line' id='line_1_63' title="bbox 221 3346 1813 3424; baseline -0.002 -20"><span class='ocrx_word' id='word_1_523' title='bbox 221 3353 593 3422; x_wconf 86' lang='grc' dir='ltr'><strong>συναγένητον</strong></span> <span class='ocrx_word' id='word_1_524' title='bbox 622 3355 690 3423; x_wconf 81' lang='grc' dir='ltr'><strong>τῇ</strong></span> <span class='ocrx_word' id='word_1_525' title='bbox 724 3351 826 3424; x_wconf 76' lang='grc' dir='ltr'><strong>ὕλῃ</strong></span> <span class='ocrx_word' id='word_1_526' title='bbox 858 3352 919 3404; x_wconf 82' lang='grc' dir='ltr'><strong>οὐ</strong></span> <span class='ocrx_word' id='word_1_527' title='bbox 953 3350 1183 3405; x_wconf 78' lang='grc' dir='ltr'><strong>δυνατὸν</strong></span> <span class='ocrx_word' id='word_1_528' title='bbox 1213 3346 1373 3415; x_wconf 78' lang='grc' dir='ltr'><strong>εἶναι,</strong></span> <span class='ocrx_word' id='word_1_529' title='bbox 1404 3350 1524 3414; x_wconf 88' lang='grc' dir='ltr'><strong>πῶς</strong></span> <span class='ocrx_word' id='word_1_530' title='bbox 1552 3351 1813 3421; x_wconf 83' lang='grc' dir='ltr'><strong>ἀγένητος</strong></span> 
     </span>
    </p>
   </div>
   <div class='ocr_carea' id='block_1_64' title="bbox 220 3440 1809 3513">
    <p class='ocr_par' dir='ltr' id='par_1_64' title="bbox 220 3440 1809 3513">
     <span class='ocr_line' id='line_1_64' title="bbox 220 3440 1809 3513; baseline -0.002 -18"><span class='ocrx_word' id='word_1_531' title='bbox 220 3444 252 3495; x_wconf 76' lang='grc' dir='ltr'><strong>ὁ</strong></span> <span class='ocrx_word' id='word_1_532' title='bbox 290 3443 537 3513; x_wconf 78' lang='grc' dir='ltr'><strong>οὐρανὸς,</strong></span> <span class='ocrx_word' id='word_1_533' title='bbox 568 3445 597 3495; x_wconf 86' lang='grc' dir='ltr'>ὁ</span> <span class='ocrx_word' id='word_1_534' title='bbox 641 3440 717 3495; x_wconf 81' lang='grc' dir='ltr'><strong>ὢν</strong></span> <span class='ocrx_word' id='word_1_535' title='bbox 751 3444 817 3496; x_wconf 82' lang='grc' dir='ltr'><strong>ὲκ</strong></span> <span class='ocrx_word' id='word_1_536' title='bbox 847 3442 959 3513; x_wconf 78' lang='grc' dir='ltr'><strong>τῆς</strong></span> <span class='ocrx_word' id='word_1_537' title='bbox 981 3441 1154 3512; x_wconf 77' lang='grc' dir='ltr'><strong>ὖλης;</strong></span> <span class='ocrx_word' id='word_1_538' title='bbox 1194 3440 1258 3495; x_wconf 78' lang='lat' dir='ltr'><strong>El</strong></span> <span class='ocrx_word' id='word_1_539' title='bbox 1287 3443 1348 3495; x_wconf 88' lang='lat' dir='ltr'><strong>rb</strong></span> <span class='ocrx_word' id='word_1_540' title='bbox 1380 3443 1438 3508; x_wconf 78' lang='grc' dir='ltr'><strong>ἐξ</strong></span> <span class='ocrx_word' id='word_1_541' title='bbox 1466 3442 1809 3513; x_wconf 76' lang='grc' dir='ltr'><strong>ἀμφοτέρων,</strong></span> 
     </span>
    </p>
   </div>
   <div class='ocr_carea' id='block_1_65' title="bbox 222 3533 1812 3609">
    <p class='ocr_par' dir='ltr' id='par_1_65' title="bbox 222 3533 1812 3609">
     <span class='ocr_line' id='line_1_65' title="bbox 222 3533 1812 3609; baseline -0.001 -22"><span class='ocrx_word' id='word_1_542' title='bbox 222 3534 456 3606; x_wconf 70' lang='grc' dir='ltr'><strong>ὕστερον</strong></span> <span class='ocrx_word' id='word_1_543' title='bbox 470 3537 821 3606; x_wconf 79' lang='grc' dir='ltr'><strong>ἀμφοτέρων,</strong></span> <span class='ocrx_word' id='word_1_544' title='bbox 852 3535 970 3598; x_wconf 87' lang='grc' dir='ltr'><strong>πῶς</strong></span> <span class='ocrx_word' id='word_1_545' title='bbox 998 3537 1026 3586; x_wconf 86' lang='grc' dir='ltr'>ὁ</span> <span class='ocrx_word' id='word_1_546' title='bbox 1045 3536 1295 3609; x_wconf 81' lang='grc' dir='ltr'><strong>οὐρανὸς,</strong></span> <span class='ocrx_word' id='word_1_547' title='bbox 1316 3536 1344 3587; x_wconf 84' lang='grc' dir='ltr'>ὁ</span> <span class='ocrx_word' id='word_1_548' title='bbox 1368 3534 1444 3587; x_wconf 84' lang='grc' dir='ltr'><strong>ὣν</strong></span> <span class='ocrx_word' id='word_1_549' title='bbox 1469 3535 1533 3587; x_wconf 78' lang='grc' dir='ltr'><strong>ἐκ</strong></span> <span class='ocrx_word' id='word_1_550' title='bbox 1554 3533 1652 3605; x_wconf 87' lang='grc' dir='ltr'><strong>τῆς</strong></span> <span class='ocrx_word' id='word_1_551' title='bbox 1680 3533 1812 3604; x_wconf 80' lang='grc' dir='ltr'><strong>ὕλης</strong></span> 
     </span>
    </p>
   </div>
   <div class='ocr_carea' id='block_1_66' title="bbox 221 3620 1812 3695">
    <p class='ocr_par' dir='ltr' id='par_1_66' title="bbox 221 3620 1812 3695">
     <span class='ocr_line' id='line_1_66' title="bbox 221 3620 1812 3695; baseline -0.003 -16"><span class='ocrx_word' id='word_1_552' title='bbox 221 3625 321 3679; x_wconf 73' lang='grc' dir='ltr'><strong>καὶ</strong></span> <span class='ocrx_word' id='word_1_553' title='bbox 357 3620 686 3689; x_wconf 79' lang='grc' dir='ltr'><strong>τοῦέίδους,</strong></span> <span class='ocrx_word' id='word_1_554' title='bbox 737 3625 1007 3688; x_wconf 77' lang='grc' dir='ltr'><strong>συναϊδιός</strong></span> <span class='ocrx_word' id='word_1_555' title='bbox 1051 3626 1199 3678; x_wconf 71' lang='grc' dir='ltr'><strong>ἐστιν</strong></span> <span class='ocrx_word' id='word_1_556' title='bbox 1240 3624 1606 3695; x_wconf 84' lang='grc' dir='ltr'><strong>ἀμφοτέροις;</strong></span> <span class='ocrx_word' id='word_1_557' title='bbox 1643 3625 1706 3675; x_wconf 77' lang='lat' dir='ltr'><strong>Et</strong></span> <span class='ocrx_word' id='word_1_558' title='bbox 1751 3623 1812 3675; x_wconf 86' lang='lat' dir='ltr'><strong>rb</strong></span> 
     </span>
    </p>
   </div>
   <div class='ocr_carea' id='block_1_67' title="bbox 223 3713 1812 3787">
    <p class='ocr_par' dir='ltr' id='par_1_67' title="bbox 223 3713 1812 3787">
     <span class='ocr_line' id='line_1_67' title="bbox 223 3713 1812 3787; baseline 0.002 -21"><span class='ocrx_word' id='word_1_559' title='bbox 223 3714 367 3779; x_wconf 62' lang='grc' dir='ltr'><strong>εἶδος</strong></span> <span class='ocrx_word' id='word_1_560' title='bbox 395 3717 585 3786; x_wconf 29' lang='grc' dir='ltr'><strong>οὑκγὲκ</strong></span> <span class='ocrx_word' id='word_1_561' title='bbox 612 3718 711 3787; x_wconf 82' lang='grc' dir='ltr'><strong>τῆς</strong></span> <span class='ocrx_word' id='word_1_562' title='bbox 742 3715 895 3787; x_wconf 71' lang='grc' dir='ltr'><strong>ὕλης,</strong></span> <span class='ocrx_word' id='word_1_563' title='bbox 927 3716 1064 3769; x_wconf 85' lang='grc' dir='ltr'><strong>ἀλλά</strong></span> <span class='ocrx_word' id='word_1_564' title='bbox 1089 3716 1156 3768; x_wconf 79' lang='grc' dir='ltr'><strong>ὲκ</strong></span> <span class='ocrx_word' id='word_1_565' title='bbox 1190 3715 1285 3768; x_wconf 78' lang='grc' dir='ltr'><strong>τοῦ</strong></span> <span class='ocrx_word' id='word_1_566' title='bbox 1314 3715 1610 3778; x_wconf 85' lang='grc' dir='ltr'><strong>ποιοῦντος,</strong></span> <span class='ocrx_word' id='word_1_567' title='bbox 1640 3713 1758 3777; x_wconf 84' lang='grc' dir='ltr'><strong>πῶς</strong></span> <span class='ocrx_word' id='word_1_568' title='bbox 1783 3716 1812 3767; x_wconf 86' lang='grc' dir='ltr'><em>ὁ</em></span> 
     </span>
    </p>
   </div>
   <div class='ocr_carea' id='block_1_68' title="bbox 217 3803 1811 3878">
    <p class='ocr_par' dir='ltr' id='par_1_68' title="bbox 217 3803 1811 3878">
     <span class='ocr_line' id='line_1_68' title="bbox 217 3803 1811 3878; baseline -0.003 -18"><span class='ocrx_word' id='word_1_569' title='bbox 217 3808 473 3878; x_wconf 74' lang='grc' dir='ltr'><strong>οὐρανὸς,</strong></span> <span class='ocrx_word' id='word_1_570' title='bbox 531 3807 751 3861; x_wconf 81' lang='grc' dir='ltr'><strong>ἄλλοθεν</strong></span> <span class='ocrx_word' id='word_1_571' title='bbox 797 3806 938 3877; x_wconf 69' lang='grc' dir='ltr'><strong>ἔχων</strong></span> <span class='ocrx_word' id='word_1_572' title='bbox 985 3806 1083 3876; x_wconf 86' lang='grc' dir='ltr'><strong>τὴν</strong></span> <span class='ocrx_word' id='word_1_573' title='bbox 1132 3805 1264 3876; x_wconf 76' lang='grc' dir='ltr'><strong>ὓλην</strong></span> <span class='ocrx_word' id='word_1_574' title='bbox 1316 3806 1408 3857; x_wconf 74' lang='grc' dir='ltr'><strong>καὶ</strong></span> <span class='ocrx_word' id='word_1_575' title='bbox 1440 3804 1703 3875; x_wconf 81' lang='grc' dir='ltr'><strong>ἑτέρωθεν</strong></span> <span class='ocrx_word' id='word_1_576' title='bbox 1746 3803 1811 3878; x_wconf 77' lang='grc' dir='ltr'><strong>⁴τὸ</strong></span> 
     </span>
    </p>
   </div>
   <div class='ocr_carea' id='block_1_69' title="bbox 223 3892 1810 3967">
    <p class='ocr_par' dir='ltr' id='par_1_69' title="bbox 223 3892 1810 3967">
     <span class='ocr_line' id='line_1_69' title="bbox 223 3892 1810 3967; baseline 0.002 -22"><span class='ocrx_word' id='word_1_577' title='bbox 223 3892 388 3962; x_wconf 61' lang='grc' dir='ltr'><strong>ςτδος,</strong></span> <span class='ocrx_word' id='word_1_578' title='bbox 422 3898 686 3967; x_wconf 79' lang='grc' dir='ltr'><strong>ἀγένητος</strong></span> <span class='ocrx_word' id='word_1_579' title='bbox 717 3899 895 3961; x_wconf 76' lang='grc' dir='ltr'><strong>ἐστινς</strong></span> <span class='ocrx_word' id='word_1_580' title='bbox 931 3897 995 3949; x_wconf 78' lang='grc' dir='ltr'><strong>Εἰ</strong></span> <span class='ocrx_word' id='word_1_581' title='bbox 1030 3896 1213 3949; x_wconf 81' lang='grc' dir='ltr'><strong>ὑλικόν</strong></span> <span class='ocrx_word' id='word_1_582' title='bbox 1245 3898 1362 3949; x_wconf 81' lang='grc' dir='ltr'><strong>ἐστι</strong></span> <span class='ocrx_word' id='word_1_583' title='bbox 1394 3895 1553 3967; x_wconf 86' lang='grc' dir='ltr'><strong>σῶμα</strong></span> <span class='ocrx_word' id='word_1_584' title='bbox 1581 3898 1609 3949; x_wconf 87' lang='grc' dir='ltr'><strong>ὁ</strong></span> <span class='ocrx_word' id='word_1_585' title='bbox 1645 3896 1810 3966; x_wconf 74' lang='grc' dir='ltr'><strong>οὐρα-ς</strong></span> 
     </span>
    </p>
   </div>
   <div class='ocr_carea' id='block_1_70' title="bbox 221 3986 1808 4058">
    <p class='ocr_par' dir='ltr' id='par_1_70' title="bbox 221 3986 1808 4058">
     <span class='ocr_line' id='line_1_70' title="bbox 221 3986 1808 4058; baseline -0.003 -17"><span class='ocrx_word' id='word_1_586' title='bbox 221 3990 338 4051; x_wconf 77' lang='grc' dir='ltr'><strong>νὸς,</strong></span> <span class='ocrx_word' id='word_1_587' title='bbox 372 3989 469 4041; x_wconf 73' lang='grc' dir='ltr'><strong>καὶ</strong></span> <span class='ocrx_word' id='word_1_588' title='bbox 502 3988 791 4058; x_wconf 83' lang='grc' dir='ltr'><strong>σφαιρικὸν</strong></span> <span class='ocrx_word' id='word_1_589' title='bbox 823 3986 935 4056; x_wconf 71' lang='grc' dir='ltr'><strong>ἔχει</strong></span> <span class='ocrx_word' id='word_1_590' title='bbox 963 3988 1024 4039; x_wconf 84' lang='lat' dir='ltr'><strong>rb</strong></span> <span class='ocrx_word' id='word_1_591' title='bbox 1055 3987 1262 4057; x_wconf 83' lang='grc' dir='ltr'><strong>σχῆμα,</strong></span> <span class='ocrx_word' id='word_1_592' title='bbox 1297 3987 1391 4039; x_wconf 89' lang='grc' dir='ltr'><strong>καί</strong></span> <span class='ocrx_word' id='word_1_593' title='bbox 1435 3988 1582 4038; x_wconf 77' lang='grc' dir='ltr'><strong>ἐστιν</strong></span> <span class='ocrx_word' id='word_1_594' title='bbox 1610 3986 1808 4055; x_wconf 84' lang='grc' dir='ltr'><strong>ἀγένη-</strong></span> 
     </span>
    </p>
   </div>
   <div class='ocr_carea' id='block_1_71' title="bbox 218 4076 1812 4149">
    <p class='ocr_par' dir='ltr' id='par_1_71' title="bbox 218 4076 1812 4149">
     <span class='ocr_line' id='line_1_71' title="bbox 218 4076 1812 4149; baseline -0.004 -15"><span class='ocrx_word' id='word_1_595' title='bbox 218 4096 350 4143; x_wconf 81' lang='grc' dir='ltr'><strong>τος⁶</strong></span> <span class='ocrx_word' id='word_1_596' title='bbox 384 4080 501 4143; x_wconf 88' lang='grc' dir='ltr'><strong>πῶς</strong></span> <span class='ocrx_word' id='word_1_597' title='bbox 547 4080 646 4133; x_wconf 76' lang='grc' dir='ltr'><strong>οὐκ</strong></span> <span class='ocrx_word' id='word_1_598' title='bbox 688 4078 977 4149; x_wconf 88' lang='grc' dir='ltr'><strong>ἀμφότερα</strong></span> <span class='ocrx_word' id='word_1_599' title='bbox 1022 4078 1133 4149; x_wconf 77' lang='grc' dir='ltr'><strong>ἔχει</strong></span> <span class='ocrx_word' id='word_1_600' title='bbox 1175 4080 1241 4132; x_wconf 83' lang='grc' dir='ltr'><strong>ὲκ</strong></span> <span class='ocrx_word' id='word_1_601' title='bbox 1283 4077 1383 4147; x_wconf 83' lang='grc' dir='ltr'><strong>τῆς</strong></span> <span class='ocrx_word' id='word_1_602' title='bbox 1422 4077 1575 4147; x_wconf 78' lang='grc' dir='ltr'><strong>ὕλης,</strong></span> <span class='ocrx_word' id='word_1_603' title='bbox 1612 4078 1704 4130; x_wconf 71' lang='grc' dir='ltr'><strong>καὶ</strong></span> <span class='ocrx_word' id='word_1_604' title='bbox 1750 4076 1812 4128; x_wconf 81' lang='grc' dir='ltr'><strong>τὸ</strong></span> 
     </span>
    </p>
   </div>
   <div class='ocr_carea' id='block_1_72' title="bbox 223 4167 1810 4241">
    <p class='ocr_par' dir='ltr' id='par_1_72' title="bbox 223 4167 1810 4241">
     <span class='ocr_line' id='line_1_72' title="bbox 223 4167 1810 4241; baseline -0.005 -13"><span class='ocrx_word' id='word_1_605' title='bbox 223 4170 366 4228; x_wconf 84' lang='grc' dir='ltr'><strong>εἶναι</strong></span> <span class='ocrx_word' id='word_1_606' title='bbox 412 4173 440 4225; x_wconf 85' lang='grc' dir='ltr'>ὅ</span> <span class='ocrx_word' id='word_1_607' title='bbox 466 4174 611 4234; x_wconf 76' lang='grc' dir='ltr'><strong>ἐστι,</strong></span> <span class='ocrx_word' id='word_1_608' title='bbox 640 4172 735 4225; x_wconf 67' lang='grc' dir='ltr'><strong>κα)⁸</strong></span> <span class='ocrx_word' id='word_1_609' title='bbox 762 4171 824 4224; x_wconf 85' lang='lat' dir='ltr'><strong>rb</strong></span> <span class='ocrx_word' id='word_1_610' title='bbox 854 4170 994 4240; x_wconf 81' lang='grc' dir='ltr'><strong>ἔχειν</strong></span> <span class='ocrx_word' id='word_1_611' title='bbox 1027 4170 1058 4223; x_wconf 81' lang='grc' dir='ltr'><strong>ὃ</strong></span> <span class='ocrx_word' id='word_1_612' title='bbox 1088 4170 1199 4241; x_wconf 76' lang='grc' dir='ltr'><strong>ἔχει</strong></span> <span class='ocrx_word' id='word_1_613' title='bbox 1224 4187 1237 4233; x_wconf 94' lang='grc'>;</span> <span class='ocrx_word' id='word_1_614' title='bbox 1271 4171 1334 4222; x_wconf 79' lang='grc' dir='ltr'><strong>Εἰ</strong></span> <span class='ocrx_word' id='word_1_615' title='bbox 1375 4169 1520 4221; x_wconf 67' lang='grc' dir='ltr'><strong>ἔστιν</strong></span> <span class='ocrx_word' id='word_1_616' title='bbox 1546 4171 1578 4239; x_wconf 83' lang='grc' dir='ltr'><strong>ή</strong></span> <span class='ocrx_word' id='word_1_617' title='bbox 1619 4167 1718 4238; x_wconf 71' lang='grc' dir='ltr'><strong>ὕλη</strong></span> <span class='ocrx_word' id='word_1_618' title='bbox 1748 4169 1810 4220; x_wconf 89' lang='lat' dir='ltr'><strong>rb</strong></span> 
     </span>
    </p>
   </div>
   <div class='ocr_carea' id='block_1_73' title="bbox 219 4258 1808 4333">
    <p class='ocr_par' dir='ltr' id='par_1_73' title="bbox 219 4258 1808 4333">
     <span class='ocr_line' id='line_1_73' title="bbox 219 4258 1808 4333; baseline -0.006 -14"><span class='ocrx_word' id='word_1_619' title='bbox 219 4268 339 4328; x_wconf 77' lang='grc' dir='ltr'><strong>τοῖς</strong></span> <span class='ocrx_word' id='word_1_620' title='bbox 368 4263 488 4317; x_wconf 85' lang='grc' dir='ltr'><strong>καθ’</strong></span> <span class='ocrx_word' id='word_1_621' title='bbox 518 4262 651 4316; x_wconf 79' lang='grc' dir='ltr'><strong>αὐτὸ</strong></span> <span class='ocrx_word' id='word_1_622' title='bbox 680 4262 740 4326; x_wconf 77' lang='grc' dir='ltr'><strong>ἐξ</strong></span> <span class='ocrx_word' id='word_1_623' title='bbox 761 4262 930 4333; x_wconf 82' lang='grc' dir='ltr'><strong>αὐτῆς</strong></span> <span class='ocrx_word' id='word_1_624' title='bbox 956 4262 1294 4331; x_wconf 84' lang='grc' dir='ltr'><strong>γιγνομένοις</strong></span> <span class='ocrx_word' id='word_1_625' title='bbox 1315 4258 1557 4332; x_wconf 62' lang='grc' dir='ltr'><strong>¹’πρώτως</strong></span> <span class='ocrx_word' id='word_1_626' title='bbox 1585 4258 1808 4321; x_wconf 71' lang='grc' dir='ltr'><strong>ὑποκεί-</strong></span> 
     </span>
    </p>
   </div>
   <div class='ocr_carea' id='block_1_74' title="bbox 225 4348 1806 4429">
    <p class='ocr_par' dir='ltr' id='par_1_74' title="bbox 225 4348 1806 4429">
     <span class='ocr_line' id='line_1_74' title="bbox 225 4348 1806 4429; baseline -0.004 -20"><span class='ocrx_word' id='word_1_627' title='bbox 225 4373 387 4429; x_wconf 80' lang='grc' dir='ltr'><strong>μενον</strong></span> <span class='ocrx_word' id='word_1_628' title='bbox 414 4354 507 4407; x_wconf 73' lang='grc' dir='ltr'><strong>καὶ</strong></span> <span class='ocrx_word' id='word_1_629' title='bbox 553 4353 885 4423; x_wconf 75' lang='grc' dir='ltr'><strong>ἐνυπάρχον,</strong></span> <span class='ocrx_word' id='word_1_630' title='bbox 929 4351 1047 4413; x_wconf 86' lang='grc' dir='ltr'><strong>πῶς</strong></span> <span class='ocrx_word' id='word_1_631' title='bbox 1079 4352 1341 4422; x_wconf 79' lang='grc' dir='ltr'><strong>ἀγένητος</strong></span> <span class='ocrx_word' id='word_1_632' title='bbox 1379 4350 1453 4402; x_wconf 84' lang='grc' dir='ltr'><strong>ὣν</strong></span> <span class='ocrx_word' id='word_1_633' title='bbox 1489 4354 1519 4402; x_wconf 80' lang='grc' dir='ltr'>ὁ</span> <span class='ocrx_word' id='word_1_634' title='bbox 1560 4348 1806 4420; x_wconf 75' lang='grc' dir='ltr'><strong>οὐρανὸς,</strong></span> 
     </span>
    </p>
   </div>
   <div class='ocr_carea' id='block_1_75' title="bbox 220 4441 1810 4517">
    <p class='ocr_par' dir='ltr' id='par_1_75' title="bbox 220 4441 1810 4517">
     <span class='ocr_line' id='line_1_75' title="bbox 220 4441 1810 4517; baseline -0.003 -19"><span class='ocrx_word' id='word_1_635' title='bbox 220 4447 300 4509; x_wconf 83' lang='grc' dir='ltr'><strong>ὡς</strong></span> <span class='ocrx_word' id='word_1_636' title='bbox 319 4445 388 4498; x_wconf 84' lang='grc' dir='ltr'><strong>τὰ</strong></span> <span class='ocrx_word' id='word_1_637' title='bbox 414 4443 617 4517; x_wconf 85' lang='grc' dir='ltr'><strong>γενητά</strong></span> <span class='ocrx_word' id='word_1_638' title='bbox 643 4443 742 4515; x_wconf 81' lang='grc' dir='ltr'><strong>τὴν</strong></span> <span class='ocrx_word' id='word_1_639' title='bbox 761 4442 893 4515; x_wconf 72' lang='grc' dir='ltr'><strong>ὓλην</strong></span> <span class='ocrx_word' id='word_1_640' title='bbox 914 4442 1027 4514; x_wconf 80' lang='grc' dir='ltr'><strong>ἔχει</strong></span> <span class='ocrx_word' id='word_1_641' title='bbox 1045 4443 1412 4513; x_wconf 82' lang='grc' dir='ltr'><strong>ὑποκειμένην</strong></span> <span class='ocrx_word' id='word_1_642' title='bbox 1449 4458 1508 4493; x_wconf 91' lang='grc' dir='ltr'><strong>τε</strong></span> <span class='ocrx_word' id='word_1_643' title='bbox 1538 4441 1632 4494; x_wconf 70' lang='grc' dir='ltr'><strong>καὶ</strong></span> <span class='ocrx_word' id='word_1_644' title='bbox 1646 4443 1810 4494; x_wconf 75' lang='grc' dir='ltr'><strong>ἐνυπ-</strong></span> 
     </span>
    </p>
   </div>
   <div class='ocr_carea' id='block_1_76' title="bbox 224 4538 535 4612">
    <p class='ocr_par' dir='ltr' id='par_1_76' title="bbox 224 4538 535 4612">
     <span class='ocr_line' id='line_1_76' title="bbox 224 4538 535 4612; baseline -0.01 -21"><span class='ocrx_word' id='word_1_645' title='bbox 224 4538 497 4612; x_wconf 75' lang='grc' dir='ltr'><strong>άρχουσαν</strong></span> <span class='ocrx_word' id='word_1_646' title='bbox 518 4551 535 4600; x_wconf 83' lang='grc'>;</span> 
     </span>
    </p>
   </div>
   <div class='ocr_carea' id='block_1_77' title="bbox 616 4709 1414 4778">
    <p class='ocr_par' dir='ltr' id='par_1_77' title="bbox 616 4709 1414 4778">
     <span class='ocr_line' id='line_1_77' title="bbox 616 4709 1414 4778; baseline -0.004 -14"><span class='ocrx_word' id='word_1_647' title='bbox 616 4711 705 4765; x_wconf 76' lang='lat'><strong>53.</strong></span> <span class='ocrx_word' id='word_1_648' title='bbox 752 4712 846 4763; x_wconf 82' lang='grc' dir='ltr'><strong>Ἐκ</strong></span> <span class='ocrx_word' id='word_1_649' title='bbox 873 4709 979 4763; x_wconf 89' lang='grc' dir='ltr'><strong>τοῦ</strong></span> <span class='ocrx_word' id='word_1_650' title='bbox 1002 4710 1190 4763; x_wconf 81' lang='grc' dir='ltr'><strong>αυτοῦ</strong></span> <span class='ocrx_word' id='word_1_651' title='bbox 1209 4710 1414 4778; x_wconf 55' lang='grc' dir='ltr'><strong>λόγου.</strong></span> 
     </span>
    </p>
   </div>
   <div class='ocr_carea' id='block_1_78' title="bbox 302 4796 1811 4875">
    <p class='ocr_par' dir='ltr' id='par_1_78' title="bbox 302 4796 1811 4875">
     <span class='ocr_line' id='line_1_78' title="bbox 302 4796 1811 4875; baseline -0.005 -19"><span class='ocrx_word' id='word_1_652' title='bbox 302 4824 320 4856; x_wconf 74' lang='grc' dir='ltr'><strong>ι</strong></span> <span class='ocrx_word' id='word_1_653' title='bbox 370 4803 589 4875; x_wconf 77' lang='grc' dir='ltr'><strong>Ἐπειδὴ</strong></span> <span class='ocrx_word' id='word_1_654' title='bbox 617 4806 647 4857; x_wconf 84' lang='grc' dir='ltr'>ὁ</span> <span class='ocrx_word' id='word_1_655' title='bbox 677 4802 907 4874; x_wconf 79' lang='grc' dir='ltr'><strong>οὐρανὸς</strong></span> <span class='ocrx_word' id='word_1_656' title='bbox 933 4802 1095 4874; x_wconf 84' lang='grc' dir='ltr'><strong>σῶμά</strong></span> <span class='ocrx_word' id='word_1_657' title='bbox 1120 4819 1173 4855; x_wconf 89' lang='grc' dir='ltr'><strong>τι</strong></span> <span class='ocrx_word' id='word_1_658' title='bbox 1209 4802 1373 4865; x_wconf 87' lang='grc' dir='ltr'><strong>θεῖον,</strong></span> <span class='ocrx_word' id='word_1_659' title='bbox 1401 4798 1489 4853; x_wconf 87' lang='grc' dir='ltr'><strong>διὰ</strong></span> <span class='ocrx_word' id='word_1_660' title='bbox 1508 4796 1668 4853; x_wconf 76' lang='grc' dir='ltr'><strong>τοῦτο</strong></span> <span class='ocrx_word' id='word_1_661' title='bbox 1695 4797 1811 4868; x_wconf 79' lang='grc' dir='ltr'><strong>ἔχει</strong></span> 
     </span>
    </p>
   </div>
   <div class='ocr_carea' id='block_1_79' title="bbox 219 4878 1809 4965">
    <p class='ocr_par' dir='ltr' id='par_1_79' title="bbox 219 4878 1809 4965">
     <span class='ocr_line' id='line_1_79' title="bbox 219 4878 1809 4965; baseline -0.004 -16"><span class='ocrx_word' id='word_1_662' title='bbox 219 4896 285 4949; x_wconf 77' lang='lat' dir='ltr'><strong>rb</strong></span> <span class='ocrx_word' id='word_1_663' title='bbox 314 4878 601 4964; x_wconf 72' lang='grc' dir='ltr'><strong>ἐγκύκλιον</strong></span> <span class='ocrx_word' id='word_1_664' title='bbox 633 4894 794 4965; x_wconf 85' lang='grc' dir='ltr'><strong>σῶμα</strong></span> <span class='ocrx_word' id='word_1_665' title='bbox 829 4894 858 4947; x_wconf 82' lang='grc' dir='ltr'><strong>ὃ</strong></span> <span class='ocrx_word' id='word_1_666' title='bbox 893 4894 1055 4964; x_wconf 85' lang='grc' dir='ltr'><strong>φύσει</strong></span> <span class='ocrx_word' id='word_1_667' title='bbox 1094 4897 1323 4947; x_wconf 88' lang='grc' dir='ltr'><strong>κινεῖται</strong></span> <span class='ocrx_word' id='word_1_668' title='bbox 1370 4888 1556 4963; x_wconf 81' lang='grc' dir='ltr'><strong>γύκλῳ</strong></span> <span class='ocrx_word' id='word_1_669' title='bbox 1580 4890 1696 4945; x_wconf 74' lang='grc' dir='ltr'><strong>ἀεί·</strong></span> <span class='ocrx_word' id='word_1_670' title='bbox 1721 4890 1809 4944; x_wconf 83' lang='grc' dir='ltr'><strong>διὰ</strong></span> 
     </span>
    </p>
   </div>
   <div class='ocr_carea' id='block_1_80' title="bbox 219 4983 1811 5058">
    <p class='ocr_par' dir='ltr' id='par_1_80' title="bbox 219 4983 1811 5058">
     <span class='ocr_line' id='line_1_80' title="bbox 219 4983 1811 5058; baseline -0.002 -19"><span class='ocrx_word' id='word_1_671' title='bbox 219 4990 275 5040; x_wconf 80' lang='grc' dir='ltr'><strong>τί</strong></span> <span class='ocrx_word' id='word_1_672' title='bbox 303 4984 396 5040; x_wconf 70' lang='grc' dir='ltr'><strong>οὖν</strong></span> <span class='ocrx_word' id='word_1_673' title='bbox 423 4989 522 5058; x_wconf 84' lang='grc' dir='ltr'><strong>οὐχ</strong></span> <span class='ocrx_word' id='word_1_674' title='bbox 543 4986 663 5040; x_wconf 83' lang='grc' dir='ltr'><strong>ὅλον</strong></span> <span class='ocrx_word' id='word_1_675' title='bbox 702 4988 764 5039; x_wconf 87' lang='grc' dir='ltr'><strong>τὸ</strong></span> <span class='ocrx_word' id='word_1_676' title='bbox 806 4986 966 5058; x_wconf 81' lang='grc' dir='ltr'><strong>σῶμα</strong></span> <span class='ocrx_word' id='word_1_677' title='bbox 993 4988 1089 5040; x_wconf 84' lang='grc' dir='ltr'><strong>τοῦ</strong></span> <span class='ocrx_word' id='word_1_678' title='bbox 1118 4985 1350 5058; x_wconf 78' lang='grc' dir='ltr'><strong>οὐρανοῦ</strong></span> <span class='ocrx_word' id='word_1_679' title='bbox 1388 4983 1664 5050; x_wconf 80' lang='grc' dir='ltr'><strong>τοιοῦτον;</strong></span> <span class='ocrx_word' id='word_1_680' title='bbox 1691 4985 1811 5037; x_wconf 85' lang='grc' dir='ltr'><strong>’Ὁτι</strong></span> 
     </span>
    </p>
   </div>
   <div class='ocr_carea' id='block_1_81' title="bbox 220 5076 1808 5151">
    <p class='ocr_par' dir='ltr' id='par_1_81' title="bbox 220 5076 1808 5151">
     <span class='ocr_line' id='line_1_81' title="bbox 220 5076 1808 5151; baseline -0.003 -19"><span class='ocrx_word' id='word_1_681' title='bbox 220 5079 436 5151; x_wconf 83' lang='grc' dir='ltr'><strong>ἀνάγκη</strong></span> <span class='ocrx_word' id='word_1_682' title='bbox 462 5078 643 5149; x_wconf 82' lang='grc' dir='ltr'><strong>μένειν</strong></span> <span class='ocrx_word' id='word_1_683' title='bbox 671 5095 724 5131; x_wconf 90' lang='grc' dir='ltr'><strong>τι</strong></span> <span class='ocrx_word' id='word_1_684' title='bbox 752 5078 848 5131; x_wconf 77' lang='grc' dir='ltr'><strong>τοῦ</strong></span> <span class='ocrx_word' id='word_1_685' title='bbox 874 5079 1127 5150; x_wconf 78' lang='grc' dir='ltr'><strong>σώματος</strong></span> <span class='ocrx_word' id='word_1_686' title='bbox 1153 5078 1248 5131; x_wconf 83' lang='grc' dir='ltr'><strong>τοῦ</strong></span> <span class='ocrx_word' id='word_1_687' title='bbox 1276 5078 1575 5150; x_wconf 76' lang='grc' dir='ltr'><strong>φερομένου</strong></span> <span class='ocrx_word' id='word_1_688' title='bbox 1603 5076 1808 5147; x_wconf 85' lang='grc' dir='ltr'><strong>κύκλῳ,</strong></span> 
     </span>
    </p>
   </div>
   <div class='ocr_carea' id='block_1_82' title="bbox 219 5165 1806 5241">
    <p class='ocr_par' dir='ltr' id='par_1_82' title="bbox 219 5165 1806 5241">
     <span class='ocr_line' id='line_1_82' title="bbox 219 5165 1806 5241; baseline -0.002 -18"><span class='ocrx_word' id='word_1_689' title='bbox 219 5172 284 5224; x_wconf 87' lang='lat' dir='ltr'><strong>rb</strong></span> <span class='ocrx_word' id='word_1_690' title='bbox 316 5171 409 5223; x_wconf 71' lang='grc' dir='ltr'><strong>ἐπὶ</strong></span> <span class='ocrx_word' id='word_1_691' title='bbox 436 5170 530 5223; x_wconf 83' lang='grc' dir='ltr'><strong>τοῦ</strong></span> <span class='ocrx_word' id='word_1_692' title='bbox 562 5170 730 5241; x_wconf 80' lang='grc' dir='ltr'><strong>μέσον</strong></span> <span class='ocrx_word' id='word_1_693' title='bbox 752 5170 884 5241; x_wconf 56' lang='grc'><strong>(41))</strong></span> <span class='ocrx_word' id='word_1_694' title='bbox 916 5171 1108 5224; x_wconf 78' lang='grc' dir='ltr'><strong>τούτου</strong></span> <span class='ocrx_word' id='word_1_695' title='bbox 1145 5171 1188 5222; x_wconf 83' lang='grc' dir='ltr'><strong>δ’</strong></span> <span class='ocrx_word' id='word_1_696' title='bbox 1219 5170 1370 5223; x_wconf 79' lang='grc' dir='ltr'><strong>οὐδὲν</strong></span> <span class='ocrx_word' id='word_1_697' title='bbox 1392 5165 1502 5223; x_wconf 70' lang='grc' dir='ltr'><strong>οἷόν</strong></span> <span class='ocrx_word' id='word_1_698' title='bbox 1533 5186 1593 5221; x_wconf 90' lang='grc' dir='ltr'><strong>τε</strong></span> <span class='ocrx_word' id='word_1_699' title='bbox 1625 5169 1806 5239; x_wconf 81' lang='grc' dir='ltr'><strong>μένειν</strong></span> 
     </span>
    </p>
   </div>
   <div class='ocr_carea' id='block_1_83' title="bbox 225 5258 1805 5331">
    <p class='ocr_par' dir='ltr' id='par_1_83' title="bbox 225 5258 1805 5331">
     <span class='ocr_line' id='line_1_83' title="bbox 225 5258 1805 5331; baseline -0.001 -19"><span class='ocrx_word' id='word_1_700' title='bbox 225 5260 415 5331; x_wconf 75' lang='grc' dir='ltr'><strong>μόριον</strong></span> <span class='ocrx_word' id='word_1_701' title='bbox 436 5258 551 5312; x_wconf 73' lang='grc' dir='ltr'><strong>οὔθ’</strong></span> <span class='ocrx_word' id='word_1_702' title='bbox 580 5260 718 5323; x_wconf 83' lang='grc' dir='ltr'><strong>ὅλως</strong></span> <span class='ocrx_word' id='word_1_703' title='bbox 745 5259 856 5312; x_wconf 75' lang='grc' dir='ltr'><strong>οὔτ’</strong></span> <span class='ocrx_word' id='word_1_704' title='bbox 899 5263 994 5314; x_wconf 76' lang='grc' dir='ltr'><strong>ἐπὶ</strong></span> <span class='ocrx_word' id='word_1_705' title='bbox 1043 5261 1139 5313; x_wconf 80' lang='grc' dir='ltr'><strong>τοῦ</strong></span> <span class='ocrx_word' id='word_1_706' title='bbox 1190 5259 1380 5331; x_wconf 78' lang='grc' dir='ltr'><strong>μέσον.</strong></span> <span class='ocrx_word' id='word_1_707' title='bbox 1413 5261 1525 5313; x_wconf 74' lang='grc' dir='ltr'><strong>Καὶ</strong></span> <span class='ocrx_word' id='word_1_708' title='bbox 1544 5258 1654 5330; x_wconf 81' lang='grc' dir='ltr'><strong>γάρ</strong></span> <span class='ocrx_word' id='word_1_709' title='bbox 1678 5258 1745 5312; x_wconf 83' lang='grc' dir='ltr'><strong>ἂν</strong></span> <span class='ocrx_word' id='word_1_710' title='bbox 1770 5260 1805 5329; x_wconf 78' lang='grc' dir='ltr'><strong>ἡ</strong></span> 
     </span>
    </p>
   </div>
   <div class='ocr_carea' id='block_1_84' title="bbox 221 5345 1807 5425">
    <p class='ocr_par' dir='ltr' id='par_1_84' title="bbox 221 5345 1807 5425">
     <span class='ocr_line' id='line_1_84' title="bbox 221 5345 1807 5425; baseline 0.001 -21"><span class='ocrx_word' id='word_1_711' title='bbox 221 5350 367 5405; x_wconf 81' lang='grc' dir='ltr'><strong>κατὰ</strong></span> <span class='ocrx_word' id='word_1_712' title='bbox 400 5350 559 5422; x_wconf 84' lang='grc' dir='ltr'><strong>φύσιν</strong></span> <span class='ocrx_word' id='word_1_713' title='bbox 579 5353 794 5424; x_wconf 86' lang='grc' dir='ltr'><strong>κίνησις</strong></span> <span class='ocrx_word' id='word_1_714' title='bbox 820 5345 888 5424; x_wconf 76' lang='grc' dir='ltr'><strong>ἦν</strong></span> <span class='ocrx_word' id='word_1_715' title='bbox 908 5354 1076 5408; x_wconf 81' lang='grc' dir='ltr'><strong>αὑτοῦ</strong></span> <span class='ocrx_word' id='word_1_716' title='bbox 1110 5356 1204 5407; x_wconf 76' lang='grc' dir='ltr'><strong>ἐπὶ</strong></span> <span class='ocrx_word' id='word_1_717' title='bbox 1238 5354 1301 5406; x_wconf 88' lang='lat' dir='ltr'><strong>rb</strong></span> <span class='ocrx_word' id='word_1_718' title='bbox 1334 5353 1498 5425; x_wconf 82' lang='grc' dir='ltr'><strong>μέσον</strong></span> <span class='ocrx_word' id='word_1_719' title='bbox 1528 5352 1710 5423; x_wconf 84' lang='grc' dir='ltr'><strong>(φύσει</strong></span> <span class='ocrx_word' id='word_1_720' title='bbox 1748 5352 1807 5405; x_wconf 79' lang='grc' dir='ltr'><strong>δὲ</strong></span> 
     </span>
    </p>
   </div>
   <div class='ocr_carea' id='block_1_85' title="bbox 222 5442 1807 5519">
    <p class='ocr_par' dir='ltr' id='par_1_85' title="bbox 222 5442 1807 5519">
     <span class='ocr_line' id='line_1_85' title="bbox 222 5442 1807 5519; baseline 0 -21"><span class='ocrx_word' id='word_1_721' title='bbox 222 5443 409 5514; x_wconf 76' lang='grc' dir='ltr'><strong>κύκλῳ</strong></span> <span class='ocrx_word' id='word_1_722' title='bbox 435 5446 687 5515; x_wconf 86' lang='grc' dir='ltr'><strong>κινεῖται)</strong></span> <span class='ocrx_word' id='word_1_723' title='bbox 703 5463 717 5475; x_wconf 90' lang='grc'><strong>·</strong></span> <span class='ocrx_word' id='word_1_724' title='bbox 739 5446 802 5498; x_wconf 85' lang='grc' dir='ltr'><strong>οὐ</strong></span> <span class='ocrx_word' id='word_1_725' title='bbox 833 5446 944 5518; x_wconf 84' lang='grc' dir='ltr'><strong>γὰρ</strong></span> <span class='ocrx_word' id='word_1_726' title='bbox 962 5446 1029 5500; x_wconf 84' lang='grc' dir='ltr'><strong>ἂν</strong></span> <span class='ocrx_word' id='word_1_727' title='bbox 1054 5442 1123 5519; x_wconf 82' lang='grc' dir='ltr'><strong>ἦν</strong></span> <span class='ocrx_word' id='word_1_728' title='bbox 1138 5446 1305 5510; x_wconf 68' lang='grc' dir='ltr'><strong>ἀΐδιος</strong></span> <span class='ocrx_word' id='word_1_729' title='bbox 1323 5449 1358 5518; x_wconf 82' lang='grc' dir='ltr'>ἡ</span> <span class='ocrx_word' id='word_1_730' title='bbox 1380 5447 1614 5518; x_wconf 85' lang='grc' dir='ltr'><strong>κίνησις.</strong></span> <span class='ocrx_word' id='word_1_731' title='bbox 1637 5445 1807 5499; x_wconf 78' lang='grc' dir='ltr'><strong>Οὐθὲν</strong></span> 
     </span>
    </p>
   </div>
   <div class='ocr_carea' id='block_1_86' title="bbox 300 5607 1059 5686">
    <p class='ocr_par' dir='ltr' id='par_1_86' title="bbox 300 5607 1059 5686">
     <span class='ocr_line' id='line_1_86' title="bbox 300 5607 1059 5686; baseline 0.007 -23"><span class='ocrx_word' id='word_1_732' title='bbox 300 5607 343 5643; x_wconf 76' lang='grc'><strong>⁸³</strong></span> <span class='ocrx_word' id='word_1_733' title='bbox 532 5613 668 5684; x_wconf 74' lang='grc' dir='ltr'><strong>πρὸς</strong></span> <span class='ocrx_word' id='word_1_734' title='bbox 698 5612 795 5683; x_wconf 74' lang='grc' dir='ltr'><strong>τὴν</strong></span> <span class='ocrx_word' id='word_1_735' title='bbox 828 5614 1059 5686; x_wconf 80' lang='grc' dir='ltr'><strong>φθοράν.</strong></span> 
     </span>
    </p>
   </div>
   <div class='ocr_carea' id='block_1_87' title="bbox 264 5744 1803 5824">
    <p class='ocr_par' dir='ltr' id='par_1_87' title="bbox 264 5744 1803 5824">
     <span class='ocr_line' id='line_1_87' title="bbox 264 5744 1803 5824; baseline 0.001 -24"><span class='ocrx_word' id='word_1_736' title='bbox 264 5746 401 5824; x_wconf 31' lang='grc' dir='ltr'><strong>,(εςε)</strong></span> <span class='ocrx_word' id='word_1_737' title='bbox 438 5748 506 5824; x_wconf 68' lang='lat' dir='ltr'><strong>Td</strong></span> <span class='ocrx_word' id='word_1_738' title='bbox 537 5747 876 5824; x_wconf 60' lang='grc' dir='ltr'><strong>ἐγκύκλιον,</strong></span> <span class='ocrx_word' id='word_1_739' title='bbox 913 5748 1220 5824; x_wconf 75' lang='lat' dir='ltr'><strong>Articulum</strong></span> <span class='ocrx_word' id='word_1_740' title='bbox 1244 5748 1551 5818; x_wconf 88' lang='lat' dir='ltr'><strong>desumpsit</strong></span> <span class='ocrx_word' id='word_1_741' title='bbox 1574 5744 1803 5819; x_wconf 87' lang='lat' dir='ltr'><strong>Sylbur-</strong></span> 
     </span>
    </p>
   </div>
   <div class='ocr_carea' id='block_1_88' title="bbox 226 5817 1204 5887">
    <p class='ocr_par' dir='ltr' id='par_1_88' title="bbox 226 5817 1204 5887">
     <span class='ocr_line' id='line_1_88' title="bbox 226 5817 1204 5887; baseline 0.003 -19"><span class='ocrx_word' id='word_1_742' title='bbox 226 5817 349 5887; x_wconf 68' lang='lat' dir='ltr'><strong>gius</strong></span> <span class='ocrx_word' id='word_1_743' title='bbox 369 5817 445 5887; x_wconf 24' lang='lat' dir='ltr'><strong>ex,</strong></span> <span class='ocrx_word' id='word_1_744' title='bbox 467 5817 723 5880; x_wconf 82' lang='lat' dir='ltr'><strong>Aristot.,</strong></span> <span class='ocrx_word' id='word_1_745' title='bbox 752 5828 806 5871; x_wconf 90' lang='lat' dir='ltr'><strong>et</strong></span> <span class='ocrx_word' id='word_1_746' title='bbox 840 5834 961 5871; x_wconf 74' lang='lat' dir='ltr'><strong>mox</strong></span> <span class='ocrx_word' id='word_1_747' title='bbox 995 5819 1204 5887; x_wconf 86' lang='grc' dir='ltr'><strong>κύκλῳ.</strong></span> 
     </span>
    </p>
   </div>
   <div class='ocr_carea' id='block_1_89' title="bbox 500 5914 1081 6001">
    <p class='ocr_par' dir='ltr' id='par_1_89' title="bbox 500 5914 1081 6001">
     <span class='ocr_line' id='line_1_89' title="bbox 500 5914 1081 6001; baseline 0.009 -32"><span class='ocrx_word' id='word_1_748' title='bbox 500 5914 774 6001; x_wconf 65' lang='grc' dir='ltr'><strong>Ριτιιοι..</strong></span> <span class='ocrx_word' id='word_1_749' title='bbox 809 5914 925 5973; x_wconf 83' lang='lat' dir='ltr'><strong>Gn.</strong></span> <span class='ocrx_word' id='word_1_750' title='bbox 976 5915 1081 5974; x_wconf 77' lang='lat' dir='ltr'><strong>Vl.</strong></span> 
     </span>
    </p>
   </div>
   <div class='ocr_carea' id='block_1_90' title="bbox 1916 3340 3497 3412">
    <p class='ocr_par' dir='ltr' id='par_1_90' title="bbox 1916 3340 3497 3412">
     <span class='ocr_line' id='line_1_90' title="bbox 1916 3340 3497 3412; baseline 0.005 -18"><span class='ocrx_word' id='word_1_751' title='bbox 1916 3348 2330 3408; x_wconf 88' lang='lat' dir='ltr'><strong>corrumpuntur</strong></span> <span class='ocrx_word' id='word_1_752' title='bbox 2351 3342 2757 3410; x_wconf 87' lang='lat' dir='ltr'><strong>corruptibilia?</strong></span> <span class='ocrx_word' id='word_1_753' title='bbox 2790 3340 2845 3396; x_wconf 85' lang='lat' dir='ltr'><strong>Si</strong></span> <span class='ocrx_word' id='word_1_754' title='bbox 2882 3344 3031 3412; x_wconf 90' lang='lat' dir='ltr'><strong>quod</strong></span> <span class='ocrx_word' id='word_1_755' title='bbox 3060 3360 3127 3400; x_wconf 80' lang='lat' dir='ltr'><strong>ex</strong></span> <span class='ocrx_word' id='word_1_756' title='bbox 3158 3349 3389 3401; x_wconf 89' lang='lat' dir='ltr'><strong>materia</strong></span> <span class='ocrx_word' id='word_1_757' title='bbox 3420 3360 3497 3402; x_wconf 74' lang='lat' dir='ltr'><strong>est</strong></span> 
     </span>
    </p>
   </div>
   <div class='ocr_carea' id='block_1_91' title="bbox 1916 3433 3496 3507">
    <p class='ocr_par' dir='ltr' id='par_1_91' title="bbox 1916 3433 3496 3507">
     <span class='ocr_line' id='line_1_91' title="bbox 1916 3433 3496 3507; baseline 0.004 -23"><span class='ocrx_word' id='word_1_758' title='bbox 1916 3446 2027 3485; x_wconf 87' lang='lat' dir='ltr'><strong>non</strong></span> <span class='ocrx_word' id='word_1_759' title='bbox 2059 3437 2237 3501; x_wconf 88' lang='lat' dir='ltr'><strong>potest</strong></span> <span class='ocrx_word' id='word_1_760' title='bbox 2261 3444 2386 3485; x_wconf 85' lang='lat' dir='ltr'><strong>esse</strong></span> <span class='ocrx_word' id='word_1_761' title='bbox 2413 3445 2521 3483; x_wconf 89' lang='lat' dir='ltr'><strong>una</strong></span> <span class='ocrx_word' id='word_1_762' title='bbox 2551 3445 2675 3486; x_wconf 89' lang='lat' dir='ltr'><strong>cum</strong></span> <span class='ocrx_word' id='word_1_763' title='bbox 2723 3434 2953 3487; x_wconf 88' lang='lat' dir='ltr'><strong>materia</strong></span> <span class='ocrx_word' id='word_1_764' title='bbox 2985 3433 3325 3503; x_wconf 83' lang='lat' dir='ltr'><strong>ingenitum:</strong></span> <span class='ocrx_word' id='word_1_765' title='bbox 3366 3438 3496 3507; x_wconf 86' lang='lat' dir='ltr'><strong>quo-</strong></span> 
     </span>
    </p>
   </div>
   <div class='ocr_carea' id='block_1_92' title="bbox 1916 3521 3498 3592">
    <p class='ocr_par' dir='ltr' id='par_1_92' title="bbox 1916 3521 3498 3592">
     <span class='ocr_line' id='line_1_92' title="bbox 1916 3521 3498 3592; baseline 0.004 -15"><span class='ocrx_word' id='word_1_766' title='bbox 1916 3522 2078 3577; x_wconf 63' lang='lat' dir='ltr'><strong>[nodo</strong></span> <span class='ocrx_word' id='word_1_767' title='bbox 2100 3521 2401 3592; x_wconf 77' lang='lat' dir='ltr'><strong>ingenitum</strong></span> <span class='ocrx_word' id='word_1_768' title='bbox 2426 3522 2647 3585; x_wconf 63' lang='lat' dir='ltr'><strong>caelum,</strong></span> <span class='ocrx_word' id='word_1_769' title='bbox 2680 3523 2828 3591; x_wconf 91' lang='lat' dir='ltr'><strong>quod</strong></span> <span class='ocrx_word' id='word_1_770' title='bbox 2877 3540 2941 3577; x_wconf 66' lang='lat' dir='ltr'><strong>ex</strong></span> <span class='ocrx_word' id='word_1_771' title='bbox 2984 3526 3214 3579; x_wconf 87' lang='lat' dir='ltr'><strong>materia</strong></span> <span class='ocrx_word' id='word_1_772' title='bbox 3266 3530 3388 3583; x_wconf 88' lang='lat' dir='ltr'><strong>est?</strong></span> <span class='ocrx_word' id='word_1_773' title='bbox 3445 3528 3498 3583; x_wconf 77' lang='lat' dir='ltr'><strong>Si</strong></span> 
     </span>
    </p>
   </div>
   <div class='ocr_carea' id='block_1_93' title="bbox 1914 3596 3497 3688">
    <p class='ocr_par' dir='ltr' id='par_1_93' title="bbox 1914 3596 3497 3688">
     <span class='ocr_line' id='line_1_93' title="bbox 1914 3596 3497 3688; baseline 0.004 -21"><span class='ocrx_word' id='word_1_774' title='bbox 1914 3613 2062 3685; x_wconf 90' lang='lat' dir='ltr'><strong>quod</strong></span> <span class='ocrx_word' id='word_1_775' title='bbox 2090 3630 2157 3667; x_wconf 77' lang='lat' dir='ltr'><strong>ex</strong></span> <span class='ocrx_word' id='word_1_776' title='bbox 2188 3602 2423 3683; x_wconf 86' lang='lat' dir='ltr'><strong>utroque</strong></span> <span class='ocrx_word' id='word_1_777' title='bbox 2445 3620 2550 3675; x_wconf 91' lang='lat' dir='ltr'><strong>est,</strong></span> <span class='ocrx_word' id='word_1_778' title='bbox 2586 3596 2819 3683; x_wconf 85' lang='lat' dir='ltr'><strong>utroque</strong></span> <span class='ocrx_word' id='word_1_779' title='bbox 2862 3616 3174 3685; x_wconf 87' lang='lat' dir='ltr'><strong>posterius:</strong></span> <span class='ocrx_word' id='word_1_780' title='bbox 3224 3622 3497 3688; x_wconf 85' lang='lat' dir='ltr'><strong>quomodo</strong></span> 
     </span>
    </p>
   </div>
   <div class='ocr_carea' id='block_1_94' title="bbox 1913 3705 3497 3775">
    <p class='ocr_par' dir='ltr' id='par_1_94' title="bbox 1913 3705 3497 3775">
     <span class='ocr_line' id='line_1_94' title="bbox 1913 3705 3497 3775; baseline 0 -16"><span class='ocrx_word' id='word_1_781' title='bbox 1913 3707 2135 3769; x_wconf 75' lang='lat' dir='ltr'><strong>cmlum,</strong></span> <span class='ocrx_word' id='word_1_782' title='bbox 2171 3705 2321 3775; x_wconf 91' lang='lat' dir='ltr'><strong>quod</strong></span> <span class='ocrx_word' id='word_1_783' title='bbox 2346 3720 2411 3759; x_wconf 78' lang='lat' dir='ltr'><strong>ex</strong></span> <span class='ocrx_word' id='word_1_784' title='bbox 2442 3706 2670 3759; x_wconf 86' lang='lat' dir='ltr'><strong>materia</strong></span> <span class='ocrx_word' id='word_1_785' title='bbox 2702 3712 2755 3760; x_wconf 86' lang='lat' dir='ltr'><strong>et</strong></span> <span class='ocrx_word' id='word_1_786' title='bbox 2778 3705 2957 3759; x_wconf 80' lang='lat' dir='ltr'><strong>forma</strong></span> <span class='ocrx_word' id='word_1_787' title='bbox 3004 3715 3110 3771; x_wconf 87' lang='lat' dir='ltr'><strong>est,</strong></span> <span class='ocrx_word' id='word_1_788' title='bbox 3164 3719 3497 3764; x_wconf 66' lang='lat' dir='ltr'><strong>cowternuni</strong></span> 
     </span>
    </p>
   </div>
   <div class='ocr_carea' id='block_1_95' title="bbox 1913 3788 3496 3867">
    <p class='ocr_par' dir='ltr' id='par_1_95' title="bbox 1913 3788 3496 3867">
     <span class='ocr_line' id='line_1_95' title="bbox 1913 3788 3496 3867; baseline 0.002 -16"><span class='ocrx_word' id='word_1_789' title='bbox 1913 3805 1999 3852; x_wconf 86' lang='lat' dir='ltr'><strong>est</strong></span> <span class='ocrx_word' id='word_1_790' title='bbox 2021 3796 2277 3867; x_wconf 82' lang='lat' dir='ltr'><strong>utrique?</strong></span> <span class='ocrx_word' id='word_1_791' title='bbox 2306 3795 2363 3849; x_wconf 91' lang='lat' dir='ltr'><strong>Si</strong></span> <span class='ocrx_word' id='word_1_792' title='bbox 2409 3794 2581 3849; x_wconf 85' lang='lat' dir='ltr'><strong>forma</strong></span> <span class='ocrx_word' id='word_1_793' title='bbox 2614 3788 2725 3849; x_wconf 71' lang='lat' dir='ltr'><strong>non</strong></span> <span class='ocrx_word' id='word_1_794' title='bbox 2756 3806 2841 3851; x_wconf 90' lang='lat' dir='ltr'><strong>est</strong></span> <span class='ocrx_word' id='word_1_795' title='bbox 2880 3813 2947 3850; x_wconf 81' lang='lat' dir='ltr'><strong>ex</strong></span> <span class='ocrx_word' id='word_1_796' title='bbox 2989 3799 3241 3864; x_wconf 86' lang='lat' dir='ltr'><strong>materia,</strong></span> <span class='ocrx_word' id='word_1_797' title='bbox 3284 3800 3379 3855; x_wconf 89' lang='lat' dir='ltr'><strong>sed</strong></span> <span class='ocrx_word' id='word_1_798' title='bbox 3436 3818 3496 3855; x_wconf 83' lang='lat' dir='ltr'><strong>cx</strong></span> 
     </span>
    </p>
   </div>
   <div class='ocr_carea' id='block_1_96' title="bbox 1910 3888 3495 3958">
    <p class='ocr_par' dir='ltr' id='par_1_96' title="bbox 1910 3888 3495 3958">
     <span class='ocr_line' id='line_1_96' title="bbox 1910 3888 3495 3958; baseline 0.002 -17"><span class='ocrx_word' id='word_1_799' title='bbox 1910 3888 2139 3958; x_wconf 85' lang='lat' dir='ltr'><strong>opiﬁce:</strong></span> <span class='ocrx_word' id='word_1_800' title='bbox 2193 3888 2469 3958; x_wconf 89' lang='lat' dir='ltr'><strong>quomodo</strong></span> <span class='ocrx_word' id='word_1_801' title='bbox 2512 3888 2736 3948; x_wconf 62' lang='lat' dir='ltr'><strong>malum,</strong></span> <span class='ocrx_word' id='word_1_802' title='bbox 2771 3889 2918 3957; x_wconf 86' lang='lat' dir='ltr'><strong>quod</strong></span> <span class='ocrx_word' id='word_1_803' title='bbox 2946 3890 3170 3944; x_wconf 90' lang='lat' dir='ltr'><strong>aliunde</strong></span> <span class='ocrx_word' id='word_1_804' title='bbox 3202 3890 3361 3945; x_wconf 87' lang='lat' dir='ltr'><strong>habet</strong></span> <span class='ocrx_word' id='word_1_805' title='bbox 3388 3908 3495 3944; x_wconf 87' lang='lat' dir='ltr'><strong>ma-</strong></span> 
     </span>
    </p>
   </div>
   <div class='ocr_carea' id='block_1_97' title="bbox 1912 3964 3495 4051">
    <p class='ocr_par' dir='ltr' id='par_1_97' title="bbox 1912 3964 3495 4051">
     <span class='ocr_line' id='line_1_97' title="bbox 1912 3964 3495 4051; baseline 0.001 -18"><span class='ocrx_word' id='word_1_806' title='bbox 1912 3981 2108 4035; x_wconf 85' lang='lat' dir='ltr'><strong>teriam</strong></span> <span class='ocrx_word' id='word_1_807' title='bbox 2144 3990 2197 4035; x_wconf 89' lang='lat' dir='ltr'><strong>et</strong></span> <span class='ocrx_word' id='word_1_808' title='bbox 2229 3980 2449 4035; x_wconf 87' lang='lat' dir='ltr'><strong>aliunde</strong></span> <span class='ocrx_word' id='word_1_809' title='bbox 2485 3975 2753 4044; x_wconf 77' lang='lat' dir='ltr'><strong>formam,</strong></span> <span class='ocrx_word' id='word_1_810' title='bbox 2789 3964 3093 4051; x_wconf 78' lang='lat' dir='ltr'><strong>ingenitum</strong></span> <span class='ocrx_word' id='word_1_811' title='bbox 3128 3982 3252 4035; x_wconf 85' lang='lat' dir='ltr'><strong>est?</strong></span> <span class='ocrx_word' id='word_1_812' title='bbox 3292 3981 3359 4036; x_wconf 84' lang='lat' dir='ltr'><strong>Si’</strong></span> <span class='ocrx_word' id='word_1_813' title='bbox 3391 3999 3495 4035; x_wconf 87' lang='lat' dir='ltr'><strong>ma-</strong></span> 
     </span>
    </p>
   </div>
   <div class='ocr_carea' id='block_1_98' title="bbox 1914 4071 3511 4142">
    <p class='ocr_par' dir='ltr' id='par_1_98' title="bbox 1914 4071 3511 4142">
     <span class='ocr_line' id='line_1_98' title="bbox 1914 4071 3511 4142; baseline -0.001 -16"><span class='ocrx_word' id='word_1_814' title='bbox 1914 4074 2105 4127; x_wconf 85' lang='lat' dir='ltr'><strong>teriale</strong></span> <span class='ocrx_word' id='word_1_815' title='bbox 2124 4088 2326 4142; x_wconf 86' lang='lat' dir='ltr'><strong>corpus</strong></span> <span class='ocrx_word' id='word_1_816' title='bbox 2342 4080 2426 4126; x_wconf 90' lang='lat' dir='ltr'><strong>est</strong></span> <span class='ocrx_word' id='word_1_817' title='bbox 2447 4074 2647 4126; x_wconf 76' lang='lat' dir='ltr'><strong>cmlum</strong></span> <span class='ocrx_word' id='word_1_818' title='bbox 2667 4079 2720 4126; x_wconf 90' lang='lat' dir='ltr'><strong>et</strong></span> <span class='ocrx_word' id='word_1_819' title='bbox 2745 4071 3034 4126; x_wconf 89' lang='lat' dir='ltr'><strong>rotundam</strong></span> <span class='ocrx_word' id='word_1_820' title='bbox 3056 4071 3219 4125; x_wconf 82' lang='lat' dir='ltr'><strong>habet</strong></span> <span class='ocrx_word' id='word_1_821' title='bbox 3245 4071 3511 4142; x_wconf 69' lang='lat' dir='ltr'><strong>ﬁguram,</strong></span> 
     </span>
    </p>
   </div>
   <div class='ocr_carea' id='block_1_99' title="bbox 1913 4165 3493 4239">
    <p class='ocr_par' dir='ltr' id='par_1_99' title="bbox 1913 4165 3493 4239">
     <span class='ocr_line' id='line_1_99' title="bbox 1913 4165 3493 4239; baseline -0.001 -20"><span class='ocrx_word' id='word_1_822' title='bbox 1913 4173 2107 4239; x_wconf 87' lang='lat' dir='ltr'><strong>estque</strong></span> <span class='ocrx_word' id='word_1_823' title='bbox 2154 4166 2489 4235; x_wconf 79' lang='lat' dir='ltr'><strong>ingenitum;</strong></span> <span class='ocrx_word' id='word_1_824' title='bbox 2532 4165 2811 4234; x_wconf 91' lang='lat' dir='ltr'><strong>quomodo</strong></span> <span class='ocrx_word' id='word_1_825' title='bbox 2859 4179 2969 4217; x_wconf 88' lang='lat' dir='ltr'><strong>non</strong></span> <span class='ocrx_word' id='word_1_826' title='bbox 3009 4174 3305 4234; x_wconf 89' lang='lat' dir='ltr'><strong>utrumque</strong></span> <span class='ocrx_word' id='word_1_827' title='bbox 3336 4180 3364 4217; x_wconf 91' lang='lat' dir='ltr'><strong>a</strong></span> <span class='ocrx_word' id='word_1_828' title='bbox 3396 4181 3493 4217; x_wconf 52' lang='lat' dir='ltr'><strong>nua.</strong></span> 
     </span>
    </p>
   </div>
   <div class='ocr_carea' id='block_1_100' title="bbox 1912 4256 3497 4327">
    <p class='ocr_par' dir='ltr' id='par_1_100' title="bbox 1912 4256 3497 4327">
     <span class='ocr_line' id='line_1_100' title="bbox 1912 4256 3497 4327; baseline 0 -18"><span class='ocrx_word' id='word_1_829' title='bbox 1912 4257 2049 4310; x_wconf 91' lang='lat' dir='ltr'><strong>teria</strong></span> <span class='ocrx_word' id='word_1_830' title='bbox 2083 4257 2306 4326; x_wconf 91' lang='lat' dir='ltr'><strong>accipit,</strong></span> <span class='ocrx_word' id='word_1_831' title='bbox 2336 4265 2396 4312; x_wconf 91' lang='lat' dir='ltr'><strong>ut</strong></span> <span class='ocrx_word' id='word_1_832' title='bbox 2431 4267 2485 4311; x_wconf 91' lang='lat' dir='ltr'><strong>et</strong></span> <span class='ocrx_word' id='word_1_833' title='bbox 2516 4258 2587 4312; x_wconf 88' lang='lat' dir='ltr'><strong>sit</strong></span> <span class='ocrx_word' id='word_1_834' title='bbox 2612 4258 2661 4310; x_wconf 86' lang='lat' dir='ltr'><strong>id</strong></span> <span class='ocrx_word' id='word_1_835' title='bbox 2686 4257 2833 4327; x_wconf 88' lang='lat' dir='ltr'><strong>quod</strong></span> <span class='ocrx_word' id='word_1_836' title='bbox 2852 4264 2938 4310; x_wconf 91' lang='lat' dir='ltr'><strong>est</strong></span> <span class='ocrx_word' id='word_1_837' title='bbox 2956 4256 3243 4311; x_wconf 80' lang='lat' dir='ltr'><strong>eLhabeat</strong></span> <span class='ocrx_word' id='word_1_838' title='bbox 3274 4256 3327 4310; x_wconf 91' lang='lat' dir='ltr'><strong>id</strong></span> <span class='ocrx_word' id='word_1_839' title='bbox 3357 4257 3497 4326; x_wconf 89' lang='lat' dir='ltr'><strong>quod</strong></span> 
     </span>
    </p>
   </div>
   <div class='ocr_carea' id='block_1_101' title="bbox 1913 4348 3498 4418">
    <p class='ocr_par' dir='ltr' id='par_1_101' title="bbox 1913 4348 3498 4418">
     <span class='ocr_line' id='line_1_101' title="bbox 1913 4348 3498 4418; baseline 0.002 -17"><span class='ocrx_word' id='word_1_840' title='bbox 1913 4349 2116 4405; x_wconf 72' lang='lat' dir='ltr'><strong>habet?</strong></span> <span class='ocrx_word' id='word_1_841' title='bbox 2164 4348 2224 4403; x_wconf 88' lang='lat' dir='ltr'><strong>Si</strong></span> <span class='ocrx_word' id='word_1_842' title='bbox 2274 4350 2501 4405; x_wconf 89' lang='lat' dir='ltr'><strong>materia</strong></span> <span class='ocrx_word' id='word_1_843' title='bbox 2560 4350 2659 4413; x_wconf 89' lang='lat' dir='ltr'><strong>iis,</strong></span> <span class='ocrx_word' id='word_1_844' title='bbox 2692 4364 2813 4417; x_wconf 66' lang='lat' dir='ltr'><strong>qua:</strong></span> <span class='ocrx_word' id='word_1_845' title='bbox 2839 4365 2906 4403; x_wconf 83' lang='lat' dir='ltr'><strong>ex</strong></span> <span class='ocrx_word' id='word_1_846' title='bbox 2936 4349 3028 4402; x_wconf 78' lang='lat' dir='ltr'><strong>illa</strong></span> <span class='ocrx_word' id='word_1_847' title='bbox 3058 4348 3216 4416; x_wconf 88' lang='lat' dir='ltr'><strong>ﬁunt,</strong></span> <span class='ocrx_word' id='word_1_848' title='bbox 3240 4349 3498 4418; x_wconf 79' lang='lat' dir='ltr'><strong>primarit’</strong></span> 
     </span>
    </p>
   </div>
   <div class='ocr_carea' id='block_1_102' title="bbox 1911 4442 3496 4513">
    <p class='ocr_par' dir='ltr' id='par_1_102' title="bbox 1911 4442 3496 4513">
     <span class='ocr_line' id='line_1_102' title="bbox 1911 4442 3496 4513; baseline 0.002 -19"><span class='ocrx_word' id='word_1_849' title='bbox 1911 4442 2202 4510; x_wconf 86' lang='lat' dir='ltr'><strong>subjicitur</strong></span> <span class='ocrx_word' id='word_1_850' title='bbox 2227 4453 2279 4496; x_wconf 88' lang='lat' dir='ltr'><strong>et</strong></span> <span class='ocrx_word' id='word_1_851' title='bbox 2303 4442 2479 4496; x_wconf 91' lang='lat' dir='ltr'><strong>inest:</strong></span> <span class='ocrx_word' id='word_1_852' title='bbox 2507 4442 2784 4511; x_wconf 88' lang='lat' dir='ltr'><strong>quomodo</strong></span> <span class='ocrx_word' id='word_1_853' title='bbox 2810 4442 3012 4496; x_wconf 71' lang='lat' dir='ltr'><strong>cmlum</strong></span> <span class='ocrx_word' id='word_1_854' title='bbox 3033 4482 3049 4505; x_wconf 89' lang='lat'><strong>,</strong></span> <span class='ocrx_word' id='word_1_855' title='bbox 3076 4457 3203 4496; x_wconf 91' lang='lat' dir='ltr'><strong>cum</strong></span> <span class='ocrx_word' id='word_1_856' title='bbox 3224 4443 3307 4498; x_wconf 81' lang='lat' dir='ltr'><strong>sit</strong></span> <span class='ocrx_word' id='word_1_857' title='bbox 3348 4443 3496 4513; x_wconf 81' lang='lat' dir='ltr'><strong>inge-</strong></span> 
     </span>
    </p>
   </div>
   <div class='ocr_carea' id='block_1_103' title="bbox 1843 4535 3495 4629">
    <p class='ocr_par' dir='ltr' id='par_1_103' title="bbox 1843 4535 3495 4629">
     <span class='ocr_line' id='line_1_103' title="bbox 1843 4535 3495 4629; baseline 0.002 -42"><span class='ocrx_word' id='word_1_858' title='bbox 1843 4575 1886 4629; x_wconf 69' lang='grc' dir='ltr'>υ</span> <span class='ocrx_word' id='word_1_859' title='bbox 1915 4535 2109 4597; x_wconf 82' lang='grc' dir='ltr'><strong>ιιίιιπη,</strong></span> <span class='ocrx_word' id='word_1_860' title='bbox 2145 4550 2257 4588; x_wconf 90' lang='lat' dir='ltr'><strong>non</strong></span> <span class='ocrx_word' id='word_1_861' title='bbox 2281 4550 2445 4589; x_wconf 89' lang='lat' dir='ltr'><strong>secus</strong></span> <span class='ocrx_word' id='word_1_862' title='bbox 2477 4543 2659 4589; x_wconf 89' lang='lat' dir='ltr'><strong>tamen</strong></span> <span class='ocrx_word' id='word_1_863' title='bbox 2689 4550 2752 4589; x_wconf 88' lang='lat' dir='ltr'><strong>ac</strong></span> <span class='ocrx_word' id='word_1_864' title='bbox 2775 4535 2982 4606; x_wconf 79' lang='lat' dir='ltr'><strong>genita,</strong></span> <span class='ocrx_word' id='word_1_865' title='bbox 3014 4535 3303 4590; x_wconf 90' lang='lat' dir='ltr'><strong>materiam</strong></span> <span class='ocrx_word' id='word_1_866' title='bbox 3338 4536 3495 4591; x_wconf 66' lang='grc' dir='ltr'><strong>Ιιειικι</strong></span> 
     </span>
    </p>
   </div>
   <div class='ocr_carea' id='block_1_104' title="bbox 1915 4626 2624 4696">
    <p class='ocr_par' dir='ltr' id='par_1_104' title="bbox 1915 4626 2624 4696">
     <span class='ocr_line' id='line_1_104' title="bbox 1915 4626 2624 4696; baseline -0.003 -15"><span class='ocrx_word' id='word_1_867' title='bbox 1915 4626 2218 4696; x_wconf 89' lang='lat' dir='ltr'><strong>subjectam</strong></span> <span class='ocrx_word' id='word_1_868' title='bbox 2266 4634 2323 4681; x_wconf 90' lang='lat' dir='ltr'><strong>et</strong></span> <span class='ocrx_word' id='word_1_869' title='bbox 2364 4626 2624 4681; x_wconf 81' lang='lat' dir='ltr'><strong>insitam?</strong></span> 
     </span>
    </p>
   </div>
   <div class='ocr_carea' id='block_1_105' title="bbox 2083 4713 3293 4785">
    <p class='ocr_par' dir='ltr' id='par_1_105' title="bbox 2083 4713 3293 4785">
     <span class='ocr_line' id='line_1_105' title="bbox 2083 4713 3293 4785; baseline 0 -13"><span class='ocrx_word' id='word_1_870' title='bbox 2083 4717 2170 4772; x_wconf 78' lang='lat'><strong>5‘5.</strong></span> <span class='ocrx_word' id='word_1_871' title='bbox 2205 4716 2285 4771; x_wconf 78' lang='lat' dir='ltr'><strong>Ea:</strong></span> <span class='ocrx_word' id='word_1_872' title='bbox 2313 4722 2491 4772; x_wconf 83' lang='lat' dir='ltr'><strong>eodem</strong></span> <span class='ocrx_word' id='word_1_873' title='bbox 2522 4718 2676 4781; x_wconf 82' lang='lat' dir='ltr'><strong>libro,</strong></span> <span class='ocrx_word' id='word_1_874' title='bbox 2713 4718 2870 4779; x_wconf 85' lang='lat' dir='ltr'><strong>ibid.,</strong></span> <span class='ocrx_word' id='word_1_875' title='bbox 2902 4731 2952 4770; x_wconf 80' lang='grc' dir='ltr'><strong>ε.</strong></span> <span class='ocrx_word' id='word_1_876' title='bbox 2984 4717 3048 4777; x_wconf 81' lang='lat'><strong>&#39;5.</strong></span> <span class='ocrx_word' id='word_1_877' title='bbox 3086 4732 3140 4785; x_wconf 88' lang='lat' dir='ltr'><strong>p.</strong></span> <span class='ocrx_word' id='word_1_878' title='bbox 3169 4713 3293 4773; x_wconf 72' lang='lat'><strong>286.</strong></span> 
     </span>
    </p>
   </div>
   <div class='ocr_carea' id='block_1_106' title="bbox 1993 4800 3499 4878">
    <p class='ocr_par' dir='ltr' id='par_1_106' title="bbox 1993 4800 3499 4878">
     <span class='ocr_line' id='line_1_106' title="bbox 1993 4800 3499 4878; baseline 0.001 -19"><span class='ocrx_word' id='word_1_879' title='bbox 1993 4826 2013 4858; x_wconf 73' lang='grc' dir='ltr'><strong>ι</strong></span> <span class='ocrx_word' id='word_1_880' title='bbox 2032 4800 2484 4876; x_wconf 75' lang='lat' dir='ltr'><strong>Quandoquidem</strong></span> <span class='ocrx_word' id='word_1_881' title='bbox 2502 4809 2701 4862; x_wconf 74' lang='lat' dir='ltr'><strong>ctelum</strong></span> <span class='ocrx_word' id='word_1_882' title='bbox 2733 4808 2977 4863; x_wconf 86' lang='lat' dir='ltr'><strong>divinum</strong></span> <span class='ocrx_word' id='word_1_883' title='bbox 3002 4807 3278 4877; x_wconf 89' lang='lat' dir='ltr'><strong>quoddam</strong></span> <span class='ocrx_word' id='word_1_884' title='bbox 3297 4823 3499 4878; x_wconf 86' lang='lat' dir='ltr'><strong>corpus</strong></span> 
     </span>
    </p>
   </div>
   <div class='ocr_carea' id='block_1_107' title="bbox 1914 4899 3498 4970">
    <p class='ocr_par' dir='ltr' id='par_1_107' title="bbox 1914 4899 3498 4970">
     <span class='ocr_line' id='line_1_107' title="bbox 1914 4899 3498 4970; baseline -0.001 -17"><span class='ocrx_word' id='word_1_885' title='bbox 1914 4908 2018 4965; x_wconf 90' lang='lat' dir='ltr'><strong>est,</strong></span> <span class='ocrx_word' id='word_1_886' title='bbox 2050 4900 2256 4953; x_wconf 75' lang='lat' dir='ltr'><strong>idcireo</strong></span> <span class='ocrx_word' id='word_1_887' title='bbox 2308 4915 2509 4969; x_wconf 83' lang='lat' dir='ltr'><strong>corpus</strong></span> <span class='ocrx_word' id='word_1_888' title='bbox 2559 4901 2855 4954; x_wconf 91' lang='lat' dir='ltr'><strong>rotundum</strong></span> <span class='ocrx_word' id='word_1_889' title='bbox 2896 4900 3081 4964; x_wconf 91' lang='lat' dir='ltr'><strong>habet,</strong></span> <span class='ocrx_word' id='word_1_890' title='bbox 3130 4899 3277 4970; x_wconf 86' lang='lat' dir='ltr'><strong>quod</strong></span> <span class='ocrx_word' id='word_1_891' title='bbox 3304 4911 3498 4954; x_wconf 88' lang='lat' dir='ltr'><strong>natura</strong></span> 
     </span>
    </p>
   </div>
   <div class='ocr_carea' id='block_1_108' title="bbox 1916 4992 3496 5062">
    <p class='ocr_par' dir='ltr' id='par_1_108' title="bbox 1916 4992 3496 5062">
     <span class='ocr_line' id='line_1_108' title="bbox 1916 4992 3496 5062; baseline 0 -18"><span class='ocrx_word' id='word_1_892' title='bbox 1916 5007 2131 5061; x_wconf 81' lang='lat' dir='ltr'><strong>semper</strong></span> <span class='ocrx_word' id='word_1_893' title='bbox 2189 4992 2243 5045; x_wconf 92' lang='lat' dir='ltr'><strong>in</strong></span> <span class='ocrx_word' id='word_1_894' title='bbox 2279 4993 2467 5045; x_wconf 90' lang='lat' dir='ltr'><strong>orbem</strong></span> <span class='ocrx_word' id='word_1_895' title='bbox 2520 4994 2737 5062; x_wconf 82' lang='lat' dir='ltr'><strong>agitur?</strong></span> <span class='ocrx_word' id='word_1_896' title='bbox 2765 4994 2877 5047; x_wconf 85' lang='lat' dir='ltr'><strong>Cur</strong></span> <span class='ocrx_word' id='word_1_897' title='bbox 2932 5001 3116 5046; x_wconf 82' lang='lat' dir='ltr'><strong>autem</strong></span> <span class='ocrx_word' id='word_1_898' title='bbox 3172 5008 3282 5047; x_wconf 89' lang='lat' dir='ltr'><strong>non</strong></span> <span class='ocrx_word' id='word_1_899' title='bbox 3322 5002 3496 5046; x_wconf 89' lang='lat' dir='ltr'><strong>tolum</strong></span> 
     </span>
    </p>
   </div>
   <div class='ocr_carea' id='block_1_109' title="bbox 1914 5083 3495 5161">
    <p class='ocr_par' dir='ltr' id='par_1_109' title="bbox 1914 5083 3495 5161">
     <span class='ocr_line' id='line_1_109' title="bbox 1914 5083 3495 5161; baseline 0.006 -27"><span class='ocrx_word' id='word_1_900' title='bbox 1914 5083 2038 5135; x_wconf 69' lang='grc' dir='ltr'><strong>εικιί</strong></span> <span class='ocrx_word' id='word_1_901' title='bbox 2068 5083 2572 5161; x_wconf 33' lang='lat' dir='ltr'><strong>corpus&#39;ejusmodi</strong></span> <span class='ocrx_word' id='word_1_902' title='bbox 2597 5084 2720 5147; x_wconf 77' lang='lat' dir='ltr'><strong>est?</strong></span> <span class='ocrx_word' id='word_1_903' title='bbox 2748 5084 3023 5149; x_wconf 81' lang='lat' dir='ltr'><strong>Quoniam</strong></span> <span class='ocrx_word' id='word_1_904' title='bbox 3074 5084 3129 5136; x_wconf 91' lang='lat' dir='ltr'><strong>in</strong></span> <span class='ocrx_word' id='word_1_905' title='bbox 3148 5099 3217 5138; x_wconf 88' lang='lat' dir='ltr'><strong>eo</strong></span> <span class='ocrx_word' id='word_1_906' title='bbox 3242 5100 3495 5154; x_wconf 84' lang='lat' dir='ltr'><strong>corpore.</strong></span> 
     </span>
    </p>
   </div>
   <div class='ocr_carea' id='block_1_110' title="bbox 1912 5174 3496 5247">
    <p class='ocr_par' dir='ltr' id='par_1_110' title="bbox 1912 5174 3496 5247">
     <span class='ocr_line' id='line_1_110' title="bbox 1912 5174 3496 5247; baseline 0.001 -20"><span class='ocrx_word' id='word_1_907' title='bbox 1912 5174 2055 5240; x_wconf 88' lang='lat' dir='ltr'><strong>quod</strong></span> <span class='ocrx_word' id='word_1_908' title='bbox 2081 5175 2134 5228; x_wconf 90' lang='lat' dir='ltr'><strong>in</strong></span> <span class='ocrx_word' id='word_1_909' title='bbox 2160 5176 2348 5230; x_wconf 89' lang='lat' dir='ltr'><strong>orbem</strong></span> <span class='ocrx_word' id='word_1_910' title='bbox 2380 5174 2579 5247; x_wconf 79' lang='lat' dir='ltr'><strong>fertur,</strong></span> <span class='ocrx_word' id='word_1_911' title='bbox 2624 5175 2829 5245; x_wconf 91' lang='lat' dir='ltr'><strong>aliquid</strong></span> <span class='ocrx_word' id='word_1_912' title='bbox 2861 5176 3169 5230; x_wconf 87' lang='lat' dir='ltr'><strong>consistere</strong></span> <span class='ocrx_word' id='word_1_913' title='bbox 3184 5186 3419 5247; x_wconf 79' lang='lat' dir='ltr'><strong>Oportet,</strong></span> <span class='ocrx_word' id='word_1_914' title='bbox 3444 5177 3496 5230; x_wconf 89' lang='lat' dir='ltr'><strong>id</strong></span> 
     </span>
    </p>
   </div>
   <div class='ocr_carea' id='block_1_111' title="bbox 1912 5265 3498 5338">
    <p class='ocr_par' dir='ltr' id='par_1_111' title="bbox 1912 5265 3498 5338">
     <span class='ocr_line' id='line_1_111' title="bbox 1912 5265 3498 5338; baseline 0.003 -21"><span class='ocrx_word' id='word_1_915' title='bbox 1912 5265 2161 5320; x_wconf 81' lang='lat' dir='ltr'><strong>videlith</strong></span> <span class='ocrx_word' id='word_1_916' title='bbox 2200 5267 2345 5336; x_wconf 87' lang='lat' dir='ltr'><strong>quod</strong></span> <span class='ocrx_word' id='word_1_917' title='bbox 2393 5268 2447 5321; x_wconf 88' lang='lat' dir='ltr'><strong>in</strong></span> <span class='ocrx_word' id='word_1_918' title='bbox 2478 5267 2656 5321; x_wconf 88' lang='lat' dir='ltr'><strong>medio</strong></span> <span class='ocrx_word' id='word_1_919' title='bbox 2684 5272 2789 5324; x_wconf 88' lang='lat' dir='ltr'><strong>est.</strong></span> <span class='ocrx_word' id='word_1_920' title='bbox 2830 5267 3007 5321; x_wconf 84' lang='lat' dir='ltr'><strong>Porro</strong></span> <span class='ocrx_word' id='word_1_921' title='bbox 3034 5267 3203 5336; x_wconf 89' lang='lat' dir='ltr'><strong>hujus</strong></span> <span class='ocrx_word' id='word_1_922' title='bbox 3246 5268 3498 5338; x_wconf 88' lang='lat' dir='ltr'><strong>corporis</strong></span> 
     </span>
    </p>
   </div>
   <div class='ocr_carea' id='block_1_112' title="bbox 1913 5356 3501 5432">
    <p class='ocr_par' dir='ltr' id='par_1_112' title="bbox 1913 5356 3501 5432">
     <span class='ocr_line' id='line_1_112' title="bbox 1913 5356 3501 5432; baseline 0.004 -23"><span class='ocrx_word' id='word_1_923' title='bbox 1913 5357 2032 5411; x_wconf 83' lang='lat' dir='ltr'><strong>ﬁeri</strong></span> <span class='ocrx_word' id='word_1_924' title='bbox 2065 5360 2254 5428; x_wconf 90' lang='lat' dir='ltr'><strong>nequit</strong></span> <span class='ocrx_word' id='word_1_925' title='bbox 2282 5368 2344 5413; x_wconf 91' lang='lat' dir='ltr'><strong>ut</strong></span> <span class='ocrx_word' id='word_1_926' title='bbox 2375 5375 2504 5429; x_wconf 87' lang='lat' dir='ltr'><strong>pars</strong></span> <span class='ocrx_word' id='word_1_927' title='bbox 2533 5356 2664 5423; x_wconf 81' lang='lat' dir='ltr'><strong>ulla,</strong></span> <span class='ocrx_word' id='word_1_928' title='bbox 2684 5376 2752 5415; x_wconf 90' lang='lat' dir='ltr'><strong>ne</strong></span> <span class='ocrx_word' id='word_1_929' title='bbox 2783 5361 2837 5414; x_wconf 92' lang='lat' dir='ltr'><strong>in</strong></span> <span class='ocrx_word' id='word_1_930' title='bbox 2870 5360 3055 5415; x_wconf 88' lang='lat' dir='ltr'><strong>medio</strong></span> <span class='ocrx_word' id='word_1_931' title='bbox 3076 5361 3320 5431; x_wconf 85' lang='lat' dir='ltr'><strong>quidem,</strong></span> <span class='ocrx_word' id='word_1_932' title='bbox 3343 5379 3501 5432; x_wconf 84' lang='lat' dir='ltr'><strong>pror—</strong></span> 
     </span>
    </p>
   </div>
   <div class='ocr_carea' id='block_1_113' title="bbox 1915 5451 3499 5524">
    <p class='ocr_par' dir='ltr' id='par_1_113' title="bbox 1915 5451 3499 5524">
     <span class='ocr_line' id='line_1_113' title="bbox 1915 5451 3499 5524; baseline 0.003 -21"><span class='ocrx_word' id='word_1_933' title='bbox 1915 5463 2012 5503; x_wconf 86' lang='lat' dir='ltr'><strong>sus</strong></span> <span class='ocrx_word' id='word_1_934' title='bbox 2069 5451 2357 5506; x_wconf 89' lang='lat' dir='ltr'><strong>consistat.</strong></span> <span class='ocrx_word' id='word_1_935' title='bbox 2394 5451 2614 5523; x_wconf 83' lang='lat' dir='ltr'><strong>Alioqui</strong></span> <span class='ocrx_word' id='word_1_936' title='bbox 2643 5454 2789 5506; x_wconf 91' lang='lat' dir='ltr'><strong>enim</strong></span> <span class='ocrx_word' id='word_1_937' title='bbox 2848 5454 3121 5509; x_wconf 84' lang='lat' dir='ltr'><strong>naturalis</strong></span> <span class='ocrx_word' id='word_1_938' title='bbox 3150 5454 3275 5524; x_wconf 86' lang='lat' dir='ltr'><strong>ejus</strong></span> <span class='ocrx_word' id='word_1_939' title='bbox 3317 5463 3499 5509; x_wconf 84' lang='lat' dir='ltr'><strong>motus</strong></span> 
     </span>
    </p>
   </div>
   <div class='ocr_carea' id='block_1_114' title="bbox 1982 5746 3493 5825">
    <p class='ocr_par' dir='ltr' id='par_1_114' title="bbox 1982 5746 3493 5825">
     <span class='ocr_line' id='line_1_114' title="bbox 1982 5746 3493 5825; baseline 0.009 -26"><span class='ocrx_word' id='word_1_940' title='bbox 2128 5749 2321 5825; x_wconf 50' lang='lat' dir='ltr'><strong>[uita</strong></span> <span class='ocrx_word' id='word_1_941' title='bbox 2345 5750 2577 5825; x_wconf 55' lang='grc' dir='ltr'><strong>ἔτεκεν.</strong></span> <span class='ocrx_word' id='word_1_942' title='bbox 2604 5751 2844 5825; x_wconf 74' lang='lat' dir='ltr'><strong>ItaReg.</strong></span> <span class='ocrx_word' id='word_1_943' title='bbox 2872 5756 2927 5810; x_wconf 78' lang='grc' dir='ltr'><strong>Ι,</strong></span> <span class='ocrx_word' id='word_1_944' title='bbox 2949 5754 3097 5809; x_wconf 84' lang='lat' dir='ltr'><strong>Editi</strong></span> <span class='ocrx_word' id='word_1_945' title='bbox 3118 5756 3296 5811; x_wconf 79' lang='grc' dir='ltr'><strong>ταῦτα</strong></span> <span class='ocrx_word' id='word_1_946' title='bbox 3327 5758 3385 5811; x_wconf 80' lang='grc' dir='ltr'><strong>δὲ</strong></span> <span class='ocrx_word' id='word_1_947' title='bbox 3409 5758 3493 5814; x_wconf 75' lang='grc' dir='ltr'><strong>ἓν.</strong></span> 
     </span>
    </p>
   </div>
   <div class='ocr_carea' id='block_1_115' title="bbox 1982 5818 3491 5903">
    <p class='ocr_par' dir='ltr' id='par_1_115' title="bbox 1982 5818 3491 5903">
     <span class='ocr_line' id='line_1_115' title="bbox 1982 5818 3491 5903; baseline 0.007 -29"><span class='ocrx_word' id='word_1_948' title='bbox 1982 5818 2100 5887; x_wconf 67' lang='grc'><strong>(41)</strong></span> <span class='ocrx_word' id='word_1_949' title='bbox 2136 5818 2263 5872; x_wconf 72' lang='grc' dir='ltr'><strong>Ἐπί</strong></span> <span class='ocrx_word' id='word_1_950' title='bbox 2290 5821 2397 5875; x_wconf 83' lang='grc' dir='ltr'><strong>τοῦ</strong></span> <span class='ocrx_word' id='word_1_951' title='bbox 2418 5822 2636 5891; x_wconf 82' lang='grc' dir='ltr'><strong>μέσον.</strong></span> <span class='ocrx_word' id='word_1_952' title='bbox 2670 5818 2817 5897; x_wconf 53' lang='lat' dir='ltr'><strong>Reg:</strong></span> <span class='ocrx_word' id='word_1_953' title='bbox 2851 5834 3084 5891; x_wconf 78' lang='lat' dir='ltr'><strong>uterque</strong></span> <span class='ocrx_word' id='word_1_954' title='bbox 3103 5828 3197 5879; x_wconf 76' lang='grc' dir='ltr'><strong>ἐπὶ</strong></span> <span class='ocrx_word' id='word_1_955' title='bbox 3220 5829 3299 5889; x_wconf 82' lang='grc' dir='ltr'><strong>τῷ</strong></span> <span class='ocrx_word' id='word_1_956' title='bbox 3320 5828 3491 5903; x_wconf 80' lang='grc' dir='ltr'><strong>μέσῳ.</strong></span> 
     </span>
    </p>
   </div>
   <div class='ocr_carea' id='block_1_116' title="bbox 3123 5922 3202 5982">
    <p class='ocr_par' dir='ltr' id='par_1_116' title="bbox 3123 5922 3202 5982">
     <span class='ocr_line' id='line_1_116' title="bbox 3123 5922 3202 5982; baseline 0.038 -3"><span class='ocrx_word' id='word_1_957' title='bbox 3123 5922 3202 5982; x_wconf 73' lang='grc' dir='ltr'><strong>ιε</strong></span> 
     </span>
    </p>
   </div>
   <div class='ocr_carea' id='block_1_117' title="bbox 3835 2054 3871 2125">
    <p class='ocr_par' dir='ltr' id='par_1_117' title="bbox 3835 2054 3871 2125">
     <span class='ocr_line' id='line_1_117' title="bbox 3835 2054 3871 2125; baseline 0 -34"><span class='ocrx_word' id='word_1_958' title='bbox 3835 2054 3871 2125; x_wconf 54' lang='grc' dir='ltr'><strong>ἐι</strong></span> 
     </span>
    </p>
   </div>
  </div>
