4104 6436
655 398 792 452 αδδ-ι
1414 394 1781 452 ΑΡΡΕΝΒΙΧ.
1812 427 1881 439 -ο
1916 397 2099 453 PARS
2138 398 2181 454 I.
2221 399 2235 449 ξ

2340 394 2589 453 IUSTINI
2630 391 2858 449 ΟΡΕΒΑ
2900 388 3166 446 SPURIA.
3820 380 3967 438 ίειε

653 510 721 563 ad
771 509 1008 563 medium
1070 507 1309 563 ferretur
1362 509 1579 581 (natura
1616 527 1738 567 vero
1789 514 1844 567 in
1886 513 2073 569 orbem
2122 530 2235 569 mo-

2345 512 2451 585 γάρ
2478 511 2631 583 παρά
2680 509 2839 580 φύσιν
2885 506 3070 560 ἀΐδιον.
3108 504 3372 575 Ὕστερον
3401 503 3458 555 δέ
3485 502 3547 554 τὸ
3590 498 3766 572 παρά
3798 498 3970 567 φύσιν

652 601 851 671 vetor),
878 614 1054 670 neque
1080 609 1260 654 motus
1276 612 1424 656 esset
1452 611 1713 659 aeternus.
1738 602 1885 658 Nihil
1915 606 2061 661 enim
2087 606 2234 676 quod

2340 604 2432 659 τοὸ
2474 604 2615 657 κατά
2655 603 2849 672 φύσιν
2885 600 2980 653 καὶ
3014 592 3281 660 ἔκστασις
3304 595 3415 668 (ιε)
3437 612 3523 657 τις
3574 595 3743 646 ἐστὶν
3792 593 3857 644 ἐν
3898 595 3967 662 τῇ

653 700 848 762 praeter
879 702 1132 746 naturam
1164 701 1271 758 est,
1307 688 1574 748 aeternum
1607 704 1713 751 est.
1750 694 1815 749 Et
1845 696 1993 766 quod
2021 704 2235 768 ιρι-αξιοι·

2340 696 2548 765 γενέσει
2574 695 2638 747 τὸ
2670 691 3001 765 παρὰφύσιν
3027 688 3122 742 τοῦ
3151 687 3293 743 κατά
3321 686 3502 755 φύσιν.
3548 684 3970 756 Ἀνάγκτιτοί-

653 793 904 838 naturam
931 792 1036 851 est,
1057 800 1133 861 leo
1154 785 1304 855 quod
1356 786 1662 841 secundum
1692 796 1948 842 naturam
1978 797 2085 856 est,
2116 803 2235 860 pos-

2340 807 2432 843 νυν
2469 788 2573 859 γῆν
2612 783 2779 840 εἶναι·
2839 782 2999 837 τοῦτο
3046 780 3155 853 γὰρ
3198 780 3397 851 ἠρεμεῖ
3448 778 3542 830 ἐπὶ
3587 777 3693 829 τοῦ
3756 777 3967 846 μέσον.

653 878 826 931 terius
858 885 963 931 est.
997 875 1240 947 Et-quod
1276 885 1483 948 praeter.
1514 888 1770 934 naturam
1817 886 1926 944 est,
1961 880 2235 935 aberratiu

2353 879 2509 935 Ἀλλά
2542 880 2647 950 μὴν
2679 880 2729 931 εί
2775 876 2902 946 γῆν,
2934 874 3148 942 ἀνάγκη
3196 872 3290 926 καὶ
3319 869 3431 941 πῦρ
3457 865 3621 922 εἶναι.
3656 867 3800 921 Τῶν
3851 865 3969 937 γὰρ

652 964 911 1032 (ιυαιᾱοῐη
943 972 1028 1018 est
1060 965 1115 1018 in
1147 966 1502 1035 generatione
1550 968 1620 1022 ab
1649 983 1716 1022 eo
1757 968 1905 1039 quod
1934 968 2235 1023 secundum

2340 972 2596 1042 ἐναντίων
2624 971 2674 1024 εί
2696 969 2924 1041 θάτερον
2952 966 3135 1035 φύσει,
3166 964 3380 1034 ἀνάγκη
3408 964 3503 1016 καὶ
3531 961 3785 1030 θάτερον
3818 955 3967 1013 εἶναι

654 1063 927 1109 naturam.
958 1054 1201 1110 Terram.
1223 1058 1389 1127 igitur
1407 1073 1533 1114 esse
1566 1074 1794 1115 necesse
1820 1068 1925 1115 est.
1951 1059 2086 1114 Nam
2121 1060 2235 1115 hec

2341 1065 2528 1138 φύσει,
2569 1063 2775 1133 ἐάνπερ
2807 1055 2842 1134 ᾗ
2882 1056 3144 1121 ἐναντίον,
3178 1054 3275 1109 καὶ
3304 1055 3365 1107 τὸ
3399 1048 3534 1105 εἷναί
3590 1068 3729 1105 τινα
3782 1049 3967 1105 αὐτώ

654 1146 707 1199 in
731 1146 912 1200 medio
946 1148 1322 1216 conquiescit.
1362 1149 1521 1216 Quod
1552 1151 1600 1206 si
1633 1146 1862 1215 terram,
1896 1152 2074 1222 ignem
2099 1160 2235 1221 quo-

2340 1156 2520 1226 φύσιν.
2563 1155 2627 1207 Ἦ
2671 1152 2781 1223 γάρ
2830 1150 2967 1220 αὐτὴ
2994 1148 3094 1219 ῠλη
3115 1146 3223 1199 τῶν
3260 1144 3520 1199 ἐναντίων
3550 1144 3653 1197 καὶ
3682 1142 3801 1211 τῆς
3836 1158 3967 1197 me

652 1254 759 1307 que
788 1254 912 1295 esse
951 1250 1187 1310 oportet.
1232 1241 1436 1297 Eorum
1473 1244 1676 1313 quippe
1696 1258 1820 1314 quae
1848 1243 2067 1299 diversa
2095 1243 2235 1298 inter

2341 1250 2553 1321 ρήσεως
2604 1244 2849 1317 προτέρα
2871 1258 2884 1273 ο
2938 1242 3083 1309 λέγω
3120 1238 3177 1292 δέ
3206 1232 3317 1290 οἷον
3361 1237 3429 1297 τὰ
3450 1235 3659 1307 θερμὸν
3702 1234 3819 1287 τοῦ
3850 1234 3961 1304 ψυ-

653 1349 712 1387 se
733 1341 882 1398 sunt,
914 1335 961 1390 si
991 1336 1223 1391 alterum
1251 1343 1449 1390 natura
1472 1342 1580 1399 est,
1613 1336 1847 1389 alterum
1877 1334 2043 1407 576
2069 1336 2235 1391 etiam

2340 1338 2495 1411 χροῦ.
2540 1336 2700 1391 Ἀλλά
2732 1335 2839 1407 μὴν
2866 1333 3024 1413 εἴπερ
3051 1330 3169 1384 ἐστὶ
3198 1326 3309 1401 πῦρ
3346 1327 3441 1383 καὶ
3460 1328 3553 1397 γῆ,
3586 1328 3829 1397 ἀνάγκη
3858 1328 3962 1380 καὶ

651 1421 846 1479 natura
879 1441 1022 1489 esse,
1060 1426 1356 1497 (siquidem
1406 1426 1748 1503 contrarium
1777 1427 1871 1497 sit)
1902 1435 1955 1482 et
1995 1427 2235 1498 aliquam

2340 1432 2410 1485 τὰ
2465 1429 2668 1503 μεταξὺ
2699 1426 2884 1483 αὐτῶν
2929 1419 3070 1480 εἶναι
3117 1422 3365 1493 σώματα.
3420 1419 3793 1475 Ἐναντίωσιν
3845 1419 3961 1489 γὰρ

651 1518 773 1586 ejus
798 1526 1052 1573 naturam
1083 1534 1230 1584 esse,
1279 1533 1510 1575 necesse
1538 1526 1642 1574 est.
1668 1515 1793 1589 Ipsa
1830 1518 1977 1575 enim
2006 1520 2235 1576 materia

2340 1522 2568 1576 ἕκαστον
2596 1520 2710 1591 ἔχει
2738 1518 2877 1589 πρὸς
2912 1516 3141 1570 ἕκαστον
3169 1512 3276 1566 τῶν
3310 1509 3586 1581 στοιχείων
3608 1526 3623 1539 ο
3651 1508 3958 1562 τούτωνᾶ

649 1618 705 1663 et
730 1610 1025 1665 contrariis
1052 1617 1107 1665 et
1128 1610 1438 1681 privatione
1467 1611 1620 1680 prior
1644 1618 1759 1675 est,
1782 1610 1880 1667 sed
1900 1619 1959 1665 ut
1999 1611 2235 1666 calidum

2342 1611 2713 1684 ὑπαρχόντων,
2745 1608 2999 1679 φανερὸν,
3038 1606 3121 1660 ὅτι
3164 1603 3391 1679 ἀνάγκη
3412 1603 3627 1671 γένεσιν
3676 1598 3834 1655 εἶναι
3863 1602 3959 1655 διὰ

652 1702 869 1773 frigido.
908 1702 1013 1759 Sed
1047 1712 1227 1758 tamen
1275 1704 1320 1774 si
1344 1703 1489 1774 ignis
1523 1711 1579 1758 et
1601 1711 1770 1767 terra,
1806 1718 2033 1759 necesse
2076 1710 2235 1759 estet

2340 1687 2411 1759 τδ
2435 1705 2598 1776 μηδὲν
2627 1697 2738 1755 οἷόν
2764 1703 2810 1754 τ’
2843 1698 3020 1753 αὐτῶν
3051 1694 3192 1751 εἶναι
3234 1697 3423 1769 ἀΐδιον.
3456 1694 3671 1765 Πάσχει
3699 1695 3825 1765 γὰρ
3856 1694 3956 1747 καὶ

650 1794 938 1865 interjecta
958 1811 1082 1851 esse
1112 1796 1257 1851 inter
1287 1804 1583 1865 utrumque
1605 1811 1858 1865 corpora.
1887 1796 2235 1851 Contrarium

2340 1799 2484 1849 ποιεῖ
2510 1794 2579 1848 τά
2611 1792 2830 1847 ἐναντία
2857 1791 2946 1844 ὑπ’
2967 1788 3229 1859 ἀλλήλων,
3252 1788 3348 1842 καὶ
3375 1786 3654 1858 φθαρτικὰ
3688 1785 3954 1856 ἀλλήλων

648 1887 795 1941 enim
855 1894 937 1942 est
992 1887 1422 1956 unumquodque
1466 1887 1765 1956 unicuique
1813 1888 2233 1944 elementorum.

2341 1886 2515 1939 ἐστίν’
2554 1885 2752 1938 Ἔτιδὲ
2789 1885 2890 1937 οὐκ
2938 1882 3178 1951 εὔλογον,
3214 1877 3354 1936 εἶναί
3388 1898 3442 1932 τι
3484 1878 3711 1949 κινητὸν
3739 1878 3952 1960 ἀζδιον,

650 1975 777 2031 11ώο
830 1992 955 2031 cum
999 1977 1071 2031 ita
1106 1977 1238 2041 sint,
1269 1986 1497 2032 nedesse
1525 1986 1609 2032 est
1637 1992 1761 2032 esse
1798 1978 2265 2053 generationem.

647 2069 777 2138 quia
806 2069 1022 2123 horum‘
1056 2069 1189 2123 nihil
1232 2077 1500 2123 mternum
1537 2056 1661 2124 esse
1700 2077 1904 2139 potest.
1934 2068 2237 2137 ‘Patiuntur

647 2160 793 2215 enim
825 2170 877 2215 et
908 2160 1121 2215 faciunt
1166 2161 1270 2224 sibi
1310 2160 1543 2215 invicem
1577 2161 1877 2223 contraria,
1903 2176 2073 2233 seque
2096 2161 2238 2217 iuvi-

646 2267 765 2307 cem
798 2242 1182 2323 corrumpunt.
1218 2251 1425 2307 Deinde
1457 2266 1588 2306 vero
1616 2266 1725 2306 non
1749 2259 1833 2307 est
1863 2252 2063 2306 rationi
2096 2268 2234 2307 con-

648 2352 993 2407 sentaneum,
1027 2350 1086 2399 ut
1110 2344 1309 2399 mobile
1349 2342 1631 2413 quidpiam
1663 2350 1928 2399 aeternum
1952 2345 2045 2409 sit,
2074 2344 2235 2414 cujus

648 2452 756 2490 non
787 2442 965 2504 potest
989 2445 1228 2490 aeternus
1258 2450 1382 2490 esse
1412 2434 1717 2489 secundum
1748 2444 2002 2489 naturam
2032 2443 2237 2492 motus.

649 2524 799 2581 Talis
852 2534 1036 2580 autem
1094 2526 1292 2580 horum
1339 2532 1520 2580 motus
1570 2528 1675 2580 est.
1708 2526 1786 2580 Ac
1830 2526 2237 2596 generationem

646 2618 869 2687 quidem
929 2618 1302 2672 necessariam
1326 2631 1471 2680 esse,
1498 2633 1567 2671 ex
1596 2617 1683 2672 his
1714 2617 1850 2672 satis
1887 2626 2055 2689 patet.
2081 2617 2240 2683 Quod

652 2708 697 2760 si
731 2708 1168 2776 generationem,
1193 2722 1421 2762 necesse
1443 2707 1607 2761 etiam
1640 2708 1747 2761 erit
1772 2708 1933 2761 aliam
1963 2723 2089 2764 esse
2111 2724 2235 2764 cor-

650 2797 982 2867 ruptionem,
1009 2798 1093 2851 vel
1118 2813 1306 2861 unam,
1330 2799 1417 2852 vel
1446 2799 1652 2868 plures.
1673 2797 1808 2851 Nam
1843 2814 1942 2868 pro
1976 2814 2043 2854 eo
2073 2809 2237 2869 atque

650 2888 918 2958 integrum
938 2904 997 2943 se
1029 2890 1191 2943 habet
1221 2904 1445 2959 corpus,
1484 2890 1857 2967 necessarium
1901 2898 1986 2945 est
2018 2906 2077 2945 se
2110 2905 2238 2945 cor-

2338 1969 2400 2029 οἶ)
2432 1977 2507 2048 μὴ
2528 1976 2801 2046 ἐνδέχεται
2829 1974 2971 2029 κατά
2998 1974 3159 2045 φύσιν
3189 1968 3326 2025 εἶναι
3357 1972 3455 2043 τὴν
3488 1972 3712 2041 κίνησιν
3740 1954 3949 2024 ἅδιον,

2339 2068 2556 2121 Τούτων
2586 2067 2631 2120 δ’
2660 2066 2778 2119 ἐστι
2825 2067 3061 2136 κίνησις.
3104 2066 3228 2117 Ὅτι
3281 2064 3378 2134 μὲν
3414 2062 3591 2115 τοίνυν
3628 2062 3950 2131 ἀναγκαῖον

2337 2157 2475 2215 εἶναι
2505 2159 2739 2227 γένεσιν,
2774 2160 2839 2211 ἐκ
2866 2157 3071 2211 τούτων
3099 2157 3254 2227 δῆλον
3279 2173 3293 2187 ·
3324 2156 3373 2207 εί
3403 2154 3460 2207 δὲ
3485 2156 3729 2222 γένεσιν,
3763 2154 3948 2221 ἀναγ-

2339 2255 2490 2307 καῖον
2507 2241 2760 2305 εἶναικαὶ
2788 2251 2952 2321 ἀλλην
2969 2248 3195 2320 φθορὰν,
3225 2248 3259 2318 ἢ
3277 2248 3426 2319 μίαν,
3456 2247 3489 2319 ἢ
3512 2245 3759 2311 πλείους.
3776 2248 3947 2300 Κατά

2342 2345 2450 2416 γὰρ
2477 2343 2575 2414 τὴν
2604 2343 2699 2398 τοῦ
2729 2343 2875 2405 ὅλου,
2905 2340 3167 2403 ὡσαύτως
3210 2340 3504 2407 ἀναγκαῖον
3534 2336 3684 2407 ἐχειν
3734 2339 3840 2390 καὶ
3877 2339 3944 2389 τὰ

2345 2439 2582 2507 στοιχεῖα
2609 2435 2717 2487 τῶν
2746 2434 3013 2504 σωμάτων
3036 2432 3174 2503 πρὸς
3201 2431 3423 2502 ἄλληλα.
3455 2429 3568 2483 Νῦν
3588 2430 3645 2482 δὲ
3674 2430 3942 2483 τοσοῦτόν

2343 2529 2459 2580 ἐστι
2486 2526 2751 2599 δῆλονδιά
2803 2525 2925 2578 τίνα
2978 2524 3158 2577 αἰτίαν
3193 2522 3362 2577 πλείω
3405 2520 3476 2575 τὰ
3516 2521 3793 2590 ὲγκύκλιά
3820 2524 3941 2574 ἐστι

2346 2618 2595 2689 σώματα,
2645 2619 2727 2671 ὅτι
2776 2616 2989 2685 ἀνάγκη
3028 2615 3239 2683 γένεσιν
3258 2609 3431 2679 εἶναι,
3460 2611 3619 2686 εἰπερ
3654 2618 3754 2669 καὶ
3782 2615 3905 2687 πῦρ
3924 2634 3936 2645 ο

2340 2710 2497 2762 τοῦτο
2526 2708 2582 2761 δὲ
2602 2710 2697 2761 καὶ
2724 2708 2793 2761 τά
2823 2706 2977 2773 ἄλλα,
2998 2707 3156 2779 εἴπερ
3192 2707 3286 2760 καὶ
3314 2707 3413 2777 τὴν
3442 2706 3545 2777 γῆν
3565 2724 3578 2736 ·
3612 2706 3826 2775 ταύτην
3858 2707 3937 2770 δὲ,

2340 2801 2423 2853 δτι
2461 2799 2673 2869 ἀνάγκη
2712 2799 2809 2869 μὲν
2846 2794 2986 2867 εἷναί
3017 2797 3060 2829 ι’
3088 2814 3142 2850 τι
3174 2797 3278 2864 ἀεὶ,
3325 2797 3483 2867 εἴπερ
3522 2798 3618 2849 καὶ
3658 2797 3938 2853 κινεῖσθαί

2342 2907 2396 2942 τι
2424 2892 2529 2943 ἀεί.
2576 2910 2593 2942 ι

647 2995 844 3049 porum
894 2996 1112 3051 quoque
1166 2982 1434 3036 elementa
1480 2984 1623 3036 inter
1646 2998 1705 3037 se
1742 2982 1978 3036 invicem
1998 2983 2227 3038 habere.
2265 2982 2322 3037 In
2346 2984 2635 3054 praesentia
2676 2983 2897 3052 quidem
2951 2990 3162 3037 tantum
3218 2982 3424 3053 liquet,
3462 2995 3627 3052 quam
3679 2981 3755 3035 ob
3792 2996 3934 3035 catt-

648 3058 767 3124 sam
821 3073 977 3142 plura
1028 3074 1141 3127 sint
1185 3073 1421 3127 rotunda
1461 3066 1743 3143 corpora“,
1783 3075 1912 3145 quia
1952 3076 2360 3147 generationem
2417 3092 2541 3133 esse
2590 3091 2816 3131 necesse
2862 3085 2980 3141 est;
3027 3075 3433 3147 generationem
3486 3081 3697 3137 autem,
3754 3073 3934 3143 siqui-

648 3164 773 3219 dem
805 3176 857 3220 et
892 3168 1071 3237 ignem
1109 3183 1122 3219 :
1155 3167 1304 3221 hunc
1335 3183 1466 3223 vero
1518 3176 1573 3222 et
1631 3169 1762 3233 alia,
1804 3170 2074 3239 siquidem
2132 3179 2186 3225 et
2238 3180 2438 3226 terram
2473 3191 2485 3226 :
2516 3172 2656 3225 hanc
2699 3170 2864 3241 porro
2922 3170 3049 3241 quia
3101 3169 3409 3225 consistere
3450 3164 3660 3237 aliquid
3705 3181 3931 3236 semper

648 3275 880 3316 necesse
908 3268 1025 3329 est;
1060 3261 1332 3331 siquidem
1364 3270 1419 3318 et
1466 3264 1673 3319 moveri
1705 3264 1914 3335 aliquid
1939 3281 2175 3335 semper.
2209 3284 2229 3318 ι

724 3374 781 3428 Si
811 3374 935 3427 (εωιί
966 3389 1190 3445 corpus,
1219 3374 1347 3445 quia
1400 3391 1504 3431 nec
1545 3378 1867 3448 gravitatem
1915 3394 2017 3434 nec
2048 3380 2235 3435 levita-

2415 3380 2477 3432 El
2503 3377 2592 3430 διά
2625 3377 2722 3448 μὲν
2746 3378 2809 3430 τὸ
2858 3376 2933 3448 μὴ
2971 3376 3114 3447 ἔχειν
3147 3374 3427 3447 βαρύτητα
3467 3376 3563 3428 καὶ
3614 3374 3931 3444 κωφότητα

646 3456 756 3521 tem
784 3468 968 3531 habet,
1002 3483 1204 3538 corpus
1231 3478 1335 3531 est,
1354 3469 1501 3539 quod
1525 3470 1735 3524 circum
1762 3470 2003 3526 medium
2020 3488 2238 3543 semper

648 3558 907 3619 volvitur,
945 3566 1118 3612 totum
1151 3559 1341 3629 utique
1369 3575 1572 3630 corpus
1600 3562 1727 3617 coeli
1759 3563 1972 3618 circum
1994 3564 2236 3619 medium

650 3651 797 3705 volvi
830 3665 1059 3705 necesse
1089 3658 1193 3705 est.
1221 3650 1319 3704 Sin
1349 3652 1551 3706 etelum
1581 3652 2093 3724 ejusmodiquidem
2120 3670 2238 3711 cor-

646 3760 753 3813 pus
779 3744 959 3803 habet,
1018 3750 1225 3796 motum
1256 3752 1439 3797 autem
1472 3742 1745 3812 ejusmodi
1775 3759 1888 3799 non
1911 3745 2075 3800 habet
2106 3764 2119 3800 :
2150 3746 2237 3800 ni-

649 3836 849 3890 mirum
908 3843 1107 3905 praeter
1163 3844 1417 3888 naturam
1466 3843 1735 3891 movetur.
1791 3834 1849 3891 Si
1878 3837 2005 3891 coeli
2034 3852 2237 3909 corpus

647 3926 858 3980 circum
876 3925 1115 3981 medium
1136 3934 1409 3990 movetur,
1440 3942 1551 3980 non
1576 3934 1750 3981 totum
1775 3942 1905 3982 vero
1930 3930 2236 3985 secundum

649 4026 856 4071 motum
888 4017 1165 4080 elementi,
1197 4007 1276 4072 es
1299 4032 1409 4086 quo
1439 4032 1642 4087 corpus
1688 4033 1812 4073 esse
1864 4019 2089 4085 dicitur,
2141 4022 2237 4077 sed

648 4110 705 4162 in
721 4110 930 4183 orbem,
953 4110 1279 4180 migratione
1310 4110 1412 4163 sibi
1433 4110 1821 4165 obsistentium
1851 4112 2084 4168 invicem
2113 4128 2238 4184 par-

651 4204 785 4253 tium
806 4220 817 4255 :
852 4201 1129 4271 quomodo
1146 4209 1329 4256 motus
1350 4202 1444 4271 qui
1464 4202 1519 4255 in
1536 4202 1726 4264 orbem
1746 4201 1826 4266 ﬁt,
1846 4204 2101 4258 elementi
2122 4220 2239 4260 mo-

650 4298 766 4345 tum
788 4307 895 4346 non
912 4293 1173 4363 superat?
1192 4292 1357 4362 Atqui
1381 4292 1712 4362 corporibus
1730 4308 1853 4363 qua:
1867 4309 1933 4349 ex
1950 4296 2235 4352 elementis

648 4392 927 4449 constant,
962 4393 1145 4440 motus
1188 4385 1617 4457 haudquaquam
1657 4386 1963 4441 secundum
2003 4388 2234 4444 formam

648 4483 754 4542 est,
795 4478 891 4532 sed
922 4480 1225 4532 secundum
1250 4474 1543 4541 elementa,
1572 4493 1636 4533 cx
1686 4478 1889 4548 quibus
1930 4489 2185 4537 constant
2219 4499 2231 4533 :

648 4569 927 4637 quomodo
957 4569 1123 4639 igitur
1151 4585 1181 4623 e
1216 4570 1344 4623 οωιὶ
1380 4584 1614 4640 corpore
1645 4571 1907 4625 motionis
1932 4573 2234 4629 necessitas

649 4660 937 4715 immutata
966 4662 1089 4715 est?
1137 4660 1405 4729 Corpori,
1445 4662 1595 4731 quod
1645 4678 1749 4717 nec
1775 4663 2098 4733 gravitatem
2131 4680 2233 4719 nec

2342 3474 2460 3525 ἐστὶ
2512 3471 2671 3542 σῶμα
2713 3471 2799 3524 ἀεὶ
2841 3469 3060 3539 κινητὸν
3102 3469 3231 3539 περὶ
3257 3466 3317 3519 τὸ
3350 3466 3515 3536 μέσον
3558 3463 3655 3517 τοῦ
3692 3465 3930 3537 οὐρανοῦ

2342 3566 2537 3634 σῶμα·
2587 3564 2800 3634 ἀνάγκη
2845 3562 2955 3633 ἄρα
2995 3561 3114 3615 ὅλον
3143 3561 3206 3613 τὸ
3246 3559 3404 3630 σῶμα
3443 3557 3538 3611 τοῦ
3566 3558 3799 3627 οὐρανοῦ
3840 3575 3929 3611 κι-

2340 3657 2549 3711 νεῖσθαι
2578 3658 2707 3728 περὶ
2733 3656 2795 3708 τὸ
2826 3657 3016 3727 μέσον·
3046 3655 3097 3708 εἰ
3136 3654 3194 3707 δέ
3224 3653 3382 3723 σῶμα
3412 3653 3510 3723 μὲν
3537 3649 3785 3703 τοιοῦτον
3814 3650 3929 3721 ἔχει

2340 3750 2369 3802 ὁ
2397 3749 2648 3820 οὐρανὸς,
2703 3749 2919 3818 κίνησιν
2974 3746 3031 3799 δέ
3069 3744 3327 3815 τοιαύτην
3373 3745 3473 3796 οὐκ
3518 3742 3654 3813 ἔχει,
3684 3741 3927 3811 δηλονότι

2342 3841 2493 3912 παρά
2523 3841 2684 3909 φύσιν
2714 3842 2963 3893 κινεῖται.
2996 3838 3061 3891 Εἰ
3094 3838 3223 3907 περὶ
3250 3837 3312 3889 τὸ
3360 3836 3541 3907 μέσον,
3565 3836 3800 3888 κινεῖται
3831 3833 3927 3887 τοῦ

2340 3931 2572 4002 οὐρανοῦ
2604 3932 2782 4001 σῶμα,
2811 3931 2910 4001 οὐχ
2928 3929 3048 3982 ὅλον
3064 3928 3122 3981 δὲ
3155 3928 3297 3983 κατά
3325 3926 3426 3998 τὴν
3451 3924 3623 3998 φορὰν
3653 3924 3751 3978 τοῦ
3784 3941 3927 3978 στοι-

2341 4022 2487 4092 χείου
2524 4022 2583 4087 ἐξ
2611 4014 2672 4074 οὗ
2717 4020 2855 4075 εἶναι
2885 4022 3099 4090 λέγεται
3121 4021 3182 4073 τὸ
3212 4018 3394 4090 σῶμα,
3437 4017 3575 4073 ἀλλά
3619 4018 3927 4089 σφαιρικῶς

2341 4114 2485 4168 κατά
2514 4113 2968 4184 άντιμετάστασιν
3003 4110 3114 4166 τῶν
3155 4111 3335 4183 μερῶν
3358 4128 3372 4141 ’
3406 4110 3524 4173 πῶς
3551 4111 3675 4179 οὐχὶ
3710 4113 3745 4180 η
3778 4128 3927 4180 σφαι-

2344 4204 2473 4277 ρικὴ
2501 4205 2714 4273 κίνησις
2743 4205 3029 4274 ἐπικρατεῖ
3044 4202 3141 4273 τὴν
3160 4202 3423 4271 στοιχείου
3452 4200 3700 4271 κίνησιν;
3731 4202 3920 4256 Καίτοι

2340 4293 2591 4364 οὐδαμῶς
2621 4297 2733 4357 τοῖς
2780 4294 2845 4347 ἐκ
2896 4293 3005 4346 τῶν
3052 4291 3332 4363 στοιχείων
3368 4289 3615 4360 σώμασιν
3638 4292 3674 4359 ὴ
3714 4291 3923 4361 κίνησις

2341 4385 2483 4437 κατά
2500 4386 2560 4437 τὸ
2591 4380 2724 4447 εἶδος
2743 4384 2855 4455 (45)
2899 4384 3153 4455 ὑπάρχει,
3197 4381 3334 4436 ἀλλά
3375 4381 3516 4436 κατά
3555 4379 3626 4433 τὰ
3668 4386 3918 4452 στοιχεῖα,

2340 4475 2400 4539 ἐξ
2453 4470 2528 4527 ὧν
2581 4479 2719 4528 είσι·
2781 4475 2899 4539 πῶς
2955 4471 3048 4528 οὖν
3090 4476 3157 4549 ἐκ
3202 4473 3297 4527 τοῦ
3343 4470 3574 4544 οὐρανοῦ
3607 4471 3916 4544 σώματοςη

2340 4568 2553 4639 ἀνάγκη
2585 4569 2683 4639 τῆς
2712 4568 2979 4637 κινήσεως
3017 4565 3374 4636 ὲνήλλακται;
3413 4564 3633 4635 mpm
3666 4567 3804 4636 μήτε
3827 4565 3916 4636 βα-

2345 4660 2551 4730 ρύτητα
2605 4659 2799 4728 ἔχοντι,
2860 4658 2996 4729 μήτε
3053 4658 3382 4728 κούφοτητα,
3438 4657 3734 4724 ἀναγκαῖόν
3781 4659 3914 4711 ἐστιν

647 4752 926 4806 levitatem
959 4751 1142 4816 habet,
1178 4767 1404 4808 necesse
1427 4760 1512 4809 est
1536 4753 1872 4809 immobilem
1912 4756 2087 4825 magis
2109 4771 2232 4811 esse

2340 4752 2481 4822 ἔχειν
2513 4751 2700 4804 στάσιν
2742 4751 2997 4821 ἀκίνητον
3024 4749 3225 4820 μᾶλλον
3254 4749 3288 4820 ἢ
3335 4748 3546 4819 κίνησιν
3576 4748 3827 4802 ἄστατον.
3857 4751 3909 4802 Ei

649 4843 1032 4906 stabilitatem,
1076 4856 1241 4911 quam
1268 4851 1477 4897 motum
1518 4844 1855 4900 instabilem.
1889 4844 2024 4899 Nam
2055 4845 2103 4901 si
2133 4862 2234 4903 nec

646 4935 887 5004 pondere
909 4933 1167 4988 deorsum
1188 4933 1381 4997 fertur,
1403 4950 1502 4990 nec
1520 4936 1741 4990 levitate
1764 4952 2008 5000 sursum,
2039 4945 2097 4991 ut
2132 4940 2234 4991 im-

647 5026 847 5080 mobile
872 5033 1111 5088 maneat,
1148 5041 1373 5103 necesse
1395 5036 1499 5081 est.
1528 5026 1586 5081 Si
1618 5044 1811 5083 saxum
1843 5030 1897 5082 in
1930 5031 2075 5100 globi
2108 5046 2233 5100 spe-

645 5118 786 5173 ciem
816 5110 1183 5187 eﬂingeretur,
1211 5124 1266 5172 et
1294 5117 1349 5171 in
1378 5133 1503 5173 aere
1523 5128 1840 5188 poneretur,
1877 5131 1935 5175 ut
1963 5123 2017 5175 in
2050 5122 2230 5177 locum

646 5224 808 5265 suum
825 5208 1084 5263 deorsum
1111 5207 1371 5274 ferretur,
1390 5224 1502 5263 non
1532 5210 1665 5263 illud
1692 5210 1940 5282 profecto
1969 5213 2229 5268 deorsum

646 5300 705 5353 in
721 5300 930 5364 orbem,
950 5308 1174 5369 propter
1192 5298 1425 5354 formam
1445 5303 1621 5371 ipsam
1653 5318 1774 5358 sese
1797 5290 2098 5360 volutando
2127 5305 2231 5360 fer-

645 5400 817 5457 retur,
852 5393 946 5447 sed
1002 5404 1152 5447 recta
1186 5408 1287 5463 pro
1318 5394 1585 5463 gravitate
1618 5409 1739 5449 sua.
1770 5395 2057 5461 Quomodo
2098 5412 2227 5467 ergo

718 5548 760 5578 “’
800 5546 929 5617 Leg.
969 5548 1168 5615 μένειν.

714 5666 825 5735 (42)
860 5664 967 5717 Kal
994 5664 1302 5735 ἔκστασις.
1338 5664 1463 5721 "me
1504 5673 1695 5721 mutuo
1726 5672 1942 5733 sumpta
1974 5663 2042 5717 ab
2104 5664 2225 5717 Ari-

640 5734 835 5791 stotele
868 5735 1073 5787 addidit
1106 5734 1449 5805 Sylburgius.

717 5806 829 5875 MD)
862 5805 1021 5857 Κατὰ
1052 5807 1115 5858 τὸ
1138 5800 1482 5878 ἑῐδοςξιὶεε.
1513 5824 1549 5873 ι,
1586 5808 1675 5860 καὶ
1707 5806 1766 5858 τὸ
1792 5800 1946 5867 εἶδος.

2342 4845 2450 4915 γάρ
2485 4845 2620 4916 μήτε
2650 4843 2755 4897 ὑπὸ
2790 4842 3091 4914 βαρύτητός
3116 4842 3234 4894 ἐστι
3280 4840 3619 4911 κατωφερὲς,
3653 4844 3792 4912 μήτε
3818 4844 3912 4895 ὑπὸ

2343 4937 2673 5006 κουφότητος
2701 4936 2999 5007 ἀνωφερὲς,
3033 4934 3249 5003 ἀνάγκη
3284 4932 3464 5003 μένειν
3493 4932 3631 4985 αὐτὸ
3644 4934 3908 5003 ἀκίνητον.

2340 5028 2406 5081 Εἰ
2429 5026 2829 5098 ἐσχηματίζετο
2858 5026 3003 5089 λίθος
3035 5025 3114 5095 τῷ
3140 5026 3241 5095 τῆς
3263 5025 3499 5094 σφαίρας
3530 5025 3796 5095 σχήματι,
3830 5028 3909 5079 καὶ

2340 5119 2549 5172 ἐτίθετο
2579 5121 2636 5170 ἐν
2664 5116 2743 5188 τῷ
2776 5119 2920 5188 ἀέρι,
2977 5116 3261 5185 ἐνεχθῆναι
3303 5114 3454 5168 κάτω
3481 5115 3561 5176 είς
3583 5114 3685 5184 τὴν
3729 5115 3908 5169 ἐαυτοῦ

2340 5211 2545 5283 χώραν,
2568 5212 2669 5263 οὐκ
2710 5210 2776 5264 ἂν
2831 5211 3058 5283 ἐφέρετο
3104 5210 3255 5263 κάτω
3281 5207 3599 5277 κυλιόμενος
3622 5207 3909 5278 σφαιρικῶς

2337 5305 2424 5359 διὰ
2450 5306 2511 5358 τὸ
2557 5306 2761 5376 σχῆμα,
2806 5304 2943 5358 ἀλλὰ
2986 5306 3105 5358 κατ’
3143 5302 3355 5357 εὐθεῖαν
3388 5303 3616 5375 ἐφέρετο
3654 5301 3798 5355 κατά
3824 5302 3908 5373 τὴν

2336 5397 2529 5451 ἑαυτοῦ
2572 5396 2883 5468 βαρύτητα’
2942 5395 3060 5458 πῶς
3103 5396 3166 5449 τὸ
3216 5395 3465 5466 πέμπτον
3494 5394 3608 5466 (4-4)
3642 5397 3905 5465 στοιχεῖον,

2337 5732 2369 5787 b
2410 5662 2521 5743 (ἀεί)
2546 5661 2678 5728 Πῶς
2710 5663 2775 5717 τὸ
2804 5664 3094 5733 πέμπτον.
3126 5663 3327 5720 Deesse
3361 5658 3454 5717 οὖν
3486 5662 3772 5717 admonuit
3798 5660 3898 5727 Syl-

2376 5749 2584 5787 urmus.

2376 5749 2584 5804 urgius.
