4104 6444
173 448 309 503 1519

849 441 1291 502 CONFUTA'HO
1333 428 1778 509 QUORUMDAM
1821 440 2283 498 ARISTOTELIS
2323 428 2739 502 DOGMATUM.

3301 453 3444 508 1350

164 567 228 630 ἐξ
255 560 315 618 οὗ
347 565 492 616 ἐστὶν
521 566 548 616 6
590 561 838 640 οὐρανὸς,
872 562 935 614 τὺ
968 560 1212 630 πεφυκὸς
1243 561 1370 631 περὶ
1401 558 1463 610 τὸ
1492 559 1653 629 μέσον
1673 575 1748 611 κι-

1861 557 2137 626 quintum,
2176 575 2243 614 ex
2291 575 2402 632 quo
2432 562 2632 615 coelum
2662 569 2767 625 εει,
2790 562 3146 634 elementum,
3186 567 3334 636 quod
3374 569 3446 623 ita

163 656 375 709 νεῖσθαι
415 655 505 708 διά
543 655 604 706 τὸ
637 653 712 724 μὴ
758 652 902 722 ἔχειν
953 650 1230 722 βαρύτητα
1264 649 1298 720 ἦ
1331 649 1663 719 κουφότητα,
1689 649 1751 702 οὐ

165 748 310 803 κατά
340 751 436 822 τὴν
477 747 682 801 οἰκείαν
707 745 868 816 φύσιν
899 745 1020 798 ὅλον
1050 745 1148 797 σὺν
1182 745 1294 805 τοῖς
1332 739 1529 813 ἑαυτοῦ
1556 741 1750 813 μέρεσι

164 841 392 912 φέρεται
437 840 562 909 περὶ
601 839 662 890 τὸ
688 838 875 908 μέσον,
907 836 1043 889 ἀλλά
1076 833 1383 905 σφαιρικῶς
1414 832 1556 886 κατὰ
1605 833 1753 886 ἀντι-

167 935 497 1005 μετάστασιν
521 931 632 983 τῶν
656 930 838 1001 μερῶν
870 925 1123 991 κινεῖται,
1141 927 1239 998 τὴν
1271 926 1506 997 κίνησιν,
1539 926 1640 978 οὐκ
1659 921 1750 978 οὖ-

164 1043 267 1081 σαν
298 1025 398 1095 τῆς
436 1023 530 1076 τοῦ
571 1010 838 1092 στοιχείου
887 1020 1122 1089 φύσεως,
1155 1019 1289 1072 ἀλλά
1329 1017 1424 1072 τοῦ
1461 1019 1751 1090 σφαιρικοῧ

164 1119 482 1189 σχήματος;
514 1117 577 1168 Εἰ
609 1113 922 1184 οὖτε’παρά
954 1113 1137 1183 φύσιν,
1173 1112 1295 1166 οὔτε
1318 1113 1593 1204 ττεριττὸν,
1628 1112 1750 1167 οὔτε

167 1210 344 1280 μάτην
367 1209 513 1261 ἐστὶν
549 1209 738 1269 ἐντοῖς
764 1206 974 1269 ἀϊδίοις,
1011 1205 1129 1269 πῶς
1160 1208 1260 1258 οὐκ
1291 1204 1437 1258 ἔστιν
1467 1207 1496 1259 6
1527 1205 1752 1276 οὐρανὸς

166 1301 320 1372 παρὰ
372 1280 531 1368 φίόσιν
578 1299 919 1368 κινούμενος,
969 1299 1065 1351 καὶ
1115 1297 1291 1368 μάτην
1326 1297 1438 1367 ἔχει
1487 1297 1581 1350 τοῦ
1611 1314 1753 1350 στοι-

162 1394 312 1465 χείου
363 1394 461 1464 τὴν
506 1392 687 1461 φύσιν,
730 1391 854 1444 καθ’
887 1392 953 1462 ἢν
984 1390 1044 1443 οὐ
1065 1394 1317 1452 κινεῖται,
1358 1391 1452 1442 καὶ
1482 1389 1753 1460 περιττῶς

164 1487 272 1539 ὑπὸ
303 1486 395 1538 τοῦ
441 1482 670 1555 πρώτως
708 1482 983 1561 κινοῦντος
1026 1482 1101 1553 μὴ
1141 1481 1462 1552 κινουμένου
1523 1484 1751 1533 κινεῖται

164 1579 399 1648 κίνησιν,
443 1579 508 1647 ἣν
538 1579 630 1630 καὶ
686 1578 855 1648 χωρὶς
904 1577 1112 1630 ἐκείνου
1157 1575 1387 1646 ἠδύνατο
1427 1574 1749 1645 κινηθῆναι;

164 1669 229 1720 Εἰ
259 1667 332 1739 μὴ
372 1667 434 1719 τὸ
466 1667 709 1739 ἠρεμοῦν
739 1659 935 1739 ἠρέμει
967 1667 1056 1720 ἀεὶ
1095 1667 1189 1719 ἐπὶ
1216 1665 1309 1720 τοῦ
1348 1665 1536 1736 μέσου,
1558 1665 1657 1718 οὐκ
1687 1665 1750 1718 ἂν

163 1761 227 1813 το
249 1760 563 1830 κινούμενον
601 1753 688 1812 ἀεὶ
729 1759 858 1831 περὶ
891 1760 952 1812 τὸ
995 1759 1159 1830 μέσον
1189 1760 1419 1813 ἐκινεῖτο
1441 1777 1453 1790 ο
1490 1759 1609 1822 πῶς
1650 1759 1750 1811 οὐκ

164 1852 281 1904 ἐστι
342 1852 452 1922 (45)
507 1851 700 1920 ψευδὲς
745 1851 808 1903 τὸ
853 1850 945 1904 τὸν
1000 1851 1229 1922 οὐρανὸν
1261 1851 1525 1905 κινεῖσθαι
1558 1851 1647 1904 ἀεὶ
1682 1854 1747 1922 τῇ

165 1942 362 1996 ἑαυτοῦ
421 1943 614 2011 φύσεις
660 1944 724 1996 Et
897 1944 1002 2015 τὴν
1051 1944 1211 2013 φύσιν
1241 1943 1336 1996 καὶ
1380 1942 1479 2013 τὴν
1511 1941 1657 1994 θέσιν
1688 1943 1752 2012 ἣν

163 2035 280 2104 ἔχει
305 2034 467 2104 ἔσχεν
498 2037 530 2106 ἡ
566 2035 660 2106 γῆ,
686 2019 955 2098 ὡσαύτως
972 2036 1028 2089 δὲ
1049 2037 1143 2088 καὶ
1168 2037 1195 2088 6
1212 2035 1453 2111 ,οὐρανὸς
1484 2035 1532 2086 εί
1561 2032 1634 2104 μὴ
1652 2031 1753 2103 τὴν

162 2125 328 2194 φύσιν
359 2127 452 2178 καὶ
483 2126 580 2195 τὴν
610 2125 760 2179 θέσιν
791 2128 858 2196 ἢν
907 2126 1017 2196 ἔχει
1047 2126 1223 2196 ἔσχεν,
1253 2126 1353 2178 οὐκ
1388 2124 1453 2177 ἂν
1479 2123 1540 2176 τὸ
1573 2123 1752 2177 κινού-

165 2235 327 2287 μενον
354 2218 602 2281 ἐκινεῖτο,
636 2217 748 2270 οὔτ’
780 2219 845 2271 ἂν
865 2218 927 2270 τὸ
960 2217 1202 2288 ἠρεμοῦν
1244 2215 1473 2286 ἠρέμει·
1510 2215 1628 2277 πῶς
1659 2211 1752 2267 οὖν

163 2307 312 2364 ἀΐδια
342 2300 514 2363 τάὖτα
549 2311 643 2362 καὶ
676 2310 937 2380 ἀγένητα,
971 2304 1045 2362 ὧν
1073 2309 1134 2362 τὸ
1165 2309 1218 2360 τὶ
1239 2304 1398 2371 εἶναι,
1422 2308 1514 2360 καὶ
1545 2306 1607 2358 τὸ
1641 2306 1753 2368 πῶς

161 2399 302 2454 εἷναί
337 2404 483 2454 ἐστιν
529 2402 790 2472 ἐκατέρου
831 2401 920 2455 διὰ
967 2403 1225 2472 θάτερον·
1271 2401 1409 2471 ὅπερ
1445 2401 1592 2452 ἐστὶν
1621 2399 1753 2453 ίδιον

160 2494 272 2547 τῶν
304 2494 579 2563 γενητιῖ›ν;
615 2493 678 2546 Et
712 2496 769 2546 ὲν
799 2496 911 2556 τοῖς
954 2492 1145 2555 ἀϊδίοις
1169 2491 1291 2544 οὕτε
1321 2490 1460 2545 κατὰ
1497 2491 1752 2563 πρόνοιάν

161 2571 282 2639 ἐστί
311 2604 384 2648 τι,
418 2585 541 2638 οὔτε
568 2586 630 2638 τὸ
675 2585 982 2655 αὐτόματον
1037 2585 1125 2654 (τά
1154 2584 1262 2655 γάρ
1309 2582 1451 2636 κατά
1495 2583 1752 2655 πρόνοιαν

161 2678 392 2750 δεύτερα
411 2679 510 2748 τῆς
545 2678 798 2750 προνοίας
821 2694 834 2707 ·
875 2677 1045 2730 καὶτὸ
1077 2679 1194 2729 κατ’
1217 2676 1570 2746 αὐτόματονῆ
1602 2677 1752 2748 παρὰ

161 2771 326 2840 φύσιν
357 2772 388 2841 ἢ
425 2770 791 2842 συμϐεϐηκὸς,
827 2771 885 2823 ἐν
914 2772 1027 2833 τοῖς
1046 2769 1190 2823 κατά
1223 2769 1542 2842 προαίρεσιν
1573 2788 1754 2840 γιγνο-

165 2862 349 2932 μένοις
383 2862 560 2913 ὲστίνο
584 2860 808 2913 ἀλλάτδ
839 2861 940 2930 μὲν
972 2859 1316 2931 παράφύσιν
1347 2861 1597 2932 δεύτερόν
1635 2864 1751 2914 ἐστι

159 2953 257 3007 τοῦ
292 2953 432 3006 κατά
494 2953 683 3022 φύσιν·
737 2953 880 3007 κατὰ
907 2954 1018 3025 γάρ
1059 2943 1164 3024 τὴν
1191 2953 1462 3026 ἐκτροπὴν
1493 2953 1588 3007 τοῦ
1612 2956 1752 3010 κατὰ

161 3043 325 3113 φύσιν
368 3047 574 3112 γίνεται
605 3046 667 3098 τὸ
701 3044 852 3116 παρά
901 3045 1061 3113 φύσιν
1085 3063 1098 3075 ·
1135 3047 1228 3098 καὶ
1263 3047 1326 3099 τὸ
1354 3047 1649 3117 συμϐαῖνον
1692 3051 1750 3102 έν

157 3138 276 3198 τοῖς
303 3137 442 3190 κατά
477 3137 1143 3208 προαίρεσινγινομένοις
1186 3138 1444 3215 δεύτερόν
1497 3145 1612 3197 ἐστι
1654 3145 1752 3215 τῆς

161 3228 586 3300 προαιρέσεως)·
621 3228 750 3324 πῶς
790 3229 1024 3300 ὑπάρχει
1057 3229 1168 3300 (46)
1218 3233 1276 3284 ὲν
1303 3235 1418 3296 τοῖς
1462 3234 1654 3298 ἀϊδίοις
1687 3235 1748 3288 τὸ
1776 3267 1816 3324 C

159 3316 304 3375 εἶναι
327 3321 442 3374 τόδε
473 3321 559 3374 διὰ
586 3320 648 3374 τὸ
696 3315 836 3397 εῐνάι
875 3319 1003 3375 ἄλλο
1033 3323 1152 3375 τόδε
1190 3340 1278 3389 τι;
1311 3319 1442 3388 οἷον,
1490 3328 1675 3398 ἐπειδὴ
1720 3329 1748 3378 ὁ

159 3411 391 3482 οὐρανός
446 3414 616 3477 ἐστιν,
667 3414 965 3482 ἀναγκαῖον
993 3407 1132 3464 εἶναι
1168 3415 1262 3467 καὶ
1297 3415 1413 3484 τὴνκ
1429 3415 1532 3485 γῆν
1559 3431 1572 3445 ⁸
1609 3418 1658 3468 εἰ
1689 3416 1746 3469 δὲ

158 3505 256 3575 γῆ,
317 3503 413 3556 καὶ
461 3505 692 3575 οὐρανός
753 3507 890 3558 ἐστι.
925 3505 999 3557 Τὸ
1029 3505 1084 3557 δὲ
1107 3502 1364 3574 προνοίας
1384 3497 1532 3558 ἐστὶν
1563 3505 1743 3577 ἔργον,

155 3595 260 3666 τῆς
307 3594 424 3648 τόδε
483 3596 546 3648 τὸ
605 3597 727 3650 πᾶν·
772 3598 838 3650 ὲκ
875 3597 1154 3668 ,διαφόρων
1191 3580 1311 3650 κατ’
1340 3597 1530 3651 οὐσίαν
1555 3615 1616 3650 τε
1655 3601 1747 3652 καὶ

160 3689 350 3758 χρείαν
384 3688 565 3760 μερῶν
582 3689 903 3760 ποιησάσης.
932 3691 1001 3741 Ἦ
1025 3691 1132 3761 ἄρα
1151 3690 1252 3742 οὐκ
1273 3690 1417 3743 ἀῖδια
1439 3690 1467 3742 6
1487 3707 1548 3742 τε
1579 3692 1638 3743 οὐ
1650 3708 1745 3762 ρα-

159 3782 251 3844 νὸς
287 3781 379 3833 καὶ
408 3783 440 3852 ἡ
465 3782 556 3851 γῆ,
607 3782 701 3834 καὶ
732 3780 801 3833 τὰ
835 3784 892 3834 ὲν
935 3782 1118 3844 αὐτοῖς
1161 3783 1360 3848 πάντα,
1396 3781 1466 3835 τὰ
1506 3783 1644 3852 πρὸς
1684 3785 1746 3836 τὸ

153 3871 300 3927 εἷναί
325 3853 383 3926 τέ
406 3876 500 3928 καὶ
519 3877 689 3927 ποιεῖν
710 3875 803 3928 καὶ
821 3875 1054 3945 πάσχειν
1076 3875 1326 3946 ἀλλήλας
1355 3875 1710 3929 συντελοῦντα
1729 3893 1740 3906 ’

157 3968 196 4036 ἢ
231 3969 278 4020 εί
304 3967 469 4032 ἀΐδια,
500 3967 601 4020 οὐκ
632 3967 845 4038 ἀνάγκη
879 3967 996 4020 τόδε
1029 3967 1146 4020 τόδε
1197 3964 1358 4032 εἶναι,
1405 3967 1592 4040 ἐπειδὴ
1627 3968 1746 4021 τόδε

158 4060 280 4113 τόδε
310 4060 479 4113 ἐστίν.
503 4060 649 4113 Μίαν
681 4061 852 4113 ἀΐδιον
885 4050 1133 4131 ἀνάγκην
1163 4060 1496 4131 ὑποθέμενος
1524 4062 1553 4114 6
1597 4062 1744 4133 Ἀρι-

159 4150 438 4223 στοτέλης,
465 4138 667 4216 πολλάς
700 4153 865 4216 ἄλλας
897 4151 1104 4216 ἀϊδίους
1124 4153 1370 4221 ἀνάγκας
1401 4156 1466 4207 ὲκ
1485 4152 1586 4223 τῆς
1615 4155 1746 4206 ὐπο-

155 4245 409 4317 τεθείσης
451 4229 766 4318 ἐξήρτησεν.
829 4247 1089 4317 Ἀνάγκη,
1131 4247 1317 4319 φησιν,
1361 4242 1498 4300 εῖναι
1531 4247 1746 4316 κίνησιν

155 4336 329 4388 ἀΐδιον
353 4355 366 4366 ·
404 4339 452 4390 εί
474 4337 530 4389 δὲ
564 4338 798 4409 κίνησις,
820 4339 1032 4410 ἀνάγκη
1051 4336 1188 4392 εἶναι
1211 4341 1305 4397 καὶ
1325 4339 1516 4410 χρόνον
1537 4338 1706 4391 ἀΐδιον
1727 4354 1739 4367 ·

155 4427 392 4499 ἀριθμὸς
423 4429 533 4502 γὰρ
567 4431 839 4504 κινήσεως
866 4433 902 4497 ὁ,
931 4431 1141 4503 χρόνος.
1168 4433 1231 4484 Et
1254 4431 1310 4497 δὲ
1341 4431 1508 4494 ἀΐδιος
1537 4431 1745 4501 ἡκίνη-

158 4536 264 4585 σις,
300 4521 514 4592 ἀνάγκη
536 4522 705 4594 ταύτῃ
737 4520 877 4576 εἶναι
913 4524 1133 4594 συνεχῆ.
1171 4525 1232 4576 Ei
1263 4523 1321 4575 δὲ
1348 4523 1576 4593 συνεχὴς
1597 4524 1630 4592 ή
1663 4523 1744 4575 κί-

1856 656 2052 703 natura
2088 659 2466 721 comparatum
2488 659 2597 716 est,
2648 663 2708 708 ut
2740 653 2952 709 circum
2986 658 3227 712 medium
3258 662 3448 716 volva;

1854 747 1966 803 tur,
1996 743 2133 810 quia
2176 757 2278 797 nec
2306 743 2632 813 gravitatem
2668 744 2832 801 habet
2865 761 2968 801 nec
2996 747 3301 817 levitatem,
3336 769 3447 808 non

1852 838 2027 884 totum
2082 832 2386 887 secundum
2443 835 2719 904 pmpriam
2764 842 3017 890 naturam
3045 851 3171 893 cum
3197 843 3447 910 partibus

1854 922 1971 983 suis
1998 919 2206 977 circum
2229 924 2468 979 medium
2497 923 2692 990 fertur,
2724 926 2820 982 sed
2849 927 2905 981 in
2939 928 3126 984 orbem
3141 934 3446 988 secundum

1853 1014 2234 1084 migrationem
2286 1016 2526 1085 partium
2585 1016 2688 1073 sibi
2738 1019 3134 1075 obsistentium
3173 1035 3444 1092 movetur,

1854 1093 1947 1176 qui
1979 1115 2163 1161 motus
2192 1121 2302 1160 non
2337 1115 2548 1162 natura:
2566 1110 2960 1176 elementariaa,
2994 1113 3090 1168 sed
3109 1113 3299 1170 formae
3328 1119 3448 1187 glo-

1854 1199 2002 1255 bosa:
2032 1199 2140 1254 sit?
2163 1199 2220 1254 Si
2244 1201 2300 1253 in
2326 1201 2496 1257 rebus
2521 1204 2743 1258 aeternis
2767 1205 2907 1259 nihil
2935 1217 3030 1261 aut
3055 1219 3255 1279 praeter
3281 1220 3446 1266 natu-

1855 1307 1993 1356 ram,
2027 1299 2122 1346 aut
2163 1294 2523 1364 superﬂuum,
2549 1309 2647 1351 aut
2676 1299 2842 1352 etiam
2894 1298 3100 1355 frustra
3135 1310 3258 1370 εει,
3305 1320 3445 1374 quo-

1853 1383 2021 1438 modo
2041 1387 2240 1440 coelum
2272 1403 2381 1441 non
2411 1397 2610 1462 praeter
2641 1397 2892 1445 naturam
2924 1400 3194 1459 movetur,
3228 1408 3282 1452 et
3333 1397 3447 1452 fru-

1851 1487 1961 1534 stra
1987 1493 2093 1532 non
2122 1477 2286 1534 habet
2311 1479 2568 1535 elementi
2619 1489 2898 1548 naturam,
2931 1489 3237 1542 secundum
3279 1506 3446 1559 quam

1853 1582 1961 1620 non
2026 1576 2295 1635 movetur,
2354 1578 2409 1626 et
2448 1587 2560 1626 non
2605 1588 3013 1644 supervacanee
3045 1593 3076 1632 a
3125 1581 3304 1648 primo
3333 1598 3448 1638 mo-

1853 1665 1990 1724 tore,
2023 1661 2116 1728 qui
2142 1661 2258 1730 ipse
2279 1678 2389 1717 non
2420 1672 2694 1731 movetur,
2722 1665 2886 1737 577
2909 1669 2979 1723 ad
3006 1678 3211 1724 motum
3243 1673 3443 1737 cietur,

1853 1766 1963 1818 quo
1990 1753 2154 1806 etiam
2188 1757 2308 1809 sine
2336 1756 2457 1825 ipso
2482 1759 2690 1813 moveri
2723 1762 2946 1829 potest?
2975 1760 3034 1816 Si
3069 1779 3178 1817 non
3212 1765 3266 1819 id
3293 1767 3444 1836 quod

1854 1845 2110 1912 quiescit,
2145 1861 2365 1918 semper
2396 1852 2450 1904 in
2479 1851 2659 1906 medio
2684 1854 2994 1922 quieséeret
3019 1900 3034 1923 ,
3070 1873 3179 1912 non
3208 1860 3262 1913 id
3295 1868 3444 1915 certe

1854 1938 1998 2007 quod
2031 1952 2301 2007 movetur,
2333 1957 2550 2013 semper
2571 1945 2781 1999 circum
2827 1947 3068 2002 medium
3109 1959 3442 2006 moveretur.

1855 2029 1957 2095 Qui
1986 2047 2115 2100 ergo
2145 2021 2345 2090 falsum
2377 2052 2487 2090 non
2509 2044 2614 2104 est,
2645 2039 2845 2093 caelum
2872 2048 3067 2095 natura
3099 2059 3197 2097 sua
3228 2060 3445 2114 semper

1855 2125 2102 2179 moveri?
2125 2126 2242 2182 Nisi
2295 2143 2414 2184 eam
2459 2137 2605 2184 terra
2653 2141 2906 2186 naturam
2937 2142 2992 2189 et
3020 2136 3186 2190 situm
3220 2118 3444 2194 haberet

1854 2232 2014 2286 quem
2039 2216 2205 2273 habet
2231 2263 2245 2286 ,
2278 2220 2532 2277 similiter
2561 2224 2742 2277 autem
2767 2225 2994 2289 cmlum,
3027 2229 3133 2282 nisi
3163 2244 3285 2283 eam
3337 2247 3444 2284 na-

1852 2318 2031 2364 turam
2061 2321 2112 2367 et
2140 2313 2305 2367 situm
2343 2314 2568 2371 haberet
2595 2331 2756 2385 quem
2799 2318 2960 2374 habet
2993 2340 3006 2373 :
3041 2337 3154 2375 non
3198 2323 3251 2377 id
3295 2328 3442 2395 quod

1853 2413 2124 2468 movetur,
2155 2399 2469 2461 moveretur
2497 2427 2511 2462 :
2541 2425 2720 2480 neque
2743 2411 2796 2464 id
2828 2413 2973 2481 quod
3002 2415 3258 2483 quiescit,
3290 2419 3444 2486 quie-

1853 2506 2051 2553 sceret.
2078 2498 2364 2562 Quomodo
2388 2515 2518 2573 ergo
2539 2513 2741 2561 acterna
2773 2490 2888 2561 haec
2919 2516 2971 2562 et
2995 2509 3236 2580 ingenita
3262 2551 3276 2568 .
3303 2527 3441 2580 quo-

1852 2605 1973 2643 rum
2029 2600 2325 2663 utrumque
2381 2604 2610 2666 propter
2641 2598 2874 2653 alterum
2919 2600 3103 2668 habet,
3142 2612 3202 2656 ut
3235 2605 3440 2676 aliquid

1851 2683 1941 2744 sit,
1968 2690 2022 2738 et
2066 2685 2140 2737 ita
2196 2686 2298 2754 sit;
2349 2689 2496 2757 quod
2530 2690 2751 2758 quidem
2804 2695 3086 2764 proprium
3110 2704 3195 2750 est
3225 2713 3439 2758 eorum.

1851 2790 1972 2844 qua:
2009 2778 2188 2846 genita
2217 2785 2368 2834 sunt.
2397 2778 2453 2834 Si
2491 2782 2546 2835 in
2592 2784 2757 2839 rebus
2787 2788 3006 2844 aeternis
3036 2805 3213 2859 neque
3245 2807 3443 2846 secun-

1852 2865 1982 2920 dum
2033 2871 2458 2937 providentiam,
2509 2889 2687 2944 neque
2727 2877 2958 2933 fortuito
3003 2881 3303 2951 quidquam
3327 2894 3440 2948 est.

1852 2962 2002 3029 (nam
2032 2978 2153 3030 quae
2181 2966 2483 3020 secundum
2515 2970 2939 3038 providentiam,
2973 2977 3280 3042 posteriora
3314 2989 3443 3030 sunt

1851 3053 2217 3121 providentia.
2252 3055 2383 3122 Quae
2434 3067 2614 3114 autem
2649 3061 2908 3130 fortuito,
2937 3067 3030 3130 vel
3062 3076 3258 3136 praeter
3288 3078 3442 3122 natu-

1852 3157 1967 3196 ram
1993 3155 2140 3210 sunt,
2169 3148 2256 3202 vel
2285 3164 2379 3218 per
2406 3151 2664 3219 accidens
2695 3154 2749 3207 in
2797 3155 2865 3210 iis
2893 3171 3016 3225 quae
3067 3159 3233 3214 libere
3282 3160 3438 3215 ﬁunt.

1852 3235 1920 3287 At
1952 3236 2006 3289 id
2047 3238 2194 3306 quod
2250 3249 2450 3309 praeter
2477 3255 2754 3311 naturam,
2788 3250 3065 3316 pOSIerius
3088 3259 3172 3306 εει
3200 3268 3267 3306 eo
3293 3256 3439 3323 quod

1852 3330 2154 3384 secundum
2186 3341 2460 3390 naturam.
2498 3335 2583 3391 Fit
2611 3339 2754 3393 enim
2781 3340 2924 3409 quod
2957 3354 3157 3411 praeter
3186 3354 3438 3400 naturam

1848 3431 1930 3474 est
1951 3422 2297 3479 aberratione
2325 3425 2394 3479 ab
2417 3442 2483 3480 eo
2514 3429 2661 3507 quod
2717 3433 3020 3487 secundum
3063 3443 3340 3493 naturam.
3375 3438 3440 3491 Et

1847 3512 1997 3581 quod
2055 3515 2259 3570 accidit
2286 3517 2341 3570 in
2375 3517 2465 3583 iis,
2493 3537 2615 3589 quae
2649 3521 2819 3579 libere
2861 3526 3018 3589 ﬁunt.
3047 3531 3325 3597 posterius
3355 3541 3439 3586 est

1850 3605 2024 3690 libero
2043 3609 2276 3664 arbitrio
2303 3609 2332 3682 ),
2357 3615 2636 3682 quomodo
2677 3632 2806 3688 ergo
2840 3620 3007 3676 rebus
3030 3624 3254 3680 aaternis
3303 3640 3437 3680 conr

1848 3708 2008 3768 gruat
2051 3702 2260 3758 idcirco
2303 3715 2513 3760 certum
2570 3709 2700 3778 quid
2754 3725 2900 3775 esse,
2956 3715 3086 3782 quia
3126 3717 3276 3770 aliud
3315 3733 3436 3774 cer-

1848 3799 1964 3846 tum
2008 3793 2140 3862 quid
2197 3795 2324 3850 est?
2383 3795 2586 3861 Veluti,
2635 3800 2767 3868 quia
2805 3803 3006 3856 caelum
3047 3812 3155 3870 est,
3210 3803 3436 3863 necesse

1847 3893 1934 3940 est
1981 3894 2036 3940 et
2087 3895 2291 3941 terram
2331 3903 2457 3944 esse
2498 3905 2512 3942 :
2571 3892 2619 3946 si
2655 3899 2799 3947 terra
2847 3903 2952 3960 est,
3012 3898 3178 3952 etiam
3220 3884 3278 3954 et
3325 3918 3434 3958 coe-

1848 3975 1983 4030 lum.
2035 3975 2094 4029 Id
2153 3987 2334 4032 autem
2375 3978 2740 4037 Providentia:
2795 4001 2935 4054 opus
2987 3996 3092 4053 est,
3138 4007 3260 4059 quae
3295 3993 3435 4047 hanc

1847 4068 2259 4124 universitatem
2337 4087 2406 4126 ex
2485 4073 2721 4129 diversis
2794 4080 3097 4134 secundum
3177 4085 3433 4140 substan-

1847 4166 1978 4216 tiam
2019 4171 2074 4218 et
2099 4179 2257 4219 usum
2299 4166 2548 4235 partibus
2572 4168 2877 4223 constituit.
2917 4169 3010 4224 Vel
3041 4180 3172 4242 ergo
3212 4177 3433 4231 minime

1845 4265 2054 4310 aaterna
2100 4256 2299 4309 malum
2349 4265 2404 4311 et
2441 4265 2587 4312 terra
2623 4268 2678 4313 et
2703 4276 2823 4329 qua:
2867 4263 2922 4315 in
2965 4264 3046 4318 eis
3084 4267 3288 4330 omnia,
3313 4284 3434 4337 qua:

1846 4347 1952 4403 sibi
1985 4347 2218 4402 invicem
2271 4360 2325 4404 et
2382 4357 2442 4402 ut
2473 4351 2603 4414 sint,
2633 4358 2686 4404 et
2720 4360 2778 4406 ut
2801 4351 3006 4408 Faciant
3038 4371 3103 4409 ac
3127 4359 3426 4427 patiantur,

1846 4439 2165 4510 adjumento
2217 4449 2379 4510 sunt;
2412 4445 2500 4498 vel
2539 4445 2585 4499 si
2623 4455 2826 4500 :rterna
2876 4458 3027 4517 sunt,
3069 4467 3178 4506 non
3206 4470 3432 4509 necesse

1847 4530 1951 4585 hoc
1982 4546 2104 4587 esse
2134 4541 2348 4589 certum
2396 4535 2548 4603 quid,
2583 4537 2712 4605 quia
2754 4537 2887 4591 illud
2919 4547 3003 4592 est
3032 4549 3244 4594 certum
3275 4545 3432 4612 quid.

157 4628 335 4682 νησις,
369 4614 582 4686 ἀνάγκη
619 4611 758 4676 εἶναι
805 4616 966 4686 σῶμα
995 4616 1201 4679 ἁπλοῦν
1232 4616 1382 4688 παρὰ
1409 4615 1482 4668 τὰ
1508 4615 1742 4669 ἐνταῦθα

1849 4620 1967 4676 Una
1990 4632 2194 4678 aeterna
2221 4625 2553 4680 necessitate
2581 4626 2890 4696 supposita,
2919 4629 3263 4694 Aristoteles,
3288 4611 3424 4686 inul-

158 4705 409 4776 σώματα,
470 4709 606 4777 μήτε
642 4707 921 4779 βαρύτητα
953 4710 1089 4778 μήτε
1141 4700 1450 4778 κουφότητα
1477 4707 1619 4778 ἔχον.
1659 4707 1738 4760 Τά

156 4795 267 4867 γὰρ
300 4796 471 4868 βαρέα
517 4798 611 4852 καὶ
658 4799 837 4868 κοῦφα
879 4799 1127 4869 σώματα,
1167 4799 1354 4869 ἐπειδὴ
1377 4803 1498 4852 κατ’
1528 4800 1740 4852 εὐθεῖαν

156 4890 405 4950 κινεῖται,
426 4889 682 4958 ,συνεχῶς
717 4890 985 4949 κινεῖσθαι,
1025 4891 1086 4942 οὐ
1114 4889 1338 4944 δύναται
1359 4907 1372 4919 ·
1411 4892 1458 4942 εί
1493 4891 1550 4956 δὲ
1583 4908 1738 4943 συνε-

156 4979 268 5050 χῶς
299 4983 549 5045 κινεῖται,
580 4981 797 5052 ἀνάγκη
816 4983 1108 5054 σφαιρικὸν
1139 4983 1287 5053 ἔχειν
1316 4983 1501 5054 σχῆμα
1522 5000 1534 5012 ·
1565 4983 1739 5052 τούτῳ

151 5068 265 5141 γὰρ
291 5069 374 5140 τῷ
410 5072 648 5141 σχήματι
712 5071 983 5142 ἐνδέχεται
1036 5073 1184 5142 μόνῳ
1213 5073 1313 5144 τὴν
1358 5073 1555 5143 συνεχῆ
1587 5073 1740 5141 γενέ-

156 5160 281 5213 σθαι
315 5163 546 5233 κίνησιν.
589 5163 652 5215 Et
682 5162 740 5214 δὲ
771 5163 1074 5234 σφαιρικῶς
1103 5167 1354 5226 κινεῖται,
1397 5164 1608 5234 ἀνάγκη
1638 5165 1737 5234 τὴν

154 5252 258 5320 γῆν
282 5248 420 5305 εἶναι
446 5255 504 5305 έν
537 5252 616 5322 τῷ
651 5253 800 5324 μέσῳ
826 5255 914 5306 ἀεὶ
937 5254 1270 5325 ἠρεμοῦσαν,
1295 5256 1380 5308 ἵνα
1407 5257 1536 5326 περὶ
1567 5257 1735 5326 αὐτὴν

151 5344 370 5414 γίνηται
399 5344 500 5413 τῆς
526 5347 760 5416 σφαίρας
794 5347 828 5415 ή
853 5347 1107 5416 κίνησις.
1134 5347 1198 5399 Et
1246 5347 1303 5399 δὲ
1334 5348 1368 5417 ἡ
1401 5348 1495 5416 γῆ,
1521 5348 1735 5416 ἀνάγκη

152 5439 249 5491 καὶ
293 5436 364 5490 τά
410 5435 612 5507 μεταξὺ
654 5437 758 5507 γῆς
797 5454 861 5490 τε
905 5439 998 5490 καὶ
1059 5438 1231 5508 πυρὸς
1281 5440 1546 5511 σώματα·
1597 5442 1736 5494 εἰδὲ

149 5529 343 5594 ταῦτα,
383 5530 607 5599 ἀνάγκη·
641 5525 780 5582 εἶναι
824 5529 922 5601 τὴν
954 5529 1188 5598 γένεσιν,
1221 5532 1345 5584 ἐπεὶ
1398 5532 1458 5584 δὲ
1481 5533 1526 5564 ³ο
1559 5532 1732 5585 ταῦτα

223 5643 271 5676 ’⁸
302 5630 430 5712 Lég.
461 5642 754 5713 tm¢6ﬂ,et
787 5657 911 5698 mox
943 5642 1072 5696 εἰδὲ
1103 5644 1135 5714 ἡ
1166 5645 1398 5712 γένεσις.

1842 4722 1927 4771 tas
1958 4716 2095 4770 alias
2120 4731 2186 4770 ex
2212 4731 2296 4782 ea,
2323 4732 2485 4786 quam
2521 4719 2830 4787 supposuit,
2864 4731 3099 4775 :eternas
3129 4724 3431 4781 necessita-

1843 4817 1924 4861 tes
1948 4808 2256 4877 suspendit.
2287 4807 2523 4873 Necesse
2545 4818 2650 4868 est.
2678 4810 2876 4879 inquit,
2893 4826 3016 4866 esse
3036 4820 3241 4866 motum
3272 4825 3428 4869 aeter-

1843 4915 1995 4952 num.
2030 4899 2186 4965 Quod
2226 4901 2273 4955 si
2299 4907 2533 4964 motum,
2564 4917 2791 4957 necesse
2820 4912 2906 4956 est
2953 4909 3008 4956 et
3059 4911 3275 4974 tempus
3304 4922 3430 4960 esse

1840 4997 2137 5058 aeternum;
2169 4993 2430 5065 motionis
2455 4994 2601 5050 enim
2625 5011 2890 5051 numerus
2912 4979 3148 5067 tempus.
3173 4997 3232 5052 Si
3269 5007 3428 5054 aeter-

1840 5099 1947 5139 nus
1971 5092 2176 5149 motus,
2231 5101 2460 5142 necesse
2490 5096 2575 5142 est
2622 5097 2681 5141 ut
2715 5088 3016 5144 continuus
3044 5091 3135 5145 sit.
3159 5089 3215 5144 Si
3255 5095 3426 5146 conti-

1839 5193 1983 5233 nuus
2029 5186 2209 5234 motus
2229 5220 2244 5244 ,
2308 5194 2534 5235 necesse
2555 5188 2640 5240 est
2671 5195 2873 5250 corpus
2900 5196 3026 5236 esse
3066 5183 3320 5252 simplex,
3356 5184 3424 5237 ab

1840 5270 1927 5324 his
1978 5271 2304 5340 corporibus
2349 5271 2651 5334 diversum,
2681 5289 2782 5327 nec
2826 5274 3148 5349 gravitatem
3189 5274 3419 5339 habens,

1841 5375 1941 5415 nec
1974 5361 2273 5417 levitatem.
2325 5361 2526 5417 Gravia
2549 5365 2694 5419 enim
2725 5372 2780 5420 et
2823 5365 2962 5420 levia
3004 5381 3259 5436 corpora,
3291 5369 3420 5437 quia

1839 5443 1990 5507 recta
2036 5453 2323 5519 feruntur,
2356 5471 2467 5509 non
2518 5465 2753 5526 possunt
2798 5458 3146 5513 continenter
3189 5465 3417 5515 moveri.

1839 5544 1997 5612 Quod
2031 5545 2076 5600 si
2132 5547 2392 5601 continue
2427 5557 2698 5614 movetur,
2759 5564 2987 5605 necesse
3020 5556 3104 5604 est
3125 5553 3418 5607 rotundam

223 5753 509 5848 (45)]1ιῖρς
551 5746 1042 5848 ςοιύκνέσίτι.11‹1εηι
1080 5758 1338 5825 observat
1376 5758 1465 5814 hic
1514 5777 1732 5832 quoque

1849 5769 1951 5833 πῶς
2004 5768 2097 5848 οὖν
2139 5771 2399 5848 ρπᾁρχμει.
2457 5771 2630 5830 Paulo
2669 5782 2794 5848 post
2838 5773 3126 5846 legendum
3169 5773 3330 5829 τοῦτο
3361 5771 3417 5829 δὲ

150 5822 244 5879 οὖν
277 5822 369 5880 aut
398 5825 601 5885 aliauid
636 5827 813 5880 simile
846 5826 1058 5882 deesse.

227 5895 336 5962 (46)
380 5898 501 5963 Πως
541 5894 813 5966 ὑπάρχει.
847 5894 1122 5952 Immerito
1154 5898 1477 5972 Sylburglus
1509 5903 1730 5972 scripsit

1843 5843 2109 5910 προνοίας
2135 5843 2283 5897 ἐστὶν
2317 5843 2501 5914 ἔργον.
