  <div class='ocr_page' id='page_1' title='image "/cluster/home/n/w/nwhite01/storage/ocr_20150623/6/pst.000005711826/791.png"; bbox 0 0 4104 6436; ppageno 0'>
   <div class='ocr_carea' id='block_1_1' title="bbox 699 380 3995 456">
    <p class='ocr_par' dir='ltr' id='par_1_1' title="bbox 699 380 3995 456">
     <span class='ocr_line' id='line_1_1' title="bbox 699 380 3995 456; baseline 0.004 -13"><span class='ocrx_word' id='word_1_1' title='bbox 699 391 829 446; x_wconf 76' lang='grc'><strong>1551</strong></span> <span class='ocrx_word' id='word_1_2' title='bbox 1478 380 1917 446; x_wconf 77' lang='lat' dir='ltr'><strong>APPENDIX.-—</strong></span> <span class='ocrx_word' id='word_1_3' title='bbox 1947 386 2130 447; x_wconf 77' lang='lat' dir='ltr'><strong>PARS</strong></span> <span class='ocrx_word' id='word_1_4' title='bbox 2166 390 2205 446; x_wconf 90' lang='lat' dir='ltr'><strong>l.</strong></span> <span class='ocrx_word' id='word_1_5' title='bbox 2246 392 2306 449; x_wconf 89' lang='lat' dir='ltr'><strong>S.</strong></span> <span class='ocrx_word' id='word_1_6' title='bbox 2348 394 2610 452; x_wconf 69' lang='lat' dir='ltr'><strong>IUSTINl</strong></span> <span class='ocrx_word' id='word_1_7' title='bbox 2650 397 2876 452; x_wconf 76' lang='lat' dir='ltr'><strong>OPERA</strong></span> <span class='ocrx_word' id='word_1_8' title='bbox 2922 397 3193 453; x_wconf 75' lang='lat' dir='ltr'><strong>SPURIA.</strong></span> <span class='ocrx_word' id='word_1_9' title='bbox 3856 402 3995 456; x_wconf 67' lang='lat'><strong>£55!</strong></span> 
     </span>
    </p>
   </div>
   <div class='ocr_carea' id='block_1_2' title="bbox 692 504 2313 588">
    <p class='ocr_par' dir='ltr' id='par_1_2' title="bbox 692 504 2313 578">
     <span class='ocr_line' id='line_1_2' title="bbox 692 504 2313 578; baseline 0.004 -18"><span class='ocrx_word' id='word_1_10' title='bbox 692 506 889 561; x_wconf 87' lang='lat' dir='ltr'><strong>habeat</strong></span> <span class='ocrx_word' id='word_1_11' title='bbox 936 505 1163 577; x_wconf 80' lang='lat' dir='ltr'><strong>ﬁguram</strong></span> <span class='ocrx_word' id='word_1_12' title='bbox 1208 504 1382 559; x_wconf 87' lang='lat' dir='ltr'><strong>:buic</strong></span> <span class='ocrx_word' id='word_1_13' title='bbox 1437 508 1584 561; x_wconf 91' lang='lat' dir='ltr'><strong>enim</strong></span> <span class='ocrx_word' id='word_1_14' title='bbox 1632 508 1819 578; x_wconf 66' lang='lat' dir='ltr'><strong>figura:</strong></span> <span class='ocrx_word' id='word_1_15' title='bbox 1869 512 2125 566; x_wconf 80' lang='lat' dir='ltr'><strong>convenit</strong></span> <span class='ocrx_word' id='word_1_16' title='bbox 2162 513 2313 578; x_wconf 52' lang='lat' dir='ltr'><strong>solii</strong></span> 
     </span>
    </p>
   </div>
   <div class='ocr_carea' id='block_1_3' title="bbox 2367 504 3988 588">
    <p class='ocr_par' dir='ltr' id='par_1_3' title="bbox 2372 512 3988 588">
     <span class='ocr_line' id='line_1_3' title="bbox 2372 512 3988 588; baseline 0.002 -20"><span class='ocrx_word' id='word_1_17' title='bbox 2372 516 2517 569; x_wconf 72' lang='grc' dir='ltr'>ἀΐδια</span> <span class='ocrx_word' id='word_1_18' title='bbox 2575 512 2713 569; x_wconf 75' lang='grc' dir='ltr'>εἶναι</span> <span class='ocrx_word' id='word_1_19' title='bbox 2756 518 2819 570; x_wconf 83' lang='grc' dir='ltr'>οὐ</span> <span class='ocrx_word' id='word_1_20' title='bbox 2870 517 3130 571; x_wconf 80' lang='grc' dir='ltr'>δύναται”</span> <span class='ocrx_word' id='word_1_21' title='bbox 3190 517 3379 587; x_wconf 80' lang='grc' dir='ltr'>ούδὲὴ</span> <span class='ocrx_word' id='word_1_22' title='bbox 3428 516 3692 586; x_wconf 83' lang='grc' dir='ltr'>γένεσις,</span> <span class='ocrx_word' id='word_1_23' title='bbox 3757 518 3988 588; x_wconf 77' lang='grc' dir='ltr'>ἀνάγκη</span> 
     </span>
    </p>
   </div>
   <div class='ocr_carea' id='block_1_4' title="bbox 688 596 2309 680">
    <p class='ocr_par' dir='ltr' id='par_1_4' title="bbox 688 596 2264 667">
     <span class='ocr_line' id='line_1_4' title="bbox 688 596 2264 667; baseline 0.005 -15"><span class='ocrx_word' id='word_1_24' title='bbox 688 598 986 653; x_wconf 88' lang='lat' dir='ltr'><strong>continuus</strong></span> <span class='ocrx_word' id='word_1_25' title='bbox 1042 604 1258 653; x_wconf 76' lang='lat' dir='ltr'><strong>motus.“</strong></span> <span class='ocrx_word' id='word_1_26' title='bbox 1278 596 1437 663; x_wconf 83' lang='lat' dir='ltr'><strong>Quod</strong></span> <span class='ocrx_word' id='word_1_27' title='bbox 1460 600 1584 653; x_wconf 87' lang='lat' dir='ltr'><strong>siin</strong></span> <span class='ocrx_word' id='word_1_28' title='bbox 1614 600 1803 655; x_wconf 86' lang='lat' dir='ltr'><strong>orbem</strong></span> <span class='ocrx_word' id='word_1_29' title='bbox 1859 609 2131 667; x_wconf 81' lang='lat' dir='ltr'><strong>movetur,</strong></span> <span class='ocrx_word' id='word_1_30' title='bbox 2164 620 2264 660; x_wconf 86' lang='lat' dir='ltr'><strong>ne-</strong></span> 
     </span>
    </p>
   </div>
   <div class='ocr_carea' id='block_1_5' title="bbox 2363 596 3984 680">
    <p class='ocr_par' dir='ltr' id='par_1_5' title="bbox 2368 606 3984 680">
     <span class='ocr_line' id='line_1_5' title="bbox 2368 606 3984 680; baseline 0.002 -20"><span class='ocrx_word' id='word_1_31' title='bbox 2368 606 2504 663; x_wconf 82' lang='grc' dir='ltr'>εῐναι</span> <span class='ocrx_word' id='word_1_32' title='bbox 2530 609 2777 663; x_wconf 79' lang='grc' dir='ltr'>καὶᾶλλα</span> <span class='ocrx_word' id='word_1_33' title='bbox 2820 610 3086 679; x_wconf 70' lang='grc' dir='ltr'>ἐγκύκλια</span> <span class='ocrx_word' id='word_1_34' title='bbox 3123 610 3369 680; x_wconf 81' lang='grc' dir='ltr'>σώματα.</span> <span class='ocrx_word' id='word_1_35' title='bbox 3412 609 3556 662; x_wconf 81' lang='grc' dir='ltr'>Ἀλλ’</span> <span class='ocrx_word' id='word_1_36' title='bbox 3590 612 3644 663; x_wconf 82' lang='grc' dir='ltr'><strong>εί</strong></span> <span class='ocrx_word' id='word_1_37' title='bbox 3684 610 3821 662; x_wconf 79' lang='grc' dir='ltr'>τόδε</span> <span class='ocrx_word' id='word_1_38' title='bbox 3862 612 3984 663; x_wconf 69' lang='grc' dir='ltr'>τόδε</span> 
     </span>
    </p>
   </div>
   <div class='ocr_carea' id='block_1_6' title="bbox 688 686 2309 773">
    <p class='ocr_par' dir='ltr' id='par_1_6' title="bbox 688 686 2261 765">
     <span class='ocr_line' id='line_1_6' title="bbox 688 686 2261 765; baseline 0.004 -22"><span class='ocrx_word' id='word_1_39' title='bbox 688 704 843 746; x_wconf 82' lang='lat' dir='ltr'><strong>cesse</strong></span> <span class='ocrx_word' id='word_1_40' title='bbox 861 686 946 745; x_wconf 80' lang='lat' dir='ltr'><strong>est</strong></span> <span class='ocrx_word' id='word_1_41' title='bbox 971 696 1173 744; x_wconf 90' lang='lat' dir='ltr'><strong>terram</strong></span> <span class='ocrx_word' id='word_1_42' title='bbox 1196 705 1319 745; x_wconf 86' lang='lat' dir='ltr'><strong>esse</strong></span> <span class='ocrx_word' id='word_1_43' title='bbox 1344 690 1399 744; x_wconf 83' lang='lat' dir='ltr'><strong>in</strong></span> <span class='ocrx_word' id='word_1_44' title='bbox 1419 690 1600 745; x_wconf 90' lang='lat' dir='ltr'><strong>medio</strong></span> <span class='ocrx_word' id='word_1_45' title='bbox 1624 704 1842 762; x_wconf 79' lang='lat' dir='ltr'><strong>semper</strong></span> <span class='ocrx_word' id='word_1_46' title='bbox 1866 694 2261 765; x_wconf 81' lang='lat' dir='ltr'><strong>quiescentem,</strong></span> 
     </span>
    </p>
   </div>
   <div class='ocr_carea' id='block_1_7' title="bbox 2365 686 3986 773">
    <p class='ocr_par' dir='ltr' id='par_1_7' title="bbox 2366 694 3986 773">
     <span class='ocr_line' id='line_1_7' title="bbox 2366 694 3986 773; baseline 0.001 -20"><span class='ocrx_word' id='word_1_47' title='bbox 2366 703 2516 755; x_wconf 74' lang='grc' dir='ltr'>ἐστὶν</span> <span class='ocrx_word' id='word_1_48' title='bbox 2540 703 2670 773; x_wconf 72' lang='grc'>(47),</span> <span class='ocrx_word' id='word_1_49' title='bbox 2706 704 2929 773; x_wconf 80' lang='grc' dir='ltr'><strong>ἀνάγκη</strong></span> <span class='ocrx_word' id='word_1_50' title='bbox 2952 703 3069 755; x_wconf 85' lang='grc' dir='ltr'>τόδε</span> <span class='ocrx_word' id='word_1_51' title='bbox 3090 702 3205 755; x_wconf 81' lang='grc' dir='ltr'>τόδε</span> <span class='ocrx_word' id='word_1_52' title='bbox 3236 698 3395 766; x_wconf 68' lang='grc' dir='ltr'>εἶναι,</span> <span class='ocrx_word' id='word_1_53' title='bbox 3434 706 3495 755; x_wconf 80' lang='grc' dir='ltr'>ὲν</span> <span class='ocrx_word' id='word_1_54' title='bbox 3521 706 3642 765; x_wconf 78' lang='grc' dir='ltr'>τοῖς</span> <span class='ocrx_word' id='word_1_55' title='bbox 3680 694 3986 773; x_wconf 71' lang='grc' dir='ltr'>ἀγενήτοις</span> 
     </span>
    </p>
   </div>
   <div class='ocr_carea' id='block_1_8' title="bbox 686 781 2307 867">
    <p class='ocr_par' dir='ltr' id='par_1_8' title="bbox 686 781 2264 851">
     <span class='ocr_line' id='line_1_8' title="bbox 686 781 2264 851; baseline 0.005 -17"><span class='ocrx_word' id='word_1_56' title='bbox 686 789 746 835; x_wconf 82' lang='grc' dir='ltr'><strong>ιιι</strong></span> <span class='ocrx_word' id='word_1_57' title='bbox 782 782 993 837; x_wconf 87' lang='lat' dir='ltr'><strong>circum</strong></span> <span class='ocrx_word' id='word_1_58' title='bbox 1052 782 1199 835; x_wconf 81' lang='lat' dir='ltr'><strong>illam</strong></span> <span class='ocrx_word' id='word_1_59' title='bbox 1254 781 1346 835; x_wconf 84' lang='lat' dir='ltr'><strong>flat</strong></span> <span class='ocrx_word' id='word_1_60' title='bbox 1393 783 1619 851; x_wconf 72' lang='lat' dir='ltr'><strong>sphaera:</strong></span> <span class='ocrx_word' id='word_1_61' title='bbox 1657 792 1861 839; x_wconf 89' lang='lat' dir='ltr'><strong>motus.</strong></span> <span class='ocrx_word' id='word_1_62' title='bbox 1890 783 2049 849; x_wconf 83' lang='lat' dir='ltr'><strong>Quod</strong></span> <span class='ocrx_word' id='word_1_63' title='bbox 2073 788 2119 841; x_wconf 86' lang='lat' dir='ltr'><strong>si</strong></span> <span class='ocrx_word' id='word_1_64' title='bbox 2153 794 2264 842; x_wconf 90' lang='lat' dir='ltr'><strong>ter-</strong></span> 
     </span>
    </p>
   </div>
   <div class='ocr_carea' id='block_1_9' title="bbox 2365 781 3986 867">
    <p class='ocr_par' dir='ltr' id='par_1_9' title="bbox 2365 792 3986 867">
     <span class='ocr_line' id='line_1_9' title="bbox 2365 792 3986 867; baseline -0.001 -18"><span class='ocrx_word' id='word_1_65' title='bbox 2365 812 2424 849; x_wconf 87' lang='grc' dir='ltr'><strong>τε</strong></span> <span class='ocrx_word' id='word_1_66' title='bbox 2458 798 2549 849; x_wconf 75' lang='grc' dir='ltr'>καὶ</span> <span class='ocrx_word' id='word_1_67' title='bbox 2582 796 2777 859; x_wconf 81' lang='grc' dir='ltr'><strong>ἀϊδίοις</strong></span> <span class='ocrx_word' id='word_1_68' title='bbox 2808 794 2991 867; x_wconf 85' lang='grc' dir='ltr'>χώραν</span> <span class='ocrx_word' id='word_1_69' title='bbox 3023 796 3122 847; x_wconf 79' lang='grc' dir='ltr'>οὐκ</span> <span class='ocrx_word' id='word_1_70' title='bbox 3149 792 3283 864; x_wconf 74' lang='grc' dir='ltr'>ἔχει,</span> <span class='ocrx_word' id='word_1_71' title='bbox 3310 796 3412 847; x_wconf 86' lang='grc' dir='ltr'>οὐκ</span> <span class='ocrx_word' id='word_1_72' title='bbox 3444 797 3558 866; x_wconf 82' lang='grc' dir='ltr'><strong>ἀρα</strong></span> <span class='ocrx_word' id='word_1_73' title='bbox 3583 794 3747 848; x_wconf 71' lang='grc' dir='ltr'>ἀΐδιά</span> <span class='ocrx_word' id='word_1_74' title='bbox 3786 812 3853 847; x_wconf 83' lang='grc' dir='ltr'><strong>τε</strong></span> <span class='ocrx_word' id='word_1_75' title='bbox 3888 798 3986 848; x_wconf 76' lang='grc' dir='ltr'>καὶ</span> 
     </span>
    </p>
   </div>
   <div class='ocr_carea' id='block_1_10' title="bbox 684 875 2305 958">
    <p class='ocr_par' dir='ltr' id='par_1_10' title="bbox 684 875 2263 943">
     <span class='ocr_line' id='line_1_10' title="bbox 684 875 2263 943; baseline 0.004 -18"><span class='ocrx_word' id='word_1_76' title='bbox 684 886 823 935; x_wconf 90' lang='lat' dir='ltr'><strong>ram,</strong></span> <span class='ocrx_word' id='word_1_77' title='bbox 895 887 1121 928; x_wconf 76' lang='lat' dir='ltr'><strong>necesse</strong></span> <span class='ocrx_word' id='word_1_78' title='bbox 1162 881 1247 927; x_wconf 88' lang='lat' dir='ltr'><strong>est</strong></span> <span class='ocrx_word' id='word_1_79' title='bbox 1295 875 1581 943; x_wconf 83' lang='lat' dir='ltr'><strong>interjecta</strong></span> <span class='ocrx_word' id='word_1_80' title='bbox 1637 889 1762 930; x_wconf 87' lang='lat' dir='ltr'><strong>esse</strong></span> <span class='ocrx_word' id='word_1_81' title='bbox 1805 885 2008 931; x_wconf 90' lang='lat' dir='ltr'><strong>terram</strong></span> <span class='ocrx_word' id='word_1_82' title='bbox 2042 878 2187 932; x_wconf 87' lang='lat' dir='ltr'><strong>inter</strong></span> <span class='ocrx_word' id='word_1_83' title='bbox 2209 887 2263 934; x_wconf 89' lang='lat' dir='ltr'><strong>et</strong></span> 
     </span>
    </p>
   </div>
   <div class='ocr_carea' id='block_1_11' title="bbox 2359 875 3980 958">
    <p class='ocr_par' dir='ltr' id='par_1_11' title="bbox 2365 885 3980 958">
     <span class='ocr_line' id='line_1_11' title="bbox 2365 885 3980 958; baseline -0.002 -18"><span class='ocrx_word' id='word_1_84' title='bbox 2365 888 2603 957; x_wconf 77' lang='grc' dir='ltr'><strong>ἀγένητα</strong></span> <span class='ocrx_word' id='word_1_85' title='bbox 2633 888 2703 940; x_wconf 85' lang='grc' dir='ltr'><strong>τὰ</strong></span> <span class='ocrx_word' id='word_1_86' title='bbox 2731 887 2982 958; x_wconf 77' lang='grc' dir='ltr'>ρηθέντα.</span> <span class='ocrx_word' id='word_1_87' title='bbox 3006 887 3070 939; x_wconf 78' lang='lat' dir='ltr'><strong>Et</strong></span> <span class='ocrx_word' id='word_1_88' title='bbox 3091 886 3147 938; x_wconf 81' lang='grc' dir='ltr'>δὲ</span> <span class='ocrx_word' id='word_1_89' title='bbox 3175 886 3319 939; x_wconf 75' lang='grc' dir='ltr'>ἀΐδια</span> <span class='ocrx_word' id='word_1_90' title='bbox 3358 885 3536 938; x_wconf 87' lang='grc' dir='ltr'>ταῦτα</span> <span class='ocrx_word' id='word_1_91' title='bbox 3568 886 3671 938; x_wconf 73' lang='grc' dir='ltr'>καὶ</span> <span class='ocrx_word' id='word_1_92' title='bbox 3699 885 3980 955; x_wconf 82' lang='grc' dir='ltr'>ἀγένητα,</span> 
     </span>
    </p>
   </div>
   <div class='ocr_carea' id='block_1_12' title="bbox 684 962 2305 1050">
    <p class='ocr_par' dir='ltr' id='par_1_12' title="bbox 684 962 2264 1039">
     <span class='ocr_line' id='line_1_12' title="bbox 684 962 2264 1039; baseline 0.007 -25"><span class='ocrx_word' id='word_1_93' title='bbox 684 962 863 1031; x_wconf 80' lang='lat' dir='ltr'><strong>ignem</strong></span> <span class='ocrx_word' id='word_1_94' title='bbox 916 978 1152 1033; x_wconf 89' lang='lat' dir='ltr'><strong>corpora</strong></span> <span class='ocrx_word' id='word_1_95' title='bbox 1186 981 1199 1017; x_wconf 93' lang='lat'><strong>:</strong></span> <span class='ocrx_word' id='word_1_96' title='bbox 1228 965 1375 1033; x_wconf 90' lang='lat' dir='ltr'><strong>quod</strong></span> <span class='ocrx_word' id='word_1_97' title='bbox 1406 966 1455 1019; x_wconf 88' lang='lat' dir='ltr'><strong>si</strong></span> <span class='ocrx_word' id='word_1_98' title='bbox 1496 966 1600 1019; x_wconf 84' lang='lat' dir='ltr'><strong>ista</strong></span> <span class='ocrx_word' id='word_1_99' title='bbox 1620 1004 1635 1031; x_wconf 95' lang='lat'><strong>,</strong></span> <span class='ocrx_word' id='word_1_100' title='bbox 1664 980 1891 1021; x_wconf 85' lang='lat' dir='ltr'><strong>necesse</strong></span> <span class='ocrx_word' id='word_1_101' title='bbox 1910 973 2000 1022; x_wconf 85' lang='lat' dir='ltr'><strong>‘est</strong></span> <span class='ocrx_word' id='word_1_102' title='bbox 2018 983 2143 1024; x_wconf 88' lang='lat' dir='ltr'><strong>esse</strong></span> <span class='ocrx_word' id='word_1_103' title='bbox 2178 985 2264 1039; x_wconf 85' lang='lat' dir='ltr'><strong>ge-</strong></span> 
     </span>
    </p>
   </div>
   <div class='ocr_carea' id='block_1_13' title="bbox 2357 962 3978 1050">
    <p class='ocr_par' dir='ltr' id='par_1_13' title="bbox 2363 976 3978 1050">
     <span class='ocr_line' id='line_1_13' title="bbox 2363 976 3978 1050; baseline -0.001 -20"><span class='ocrx_word' id='word_1_104' title='bbox 2363 979 2463 1031; x_wconf 83' lang='grc' dir='ltr'><strong>ούκ</strong></span> <span class='ocrx_word' id='word_1_105' title='bbox 2516 981 2622 1050; x_wconf 83' lang='grc' dir='ltr'>ἄρα</span> <span class='ocrx_word' id='word_1_106' title='bbox 2675 978 2836 1031; x_wconf 78' lang='grc' dir='ltr'>τοῦτο</span> <span class='ocrx_word' id='word_1_107' title='bbox 2880 979 2948 1031; x_wconf 88' lang='grc' dir='ltr'><strong>δι’</strong></span> <span class='ocrx_word' id='word_1_108' title='bbox 2991 980 3168 1031; x_wconf 84' lang='grc' dir='ltr'>ὲκείνο</span> <span class='ocrx_word' id='word_1_109' title='bbox 3222 977 3345 1030; x_wconf 73' lang='grc' dir='ltr'>οὕτε</span> <span class='ocrx_word' id='word_1_110' title='bbox 3401 980 3583 1031; x_wconf 74' lang='grc' dir='ltr'>ἐκεῖνο</span> <span class='ocrx_word' id='word_1_111' title='bbox 3630 977 3729 1030; x_wconf 75' lang='grc' dir='ltr'><strong>διὰ</strong></span> <span class='ocrx_word' id='word_1_112' title='bbox 3786 976 3978 1031; x_wconf 75' lang='grc' dir='ltr'>τοῦτο.</span> 
     </span>
    </p>
   </div>
   <div class='ocr_carea' id='block_1_14' title="bbox 684 1056 2305 1140">
    <p class='ocr_par' dir='ltr' id='par_1_14' title="bbox 684 1056 2257 1129">
     <span class='ocr_line' id='line_1_14' title="bbox 684 1056 2257 1129; baseline 0.005 -23"><span class='ocrx_word' id='word_1_113' title='bbox 684 1056 1045 1118; x_wconf 88' lang='lat' dir='ltr'><strong>nerationem,</strong></span> <span class='ocrx_word' id='word_1_114' title='bbox 1090 1056 1218 1124; x_wconf 86' lang='lat' dir='ltr'><strong>quia</strong></span> <span class='ocrx_word' id='word_1_115' title='bbox 1275 1056 1390 1111; x_wconf 64' lang='lat' dir='ltr'><strong>haec</strong></span> <span class='ocrx_word' id='word_1_116' title='bbox 1443 1067 1648 1111; x_wconf 67' lang='lat' dir='ltr'><strong>aeterna</strong></span> <span class='ocrx_word' id='word_1_117' title='bbox 1691 1072 1814 1112; x_wconf 81' lang='lat' dir='ltr'><strong>esse</strong></span> <span class='ocrx_word' id='word_1_118' title='bbox 1850 1074 1957 1113; x_wconf 92' lang='lat' dir='ltr'><strong>non</strong></span> <span class='ocrx_word' id='word_1_119' title='bbox 2004 1068 2257 1129; x_wconf 87' lang='lat' dir='ltr'><strong>possunt.</strong></span> 
     </span>
    </p>
   </div>
   <div class='ocr_carea' id='block_1_15' title="bbox 2355 1056 3976 1140">
    <p class='ocr_par' dir='ltr' id='par_1_15' title="bbox 2377 1062 3976 1140">
     <span class='ocr_line' id='line_1_15' title="bbox 2377 1062 3976 1140; baseline -0.001 -18"><span class='ocrx_word' id='word_1_120' title='bbox 2377 1071 2612 1140; x_wconf 76' lang='grc' dir='ltr'>Ἐπειδὴ,</span> <span class='ocrx_word' id='word_1_121' title='bbox 2664 1071 2714 1121; x_wconf 86' lang='grc' dir='ltr'><strong>εί</strong></span> <span class='ocrx_word' id='word_1_122' title='bbox 2765 1072 2797 1140; x_wconf 80' lang='grc' dir='ltr'>ἡ</span> <span class='ocrx_word' id='word_1_123' title='bbox 2836 1070 2907 1139; x_wconf 83' lang='grc' dir='ltr'>γῆ</span> <span class='ocrx_word' id='word_1_124' title='bbox 2960 1072 3129 1131; x_wconf 75' lang='grc' dir='ltr'>ἐστιν,</span> <span class='ocrx_word' id='word_1_125' title='bbox 3173 1070 3385 1138; x_wconf 77' lang='grc' dir='ltr'><strong>ἀνάγκη</strong></span> <span class='ocrx_word' id='word_1_126' title='bbox 3422 1069 3519 1121; x_wconf 73' lang='grc' dir='ltr'>καὶ</span> <span class='ocrx_word' id='word_1_127' title='bbox 3540 1068 3602 1121; x_wconf 80' lang='grc' dir='ltr'><strong>τὺ</strong></span> <span class='ocrx_word' id='word_1_128' title='bbox 3645 1066 3770 1137; x_wconf 78' lang='grc' dir='ltr'><strong>πῦρ</strong></span> <span class='ocrx_word' id='word_1_129' title='bbox 3807 1062 3976 1127; x_wconf 75' lang='grc' dir='ltr'>εἶναι.</span> 
     </span>
    </p>
   </div>
   <div class='ocr_carea' id='block_1_16' title="bbox 680 1147 2301 1233">
    <p class='ocr_par' dir='ltr' id='par_1_16' title="bbox 680 1147 2257 1217">
     <span class='ocr_line' id='line_1_16' title="bbox 680 1147 2257 1217; baseline 0.004 -16"><span class='ocrx_word' id='word_1_130' title='bbox 680 1147 837 1213; x_wconf 86' lang='lat' dir='ltr'><strong>Quod</strong></span> <span class='ocrx_word' id='word_1_131' title='bbox 874 1148 921 1201; x_wconf 90' lang='lat' dir='ltr'><strong>si</strong></span> <span class='ocrx_word' id='word_1_132' title='bbox 956 1148 1389 1217; x_wconf 67' lang='lat' dir='ltr'><strong>generationem,</strong></span> <span class='ocrx_word' id='word_1_133' title='bbox 1426 1164 1653 1204; x_wconf 86' lang='lat' dir='ltr'><strong>necesse</strong></span> <span class='ocrx_word' id='word_1_134' title='bbox 1682 1157 1767 1204; x_wconf 85' lang='lat' dir='ltr'><strong>est</strong></span> <span class='ocrx_word' id='word_1_135' title='bbox 1796 1156 1850 1203; x_wconf 91' lang='lat' dir='ltr'><strong>et</strong></span> <span class='ocrx_word' id='word_1_136' title='bbox 1881 1150 1988 1203; x_wconf 83' lang='lat' dir='ltr'><strong>alia</strong></span> <span class='ocrx_word' id='word_1_137' title='bbox 2014 1165 2139 1206; x_wconf 88' lang='lat' dir='ltr'><strong>esse</strong></span> <span class='ocrx_word' id='word_1_138' title='bbox 2169 1167 2257 1207; x_wconf 85' lang='lat' dir='ltr'><strong>ro-</strong></span> 
     </span>
    </p>
   </div>
   <div class='ocr_carea' id='block_1_17' title="bbox 2353 1147 3974 1233">
    <p class='ocr_par' dir='ltr' id='par_1_17' title="bbox 2362 1159 3974 1233">
     <span class='ocr_line' id='line_1_17' title="bbox 2362 1159 3974 1233; baseline 0.001 -18"><span class='ocrx_word' id='word_1_139' title='bbox 2362 1163 2554 1215; x_wconf 75' lang='grc' dir='ltr'>καὶτὰ</span> <span class='ocrx_word' id='word_1_140' title='bbox 2615 1162 2818 1233; x_wconf 68' lang='grc' dir='ltr'>μεταξὺ</span> <span class='ocrx_word' id='word_1_141' title='bbox 2879 1162 3057 1215; x_wconf 85' lang='grc' dir='ltr'>αὐτῶν</span> <span class='ocrx_word' id='word_1_142' title='bbox 3117 1159 3365 1230; x_wconf 74' lang='grc' dir='ltr'>σώματα,</span> <span class='ocrx_word' id='word_1_143' title='bbox 3416 1160 3537 1222; x_wconf 72' lang='grc' dir='ltr'><strong>πῶς</strong></span> <span class='ocrx_word' id='word_1_144' title='bbox 3594 1162 3647 1211; x_wconf 88' lang='grc' dir='ltr'><strong>εί</strong></span> <span class='ocrx_word' id='word_1_145' title='bbox 3674 1161 3709 1229; x_wconf 80' lang='grc' dir='ltr'><strong>ἠ</strong></span> <span class='ocrx_word' id='word_1_146' title='bbox 3757 1160 3869 1228; x_wconf 70' lang='grc' dir='ltr'>μὲν</span> <span class='ocrx_word' id='word_1_147' title='bbox 3903 1160 3974 1228; x_wconf 78' lang='grc' dir='ltr'><strong>τῆ</strong></span> 
     </span>
    </p>
   </div>
   <div class='ocr_carea' id='block_1_18' title="bbox 680 1238 2301 1324">
    <p class='ocr_par' dir='ltr' id='par_1_18' title="bbox 680 1238 2255 1312">
     <span class='ocr_line' id='line_1_18' title="bbox 680 1238 2255 1312; baseline 0.004 -21"><span class='ocrx_word' id='word_1_148' title='bbox 680 1240 852 1292; x_wconf 87' lang='lat' dir='ltr'><strong>tunda</strong></span> <span class='ocrx_word' id='word_1_149' title='bbox 890 1253 1141 1309; x_wconf 88' lang='lat' dir='ltr'><strong>corpora.</strong></span> <span class='ocrx_word' id='word_1_150' title='bbox 1193 1238 1299 1294; x_wconf 85' lang='lat' dir='ltr'><strong>Sed</strong></span> <span class='ocrx_word' id='word_1_151' title='bbox 1342 1240 1497 1303; x_wconf 91' lang='lat' dir='ltr'><strong>illud,</strong></span> <span class='ocrx_word' id='word_1_152' title='bbox 1531 1241 1576 1295; x_wconf 88' lang='lat' dir='ltr'><strong>si</strong></span> <span class='ocrx_word' id='word_1_153' title='bbox 1624 1240 1726 1295; x_wconf 90' lang='lat' dir='ltr'><strong>hoc</strong></span> <span class='ocrx_word' id='word_1_154' title='bbox 1748 1249 1959 1297; x_wconf 86' lang='lat' dir='ltr'><strong>certum</strong></span> <span class='ocrx_word' id='word_1_155' title='bbox 1990 1244 2120 1312; x_wconf 90' lang='lat' dir='ltr'><strong>quid</strong></span> <span class='ocrx_word' id='word_1_156' title='bbox 2150 1252 2255 1308; x_wconf 88' lang='lat' dir='ltr'><strong>est,</strong></span> 
     </span>
    </p>
   </div>
   <div class='ocr_carea' id='block_1_19' title="bbox 2353 1238 3974 1324">
    <p class='ocr_par' dir='ltr' id='par_1_19' title="bbox 2361 1250 3974 1324">
     <span class='ocr_line' id='line_1_19' title="bbox 2361 1250 3974 1324; baseline -0.003 -18"><span class='ocrx_word' id='word_1_157' title='bbox 2361 1253 2625 1324; x_wconf 84' lang='grc' dir='ltr'>ἀγένητός</span> <span class='ocrx_word' id='word_1_158' title='bbox 2649 1266 2709 1305; x_wconf 79' lang='grc' dir='ltr'><strong>τε</strong></span> <span class='ocrx_word' id='word_1_159' title='bbox 2752 1253 2845 1306; x_wconf 76' lang='grc' dir='ltr'>καὶ</span> <span class='ocrx_word' id='word_1_160' title='bbox 2883 1254 3070 1315; x_wconf 77' lang='grc' dir='ltr'>ἀΐδιος,</span> <span class='ocrx_word' id='word_1_161' title='bbox 3092 1252 3152 1303; x_wconf 86' lang='grc' dir='ltr'>τὸ</span> <span class='ocrx_word' id='word_1_162' title='bbox 3182 1250 3293 1321; x_wconf 85' lang='grc' dir='ltr'>πῦρ</span> <span class='ocrx_word' id='word_1_163' title='bbox 3323 1253 3422 1303; x_wconf 87' lang='grc' dir='ltr'><strong>ούκ</strong></span> <span class='ocrx_word' id='word_1_164' title='bbox 3462 1250 3658 1314; x_wconf 82' lang='grc' dir='ltr'>ἀΐδιον,</span> <span class='ocrx_word' id='word_1_165' title='bbox 3694 1250 3761 1302; x_wconf 79' lang='grc' dir='ltr'>τὸ</span> <span class='ocrx_word' id='word_1_166' title='bbox 3787 1251 3974 1319; x_wconf 78' lang='grc' dir='ltr'>ὑπάρ-</span> 
     </span>
    </p>
   </div>
   <div class='ocr_carea' id='block_1_20' title="bbox 678 1328 2299 1419">
    <p class='ocr_par' dir='ltr' id='par_1_20' title="bbox 678 1328 2257 1404">
     <span class='ocr_line' id='line_1_20' title="bbox 678 1328 2257 1404; baseline 0.003 -21"><span class='ocrx_word' id='word_1_167' title='bbox 678 1345 905 1385; x_wconf 85' lang='lat' dir='ltr'><strong>neccsse</strong></span> <span class='ocrx_word' id='word_1_168' title='bbox 936 1338 1020 1386; x_wconf 86' lang='lat' dir='ltr'><strong>est</strong></span> <span class='ocrx_word' id='word_1_169' title='bbox 1052 1332 1182 1385; x_wconf 91' lang='lat' dir='ltr'><strong>illud</strong></span> <span class='ocrx_word' id='word_1_170' title='bbox 1220 1336 1438 1387; x_wconf 69' lang='lat' dir='ltr'><strong>eertum</strong></span> <span class='ocrx_word' id='word_1_171' title='bbox 1492 1333 1623 1402; x_wconf 91' lang='lat' dir='ltr'><strong>quid</strong></span> <span class='ocrx_word' id='word_1_172' title='bbox 1647 1348 1792 1396; x_wconf 87' lang='lat' dir='ltr'><strong>esse,</strong></span> <span class='ocrx_word' id='word_1_173' title='bbox 1823 1334 1891 1393; x_wconf 64' lang='lat' dir='ltr'><strong>in~</strong></span> <span class='ocrx_word' id='word_1_174' title='bbox 1918 1328 2180 1404; x_wconf 85' lang='lat' dir='ltr'><strong>ingenitis</strong></span> <span class='ocrx_word' id='word_1_175' title='bbox 2203 1343 2257 1388; x_wconf 90' lang='lat' dir='ltr'><strong>et</strong></span> 
     </span>
    </p>
   </div>
   <div class='ocr_carea' id='block_1_21' title="bbox 2351 1328 3972 1419">
    <p class='ocr_par' dir='ltr' id='par_1_21' title="bbox 2360 1334 3972 1419">
     <span class='ocr_line' id='line_1_21' title="bbox 2360 1334 3972 1419; baseline -0.002 -23"><span class='ocrx_word' id='word_1_176' title='bbox 2360 1360 2455 1413; x_wconf 89' lang='grc' dir='ltr'><strong>χον</strong></span> <span class='ocrx_word' id='word_1_177' title='bbox 2484 1344 2684 1413; x_wconf 73' lang='grc' dir='ltr'>κοῦφόν</span> <span class='ocrx_word' id='word_1_178' title='bbox 2709 1360 2769 1397; x_wconf 88' lang='grc' dir='ltr'><strong>τε</strong></span> <span class='ocrx_word' id='word_1_179' title='bbox 2802 1344 2898 1419; x_wconf 76' lang='grc' dir='ltr'>καὶ</span> <span class='ocrx_word' id='word_1_180' title='bbox 2940 1342 3253 1413; x_wconf 75' lang='grc' dir='ltr'>ἀνωφερέςς</span> <span class='ocrx_word' id='word_1_181' title='bbox 3293 1342 3357 1395; x_wconf 85' lang='lat' dir='ltr'><strong>Et</strong></span> <span class='ocrx_word' id='word_1_182' title='bbox 3386 1342 3514 1412; x_wconf 79' lang='grc' dir='ltr'>γὰρ,</span> <span class='ocrx_word' id='word_1_183' title='bbox 3552 1340 3629 1401; x_wconf 79' lang='grc' dir='ltr'>ὣς</span> <span class='ocrx_word' id='word_1_184' title='bbox 3667 1358 3872 1410; x_wconf 77' lang='grc' dir='ltr'>φησιν,</span> <span class='ocrx_word' id='word_1_185' title='bbox 3896 1334 3972 1393; x_wconf 70' lang='grc' dir='ltr'>ὢν</span> 
     </span>
    </p>
   </div>
   <div class='ocr_carea' id='block_1_22' title="bbox 675 1423 2296 1507">
    <p class='ocr_par' dir='ltr' id='par_1_22' title="bbox 675 1423 2255 1495">
     <span class='ocr_line' id='line_1_22' title="bbox 675 1423 2255 1495; baseline 0.002 -18"><span class='ocrx_word' id='word_1_186' title='bbox 675 1424 897 1477; x_wconf 72' lang='lat' dir='ltr'><strong>aeternis</strong></span> <span class='ocrx_word' id='word_1_187' title='bbox 947 1424 1115 1479; x_wconf 83' lang='lat' dir='ltr'><strong>rebus</strong></span> <span class='ocrx_word' id='word_1_188' title='bbox 1146 1423 1328 1479; x_wconf 81' lang='lat' dir='ltr'><strong>locum</strong></span> <span class='ocrx_word' id='word_1_189' title='bbox 1371 1439 1479 1477; x_wconf 90' lang='lat' dir='ltr'><strong>non</strong></span> <span class='ocrx_word' id='word_1_190' title='bbox 1519 1424 1704 1479; x_wconf 89' lang='lat' dir='ltr'><strong>habet.</strong></span> <span class='ocrx_word' id='word_1_191' title='bbox 1736 1424 1857 1478; x_wconf 84' lang='lat' dir='ltr'><strong>Non</strong></span> <span class='ocrx_word' id='word_1_192' title='bbox 1891 1439 2022 1495; x_wconf 91' lang='lat' dir='ltr'><strong>ergo</strong></span> <span class='ocrx_word' id='word_1_193' title='bbox 2052 1432 2255 1481; x_wconf 70' lang='lat' dir='ltr'><strong>aeterna</strong></span> 
     </span>
    </p>
   </div>
   <div class='ocr_carea' id='block_1_23' title="bbox 2349 1423 3970 1507">
    <p class='ocr_par' dir='ltr' id='par_1_23' title="bbox 2360 1432 3970 1507">
     <span class='ocr_line' id='line_1_23' title="bbox 2360 1432 3970 1507; baseline -0.002 -18"><span class='ocrx_word' id='word_1_194' title='bbox 2360 1436 2703 1489; x_wconf 75' lang='grc' dir='ltr'>ἐναντίωντὸ</span> <span class='ocrx_word' id='word_1_195' title='bbox 2748 1436 2974 1507; x_wconf 81' lang='grc' dir='ltr'>θάτερον</span> <span class='ocrx_word' id='word_1_196' title='bbox 3010 1434 3189 1503; x_wconf 81' lang='grc' dir='ltr'>φύσει,</span> <span class='ocrx_word' id='word_1_197' title='bbox 3226 1434 3334 1497; x_wconf 10' lang='grc' dir='ltr'>,καὶ</span> <span class='ocrx_word' id='word_1_198' title='bbox 3380 1434 3442 1486; x_wconf 83' lang='grc' dir='ltr'>τὸ</span> <span class='ocrx_word' id='word_1_199' title='bbox 3470 1433 3704 1502; x_wconf 81' lang='grc' dir='ltr'>θάτερον</span> <span class='ocrx_word' id='word_1_200' title='bbox 3737 1432 3970 1501; x_wconf 80' lang='grc' dir='ltr'>ἀνάγκη</span> 
     </span>
    </p>
   </div>
   <div class='ocr_carea' id='block_1_24' title="bbox 674 1514 2295 1596">
    <p class='ocr_par' dir='ltr' id='par_1_24' title="bbox 674 1514 2258 1585">
     <span class='ocr_line' id='line_1_24' title="bbox 674 1514 2258 1585; baseline 0.001 -16"><span class='ocrx_word' id='word_1_201' title='bbox 674 1523 727 1569; x_wconf 87' lang='lat' dir='ltr'><strong>et</strong></span> <span class='ocrx_word' id='word_1_202' title='bbox 752 1515 995 1585; x_wconf 89' lang='lat' dir='ltr'><strong>ingenita</strong></span> <span class='ocrx_word' id='word_1_203' title='bbox 1026 1530 1147 1585; x_wconf 80' lang='lat' dir='ltr'><strong>quae</strong></span> <span class='ocrx_word' id='word_1_204' title='bbox 1175 1516 1572 1569; x_wconf 81' lang='lat' dir='ltr'><strong>recensuiinus.</strong></span> <span class='ocrx_word' id='word_1_205' title='bbox 1598 1514 1753 1580; x_wconf 84' lang='lat' dir='ltr'><strong>Quod</strong></span> <span class='ocrx_word' id='word_1_206' title='bbox 1791 1515 1839 1569; x_wconf 83' lang='lat' dir='ltr'><strong>si</strong></span> <span class='ocrx_word' id='word_1_207' title='bbox 1867 1524 2073 1569; x_wconf 69' lang='lat' dir='ltr'><strong>aeterna</strong></span> <span class='ocrx_word' id='word_1_208' title='bbox 2098 1526 2152 1571; x_wconf 92' lang='lat' dir='ltr'><strong>et</strong></span> <span class='ocrx_word' id='word_1_209' title='bbox 2179 1517 2258 1571; x_wconf 90' lang='lat' dir='ltr'><strong>in-</strong></span> 
     </span>
    </p>
   </div>
   <div class='ocr_carea' id='block_1_25' title="bbox 2345 1514 3966 1596">
    <p class='ocr_par' dir='ltr' id='par_1_25' title="bbox 2360 1519 3966 1596">
     <span class='ocr_line' id='line_1_25' title="bbox 2360 1519 3966 1596; baseline -0.004 -15"><span class='ocrx_word' id='word_1_210' title='bbox 2360 1528 2518 1596; x_wconf 83' lang='grc' dir='ltr'>φύσει</span> <span class='ocrx_word' id='word_1_211' title='bbox 2547 1524 2705 1591; x_wconf 76' lang='grc' dir='ltr'>εἶναι,</span> <span class='ocrx_word' id='word_1_212' title='bbox 2730 1527 2847 1590; x_wconf 83' lang='grc' dir='ltr'>πῶς</span> <span class='ocrx_word' id='word_1_213' title='bbox 2877 1529 2977 1579; x_wconf 78' lang='grc' dir='ltr'>οὐκ</span> <span class='ocrx_word' id='word_1_214' title='bbox 3003 1526 3203 1580; x_wconf 80' lang='grc' dir='ltr'>ἄτοπον</span> <span class='ocrx_word' id='word_1_215' title='bbox 3247 1525 3308 1578; x_wconf 82' lang='grc' dir='ltr'>τὸ</span> <span class='ocrx_word' id='word_1_216' title='bbox 3340 1525 3438 1595; x_wconf 85' lang='grc' dir='ltr'>τὴν</span> <span class='ocrx_word' id='word_1_217' title='bbox 3467 1524 3574 1594; x_wconf 81' lang='grc' dir='ltr'>γῆν</span> <span class='ocrx_word' id='word_1_218' title='bbox 3601 1519 3749 1575; x_wconf 77' lang='grc' dir='ltr'>εἶναι</span> <span class='ocrx_word' id='word_1_219' title='bbox 3787 1523 3966 1575; x_wconf 70' lang='grc' dir='ltr'>ἀΐδιόν</span> 
     </span>
    </p>
   </div>
   <div class='ocr_carea' id='block_1_26' title="bbox 674 1606 2295 1686">
    <p class='ocr_par' dir='ltr' id='par_1_26' title="bbox 674 1606 2255 1679">
     <span class='ocr_line' id='line_1_26' title="bbox 674 1606 2255 1679; baseline 0.001 -18"><span class='ocrx_word' id='word_1_220' title='bbox 674 1608 877 1675; x_wconf 82' lang='lat' dir='ltr'><strong>genita,</strong></span> <span class='ocrx_word' id='word_1_221' title='bbox 931 1622 1043 1661; x_wconf 88' lang='lat' dir='ltr'><strong>non</strong></span> <span class='ocrx_word' id='word_1_222' title='bbox 1097 1621 1230 1662; x_wconf 87' lang='lat' dir='ltr'><strong>sane</strong></span> <span class='ocrx_word' id='word_1_223' title='bbox 1286 1606 1392 1660; x_wconf 90' lang='lat' dir='ltr'><strong>hoc</strong></span> <span class='ocrx_word' id='word_1_224' title='bbox 1450 1616 1673 1676; x_wconf 85' lang='lat' dir='ltr'><strong>propter</strong></span> <span class='ocrx_word' id='word_1_225' title='bbox 1722 1607 1879 1671; x_wconf 88' lang='lat' dir='ltr'><strong>illud,</strong></span> <span class='ocrx_word' id='word_1_226' title='bbox 1922 1623 2100 1679; x_wconf 88' lang='lat' dir='ltr'><strong>neque</strong></span> <span class='ocrx_word' id='word_1_227' title='bbox 2121 1609 2255 1663; x_wconf 88' lang='lat' dir='ltr'><strong>illud</strong></span> 
     </span>
    </p>
   </div>
   <div class='ocr_carea' id='block_1_27' title="bbox 2345 1606 3966 1686">
    <p class='ocr_par' dir='ltr' id='par_1_27' title="bbox 2356 1609 3966 1686">
     <span class='ocr_line' id='line_1_27' title="bbox 2356 1609 3966 1686; baseline -0.004 -16"><span class='ocrx_word' id='word_1_228' title='bbox 2356 1635 2416 1670; x_wconf 87' lang='grc' dir='ltr'><strong>τε</strong></span> <span class='ocrx_word' id='word_1_229' title='bbox 2449 1619 2542 1670; x_wconf 74' lang='grc' dir='ltr'>καὶ</span> <span class='ocrx_word' id='word_1_230' title='bbox 2573 1618 2859 1686; x_wconf 83' lang='grc' dir='ltr'>ἀγένητον,</span> <span class='ocrx_word' id='word_1_231' title='bbox 2878 1615 2940 1667; x_wconf 82' lang='grc' dir='ltr'>τὸ</span> <span class='ocrx_word' id='word_1_232' title='bbox 2969 1616 3024 1668; x_wconf 86' lang='grc' dir='ltr'>δὲ</span> <span class='ocrx_word' id='word_1_233' title='bbox 3058 1614 3170 1686; x_wconf 83' lang='grc' dir='ltr'>πῦρ</span> <span class='ocrx_word' id='word_1_234' title='bbox 3194 1614 3268 1684; x_wconf 84' lang='grc' dir='ltr'><strong>μὴ</strong></span> <span class='ocrx_word' id='word_1_235' title='bbox 3289 1609 3429 1666; x_wconf 76' lang='grc' dir='ltr'>εἶναι</span> <span class='ocrx_word' id='word_1_236' title='bbox 3461 1613 3661 1677; x_wconf 76' lang='grc' dir='ltr'>ἀϊδιονς</span> <span class='ocrx_word' id='word_1_237' title='bbox 3688 1613 3724 1683; x_wconf 79' lang='grc' dir='ltr'>ἦ</span> <span class='ocrx_word' id='word_1_238' title='bbox 3759 1614 3829 1665; x_wconf 81' lang='grc' dir='ltr'>τὸ</span> <span class='ocrx_word' id='word_1_239' title='bbox 3853 1612 3966 1683; x_wconf 86' lang='grc' dir='ltr'>πῦρ</span> 
     </span>
    </p>
   </div>
   <div class='ocr_carea' id='block_1_28' title="bbox 673 1697 2294 1779">
    <p class='ocr_par' dir='ltr' id='par_1_28' title="bbox 673 1697 2251 1767">
     <span class='ocr_line' id='line_1_28' title="bbox 673 1697 2251 1767; baseline 0.003 -18"><span class='ocrx_word' id='word_1_240' title='bbox 673 1707 896 1767; x_wconf 81' lang='lat' dir='ltr'><strong>propter</strong></span> <span class='ocrx_word' id='word_1_241' title='bbox 954 1700 1057 1752; x_wconf 88' lang='lat' dir='ltr'><strong>hoc</strong></span> <span class='ocrx_word' id='word_1_242' title='bbox 1104 1699 1344 1752; x_wconf 75' lang='lat' dir='ltr'><strong>exsistit.</strong></span> <span class='ocrx_word' id='word_1_243' title='bbox 1404 1697 1856 1767; x_wconf 84' lang='lat' dir='ltr'><strong>Quandoquidem</strong></span> <span class='ocrx_word' id='word_1_244' title='bbox 1900 1700 1946 1754; x_wconf 90' lang='lat' dir='ltr'><strong>si</strong></span> <span class='ocrx_word' id='word_1_245' title='bbox 1973 1708 2119 1753; x_wconf 85' lang='lat' dir='ltr'><strong>terra</strong></span> <span class='ocrx_word' id='word_1_246' title='bbox 2144 1707 2251 1765; x_wconf 90' lang='lat' dir='ltr'><strong>est,</strong></span> 
     </span>
    </p>
   </div>
   <div class='ocr_carea' id='block_1_29' title="bbox 2341 1697 3962 1779">
    <p class='ocr_par' dir='ltr' id='par_1_29' title="bbox 2360 1700 3962 1779">
     <span class='ocr_line' id='line_1_29' title="bbox 2360 1700 3962 1779; baseline -0.005 -17"><span class='ocrx_word' id='word_1_247' title='bbox 2360 1709 2435 1779; x_wconf 77' lang='grc' dir='ltr'><strong>μὴ</strong></span> <span class='ocrx_word' id='word_1_248' title='bbox 2482 1706 2617 1761; x_wconf 82' lang='grc' dir='ltr'>εἶναι</span> <span class='ocrx_word' id='word_1_249' title='bbox 2654 1711 2694 1741; x_wconf 73' lang='grc' dir='ltr'><strong>ἰ</strong></span> <span class='ocrx_word' id='word_1_250' title='bbox 2726 1708 2915 1769; x_wconf 75' lang='grc' dir='ltr'>ἀΐδιον,</span> <span class='ocrx_word' id='word_1_251' title='bbox 2959 1705 3056 1776; x_wconf 77' lang='grc' dir='ltr'>τὴν</span> <span class='ocrx_word' id='word_1_252' title='bbox 3099 1706 3156 1758; x_wconf 89' lang='grc' dir='ltr'>δὲ</span> <span class='ocrx_word' id='word_1_253' title='bbox 3188 1705 3294 1775; x_wconf 81' lang='grc' dir='ltr'>γῆν</span> <span class='ocrx_word' id='word_1_254' title='bbox 3342 1700 3483 1757; x_wconf 80' lang='grc' dir='ltr'>εἶναι</span> <span class='ocrx_word' id='word_1_255' title='bbox 3534 1704 3736 1765; x_wconf 76' lang='grc' dir='ltr'>ἀΐδιον,</span> <span class='ocrx_word' id='word_1_256' title='bbox 3769 1704 3848 1755; x_wconf 61' lang='grc' dir='ltr'>τὰ</span> <span class='ocrx_word' id='word_1_257' title='bbox 3896 1703 3962 1755; x_wconf 82' lang='grc' dir='ltr'>δι’</span> 
     </span>
    </p>
   </div>
   <div class='ocr_carea' id='block_1_30' title="bbox 671 1780 2292 1871">
    <p class='ocr_par' dir='ltr' id='par_1_30' title="bbox 671 1780 2253 1859">
     <span class='ocr_line' id='line_1_30' title="bbox 671 1780 2253 1859; baseline 0.002 -17"><span class='ocrx_word' id='word_1_258' title='bbox 671 1804 897 1845; x_wconf 82' lang='lat' dir='ltr'><strong>necesse</strong></span> <span class='ocrx_word' id='word_1_259' title='bbox 924 1798 1011 1844; x_wconf 90' lang='lat' dir='ltr'><strong>est</strong></span> <span class='ocrx_word' id='word_1_260' title='bbox 1037 1796 1090 1843; x_wconf 90' lang='lat' dir='ltr'><strong>et</strong></span> <span class='ocrx_word' id='word_1_261' title='bbox 1114 1790 1290 1859; x_wconf 90' lang='lat' dir='ltr'><strong>ignem</strong></span> <span class='ocrx_word' id='word_1_262' title='bbox 1314 1804 1438 1845; x_wconf 88' lang='lat' dir='ltr'><strong>esse</strong></span> <span class='ocrx_word' id='word_1_263' title='bbox 1462 1780 1519 1843; x_wconf 72' lang='lat' dir='ltr'><strong>et</strong></span> <span class='ocrx_word' id='word_1_264' title='bbox 1546 1790 1837 1858; x_wconf 87' lang='lat' dir='ltr'><strong>interjecta</strong></span> <span class='ocrx_word' id='word_1_265' title='bbox 1866 1792 2009 1845; x_wconf 91' lang='lat' dir='ltr'><strong>inter</strong></span> <span class='ocrx_word' id='word_1_266' title='bbox 2036 1800 2253 1845; x_wconf 88' lang='lat' dir='ltr'><strong>utrum-</strong></span> 
     </span>
    </p>
   </div>
   <div class='ocr_carea' id='block_1_31' title="bbox 2341 1780 3962 1871">
    <p class='ocr_par' dir='ltr' id='par_1_31' title="bbox 2354 1794 3962 1871">
     <span class='ocr_line' id='line_1_31' title="bbox 2354 1794 3962 1871; baseline -0.003 -16"><span class='ocrx_word' id='word_1_267' title='bbox 2354 1802 2556 1871; x_wconf 81' lang='grc' dir='ltr'>ἄλληλα</span> <span class='ocrx_word' id='word_1_268' title='bbox 2587 1801 2749 1867; x_wconf 61' lang='lat' dir='ltr'><strong>bna;</strong></span> <span class='ocrx_word' id='word_1_269' title='bbox 2785 1802 2846 1853; x_wconf 76' lang='lat' dir='ltr'><strong>El</strong></span> <span class='ocrx_word' id='word_1_270' title='bbox 2866 1798 2953 1851; x_wconf 88' lang='grc' dir='ltr'><strong>διά</strong></span> <span class='ocrx_word' id='word_1_271' title='bbox 2999 1799 3097 1869; x_wconf 81' lang='grc' dir='ltr'>τὴν</span> <span class='ocrx_word' id='word_1_272' title='bbox 3125 1799 3342 1865; x_wconf 79' lang='grc' dir='ltr'>γένεσιν</span> <span class='ocrx_word' id='word_1_273' title='bbox 3376 1798 3594 1866; x_wconf 86' lang='grc' dir='ltr'>ἀνάγκη</span> <span class='ocrx_word' id='word_1_274' title='bbox 3628 1794 3773 1849; x_wconf 81' lang='grc' dir='ltr'>εἶναι</span> <span class='ocrx_word' id='word_1_275' title='bbox 3822 1796 3962 1850; x_wconf 73' lang='grc' dir='ltr'>ἄλλα</span> 
     </span>
    </p>
   </div>
   <div class='ocr_carea' id='block_1_32' title="bbox 669 1870 2290 1959">
    <p class='ocr_par' dir='ltr' id='par_1_32' title="bbox 669 1871 2290 1953">
     <span class='ocr_line' id='line_1_32' title="bbox 669 1871 2290 1953; baseline 0.001 -16"><span class='ocrx_word' id='word_1_276' title='bbox 669 1900 775 1952; x_wconf 87' lang='lat' dir='ltr'><strong>que</strong></span> <span class='ocrx_word' id='word_1_277' title='bbox 806 1896 1068 1952; x_wconf 79' lang='lat' dir='ltr'><strong>corpora,</strong></span> <span class='ocrx_word' id='word_1_278' title='bbox 1118 1882 1394 1949; x_wconf 80' lang='lat' dir='ltr'><strong>quomodo</strong></span> <span class='ocrx_word' id='word_1_279' title='bbox 1418 1882 1463 1936; x_wconf 88' lang='lat' dir='ltr'><strong>si</strong></span> <span class='ocrx_word' id='word_1_280' title='bbox 1491 1892 1636 1936; x_wconf 72' lang='lat' dir='ltr'><strong>terra</strong></span> <span class='ocrx_word' id='word_1_281' title='bbox 1678 1884 1919 1953; x_wconf 84' lang='lat' dir='ltr'><strong>ingenita</strong></span> <span class='ocrx_word' id='word_1_282' title='bbox 1942 1891 1997 1938; x_wconf 91' lang='lat' dir='ltr'><strong>et</strong></span> <span class='ocrx_word' id='word_1_283' title='bbox 2021 1893 2247 1948; x_wconf 67' lang='lat' dir='ltr'><strong>aeterna,</strong></span> <span class='ocrx_word' id='word_1_284' title='bbox 2284 1871 2290 1923; x_wconf 87' lang='grc'>¹</span> 
     </span>
    </p>
   </div>
   <div class='ocr_carea' id='block_1_33' title="bbox 2341 1870 3962 1959">
    <p class='ocr_par' dir='ltr' id='par_1_33' title="bbox 2354 1872 3962 1959">
     <span class='ocr_line' id='line_1_33' title="bbox 2354 1872 3962 1959; baseline -0.002 -16"><span class='ocrx_word' id='word_1_285' title='bbox 2354 1872 3029 1959; x_wconf 20' lang='grc' dir='ltr'>ὲγκῦκλιαλσώματαητῶς</span> <span class='ocrx_word' id='word_1_286' title='bbox 3050 1889 3148 1957; x_wconf 79' lang='grc' dir='ltr'><strong>οὐχ</strong></span> <span class='ocrx_word' id='word_1_287' title='bbox 3167 1890 3201 1957; x_wconf 79' lang='grc' dir='ltr'><strong>ἡ</strong></span> <span class='ocrx_word' id='word_1_288' title='bbox 3229 1886 3441 1954; x_wconf 80' lang='grc' dir='ltr'>γένεσίς</span> <span class='ocrx_word' id='word_1_289' title='bbox 3473 1888 3623 1955; x_wconf 77' lang='grc' dir='ltr'>ἐστιν</span> <span class='ocrx_word' id='word_1_290' title='bbox 3659 1887 3823 1939; x_wconf 73' lang='grc' dir='ltr'>αἰτία</span> <span class='ocrx_word' id='word_1_291' title='bbox 3848 1886 3962 1939; x_wconf 74' lang='grc' dir='ltr'>τῶν</span> 
     </span>
    </p>
   </div>
   <div class='ocr_carea' id='block_1_34' title="bbox 668 1972 2289 2045">
    <p class='ocr_par' dir='ltr' id='par_1_34' title="bbox 668 1974 2250 2045">
     <span class='ocr_line' id='line_1_34' title="bbox 668 1974 2250 2045; baseline 0 -16"><span class='ocrx_word' id='word_1_292' title='bbox 668 1978 809 2045; x_wconf 78' lang='lat' dir='ltr'><strong>ignis</strong></span> <span class='ocrx_word' id='word_1_293' title='bbox 852 1992 961 2029; x_wconf 89' lang='lat' dir='ltr'><strong>non</strong></span> <span class='ocrx_word' id='word_1_294' title='bbox 999 1985 1258 2037; x_wconf 61' lang='lat' dir='ltr'><strong>aeternus,</strong></span> <span class='ocrx_word' id='word_1_295' title='bbox 1280 1975 1372 2044; x_wconf 83' lang='lat' dir='ltr'><strong>qui</strong></span> <span class='ocrx_word' id='word_1_296' title='bbox 1413 1975 1548 2029; x_wconf 84' lang='lat' dir='ltr'><strong>levis</strong></span> <span class='ocrx_word' id='word_1_297' title='bbox 1575 1983 1661 2029; x_wconf 89' lang='lat' dir='ltr'><strong>est</strong></span> <span class='ocrx_word' id='word_1_298' title='bbox 1695 1984 1749 2029; x_wconf 91' lang='lat' dir='ltr'><strong>et</strong></span> <span class='ocrx_word' id='word_1_299' title='bbox 1778 1990 1999 2030; x_wconf 84' lang='lat' dir='ltr'><strong>sursum</strong></span> <span class='ocrx_word' id='word_1_300' title='bbox 2032 1974 2250 2030; x_wconf 82' lang='lat' dir='ltr'><strong>fertur?</strong></span> 
     </span>
    </p>
   </div>
   <div class='ocr_carea' id='block_1_35' title="bbox 2338 1972 3959 2045">
    <p class='ocr_par' dir='ltr' id='par_1_35' title="bbox 2354 1972 3959 2045">
     <span class='ocr_line' id='line_1_35' title="bbox 2354 1972 3959 2045; baseline -0.002 -15"><span class='ocrx_word' id='word_1_301' title='bbox 2354 1977 2574 2041; x_wconf 84' lang='grc' dir='ltr'>ἀϊδίων;</span> <span class='ocrx_word' id='word_1_302' title='bbox 2621 1976 2789 2029; x_wconf 72' lang='grc' dir='ltr'>Ἀῒδια</span> <span class='ocrx_word' id='word_1_303' title='bbox 2808 1972 2916 2045; x_wconf 80' lang='grc' dir='ltr'>γὰρ</span> <span class='ocrx_word' id='word_1_304' title='bbox 2937 1976 3003 2027; x_wconf 85' lang='grc' dir='ltr'>τὰ</span> <span class='ocrx_word' id='word_1_305' title='bbox 3032 1974 3297 2043; x_wconf 75' lang='grc' dir='ltr'><strong>ἐγκύκλια</strong></span> <span class='ocrx_word' id='word_1_306' title='bbox 3330 1974 3559 2044; x_wconf 82' lang='grc' dir='ltr'>σώματα</span> <span class='ocrx_word' id='word_1_307' title='bbox 3589 1977 3689 2027; x_wconf 83' lang='grc' dir='ltr'><strong>καί</strong></span> <span class='ocrx_word' id='word_1_308' title='bbox 3720 1978 3756 2045; x_wconf 76' lang='grc' dir='ltr'><strong>ἡ</strong></span> <span class='ocrx_word' id='word_1_309' title='bbox 3796 1977 3959 2042; x_wconf 75' lang='grc' dir='ltr'>γένε-</span> 
     </span>
    </p>
   </div>
   <div class='ocr_carea' id='block_1_36' title="bbox 665 2066 2286 2138">
    <p class='ocr_par' dir='ltr' id='par_1_36' title="bbox 665 2067 2246 2138">
     <span class='ocr_line' id='line_1_36' title="bbox 665 2067 2246 2138; baseline 0 -17"><span class='ocrx_word' id='word_1_310' title='bbox 665 2067 986 2138; x_wconf 66' lang='grc' dir='ltr'>578Νοιη</span> <span class='ocrx_word' id='word_1_311' title='bbox 1046 2067 1117 2130; x_wconf 90' lang='lat' dir='ltr'><strong>si,</strong></span> <span class='ocrx_word' id='word_1_312' title='bbox 1174 2075 1231 2121; x_wconf 88' lang='lat' dir='ltr'><strong>ut</strong></span> <span class='ocrx_word' id='word_1_313' title='bbox 1275 2068 1373 2130; x_wconf 90' lang='lat' dir='ltr'><strong>ait,</strong></span> <span class='ocrx_word' id='word_1_314' title='bbox 1402 2082 1639 2135; x_wconf 88' lang='lat' dir='ltr'><strong>quorum</strong></span> <span class='ocrx_word' id='word_1_315' title='bbox 1678 2067 2081 2120; x_wconf 87' lang='lat' dir='ltr'><strong>contrariorum</strong></span> <span class='ocrx_word' id='word_1_316' title='bbox 2110 2067 2246 2121; x_wconf 91' lang='lat' dir='ltr'><strong>alte-</strong></span> 
     </span>
    </p>
   </div>
   <div class='ocr_carea' id='block_1_37' title="bbox 2335 2066 3956 2138">
    <p class='ocr_par' dir='ltr' id='par_1_37' title="bbox 2354 2066 3956 2137">
     <span class='ocr_line' id='line_1_37' title="bbox 2354 2066 3956 2137; baseline -0.001 -17"><span class='ocrx_word' id='word_1_317' title='bbox 2354 2085 2437 2130; x_wconf 83' lang='grc' dir='ltr'>σις</span> <span class='ocrx_word' id='word_1_318' title='bbox 2482 2067 2624 2120; x_wconf 84' lang='grc' dir='ltr'><strong>κατά</strong></span> <span class='ocrx_word' id='word_1_319' title='bbox 2661 2067 2760 2137; x_wconf 80' lang='grc' dir='ltr'>τὴν</span> <span class='ocrx_word' id='word_1_320' title='bbox 2807 2067 3009 2120; x_wconf 80' lang='grc' dir='ltr'>τούτων</span> <span class='ocrx_word' id='word_1_321' title='bbox 3037 2066 3268 2137; x_wconf 85' lang='grc' dir='ltr'>κίνησιν.</span> <span class='ocrx_word' id='word_1_322' title='bbox 3303 2068 3368 2120; x_wconf 82' lang='lat' dir='ltr'><strong>Ei</strong></span> <span class='ocrx_word' id='word_1_323' title='bbox 3409 2067 3467 2119; x_wconf 84' lang='grc' dir='ltr'>δὲ</span> <span class='ocrx_word' id='word_1_324' title='bbox 3507 2066 3673 2119; x_wconf 76' lang='grc' dir='ltr'>τοῦτο</span> <span class='ocrx_word' id='word_1_325' title='bbox 3717 2068 3956 2129; x_wconf 72' lang='grc' dir='ltr'>ἄτοπον,</span> 
     </span>
    </p>
   </div>
   <div class='ocr_carea' id='block_1_38' title="bbox 664 2154 2285 2230">
    <p class='ocr_par' dir='ltr' id='par_1_38' title="bbox 664 2158 2243 2220">
     <span class='ocr_line' id='line_1_38' title="bbox 664 2158 2243 2220; baseline 0 -9"><span class='ocrx_word' id='word_1_326' title='bbox 664 2176 783 2213; x_wconf 84' lang='lat' dir='ltr'><strong>rum</strong></span> <span class='ocrx_word' id='word_1_327' title='bbox 809 2168 1005 2214; x_wconf 86' lang='lat' dir='ltr'><strong>natura</strong></span> <span class='ocrx_word' id='word_1_328' title='bbox 1024 2159 1263 2220; x_wconf 83' lang='lat' dir='ltr'><strong>exsistit,</strong></span> <span class='ocrx_word' id='word_1_329' title='bbox 1315 2173 1543 2213; x_wconf 87' lang='lat' dir='ltr'><strong>necesse</strong></span> <span class='ocrx_word' id='word_1_330' title='bbox 1592 2166 1756 2213; x_wconf 90' lang='lat' dir='ltr'><strong>estet</strong></span> <span class='ocrx_word' id='word_1_331' title='bbox 1782 2158 2011 2211; x_wconf 80' lang='lat' dir='ltr'><strong>alterum</strong></span> <span class='ocrx_word' id='word_1_332' title='bbox 2048 2165 2243 2211; x_wconf 75' lang='lat' dir='ltr'><strong>natura</strong></span> 
     </span>
    </p>
   </div>
   <div class='ocr_carea' id='block_1_39' title="bbox 2334 2154 3955 2230">
    <p class='ocr_par' dir='ltr' id='par_1_39' title="bbox 2350 2154 3955 2230">
     <span class='ocr_line' id='line_1_39' title="bbox 2350 2154 3955 2230; baseline 0 -19"><span class='ocrx_word' id='word_1_333' title='bbox 2350 2160 2450 2211; x_wconf 85' lang='grc' dir='ltr'><strong>ούκ</strong></span> <span class='ocrx_word' id='word_1_334' title='bbox 2481 2159 2591 2229; x_wconf 79' lang='grc' dir='ltr'>ἄρα</span> <span class='ocrx_word' id='word_1_335' title='bbox 2635 2159 2706 2212; x_wconf 84' lang='grc' dir='ltr'>τὰ</span> <span class='ocrx_word' id='word_1_336' title='bbox 2748 2158 3011 2227; x_wconf 73' lang='grc' dir='ltr'><strong>ἐγκύκλια</strong></span> <span class='ocrx_word' id='word_1_337' title='bbox 3044 2159 3273 2229; x_wconf 83' lang='grc' dir='ltr'>σώματα</span> <span class='ocrx_word' id='word_1_338' title='bbox 3302 2161 3562 2229; x_wconf 85' lang='grc' dir='ltr'>ἀγένητα.</span> <span class='ocrx_word' id='word_1_339' title='bbox 3600 2154 3706 2211; x_wconf 81' lang='grc' dir='ltr'>Ὧν</span> <span class='ocrx_word' id='word_1_340' title='bbox 3740 2160 3860 2230; x_wconf 78' lang='grc' dir='ltr'>γὰρ</span> <span class='ocrx_word' id='word_1_341' title='bbox 3895 2160 3955 2211; x_wconf 82' lang='grc' dir='ltr'>τὸ</span> 
     </span>
    </p>
   </div>
   <div class='ocr_carea' id='block_1_40' title="bbox 662 2242 2283 2320">
    <p class='ocr_par' dir='ltr' id='par_1_40' title="bbox 662 2249 2243 2319">
     <span class='ocr_line' id='line_1_40' title="bbox 662 2249 2243 2319; baseline -0.003 -13"><span class='ocrx_word' id='word_1_342' title='bbox 662 2252 969 2307; x_wconf 82' lang='lat' dir='ltr'><strong>exsistere:</strong></span> <span class='ocrx_word' id='word_1_343' title='bbox 1034 2249 1305 2319; x_wconf 89' lang='lat' dir='ltr'><strong>quomodo</strong></span> <span class='ocrx_word' id='word_1_344' title='bbox 1331 2264 1438 2303; x_wconf 80' lang='lat' dir='ltr'><strong>non</strong></span> <span class='ocrx_word' id='word_1_345' title='bbox 1482 2256 1749 2319; x_wconf 85' lang='lat' dir='ltr'><strong>repugnat</strong></span> <span class='ocrx_word' id='word_1_346' title='bbox 1780 2256 1836 2302; x_wconf 88' lang='lat' dir='ltr'><strong>ut</strong></span> <span class='ocrx_word' id='word_1_347' title='bbox 1867 2260 2013 2303; x_wconf 86' lang='lat' dir='ltr'><strong>terra</strong></span> <span class='ocrx_word' id='word_1_348' title='bbox 2038 2256 2243 2303; x_wconf 71' lang='lat' dir='ltr'><strong>:rterna</strong></span> 
     </span>
    </p>
   </div>
   <div class='ocr_carea' id='block_1_41' title="bbox 2332 2242 3953 2320">
    <p class='ocr_par' dir='ltr' id='par_1_41' title="bbox 2349 2242 3953 2320">
     <span class='ocr_line' id='line_1_41' title="bbox 2349 2242 3953 2320; baseline -0.001 -17"><span class='ocrx_word' id='word_1_349' title='bbox 2349 2247 2487 2303; x_wconf 71' lang='grc' dir='ltr'>εἶναι</span> <span class='ocrx_word' id='word_1_350' title='bbox 2526 2250 2614 2303; x_wconf 86' lang='grc' dir='ltr'>διὰ</span> <span class='ocrx_word' id='word_1_351' title='bbox 2645 2250 2706 2303; x_wconf 76' lang='grc' dir='ltr'><strong>τὸ</strong></span> <span class='ocrx_word' id='word_1_352' title='bbox 2735 2242 2881 2303; x_wconf 78' lang='grc' dir='ltr'>’ἀλλα</span> <span class='ocrx_word' id='word_1_353' title='bbox 2922 2250 3174 2318; x_wconf 75' lang='grc' dir='ltr'>γενέσθαι</span> <span class='ocrx_word' id='word_1_354' title='bbox 3201 2250 3339 2310; x_wconf 74' lang='grc' dir='ltr'>ἐστὶ,</span> <span class='ocrx_word' id='word_1_355' title='bbox 3386 2249 3595 2320; x_wconf 82' lang='grc' dir='ltr'>γενητά</span> <span class='ocrx_word' id='word_1_356' title='bbox 3625 2249 3812 2301; x_wconf 84' lang='grc' dir='ltr'>ταῦτα</span> <span class='ocrx_word' id='word_1_357' title='bbox 3856 2251 3953 2303; x_wconf 78' lang='grc' dir='ltr'>καὶ</span> 
     </span>
    </p>
   </div>
   <div class='ocr_carea' id='block_1_42' title="bbox 662 2339 2283 2411">
    <p class='ocr_par' dir='ltr' id='par_1_42' title="bbox 662 2339 2242 2411">
     <span class='ocr_line' id='line_1_42' title="bbox 662 2339 2242 2411; baseline -0.002 -15"><span class='ocrx_word' id='word_1_358' title='bbox 662 2342 735 2396; x_wconf 88' lang='lat' dir='ltr'><strong>sit</strong></span> <span class='ocrx_word' id='word_1_359' title='bbox 759 2350 812 2396; x_wconf 91' lang='lat' dir='ltr'><strong>et</strong></span> <span class='ocrx_word' id='word_1_360' title='bbox 844 2341 1105 2411; x_wconf 86' lang='lat' dir='ltr'><strong>ingenita,</strong></span> <span class='ocrx_word' id='word_1_361' title='bbox 1138 2340 1281 2408; x_wconf 88' lang='lat' dir='ltr'><strong>ignis</strong></span> <span class='ocrx_word' id='word_1_362' title='bbox 1333 2354 1465 2393; x_wconf 88' lang='lat' dir='ltr'><strong>vero</strong></span> <span class='ocrx_word' id='word_1_363' title='bbox 1490 2354 1598 2391; x_wconf 86' lang='lat' dir='ltr'><strong>non</strong></span> <span class='ocrx_word' id='word_1_364' title='bbox 1652 2339 1723 2392; x_wconf 91' lang='lat' dir='ltr'><strong>sit</strong></span> <span class='ocrx_word' id='word_1_365' title='bbox 1747 2346 2008 2402; x_wconf 66' lang='lat' dir='ltr'><strong>aeternus,</strong></span> <span class='ocrx_word' id='word_1_366' title='bbox 2044 2347 2139 2392; x_wconf 83' lang='lat' dir='ltr'><strong>aut</strong></span> <span class='ocrx_word' id='word_1_367' title='bbox 2182 2349 2242 2393; x_wconf 91' lang='lat' dir='ltr'><strong>ut</strong></span> 
     </span>
    </p>
   </div>
   <div class='ocr_carea' id='block_1_43' title="bbox 2332 2339 3953 2411">
    <p class='ocr_par' dir='ltr' id='par_1_43' title="bbox 2347 2340 3953 2411">
     <span class='ocr_line' id='line_1_43' title="bbox 2347 2340 3953 2411; baseline -0.002 -17"><span class='ocrx_word' id='word_1_368' title='bbox 2347 2343 2447 2395; x_wconf 84' lang='grc' dir='ltr'><strong>ούκ</strong></span> <span class='ocrx_word' id='word_1_369' title='bbox 2475 2343 2642 2395; x_wconf 73' lang='grc' dir='ltr'>ἀΐδια.</span> <span class='ocrx_word' id='word_1_370' title='bbox 2678 2343 2741 2395; x_wconf 81' lang='lat' dir='ltr'><strong>El</strong></span> <span class='ocrx_word' id='word_1_371' title='bbox 2790 2342 3065 2411; x_wconf 66' lang='grc' dir='ltr'>ἐνδέχεται</span> <span class='ocrx_word' id='word_1_372' title='bbox 3102 2345 3162 2395; x_wconf 84' lang='grc' dir='ltr'>ὲν</span> <span class='ocrx_word' id='word_1_373' title='bbox 3202 2346 3316 2403; x_wconf 87' lang='grc' dir='ltr'>τοῖς</span> <span class='ocrx_word' id='word_1_374' title='bbox 3345 2342 3536 2402; x_wconf 81' lang='grc' dir='ltr'>ἀϊδίοις</span> <span class='ocrx_word' id='word_1_375' title='bbox 3576 2342 3860 2411; x_wconf 79' lang='grc' dir='ltr'>ὑπάρχειν</span> <span class='ocrx_word' id='word_1_376' title='bbox 3890 2340 3953 2391; x_wconf 69' lang='grc' dir='ltr'>τὸ</span> 
     </span>
    </p>
   </div>
   <div class='ocr_carea' id='block_1_44' title="bbox 660 2427 2281 2503">
    <p class='ocr_par' dir='ltr' id='par_1_44' title="bbox 660 2431 2239 2503">
     <span class='ocr_line' id='line_1_44' title="bbox 660 2431 2239 2503; baseline -0.003 -16"><span class='ocrx_word' id='word_1_377' title='bbox 660 2442 898 2488; x_wconf 66' lang='grc' dir='ltr'>αξιοιίιυε</span> <span class='ocrx_word' id='word_1_378' title='bbox 952 2434 1023 2488; x_wconf 87' lang='lat' dir='ltr'><strong>sit</strong></span> <span class='ocrx_word' id='word_1_379' title='bbox 1064 2434 1229 2503; x_wconf 89' lang='lat' dir='ltr'><strong>ignis,</strong></span> <span class='ocrx_word' id='word_1_380' title='bbox 1278 2444 1423 2486; x_wconf 89' lang='lat' dir='ltr'><strong>terra</strong></span> <span class='ocrx_word' id='word_1_381' title='bbox 1448 2446 1576 2485; x_wconf 86' lang='lat' dir='ltr'><strong>vero</strong></span> <span class='ocrx_word' id='word_1_382' title='bbox 1600 2445 1707 2484; x_wconf 89' lang='lat' dir='ltr'><strong>non</strong></span> <span class='ocrx_word' id='word_1_383' title='bbox 1736 2431 1809 2484; x_wconf 87' lang='lat' dir='ltr'><strong>sit</strong></span> <span class='ocrx_word' id='word_1_384' title='bbox 1828 2439 2039 2484; x_wconf 68' lang='lat' dir='ltr'><strong>aeterna</strong></span> <span class='ocrx_word' id='word_1_385' title='bbox 2064 2469 2079 2491; x_wconf 89' lang='lat'><strong>,</strong></span> <span class='ocrx_word' id='word_1_386' title='bbox 2114 2445 2239 2483; x_wconf 91' lang='lat' dir='ltr'><strong>cum</strong></span> 
     </span>
    </p>
   </div>
   <div class='ocr_carea' id='block_1_45' title="bbox 2329 2427 3950 2503">
    <p class='ocr_par' dir='ltr' id='par_1_45' title="bbox 2347 2427 3950 2501">
     <span class='ocr_line' id='line_1_45' title="bbox 2347 2427 3950 2501; baseline -0.001 -18"><span class='ocrx_word' id='word_1_387' title='bbox 2347 2431 2591 2501; x_wconf 81' lang='grc' dir='ltr'>ὑπάρχον</span> <span class='ocrx_word' id='word_1_388' title='bbox 2636 2433 2693 2484; x_wconf 88' lang='grc' dir='ltr'>ὲν</span> <span class='ocrx_word' id='word_1_389' title='bbox 2725 2434 2835 2494; x_wconf 84' lang='grc' dir='ltr'>τοῖς</span> <span class='ocrx_word' id='word_1_390' title='bbox 2892 2436 3155 2501; x_wconf 79' lang='grc' dir='ltr'><strong>γενητοῖς,</strong></span> <span class='ocrx_word' id='word_1_391' title='bbox 3205 2432 3323 2483; x_wconf 77' lang='grc' dir='ltr'>τόδε</span> <span class='ocrx_word' id='word_1_392' title='bbox 3368 2432 3582 2501; x_wconf 78' lang='grc' dir='ltr'>ἀνάγκη</span> <span class='ocrx_word' id='word_1_393' title='bbox 3614 2427 3782 2492; x_wconf 71' lang='grc' dir='ltr'>εἶναι,</span> <span class='ocrx_word' id='word_1_394' title='bbox 3818 2430 3950 2483; x_wconf 74' lang='grc' dir='ltr'>ἐπεὶ</span> 
     </span>
    </p>
   </div>
   <div class='ocr_carea' id='block_1_46' title="bbox 659 2522 2280 2598">
    <p class='ocr_par' dir='ltr' id='par_1_46' title="bbox 659 2522 2238 2594">
     <span class='ocr_line' id='line_1_46' title="bbox 659 2522 2238 2594; baseline -0.002 -18"><span class='ocrx_word' id='word_1_395' title='bbox 659 2534 885 2594; x_wconf 83' lang='lat' dir='ltr'><strong>propter</strong></span> <span class='ocrx_word' id='word_1_396' title='bbox 914 2540 973 2580; x_wconf 87' lang='lat' dir='ltr'><strong>se</strong></span> <span class='ocrx_word' id='word_1_397' title='bbox 1024 2525 1254 2578; x_wconf 84' lang='lat' dir='ltr'><strong>invicem</strong></span> <span class='ocrx_word' id='word_1_398' title='bbox 1281 2525 1431 2585; x_wconf 80' lang='lat' dir='ltr'><strong>sint?</strong></span> <span class='ocrx_word' id='word_1_399' title='bbox 1466 2522 1522 2576; x_wconf 90' lang='lat' dir='ltr'><strong>Si</strong></span> <span class='ocrx_word' id='word_1_400' title='bbox 1564 2530 1789 2592; x_wconf 87' lang='lat' dir='ltr'><strong>propter</strong></span> <span class='ocrx_word' id='word_1_401' title='bbox 1830 2523 2238 2592; x_wconf 81' lang='lat' dir='ltr'><strong>generationem</strong></span> 
     </span>
    </p>
   </div>
   <div class='ocr_carea' id='block_1_47' title="bbox 2326 2522 3947 2598">
    <p class='ocr_par' dir='ltr' id='par_1_47' title="bbox 2344 2525 3947 2598">
     <span class='ocr_line' id='line_1_47' title="bbox 2344 2525 3947 2598; baseline 0 -21"><span class='ocrx_word' id='word_1_402' title='bbox 2344 2526 2460 2577; x_wconf 78' lang='grc' dir='ltr'>τόδε</span> <span class='ocrx_word' id='word_1_403' title='bbox 2494 2527 2610 2578; x_wconf 72' lang='grc' dir='ltr'><strong>ἐστὶ</strong></span> <span class='ocrx_word' id='word_1_404' title='bbox 2640 2526 2755 2579; x_wconf 78' lang='grc' dir='ltr'>τόδε</span> <span class='ocrx_word' id='word_1_405' title='bbox 2779 2544 2791 2556; x_wconf 88' lang='grc'><em>’</em></span> <span class='ocrx_word' id='word_1_406' title='bbox 2828 2527 2978 2579; x_wconf 80' lang='grc' dir='ltr'>οὐδὲν</span> <span class='ocrx_word' id='word_1_407' title='bbox 2998 2528 3105 2597; x_wconf 83' lang='grc' dir='ltr'><strong>ἀρα</strong></span> <span class='ocrx_word' id='word_1_408' title='bbox 3136 2527 3385 2598; x_wconf 83' lang='grc' dir='ltr'><strong>διαφέρει</strong></span> <span class='ocrx_word' id='word_1_409' title='bbox 3432 2528 3500 2579; x_wconf 77' lang='grc' dir='ltr'>τᾶ</span> <span class='ocrx_word' id='word_1_410' title='bbox 3532 2527 3785 2596; x_wconf 79' lang='grc' dir='ltr'>ἀγένητα</span> <span class='ocrx_word' id='word_1_411' title='bbox 3834 2525 3947 2578; x_wconf 72' lang='grc' dir='ltr'><strong>τῶν</strong></span> 
     </span>
    </p>
   </div>
   <div class='ocr_carea' id='block_1_48' title="bbox 657 2615 2278 2687">
    <p class='ocr_par' dir='ltr' id='par_1_48' title="bbox 657 2615 2239 2683">
     <span class='ocr_line' id='line_1_48' title="bbox 657 2615 2239 2683; baseline -0.002 -12"><span class='ocrx_word' id='word_1_412' title='bbox 657 2631 886 2671; x_wconf 75' lang='lat' dir='ltr'><strong>necesse</strong></span> <span class='ocrx_word' id='word_1_413' title='bbox 936 2623 1022 2671; x_wconf 91' lang='lat' dir='ltr'><strong>est</strong></span> <span class='ocrx_word' id='word_1_414' title='bbox 1049 2617 1156 2670; x_wconf 91' lang='lat' dir='ltr'><strong>alia</strong></span> <span class='ocrx_word' id='word_1_415' title='bbox 1184 2632 1307 2671; x_wconf 88' lang='lat' dir='ltr'><strong>esse</strong></span> <span class='ocrx_word' id='word_1_416' title='bbox 1349 2615 1641 2669; x_wconf 88' lang='lat' dir='ltr'><strong>circularia</strong></span> <span class='ocrx_word' id='word_1_417' title='bbox 1677 2629 1928 2683; x_wconf 84' lang='lat' dir='ltr'><strong>corpora,</strong></span> <span class='ocrx_word' id='word_1_418' title='bbox 1963 2617 2239 2683; x_wconf 77' lang='lat' dir='ltr'><strong>quomodo</strong></span> 
     </span>
    </p>
   </div>
   <div class='ocr_carea' id='block_1_49' title="bbox 2325 2615 3946 2687">
    <p class='ocr_par' dir='ltr' id='par_1_49' title="bbox 2343 2616 3946 2687">
     <span class='ocr_line' id='line_1_49' title="bbox 2343 2616 3946 2687; baseline 0.001 -21"><span class='ocrx_word' id='word_1_419' title='bbox 2343 2616 2608 2685; x_wconf 76' lang='grc' dir='ltr'>γενητῶν.</span> <span class='ocrx_word' id='word_1_420' title='bbox 2648 2616 2736 2669; x_wconf 86' lang='grc' dir='ltr'>Ἑν</span> <span class='ocrx_word' id='word_1_421' title='bbox 2772 2616 2899 2687; x_wconf 82' lang='grc' dir='ltr'>γὰρ,</span> <span class='ocrx_word' id='word_1_422' title='bbox 2936 2618 3090 2687; x_wconf 63' lang='grc' dir='ltr'>φησι,</span> <span class='ocrx_word' id='word_1_423' title='bbox 3126 2619 3238 2678; x_wconf 84' lang='grc' dir='ltr'>τοῖς</span> <span class='ocrx_word' id='word_1_424' title='bbox 3267 2616 3458 2679; x_wconf 81' lang='grc' dir='ltr'><strong>ἀϊδίοις</strong></span> <span class='ocrx_word' id='word_1_425' title='bbox 3485 2616 3547 2669; x_wconf 83' lang='grc' dir='ltr'>τὸ</span> <span class='ocrx_word' id='word_1_426' title='bbox 3580 2616 3946 2686; x_wconf 70' lang='grc' dir='ltr'>ἐνδεχόμενον</span> 
     </span>
    </p>
   </div>
   <div class='ocr_carea' id='block_1_50' title="bbox 658 2705 2279 2777">
    <p class='ocr_par' dir='ltr' id='par_1_50' title="bbox 658 2707 2237 2777">
     <span class='ocr_line' id='line_1_50' title="bbox 658 2707 2237 2777; baseline -0.003 -14"><span class='ocrx_word' id='word_1_427' title='bbox 658 2711 940 2777; x_wconf 83' lang='lat' dir='ltr'><strong>generatio</strong></span> <span class='ocrx_word' id='word_1_428' title='bbox 973 2725 1084 2764; x_wconf 90' lang='lat' dir='ltr'><strong>non</strong></span> <span class='ocrx_word' id='word_1_429' title='bbox 1123 2725 1289 2765; x_wconf 88' lang='lat' dir='ltr'><strong>causa</strong></span> <span class='ocrx_word' id='word_1_430' title='bbox 1318 2718 1402 2765; x_wconf 91' lang='lat' dir='ltr'><strong>est</strong></span> <span class='ocrx_word' id='word_1_431' title='bbox 1426 2717 1756 2763; x_wconf 68' lang='lat' dir='ltr'><strong>aeternorum</strong></span> <span class='ocrx_word' id='word_1_432' title='bbox 1780 2708 1804 2761; x_wconf 87' lang='lat'><strong>?</strong></span> <span class='ocrx_word' id='word_1_433' title='bbox 1830 2707 2060 2762; x_wconf 61' lang='grc' dir='ltr'>λειω-ηδ</span> <span class='ocrx_word' id='word_1_434' title='bbox 2090 2707 2237 2761; x_wconf 87' lang='lat' dir='ltr'><strong>enim</strong></span> 
     </span>
    </p>
   </div>
   <div class='ocr_carea' id='block_1_51' title="bbox 1460 2705 3081 2777">
    <p class='ocr_par' dir='ltr' id='par_1_51' title="bbox 1460 2705 3081 2776">
     <span class='ocr_line' id='line_1_51' title="bbox 1460 2705 3081 2776; baseline -0.002 -13"><span class='ocrx_word' id='word_1_435' title='bbox 1460 2717 1756 2763; x_wconf 76' lang='lat' dir='ltr'><strong>:ternorum</strong></span> <span class='ocrx_word' id='word_1_436' title='bbox 1780 2708 1804 2761; x_wconf 87' lang='lat'><strong>?</strong></span> <span class='ocrx_word' id='word_1_437' title='bbox 1830 2707 2060 2762; x_wconf 60' lang='grc' dir='ltr'>λειω-ηδ</span> <span class='ocrx_word' id='word_1_438' title='bbox 2090 2707 2237 2761; x_wconf 85' lang='lat' dir='ltr'><strong>enim</strong></span> <span class='ocrx_word' id='word_1_439' title='bbox 2343 2707 2497 2759; x_wconf 83' lang='grc' dir='ltr'>οὐδὲν</span> <span class='ocrx_word' id='word_1_440' title='bbox 2528 2706 2774 2776; x_wconf 84' lang='grc' dir='ltr'>διαφέρει</span> <span class='ocrx_word' id='word_1_441' title='bbox 2801 2707 2893 2759; x_wconf 90' lang='grc' dir='ltr'>τοῦ</span> <span class='ocrx_word' id='word_1_442' title='bbox 2924 2705 3081 2760; x_wconf 84' lang='grc' dir='ltr'>εἶναι.</span> 
     </span>
    </p>
   </div>
   <div class='ocr_carea' id='block_1_52' title="bbox 656 2801 3946 2880">
    <p class='ocr_par' dir='ltr' id='par_1_52' title="bbox 656 2801 3946 2880">
     <span class='ocr_line' id='line_1_52' title="bbox 656 2801 3946 2880; baseline -0.002 -18"><span class='ocrx_word' id='word_1_443' title='bbox 656 2814 787 2862; x_wconf 84' lang='lat' dir='ltr'><strong>sunt</strong></span> <span class='ocrx_word' id='word_1_444' title='bbox 817 2808 1107 2861; x_wconf 88' lang='lat' dir='ltr'><strong>circularia</strong></span> <span class='ocrx_word' id='word_1_445' title='bbox 1130 2820 1385 2875; x_wconf 89' lang='lat' dir='ltr'><strong>corpora,</strong></span> <span class='ocrx_word' id='word_1_446' title='bbox 1416 2812 1471 2859; x_wconf 91' lang='lat' dir='ltr'><strong>et</strong></span> <span class='ocrx_word' id='word_1_447' title='bbox 1496 2803 1779 2875; x_wconf 87' lang='lat' dir='ltr'><strong>generatio</strong></span> <span class='ocrx_word' id='word_1_448' title='bbox 1820 2803 2121 2880; x_wconf 89' lang='lat' dir='ltr'><strong>secundum</strong></span> <span class='ocrx_word' id='word_1_449' title='bbox 2147 2816 2336 2855; x_wconf 89' lang='lat' dir='ltr'><strong>eorum</strong></span> <span class='ocrx_word' id='word_1_450' title='bbox 2369 2810 2597 2855; x_wconf 88' lang='lat' dir='ltr'><strong>motum.</strong></span> <span class='ocrx_word' id='word_1_451' title='bbox 2631 2801 2786 2866; x_wconf 80' lang='lat' dir='ltr'><strong>Quod</strong></span> <span class='ocrx_word' id='word_1_452' title='bbox 2830 2803 2877 2856; x_wconf 91' lang='lat' dir='ltr'><strong>si</strong></span> <span class='ocrx_word' id='word_1_453' title='bbox 2940 2803 2991 2855; x_wconf 88' lang='lat' dir='ltr'><strong>id</strong></span> <span class='ocrx_word' id='word_1_454' title='bbox 3042 2802 3364 2865; x_wconf 87' lang='lat' dir='ltr'><strong>absurdum,</strong></span> <span class='ocrx_word' id='word_1_455' title='bbox 3418 2818 3528 2857; x_wconf 88' lang='lat' dir='ltr'><strong>non</strong></span> <span class='ocrx_word' id='word_1_456' title='bbox 3579 2817 3718 2873; x_wconf 88' lang='lat' dir='ltr'><strong>ergo</strong></span> <span class='ocrx_word' id='word_1_457' title='bbox 3786 2802 3946 2872; x_wconf 87' lang='lat' dir='ltr'><strong>lnge-</strong></span> 
     </span>
    </p>
   </div>
   <div class='ocr_carea' id='block_1_53' title="bbox 656 2895 3938 2969">
    <p class='ocr_par' dir='ltr' id='par_1_53' title="bbox 656 2895 3938 2969">
     <span class='ocr_line' id='line_1_53' title="bbox 656 2895 3938 2969; baseline -0 -18"><span class='ocrx_word' id='word_1_458' title='bbox 656 2900 769 2953; x_wconf 89' lang='lat' dir='ltr'><strong>nita</strong></span> <span class='ocrx_word' id='word_1_459' title='bbox 808 2908 935 2953; x_wconf 90' lang='lat' dir='ltr'><strong>sunt</strong></span> <span class='ocrx_word' id='word_1_460' title='bbox 982 2901 1275 2955; x_wconf 88' lang='lat' dir='ltr'><strong>circularia</strong></span> <span class='ocrx_word' id='word_1_461' title='bbox 1330 2913 1582 2969; x_wconf 89' lang='lat' dir='ltr'><strong>corpora.</strong></span> <span class='ocrx_word' id='word_1_462' title='bbox 1628 2898 1761 2965; x_wconf 74' lang='lat' dir='ltr'><strong>Qua:</strong></span> <span class='ocrx_word' id='word_1_463' title='bbox 1786 2900 1929 2953; x_wconf 90' lang='lat' dir='ltr'><strong>enim</strong></span> <span class='ocrx_word' id='word_1_464' title='bbox 1958 2903 2245 2966; x_wconf 85' lang='lat' dir='ltr'><strong>propterea</strong></span> <span class='ocrx_word' id='word_1_465' title='bbox 2286 2905 2416 2949; x_wconf 87' lang='lat' dir='ltr'><strong>sunt</strong></span> <span class='ocrx_word' id='word_1_466' title='bbox 2441 2897 2585 2965; x_wconf 88' lang='lat' dir='ltr'><strong>quod</strong></span> <span class='ocrx_word' id='word_1_467' title='bbox 2617 2897 2723 2950; x_wconf 88' lang='lat' dir='ltr'><strong>alia</strong></span> <span class='ocrx_word' id='word_1_468' title='bbox 2775 2897 2908 2961; x_wconf 89' lang='lat' dir='ltr'><strong>sint,</strong></span> <span class='ocrx_word' id='word_1_469' title='bbox 2938 2898 3119 2967; x_wconf 83' lang='lat' dir='ltr'><strong>genita</strong></span> <span class='ocrx_word' id='word_1_470' title='bbox 3152 2895 3271 2951; x_wconf 71' lang='lat' dir='ltr'><strong>btec</strong></span> <span class='ocrx_word' id='word_1_471' title='bbox 3294 2912 3359 2951; x_wconf 85' lang='lat' dir='ltr'><strong>ac</strong></span> <span class='ocrx_word' id='word_1_472' title='bbox 3412 2897 3642 2951; x_wconf 88' lang='lat' dir='ltr'><strong>minime</strong></span> <span class='ocrx_word' id='word_1_473' title='bbox 3703 2905 3938 2951; x_wconf 67' lang='lat' dir='ltr'><strong>aeterna.</strong></span> 
     </span>
    </p>
   </div>
   <div class='ocr_carea' id='block_1_54' title="bbox 655 2990 3937 3063">
    <p class='ocr_par' dir='ltr' id='par_1_54' title="bbox 655 2990 3937 3063">
     <span class='ocr_line' id='line_1_54' title="bbox 655 2990 3937 3063; baseline 0 -19"><span class='ocrx_word' id='word_1_474' title='bbox 655 2991 713 3044; x_wconf 83' lang='lat' dir='ltr'><strong>Si</strong></span> <span class='ocrx_word' id='word_1_475' title='bbox 745 2991 860 3047; x_wconf 83' lang='lat' dir='ltr'><strong>fieri</strong></span> <span class='ocrx_word' id='word_1_476' title='bbox 894 3001 1073 3063; x_wconf 88' lang='lat' dir='ltr'><strong>potest</strong></span> <span class='ocrx_word' id='word_1_477' title='bbox 1102 2994 1155 3046; x_wconf 92' lang='lat' dir='ltr'><strong>in</strong></span> <span class='ocrx_word' id='word_1_478' title='bbox 1181 2994 1403 3047; x_wconf 74' lang='lat' dir='ltr'><strong>aeternis</strong></span> <span class='ocrx_word' id='word_1_479' title='bbox 1441 2993 1630 3055; x_wconf 81' lang='lat' dir='ltr'><strong>rebus,</strong></span> <span class='ocrx_word' id='word_1_480' title='bbox 1650 2991 1881 3062; x_wconf 81' lang='lat' dir='ltr'><strong>quodin</strong></span> <span class='ocrx_word' id='word_1_481' title='bbox 1914 2990 2114 3061; x_wconf 89' lang='lat' dir='ltr'><strong>genitis</strong></span> <span class='ocrx_word' id='word_1_482' title='bbox 2147 2990 2229 3056; x_wconf 79' lang='lat' dir='ltr'><strong>fit,</strong></span> <span class='ocrx_word' id='word_1_483' title='bbox 2266 2998 2323 3042; x_wconf 92' lang='lat' dir='ltr'><strong>ut</strong></span> <span class='ocrx_word' id='word_1_484' title='bbox 2353 2990 2486 3043; x_wconf 87' lang='lat' dir='ltr'><strong>illud</strong></span> <span class='ocrx_word' id='word_1_485' title='bbox 2520 3006 2747 3046; x_wconf 88' lang='lat' dir='ltr'><strong>necesse</strong></span> <span class='ocrx_word' id='word_1_486' title='bbox 2778 2992 2847 3046; x_wconf 86' lang='lat' dir='ltr'><strong>sit</strong></span> <span class='ocrx_word' id='word_1_487' title='bbox 2867 3006 3011 3055; x_wconf 87' lang='lat' dir='ltr'><strong>esse,</strong></span> <span class='ocrx_word' id='word_1_488' title='bbox 3042 2992 3171 3059; x_wconf 86' lang='lat' dir='ltr'><strong>quia</strong></span> <span class='ocrx_word' id='word_1_489' title='bbox 3234 2991 3339 3045; x_wconf 79' lang='lat' dir='ltr'><strong>hoc</strong></span> <span class='ocrx_word' id='word_1_490' title='bbox 3395 2999 3610 3046; x_wconf 89' lang='lat' dir='ltr'><strong>certum</strong></span> <span class='ocrx_word' id='word_1_491' title='bbox 3644 2991 3786 3061; x_wconf 87' lang='lat' dir='ltr'><strong>quid</strong></span> <span class='ocrx_word' id='word_1_492' title='bbox 3809 2998 3937 3055; x_wconf 81' lang='lat' dir='ltr'><strong>est;</strong></span> 
     </span>
    </p>
   </div>
   <div class='ocr_carea' id='block_1_55' title="bbox 654 3084 3921 3155">
    <p class='ocr_par' dir='ltr' id='par_1_55' title="bbox 654 3084 3921 3155">
     <span class='ocr_line' id='line_1_55' title="bbox 654 3084 3921 3155; baseline -0 -17"><span class='ocrx_word' id='word_1_493' title='bbox 654 3085 787 3138; x_wconf 84' lang='lat' dir='ltr'><strong>nihil</strong></span> <span class='ocrx_word' id='word_1_494' title='bbox 836 3086 1080 3155; x_wconf 87' lang='lat' dir='ltr'><strong>profecto</strong></span> <span class='ocrx_word' id='word_1_495' title='bbox 1107 3086 1360 3142; x_wconf 74' lang='lat' dir='ltr'><strong>different</strong></span> <span class='ocrx_word' id='word_1_496' title='bbox 1401 3086 1693 3155; x_wconf 89' lang='lat' dir='ltr'><strong>ingenitaa</strong></span> <span class='ocrx_word' id='word_1_497' title='bbox 1722 3086 1941 3155; x_wconf 89' lang='lat' dir='ltr'><strong>genitis.</strong></span> <span class='ocrx_word' id='word_1_498' title='bbox 2006 3084 2065 3137; x_wconf 93' lang='lat' dir='ltr'><strong>ln</strong></span> <span class='ocrx_word' id='word_1_499' title='bbox 2110 3084 2330 3137; x_wconf 66' lang='lat' dir='ltr'><strong>aeternis</strong></span> <span class='ocrx_word' id='word_1_500' title='bbox 2391 3086 2558 3148; x_wconf 90' lang='lat' dir='ltr'><strong>enim,</strong></span> <span class='ocrx_word' id='word_1_501' title='bbox 2610 3084 2809 3153; x_wconf 88' lang='lat' dir='ltr'><strong>inquit,</strong></span> <span class='ocrx_word' id='word_1_502' title='bbox 2865 3084 3009 3139; x_wconf 80' lang='lat' dir='ltr'><strong>inter</strong></span> <span class='ocrx_word' id='word_1_503' title='bbox 3045 3099 3170 3139; x_wconf 90' lang='lat' dir='ltr'><strong>esse</strong></span> <span class='ocrx_word' id='word_1_504' title='bbox 3201 3099 3365 3154; x_wconf 86' lang='lat' dir='ltr'><strong>posse</strong></span> <span class='ocrx_word' id='word_1_505' title='bbox 3413 3093 3468 3139; x_wconf 88' lang='lat' dir='ltr'><strong>et</strong></span> <span class='ocrx_word' id='word_1_506' title='bbox 3501 3100 3627 3141; x_wconf 85' lang='lat' dir='ltr'><strong>esse</strong></span> <span class='ocrx_word' id='word_1_507' title='bbox 3676 3084 3824 3141; x_wconf 81' lang='lat' dir='ltr'><strong>nihil</strong></span> <span class='ocrx_word' id='word_1_508' title='bbox 3862 3084 3921 3137; x_wconf 85' lang='lat' dir='ltr'><strong>in</strong></span> 
     </span>
    </p>
   </div>
   <div class='ocr_carea' id='block_1_56' title="bbox 652 3189 839 3234">
    <p class='ocr_par' dir='ltr' id='par_1_56' title="bbox 652 3189 839 3234">
     <span class='ocr_line' id='line_1_56' title="bbox 652 3189 839 3234; baseline -0.011 -1"><span class='ocrx_word' id='word_1_509' title='bbox 652 3189 839 3234; x_wconf 70' lang='lat' dir='ltr'><strong>ICI&#39;CSL</strong></span> 
     </span>
    </p>
   </div>
   <div class='ocr_carea' id='block_1_57' title="bbox 831 3260 2452 3340">
    <p class='ocr_par' dir='ltr' id='par_1_57' title="bbox 831 3260 2305 3330">
     <span class='ocr_line' id='line_1_57' title="bbox 831 3260 2305 3330; baseline -0.007 -9"><span class='ocrx_word' id='word_1_510' title='bbox 831 3268 922 3321; x_wconf 70' lang='lat'><strong>54.</strong></span> <span class='ocrx_word' id='word_1_511' title='bbox 963 3267 1047 3321; x_wconf 73' lang='lat' dir='ltr'><strong>Ex</strong></span> <span class='ocrx_word' id='word_1_512' title='bbox 1080 3268 1257 3321; x_wconf 81' lang='lat' dir='ltr'><strong>eodem</strong></span> <span class='ocrx_word' id='word_1_513' title='bbox 1286 3266 1443 3329; x_wconf 82' lang='lat' dir='ltr'><strong>libro,</strong></span> <span class='ocrx_word' id='word_1_514' title='bbox 1472 3265 1626 3330; x_wconf 80' lang='lat' dir='ltr'><strong>ibid.,</strong></span> <span class='ocrx_word' id='word_1_515' title='bbox 1656 3278 1709 3318; x_wconf 89' lang='lat' dir='ltr'><strong>c.</strong></span> <span class='ocrx_word' id='word_1_516' title='bbox 1739 3262 1795 3329; x_wconf 72' lang='grc'>4,</span> <span class='ocrx_word' id='word_1_517' title='bbox 1824 3277 1874 3330; x_wconf 87' lang='lat' dir='ltr'><strong>p.</strong></span> <span class='ocrx_word' id='word_1_518' title='bbox 1903 3260 2029 3314; x_wconf 59' lang='lat'><strong>£87.</strong></span> <span class='ocrx_word' id='word_1_519' title='bbox 2264 3272 2305 3328; x_wconf 64' lang='grc' dir='ltr'><strong>(ς</strong></span> 
     </span>
    </p>
   </div>
   <div class='ocr_carea' id='block_1_58' title="bbox 1916 3260 3537 3340">
    <p class='ocr_par' dir='ltr' id='par_1_58' title="bbox 1916 3260 3537 3340">
     <span class='ocr_line' id='line_1_58' title="bbox 1916 3260 3537 3340; baseline 0.007 -27"><span class='ocrx_word' id='word_1_520' title='bbox 1916 3260 2029 3314; x_wconf 69' lang='grc' dir='ltr'>ὶ87.</span> <span class='ocrx_word' id='word_1_521' title='bbox 2264 3272 2305 3328; x_wconf 81' lang='lat' dir='ltr'><strong>c</strong></span> <span class='ocrx_word' id='word_1_522' title='bbox 2727 3267 2815 3323; x_wconf 66' lang='lat'><strong>51.</strong></span> <span class='ocrx_word' id='word_1_523' title='bbox 2865 3270 2957 3321; x_wconf 83' lang='grc' dir='ltr'>Ἐκ</span> <span class='ocrx_word' id='word_1_524' title='bbox 2984 3270 3091 3323; x_wconf 85' lang='grc' dir='ltr'>τοῦ</span> <span class='ocrx_word' id='word_1_525' title='bbox 3116 3270 3303 3323; x_wconf 81' lang='grc' dir='ltr'>αὐτοῦ</span> <span class='ocrx_word' id='word_1_526' title='bbox 3330 3272 3537 3340; x_wconf 69' lang='grc' dir='ltr'>λόγου.</span> 
     </span>
    </p>
   </div>
   <div class='ocr_carea' id='block_1_59' title="bbox 729 3355 2350 3431">
    <p class='ocr_par' dir='ltr' id='par_1_59' title="bbox 729 3358 2227 3430">
     <span class='ocr_line' id='line_1_59' title="bbox 729 3358 2227 3430; baseline 0.003 -22"><span class='ocrx_word' id='word_1_527' title='bbox 729 3377 747 3408; x_wconf 77' lang='grc' dir='ltr'><strong>ι</strong></span> <span class='ocrx_word' id='word_1_528' title='bbox 787 3358 1240 3427; x_wconf 87' lang='lat' dir='ltr'><strong>Quandoquidem</strong></span> <span class='ocrx_word' id='word_1_529' title='bbox 1294 3360 1491 3429; x_wconf 83' lang='lat' dir='ltr'><strong>duplex</strong></span> <span class='ocrx_word' id='word_1_530' title='bbox 1545 3375 1669 3415; x_wconf 89' lang='lat' dir='ltr'><strong>esse</strong></span> <span class='ocrx_word' id='word_1_531' title='bbox 1715 3368 1895 3430; x_wconf 86' lang='lat' dir='ltr'><strong>potest</strong></span> <span class='ocrx_word' id='word_1_532' title='bbox 1935 3361 1989 3413; x_wconf 89' lang='lat' dir='ltr'><strong>in</strong></span> <span class='ocrx_word' id='word_1_533' title='bbox 2021 3359 2227 3413; x_wconf 89' lang='lat' dir='ltr'><strong>circulo</strong></span> 
     </span>
    </p>
   </div>
   <div class='ocr_carea' id='block_1_60' title="bbox 2311 3355 3932 3431">
    <p class='ocr_par' dir='ltr' id='par_1_60' title="bbox 2410 3355 3932 3431">
     <span class='ocr_line' id='line_1_60' title="bbox 2410 3355 3932 3431; baseline 0.004 -24"><span class='ocrx_word' id='word_1_534' title='bbox 2410 3376 2427 3407; x_wconf 88' lang='grc' dir='ltr'><strong>ι</strong></span> <span class='ocrx_word' id='word_1_535' title='bbox 2475 3355 2691 3426; x_wconf 79' lang='grc' dir='ltr'>Ἐπειδὴ</span> <span class='ocrx_word' id='word_1_536' title='bbox 2746 3356 2861 3408; x_wconf 83' lang='grc' dir='ltr'>ἔστι</span> <span class='ocrx_word' id='word_1_537' title='bbox 2901 3356 3063 3426; x_wconf 79' lang='grc' dir='ltr'>διχῶς</span> <span class='ocrx_word' id='word_1_538' title='bbox 3095 3357 3187 3409; x_wconf 75' lang='grc' dir='ltr'>ἐπὶ</span> <span class='ocrx_word' id='word_1_539' title='bbox 3224 3358 3318 3411; x_wconf 87' lang='grc' dir='ltr'>τοῦ</span> <span class='ocrx_word' id='word_1_540' title='bbox 3360 3358 3563 3411; x_wconf 79' lang='grc' dir='ltr'><strong>κύκλου</strong></span> <span class='ocrx_word' id='word_1_541' title='bbox 3607 3358 3932 3431; x_wconf 79' lang='grc' dir='ltr'>κινηθῆναι.</span> 
     </span>
    </p>
   </div>
   <div class='ocr_carea' id='block_1_61' title="bbox 649 3445 2270 3523">
    <p class='ocr_par' dir='ltr' id='par_1_61' title="bbox 649 3452 2232 3521">
     <span class='ocr_line' id='line_1_61' title="bbox 649 3452 2232 3521; baseline 0.003 -17"><span class='ocrx_word' id='word_1_542' title='bbox 649 3463 853 3513; x_wconf 88' lang='lat' dir='ltr'><strong>motus,</strong></span> <span class='ocrx_word' id='word_1_543' title='bbox 888 3468 1065 3521; x_wconf 86' lang='lat' dir='ltr'><strong>neque</strong></span> <span class='ocrx_word' id='word_1_544' title='bbox 1096 3452 1150 3506; x_wconf 88' lang='lat' dir='ltr'><strong>hi</strong></span> <span class='ocrx_word' id='word_1_545' title='bbox 1176 3454 1316 3507; x_wconf 73' lang='lat' dir='ltr'><strong>inter</strong></span> <span class='ocrx_word' id='word_1_546' title='bbox 1347 3469 1406 3507; x_wconf 86' lang='lat' dir='ltr'><strong>se</strong></span> <span class='ocrx_word' id='word_1_547' title='bbox 1432 3454 1695 3507; x_wconf 88' lang='lat' dir='ltr'><strong>contrarii</strong></span> <span class='ocrx_word' id='word_1_548' title='bbox 1733 3473 1745 3507; x_wconf 85' lang='lat'>:</span> <span class='ocrx_word' id='word_1_549' title='bbox 1780 3459 1825 3508; x_wconf 86' lang='lat' dir='ltr'><strong>si</strong></span> <span class='ocrx_word' id='word_1_550' title='bbox 1849 3453 1985 3507; x_wconf 85' lang='lat' dir='ltr'><strong>nihil</strong></span> <span class='ocrx_word' id='word_1_551' title='bbox 2026 3461 2232 3508; x_wconf 88' lang='lat' dir='ltr'><strong>temere</strong></span> 
     </span>
    </p>
   </div>
   <div class='ocr_carea' id='block_1_62' title="bbox 2315 3445 3936 3523">
    <p class='ocr_par' dir='ltr' id='par_1_62' title="bbox 2335 3445 3936 3523">
     <span class='ocr_line' id='line_1_62' title="bbox 2335 3445 3936 3523; baseline 0.002 -22"><span class='ocrx_word' id='word_1_552' title='bbox 2335 3450 2428 3501; x_wconf 71' lang='grc' dir='ltr'>καὶ</span> <span class='ocrx_word' id='word_1_553' title='bbox 2450 3449 2549 3501; x_wconf 84' lang='grc' dir='ltr'><strong>ούκ</strong></span> <span class='ocrx_word' id='word_1_554' title='bbox 2578 3450 2713 3501; x_wconf 74' lang='grc' dir='ltr'>εἰσὶν</span> <span class='ocrx_word' id='word_1_555' title='bbox 2744 3449 2983 3501; x_wconf 79' lang='grc' dir='ltr'>ἐναντίαι</span> <span class='ocrx_word' id='word_1_556' title='bbox 3012 3445 3194 3512; x_wconf 70' lang='grc' dir='ltr'>αὗται,</span> <span class='ocrx_word' id='word_1_557' title='bbox 3225 3450 3363 3504; x_wconf 87' lang='grc' dir='ltr'><strong>ἀλλά</strong></span> <span class='ocrx_word' id='word_1_558' title='bbox 3390 3452 3440 3502; x_wconf 88' lang='grc' dir='ltr'><strong>εί</strong></span> <span class='ocrx_word' id='word_1_559' title='bbox 3463 3448 3633 3520; x_wconf 78' lang='grc' dir='ltr'>μηθὲν</span> <span class='ocrx_word' id='word_1_560' title='bbox 3664 3452 3744 3513; x_wconf 85' lang='grc' dir='ltr'>ὡς</span> <span class='ocrx_word' id='word_1_561' title='bbox 3775 3452 3936 3523; x_wconf 68' lang='grc' dir='ltr'>ἔτυχε</span> 
     </span>
    </p>
   </div>
   <div class='ocr_carea' id='block_1_63' title="bbox 649 3538 2270 3615">
    <p class='ocr_par' dir='ltr' id='par_1_63' title="bbox 649 3546 2229 3615">
     <span class='ocr_line' id='line_1_63' title="bbox 649 3546 2229 3615; baseline -0.001 -17"><span class='ocrx_word' id='word_1_562' title='bbox 649 3554 742 3599; x_wconf 90' lang='lat' dir='ltr'><strong>aut</strong></span> <span class='ocrx_word' id='word_1_563' title='bbox 775 3546 1003 3600; x_wconf 89' lang='lat' dir='ltr'><strong>fortuito</strong></span> <span class='ocrx_word' id='word_1_564' title='bbox 1053 3561 1177 3602; x_wconf 89' lang='lat' dir='ltr'><strong>esse</strong></span> <span class='ocrx_word' id='word_1_565' title='bbox 1220 3547 1273 3599; x_wconf 92' lang='lat' dir='ltr'><strong>in</strong></span> <span class='ocrx_word' id='word_1_566' title='bbox 1305 3547 1524 3601; x_wconf 80' lang='lat' dir='ltr'><strong>aeternis</strong></span> <span class='ocrx_word' id='word_1_567' title='bbox 1570 3554 1768 3615; x_wconf 84' lang='lat' dir='ltr'><strong>potest,</strong></span> <span class='ocrx_word' id='word_1_568' title='bbox 1819 3548 2017 3600; x_wconf 79' lang='lat' dir='ltr'><strong>ccelum</strong></span> <span class='ocrx_word' id='word_1_569' title='bbox 2049 3554 2229 3598; x_wconf 87' lang='lat' dir='ltr'><strong>autem</strong></span> 
     </span>
    </p>
   </div>
   <div class='ocr_carea' id='block_1_64' title="bbox 2311 3538 3932 3615">
    <p class='ocr_par' dir='ltr' id='par_1_64' title="bbox 2336 3538 3932 3610">
     <span class='ocr_line' id='line_1_64' title="bbox 2336 3538 3932 3610; baseline 0.003 -21"><span class='ocrx_word' id='word_1_570' title='bbox 2336 3539 2455 3609; x_wconf 74' lang='grc' dir='ltr'>μηδ’</span> <span class='ocrx_word' id='word_1_571' title='bbox 2488 3540 2598 3592; x_wconf 85' lang='grc' dir='ltr'><strong>ἀπὸ</strong></span> <span class='ocrx_word' id='word_1_572' title='bbox 2630 3540 2971 3609; x_wconf 78' lang='grc' dir='ltr'>ταύτομάτου</span> <span class='ocrx_word' id='word_1_573' title='bbox 3002 3540 3274 3610; x_wconf 75' lang='grc' dir='ltr'>ἐνδέχεται</span> <span class='ocrx_word' id='word_1_574' title='bbox 3309 3543 3367 3593; x_wconf 82' lang='grc' dir='ltr'>ὲν</span> <span class='ocrx_word' id='word_1_575' title='bbox 3387 3544 3499 3604; x_wconf 87' lang='grc' dir='ltr'>τοῖς</span> <span class='ocrx_word' id='word_1_576' title='bbox 3528 3539 3728 3604; x_wconf 86' lang='grc' dir='ltr'>ἀϊδίοις</span> <span class='ocrx_word' id='word_1_577' title='bbox 3758 3538 3932 3595; x_wconf 81' lang='grc' dir='ltr'>εἶναι·</span> 
     </span>
    </p>
   </div>
   <div class='ocr_carea' id='block_1_65' title="bbox 647 3626 2268 3709">
    <p class='ocr_par' dir='ltr' id='par_1_65' title="bbox 647 3636 2228 3707">
     <span class='ocr_line' id='line_1_65' title="bbox 647 3636 2228 3707; baseline -0.001 -17"><span class='ocrx_word' id='word_1_578' title='bbox 647 3648 912 3691; x_wconf 66' lang='grc' dir='ltr'>αξιοτηυιιι</span> <span class='ocrx_word' id='word_1_579' title='bbox 953 3645 1006 3691; x_wconf 93' lang='lat' dir='ltr'><strong>et</strong></span> <span class='ocrx_word' id='word_1_580' title='bbox 1036 3637 1128 3706; x_wconf 93' lang='lat' dir='ltr'><strong>qui</strong></span> <span class='ocrx_word' id='word_1_581' title='bbox 1158 3638 1212 3689; x_wconf 94' lang='lat' dir='ltr'><strong>in</strong></span> <span class='ocrx_word' id='word_1_582' title='bbox 1241 3638 1427 3691; x_wconf 89' lang='lat' dir='ltr'><strong>orbem</strong></span> <span class='ocrx_word' id='word_1_583' title='bbox 1462 3637 1519 3691; x_wconf 78' lang='lat' dir='ltr'><strong>fit</strong></span> <span class='ocrx_word' id='word_1_584' title='bbox 1556 3646 1737 3692; x_wconf 90' lang='lat' dir='ltr'><strong>motus</strong></span> <span class='ocrx_word' id='word_1_585' title='bbox 1764 3656 1777 3691; x_wconf 90' lang='lat'><strong>:</strong></span> <span class='ocrx_word' id='word_1_586' title='bbox 1815 3653 1978 3707; x_wconf 90' lang='lat' dir='ltr'><strong>quam</strong></span> <span class='ocrx_word' id='word_1_587' title='bbox 2009 3636 2228 3690; x_wconf 87' lang='lat' dir='ltr'><strong>tandem</strong></span> 
     </span>
    </p>
   </div>
   <div class='ocr_carea' id='block_1_66' title="bbox 2318 3626 3939 3709">
    <p class='ocr_par' dir='ltr' id='par_1_66' title="bbox 2331 3626 3939 3709">
     <span class='ocr_line' id='line_1_66' title="bbox 2331 3626 3939 3709; baseline 0.004 -30"><span class='ocrx_word' id='word_1_588' title='bbox 2331 3628 2359 3679; x_wconf 79' lang='grc' dir='ltr'><strong>ὁ</strong></span> <span class='ocrx_word' id='word_1_589' title='bbox 2388 3628 2442 3679; x_wconf 87' lang='grc' dir='ltr'>δὲ</span> <span class='ocrx_word' id='word_1_590' title='bbox 2473 3626 2697 3699; x_wconf 75' lang='grc' dir='ltr'>οὐρανὸς</span> <span class='ocrx_word' id='word_1_591' title='bbox 2727 3628 2893 3691; x_wconf 78' lang='grc' dir='ltr'>ἀΐδιος</span> <span class='ocrx_word' id='word_1_592' title='bbox 2925 3631 3016 3682; x_wconf 77' lang='grc' dir='ltr'>καὶ</span> <span class='ocrx_word' id='word_1_593' title='bbox 3050 3630 3082 3699; x_wconf 85' lang='grc' dir='ltr'>ὴ</span> <span class='ocrx_word' id='word_1_594' title='bbox 3112 3628 3297 3700; x_wconf 87' lang='grc' dir='ltr'>κύκλῳ</span> <span class='ocrx_word' id='word_1_595' title='bbox 3327 3631 3498 3709; x_wconf 84' lang='grc' dir='ltr'>φορά·</span> <span class='ocrx_word' id='word_1_596' title='bbox 3525 3631 3614 3683; x_wconf 86' lang='grc' dir='ltr'>διὰ</span> <span class='ocrx_word' id='word_1_597' title='bbox 3645 3632 3772 3684; x_wconf 86' lang='grc' dir='ltr'>τίνα</span> <span class='ocrx_word' id='word_1_598' title='bbox 3803 3633 3939 3685; x_wconf 65' lang='grc' dir='ltr'>ποτὲ</span> 
     </span>
    </p>
   </div>
   <div class='ocr_carea' id='block_1_67' title="bbox 647 3716 2268 3798">
    <p class='ocr_par' dir='ltr' id='par_1_67' title="bbox 647 3730 2228 3798">
     <span class='ocr_line' id='line_1_67' title="bbox 647 3730 2228 3798; baseline 0.001 -16"><span class='ocrx_word' id='word_1_599' title='bbox 647 3731 720 3783; x_wconf 89' lang='lat' dir='ltr'><strong>ob</strong></span> <span class='ocrx_word' id='word_1_600' title='bbox 740 3744 962 3785; x_wconf 88' lang='lat' dir='ltr'><strong>causam</strong></span> <span class='ocrx_word' id='word_1_601' title='bbox 993 3730 1045 3783; x_wconf 90' lang='lat' dir='ltr'><strong>in</strong></span> <span class='ocrx_word' id='word_1_602' title='bbox 1086 3730 1313 3783; x_wconf 79' lang='lat' dir='ltr'><strong>alteram</strong></span> <span class='ocrx_word' id='word_1_603' title='bbox 1361 3740 1570 3798; x_wconf 87' lang='lat' dir='ltr'><strong>partem</strong></span> <span class='ocrx_word' id='word_1_604' title='bbox 1597 3730 1791 3792; x_wconf 82' lang='lat' dir='ltr'><strong>fertur,</strong></span> <span class='ocrx_word' id='word_1_605' title='bbox 1820 3745 1927 3783; x_wconf 88' lang='lat' dir='ltr'><strong>non</strong></span> <span class='ocrx_word' id='word_1_606' title='bbox 1958 3739 2139 3783; x_wconf 86' lang='lat' dir='ltr'><strong>autem</strong></span> <span class='ocrx_word' id='word_1_607' title='bbox 2176 3731 2228 3784; x_wconf 90' lang='lat' dir='ltr'><strong>in</strong></span> 
     </span>
    </p>
   </div>
   <div class='ocr_carea' id='block_1_68' title="bbox 2312 3716 3933 3798">
    <p class='ocr_par' dir='ltr' id='par_1_68' title="bbox 2330 3716 3933 3794">
     <span class='ocr_line' id='line_1_68' title="bbox 2330 3716 3933 3794; baseline 0.004 -25"><span class='ocrx_word' id='word_1_608' title='bbox 2330 3716 2507 3769; x_wconf 81' lang='grc' dir='ltr'>αἰτίαν</span> <span class='ocrx_word' id='word_1_609' title='bbox 2552 3719 2643 3779; x_wconf 72' lang='grc' dir='ltr'><strong>ἐπὶ</strong></span> <span class='ocrx_word' id='word_1_610' title='bbox 2699 3719 2904 3787; x_wconf 78' lang='grc' dir='ltr'>θάτερα</span> <span class='ocrx_word' id='word_1_611' title='bbox 2962 3720 3211 3790; x_wconf 72' lang='grc' dir='ltr'>φέρεται,</span> <span class='ocrx_word' id='word_1_612' title='bbox 3257 3720 3375 3773; x_wconf 85' lang='grc' dir='ltr'>ἀλλ’</span> <span class='ocrx_word' id='word_1_613' title='bbox 3404 3723 3504 3775; x_wconf 83' lang='grc' dir='ltr'>οὐκ</span> <span class='ocrx_word' id='word_1_614' title='bbox 3547 3724 3644 3775; x_wconf 73' lang='grc' dir='ltr'><strong>ἐπὶ</strong></span> <span class='ocrx_word' id='word_1_615' title='bbox 3687 3723 3933 3794; x_wconf 82' lang='grc' dir='ltr'>θάτερα;</span> 
     </span>
    </p>
   </div>
   <div class='ocr_carea' id='block_1_69' title="bbox 648 3809 2269 3892">
    <p class='ocr_par' dir='ltr' id='par_1_69' title="bbox 648 3820 2226 3892">
     <span class='ocr_line' id='line_1_69' title="bbox 648 3820 2226 3892; baseline 0.001 -18"><span class='ocrx_word' id='word_1_616' title='bbox 648 3822 921 3875; x_wconf 86' lang='lat' dir='ltr'><strong>alteram?</strong></span> <span class='ocrx_word' id='word_1_617' title='bbox 947 3820 1183 3877; x_wconf 81' lang='lat' dir='ltr'><strong>Necesse</strong></span> <span class='ocrx_word' id='word_1_618' title='bbox 1212 3832 1293 3876; x_wconf 89' lang='lat' dir='ltr'><strong>est</strong></span> <span class='ocrx_word' id='word_1_619' title='bbox 1319 3823 1463 3877; x_wconf 90' lang='lat' dir='ltr'><strong>enim</strong></span> <span class='ocrx_word' id='word_1_620' title='bbox 1485 3823 1566 3875; x_wconf 84' lang='lat' dir='ltr'><strong>vel</strong></span> <span class='ocrx_word' id='word_1_621' title='bbox 1595 3822 1697 3876; x_wconf 89' lang='lat' dir='ltr'><strong>hoc</strong></span> <span class='ocrx_word' id='word_1_622' title='bbox 1727 3822 2057 3892; x_wconf 87' lang='lat' dir='ltr'><strong>principiqu</strong></span> <span class='ocrx_word' id='word_1_623' title='bbox 2083 3838 2226 3885; x_wconf 88' lang='lat' dir='ltr'><strong>esse,</strong></span> 
     </span>
    </p>
   </div>
   <div class='ocr_carea' id='block_1_70' title="bbox 2311 3809 3932 3892">
    <p class='ocr_par' dir='ltr' id='par_1_70' title="bbox 2344 3809 3932 3884">
     <span class='ocr_line' id='line_1_70' title="bbox 2344 3809 3932 3884; baseline 0.004 -23"><span class='ocrx_word' id='word_1_624' title='bbox 2344 3810 2581 3880; x_wconf 83' lang='grc' dir='ltr'>Ἀνάγκη</span> <span class='ocrx_word' id='word_1_625' title='bbox 2616 3811 2723 3882; x_wconf 88' lang='grc' dir='ltr'><strong>γάρ</strong></span> <span class='ocrx_word' id='word_1_626' title='bbox 2769 3813 2861 3863; x_wconf 73' lang='grc' dir='ltr'>καὶ</span> <span class='ocrx_word' id='word_1_627' title='bbox 2904 3818 3061 3864; x_wconf 83' lang='grc' dir='ltr'>τοῦτο</span> <span class='ocrx_word' id='word_1_628' title='bbox 3114 3812 3289 3882; x_wconf 83' lang='grc' dir='ltr'>ἀρχὴν</span> <span class='ocrx_word' id='word_1_629' title='bbox 3324 3812 3438 3883; x_wconf 75' lang='grc'><strong>(48)</strong></span> <span class='ocrx_word' id='word_1_630' title='bbox 3496 3809 3660 3879; x_wconf 80' lang='grc' dir='ltr'>εἶναι,</span> <span class='ocrx_word' id='word_1_631' title='bbox 3708 3814 3744 3884; x_wconf 78' lang='grc' dir='ltr'>ἢ</span> <span class='ocrx_word' id='word_1_632' title='bbox 3794 3811 3932 3871; x_wconf 71' lang='grc' dir='ltr'>εἶναι</span> 
     </span>
    </p>
   </div>
   <div class='ocr_carea' id='block_1_71' title="bbox 645 3901 2266 3987">
    <p class='ocr_par' dir='ltr' id='par_1_71' title="bbox 645 3912 2230 3984">
     <span class='ocr_line' id='line_1_71' title="bbox 645 3912 2230 3984; baseline 0.001 -19"><span class='ocrx_word' id='word_1_633' title='bbox 645 3914 729 3967; x_wconf 87' lang='lat' dir='ltr'><strong>vel</strong></span> <span class='ocrx_word' id='word_1_634' title='bbox 763 3913 929 3982; x_wconf 85' lang='lat' dir='ltr'><strong>hujus</strong></span> <span class='ocrx_word' id='word_1_635' title='bbox 955 3928 1077 3968; x_wconf 88' lang='lat' dir='ltr'><strong>esse</strong></span> <span class='ocrx_word' id='word_1_636' title='bbox 1126 3914 1477 3984; x_wconf 86' lang='lat' dir='ltr'><strong>principium.</strong></span> <span class='ocrx_word' id='word_1_637' title='bbox 1526 3912 1660 3966; x_wconf 84' lang='lat' dir='ltr'><strong>Nam</strong></span> <span class='ocrx_word' id='word_1_638' title='bbox 1689 3915 1735 3967; x_wconf 90' lang='lat' dir='ltr'><strong>si</strong></span> <span class='ocrx_word' id='word_1_639' title='bbox 1786 3922 1981 3967; x_wconf 85' lang='lat' dir='ltr'><strong>natura</strong></span> <span class='ocrx_word' id='word_1_640' title='bbox 2014 3928 2230 3981; x_wconf 88' lang='lat' dir='ltr'><strong>semper</strong></span> 
     </span>
    </p>
   </div>
   <div class='ocr_carea' id='block_1_72' title="bbox 2311 3901 3932 3987">
    <p class='ocr_par' dir='ltr' id='par_1_72' title="bbox 2331 3901 3932 3987">
     <span class='ocr_line' id='line_1_72' title="bbox 2331 3901 3932 3987; baseline 0.002 -33"><span class='ocrx_word' id='word_1_641' title='bbox 2331 3901 2495 3987; x_wconf 69' lang='grc' dir='ltr'>αὑτοῦ</span> <span class='ocrx_word' id='word_1_642' title='bbox 2516 3902 2711 3974; x_wconf 76' lang='grc' dir='ltr'>ἀρχὴν.</span> <span class='ocrx_word' id='word_1_643' title='bbox 2744 3904 2805 3955; x_wconf 81' lang='grc' dir='ltr'><strong>Εἰ</strong></span> <span class='ocrx_word' id='word_1_644' title='bbox 2831 3904 2940 3974; x_wconf 84' lang='grc' dir='ltr'>γὰρ</span> <span class='ocrx_word' id='word_1_645' title='bbox 2972 3906 3003 3973; x_wconf 82' lang='grc' dir='ltr'><strong>ἡ</strong></span> <span class='ocrx_word' id='word_1_646' title='bbox 3034 3902 3194 3971; x_wconf 69' lang='grc' dir='ltr'>φύσις</span> <span class='ocrx_word' id='word_1_647' title='bbox 3226 3903 3335 3974; x_wconf 72' lang='grc'><strong>(49)</strong></span> <span class='ocrx_word' id='word_1_648' title='bbox 3383 3905 3471 3957; x_wconf 74' lang='grc' dir='ltr'><strong>ἀεὶ</strong></span> <span class='ocrx_word' id='word_1_649' title='bbox 3519 3908 3670 3958; x_wconf 86' lang='grc' dir='ltr'>ποιεί</span> <span class='ocrx_word' id='word_1_650' title='bbox 3706 3906 3818 3958; x_wconf 82' lang='grc' dir='ltr'>τῶν</span> <span class='ocrx_word' id='word_1_651' title='bbox 3847 3908 3932 3958; x_wconf 72' lang='grc' dir='ltr'><strong>ἐν·</strong></span> 
     </span>
    </p>
   </div>
   <div class='ocr_carea' id='block_1_73' title="bbox 649 3990 2270 4073">
    <p class='ocr_par' dir='ltr' id='par_1_73' title="bbox 649 4004 2225 4073">
     <span class='ocr_line' id='line_1_73' title="bbox 649 4004 2225 4073; baseline 0.001 -17"><span class='ocrx_word' id='word_1_652' title='bbox 649 4006 777 4059; x_wconf 76' lang='lat' dir='ltr'><strong>facit</strong></span> <span class='ocrx_word' id='word_1_653' title='bbox 828 4007 880 4058; x_wconf 91' lang='lat' dir='ltr'><strong>id</strong></span> <span class='ocrx_word' id='word_1_654' title='bbox 921 4004 1064 4073; x_wconf 87' lang='lat' dir='ltr'><strong>quod</strong></span> <span class='ocrx_word' id='word_1_655' title='bbox 1116 4021 1180 4058; x_wconf 80' lang='lat' dir='ltr'><strong>ex</strong></span> <span class='ocrx_word' id='word_1_656' title='bbox 1214 4004 1302 4066; x_wconf 91' lang='lat' dir='ltr'><strong>iis,</strong></span> <span class='ocrx_word' id='word_1_657' title='bbox 1336 4020 1457 4073; x_wconf 66' lang='lat' dir='ltr'><strong>quae</strong></span> <span class='ocrx_word' id='word_1_658' title='bbox 1488 4004 1605 4058; x_wconf 80' lang='lat' dir='ltr'><strong>ﬁeri</strong></span> <span class='ocrx_word' id='word_1_659' title='bbox 1653 4006 1930 4070; x_wconf 81' lang='lat' dir='ltr'><strong>convenit,</strong></span> <span class='ocrx_word' id='word_1_660' title='bbox 1961 4005 2225 4073; x_wconf 90' lang='lat' dir='ltr'><strong>optimum</strong></span> 
     </span>
    </p>
   </div>
   <div class='ocr_carea' id='block_1_74' title="bbox 2311 3990 3932 4073">
    <p class='ocr_par' dir='ltr' id='par_1_74' title="bbox 2329 3990 3932 4066">
     <span class='ocr_line' id='line_1_74' title="bbox 2329 3990 3932 4066; baseline 0.004 -25"><span class='ocrx_word' id='word_1_661' title='bbox 2329 3990 2632 4059; x_wconf 81' lang='grc' dir='ltr'>δεχομένων</span> <span class='ocrx_word' id='word_1_662' title='bbox 2688 3992 2751 4042; x_wconf 78' lang='grc' dir='ltr'>τὸ</span> <span class='ocrx_word' id='word_1_663' title='bbox 2806 3990 3077 4060; x_wconf 84' lang='grc' dir='ltr'>βέλτίστον</span> <span class='ocrx_word' id='word_1_664' title='bbox 3102 4008 3115 4021; x_wconf 90' lang='grc'><strong>·</strong></span> <span class='ocrx_word' id='word_1_665' title='bbox 3161 3990 3281 4043; x_wconf 77' lang='grc' dir='ltr'>ἔστι</span> <span class='ocrx_word' id='word_1_666' title='bbox 3316 3992 3373 4045; x_wconf 91' lang='grc' dir='ltr'>δὲ</span> <span class='ocrx_word' id='word_1_667' title='bbox 3411 3992 3669 4066; x_wconf 81' lang='grc' dir='ltr'>καθάπερ</span> <span class='ocrx_word' id='word_1_668' title='bbox 3696 3995 3809 4047; x_wconf 82' lang='grc' dir='ltr'>τῶν</span> <span class='ocrx_word' id='word_1_669' title='bbox 3838 3996 3932 4048; x_wconf 68' lang='grc' dir='ltr'><strong>ἐπὶ</strong></span> 
     </span>
    </p>
   </div>
   <div class='ocr_carea' id='block_1_75' title="bbox 645 4081 2266 4165">
    <p class='ocr_par' dir='ltr' id='par_1_75' title="bbox 645 4095 2226 4165">
     <span class='ocr_line' id='line_1_75' title="bbox 645 4095 2226 4165; baseline 0.001 -16"><span class='ocrx_word' id='word_1_670' title='bbox 645 4107 727 4150; x_wconf 87' lang='lat' dir='ltr'><strong>est</strong></span> <span class='ocrx_word' id='word_1_671' title='bbox 766 4112 777 4147; x_wconf 90' lang='lat'><strong>:</strong></span> <span class='ocrx_word' id='word_1_672' title='bbox 804 4104 889 4150; x_wconf 91' lang='lat' dir='ltr'><strong>est</strong></span> <span class='ocrx_word' id='word_1_673' title='bbox 918 4104 1096 4149; x_wconf 88' lang='lat' dir='ltr'><strong>autem</strong></span> <span class='ocrx_word' id='word_1_674' title='bbox 1129 4097 1262 4149; x_wconf 88' lang='lat' dir='ltr'><strong>utin</strong></span> <span class='ocrx_word' id='word_1_675' title='bbox 1288 4096 1526 4149; x_wconf 86' lang='lat' dir='ltr'><strong>motibus</strong></span> <span class='ocrx_word' id='word_1_676' title='bbox 1560 4095 1786 4150; x_wconf 88' lang='lat' dir='ltr'><strong>directis</strong></span> <span class='ocrx_word' id='word_1_677' title='bbox 1817 4096 1862 4149; x_wconf 91' lang='lat' dir='ltr'><strong>is</strong></span> <span class='ocrx_word' id='word_1_678' title='bbox 1891 4097 1983 4165; x_wconf 90' lang='lat' dir='ltr'><strong>qui</strong></span> <span class='ocrx_word' id='word_1_679' title='bbox 2006 4110 2226 4150; x_wconf 88' lang='lat' dir='ltr'><strong>sursum</strong></span> 
     </span>
    </p>
   </div>
   <div class='ocr_carea' id='block_1_76' title="bbox 2311 4081 3932 4165">
    <p class='ocr_par' dir='ltr' id='par_1_76' title="bbox 2329 4081 3932 4160">
     <span class='ocr_line' id='line_1_76' title="bbox 2329 4081 3932 4160; baseline 0.004 -26"><span class='ocrx_word' id='word_1_680' title='bbox 2329 4084 2427 4151; x_wconf 80' lang='grc' dir='ltr'>τῆς</span> <span class='ocrx_word' id='word_1_681' title='bbox 2457 4081 2671 4144; x_wconf 69' lang='grc' dir='ltr'>εὐθείας</span> <span class='ocrx_word' id='word_1_682' title='bbox 2708 4083 2885 4153; x_wconf 72' lang='grc' dir='ltr'>φορῶν</span> <span class='ocrx_word' id='word_1_683' title='bbox 2913 4084 2945 4153; x_wconf 76' lang='grc' dir='ltr'>ἡ</span> <span class='ocrx_word' id='word_1_684' title='bbox 2976 4084 3113 4153; x_wconf 82' lang='grc' dir='ltr'>πρὸς</span> <span class='ocrx_word' id='word_1_685' title='bbox 3141 4084 3233 4137; x_wconf 81' lang='grc' dir='ltr'>τὸν</span> <span class='ocrx_word' id='word_1_686' title='bbox 3284 4084 3399 4137; x_wconf 81' lang='grc' dir='ltr'>ἀνω</span> <span class='ocrx_word' id='word_1_687' title='bbox 3426 4084 3593 4137; x_wconf 81' lang='grc' dir='ltr'>τόπον</span> <span class='ocrx_word' id='word_1_688' title='bbox 3624 4088 3932 4160; x_wconf 77' lang='grc' dir='ltr'>τιμιωτέρα</span> 
     </span>
    </p>
   </div>
   <div class='ocr_carea' id='block_1_77' title="bbox 644 4176 2265 4257">
    <p class='ocr_par' dir='ltr' id='par_1_77' title="bbox 644 4187 2228 4257">
     <span class='ocr_line' id='line_1_77' title="bbox 644 4187 2228 4257; baseline -0.002 -16"><span class='ocrx_word' id='word_1_689' title='bbox 644 4189 819 4241; x_wconf 86' lang='lat' dir='ltr'><strong>fettur</strong></span> <span class='ocrx_word' id='word_1_690' title='bbox 868 4188 1214 4257; x_wconf 62' lang='lat' dir='ltr'><strong>praestantior</strong></span> <span class='ocrx_word' id='word_1_691' title='bbox 1272 4188 1529 4257; x_wconf 78' lang='lat' dir='ltr'><strong>(divinior</strong></span> <span class='ocrx_word' id='word_1_692' title='bbox 1566 4187 1712 4241; x_wconf 90' lang='lat' dir='ltr'><strong>enim</strong></span> <span class='ocrx_word' id='word_1_693' title='bbox 1766 4188 1920 4243; x_wconf 86' lang='lat' dir='ltr'><strong>locus</strong></span> <span class='ocrx_word' id='word_1_694' title='bbox 1979 4187 2228 4255; x_wconf 88' lang='lat' dir='ltr'><strong>superior</strong></span> 
     </span>
    </p>
   </div>
   <div class='ocr_carea' id='block_1_78' title="bbox 2308 4176 3929 4257">
    <p class='ocr_par' dir='ltr' id='par_1_78' title="bbox 2332 4176 3929 4246">
     <span class='ocr_line' id='line_1_78' title="bbox 2332 4176 3929 4246; baseline 0.005 -20"><span class='ocrx_word' id='word_1_695' title='bbox 2332 4176 2621 4246; x_wconf 76' lang='grc' dir='ltr'>(Οειότερος</span> <span class='ocrx_word' id='word_1_696' title='bbox 2663 4176 2771 4246; x_wconf 78' lang='grc' dir='ltr'>γὰρ</span> <span class='ocrx_word' id='word_1_697' title='bbox 2808 4179 2836 4229; x_wconf 86' lang='grc' dir='ltr'>ὁ</span> <span class='ocrx_word' id='word_1_698' title='bbox 2882 4177 3092 4239; x_wconf 82' lang='grc' dir='ltr'>τόποςὸ</span> <span class='ocrx_word' id='word_1_699' title='bbox 3122 4176 3235 4230; x_wconf 81' lang='grc' dir='ltr'>ἀνω</span> <span class='ocrx_word' id='word_1_700' title='bbox 3272 4176 3368 4229; x_wconf 88' lang='grc' dir='ltr'>τοῦ</span> <span class='ocrx_word' id='word_1_701' title='bbox 3404 4176 3603 4246; x_wconf 74' lang='grc' dir='ltr'>κάτω),</span> <span class='ocrx_word' id='word_1_702' title='bbox 3640 4177 3734 4231; x_wconf 73' lang='grc' dir='ltr'>τὸν</span> <span class='ocrx_word' id='word_1_703' title='bbox 3765 4179 3929 4234; x_wconf 79' lang='grc' dir='ltr'>αὐτὸν</span> 
     </span>
    </p>
   </div>
   <div class='ocr_carea' id='block_1_79' title="bbox 642 4261 2263 4350">
    <p class='ocr_par' dir='ltr' id='par_1_79' title="bbox 642 4278 2223 4350">
     <span class='ocr_line' id='line_1_79' title="bbox 642 4278 2223 4350; baseline -0.003 -17"><span class='ocrx_word' id='word_1_704' title='bbox 642 4296 807 4350; x_wconf 89' lang='lat' dir='ltr'><strong>quam</strong></span> <span class='ocrx_word' id='word_1_705' title='bbox 865 4282 1133 4348; x_wconf 84' lang='lat' dir='ltr'><strong>intimus),</strong></span> <span class='ocrx_word' id='word_1_706' title='bbox 1168 4280 1358 4333; x_wconf 87' lang='lat' dir='ltr'><strong>eodem</strong></span> <span class='ocrx_word' id='word_1_707' title='bbox 1400 4278 1561 4333; x_wconf 91' lang='lat' dir='ltr'><strong>modo</strong></span> <span class='ocrx_word' id='word_1_708' title='bbox 1611 4288 1665 4333; x_wconf 89' lang='lat' dir='ltr'><strong>et</strong></span> <span class='ocrx_word' id='word_1_709' title='bbox 1690 4280 1780 4348; x_wconf 91' lang='lat' dir='ltr'><strong>qui</strong></span> <span class='ocrx_word' id='word_1_710' title='bbox 1830 4280 1883 4332; x_wconf 91' lang='lat' dir='ltr'><strong>in</strong></span> <span class='ocrx_word' id='word_1_711' title='bbox 1922 4278 2223 4340; x_wconf 82' lang='lat' dir='ltr'><strong>anteriora,</strong></span> 
     </span>
    </p>
   </div>
   <div class='ocr_carea' id='block_1_80' title="bbox 2307 4261 3928 4350">
    <p class='ocr_par' dir='ltr' id='par_1_80' title="bbox 2329 4261 3928 4342">
     <span class='ocr_line' id='line_1_80' title="bbox 2329 4261 3928 4342; baseline 0.003 -21"><span class='ocrx_word' id='word_1_712' title='bbox 2329 4270 2528 4339; x_wconf 78' lang='grc' dir='ltr'>τρόπον</span> <span class='ocrx_word' id='word_1_713' title='bbox 2550 4272 2643 4322; x_wconf 75' lang='grc' dir='ltr'><strong>καὶ</strong></span> <span class='ocrx_word' id='word_1_714' title='bbox 2673 4274 2705 4341; x_wconf 76' lang='grc' dir='ltr'>ἡ</span> <span class='ocrx_word' id='word_1_715' title='bbox 2737 4272 2816 4332; x_wconf 82' lang='grc' dir='ltr'><strong>είς</strong></span> <span class='ocrx_word' id='word_1_716' title='bbox 2847 4270 2907 4321; x_wconf 77' lang='grc' dir='ltr'>τὸ</span> <span class='ocrx_word' id='word_1_717' title='bbox 2942 4261 3298 4340; x_wconf 74' lang='grc' dir='ltr'>πρόσθεν’τῆς</span> <span class='ocrx_word' id='word_1_718' title='bbox 3329 4274 3409 4333; x_wconf 81' lang='grc' dir='ltr'><strong>είς</strong></span> <span class='ocrx_word' id='word_1_719' title='bbox 3437 4269 3501 4321; x_wconf 84' lang='grc' dir='ltr'>τὸ</span> <span class='ocrx_word' id='word_1_720' title='bbox 3530 4270 3760 4325; x_wconf 77' lang='grc' dir='ltr'>δπισθεν</span> <span class='ocrx_word' id='word_1_721' title='bbox 3793 4272 3928 4342; x_wconf 75' lang='grc' dir='ltr'>ἔχει,</span> 
     </span>
    </p>
   </div>
   <div class='ocr_carea' id='block_1_81' title="bbox 642 4362 2263 4443">
    <p class='ocr_par' dir='ltr' id='par_1_81' title="bbox 642 4368 2227 4443">
     <span class='ocr_line' id='line_1_81' title="bbox 642 4368 2227 4443; baseline -0.003 -19"><span class='ocrx_word' id='word_1_722' title='bbox 642 4381 866 4443; x_wconf 54' lang='lat' dir='ltr'><strong>prastat</strong></span> <span class='ocrx_word' id='word_1_723' title='bbox 894 4388 961 4427; x_wconf 89' lang='lat' dir='ltr'><strong>eo</strong></span> <span class='ocrx_word' id='word_1_724' title='bbox 994 4373 1085 4442; x_wconf 88' lang='lat' dir='ltr'><strong>qui</strong></span> <span class='ocrx_word' id='word_1_725' title='bbox 1124 4380 1448 4433; x_wconf 88' lang='lat' dir='ltr'><strong>retrorsum,</strong></span> <span class='ocrx_word' id='word_1_726' title='bbox 1480 4370 1750 4437; x_wconf 88' lang='lat' dir='ltr'><strong>siquidem</strong></span> <span class='ocrx_word' id='word_1_727' title='bbox 1789 4378 1843 4423; x_wconf 91' lang='lat' dir='ltr'><strong>et</strong></span> <span class='ocrx_word' id='word_1_728' title='bbox 1872 4369 2124 4422; x_wconf 72' lang='lat' dir='ltr'><strong>dextrum</strong></span> <span class='ocrx_word' id='word_1_729' title='bbox 2152 4368 2227 4421; x_wconf 85' lang='lat' dir='ltr'><strong>si-</strong></span> 
     </span>
    </p>
   </div>
   <div class='ocr_carea' id='block_1_82' title="bbox 2305 4362 3926 4443">
    <p class='ocr_par' dir='ltr' id='par_1_82' title="bbox 2328 4362 3926 4437">
     <span class='ocr_line' id='line_1_82' title="bbox 2328 4362 3926 4437; baseline 0.004 -24"><span class='ocrx_word' id='word_1_730' title='bbox 2328 4364 2483 4433; x_wconf 80' lang='grc' dir='ltr'>εἴπερ</span> <span class='ocrx_word' id='word_1_731' title='bbox 2541 4365 2635 4415; x_wconf 75' lang='grc' dir='ltr'>καὶ</span> <span class='ocrx_word' id='word_1_732' title='bbox 2691 4364 2752 4416; x_wconf 82' lang='grc' dir='ltr'>τὸ</span> <span class='ocrx_word' id='word_1_733' title='bbox 2811 4362 2983 4428; x_wconf 77' lang='grc' dir='ltr'>δεξιὸν</span> <span class='ocrx_word' id='word_1_734' title='bbox 3041 4363 3225 4418; x_wconf 80' lang='grc' dir='ltr'>καὶτὸ</span> <span class='ocrx_word' id='word_1_735' title='bbox 3282 4366 3605 4436; x_wconf 81' lang='grc' dir='ltr'>ἀριστερόν·</span> <span class='ocrx_word' id='word_1_736' title='bbox 3659 4370 3926 4437; x_wconf 80' lang='grc' dir='ltr'>μαρτυρεῖ</span> 
     </span>
    </p>
   </div>
   <div class='ocr_carea' id='block_1_83' title="bbox 640 4456 2261 4535">
    <p class='ocr_par' dir='ltr' id='par_1_83' title="bbox 640 4462 2226 4535">
     <span class='ocr_line' id='line_1_83' title="bbox 640 4462 2226 4535; baseline -0.001 -18"><span class='ocrx_word' id='word_1_737' title='bbox 640 4466 822 4519; x_wconf 90' lang='lat' dir='ltr'><strong>nistro</strong></span> <span class='ocrx_word' id='word_1_738' title='bbox 868 4474 1123 4535; x_wconf 68' lang='lat' dir='ltr'><strong>prazstat;</strong></span> <span class='ocrx_word' id='word_1_739' title='bbox 1170 4466 1417 4519; x_wconf 85' lang='lat' dir='ltr'><strong>declarat</strong></span> <span class='ocrx_word' id='word_1_740' title='bbox 1465 4463 1745 4533; x_wconf 90' lang='lat' dir='ltr'><strong>proposita</strong></span> <span class='ocrx_word' id='word_1_741' title='bbox 1792 4462 2045 4531; x_wconf 78' lang='lat' dir='ltr'><strong>quzestio,</strong></span> <span class='ocrx_word' id='word_1_742' title='bbox 2097 4462 2226 4530; x_wconf 87' lang='lat' dir='ltr'><strong>quia</strong></span> 
     </span>
    </p>
   </div>
   <div class='ocr_carea' id='block_1_84' title="bbox 2304 4456 3925 4535">
    <p class='ocr_par' dir='ltr' id='par_1_84' title="bbox 2327 4456 3925 4533">
     <span class='ocr_line' id='line_1_84' title="bbox 2327 4456 3925 4533; baseline 0.002 -24"><span class='ocrx_word' id='word_1_743' title='bbox 2327 4457 2371 4509; x_wconf 74' lang='grc' dir='ltr'>δ’</span> <span class='ocrx_word' id='word_1_744' title='bbox 2403 4456 2512 4524; x_wconf 76' lang='grc'><strong>(50)</strong></span> <span class='ocrx_word' id='word_1_745' title='bbox 2573 4459 2605 4525; x_wconf 83' lang='grc' dir='ltr'>ἡ</span> <span class='ocrx_word' id='word_1_746' title='bbox 2658 4456 2884 4533; x_wconf 68' lang='grc' dir='ltr'>ρηδεϊσα</span> <span class='ocrx_word' id='word_1_747' title='bbox 2936 4458 3163 4527; x_wconf 87' lang='grc' dir='ltr'>ἀπορία,</span> <span class='ocrx_word' id='word_1_748' title='bbox 3203 4458 3284 4511; x_wconf 83' lang='grc' dir='ltr'>ὅτι</span> <span class='ocrx_word' id='word_1_749' title='bbox 3332 4459 3395 4510; x_wconf 82' lang='grc' dir='ltr'>τὸ</span> <span class='ocrx_word' id='word_1_750' title='bbox 3424 4459 3697 4529; x_wconf 81' lang='grc' dir='ltr'>πρότερον</span> <span class='ocrx_word' id='word_1_751' title='bbox 3746 4458 3925 4512; x_wconf 72' lang='grc' dir='ltr'>καὶτὸ</span> 
     </span>
    </p>
   </div>
   <div class='ocr_carea' id='block_1_85' title="bbox 639 4548 2260 4655">
    <p class='ocr_par' dir='ltr' id='par_1_85' title="bbox 639 4550 2223 4624">
     <span class='ocr_line' id='line_1_85' title="bbox 639 4550 2223 4624; baseline 0 -18"><span class='ocrx_word' id='word_1_752' title='bbox 639 4555 795 4624; x_wconf 90' lang='lat' dir='ltr'><strong>prius</strong></span> <span class='ocrx_word' id='word_1_753' title='bbox 829 4555 900 4607; x_wconf 88' lang='lat' dir='ltr'><strong>ita</strong></span> <span class='ocrx_word' id='word_1_754' title='bbox 928 4570 988 4608; x_wconf 91' lang='lat' dir='ltr'><strong>se</strong></span> <span class='ocrx_word' id='word_1_755' title='bbox 1041 4556 1223 4615; x_wconf 85' lang='lat' dir='ltr'><strong>habet,</strong></span> <span class='ocrx_word' id='word_1_756' title='bbox 1272 4555 1477 4608; x_wconf 81' lang='lat' dir='ltr'><strong>ideirco</strong></span> <span class='ocrx_word' id='word_1_757' title='bbox 1521 4561 1574 4607; x_wconf 91' lang='lat' dir='ltr'><strong>et</strong></span> <span class='ocrx_word' id='word_1_758' title='bbox 1623 4553 1920 4622; x_wconf 88' lang='lat' dir='ltr'><strong>posterius.</strong></span> <span class='ocrx_word' id='word_1_759' title='bbox 1951 4550 2074 4604; x_wconf 66' lang='lat' dir='ltr'><strong>Haec</strong></span> <span class='ocrx_word' id='word_1_760' title='bbox 2108 4552 2223 4620; x_wconf 88' lang='lat' dir='ltr'><strong>ipsa</strong></span> 
     </span>
    </p>
   </div>
   <div class='ocr_carea' id='block_1_86' title="bbox 2299 4548 3920 4655">
    <p class='ocr_par' dir='ltr' id='par_1_86' title="bbox 2299 4548 3920 4637">
     <span class='ocr_line' id='line_1_86' title="bbox 2299 4548 3920 4637; baseline 0.004 -39"><span class='ocrx_word' id='word_1_761' title='bbox 2299 4548 2585 4637; x_wconf 42' lang='lat' dir='ltr'><strong>&#39;fJO&#39;TEpOV‘</strong></span> <span class='ocrx_word' id='word_1_762' title='bbox 2630 4548 2770 4618; x_wconf 74' lang='grc' dir='ltr'>αὕτη</span> <span class='ocrx_word' id='word_1_763' title='bbox 2809 4548 2917 4619; x_wconf 73' lang='grc' dir='ltr'><strong>γὰρ</strong></span> <span class='ocrx_word' id='word_1_764' title='bbox 2962 4552 2994 4620; x_wconf 85' lang='grc' dir='ltr'><strong>ἠ</strong></span> <span class='ocrx_word' id='word_1_765' title='bbox 3044 4552 3195 4604; x_wconf 82' lang='grc' dir='ltr'>αἰτία</span> <span class='ocrx_word' id='word_1_766' title='bbox 3238 4550 3356 4603; x_wconf 87' lang='grc' dir='ltr'>λύει</span> <span class='ocrx_word' id='word_1_767' title='bbox 3404 4552 3504 4622; x_wconf 82' lang='grc' dir='ltr'>τὴν</span> <span class='ocrx_word' id='word_1_768' title='bbox 3552 4553 3815 4623; x_wconf 78' lang='grc' dir='ltr'>ἀπορίαν.</span> <span class='ocrx_word' id='word_1_769' title='bbox 3862 4552 3920 4605; x_wconf 78' lang='grc' dir='ltr'><strong>Εἰ</strong></span> 
     </span>
    </p>
   </div>
   <div class='ocr_carea' id='block_1_87' title="bbox 638 4638 2259 4713">
    <p class='ocr_par' dir='ltr' id='par_1_87' title="bbox 638 4642 2227 4698">
     <span class='ocr_line' id='line_1_87' title="bbox 638 4642 2227 4698; baseline 0 -1"><span class='ocrx_word' id='word_1_770' title='bbox 638 4645 786 4697; x_wconf 86' lang='lat' dir='ltr'><strong>enim</strong></span> <span class='ocrx_word' id='word_1_771' title='bbox 835 4658 1002 4698; x_wconf 84' lang='lat' dir='ltr'><strong>causa</strong></span> <span class='ocrx_word' id='word_1_772' title='bbox 1055 4644 1217 4698; x_wconf 87' lang='lat' dir='ltr'><strong>solvit</strong></span> <span class='ocrx_word' id='word_1_773' title='bbox 1251 4645 1670 4698; x_wconf 87' lang='lat' dir='ltr'><strong>dubitationem.</strong></span> <span class='ocrx_word' id='word_1_774' title='bbox 1725 4642 1858 4696; x_wconf 82' lang='lat' dir='ltr'><strong>Nam</strong></span> <span class='ocrx_word' id='word_1_775' title='bbox 1884 4643 1929 4697; x_wconf 91' lang='lat' dir='ltr'><strong>si</strong></span> <span class='ocrx_word' id='word_1_776' title='bbox 1974 4642 2137 4695; x_wconf 87' lang='lat' dir='ltr'><strong>habet</strong></span> <span class='ocrx_word' id='word_1_777' title='bbox 2168 4658 2227 4697; x_wconf 90' lang='lat' dir='ltr'><strong>se</strong></span> 
     </span>
    </p>
   </div>
   <div class='ocr_carea' id='block_1_88' title="bbox 2301 4638 3922 4713">
    <p class='ocr_par' dir='ltr' id='par_1_88' title="bbox 2330 4638 3922 4713">
     <span class='ocr_line' id='line_1_88' title="bbox 2330 4638 3922 4713; baseline 0.004 -24"><span class='ocrx_word' id='word_1_778' title='bbox 2330 4639 2438 4709; x_wconf 79' lang='grc' dir='ltr'>γὰρ</span> <span class='ocrx_word' id='word_1_779' title='bbox 2460 4638 2570 4708; x_wconf 80' lang='grc' dir='ltr'>ἕχει</span> <span class='ocrx_word' id='word_1_780' title='bbox 2591 4639 2666 4700; x_wconf 80' lang='grc' dir='ltr'>ὡς</span> <span class='ocrx_word' id='word_1_781' title='bbox 2696 4639 2966 4708; x_wconf 76' lang='grc' dir='ltr'>ἐνδέχεται</span> <span class='ocrx_word' id='word_1_782' title='bbox 2990 4640 3259 4709; x_wconf 76' lang='grc' dir='ltr'>βέλτιστα,</span> <span class='ocrx_word' id='word_1_783' title='bbox 3284 4641 3425 4713; x_wconf 85' lang='grc' dir='ltr'>αῦτη</span> <span class='ocrx_word' id='word_1_784' title='bbox 3446 4643 3512 4695; x_wconf 83' lang='grc' dir='ltr'>ἂν</span> <span class='ocrx_word' id='word_1_785' title='bbox 3542 4643 3630 4713; x_wconf 79' lang='grc' dir='ltr'>εἴη</span> <span class='ocrx_word' id='word_1_786' title='bbox 3653 4643 3806 4695; x_wconf 80' lang='grc' dir='ltr'>αἰτία</span> <span class='ocrx_word' id='word_1_787' title='bbox 3837 4643 3922 4697; x_wconf 84' lang='grc' dir='ltr'>καὶ</span> 
     </span>
    </p>
   </div>
   <div class='ocr_carea' id='block_1_89' title="bbox 638 4728 2259 4804">
    <p class='ocr_par' dir='ltr' id='par_1_89' title="bbox 638 4734 2225 4804">
     <span class='ocr_line' id='line_1_89' title="bbox 638 4734 2225 4804; baseline 0.002 -18"><span class='ocrx_word' id='word_1_788' title='bbox 638 4747 805 4803; x_wconf 87' lang='lat' dir='ltr'><strong>quam</strong></span> <span class='ocrx_word' id='word_1_789' title='bbox 842 4734 1164 4803; x_wconf 75' lang='lat' dir='ltr'><strong>fieripotest</strong></span> <span class='ocrx_word' id='word_1_790' title='bbox 1192 4737 1418 4803; x_wconf 81' lang='lat' dir='ltr'><strong>Optime,</strong></span> <span class='ocrx_word' id='word_1_791' title='bbox 1454 4736 1567 4789; x_wconf 53' lang='lat' dir='ltr'><strong>have</strong></span> <span class='ocrx_word' id='word_1_792' title='bbox 1597 4738 1715 4804; x_wconf 90' lang='lat' dir='ltr'><strong>ipsa</strong></span> <span class='ocrx_word' id='word_1_793' title='bbox 1745 4736 1847 4789; x_wconf 90' lang='lat' dir='ltr'><strong>erit</strong></span> <span class='ocrx_word' id='word_1_794' title='bbox 1875 4749 2045 4788; x_wconf 87' lang='lat' dir='ltr'><strong>causa</strong></span> <span class='ocrx_word' id='word_1_795' title='bbox 2078 4734 2225 4789; x_wconf 83' lang='lat' dir='ltr'><strong>illius</strong></span> 
     </span>
    </p>
   </div>
   <div class='ocr_carea' id='block_1_90' title="bbox 2298 4728 3919 4804">
    <p class='ocr_par' dir='ltr' id='par_1_90' title="bbox 2328 4728 3919 4803">
     <span class='ocr_line' id='line_1_90' title="bbox 2328 4728 3919 4803; baseline 0.004 -23"><span class='ocrx_word' id='word_1_796' title='bbox 2328 4728 2421 4781; x_wconf 89' lang='grc' dir='ltr'>τοῦ</span> <span class='ocrx_word' id='word_1_797' title='bbox 2451 4730 2758 4799; x_wconf 76' lang='grc' dir='ltr'>εἰρημένου.</span> <span class='ocrx_word' id='word_1_798' title='bbox 2793 4730 3075 4784; x_wconf 84' lang='grc' dir='ltr'>Βέλτιστον</span> <span class='ocrx_word' id='word_1_799' title='bbox 3101 4731 3211 4801; x_wconf 83' lang='grc' dir='ltr'>γὰρ</span> <span class='ocrx_word' id='word_1_800' title='bbox 3240 4731 3511 4785; x_wconf 79' lang='grc' dir='ltr'>κινεῖσθαι</span> <span class='ocrx_word' id='word_1_801' title='bbox 3551 4732 3734 4803; x_wconf 82' lang='grc' dir='ltr'>ἁπλῆν</span> <span class='ocrx_word' id='word_1_802' title='bbox 3762 4750 3820 4785; x_wconf 85' lang='grc' dir='ltr'><strong>τε</strong></span> <span class='ocrx_word' id='word_1_803' title='bbox 3844 4732 3919 4787; x_wconf 84' lang='grc' dir='ltr'>κί-</span> 
     </span>
    </p>
   </div>
   <div class='ocr_carea' id='block_1_91' title="bbox 640 4822 2261 4897">
    <p class='ocr_par' dir='ltr' id='par_1_91' title="bbox 640 4824 2227 4895">
     <span class='ocr_line' id='line_1_91' title="bbox 640 4824 2227 4895; baseline -0.001 -16"><span class='ocrx_word' id='word_1_804' title='bbox 640 4828 804 4879; x_wconf 86' lang='lat' dir='ltr'><strong>etiam</strong></span> <span class='ocrx_word' id='word_1_805' title='bbox 832 4827 977 4895; x_wconf 91' lang='lat' dir='ltr'><strong>quod</strong></span> <span class='ocrx_word' id='word_1_806' title='bbox 1043 4827 1246 4878; x_wconf 82' lang='lat' dir='ltr'><strong>dictum</strong></span> <span class='ocrx_word' id='word_1_807' title='bbox 1273 4832 1379 4879; x_wconf 71' lang='lat' dir='ltr'><strong>est;</strong></span> <span class='ocrx_word' id='word_1_808' title='bbox 1424 4824 1701 4894; x_wconf 86' lang='lat' dir='ltr'><strong>Optimum</strong></span> <span class='ocrx_word' id='word_1_809' title='bbox 1737 4836 1821 4881; x_wconf 84' lang='lat' dir='ltr'><strong>est</strong></span> <span class='ocrx_word' id='word_1_810' title='bbox 1850 4827 1995 4880; x_wconf 89' lang='lat' dir='ltr'><strong>enim</strong></span> <span class='ocrx_word' id='word_1_811' title='bbox 2022 4825 2227 4879; x_wconf 85' lang='lat' dir='ltr'><strong>moveri</strong></span> 
     </span>
    </p>
   </div>
   <div class='ocr_carea' id='block_1_92' title="bbox 2293 4822 3914 4897">
    <p class='ocr_par' dir='ltr' id='par_1_92' title="bbox 2328 4822 3914 4897">
     <span class='ocr_line' id='line_1_92' title="bbox 2328 4822 3914 4897; baseline 0.003 -24"><span class='ocrx_word' id='word_1_812' title='bbox 2328 4839 2481 4891; x_wconf 81' lang='grc' dir='ltr'>νησιν</span> <span class='ocrx_word' id='word_1_813' title='bbox 2515 4822 2609 4875; x_wconf 75' lang='grc' dir='ltr'>καὶ</span> <span class='ocrx_word' id='word_1_814' title='bbox 2636 4822 2938 4884; x_wconf 81' lang='grc' dir='ltr'>ἄπαυστον,</span> <span class='ocrx_word' id='word_1_815' title='bbox 2972 4824 3066 4877; x_wconf 76' lang='grc' dir='ltr'>καὶ</span> <span class='ocrx_word' id='word_1_816' title='bbox 3091 4822 3295 4893; x_wconf 86' lang='grc' dir='ltr'>ταύτην</span> <span class='ocrx_word' id='word_1_817' title='bbox 3328 4824 3427 4877; x_wconf 76' lang='grc' dir='ltr'><strong>ἐπὶ</strong></span> <span class='ocrx_word' id='word_1_818' title='bbox 3448 4825 3513 4877; x_wconf 77' lang='grc' dir='ltr'>τὸ</span> <span class='ocrx_word' id='word_1_819' title='bbox 3536 4824 3914 4897; x_wconf 72' lang='grc' dir='ltr'>τιμιώτερον.»</span> 
     </span>
    </p>
   </div>
   <div class='ocr_carea' id='block_1_93' title="bbox 642 4920 2225 4987">
    <p class='ocr_par' dir='ltr' id='par_1_93' title="bbox 642 4920 2225 4987">
     <span class='ocr_line' id='line_1_93' title="bbox 642 4920 2225 4987; baseline 0 -16"><span class='ocrx_word' id='word_1_820' title='bbox 642 4927 790 4971; x_wconf 82' lang='grc' dir='ltr'>ιιιοιυ</span> <span class='ocrx_word' id='word_1_821' title='bbox 827 4920 1065 4987; x_wconf 87' lang='lat' dir='ltr'><strong>simplici</strong></span> <span class='ocrx_word' id='word_1_822' title='bbox 1118 4929 1172 4970; x_wconf 88' lang='lat' dir='ltr'><strong>ct</strong></span> <span class='ocrx_word' id='word_1_823' title='bbox 1221 4927 1483 4987; x_wconf 83' lang='lat' dir='ltr'><strong>perpetuo</strong></span> <span class='ocrx_word' id='word_1_824' title='bbox 1511 4927 1566 4972; x_wconf 91' lang='lat' dir='ltr'><strong>et</strong></span> <span class='ocrx_word' id='word_1_825' title='bbox 1610 4920 1665 4973; x_wconf 87' lang='lat' dir='ltr'><strong>in</strong></span> <span class='ocrx_word' id='word_1_826' title='bbox 1711 4926 1919 4987; x_wconf 91' lang='lat' dir='ltr'><strong>partem</strong></span> <span class='ocrx_word' id='word_1_827' title='bbox 1956 4926 2225 4987; x_wconf 62' lang='lat' dir='ltr'><strong>priestan-</strong></span> 
     </span>
    </p>
   </div>
   <div class='ocr_carea' id='block_1_94' title="bbox 638 5008 908 5061">
    <p class='ocr_par' dir='ltr' id='par_1_94' title="bbox 638 5008 908 5061">
     <span class='ocr_line' id='line_1_94' title="bbox 638 5008 908 5061; baseline -0.004 -1"><span class='ocrx_word' id='word_1_828' title='bbox 638 5008 856 5061; x_wconf 77' lang='lat' dir='ltr'><strong>liorem.</strong></span> <span class='ocrx_word' id='word_1_829' title='bbox 890 5027 908 5059; x_wconf 76' lang='grc' dir='ltr'><strong>ι</strong></span> 
     </span>
    </p>
   </div>
   <div class='ocr_carea' id='block_1_95' title="bbox 712 5157 1900 5232">
    <p class='ocr_par' dir='ltr' id='par_1_95' title="bbox 712 5157 1900 5232">
     <span class='ocr_line' id='line_1_95' title="bbox 712 5157 1900 5232; baseline -0.003 -17"><span class='ocrx_word' id='word_1_830' title='bbox 712 5164 749 5192; x_wconf 84' lang='grc'><strong>²¹</strong></span> <span class='ocrx_word' id='word_1_831' title='bbox 788 5162 916 5231; x_wconf 85' lang='lat' dir='ltr'><strong>Leg.</strong></span> <span class='ocrx_word' id='word_1_832' title='bbox 956 5162 1067 5232; x_wconf 87' lang='grc' dir='ltr'>πῦρ</span> <span class='ocrx_word' id='word_1_833' title='bbox 1095 5157 1234 5213; x_wconf 85' lang='grc' dir='ltr'>εἶναι</span> <span class='ocrx_word' id='word_1_834' title='bbox 1264 5168 1317 5213; x_wconf 89' lang='lat' dir='ltr'><strong>et</strong></span> <span class='ocrx_word' id='word_1_835' title='bbox 1356 5177 1477 5215; x_wconf 76' lang='lat' dir='ltr'><strong>mox</strong></span> <span class='ocrx_word' id='word_1_836' title='bbox 1506 5163 1607 5231; x_wconf 79' lang='grc' dir='ltr'>γῆν</span> <span class='ocrx_word' id='word_1_837' title='bbox 1641 5161 1715 5231; x_wconf 77' lang='grc' dir='ltr'><strong>μὴ</strong></span> <span class='ocrx_word' id='word_1_838' title='bbox 1744 5157 1900 5213; x_wconf 77' lang='grc' dir='ltr'>εἶναι.</span> 
     </span>
    </p>
   </div>
   <div class='ocr_carea' id='block_1_96' title="bbox 711 5308 2332 5385">
    <p class='ocr_par' dir='ltr' id='par_1_96' title="bbox 711 5313 2332 5385">
     <span class='ocr_line' id='line_1_96' title="bbox 711 5313 2332 5385; baseline -0.003 -17"><span class='ocrx_word' id='word_1_839' title='bbox 711 5317 823 5385; x_wconf 64' lang='grc'><strong>(47)</strong></span> <span class='ocrx_word' id='word_1_840' title='bbox 857 5315 995 5367; x_wconf 76' lang='grc' dir='ltr'>Τόδε</span> <span class='ocrx_word' id='word_1_841' title='bbox 1029 5314 1166 5365; x_wconf 75' lang='grc' dir='ltr'>τόδε</span> <span class='ocrx_word' id='word_1_842' title='bbox 1202 5314 1390 5365; x_wconf 70' lang='grc' dir='ltr'>ἐστίν.</span> <span class='ocrx_word' id='word_1_843' title='bbox 1425 5313 1867 5385; x_wconf 54' lang='grc' dir='ltr'>Ρτξιξηιίιιθιιιίιιιη</span> <span class='ocrx_word' id='word_1_844' title='bbox 1906 5315 2007 5364; x_wconf 80' lang='grc' dir='ltr'>ὅτι.</span> <span class='ocrx_word' id='word_1_845' title='bbox 2328 5323 2332 5363; x_wconf 69' lang='lat'>1</span> 
     </span>
    </p>
   </div>
   <div class='ocr_carea' id='block_1_97' title="bbox 2293 5308 3914 5385">
    <p class='ocr_par' dir='ltr' id='par_1_97' title="bbox 2328 5308 3914 5385">
     <span class='ocr_line' id='line_1_97' title="bbox 2328 5308 3914 5385; baseline -0.001 -22"><span class='ocrx_word' id='word_1_846' title='bbox 2328 5312 2452 5365; x_wconf 82' lang='lat' dir='ltr'><strong>fert.</strong></span> <span class='ocrx_word' id='word_1_847' title='bbox 2485 5308 2621 5363; x_wconf 82' lang='lat' dir='ltr'><strong>Nam</strong></span> <span class='ocrx_word' id='word_1_848' title='bbox 2647 5323 2771 5385; x_wconf 79' lang='lat' dir='ltr'><strong>cum</strong></span> <span class='ocrx_word' id='word_1_849' title='bbox 2807 5317 3011 5385; x_wconf 78' lang='lat' dir='ltr'><strong>statuat</strong></span> <span class='ocrx_word' id='word_1_850' title='bbox 3042 5310 3179 5385; x_wconf 70' lang='lat' dir='ltr'><strong>nihil</strong></span> <span class='ocrx_word' id='word_1_851' title='bbox 3202 5308 3257 5362; x_wconf 93' lang='lat' dir='ltr'><strong>in</strong></span> <span class='ocrx_word' id='word_1_852' title='bbox 3277 5308 3369 5385; x_wconf 72' lang='lat' dir='ltr'><strong>iis,</strong></span> <span class='ocrx_word' id='word_1_853' title='bbox 3392 5325 3529 5385; x_wconf 62' lang='grc' dir='ltr'><strong>⁸(τηε</strong></span> <span class='ocrx_word' id='word_1_854' title='bbox 3556 5317 3771 5364; x_wconf 69' lang='lat' dir='ltr'><strong>aeterna</strong></span> <span class='ocrx_word' id='word_1_855' title='bbox 3799 5316 3914 5363; x_wconf 87' lang='lat' dir='ltr'><strong>sunt</strong></span> 
     </span>
    </p>
   </div>
   <div class='ocr_carea' id='block_1_98' title="bbox 712 5379 3914 5461">
    <p class='ocr_par' dir='ltr' id='par_1_98' title="bbox 712 5379 3914 5461">
     <span class='ocr_line' id='line_1_98' title="bbox 712 5379 3914 5461; baseline 0 -28"><span class='ocrx_word' id='word_1_856' title='bbox 862 5385 1358 5461; x_wconf 42' lang='lat' dir='ltr'><strong>Lapz_r}r._Aristot.</strong></span> <span class='ocrx_word' id='word_1_857' title='bbox 1379 5393 1453 5461; x_wconf 91' lang='lat' dir='ltr'><strong>_et</strong></span> <span class='ocrx_word' id='word_1_858' title='bbox 1480 5384 1732 5461; x_wconf 49' lang='lat' dir='ltr'><strong>ﬁylburg.</strong></span> <span class='ocrx_word' id='word_1_859' title='bbox 1760 5384 1791 5452; x_wconf 79' lang='grc' dir='ltr'>ἢ</span> <span class='ocrx_word' id='word_1_860' title='bbox 1824 5384 2016 5461; x_wconf 66' lang='grc' dir='ltr'>ἀρχὴν.</span> <span class='ocrx_word' id='word_1_861' title='bbox 2073 5448 2111 5461; x_wconf 46' lang='grc' dir='ltr'><em>η</em></span> <span class='ocrx_word' id='word_1_862' title='bbox 2326 5391 2532 5434; x_wconf 83' lang='lat' dir='ltr'><strong>temere</strong></span> <span class='ocrx_word' id='word_1_863' title='bbox 2562 5388 2656 5461; x_wconf 86' lang='lat' dir='ltr'><strong>aut</strong></span> <span class='ocrx_word' id='word_1_864' title='bbox 2684 5379 2911 5460; x_wconf 79' lang='lat' dir='ltr'><strong>fortuito</strong></span> <span class='ocrx_word' id='word_1_865' title='bbox 2945 5381 3079 5461; x_wconf 70' lang='lat' dir='ltr'><strong>fieri,</strong></span> <span class='ocrx_word' id='word_1_866' title='bbox 3114 5394 3179 5433; x_wconf 89' lang='lat' dir='ltr'><strong>ac</strong></span> <span class='ocrx_word' id='word_1_867' title='bbox 3208 5380 3458 5461; x_wconf 72' lang='lat' dir='ltr'><strong>proinde</strong></span> <span class='ocrx_word' id='word_1_868' title='bbox 3478 5389 3741 5461; x_wconf 72' lang='lat' dir='ltr'><strong>naturam</strong></span> <span class='ocrx_word' id='word_1_869' title='bbox 3785 5395 3914 5458; x_wconf 67' lang='lat' dir='ltr'><strong>sent-</strong></span> 
     </span>
    </p>
   </div>
   <div class='ocr_carea' id='block_1_99' title="bbox 710 5448 3913 5523">
    <p class='ocr_par' dir='ltr' id='par_1_99' title="bbox 710 5448 3913 5523">
     <span class='ocr_line' id='line_1_99' title="bbox 710 5448 3913 5523; baseline -0.002 -15"><span class='ocrx_word' id='word_1_870' title='bbox 710 5448 823 5523; x_wconf 74' lang='grc'><strong>(49)</strong></span> <span class='ocrx_word' id='word_1_871' title='bbox 853 5448 927 5506; x_wconf 72' lang='grc' dir='ltr'><strong>Εἰ</strong></span> <span class='ocrx_word' id='word_1_872' title='bbox 947 5448 1056 5519; x_wconf 65' lang='grc' dir='ltr'>γὰρ</span> <span class='ocrx_word' id='word_1_873' title='bbox 1084 5454 1120 5517; x_wconf 79' lang='grc' dir='ltr'><em>ἠ</em></span> <span class='ocrx_word' id='word_1_874' title='bbox 1147 5455 1347 5518; x_wconf 61' lang='grc' dir='ltr'>φύσις.</span> <span class='ocrx_word' id='word_1_875' title='bbox 1379 5453 1455 5506; x_wconf 88' lang='lat' dir='ltr'><strong>lla</strong></span> <span class='ocrx_word' id='word_1_876' title='bbox 1486 5448 1617 5521; x_wconf 68' lang='lat' dir='ltr'><strong>Reg.</strong></span> <span class='ocrx_word' id='word_1_877' title='bbox 1646 5448 1703 5517; x_wconf 69' lang='lat' dir='ltr'><strong>l,</strong></span> <span class='ocrx_word' id='word_1_878' title='bbox 1727 5448 1791 5507; x_wconf 56' lang='lat' dir='ltr'><strong>et&#39;</strong></span> <span class='ocrx_word' id='word_1_879' title='bbox 1811 5448 2038 5505; x_wconf 20' lang='lat' dir='ltr'><strong>Ai&#39;i’stot.</strong></span> <span class='ocrx_word' id='word_1_880' title='bbox 2072 5448 2215 5504; x_wconf 86' lang='lat' dir='ltr'><strong>Editi</strong></span> <span class='ocrx_word' id='word_1_881' title='bbox 2325 5466 2420 5517; x_wconf 86' lang='lat' dir='ltr'><strong>per</strong></span> <span class='ocrx_word' id='word_1_882' title='bbox 2456 5466 2517 5503; x_wconf 90' lang='lat' dir='ltr'><strong>ea</strong></span> <span class='ocrx_word' id='word_1_883' title='bbox 2541 5450 2742 5523; x_wconf 70' lang='lat' dir='ltr'><strong>sectari</strong></span> <span class='ocrx_word' id='word_1_884' title='bbox 2774 5465 2893 5523; x_wconf 79' lang='lat' dir='ltr'><strong>quae</strong></span> <span class='ocrx_word' id='word_1_885' title='bbox 2939 5448 3173 5523; x_wconf 78' lang='lat' dir='ltr'><strong>tnaxime</strong></span> <span class='ocrx_word' id='word_1_886' title='bbox 3223 5452 3568 5505; x_wconf 83' lang='lat' dir='ltr'><strong>conveniunt</strong></span> <span class='ocrx_word' id='word_1_887' title='bbox 3596 5469 3613 5517; x_wconf 87' lang='lat'><strong>;</strong></span> <span class='ocrx_word' id='word_1_888' title='bbox 3665 5450 3771 5504; x_wconf 76' lang='lat' dir='ltr'><strong>hoc</strong></span> <span class='ocrx_word' id='word_1_889' title='bbox 3813 5450 3913 5523; x_wconf 80' lang='lat' dir='ltr'><strong>pri-</strong></span> 
     </span>
    </p>
   </div>
   <div class='ocr_carea' id='block_1_100' title="bbox 638 5519 3913 5594">
    <p class='ocr_par' dir='ltr' id='par_1_100' title="bbox 638 5519 3913 5594">
     <span class='ocr_line' id='line_1_100' title="bbox 638 5519 3913 5594; baseline -0.003 -15"><span class='ocrx_word' id='word_1_890' title='bbox 638 5519 816 5579; x_wconf 80' lang='lat' dir='ltr'><strong>nostri</strong></span> <span class='ocrx_word' id='word_1_891' title='bbox 841 5525 873 5594; x_wconf 77' lang='grc' dir='ltr'>ἢ</span> <span class='ocrx_word' id='word_1_892' title='bbox 900 5524 1008 5590; x_wconf 80' lang='grc' dir='ltr'><strong>γὰρ</strong></span> <span class='ocrx_word' id='word_1_893' title='bbox 1042 5526 1074 5591; x_wconf 76' lang='grc' dir='ltr'>ἡ</span> <span class='ocrx_word' id='word_1_894' title='bbox 1106 5524 1338 5594; x_wconf 43' lang='grc' dir='ltr'>φύᾳςΗ</span> <span class='ocrx_word' id='word_1_895' title='bbox 1452 5592 1462 5594; x_wconf 92' lang='lat'>_</span> <span class='ocrx_word' id='word_1_896' title='bbox 1530 5590 1542 5594; x_wconf 87' lang='lat'>_</span> <span class='ocrx_word' id='word_1_897' title='bbox 1574 5519 1588 5521; x_wconf 70' lang='grc'><strong><em>“</em></strong></span> <span class='ocrx_word' id='word_1_898' title='bbox 1736 5591 1747 5594; x_wconf 88' lang='lat'>_</span> <span class='ocrx_word' id='word_1_899' title='bbox 1850 5590 1862 5594; x_wconf 30' lang='grc' dir='ltr'><strong>Α</strong></span> <span class='ocrx_word' id='word_1_900' title='bbox 1984 5587 2023 5594; x_wconf 78' lang='lat'>_</span> <span class='ocrx_word' id='word_1_901' title='bbox 2323 5536 2471 5594; x_wconf 63' lang='lat' dir='ltr'><strong>gnum</strong></span> <span class='ocrx_word' id='word_1_902' title='bbox 2515 5522 2818 5594; x_wconf 60' lang='lat' dir='ltr'><strong>constituto</strong></span> <span class='ocrx_word' id='word_1_903' title='bbox 2844 5522 3073 5594; x_wconf 69' lang='lat' dir='ltr'><strong>alterum</strong></span> <span class='ocrx_word' id='word_1_904' title='bbox 3109 5519 3613 5594; x_wconf 82' lang='lat' dir='ltr'><strong>firmatur,_nempe</strong></span> <span class='ocrx_word' id='word_1_905' title='bbox 3638 5522 3837 5594; x_wconf 73' lang='lat' dir='ltr'><strong>cmlnm</strong></span> <span class='ocrx_word' id='word_1_906' title='bbox 3870 5522 3913 5571; x_wconf 88' lang='lat' dir='ltr'><strong>in</strong></span> 
     </span>
    </p>
   </div>
   <div class='ocr_carea' id='block_1_101' title="bbox 702 5587 2323 5660">
    <p class='ocr_par' dir='ltr' id='par_1_101' title="bbox 702 5587 2323 5659">
     <span class='ocr_line' id='line_1_101' title="bbox 702 5587 2323 5659; baseline -0.004 -12"><span class='ocrx_word' id='word_1_907' title='bbox 702 5594 825 5659; x_wconf 50' lang='grc'>,(50)</span> <span class='ocrx_word' id='word_1_908' title='bbox 864 5587 1165 5659; x_wconf 55' lang='grc' dir='ltr'><strong>Μαιᾎτιζρὲῑ</strong></span> <span class='ocrx_word' id='word_1_909' title='bbox 1188 5591 1269 5642; x_wconf 78' lang='grc' dir='ltr'><strong>δέ.</strong></span> <span class='ocrx_word' id='word_1_910' title='bbox 1301 5590 1502 5644; x_wconf 82' lang='lat' dir='ltr'><strong>Vocula</strong></span> <span class='ocrx_word' id='word_1_911' title='bbox 1530 5590 1641 5643; x_wconf 63' lang='lat' dir='ltr'><strong>haec</strong></span> <span class='ocrx_word' id='word_1_912' title='bbox 1659 5590 1947 5644; x_wconf 81' lang='lat' dir='ltr'><strong>redundat.</strong></span> <span class='ocrx_word' id='word_1_913' title='bbox 1984 5587 2211 5642; x_wconf 86' lang='lat' dir='ltr'><strong>Frustra</strong></span> <span class='ocrx_word' id='word_1_914' title='bbox 2320 5634 2323 5641; x_wconf 54' lang='grc'><strong>.</strong></span> 
     </span>
    </p>
   </div>
   <div class='ocr_carea' id='block_1_102' title="bbox 2291 5587 3912 5660">
    <p class='ocr_par' dir='ltr' id='par_1_102' title="bbox 2320 5587 3912 5660">
     <span class='ocr_line' id='line_1_102' title="bbox 2320 5587 3912 5660; baseline -0.001 -19"><span class='ocrx_word' id='word_1_915' title='bbox 2320 5590 2459 5641; x_wconf 82' lang='lat' dir='ltr'><strong>hanc</strong></span> <span class='ocrx_word' id='word_1_916' title='bbox 2490 5592 2691 5657; x_wconf 85' lang='lat' dir='ltr'><strong>potius,</strong></span> <span class='ocrx_word' id='word_1_917' title='bbox 2726 5606 2891 5658; x_wconf 86' lang='lat' dir='ltr'><strong>quam</strong></span> <span class='ocrx_word' id='word_1_918' title='bbox 2943 5591 3091 5660; x_wconf 84' lang='lat' dir='ltr'><strong>illam</strong></span> <span class='ocrx_word' id='word_1_919' title='bbox 3127 5600 3337 5657; x_wconf 89' lang='lat' dir='ltr'><strong>partem</strong></span> <span class='ocrx_word' id='word_1_920' title='bbox 3387 5587 3702 5660; x_wconf 46' lang='lat' dir='ltr'><strong>ferri,_quia</strong></span> <span class='ocrx_word' id='word_1_921' title='bbox 3728 5603 3912 5642; x_wconf 78' lang='lat' dir='ltr'><strong>convc-</strong></span> 
     </span>
    </p>
   </div>
   <div class='ocr_carea' id='block_1_103' title="bbox 642 5659 2263 5732">
    <p class='ocr_par' dir='ltr' id='par_1_103' title="bbox 642 5660 2217 5732">
     <span class='ocr_line' id='line_1_103' title="bbox 642 5660 2217 5732; baseline -0.001 -19"><span class='ocrx_word' id='word_1_922' title='bbox 642 5662 967 5732; x_wconf 84' lang='lat' dir='ltr'><strong>Sylburgius</strong></span> <span class='ocrx_word' id='word_1_923' title='bbox 999 5678 1061 5712; x_wconf 75' lang='lat' dir='ltr'><strong>ex</strong></span> <span class='ocrx_word' id='word_1_924' title='bbox 1096 5661 1321 5732; x_wconf 75' lang='lat' dir='ltr'><strong>At&#39;istot.</strong></span> <span class='ocrx_word' id='word_1_925' title='bbox 1366 5662 1459 5712; x_wconf 76' lang='grc' dir='ltr'>καὶ</span> <span class='ocrx_word' id='word_1_926' title='bbox 1509 5664 1773 5732; x_wconf 83' lang='grc' dir='ltr'>μαρτυρεί</span> <span class='ocrx_word' id='word_1_927' title='bbox 1800 5660 1877 5719; x_wconf 87' lang='grc' dir='ltr'><strong>δέ,</strong></span> <span class='ocrx_word' id='word_1_928' title='bbox 1906 5668 1957 5709; x_wconf 86' lang='lat' dir='ltr'><strong>et</strong></span> <span class='ocrx_word' id='word_1_929' title='bbox 1984 5674 2105 5710; x_wconf 80' lang='lat' dir='ltr'><strong>mox</strong></span> <span class='ocrx_word' id='word_1_930' title='bbox 2138 5660 2217 5711; x_wconf 85' lang='grc' dir='ltr'>ὃτι</span> 
     </span>
    </p>
   </div>
   <div class='ocr_carea' id='block_1_104' title="bbox 2291 5659 3912 5732">
    <p class='ocr_par' dir='ltr' id='par_1_104' title="bbox 2328 5659 3912 5732">
     <span class='ocr_line' id='line_1_104' title="bbox 2328 5659 3912 5732; baseline 0 -21"><span class='ocrx_word' id='word_1_931' title='bbox 2328 5660 2922 5732; x_wconf 36' lang='lat' dir='ltr'><strong>nientissnnuin“est,</strong></span> <span class='ocrx_word' id='word_1_932' title='bbox 2963 5667 3023 5710; x_wconf 90' lang='lat' dir='ltr'><strong>ut</strong></span> <span class='ocrx_word' id='word_1_933' title='bbox 3065 5659 3163 5732; x_wconf 81' lang='lat' dir='ltr'><strong>_ita</strong></span> <span class='ocrx_word' id='word_1_934' title='bbox 3214 5669 3528 5732; x_wconf 75' lang='lat' dir='ltr'><strong>moveatur.</strong></span> <span class='ocrx_word' id='word_1_935' title='bbox 3577 5659 3755 5714; x_wconf 80' lang='lat' dir='ltr'><strong>Paulo</strong></span> <span class='ocrx_word' id='word_1_936' title='bbox 3802 5666 3912 5727; x_wconf 75' lang='lat' dir='ltr'><strong>post</strong></span> 
     </span>
    </p>
   </div>
   <div class='ocr_carea' id='block_1_105' title="bbox 639 5728 2260 5799">
    <p class='ocr_par' dir='ltr' id='par_1_105' title="bbox 639 5728 2214 5799">
     <span class='ocr_line' id='line_1_105' title="bbox 639 5728 2214 5799; baseline -0.001 -16"><span class='ocrx_word' id='word_1_937' title='bbox 639 5728 752 5799; x_wconf 52' lang='lat' dir='ltr'><strong>{in</strong></span> <span class='ocrx_word' id='word_1_938' title='bbox 782 5728 1131 5798; x_wconf 23' lang='grc' dir='ltr'>τὺίπρότερον</span> <span class='ocrx_word' id='word_1_939' title='bbox 1179 5730 1348 5796; x_wconf 74' lang='lat' dir='ltr'><strong>Cujus</strong></span> <span class='ocrx_word' id='word_1_940' title='bbox 1399 5731 1498 5781; x_wconf 80' lang='lat' dir='ltr'><strong>loci</strong></span> <span class='ocrx_word' id='word_1_941' title='bbox 1534 5731 1745 5782; x_wconf 80' lang='lat' dir='ltr'><strong>videtur</strong></span> <span class='ocrx_word' id='word_1_942' title='bbox 1776 5732 1823 5781; x_wconf 95' lang='lat' dir='ltr'><strong>is</strong></span> <span class='ocrx_word' id='word_1_943' title='bbox 1850 5744 1973 5781; x_wconf 87' lang='lat' dir='ltr'><strong>esse</strong></span> <span class='ocrx_word' id='word_1_944' title='bbox 1998 5743 2214 5781; x_wconf 86' lang='lat' dir='ltr'><strong>sensus.</strong></span> 
     </span>
    </p>
   </div>
   <div class='ocr_carea' id='block_1_106' title="bbox 1757 5728 3378 5799">
    <p class='ocr_par' dir='ltr' id='par_1_106' title="bbox 1776 5728 3378 5799">
     <span class='ocr_line' id='line_1_106' title="bbox 1776 5728 3378 5799; baseline 0 -18"><span class='ocrx_word' id='word_1_945' title='bbox 1776 5732 1823 5781; x_wconf 95' lang='lat' dir='ltr'><strong>is</strong></span> <span class='ocrx_word' id='word_1_946' title='bbox 1850 5744 1973 5781; x_wconf 87' lang='lat' dir='ltr'><strong>esse</strong></span> <span class='ocrx_word' id='word_1_947' title='bbox 1998 5743 2214 5781; x_wconf 89' lang='lat' dir='ltr'><strong>sensus.</strong></span> <span class='ocrx_word' id='word_1_948' title='bbox 2324 5729 2553 5783; x_wconf 80' lang='lat' dir='ltr'><strong>Aristot.</strong></span> <span class='ocrx_word' id='word_1_949' title='bbox 2584 5737 2637 5782; x_wconf 89' lang='lat' dir='ltr'><strong>et</strong></span> <span class='ocrx_word' id='word_1_950' title='bbox 2671 5729 3001 5799; x_wconf 75' lang='lat' dir='ltr'><strong>Sylburgius</strong></span> <span class='ocrx_word' id='word_1_951' title='bbox 3032 5728 3122 5797; x_wconf 83' lang='grc' dir='ltr'>εἴη</span> <span class='ocrx_word' id='word_1_952' title='bbox 3142 5730 3175 5798; x_wconf 77' lang='grc' dir='ltr'><strong>η</strong></span> <span class='ocrx_word' id='word_1_953' title='bbox 3207 5729 3378 5781; x_wconf 83' lang='grc' dir='ltr'>αίτία.</span> 
     </span>
    </p>
   </div>
   <div class='ocr_carea' id='block_1_107' title="bbox 642 5799 4087 5925">
    <p class='ocr_par' dir='ltr' id='par_1_107' title="bbox 642 5799 4087 5925">
     <span class='ocr_line' id='line_1_107' title="bbox 642 5799 4087 5925; baseline -0.003 -71"><span class='ocrx_word' id='word_1_954' title='bbox 642 5802 907 5854; x_wconf 62' lang='lat' dir='ltr'><strong>Nimirum</strong></span> <span class='ocrx_word' id='word_1_955' title='bbox 960 5800 1239 5869; x_wconf 82' lang='lat' dir='ltr'><strong>proposita</strong></span> <span class='ocrx_word' id='word_1_956' title='bbox 1295 5799 1585 5861; x_wconf 88' lang='lat' dir='ltr'><strong>dubitatio,</strong></span> <span class='ocrx_word' id='word_1_957' title='bbox 1646 5799 1973 5855; x_wconf 84' lang='lat' dir='ltr'><strong>solutionem</strong></span> <span class='ocrx_word' id='word_1_958' title='bbox 2030 5811 2215 5851; x_wconf 87' lang='lat' dir='ltr'><strong>secum</strong></span> <span class='ocrx_word' id='word_1_959' title='bbox 4085 5824 4087 5925; x_wconf 35' lang='grc' dir='ltr'><em>Α</em></span> 
     </span>
    </p>
   </div>
   <div class='ocr_carea' id='block_1_108' title="bbox 4062 6208 4065 6217">
    <p class='ocr_par' dir='ltr' id='par_1_108' title="bbox 4062 6208 4065 6217">
     <span class='ocr_line' id='line_1_108' title="bbox 4062 6208 4065 6217; baseline 0 0"><span class='ocrx_word' id='word_1_960' title='bbox 4062 6208 4065 6217; x_wconf 66' lang='grc' dir='ltr'><strong><em>μ</em></strong></span> 
     </span>
    </p>
   </div>
   <div class='ocr_carea' id='block_1_109' title="bbox 1134 6372 2755 6385">
    <p class='ocr_par' dir='ltr' id='par_1_109' title="bbox 1134 6374 2755 6385">
     <span class='ocr_line' id='line_1_109' title="bbox 1134 6374 2755 6385; baseline -0.004 -2"><span class='ocrx_word' id='word_1_961' title='bbox 1134 6380 1179 6383; x_wconf 94' lang='lat'>_</span> <span class='ocrx_word' id='word_1_962' title='bbox 1224 6380 1233 6381; x_wconf 39' lang='grc' dir='ltr'><em>κ</em></span> <span class='ocrx_word' id='word_1_963' title='bbox 1459 6374 1645 6383; x_wconf 42' lang='grc' dir='ltr'><strong>,ι--Αγκ</strong></span> <span class='ocrx_word' id='word_1_964' title='bbox 2364 6374 2415 6377; x_wconf 35' lang='grc' dir='ltr'><strong>κ</strong></span> <span class='ocrx_word' id='word_1_965' title='bbox 2717 6383 2755 6385; x_wconf 26' lang='grc' dir='ltr'><em>ῃ</em></span> 
     </span>
    </p>
   </div>
   <div class='ocr_carea' id='block_1_110' title="bbox 3294 6140 4085 6429">
    <p class='ocr_par' dir='ltr' id='par_1_110' title="bbox 3294 6140 4085 6429">
     <span class='ocr_line' id='line_1_110' title="bbox 3294 6140 4085 6429; baseline 0 0"><span class='ocrx_word' id='word_1_966' title='bbox 3294 6396 3356 6403; x_wconf 29' lang='grc' dir='ltr'>ε-</span> <span class='ocrx_word' id='word_1_967' title='bbox 3526 6140 4085 6429; x_wconf 72' lang='lat' dir='ltr'><strong><em>J</em></strong></span> 
     </span>
    </p>
   </div>
  </div>
