4104 6414
135 382 287 436 1561

838 365 1279 435 CONFUTATIO
1318 375 1749 442 QUORUMDAN

1856 377 2266 432 RISTUTELIS
2308 378 2712 434 DOGMATUM.

3302 379 3440 434 156?.

133 501 390 571 ἑτέρων,
426 500 526 569 τῆς
558 503 614 554 ὲν
666 500 1054 570 εὐκινητοτάτῃ
1102 497 1281 552 αὐτῶν
1313 498 1472 568 οὐσίᾳ
1517 516 1745 568 πεποιη-

1850 499 1980 550 tur?
2011 496 2108 551 Sin
2144 499 2348 551 moveri
2381 501 2645 567 oportuit,
2678 514 2779 552 cur
2807 515 2915 553 non
2950 513 3046 568 per
3076 501 3290 567 seipsas
3321 515 3438 552 mo-

135 591 324 652 κυίας
358 591 500 643 αὐτὰ
525 592 752 662 ἀκίνητα
791 591 911 644 καθ’
937 592 1076 644 αὑτά
1095 607 1118 664 ;ν
1136 591 1198 642 El
1223 593 1280 642 ὲν
1299 593 1412 652 τοῖς
1444 590 1637 651 ἀϊδίοις
1667 590 1750 640 ού-

135 683 236 734 δὲν
272 684 430 752 παρὰ
463 683 643 750 φύσιν,
699 684 846 752 παρὰ
881 682 1040 751 φύσιν
1091 683 1146 735 δὲ
1191 683 1253 734 τὸ
1297 682 1483 733 ούσίαν
1528 683 1623 750 μὲν
1657 682 1747 731 καὶ

141 773 354 843 σχῆμα
390 774 532 843 ἔχειν
589 774 910 843 ἀεικίνητον,
961 775 1146 826 στάσιν
1200 775 1258 826 δὲ
1305 774 1586 842 ἀκίνητον·
1642 774 1747 843 ἄρα

141 864 259 916 οὐκ
290 865 440 917 ἀΐδια
472 865 538 917 τὰ
573 867 630 916 ὲν
661 859 740 926 οἷς
772 866 831 916 τὸ
863 865 1012 935 παρὰ
1060 865 1240 932 φύσιν,
1291 865 1323 934 ἦ
1369 864 1559 932 ψευδὲς
1599 865 1657 916 τὸ
1693 868 1747 916 ὲν

143 955 271 1017 τοῖς
293 954 488 1016 ἀϊδίοις
508 955 662 1007 οὐδὲν
673 957 821 1025 παρὰ
843 955 1019 1024 φύσιν.
1052 958 1113 1007 Εἰ
1139 956 1289 1008 οὐδὲν
1313 955 1420 1007 τῶν
1449 957 1747 1024 ἀγενήτων,

146 1044 286 1098 οὔτε
322 1045 350 1097 ὃ
399 1045 508 1114 ἔχει
565 1046 685 1098 οὔτε
720 1047 747 1099 ὃ
794 1049 864 1118 μὴ
928 1048 1062 1116 ἔχει,
1111 1046 1251 1099 κατὰ
1307 1047 1561 1115 πρόνοιάν
1604 1064 1747 1109 τινος

148 1135 273 1204 ἔχει
311 1136 346 1206 ἢ
381 1138 480 1188 οὐκ
518 1136 627 1206 ἔχει
649 1155 661 1167 ·
695 1138 832 1202 πῶς,
861 1141 908 1190 εἰ
937 1140 1196 1207 ἀγένητος
1228 1138 1256 1188 ὁ
1277 1138 1503 1208 οὐρανὸς
1538 1140 1630 1190 καὶ
1679 1138 1745 1189 τὰ

149 1227 362 1297 ἄστρα,
391 1228 531 1281 κατὰ
567 1229 822 1298 πρόνοιαν
851 1231 950 1300 τῆς
999 1230 1214 1298 φύσεως
1241 1230 1470 1298 ὄργανον
1508 1229 1604 1298 μὲν
1646 1230 1746 1279 οὐκ

151 1317 278 1387 ἔχει
324 1321 834 1392 κινήσεως,-σχῆμα
882 1323 938 1374 δὲ
1000 1321 1114 1392 ἔχει
1150 1321 1435 1391 σφαιρικὸν
1488 1323 1605 1373 ἀντὶ
1652 1320 1744 1372 τοῦ

149 1408 419 1478 ὀργᾶνου,
471 1412 600 1481 πρὸς
621 1413 721 1483 τὴν
750 1413 948 1482 συνεχῆ
993 1413 1203 1482 κίνησιν
1233 1412 1663 1482 ἐπιτηδειότερον
1687 1412 1745 1464 ὃν

150 1499 270 1552 τῶν
304 1503 644 1572 πορευτικῶν
669 1505 915 1573 ὀργάνων
935 1521 949 1569 ;

1850 597 2066 649 ventur,
2103 591 2194 642 sed
2227 605 2324 657 per
2353 591 2458 642 alia
2487 608 2500 655 ;
2533 605 2656 642 cum
2689 598 2907 653 natura,
2943 607 3064 660 quae
3095 592 3147 643 in
3177 592 3438 644 substan-

1850 681 1922 730 tia
1946 695 2133 733 earum
2165 682 2229 731 ad
2259 682 2584 732 movendum
2609 683 2916 749 aptissima.
2948 690 3006 734 ut
3040 697 3134 750 per
3161 697 3219 734 se
3245 683 3439 734 immn-

1849 771 1985 823 biles
2029 771 2160 832 sint,
2193 771 2339 831 fecit,
2377 772 2554 826 facere
2585 763 2847 842 potuerit,
2891 781 2948 827 ut
2983 781 3078 842 per
3118 775 3335 842 seipsas
3373 792 3438 828 eo

1851 871 2202 914 moverentur
2231 872 2405 924 motu,
2429 881 2539 932 quo
2580 881 2728 917 nunc
2749 881 2848 934 per
2887 867 2992 918 alia
3021 867 3349 920 moventur?
3381 869 3432 919 Si

1847 953 1903 1004 in
1931 953 2094 1006 rebus
2143 956 2365 1007 :eternis
2397 955 2529 1007 nihil
2563 962 2760 1023 prazter
2799 965 3054 1009 naturam
3084 965 3203 1020 est;
3240 965 3441 1025 prater

1851 1054 2105 1097 naturam
2136 1053 2313 1098 autem
2351 1055 2457 1107 est,
2495 1048 2860 1101 substantiam
2887 1049 3108 1116 quidem
3161 1048 3361 1101 habere
3389 1057 3442 1100 et

1850 1135 2079 1190 formam
2113 1145 2376 1204 perpetuo
2413 1132 2690 1201 mobilem,
2719 1141 3077 1196 stabilitatem
3105 1146 3444 1199 veroimmo.

1851 1229 2014 1284 bilem
2044 1250 2055 1283 :
2092 1247 2199 1284 non
2226 1247 2357 1300 ergo
2383 1241 2586 1283 aeterna
2622 1231 2674 1284 in
2700 1232 2902 1300 quibus
2931 1241 3015 1286 est
3046 1245 3244 1302 praeter
3280 1246 3442 1290 natu—

1850 1337 1965 1375 ram
2003 1323 2208 1391 aliquid
2245 1343 2257 1379 :
2295 1331 2388 1376 aut
2419 1323 2550 1378 illud
2577 1322 2774 1378 falsum
2798 1335 2904 1385 est,
2947 1326 3005 1379 in
3037 1327 3201 1382 rebus
3223 1332 3444 1384 meritis

1851 1414 1989 1466 nihil
2013 1430 2135 1469 esse
2171 1423 2364 1483 prater
2391 1423 2668 1470 naturam.
2707 1414 2765 1468 Si
2811 1417 2948 1469 nihil
2987 1418 3289 1488 ingenitum
3316 1437 3445 1490 pro-

1853 1505 2092 1558 videntia
2116 1506 2350 1574 alicujus
2385 1506 2548 1559 habet
2581 1507 2666 1559 vel
2700 1522 2807 1561 non
2856 1508 3042 1571 habet,
3077 1510 3129 1563 id
3162 1513 3308 1579 quod
3343 1513 3444 1566 ha-

156 1592 253 1646 bet
283 1596 368 1649 vel
404 1611 510 1649 non
555 1597 748 1652 habet:
790 1599 1085 1667 quomodo,
1129 1598 1174 1652 si
1208 1598 1510 1666 ingenitum
1539 1597 1740 1650 caalum
1781 1605 1835 1651 et
1867 1599 2062 1660 stellag,
2125 1598 2468 1668 providentia
2500 1607 2714 1654 naturae
2759 1600 3188 1656 instrumentum
3219 1604 3443 1672 quidem

157 1695 348 1744 motus
371 1707 476 1743 non
505 1691 724 1757 habent,
755 1692 984 1746 formam
1011 1700 1190 1747 autem
1233 1691 1513 1762 globosam
1538 1691 1742 1744 habent
1776 1708 1875 1761 pro
1909 1694 2298 1758 instrumento,
2334 1708 2457 1763 qua:
2513 1693 2579 1747 ad
2614 1702 2822 1749 motum
2856 1684 3181 1750 continuum
3237 1699 3441 1768 aptior,

155 1795 330 1850 quam
361 1783 610 1851 apposita
639 1785 703 1836 ad
740 1784 1141 1852 procedendum
1168 1783 1534 1838 instrumenta
1560 1783 1582 1834 ?

541 1874 628 1927 6|.
673 1877 767 1929 Ἐκ
804 1877 910 1930 τοῦ
937 1877 1124 1931 αὑτοῦ
1152 1877 1360 1945 λόγου.

239 1979 261 2015 ι
301 1963 366 2015 Ἡ
404 1963 502 2034 μὲν
535 1966 763 2036 πρώτη,-
799 1969 895 2036 μία
921 1953 1055 2021 οὖσα
1090 1968 1222 2038 (65),
1265 1969 1435 2022 πολλὰ
1469 1970 1610 2022 κινεῖ
1639 1969 1747 2019 τῶν

161 2055 438 2125 σωμάτων
471 2057 658 2109 θείων·
704 2060 762 2110 αι
791 2059 867 2123 δὲ,
903 2059 1094 2111 πολλαὶ
1115 2055 1291 2123 οὖσαι,
1327 2059 1385 2111 ἓν
1427 2061 1584 2126 μόνον
1621 2049 1759 2110 ὲκάῖ

159 2162 288 2216 ατη.
324 2145 444 2200 Τῶν
473 2149 581 2218 γάρ
614 2149 981 2220 πλανωμένων
1018 2150 1076 2204 ἓν
1107 2150 1286 2203 ὁτιοῦν
1332 2151 1551 2212 πλείους
1584 2153 1747 2219 φέρε-

157 2254 252 2290 ται
282 2240 471 2308 φοράς.
509 2239 691 2316 Ταύτῃ
724 2255 780 2292 τε
799 2238 902 2302 ⁸οὖν
933 2240 1175 2306 ἀνισάζει
1209 2245 1241 2313 ἡ
1280 2242 1460 2311 φύσις,
1485 2243 1578 2294 καὶ
1609 2245 1752 2292 ποιεῖ

158 2347 280 2382 τινα
303 2329 476 2394 τάξιν,
498 2334 563 2402 τῇ
594 2333 689 2401 μὲν
719 2335 814 2402 μιᾷ
847 2337 987 2405 φορᾷ
1015 2335 1184 2387 πολλὰ
1206 2335 1529 2387 ἀποδιδοῦσα
1565 2334 1750 2402 σώμα-

159 2439 251 2486 ιυα,
285 2421 364 2493 τῷ
395 2422 451 2474 δὲ
476 2424 556 2475 ἑνὶ
587 2423 795 2492 σώζματι
818 2425 1018 2488 πολλὰς
1040 2427 1230 2499 φοράς.
1279 2427 1366 2478 Ἐν
1396 2426 1610 2487 πολλοῖς
1640 2427 1749 2495 γὰρ

162 2503 506 2592 σφαίραιςή
562 2515 659 2585 μία
710 2515 820 2586 (64)
867 2519 1070 2587 σφαῖρα
1115 2517 1431 2592 ἐνδεδεμένη
1484 2519 1746 2589 φέρεται·

162 2604 368 2678 ἑκάστη
402 2590 460 2658 δὲ
493 2610 694 2676 σφαῖρα
724 2606 882 2678 σῶμα
912 2607 1168 2678 τυγχάνει
1197 2609 1276 2662 δν.
1313 2628 1332 2658 ι

237 2783 299 2838 ΕΙ
318 2785 424 2838 τῶν
459 2785 735 2855 ἅγενήτων
769 2802 828 2837 τε
860 2786 952 2839 καὶ
983 2785 1167 2838 ἀϊδίων
1193 2786 1388 2838 οὐσιῶν
1410 2787 1636 2858 ποιητὴς
1659 2788 1750 2840 ού-

163 2878 294 2941 δεὶς,
330 2877 448 2940 πῶς
486 2876 631 2930 ἀῖδιά
663 2894 721 2928 τε
756 2879 848 2930 καὶ
893 2878 1132 2948 ἀγένητα
1164 2879 1353 2943 ταῦτα,
1397 2874 1472 2932 ὧν
1511 2884 1543 2950 ἡ
1589 2881 1748 2950 φύσις

163 2967 267 3036 τῆς
296 2968 499 3034 τάξεώς
523 2970 636 3021 ὲστι
669 2969 918 3040 ποιητὴς,
949 2973 1014 3040 τῇ
1041 2970 1136 3039 μὲν
1156 2973 1253 3040 μιᾷ
1272 2972 1592 3032 ἀποδιδοῦσα
1629 2959 1750 3024 πολ-

164 3059 234 3112 λὰ
267 3058 512 3128 σώματα,
547 3059 624 3128 τῷ
646 3060 702 3112 δὲ
729 3061 806 3112 ἑνὶ
841 3059 1051 3130 σώματι
1069 3060 1268 3123 πολλὰς
1293 3062 1484 3132 φορὰς,
1518 3064 1586 3116 τὰ
1613 3064 1750 3134 πλή-

166 3151 236 3220 θη
269 3151 374 3204 τῶν
405 3151 498 3203 τοῦ
542 3151 658 3214 ἐνὸς
691 3152 936 3221 σώματος
971 3151 1150 3224 φορῶν
1189 3136 1450 3216 ἰσάζονσα
1485 3155 1562 3225 τῷ
1605 3158 1744 3226 πλή-

166 3243 251 3296 Θει
280 3241 386 3294 τῶν
419 3243 705 3312 σωμάτων.
733 3245 796 3296 El
820 3245 887 3297 τὰ
913 3246 1151 3316 ἀγένητα
1167 3247 1336 3298 ταῦτα
1364 3248 1456 3300 καὶ
1488 3249 1742 3318 ἀποίητα,

166 3335 284 3398 πῶς
318 3336 586 3404 ἐνδέχεται
621 3339 678 3389 ὲν
721 3341 834 3399 τοῖς
879 3340 1158 3408 ἀγενήτοις
1193 3341 1570 3410 πεποιημένην
1607 3338 1745 3394 εἶναι

164 3428 314 3492 τάξιν
356 3429 588 3498 φυσικήν
609 3429 868 3499 ;’Σφαῖρα
901 3431 1106 3502 σφαίρᾳ
1149 3431 1488 3502 ἐνδεδεμένη.
1520 3433 1616 3502 τὴν
1650 3435 1746 3485 αύ-

165 3519 264 3589 τὴν
296 3519 491 3588 ἔχουσα
512 3519 698 3572 οὐσίαν
729 3521 793 3589 ἢν
810 3520 974 3589 ἔχειὴ
1004 3524 1207 3592 σφαῖρα
1297 3522 1564 3582 ἐνδέδεται
1588 3541 1599 3552 ·
1630 3523 1745 3586 πῶς

167 3611 229 3662 ού
262 3611 502 3678 φαίνεται
537 3611 851 3681 ἀμφοτέρας
899 3611 1095 3680 ἔχουσα
1135 3612 1496 3675 τάςνάτοπίας
1542 3616 1599 3666 ὲν
1636 3617 1747 3676 τοῖς

168 3701 355 3764 ἀϊδίοις
387 3702 461 3771 μὴ
506 3702 878 3773 ὑπαρχούσας,
913 3701 972 3753 τὸ
1009 3704 1184 3772 μάτην
1214 3703 1360 3774 ἔχειν
1392 3704 1489 3775 τὴν
1523 3706 1747 3776 κινητὴν

169 3793 350 3846 οὐσίαν
377 3793 499 3846 καθ’
541 3793 606 3863 ἢν
639 3795 699 3845 οὐ
732 3797 980 3860 κινεῖται,
1013 3795 1183 3848 καὶτὸ
1206 3795 1357 3866 παρὰ
1390 3797 1551 3864 φύσιν
1585 3801 1749 3850 κινεῖ-

181 3877 300 3940 σθαι
335 3886 476 3939 κατά
521 3885 864 3956 συμϐεϐηκός
883 3903 898 3951 ἕ

307 4061 392 4116 62.
448 4063 540 4116 Ἐκ
574 4065 680 4118 τοῦ
712 4065 911 4132 τρίτου
943 4061 1128 4133 λότόυ
1160 4066 1302 4134 Περὶ
1335 4068 1612 4134 οὐρανοῦ.

248 4172 266 4206 t
301 4153 419 4206 Τῶν
449 4154 608 4222 φύσει
631 4157 939 4224 γενομένων
968 4155 1037 4208 τὰ
1069 4157 1169 4226 μέν
1196 4159 1334 4211 εἰσιν
1365 4160 1566 4221 οὐσίαι,
1595 4160 1665 4213 τὰ
1694 4160 1749 4212 δὲ

175 4244 307 4318 ἔργα
352 4246 442 4300 καὶ
494 4246 637 4316 πάθη
684 4246 906 4299 τούτων.
942 4248 1100 4313 Λέγω
1139 4249 1195 4300 δὲ
1238 4250 1425 4312 οὐσίας
1459 4253 1558 4319 μὲν
1589 4252 1660 4304 τά
1691 4269 1749 4304 τε

176 4337 316 4391 ἁπλᾶ
347 4337 455 4409 (65)
491 4337 716 4407 σώματα
742 4378 756 4400 ,
790 4334 901 4393 οἷον
935 4338 1046 4408 πῦρ
1068 4379 1084 4402 ,
1119 4339 1212 4391 καὶ
1245 4340 1347 4410 γῆν
1371 4380 1385 4404 ,
1431 4343 1524 4394 καὶ
1555 4343 1624 4394 τά
1661 4343 1750 4395 σύ-

178 4447 356 4503 στοιχα
387 4432 616 4494 τούτοις,
654 4431 744 4484 καὶ
784 4433 848 4484 ὲκ
876 4430 1102 4493 τούτων,
1138 4427 1252 4483 οἷον
1288 4433 1398 4496 τόν,
1426 4451 1485 4515 τε
1535 4433 1750 4487 σύνολον

1998 1875 2086 1930 61.
2120 1876 2203 1929 Ex
2234 1877 2414 1932 eodem
2441 1874 2596 1940 libro,
2627 1873 2783 1938 ibid.,
2813 1888 2862 1927 c.
2897 1873 2984 1934 12,
3014 1885 3065 1938 p.
3093 1870 3345 1936 293'seq.

1930 1979 1948 2009 c
1984 1961 2164 2014 Prima
2193 1962 2437 2030 quidem,
2464 1976 2588 2014 cum
2625 1977 2732 2017 una
2765 1962 2858 2025 sit,
2893 1965 3063 2016 multa
3098 1975 3279 2019 movet
3305 1967 3446 2020 divi-

1853 2070 1920 2108 na
1945 2071 2211 2124 corpora;
2246 2057 2364 2111 ista:
2395 2071 2545 2118 vero,
2575 2071 2699 2110 cum
2731 2056 2918 2124 plures
2952 2057 3083 2119 sint,
3122 2073 3291 2110 unum
3318 2067 3449 2112 tan-

1851 2156 1964 2199 tum
1991 2148 2154 2201 modo
2186 2148 2435 2216 singulae.
2467 2147 2802 2200 ‘Errantinm
2835 2149 2980 2201 enim
3022 2150 3276 2218 quaalibet
3324 2152 3445 2221 plu-

1849 2238 2005 2291 ribus
2037 2241 2215 2308 agitur
2245 2232 2508 2293 motibus.
2547 2238 2636 2292 Sic
2672 2240 2841 2305 igitur
2873 2241 3122 2308 adchuat
3167 2251 3362 2296 natura
3393 2252 3448 2296 et

1849 2328 2099 2381 ordinem
2143 2327 2432 2396 quemdam
2484 2329 2755 2391 instituit,
2811 2331 2905 2382 uni
2955 2333 3173 2398 quidem
3219 2333 3446 2385 motioni

1851 2419 2008 2488 plura
2068 2419 2379 2475 attribuens
2438 2436 2698 2488 corpora,
2742 2429 2797 2475 et
2848 2422 2943 2480 ιιιιὶ
2999 2423 3217 2493 corpori
3262 2424 3449 2493 plures

1851 2509 2144 2564 motiones.
2195 2510 2454 2566 Pluribus
2483 2513 2629 2566 enim
2679 2513 2913 2581 sphteris
2942 2529 3051 2567 una
3115 2512 3325 2584 sphaera
3369 2517 3448 2568 al-

1849 2601 2014 2670 ligata
2067 2600 2263 2656 fertur.
2322 2601 2678 2673 Unaquaeque
2741 2611 2925 2658 autem
2980 2605 3195 2674 sphaera
3245 2622 3451 2676 corpus

1848 2705 1953 2745 est.
1993 2710 2010 2742 l

1922 2782 1978 2836 Si
2013 2784 2383 2853 ingenitarum
2412 2794 2466 2840 et
2492 2794 2822 2843 aete‘rnarum
2853 2789 3289 2846 substantiarum
3324 2792 3446 2844 nul-

1849 2874 1935 2927 lus
1967 2873 2241 2939 conditor,
2278 2878 2554 2944 quomodo
2571 2888 2773 2932 aeterna
2799 2881 2917 2933 inec
2945 2887 2998 2933 et
3028 2881 3290 2949 ingenita,
3318 2898 3448 2951 quo-

1851 2979 1972 3018 rum
2010 2956 2207 3018 natura
2241 2966 2455 3021 ordinis
2485 2979 2570 3022 est
2599 2970 2807 3039 opifex,
2841 2971 2934 3023 uni
2962 2972 3186 3040 quidem
3217 2974 3446 3027 motioni

1849 3055 2005 3123 plura
2066 3058 2376 3112 attribuens
2429 3074 2686 3127 corpora,
2728 3070 2783 3114 et
2833 3063 2928 3115 uni
2989 3065 3208 3132 corpori
3262 3065 3453 3134 plures

1851 3149 2147 3213 motiones,
2196 3165 2488 3222 numerum
2533 3151 2694 3220 583
2748 3154 2914 3207 unius
2957 3156 3210 3224 corporis
3257 3157 3458 3209 mutii».

1847 3241 1977 3292 num
2009 3240 2306 3313 adequans
2339 3259 2566 3297 numero
2597 3247 2932 3314 corporum?
2963 3245 3020 3299 Si
3061 3247 3303 3316 ingenita
3331 3247 3447 3303 haec

1845 3337 1898 3383 et
1922 3328 2147 3392 infecta,
2187 3331 2468 3398 quomodo
2488 3341 2665 3401 potest
2697 3336 2749 3387 in
2789 3337 2955 3389 rebus
2987 3337 3248 3404 ingenitis
3280 3337 3447 3391 insti-

1847 3427 1998 3475 tutus
2029 3437 2152 3476 esse
2182 3421 2318 3476 ordo
2351 3425 2660 3480 naturalis?
2695 3426 2921 3494 Sphmra
2954 3427 3181 3498 sphaerae
3203 3429 3444 3496 alligata.

1846 3512 2091 3567 eamdem
2123 3513 2332 3568 habens
2370 3516 2740 3569 substantiam
2778 3533 2842 3571 ac
2875 3520 3107 3588 sph’mra,
3137 3495 3226 3572 cui
3268 3519 3446 3587 illiga-

1848 3611 1901 3656 ta
1932 3613 2033 3666 est,
2067 3606 2345 3674 quomodo
2375 3623 2481 3660 non
2516 3593 2736 3660 videtur
2774 3608 3052 3677 duplicem
3107 3608 3309 3662 habere
3349 3609 3447 3659 ab-

1849 3695 2197 3756 suditatem,
2229 3696 2282 3748 in
2331 3697 2497 3751 rebus
2529 3699 2754 3751 :eternis
2786 3713 2896 3752 non
2938 3707 3322 3751 occurrentem
3344 3737 3357 3759 ,
3393 3710 3449 3750 rt

1847 3787 1992 3854 quod
2029 3786 2231 3839 frustra
2260 3786 2515 3840 mobilem
2567 3788 2766 3842 habeat
2812 3790 3208 3851 substantiam,
3253 3805 3446 3843 secun-

1849 3877 1978 3932 dum
2002 3894 2164 3948 quam
2187 3896 2295 3934 non
2327 3888 2598 3942 movetur,
2633 3889 2688 3936 et
2742 3882 2890 3951 quod
2946 3889 3148 3952 praeter
3190 3888 3444 3935 naturam

1849 3984 1947 4037 per
1973 3969 2233 4025 accidens
2268 3971 2595 4025 moveatur?

1935 4063 2025 4116 62.
2057 4063 2142 4116 Ex
2165 4065 2298 4117 Itbro
2325 4067 2478 4116 tertio
2505 4066 2568 4116 de
2593 4063 2742 4124 cwlo,
2765 4063 2860 4117 lib.
2894 4077 2974 4126 ιιι,
3005 4076 3054 4114 c.
3091 4061 3138 4120 Ι,
3171 4075 3224 4128 p.
3252 4063 3378 4116 298.

1927 4165 1944 4196 ι
1988 4146 2189 4199 Eorum
2244 4163 2365 4216 quae
2414 4156 2612 4202 natura
2672 4162 2795 4204 esse
2845 4146 3128 4208 dicuntur,
3160 4147 3265 4198 alia
3317 4155 3446 4200 sunt

1852 4238 2192 4302 substantiae,
2220 4241 2324 4292 alia
2358 4256 2524 4308 opera
2564 4248 2618 4296 et
2654 4241 3005 4310 Operationes
3050 4255 3260 4295 earnm.
3306 4239 3444 4292 Sub-

1851 4325 2088 4384 stantias’
2112 4330 2236 4384 dico
2260 4347 2490 4400 corpora
2516 4332 2812 4401 simplicia,
2845 4338 2904 4384 ut
2937 4332 3117 4400 ignem
3144 4339 3198 4384 et
3219 4338 3452 4389 terram.

1851 4434 1904 4475 et
1960 4437 2081 4490 qua:
2137 4436 2260 4475 cum
2320 4423 2406 4478 his
2459 4431 2589 4477 sunt
2647 4423 2896 4492 ejusdem
2956 4423 3123 4478 seriei
3155 4423 3448 4480 elementa,

176 4523 409 4594 aspavbv,
443 4521 536 4574 ’καὶ
564 4521 635 4582 τὰ
671 4523 835 4592 μόρια
860 4521 1074 4583 τούτου,
1105 4523 1197 4576 καὶ
1230 4523 1390 4576 πάλιν
1421 4514 1489 4582 τά
1518 4544 1574 4581 τε
1609 4527 1743 4590 ζῶα».

1851 4522 1904 4569 et
1933 4530 2270 4583 quacunque
2335 4531 2402 4569 et
2455 4515 2524 4570 iis
2576 4526 2699 4569 orta
2754 4525 2902 4575 sunt,
2940 4523 2998 4569 ut
3033 4522 3204 4569 totum
3246 4514 3449 4568 cmluu.

179 4615 267 4667 καὶ
296 4615 361 4667 τὰ
389 4614 549 4682 φυτὰ,
585 4614 677 4666 καὶ
710 4615 778 4666 τὰ
815 4615 978 4685 μόρια
1005 4615 1230 4667 τούτων.
1271 4634 1288 4665 ι

256 4791 311 4843 '0
341 4788 576 4860 εἰρηκὼς
607 4787 697 4839 τὸν
726 4787 952 4858 οὐρανὸν
985 4780 1124 4841 εἶναι
1159 4785 1219 4850 ἐξ
1248 4783 1420 4840 ἀπλοῦ
1442 4805 1586 4849 τινος
1618 4804 1751 4843 στοι-

180 4884 318 4954 χείου
349 4884 534 4952 ἑτέρου
565 4881 718 4942 ὄντος
764 4882 915 4950 παρὰ
959 4882 1027 4933 τὰ
1071 4879 1307 4936 ἐνταῦθα
1352 4882 1625 4948 στοιχεῖα,
1658 4881 1751 4932 καὶ

181 4976 256 5028 ὅτι
275 4976 369 5027 οὐκ
399 4973 667 5043 ἐνδέχεται
697 4972 922 5044 οὐρανὸν
955 4972 1112 5039 ἄλλον
1146 4971 1397 5039 γενέσθαι
1423 4971 1510 5023 διὰ
1537 4972 1598 5023 τὸ
1630 4971 1753 5024 τοῦ·

169 5083 266 5121 τον
302 5070 478 5122 πᾶσαν
523 5066 930 5136 περιειληφέναι
975 5065 1073 5134 τὴν
1117 5065 1248 5135 ύλην
1272 5081 1285 5094 ο
1329 5064 1444 5129 πῶς
1483 5064 1577 5118 νῦν
1605 5066 1754 5133 λέγει

182 5161 243 5212 ἐκ
267 5160 369 5211 τῶν
400 5159 579 5214 αὐτῶν
605 5152 746 5213 εἶναι
777 5157 1058 5226 στοιχείων
1083 5157 1172 5209 τὸν
1201 5157 1448 5226 οὐρανὸν,
1471 5158 1528 5223 ἐξ
1555 5151 1630 5210 ὧν
1660 5158 1752 5210 καὶ

183 5250 247 5304 τὰ
272 5249 380 5315 ζῶα
408 5251 501 5302 καὶ
528 5249 596 5302 τὰ
627 5249 800 5317 φυτά;
842 5232 976 5300 Ἀλλ’
1008 5249 1056 5300 εί
1094 5247 1190 5317 μὲν
1223 5249 1380 5302 ἄλλον
1408 5251 1637 5321 οὐρανὸν
1668 5251 1753 5304 λέ-

185 5358 263 5410 γει
293 5340 350 5404 ἐξ
379 5341 549 5394 ἄλλων
583 5341 860 5410 στοιχείων
902 5339 1153 5406 γενέσθαι
1174 5379 1187 5403 ,
1221 5333 1355 5406 ’πῶς
1397 5343 1458 5399 οὐ
1501 5343 1766 5410 ψεύδεται

187 5431 364 5502 λέγων,
389 5434 504 5494 οὐκ
530 5433 804 5503 ἐνδέχεται
821 5431 981 5488 ἄλλον
1008 5433 1236 5503 οὐρανὸν
1265 5428 1407 5492 εἶναι
1433 5420 1570 5505 πλὴν
1601 5435 1752 5499 ὲνός;

257 5584 361 5653 (6‘5)
395 5581 582 5640 Οὖσα.
607 5585 840 5647 Codices
872 5602 1004 5639 mss.
1045 5594 1100 5649 et
1136 5585 1203 5640 Β.
1254 5585 1566 5656 Stephanus
1598 5589 1754 5641 οὐσία

187 5658 238 5728 ει
265 5671 380 5708 mox
404 5656 660 5726 ούσίαι,‹ιι
681 5657 929 5728 ἑκαστον
957 5657 1064 5728 γὰρ
1091 5656 1218 5708 τῶν.
1265 5656 1497 5727 Scripsit
1526 5658 1755 5728 Sylbur-

193 5727 322 5795 gius.
361 5733 419 5776 ut
443 5737 525 5779 est
551 5727 690 5794 apud
724 5727 1088 5778 Aristotelem.

236 5795 361 5866 (δέ)
403 5796 461 5848 Ἠ
486 5797 612 5864 μία.
643 5797 868 5850 Aristot.
897 5799 929 5865 ἡ
959 5796 1263 5851 τελευταία.

1849 4614 1903 4659 et
1929 4613 2109 4675 partes
2136 4608 2277 4676 ejus,
2315 4607 2447 4661 item
2473 4607 2783 4661 animantes
2812 4617 2866 4662 et
2901 4606 3136 4669 plantas,
3166 4612 3219 4658 et
3251 4604 3451 4658 harum

1857 4706 2061 4767 partes.
2103 4718 2120 4747 ι

1925 4788 2027 4855 Qui
2061 4789 2197 4842 dixit
2222 4789 2419 4842 cmlnm
2449 4804 2573 4845 esse
2604 4805 2634 4844 e
2664 4788 2904 4858 simplici
2941 4788 3178 4859 quodam
3210 4788 3452 4842 elemen-

1851 4888 1910 4934 to
1959 4897 1990 4942 a
2044 4882 2282 4935 terrenis
2331 4882 2620 4936 elementis
2671 4881 2912 4944 diverso,
2948 4896 3048 4934 nec
3102 4895 3264 4949 posse
3299 4879 3446 4933 aliud

1853 4974 1990 5037 ﬁeri,
2022 4975 2149 5042 quia
2179 4973 2322 5027 istud
2342 4973 3103 5050 universamcircumplexum
3129 4970 3447 5024 materiam:

1851 5066 2126 5136 quomodo
2156 5081 2304 5123 nunc
2343 5065 2500 5126 dicit,
2546 5067 2748 5123 cmlum
2797 5080 2865 5122 ex
2915 5065 3122 5119 eisdem
3164 5079 3287 5118 esse
3338 5063 3458 5116 ειυς

1846 5162 2074 5221 mentis,
2129 5175 2192 5216 ex
2253 5160 2458 5228 quibus
2524 5157 2826 5212 animantia
2879 5163 2935 5209 et
2993 5155 3228 5225 plantae?
3262 5154 3368 5208 Sed
3399 5152 3449 5209 si

1852 5252 1999 5305 aliud
2036 5252 2234 5306 coelum
2275 5251 2428 5312 dicit,
2459 5266 2524 5304 ex
2559 5249 2681 5302 aliis
2711 5247 2996 5301 elementis
3032 5246 3267 5300 factum:
3310 5261 3448 5315 quo-

1855 5344 2015 5398 modo
2048 5359 2154 5398 non
2183 5344 2470 5405 mentitur,
2503 5341 2631 5402 dum
2661 5338 2736 5408 ait
2766 5357 2873 5394 non
2894 5355 3055 5409 posse
3074 5338 3219 5396 aliud
3243 5339 3448 5392 caelum

1857 5451 1979 5493 esse
2018 5449 2212 5506 praeter
2266 5435 2468 5495 unum?
2500 5431 2596 5493 Sin
2644 5441 2826 5493 autem
2878 5433 3020 5490 idem
3053 5433 3256 5490 uelum
3286 5431 3444 5495 dicit,

1930 5591 2037 5660 (65)
2073 5590 2153 5646 Td
2180 5609 2240 5644 τε
2267 5589 2453 5644 ἁπλᾶ.
2474 5589 2784 5644 Secundam
2820 5589 3068 5660 vocula}:
3099 5585 3441 5660 addiditSyl-

1857 5653 2083 5729 bui'gius
2111 5678 2174 5714 ex
2205 5662 2456 5721 Aristot.,
2487 5670 2546 5714 et
2597 5661 2756 5728 paulo
2795 5666 2918 5726 post
2943 5653 3076 5729 piov
3111 5666 3235 5709 ante
3264 5653 3442 5729 τόντε

1858 5726 2184 5801 σύνολονηοι
2230 5726 2670 5801 conjunctionem
2718 5738 2843 5782 ante
2882 5727 3040 5781 πάλιν
3087 5735 3139 5780 et
3189 5726 3438 5781 voculatio

1755 5833 1762 5836 —
1856 5818 1910 5854 τε
1945 5809 2067 5861 ante
2099 5799 2232 5862 ζῶα.
