4104 6450
119 411 252 468 1575

1419 405 1690 463 wsruvt
1729 405 2174 460 FRAGMENTA.

3255 412 3395 466 ιδτι

53 568 64 576 --
110 532 172 586 τὺ
200 531 321 601 περὶ
350 528 515 582 αὑτοῦ
549 530 610 582 οὐ
643 529 917 599 φορτικόν.
955 530 1091 580 Κατ’
1123 528 1368 590 ἐξουσίαν
1402 527 1512 599 γὰρ
1541 527 1682 597 φερό

1784 519 2002 578 merito
2044 540 2145 579 nec
2189 525 2687 579 demonstrationes
2720 539 2931 587 eorum,
2963 541 3084 595 quae
3114 525 3397 591 dicuntur,

113 640 285 693 μενος,
320 623 546 685 είκὸτως
589 621 709 674 οὐδὲ
753 620 852 683 τὰς
894 609 1195 684 ἀποδείξεις
1240 620 1350 672 τῶν
1393 620 1698 689 λεγομένων

38 752 48 758 ς
105 713 450 767 ἀπαιτεῖσθαι
482 713 656 765 θέλει’
689 712 773 765 δτι
806 711 941 783 μηδέ
963 708 1110 764 ἐἰσιν
1139 711 1297 765 ἀλλαι
1326 711 1502 782 πάρεξ
1528 711 1699 780 αὐτῆς

43 848 52 855 .
104 804 204 876 τῆς
234 803 510 876 ἀληθείας,
528 804 666 874 ὅπερ
695 804 843 856 ἐστὶν
872 805 901 857 ό
928 803 1077 866 Θεός.
1101 804 1257 856 Πᾶσα
1288 803 1398 874 γὰρ
1425 801 1700 866 ἀπόδειξις

38 941 42 944 .
111 896 430 967 ἰσχυροτέρα
472 896 567 948 καὶ
608 894 904 965 πιστοτέρα
941 892 1036 946 τοῦ
1081 880 1538 965 ἀποδεικνυμένου
1567 911 1698 962 τυγ-

105 988 289 1057 χάνει·
341 989 456 1054 εῐγε
497 980 579 1038 το
609 985 874 1057 πρότερον
903 985 1317 1054 ’ἀπιστούμενον
1375 985 1541 1056 πρινὴ
1597 986 1696 1055 τὴν

104 1078 370 1141 ἀπόδειξιν
402 1077 596 1140 ἐλθεῖν,
617 1079 823 1148 ταύτης
855 1075 1231 1146 κομισθείσης,
1251 1075 1409 1146 ἔτυχε
1438 1076 1693 1139 πίστεως,

103 1169 195 1222 καὶ
225 1168 464 1221 τοιοῦτον
493 1168 688 1238 ἐφάνη,
716 1169 899 1220 ὁποῖον
939 1157 1176 1234 ἐλέγετο.
1211 1167 1324 1236 Τῆς
1351 1166 1408 1219 δὲ
1435 1156 1694 1235 ἀληθείας

106 1254 442 1331 ἰσχυρότερον
463 1261 614 1313 οὐδὲν
642 1260 762 1312 οὐδὲ
797 1259 1117 1330 πιστότερον
1136 1276 1148 1288 ·
1175 1258 1316 1310 ὥστε
1344 1258 1374 1310 6
1407 1257 1697 1329 περιιταύ-

38 1413 43 1420 η
99 1367 197 1422 της
225 1351 496 1415 ἀπόδειξιν
526 1351 693 1403 αἰτῶν
720 1351 906 1421 ὅμοιός
924 1352 1042 1402 ἐστι
1061 1349 1140 1421 τῷ
1160 1348 1230 1402 τὰ
1249 1348 1548 1419 φαινόμενα
1574 1352 1695 1412 ταῖς

38 1433 40 1436 ’
99 1441 379 1511 αἰσθήσεσι
413 1441 592 1510 λόγοις
621 1441 830 1494 Θέλοντι
859 1441 1300 1502 ἀποδείκνυσθαι,
1332 1440 1465 1492 διότι
1508 1441 1694 1508 φαίνε-

96 1549 205 1584 ται.
238 1532 356 1584 Τῶν
384 1532 497 1603 γὰρ
525 1533 615 1585 διὰ
640 1532 734 1586 τοῦ
768 1533 928 1600 λόγου
959 1532 1391 1603 λαμὸανομένων
1415 1529 1528 1602 (81)
1571 1549 1693 1602 κρι-

94 1623 282 1694 τήριόν
315 1625 466 1677 ἐστιν
496 1626 528 1694 ὴ
559 1624 837 1696 αἴσθησις·
873 1625 1044 1694 αὐτῆς
1064 1625 1419 1695 δὲκριτήριον
1446 1624 1547 1675 οὑκ
1575 1622 1690 1676 ἐστι

95 1715 235 1786 πλὴν
263 1716 676 1788 αύτῆς.”Ωσπερ
707 1711 799 1769 οὖν
829 1716 898 1769 τά
926 1716 1013 1770 διὰ
1052 1716 1148 1769 τοῦ
1181 1716 1340 1784 λόγου
1371 1714 1687 1786 θηρώμενα,

92 1806 397 1874 ἀπάγοντες
427 1809 520 1860 ἐπὶ
564 1809 664 1880 τὴν
695 1808 973 1879 αἴσθησιν,
1003 1808 1177 1880 ταύτῃ
1221 1791 1481 1878 κρίνομεν
1527 1807 1690 1859 ὁποῖά

93 1916 224 1952 ποτε
264 1899 393 1952 ὅντα
441 1902 718 1971 τυγχάνει,
754 1903 863 1954 εἴτε
909 1904 1005 1953 καὶ
1034 1897 1208 1971 ἀληθὴ
1239 1901 1349 1953 εῐτε
1394 1899 1686 1970 καὶψευδῆ

91 1989 162 2040 τὰ
188 1989 474 2060 λεγόμενα,
507 1993 607 2045 οὐκ
638 1991 718 2044 ἔτι
755 1992 1102 2063 δὲικρίνομεν
1133 1992 1477 2055 πιστεύοντες
1509 1993 1680 2064 αὐτῇ·

87 2078 231 2132 οὕτω
249 2081 486 2143 καὶτοὺς
505 2083 880 2153 ἀνθρωπίνους
917 2085 1011 2136 καὶ
1032 2085 1332 2155 κοσμικοὺς
1363 2083 1475 2155 (8‘2)
1496 2084 1686 2153 λόγους

88 2172 486 2243 ἀναπέμπομεν
520 2174 613 2226 ἐπὶ
642 2175 741 2244 τὴν
771 2174 1051 2244 ἀλήθειαν,
1075 2175 1171 2228 καὶ
1200 2175 1372 2245 ταύτῃ
1402 2176 1685 2246 κρίνομεν,

87 2264 200 2316 εἴτε
230 2264 422 2332 φαῦλοι
457 2265 568 2318 εἴτε
603 2266 697 2318 καὶ¹
747 2266 820 2338 μὴ
869 2267 1227 2337 τυγχάνουσιν
1255 2267 1426 2330 ὄντες.
1459 2268 1600 2330 Τοὺς
1628 2267 1685 2320 δὲ

86 2355 187 2424 τῆς
219 2355 472 2425 ἀληθείας
501 2357 676 2410 οὐδενὶ
709 2359 965 2429 κρίνομεν
995 2358 1190 2430 ἑτέρῳ,
1214 2358 1560 2421 πιστεύοντες
1588 2359 1687 2411 αὺ-

85 2447 173 2514 τῇ.
198 2447 350 2498 Ἐστι
396 2447 450 2498 δὲ
499 2447 725 2517 ἀλήθεια
756 2451 786 2501 6
815 2449 948 2518 Θεὸς
977 2451 1005 2501 6
1037 2450 1231 2519 Πατὴρ
1272 2449 1381 2501 τῶν
1423 2449 1584 2510 ὃλων;
1626 2450 1683 2512 ὅς

84 2539 204 2589 ἐστι
247 2538 370 2601 νοῦς
412 2540 615 2602 τέλειος
641 2541 772 2611 (85).
808 2533 882 2594 Ob
918 2543 1212 2612 γενόμενος
1248 2542 1377 2604 Υἱὸς
1420 2544 1449 2594 6
1487 2541 1679 2609 Λόγος,

81 2625 246 2698 ἦλθεν
288 2633 366 2694 είς
401 2633 568 2700 ἡμᾶς,
604 2633 783 2702 σάρκα
819 2633 1079 2703 φορέσας,
1120 2632 1311 2684 ἑαυτόν
1340 2632 1414 2700 ζτε
1452 2633 1546 2684 καὶ
1589 2632 1680 2684 τὸν

85 2721 305 2791 Πατέρα
330 2722 762 2792 μηνύων,διδοὺς
793 2727 927 2794 ἡμῖν
958 2726 1018 2777 ὲν
1047 2722 1224 2793 ἑαυτῷ
1252 2724 1352 2794 τὴν
1381 2725 1445 2776 ὲκ
1473 2724 1680 2796 νεκρῶν

81 2812 400 2875 ἀνάστασιν,
435 2815 529 2866 καὶ
565 2815 663 2885 τὴν
715 2814 853 2884 μετά
881 2801 1058 2867 ταῦτα
1087 2814 1233 2882 ζωὴν
1263 2814 1501 2866 αἰώνιον.
1525 2816 1680 2866 Ἔστι

79 2904 139 2955 δὲ
170 2899 328 2968 οὗτος
367 2905 576 2976 Ἰησοῦς
608 2907 841 2977 Χριστὸς
874 2908 902 2958 6
934 2906 1127 2976 Σωτὴρ
1156 2904 1316 2975 ἡμῶν
1346 2906 1440 2976 καὶ
1476 2907 1679 2957 Δεσπόο

79 3013 200 3066 της.
225 2991 392 3060 Οὗτος
422 2999 603 3051 τοίνυν
635 2999 798 3061 αὑτός
828 3000 978 3050 ἐστιν
1001 2997 1195 3050 ἑαυτοῦ
1216 3014 1275 3049 τε
1303 2999 1397 3051 καὶ
1416 2997 1524 3049 τῶν
1543 2998 1679 3050 ὅλων

78 3087 339 3141 ἁπάντων
367 3090 552 3152 πίστις
579 3107 638 3141 τε
671 3090 766 3142 καὶ
796 3088 1071 3154 ἀπόδειξις
1103 3087 1235 3159 (84).
1263 3089 1460 3159 Διόπερ
1487 3089 1537 3140 οἱ
1565 3089 1682 3141 τού-

77 3197 158 3248 τῳ
189 3179 734 3244 κατακολουθοῦντες,
767 3183 987 3249 γνόντες
1029 3181 1214 3243 αὑτὸν,
1249 3180 1347 3250 τὴν
1390 3182 1471 3242 είς
1512 3179 1676 3232 αὑτὸν
1704 3215 1744 3272 C

87 3273 267 3324 πίστιν
297 3274 370 3335 ὡς
396 3272 666 3336 ἀπόδειξιν
699 3273 934 3343 ἔχοντες,
964 3271 1371 3325 ἀναπαύσονται
1415 3271 1472 3323 ὲν
1501 3270 1670 3339 αὐτῷ.

91 3361 309 3434 Ἐπειδὴ
337 3362 394 3415 δὲ
425 3363 653 3427 πολλοὺς
681 3366 708 3415 6
737 3364 1109 3433 ἀντικείμενος
1137 3361 1388 3431 πολεμῶν
1416 3362 1478 3414 οὐ
1511 3361 1679 3413 παύε-

86 3469 193 3518 ται,
222 3453 444 3518 πολλαῖς
473 3455 528 3507 δὲ
557 3456 652 3507 καὶ
683 3455 956 3517 ποικίλαις
1127 3452 1367 3524 μεθόδοις
1395 3452 1530 3523 πρὸς
1560 3453 1679 3504 ἐπι-

76 3545 278 3617 ϐουλὴν
321 3547 542 3618 χρῆται,
589 3548 727 3618 πρὸς
782 3547 879 3617 μὲν
919 3547 1046 3608 τοὺς
1094 3546 1548 3608 πεπιστευκότας,
1590 3545 1678 3598 ἵνα

71 3637 305 3701 τούτους
333 3639 431 3709 τῆς
462 3639 698 3700 πίστεως
727 3637 1013 3707 ἀπαγάγῃ,
1032 3637 1170 3707 πρὸς
1197 3637 1252 3689 δὲ
1267 3636 1393 3700 τοὺς
1413 3636 1676 3698 ἀπίστους

75 3729 185 3792 ἔτι,
221 3729 306 3782 ἵνα
338 3731 412 3802 μὴ
444 3723 810 3782 πιστεύσωσιν
833 3747 844 3758 ·
879 3731 1176 3797 ἀναγκαῖον
1206 3724 1348 3781 εἶναί
1393 3745 1481 3797 μοι
1506 3727 1672 3790 δοκεῖ,

73 3823 174 3874 καὶ
205 3823 371 3892 ἡμᾶς,
406 3823 889 3892 καθωπλισμένους
929 3825 1041 3884 τοῖς
1083 3821 1182 3891 τῆς
1225 3820 1462 3883 πίστεως
1497 3818 1676 3887 λόγοις

73 3914 344 3985 ἀτρώτοις
395 3911 568 3980 οὖσιν,
603 3915 983 3985 ἀντιπολεμεῖν
1022 3913 1172 3983 αὐτῷ
1213 3912 1302 3965 διὰ
1349 3911 1477 3975 τοὺς
1509 3910 1673 3965 ἀσθε-

73 4006 209 4067 γεῖς.

152 4095 390 4151 "ﬂuctv
406 4101 454 4152 οί
473 4099 540 4153 τὰ
559 4099 780 4171 χείρονα
794 4098 1067 4167 λέγοντες,
1085 4097 1185 4150 οὐκ
1198 4093 1335 4148 εἶναι
1357 4096 1458 4167 τῆς
1473 4096 1675 4168 σαρκὸς

73 4187 376 4242 ἀνάστασιν
395 4206 408 4219 ·
440 4190 702 4244 ἀδύνατον
744 4189 854 4260 γὰρ
889 4184 1027 4241 εἶναι
1062 4188 1160 4258 τὴν
1189 4185 1548 4256 φθειρομένην
1579 4187 1674 4238 καὶ

71 4280 455 4354 διαλυομένην,
492 4282 698 4352 ταύτην
749 4279 1080 4349 συναχθῆναι
1125 4279 1204 4340 είς
1241 4277 1301 4329 τὸ
1347 4276 1496 4328 αὑτό.
1529 4276 1673 4346 Πρὸς

71 4372 187 4443 γὰρ
217 4373 278 4425 τὸ
304 4374 563 4427 ἀδύνατον
595 4374 688 4426 καὶ
719 4371 1034 4443 ἀσύμφορόν
1077 4387 1239 4439 φασιν
1284 4368 1548 4440 ὑπάρχειν
1575 4368 1672 4438 τὴν

70 4464 284 4536 ταύτης
319 4467 614 4537 σωτηρίαν,
645 4465 739 4517 καὶ
764 4464 1080 4527 κακίζουσιν
1116 4461 1308 4531 αὐτὴν,
1341 4459 1410 4512 τὰ
1439 4459 1672 4511 ἐλαττώ-

1793 618 2027 685 ἐχροεοὶ
2058 618 2193 680 vult,
2228 632 2354 670 cum
2384 632 2564 686 neque
2614 619 2733 671 alia
2763 618 3056 672 sintextra
3085 616 3394 685 veritatem,

1803 723 1924 778 quae
1957 708 2099 764 Deus
2132 717 2237 764 est.
2267 709 2459 767 Omnis
2490 709 2635 763 enim
2666 710 3060 764 demonstratio
3094 710 3288 766 fortior
3315 717 3397 765 est

1801 808 1857 855 et
1889 797 1991 854 fide
2019 799 2241 869 dignior
2274 815 2340 853 eo
2371 799 2517 868 quod
2549 800 2960 865 demonstratur
2992 819 3004 854 :
3037 801 3308 871 siquidem
3342 802 3394 857 id

1801 891 1949 960 quod
1982 905 2091 944 non
2114 891 2461 955 credebatur,
2489 897 2780 960 antequam
2813 891 3024 946 subiret
3051 893 3398 950 demonstra-

1801 981 1900 1045 tio,
1935 997 1998 1036 ea
2027 981 2139 1050 jam
2175 982 2438 1051 producta
2470 982 2629 1036 tidem
2659 985 2975 1052 assequitur
3006 992 3060 1039 et
3092 985 3197 1039 tale
3227 1000 3395 1055 appa-

1800 1082 1906 1138 ret,
1940 1075 2103 1143 quale
2131 1073 2436 1128 dicebatur.
2469 1075 2538 1128 At
2579 1076 2804 1130 veritate
2835 1078 2970 1131 nihil
3004 1077 3219 1143 fortius,
3251 1079 3391 1132 nihil

1801 1155 1905 1217 fide
1945 1163 2168 1232 dignius
2199 1183 2213 1214 :
2250 1163 2389 1218 adeo
2425 1173 2484 1217 ut
2513 1165 2558 1218 si
2590 1167 2714 1234 quis
2748 1166 2813 1229 de
2842 1168 2931 1220 illa
2963 1167 3392 1223 demonstratio-

1799 1272 1922 1311 nem
1959 1265 2243 1326 exposcat,
2276 1257 2473 1311 similis
2515 1258 2586 1311 sit
2615 1259 2938 1327 postulanti,
2970 1267 3031 1311 ut
3059 1275 3182 1328 quae
3211 1263 3391 1316 sensi-

1797 1353 1904 1406 bus
1931 1362 2216 1422 apparent,
2249 1367 2311 1406 ea
2343 1353 2651 1406 rationibus
2673 1353 3079 1417 demonstretur
3101 1368 3385 1423 apparere.

1796 1442 1932 1497 Nam
1975 1426 2205 1507 eorum,
2251 1460 2373 1513 qua:
2429 1445 2643 1500 ratione
2699 1445 3210 1513 apprehenduntur,
3237 1446 3388 1515 judi—

1796 1537 1943 1593 cium
1963 1540 2132 1607 penes
2153 1553 2376 1592 sensum
2393 1547 2481 1594 est
2501 1561 2512 1594 :
2541 1539 2717 1608 ipsius
2739 1549 2918 1594 autem
2950 1556 3168 1602 sensus,
3189 1552 3387 1608 praeter

1796 1629 2000 1698 ipsum,
2020 1629 2168 1683 aliud
2188 1640 2424 1685 nonest.
2457 1629 2928 1696 Quemadmodum
2962 1632 3128 1702 igitur
3156 1648 3242 1697 ea,
3264 1650 3386 1703 quae

1793 1722 2178 1800 ratiocinando
2215 1724 2644 1787 venatisumus,
2682 1723 2748 1778 ad
2779 1740 2999 1779 sensum
3025 1725 3383 1791 adducentes,

1793 1825 1858 1865 ex
1891 1812 2008 1881 ipso
2043 1829 2209 1869 sensu
2254 1815 2568 1883 judicamus
2612 1817 2793 1885 qualia
2841 1817 3060 1870 tandem
3109 1817 3199 1870 illa
3249 1818 3381 1880 sint,

1793 1916 1973 1961 utrum
2003 1922 2137 1962 "vera
2167 1923 2234 1962 an
2267 1909 2403 1962 falsa
2428 1910 2538 1963 sint
2568 1925 2629 1962 ea
2660 1923 2785 1978 quae
2811 1907 3090 1970 dicuntur,
3120 1919 3220 1962 nec
3253 1925 3384 1963 vero

1791 2001 1934 2054 ultra
1979 2000 2317 2070 judicamus,
2369 2001 2464 2055 sed
2518 2001 2676 2054 fidem
2728 2001 2916 2055 sensui
2968 2001 3232 2058 habemus
3265 2020 3278 2055 :
3309 2002 3383 2055 ita

1791 2093 2062 2148 humanos
2107 2093 2526 2164 mundanosque
2561 2108 2841 2149 sermones
2874 2095 2941 2148 ad
2976 2095 3258 2148 veritatem
3297 2110 3371 2149 re-

1789 2185 2080 2247 mittimus,
2114 2200 2212 2255 per
2259 2200 2424 2255 quam
2469 2187 2671 2239 malinc
2709 2188 2837 2252 sint,
2871 2201 3074 2249 annon,
3111 2187 3382 2240 discerni-

1787 2294 1931 2332 mus.
1969 2278 2038 2331 At
2068 2293 2197 2332 vero
2230 2292 2515 2334 sermones
2545 2280 2792 2333 veritatis
2831 2279 2978 2332 nulla
3010 2295 3067 2333 re
3099 2279 3203 2332 alia
3232 2279 3379 2348 judi-

1786 2383 2000 2433 camus,
2035 2371 2130 2424 sed
2182 2371 2231 2424 ei
2281 2369 2439 2424 fidem
2491 2371 2775 2425 habemus.
2813 2367 2912 2424 Est
2949 2378 3130 2424 autem
3177 2371 3378 2427 veritas

1786 2459 1931 2515 Deus
1983 2462 2368 2516 universorum
2419 2461 2599 2526 Pater,
2632 2463 2726 2531 qui
2769 2471 2853 2517 est
2903 2477 3059 2517 mens
3114 2463 3375 2532 perfecta.

1784 2549 1958 2620 Cujus
1988 2550 2180 2616 Filius,
2212 2569 2336 2607 cum
2384 2561 2527 2608 esset
2567 2553 2827 2616 Verbum,
2857 2555 2925 2608 ad
2961 2569 3060 2610 nos
3090 2547 3377 2608 descendit

1785 2657 2006 2696 carnem
2035 2652 2278 2714 gestans,
2312 2657 2480 2714 seque
2514 2631 2775 2714 ipsumet
2806 2645 3023 2699 Patrem
3055 2646 3372 2708 ostendens,

1784 2735 2032 2805 dansque
2065 2739 2222 2794 nobis
2257 2739 2313 2790 in
2346 2738 2526 2806 seipso
2559 2739 3016 2792 resurrectionem
3047 2752 3110 2790 ex
3144 2737 3378 2791 mortuis

1782 2838 1836 2881 et
1887 2829 2119 2897 posthac
2164 2830 2333 2882 vitam
2383 2841 2666 2892 aeternam.
2702 2829 2800 2883 llic
2848 2842 3028 2883 autem
3086 2836 3168 2883 est
3211 2827 3377 2884 Jesus

1783 2919 2060 2984 Christus,
2111 2919 2364 2974 Salvator
2407 2929 2598 2975 noster
2624 2929 2677 2975 et
2706 2920 2970 2974 Dominus
3005 2940 3016 2973 :
3049 2936 3111 2972 ac
3145 2921 3373 2989 proinde

1782 3010 1923 3063 idem
1953 3021 2005 3064 et
2036 3012 2118 3066 sui
2155 3012 2328 3080 ipsius
2349 3024 2409 3066 et
2436 3020 2759 3088 cunctorum
2793 3013 2926 3067 fides
2950 3021 3032 3068 est
3060 3022 3113 3067 et
3144 3015 3372 3066 demon-

1783 3103 1997 3156 stratio.
2049 3102 2318 3168 Quocirca
2379 3105 2473 3172 qui
2533 3105 2682 3156 illum
2745 3113 3052 3172 sequuntur
3102 3106 3370 3182 acqillum

1781 3200 2142 3259 cognoscunt,
2181 3192 2335 3245 ﬁdem
2368 3194 2421 3246 in
2456 3209 2603 3256 eum,
2634 3201 2893 3263 tanquam
2947 3196 3370 3250 demonstratio-

1781 3297 1928 3344 tucm,
1966 3283 2228 3338 habentes
2275 3285 2328 3337 in
2377 3285 2495 3353 ipso
2525 3287 2904 3355 acquiescunt.
2951 3287 3087 3352 Quia
3120 3304 3246 3341 vero
3275 3291 3369 3343 ad-

1781 3375 2060 3428 versarius
2111 3377 2312 3430 multos
2359 3392 2675 3446 oppugnare
2709 3394 2815 3432 non
2851 3380 3074 3442 desinit,
3106 3395 3167 3433 ac
3200 3382 3372 3449 pluri-
3453 3370 3455 3372 ’

1780 3467 1883 3521 bus
1909 3469 2187 3538 variisque
2217 3468 2432 3538 artibus
2464 3471 2528 3522 ad
2566 3470 2796 3525 insidias
2836 3472 3030 3536 utitur,
3068 3479 3259 3526 contra
3305 3473 3368 3526 ti-

1779 3559 1930 3614 deles
1961 3561 2180 3629 quidem
2215 3568 2271 3613 ut
2303 3576 2398 3614 eos
2430 3576 2458 3613 a
2491 3561 2594 3615 lide
2616 3561 2872 3626 abducat,
2899 3573 3090 3616 contra
3123 3565 3369 3619 infideles

1779 3657 1984 3716 autem,
2017 3661 2077 3706 ut
2123 3668 2230 3706 non
2268 3652 2523 3719 credant;
2559 3655 2931 3708 necessarium
2966 3656 3098 3709 mihi
3127 3657 3366 3718 videtur,

1777 3749 1838 3795 ut
1865 3750 1918 3796 et
1949 3758 2051 3796 nos
2081 3743 2302 3797 invictis
2338 3743 2460 3799 fidei
2488 3745 2836 3800 sermonibus
2877 3747 3168 3811 obarmati,
3201 3748 3365 3803 vicis—

1778 3834 1880 3888 sim
1918 3834 2018 3898 illi,
2051 3833 2395 3888 infirmorum
2428 3849 2619 3900 causa,
2651 3835 2852 3889 bellum
2885 3836 3206 3891 inferamus.

1845 4095 1910 4151 11.
1951 4095 2120 4149 Aiunt
2149 4096 2241 4166 qui
2275 4095 2548 4151 deteriora
2581 4095 2927 4164 profitentur,
2960 4113 3067 4151 non
3089 4112 3211 4152 esse
3243 4113 3362 4151 cara

1775 4188 1864 4241 nis
1895 4187 2376 4242 resurrectionem.
2413 4183 2754 4254 lmpossibile
2787 4186 2932 4239 enim
2966 4202 3110 4249 esse,
3149 4195 3208 4240 ut
3240 4203 3364 4256 qua:

1775 4285 2035 4347 corrupta
2054 4277 2434 4332 etminutatim
2466 4275 2736 4331 dissoluta
2765 4288 2870 4342 est,
2900 4293 2963 4331 ea
2987 4279 3040 4332 in
3066 4280 3360 4349 pristinum

1775 4378 1976 4426 Statum
2007 4369 2350 4424 restituatur.
2377 4369 2564 4440 Neque
2593 4372 2735 4426 enim
2764 4372 3156 4441 impossibilem
3183 4375 3356 4428 solum

1775 4462 1869 4516 sed
1901 4471 1955 4516 et
1985 4462 2234 4516 inutilem
2264 4476 2386 4518 esse
2415 4464 2604 4518 dicunt
2633 4463 2752 4532 ejus
2783 4465 3039 4530 salutem,
3069 4480 3332 4522 accusant

75 4575 229 4627 ματα
260 4545 777 4629 προφέροντεςξκαὶ
800 4555 970 4625 αὐτὴν
1004 4554 1171 4624 μόνην
1198 4551 1308 4604 τῶν
1339 4542 1672 4621 ἁμαρτημά-

1784 4567 1882 4622 que
1913 4553 2084 4615 illam,
2116 4559 2170 4607 et
2213 4553 2334 4623 ejus
2380 4555 2511 4608 vitia
2561 4554 2865 4624 proferunt,
2899 4562 2952 4608 et
2981 4557 3151 4608 solam
3185 4556 3356 4625 ipsam

69 4666 186 4700 των
216 4650 398 4702 αἰτίαν
431 4649 847 4716 ἀποφαίνονται,
866 4646 1028 4708 ὥστε,
1050 4646 1096 4697 εί
1129 4642 1332 4714 μέλλει,
1355 4642 1507 4710 φασὶ,
1534 4638 1668 4710 σὰρξ

69 4737 422 4801 ἀνίστασθαι,
442 4738 534 4789 καὶ
562 4737 632 4790 τά
659 4735 1018 4805 ἐλαττώματα
1047 4732 1526 4801 συναναστήσεται.
1560 4728 1668 4780 Καὶ

151 4917 266 4987 (8i)
314 4918 436 4990 Τῶν
483 4917 594 4990 γὰρ
643 4917 741 4990 διὰ
792 4916 918 4990 τοῦ
951 4917 1138 4984 λόγου
1183 4913 1664 4990 λαμϐᾳνομενωτ.

75 4980 365 5057 Ejusmodi
417 4980 663 5043 rationes
691 4988 968 5055 intelligit,
1001 4980 1122 5057 qua:
1155 4992 1211 5037 ut
1241 4980 1404 5052 paulo
1429 4990 1558 5034 ante
1585 4980 1670 5033 di-

71 5055 261 5121 cebat,
289 5074 356 5131 eo
385 5065 659 5126 spectant,
693 5067 888 5131 utAquw
909 5055 1455 5131 sensibutAapparent,
1479 5068 1542 5131 ea
1573 5065 1670 5129 ap-

69 5142 264 5194 parere
303 5123 713 5182 demonstretur.
746 5123 880 5191 Qua:
909 5125 1181 5194 ejusmodi
1230 5123 1670 5175 ratiocinationi-

72 5200 184 5251 bus
207 5213 502 5268 venamur,
535 5213 600 5252 ea
639 5197 839 5268 merito
891 5197 958 5268 ad
1010 5197 1189 5268 ipsum
1216 5208 1461 5268 _sen_sum
1512 5205 1670 5268 reyof

71 5266 258 5320 cauda
286 5275 340 5320 et
365 5284 430 5321 ex
465 5259 584 5336 ipso
612 5266 988 5336 dijudicanda.
1020 5259 1374 5318 Emendanda
1404 5276 1536 5330 ergo
1568 5259 1669 5313 fuit

73 5337 195 5390 ba-c
231 5336 372 5390 Billii
407 5339 787 5403 interpretatio
818 5355 832 5390 :
870 5336 1091 5396 Eorum,
1116 5349 1234 5403 qua
1274 5349 1367 5402 per
1407 5345 1671 5403 rumorem

72 5407 438 5473 accipiuntur,
464 5399 730 5475 judicium
763 5423 916 5475 penes
948 5399 1159 5459 sensum
1193 5399 1306 5466 est;
1337 5411 1400 5475 et
1417 5416 1570 5475 mox,
1603 5399 1674 5452 τά

69 5475 165 5528 διὰ
193 5472 291 5530 τοῦ
325 5472 482 5546 λόγου
510 5472 824 5549 θηρώμενα,
858 5493 940 5530 res
968 5491 1060 5543 per
1086 5490 1354 5528 rumorem
1385 5472 1670 5539 btrestiga-

72 5557 183 5600 ιαε.

175 5619 270 5688 82)
309 5618 668 5686 Κοσμικούς.
698 5615 935 5688 _Teller.,
969 5615 1230 5688 vulgares.
1257 5611 1435 5668 Οττο.

174 5685 269 5754 85)
313 5688 439 5742 Haec
469 5694 658 5741 contra
685 5685 979 5741 Gnosticos
1011 5685 1220 5754 prolata
1253 5691 1673 5754 sunt,qulgnon

74 5751 294 5812 tantum
317 5759 461 5810 Νοῦν
485 5759 890 5827 distinguebant
911 5757 980 5809 ab
1007 5751 1074 5827 _eo
1101 5770 1262 5824 quem
1282 5753 1496 5827 Πατέρα
1523 5751 1672 5805 dice-

76 5832 234 5885 bant.
271 5845 458 5884 verum
511 5822 683 5884 ctiani
716 5828 937 5892 Πατέρα
985 5822 1256 5880 docebant
1298 5822 1499 5875 τέλειον
1527 5838 1668 5890 esse,

1773 4643 2298 4711 peccatorum’esse
2351 4660 2573 4700 causam
2621 4647 3006 4716 pronuntiant,
3056 4647 3128 4700 ita
3179 4655 3256 4714 ut,
3310 4650 3356 4703 si

1771 4751 1901 4790 caro
1936 4745 2207 4807 resurgat,
2241 4737 2518 4807 inquiunt,
2545 4738 2719 4807 ipsius
2750 4753 2969 4808 quoque
2999 4739 3129 4792 vitia
3166 4755 3357 4795 resur-

1773 4931 1884 4968 non
1922 4916 2049 4969 item
2069 4913 2229 4968 Νοῦν.
2254 4913 2410 4969 Οττο

1843 4986 1956 5056 (84)
1997 4982 2237 5049 οὗτος...
2284 4983 2610 5049 ἀπόδειξις.
2652 4982 2733 5056 Ad
2785 4985 3070 5054 superiora
3115 4984 3350 5049 alludit;

1771 5054 1986 5111 dixerat
2033 5059 2313 5109 veritatem
2366 5071 2425 5110 se
2474 5056 2644 5124 ipsam
2701 5055 3112 5121 demonstrare,
3164 5056 3354 5125 sicque

1771 5142 1918 5180 nunc
1949 5125 2135 5191 Jesum
2167 5125 2444 5180 Christum
2491 5140 2616 5178 eum
2667 5126 2923 5194 appellat,
2957 5126 3051 5194 qui
3081 5141 3140 5180 se
3171 5126 3348 5194 ipsum

1770 5197 2113 5251 demonstret
2144 5201 2267 5249 eum
2295 5210 2439 5258 esse,
2470 5195 2687 5263 qualem
2717 5211 2775 5250 se
2806 5195 2954 5248 credi
2984 5196 3119 5260 vult,
3152 5199 3352 5264 agendo

1770 5266 2052 5330 nimirum,
2081 5265 2348 5334 patiendo,
2383 5265 2721 5334 resurgendo,
2752 5281 2892 5334 quaa,
2925 5280 3048 5318 cum
3100 5266 3156 5318 in
3209 5264 3355 5319 facto

1772 5337 1951 5405 posita
1981 5344 2035 5390 ct
2068 5336 2512 5392 testimoniorum
2544 5336 2876 5390 ﬁdelirmata
2908 5337 3040 5399 sint,
3073 5351 3355 5405 nemoque-

1771 5403 1900 5474 gare
1937 5408 2110 5476 possit
2140 5408 2384 5477 adeoque
2411 5408 2648 5476 quisque
2678 5407 2902 5460 credere
2933 5413 3178 5474 cogatur.
3211 5403 3252 5457 Τ
3258 5421 3352 5457 ει.-

1771 5491 1961 5530 ιεκυε.

1842 5546 1956 5615 (85)
1994 5546 2105 5600 Καὶ
2133 5547 2448 5611 ποικίλαις.
2492 5546 2659 5605 Grab,
2683 5546 2906 5610 πολλαῖς
2933 5565 2991 5599 τε
3016 5548 3245 5608 πυκναῖς
3269 5564 3348 5600 τε.

1772 5615 2167 5671 Ed‘it.S.Joan.
2198 5616 2445 5672 Damasc.
2473 5617 2694 5679 πολλαῖς
2724 5617 2779 5669 δὲ
2812 5621 2905 5670 καὶ
2938 5635 3007 5670 πυ
3079 5621 3182 5679 αῖς.
3216 5615 3353 5671 Lon-

1770 5703 1838 5758 ge
1866 5688 2060 5742 melior
2089 5688 2454 5756 antiquissimi
2490 5687 2811 5740 Coisliniani
2860 5688 3155 5758 scriptura,
3189 5702 3350 5756 quem

1773 5757 1842 5811 ad
1874 5758 2039 5814 huius
2067 5758 2318 5827 opusculi
2350 5758 2788 5813 emendationem
2822 5757 3065 5812 adhibui.
