4104 6444
663 460 687 515 i
698 457 803 518 579

1897 449 2259 508 APPENDIX.
2289 482 2356 491 —
2396 449 2575 505 PARS
2613 450 2678 505 ll.

3779 457 3804 510 1
3817 458 3924 512 530

660 587 919 646 tanquam
950 574 1059 631 Deo
1086 588 1205 630 eam
1238 572 1504 630 suscitare
1537 588 1645 628 non
1680 572 1997 635 conveniat,
2045 579 2233 640 utpote

2334 568 2389 621 δὲ
2418 567 2493 630 ὼς
2526 568 2599 639 μὴ
2629 568 2901 639 προσῆκον
2927 569 3004 639 τῷ
3033 566 3150 641 θεῷ
3184 568 3491 623 ἀνιστάνειν
3521 570 3695 640 αὐτὴν
3740 571 3838 624 διὰ
3868 570 3930 623 τὸ

658 668 823 719 vilem
868 672 921 719 et
954 664 1379 735 despicabilem;
1412 664 1503 717 alii
1539 663 1794 733 denique,
1829 660 1975 733 quod
2008 661 2084 713 illi
2120 660 2234 730 pri-

659 758 827 811 mitus
868 772 975 809 non
1017 758 1088 810 sit
1140 756 1410 825 promissa
1451 756 1801 810 resurreCLio.
1836 752 2081 806 Primum
2116 751 2237 821 qui-

660 850 780 903 dem
833 850 1098 905 adversus
1131 866 1245 913 eos,
1277 852 1366 919 qui
1422 849 1815 920 impossibilem
1863 844 1973 902 Deo
2005 861 2128 901 esse
2158 845 2236 899 di-

659 950 788 995 cunt
820 943 1005 997 carnis
1034 943 1510 1006 resurrectionem,
1543 942 1675 996 mihi
1702 942 1917 997 videtur
1940 940 2233 996 ostenden-

657 1035 787 1088 dum
820 1050 913 1088 eos
945 1035 1215 1103 ignorare,
1250 1050 1309 1089 se
1338 1034 1506 1089 verbo
1536 1035 1755 1104 quidem
1802 1034 1991 1089 ﬁdeles
2022 1049 2081 1088 se
2111 1049 2233 1088 esse

658 1126 931 1194 proliteri,
976 1126 1070 1179 sed
1119 1124 1276 1180 factis
1324 1124 1706 1180 demonstrare
1740 1124 1985 1180 inﬁdeles
2027 1139 2085 1179 se
2110 1138 2233 1179 esse

658 1224 711 1270 et
751 1215 1061 1270 inﬁdelibus
1108 1194 1619 1270 inﬁdeliores.'Nam
1651 1229 1778 1268 cum
1824 1221 2013 1285 gentes
2042 1228 2233 1267 omnes

658 1308 971 1363 simulacris
1019 1307 1246 1361 credant
1292 1315 1345 1361 et
1387 1322 1711 1377 persuasum
1762 1306 1997 1362 habeant
2045 1306 2230 1359 omnia

657 1396 766 1450 illis
800 1410 921 1449 esse
980 1394 1285 1465 possibilia,
1342 1394 1805 1463 quemadmodum
1859 1404 1912 1450 et
1964 1394 2232 1450 Homerus

655 1500 844 1539 eorum
891 1494 1049 1555 poeta
1081 1483 1323 1541 dixit":
1358 1482 1450 1537 Dii
1485 1486 1666 1538 omnia
1710 1494 1952 1554 possunt,
1984 1495 2034 1538 et
2074 1483 2233 1553 facile

658 1576 889 1645 (addidit
917 1592 1106 1633 vocem
1157 1579 1307 1650 ῥεῖα,
1338 1576 1485 1649 quod
1527 1584 1612 1632 est
1654 1576 1828 1644 facile,
1864 1582 1923 1630 ut
1953 1575 2232 1647 magnitu-

654 1668 837 1723 dinem
867 1670 1119 1739 potentiae
1159 1667 1385 1723 deorum
1419 1666 1773 1738 declararet),
1802 1666 1960 1721 multi
1997 1666 2107 1722 illis
2145 1666 2234 1721 in-

656 1761 928 1816 ﬁdeliorcs
957 1768 1238 1831 apparent.
1267 1760 1323 1814 Si
1348 1760 1494 1815 enim
1526 1766 1716 1829 gentes
1744 1759 1929 1822 idolis,
1951 1758 2060 1814 diis
2092 1758 2228 1824 suis,

655 1856 746 1924 qui
778 1872 930 1908 aures
964 1852 1149 1907 habent
1184 1861 1233 1905 et
1278 1868 1381 1905 non
1425 1851 1682 1916 audiunt,
1723 1851 1903 1906 oculos
1949 1850 2138 1906 habent
2179 1862 2230 1907 et

654 1965 757 2001 non
787 1946 957 2001 vident
982 1949 1047 2009 ’⁷,
1078 1946 1261 1999 omnia
1304 1960 1399 2000 eos
1452 1960 1616 2015 posse
1655 1945 1917 2009 credunt,
1962 1960 2087 1998 cum
2120 1946 2225 2015 ipsi

653 2039 763 2092 sint
786 2036 1073 2101 daemonia,
1101 2036 1244 2090 sicut
1274 2035 1517 2105 loquitur
1546 2033 1851 2105 Scriptura,
1880 2034 1972 2087 Dii
1998 2036 2227 2105 gentium

652 2127 1020 2193 daemonia";
1047 2126 1219 2180 multo
1262 2125 1435 2195 magis
1482 2140 1605 2189 nos,
1636 2126 1729 2195 qui
1772 2133 1979 2180 rectam
2010 2134 2064 2181 et
2112 2128 2229 2181 exi-

652 2220 818 2272 miam
850 2228 902 2271 et
930 2233 1111 2273 veram
1145 2216 1305 2270 tidem
1336 2223 1607 2281 tenemus,
1638 2213 1749 2270 Deo
1788 2223 1978 2271 nostro
2005 2216 2229 2272 credere

650 2307 934 2371 debemus,
960 2322 1081 2362 cum
1106 2315 1161 2362 et
1190 2313 1512 2378 argumenta
1539 2306 1869 2374 habeamus;
1902 2321 1965 2361 ac
1992 2308 2227 2377 primum

651 2399 871 2469 quidem
920 2396 1240 2466 protoplasti
1284 2396 1723 2467 generationem,
1764 2395 1913 2466 quod
1944 2412 1974 2450 e
2019 2404 2169 2451 terra
2197 2409 2229 2449 a

650 2486 765 2545 Deo
808 2490 1025 2555 factus;
1077 2498 1163 2544 est
1201 2488 1345 2543 enim
1391 2486 1538 2542 istud
1578 2487 1789 2541 clarum
1836 2484 1930 2542 Dei
1975 2488 2229 2558 potentiae

652 2587 1052 2651 argumentum.
1080 2578 1282 2634 Deinde
1305 2593 1433 2634 vero
1452 2593 1595 2644 eam,
1621 2594 1743 2650 qua:
1771 2585 1959 2649 postea
1982 2594 2047 2633 ex
2068 2578 2224 2649 591

652 2672 920 2727 ambobus
962 2671 1102 2726 facta
1148 2678 1262 2735 est,
1306 2670 1716 2741 generationem
1753 2670 2229 2726 considerantibus

651 2780 879 2820 cernere
908 2765 1055 2825 licet.
1090 2760 1162 2833 ac
1214 2764 1388 2835 magis
1419 2762 1607 2818 mirari
1642 2762 1917 2833 quomodo
1949 2774 1981 2817 e
2005 2761 2229 2816 minima

651 2854 901 2910 humoris
954 2854 1166 2925 guttula
1221 2861 1437 2908 tantum
1501 2852 1822 2909 eﬁ‘ormetur
1880 2851 2103 2907 animal.
2151 2851 2229 2905 Ac

650 2947 920 3019 profecto,
969 2948 1018 3002 si
1064 2946 1120 3001 id
1166 2961 1384 3017 quoque
1431 2946 1799 3017 promissione
1830 2944 2227 3007 contineretur,

650 3055 831 3111 neque
872 3040 1073 3095 factum
1107 3048 1448 3107 cerneretur,
1477 3040 1656 3105 multo
1683 3040 1810 3096 aliis
1853 3036 2233 3094 incredibilius

652 3142 829 3201 esset;
863 3133 959 3189 sed
991 3132 1313 3189 credibilius
1352 3132 1533 3188 reddit
1579 3128 1826 3188 eﬁ‘ectus.
1855 3130 2020 3203 Atqui
2050 3132 2119 3187 de
2146 3147 2234 3188 re-

651 3225 997 3281 surrectione
1036 3225 1197 3280 nobis
1236 3223 1489 3279 Salvator
1534 3223 1774 3279 ostendit
1810 3221 2057 3288 eﬁectus,
2089 3235 2229 3293 quos
2255 3264 2299 3325 ϐ

649 3318 814 3390 paulo
846 3324 969 3388 post
998 3316 1577 3372 commemorabimus.
1619 3314 1778 3371 Nunc
1818 3324 2002 3371 autem
2044 3315 2229 3387 possi-

650 3411 816 3467 bilem
862 3426 986 3475 esse
1019 3410 1206 3466 carnis
1247 3409 1712 3467 resurrectionem
1759 3408 2225 3473 demonstramus,

652 3504 724 3559 ab
756 3502 1013 3560 Ecclesiae
1048 3502 1194 3570 ﬁliis,
1231 3502 1280 3560 si
1319 3502 1482 3559 etiam
1520 3501 1849 3566 rationibus,
1888 3516 2011 3573 quat
2047 3508 2231 3556 extra-

650 3582 773 3652 nea:
796 3596 1052 3651 videntur
1085 3601 1140 3651 et
1176 3595 1490 3659 mundanae,
1528 3596 1753 3658 utimur,
1782 3593 2000 3649 veniam
2030 3606 2230 3662 expos-

653 3696 865 3753 centes,
913 3690 1090 3760 primo
1132 3686 1354 3758 quidem
1401 3688 1529 3759 quia
1571 3686 1710 3741 nihil
1753 3684 1865 3741 Deo
1910 3691 2230 3740 extraneum

652 3790 766 3847 est,
808 3797 872 3837 ac
918 3798 987 3839 ne
1026 3784 1143 3853 ipse
1186 3781 1406 3852 quidem
1460 3781 1726 3847 mundus;
1774 3788 1861 3836 est
1904 3778 2050 3836 enim
2084 3777 2229 3831 illius

653 3891 812 3948 Opus.
858 3874 1060 3932 Deintk
1107 3890 1238 3931 vero
1280 3875 1407 3947 quia
1451 3874 1698 3929 inﬁdeles
1742 3873 1831 3929 his
1882 3869 2229 3929 sermonibus

654 3972 1067 4043 compellamus.
1113 3969 1250 4025 Nam
1298 3970 1345 4026 si
1400 3960 1623 4035 ﬁdeles,
1670 3967 1805 4023 satis
1845 3974 1994 4023 esset
2048 3964 2231 4021 dicere

653 4077 757 4118 nos
781 4062 1030 4130 credere;
1060 4076 1208 4116 nunc
1236 4068 1418 4119 autem
1447 4075 1545 4131 per
1576 4059 2077 4115 demonstrationes
2102 4075 2231 4131 pro-

652 4156 848 4211 cedere
891 4163 975 4210 est
1037 4152 1431 4209 necessarium.
1486 4150 1729 4208 Tametsi
1783 4150 1951 4222 igitur
1998 4150 2230 4207 antehac

652 4248 918 4320 producta
948 4253 1269 4317 argumenta
1297 4246 1435 4301 satis
1466 4244 1534 4300 ad
1563 4242 2052 4311 demonstrandum
2100 4257 2229 4313 pos-

652 4338 866 4394 sibilem
890 4351 1011 4391 esse
1040 4336 1227 4391 carnis
1271 4322 1733 4393 resurrectionem
1770 4335 1976 4391 fuerint
2006 4338 2225 4402 idonea,

650 4437 836 4485 tamen
856 4430 926 4484 ob
956 4424 1180 4483 nimi‘am
1206 4426 1423 4483 illorum
1452 4428 1851 4505 inﬁdelitatem,
1871 4431 2085 4489 ratione
2103 4441 2229 4492 utar

651 4538 774 4594 qua:
804 4522 977 4593 magis
1005 4528 1214 4591 urgeat,
1246 4536 1355 4575 non
1384 4537 1416 4575 a
1449 4520 1553 4577 ﬁde
1581 4522 1802 4593 quidem
1832 4524 2019 4591 ducta,
2051 4540 2081 4579 a
2118 4539 2225 4597 qua

2339 657 2551 720 εὐτελὲς
2599 659 2689 710 καὶ
2728 660 3193 729 εὐκαταφρόνητον
3225 661 3439 733 αὐτῆς·
3482 662 3532 713 οί
3576 660 3660 723 δὲ,
3702 662 3791 713 ὅτι
3826 662 3930 733 τὴν

2336 747 2509 819 ἀρχὴν
2536 748 2656 801 οὐδὲ
2701 728 3027 817 ἐπαγγελίαν
3074 728 3235 820 ἔχεινί
3287 728 3509 821 Πρῶτον
3545 751 3646 821 μὲν
3679 747 3778 803 οὖν
3840 728 3929 822 μοι

2333 839 2477 892 δοκεί
2502 838 2639 911 πρὸς
2667 840 2791 904 τοὺς
2820 840 3075 894 ἀδύνατον
3118 840 3255 894 εἶναι
3282 842 3537 909 λέγοντας
3564 842 3644 912 τῷ
3691 842 3822 913 Θεῷ
3868 845 3929 896 τὸ

2335 930 2534 999 ταύτην
2552 930 2853 1001 ἀναστῆσαι
2880 930 3182 995 διεξελθεῖν,
3203 934 3285 983 ὅτι
3312 931 3594 999 ἀγνοοῦσιν
3626 934 3813 996 αὐτοὶ,
3847 934 3928 1004 τῷ

2332 1020 2476 1093 λόγῳ
2516 1022 2766 1090 λέγοντες
2804 1021 2938 1076 εἶναι
2984 1024 3239 1086 πιστοὺς,
3287 1025 3381 1076 καὶ
3427 1022 3514 1076 διά
3567 1025 3680 1077 τῶν
3740 1028 3927 1097 ἔργων

2335 1111 2745 1177 ἀποδεικνύντες
2797 1116 3052 1177 ἀπίστους
3102 1116 3344 1176 ἑαυτοὺς,
3375 1114 3471 1167 καὶ
3515 1116 3621 1169 τῶν
3671 1117 3928 1170 ἀπίστων

2334 1205 2737 1277 ἀπιστοτέρους,
2777 1206 2894 1261 Τῶν
2922 1207 3029 1279 γὰρ
3069 1207 3235 1261 ἐθνῶν
3291 1206 3545 1260 ἁπάντων
3592 1209 3688 1261 ἐπὶ
3727 1208 3801 1261 τά
3844 1212 3925 1262 εῖ-

2333 1297 2478 1351 δωλα
2520 1300 2978 1363 πεπιστευκότων,
3024 1300 3119 1353 καὶ
3164 1299 3568 1370 πεπεισμένων,
3612 1302 3695 1353 ὅτι
3740 1303 3928 1357 πάντα

2336 1390 2537 1445 δυνατὰ
2572 1392 2753 1454 αὐτοῖς
2786 1394 2930 1444 ἐστιν
2978 1392 3073 1463 (ὡς
3102 1394 3193 1445 καὶ
3226 1394 3469 1465 ’Όμηρος
3499 1396 3527 1447 ὁ
3560 1396 3795 1465 ποιητὴς
3828 1396 3928 1447 αύ-

2333 1484 2440 1537 τῶν
2461 1501 2624 1556 φησιν
2642 1502 2653 1514 ο
2695 1485 2823 1538 Geel
2854 1484 2922 1537 δε
2964 1484 3159 1537 πάντα
3186 1484 3473 1537 δύνανται
3492 1485 3587 1537 καὶ
3600 1484 3759 1553 ῥεῖα·
3784 1482 3932 1539 ἀλλά

2334 1578 2428 1631 καὶ
2457 1577 2536 1640 τὸ,
2558 1576 2691 1645 ῥεῖα
2710 1620 2723 1641 ,
2766 1577 3123 1648 προσέθηκεν,
3154 1576 3288 1648 ὅπερ
3330 1577 3479 1631 ἐστὶν
3517 1578 3762 1648 εὐχερῶς
3781 1618 3798 1642 .,
3839 1578 3930 1631 ἵνα

2330 1669 2432 1741 τὴν
2466 1669 2859 1741 μεγαλειότητα
2888 1669 2988 1738 τῆς
3036 1669 3140 1722 τῶν
3169 1668 3305 1721 θεῶν
3353 1668 3429 1741 (5)
3484 1668 3774 1740 δυνάμεως
3824 1671 3929 1741 ἐμ-

2332 1761 2519 1837 φάνῃ),
2563 1761 2746 1815 πολλοὶ
2774 1761 2976 1814 τούτων
3008 1760 3082 1833 (6)
3126 1760 3468 1833 ἀπιστότεροι
3514 1763 3825 1832 φαίνονται.
3860 1764 3927 1815 Εί

2332 1852 2440 1923 γὰρ
2467 1856 2579 1917 τοῖς
2607 1853 2842 1917 εἰδώλοις
2871 1853 2939 1906 τὰ
2983 1852 3108 1925 ἔθνη
3147 1855 3259 1916 τοῖς
3297 1851 3438 1916 θεοῖς
3480 1838 3680 1916 αὐτῶν,
3714 1856 3763 1908 οῖ
3798 1854 3927 1909 ὦτα

2261 1924 2301 1977 Β
2330 1947 2559 2015 ἔχουσι,
2602 1947 2697 1999 καί
2724 1948 2851 2000 οὐκ
2879 1947 3228 2012 ἀκούουσιν,
3279 1946 3627 2015 ὀφθαλμοὺς
3664 1947 3889 2017 ἔχουσι
3908 1987 3925 2011 ,

2329 2038 2428 2091 καὶ
2457 2040 2566 2092 οὐκ
2600 2037 2872 2106 ὄψονται,
2900 2038 2961 2090 τὸ
3000 2037 3178 2091 πάντα
3206 2036 3463 2091 δύνασθαι
3510 2038 3924 2091 πεπιστεύκασι

2328 2128 2624 2200 δαιμονίοις
2668 2125 2815 2194 οῦσι,
2848 2128 3029 2192 xaﬁt‘oq
3074 2132 3106 2200 ἡ
3138 2128 3329 2199 Γραφὴ
3370 2128 3518 2196 λέγει
3538 2169 3551 2191 ,
3593 2129 3674 2182 δτι
3706 2133 3760 2183 οι
3790 2130 3923 2183 θεοὶ

2328 2219 2446 2274 τῶν
2486 2220 2675 2276 ἐθνῶν
2729 2222 3031 2291 δαιμόνια,
3091 2221 3270 2291 πολλῷ
3329 2221 3528 2291 μᾶλλον
3582 2223 3746 2291 ἡμεῖς
3790 2223 3923 2293 ἐορ-

2328 2312 2424 2384 τὴν
2456 2314 2531 2385 (7)
2575 2314 2847 2385 ἐξαίρετον
2878 2315 2971 2368 καὶ
3002 2314 3173 2385 ἀληθῆ
3204 2315 3385 2367 πίστιν
3432 2313 3665 2384 ἔχοντες,
3696 2315 3922 2383 ὀφείλο-

2331 2422 2429 2476 μεν
2458 2405 2535 2477 τῷ
2569 2405 2687 2476 Θεῷ
2714 2406 2870 2476 ἡμῶν
2900 2405 3173 2458 πιστεύειν
3196 2446 3209 2469 ,
3239 2406 3453 2475 ἔχοντες
3472 2407 3784 2476 τεκμήρια,
3823 2409 3925 2461 καὶ

2329 2497 2544 2568 πρῶτον
2595 2498 2694 2568 μὲν
2721 2497 2819 2567 τὴν
2850 2496 2942 2550 τοῦ
2992 2497 3423 2569 πρωτοπλάστου,
3446 2497 3679 2565 γένεσιν,
3721 2498 3805 2551 ὅτι
3853 2500 3924 2553 ἐκ

2328 2589 2431 2660 γῆς
2460 2587 2568 2641 ὑπὸ
2595 2588 2729 2642 Θεοῦ
2762 2588 2983 2659 γέγονεν
3000 2606 3013 2618 °
3053 2588 3233 2642 ἱκανὸν
3270 2590 3379 2659 γὰρ
3405 2589 3563 2643 τοῦτο
3589 2590 3787 2661 δεῖγμα
3815 2592 3926 2663 τῆς

2330 2681 2421 2734 τοῦ
2451 2680 2582 2735 Θεοῦ
2630 2681 2939 2753 δυνάμεως·
2972 2681 3162 2735 ἔπειτα
3188 2682 3243 2734 δὲ
3293 2684 3387 2736 καὶ
3416 2684 3515 2754 τὴν
3559 2683 3697 2753 μετά
3740 2683 3924 2739 ταῦτα

2329 2772 2390 2838 ἐξ
2416 2774 2657 2845 ἀλλήλων
2683 2774 2891 2842 γένεσιν
2924 2773 3273 2827 κατανοοῦσιν
3298 2773 3442 2828 ἔστιν
3471 2775 3615 2838 ἰδεῖν,
3654 2775 3751 2829 καὶ
3778 2774 3923 2828 θαυ-

2334 2864 2501 2936 μάσαι
2533 2863 2812 2935 μειζόνως,
2844 2864 2926 2919 ὅτι
2954 2865 3015 2930 ἐξ
3042 2865 3334 2936 ἐλαχίστης
3366 2865 3573 2939 ρανίδος
3604 2864 3776 2937 ὑγροῦ
3817 2884 3925 2938 τη-

2330 2956 2573 3010 λικοῦτον
2606 2956 2903 3011 πλάσσεται
2932 2957 3089 3023 ζῶον.
3112 2957 3306 3011 Καίτοι
3336 2974 3399 3026 γε
3427 2960 3474 3010 εί
3518 2958 3575 3010 ὲν
3607 2958 3925 3031 ἐπαγγελίᾳ

2334 3050 2429 3104 καὶ
2456 3050 2614 3102 τοῦτο
2638 3044 2729 3121 ἦν,
2768 3052 2861 3102 καὶ
2897 3050 2969 3122 μὴ
3016 3049 3264 3119 ἐφαίνετο
3292 3050 3593 3121 γινόμενον,
3624 3050 3759 3105 πολὺ
3803 3052 3927 3107 τῶν

2334 3140 2506 3195 ἄλλων
2550 3136 2619 3212 ἦν
2668 3142 3055 3213 ἀπιστότερον⁸
3097 3141 3232 3195 ἀλλά
3278 3140 3386 3213 γάρ
3417 3144 3732 3214 πιστότερον
3782 3144 3929 3197 αὐτὸ

2335 3235 2478 3286 ποιεῖ
2492 3233 2837 3304 ἀποτέλεσμα
2978 3233 3136 3286 Ἀλλά
3160 3233 3261 3304 μὴν
3292 3234 3420 3305 περὶ
3445 3232 3545 3304 τῆς
3565 3236 3929 3301 ἀναστάσεως

2332 3324 2461 3395 ἡμῖν
2486 3324 2683 3389 ἔδειξεν
2727 3326 2757 3379 ὁ
2784 3326 2975 3397 Σωτὴρ
3022 3324 3458 3395 ἀποτελέσματα,
3498 3324 3534 3378 ἃ
3586 3328 3702 3396 μετ’
3733 3327 3928 3396 ὀλίγον

2331 3414 2580 3487 ἐροῦμεν.
2613 3412 2728 3469 Νῦν
2762 3416 2818 3469 δὲ
2855 3416 2917 3470 τὸ
2955 3418 3187 3488 δυνατὴν
3231 3414 3369 3470 εἶναι
3408 3417 3507 3488 τὴν
3548 3416 3651 3487 τῆς
3708 3417 3928 3489 σαρκὸς

2330 3506 2622 3561 ἀνάστασιν
2698 3490 3135 3580 ἐπιδεικνύομεν,
3194 3507 3524 3579 συγγνώμην
3599 3509 3927 3581 αἰτούμενα

2332 3598 2483 3671 παρά
2507 3599 2615 3653 τῶν
2646 3601 2744 3671 τῆς
2769 3600 3092 3672 Ἐκκλησίας
3119 3600 3346 3665 τέκνων,
3379 3600 3427 3654 εί
3454 3600 3551 3655 καὶ
3575 3602 3685 3655 τῶν
3711 3598 3927 3666 ἔξωθεν

2330 3687 2466 3745 εἶναι
2517 3691 2820 3769 δοκούντων
2874 3692 2970 3747 καὶ
3023 3691 3304 3763 κοσμικῶν
3362 3691 3535 3761 λόγων
3588 3693 3919 3764 ἁπτόμεθα⁸

2330 3782 2546 3856 πρῶτον
2578 3784 2676 3855 μὲν
2703 3780 2796 3837 οῦν
2826 3783 2899 3855 (9)
2929 3782 3009 3838 ὃτι
3048 3784 3199 3838 οὐδέν
3243 3784 3393 3838 ἔστιν
3421 3783 3619 3851 ἔξωθεν
3646 3783 3743 3838 τοῦ
3775 3783 3921 3840 Θεοῦ

2330 3876 2450 3937 οὐδὲ
2493 3877 2588 3931 καὶ
2636 3876 2797 3940 αὐτὸς
2840 3878 2868 3929 ὁ
2916 3876 3143 3947 κόσμος*
3195 3876 3407 3947 ποίημα
3457 3876 3567 3949 γάρ
3610 3878 3761 3931 ἐστιν
3814 3879 3923 3933 αὒ-

2329 3968 2423 4021 τοῦ
2458 3968 2599 4039 (10)·
2632 3967 2881 4041 δεύτερον
2911 3969 2993 4022 ὅτι
3023 3969 3159 4041 πρὸς
3188 3968 3449 4033 ἀπίστους
3476 3968 3698 4033 τούτους
3726 3970 3921 4025 ποιού-

2334 4058 2472 4130 μεθα
2518 4060 2646 4123 τοὺς
2703 4060 2910 4129 λόγους.
2969 4060 3031 4113 Et
3074 4058 3185 4131 γὰρ
3236 4060 3373 4131 πρὸς
3412 4062 3656 4125 πιστοὺς,
3702 4060 3919 4134 αὔταρ-

2331 4167 2425 4214 κες
2450 4146 2518 4223 ἦν
2546 4153 2739 4214 εἰπεῖν,
2768 4154 2852 4205 ὅτι
2894 4151 3332 4222 πεπιστεύκαμεν
3351 4168 3365 4181 ·
3396 4152 3513 4204 νυνὶ
3557 4152 3614 4205 δὲ
3640 4151 3731 4205 διὰ
3774 4154 3919 4207 ἀπο-

2330 4242 2546 4309 δείξεων
2591 4247 2787 4317 χωρεῖν
2832 4246 3145 4313 ἀναγκαῖον.
3199 4241 3379 4297 Ἰκανά
3428 4242 3526 4313 μὲν
3564 4238 3659 4296 οὖν
3706 4244 3803 4298 καὶ
3842 4243 3917 4301 τὰ

2331 4337 2702 4409 προειρημένα
2738 4341 3012 4408 τεκμήρια
3054 4335 3192 4406 πρὸς
3239 4325 3299 4388 τὸ
3325 4333 3554 4406 δυνατὴν
3608 4331 3749 4390 εἶναι
3800 4336 3914 4390 δει-

2331 4428 2514 4482 κνύειν
2539 4428 2638 4500 τὴν
2666 4428 2764 4499 τῆς
2796 4427 2994 4499 σαρκὸς
3021 4427 3337 4492 ἀνάστασιν,
3367 4425 3621 4480 ἀλλ’ὲπεὶ
3649 4426 3768 4481 λίαν
3795 4426 3913 4500 (11)

2332 4520 2467 4573 εἰσὶν
2498 4520 2735 4585 ἄπιστοι,
2768 4520 2860 4573 καὶ
2886 4517 3426 4588 ἀναγκαστικώτερον
3471 4517 3747 4590 ἐπάξομεν
3794 4518 3910 4589 (12)

651 4608 733 4671 illi
761 4626 889 4672 sunt
913 4615 1179 4679 extranei,
1223 4614 1318 4669 sed
1350 4615 1420 4670 ab
1450 4614 1770 4671 inﬁdelitate
1810 4631 2000 4672 eorum
2030 4626 2224 4681 matre,

2331 4610 2421 4663 τὸν
2457 4610 2633 4679 λόγον,
2679 4610 2777 4664 οὐκ
2806 4612 2869 4663 ὲκ
2899 4611 2997 4681 τῆς
3024 4609 3285 4685 πίστεως,
3318 4611 3399 4663 ὅτι
3430 4608 3506 4681 μὴ
3548 4609 3912 4680 τυγχάνουσιν

653 4724 683 4762 a
726 4709 1064 4777 rationibus,
1106 4710 1369 4779 inquam,
1419 4708 1735 4763 mundanis.
1773 4707 1910 4761 Nam
1954 4707 1999 4764 si
2043 4722 2109 4763 ex
2140 4706 2228 4763 bis

650 4798 967 4869 possibilem
999 4814 1129 4854 (βεδεΔ
1143 4798 1330 4854 carnis
1362 4799 1821 4853 resurrectionem
1852 4798 1960 4855 illis
1997 4797 2229 4853 demon-

651 4899 915 4955 stramns,
951 4891 1122 4945 multa
1156 4906 1290 4946 sane
1318 4889 1642 4945 confusione
1667 4890 1818 4962 digni
1860 4900 2009 4955 sunt,
2037 4892 2083 4947 si
2123 4904 2226 4951 nec

650 4996 738 5044 ea,
762 4996 882 5051 qua:
911 4988 1040 5037 sunt
1070 4980 1215 5045 ﬁdei,
1248 4996 1348 5035 nec
1377 4996 1463 5047 ea,
1493 4965 1615 5052 quin
1649 4989 1779 5037 sunt
1821 4983 2031 5048 mundi,
2066 4986 2225 5056 sequi

648 5082 902 5143 possunt.

2329 4701 2481 4765 ὅντες
2520 4702 2718 4773 αὐτῆς,
2753 4702 2865 4755 ἀλλ’
2901 4703 2965 4757 ἐκ
2993 4702 3092 4773 τῆς
3120 4702 3377 4764 ἀπιστίας
3421 4701 3521 4771 τῆς
3568 4701 3776 4773 μητρὸς
3810 4701 3913 4755 αὒ-

2328 4793 2456 4855 τῶν,
2485 4792 2627 4861 λέγω
2645 4794 2711 4865 δὴ
2738 4794 2845 4848 τῶν
2867 4793 3144 4865 κοσμικῶν
3168 4793 3359 4862 λόγων.
3379 4794 3443 4846 Et
3470 4791 3580 4863 γὰρ
3607 4794 3674 4846 ὲκ
3702 4792 3911 4846 τούτων

2328 4885 2734 4957 ὲπιδεικνύομεν
2761 4889 2943 4951 αὐτοῖς
2971 4887 3200 4956 δυνατὴν
3245 4881 3384 4939 εἶναι
3415 4885 3513 4957 τὴν
3559 4885 3658 4955 τῆς
3707 4885 3909 4957 σαρκὸς

2328 4976 2653 5043 ἀνάστασιν,
2697 4978 2896 5051 πολλῆς
2942 4978 3208 5051 δήπουθεν
3254 4977 3515 5049 αἰσχύνης
3557 4978 3696 5030 εἰσιν
3744 4975 3905 5042 ἄξιοι,

2330 5070 2380 5121 εί
2412 5071 2548 5141 μήτε
2574 5074 2685 5135 τοῖς
2705 5071 2803 5143 τῆς
2835 5070 3070 5135 πίστεως
3101 5071 3237 5142 μήτε
3265 5072 3378 5134 τοῖς
3402 5068 3496 5123 τοῦ
3537 5069 3747 5139 κόσμου
3774 5070 3908 5124 ἁκο-

2332 5159 2541 5215 λουθεῖν
2566 5158 2839 5217 δύνανται.

756 5314 803 5344 ’⁸
833 5310 1031 5383 Odyss.
1064 5328 1125 5377 ιι,
1159 5312 1286 5371 304.
1364 5313 1405 5344 ’⁷
1428 5312 1577 5368 Psal.
1610 5328 1762 5378 cmi,
1798 5311 1853 5366 6.
1929 5314 1975 5346 ’⁸
1997 5312 2143 5369 Psal.
2179 5328 2302 5383 xcv,
2332 5316 2383 5370 5.

717 5469 796 5542 (5)
838 5469 958 5542 Τῶν
974 5468 1142 5542 ρεῶν.
1170 5468 1269 5525 Ms.
1283 5466 1379 5521 τοῦ
1400 5467 1556 5522 Θεοῦ.
1570 5465 1752 5523 Monet
1772 5466 2008 5524 Grabius
2028 5467 2223 5524 deesse

649 5537 785 5613 ῥεῖας
803 5540 945 5608 apud
974 5537 1289 5613 Homerum.

720 5607 795 5680 (6)
825 5604 1050 5680 Πολλοί
1079 5610 1325 5663 τούτων.
1344 5606 1501 5680 Ειιίιί
1532 5608 1666 5680 πολὺ
1695 5604 1788 5661 οὖν
1814 5607 2039 5680 τούτων.

719 5678 795 5808 (7)
841 5679 1106 5748 Ἐορτήν.
1139 5680 1307 5735 Grab.
1336 5679 1555 5749 ἑαυτήν.
1589 5678 1753 5733 Forte
1782 5680 1832 5732 οἱ
1863 5678 2049 5751 ὀρθήν.

719 5753 774 5808 (8
827 5751 1027 5804 Καίτοι
1061 5766 1145 5808 τε.
1181 5790 1195 5802 .
1227 5789 1241 5802 .
1277 5747 1677 5808 ἀποτέλεσμα.
1702 5748 1895 5803 Totam
1928 5752 2049 5802 hanc

719 5747 795 5819 (8)
827 5747 1027 5804 Καίτοι
1061 5766 1145 5819 τε.
1181 5790 1195 5802 .
1227 5789 1241 5802 .
1277 5747 1677 5819 ἀποτέλεσμα.
1702 5747 1906 5819 Totam
1928 5747 2068 5802 hanc
2096 5762 2219 5819 ver-

645 5815 841 5875 borum
878 5815 1327 5900 complexionem
1346 5815 1716 5900 suppeditavit
1769 5817 1940 5900 codex
1982 5834 2083 5900 ms.
2123 5815 2219 5873 His

647 5899 827 5946 autem
883 5888 1025 5945 inest
1078 5888 1367 5945 manifesta
1422 5888 1656 5945 imitatio
1688 5889 1983 5947 verborum
2008 5896 2063 5944 et
2089 5902 2216 5944 sen-

2324 5470 2631 5543 tentiarum
2651 5471 2853 5543 Justini
2883 5471 3233 5543 ex_Apo_l.ﬂl.

2395 5541 2751 5615 (ξδὶηρῶςρν
2769 5541 2889 5615 μὲν
2915 5534 3049 5597 οὖνῖ
3078 5539 3506 5615 militesita“
3538 5534 3634 5615 ρῦν
3666 5540 3902 5615 ﬁsi-5m

2395 5610 2510 5682 (10)
2554 5611 2707 5667 Οὐδὲ
2736 5610 2938 5678 αὐτὸς.
2976 5651 2990 5665 .
3027 5652 3041 5665 .
3071 5610 3297 5666 αὐτοῦ.’
3326 5610 3453 5667 Hac
3501 5612 3681 5668 eidem
3716 5610 3909 5668 codici

2322 5680 2603 5737 debemus.
3834 5726 3837 5729 η

2393 5753 2506 5821 (Η)
2552 5753 2897 5823 Ἐπείλὶαν.
2922 5749 3250 5823 Austrum};
3282 5751 3369 5805 ἂν.

2392 5820 2507 5894 (12)
2551 5822 2893 5893 Ὲπάξοιιεν.
2920 5820 3063 5877 Editi
3090 5820 3401 5893 ἑπάξωμτν.
