4104 6432
185 519 317 575 1581

1300 514 1358 572 S.
1401 512 1659 570 JUSTINI
1706 513 2150 569 FRAGMENTA.

3284 523 3419 580 μ’)θὲ

251 642 383 695 Φασὶ
401 642 574 695 τοίνυν
596 642 640 693 οἱ
665 640 754 692 τοῦ
779 639 978 708 κόσμου
1019 637 1234 706 φυσικοὶ
1268 635 1418 711 σοφοὶ
1451 636 1748 706 λεγόμενοι,

1926 608 2028 686 Ἠ.
2054 632 2217 684 Aiunt
2269 645 2398 700 ergo
2441 629 2650 702 physici
2698 629 2861 700 hujus
2901 631 3110 696 mundi,
3145 647 3284 703 quos
3337 651 3430 688 sa-

177 736 239 789 τὸ
275 738 378 788 πᾶν
413 736 672 804 ὑπάρχειν
703 734 751 783 οἱ
786 732 881 801 μὲν
915 730 1043 800 ὕλην
1093 729 1185 781 καὶ
1223 727 1373 788 Θεὸν,
1405 728 1480 790 ὡς
1509 726 1749 781 Πλάτων·

180 829 230 879 οἱ
249 827 304 879 δὲ
336 826 510 896 ἄτομα
539 825 630 876 καὶ
662 824 834 885 κενὸν,
869 822 943 884 ὡς
960 821 1270 889 Ἐπίκουρος
1290 836 1302 847 ·
1326 819 1374 870 οἱ
1403 817 1553 875 δὲ,τὰ
1572 819 1752 870 τέσσα-

186 937 273 990 ρα,
305 920 433 988 πῦρ,
471 917 627 986 ὕδωρ,
649 916 803 985 ἀέρα,
840 914 962 983 γῆν,
993 913 1180 982 ὥσπερ
1212 912 1258 962 οἱ
1281 910 1525 962 Στωϊκοί.
1576 911 1756 978 ’Λρκεί

180 1011 290 1081 γὰρ
318 1008 710 1078 ἐπιμνησθῆναι
740 1005 847 1057 τῶν
877 1003 1284 1074 ὲπικρατουσῶν
1309 1003 1535 1072 μάλιστα
1567 1003 1750 1068 δοξῶν.

183 1104 292 1156 Καὶ
334 1104 361 1154 ό
407 1103 502 1171 μὲν
536 1099 757 1151 Πλάτων
785 1097 936 1167 φησι,
973 1097 1076 1148 ύπὸ
1106 1096 1198 1147 τοῦ
1228 1093 1361 1152 Θεοῦ
1395 1093 1459 1147 τά
1494 1095 1667 1146 πάντα
1695 1097 1757 1147 ἐκ

181 1192 284 1262 τῆς
313 1192 443 1263 ὕλης
476 1191 772 1259 γεγονέναι,
807 1189 898 1242 καὶ
931 1187 1073 1240 κατά
1123 1186 1374 1257 πρόνοιαν
1418 1185 1581 1239 αὐτοῦ
1604 1205 1615 1215 ·
1648 1189 1673 1238 ό
1701 1181 1755 1238 δὲ

197 1284 513 1354 Ἐπίκουρος
546 1269 637 1335 καὶ
667 1284 715 1333 οἱ
749 1281 861 1351 μετ’
891 1280 1053 1331 αὑτοῦ
1100 1280 1162 1330 ὲκ
1190 1277 1282 1330 τοῦ
1313 1275 1534 1347 ἀτόμου,
1569 1277 1660 1328 καὶ
1694 1279 1756 1328 ἐκ

182 1378 277 1430 τοῦ
311 1375 488 1439 κενοῦ,
533 1375 669 1428 κατὰ
702 1372 1034 1441 ταὺώματόν
1076 1388 1195 1422 τινα
1238 1366 1408 1440 φοράν
1440 1369 1536 1438 τῆς
1567 1371 1627 1420 ἐκ
1651 1370 1756 1420 τῶν

186 1471 449 1539 σωμάτιον
498 1467 730 1535 φυσικῆς
768 1467 1057 1534 κινήσεως’
1105 1463 1151 1515 οἱ
1197 1463 1252 1514 δὲ
1302 1455 1528 1514 Στωϊκοὶ
1559 1463 1620 1513 ὲκ
1650 1462 1755 1513 τῶν

183 1563 483 1630 τεσσάρων,
531 1560 806 1628 διήκοντος
852 1557 915 1608 δι’
952 1555 1127 1607 αὐτῶν
1168 1553 1261 1605 τοῦ
1295 1546 1448 1606 Θεοῦ.
1493 1554 1757 1622 Τοιαύτης

183 1653 240 1705 δὲ
293 1653 581 1720 διαφωνίας
627 1649 804 1703 αὐτῶν
857 1647 1044 1717 οὕσης,
1096 1646 1210 1698 ἔστι
1250 1645 1371 1698 τινά
1403 1645 1529 1715 παρ’
1577 1645 1758 1706 αὐτοῖς

183 1744 585 1817 ὁμολογούμενα
619 1741 773 1794 κοινὰ
807 1741 1051 1811 δόγματα
1084 1741 1219 1808 πρὸς
1249 1737 1533 1790 ἁπάντων·
1572 1738 1627 1789 ἓν
1660 1738 1755 1807 μὲν

185 1838 246 1889 τὸ
282 1839 412 1907 μήτε
445 1839 508 1888 ὲκ
537 1834 630 1888 τοῦ
669 1833 740 1904 μὴ
773 1834 921 1893 ὖντος
952 1831 1214 1899 γίνεσθαι,
1250 1831 1394 1902 μήτε
1418 1827 1495 1891 εἰς
1521 1829 1579 1880 τὸ
1606 1829 1678 1899 μὴ
1698 1825 1758 1880 ’ὃν

187 1928 510 1981 ἀναλύεσθαι
537 1918 646 1994 (15)
679 1927 771 1978 καὶ
801 1923 1151 1986 ἀπόλλυσθαι,
1183 1925 1275 1976 καὶ
1312 1924 1371 1976 τὸ
1417 1923 1484 1976 τὰ
1521 1926 1756 1992 στοιχεῖα

1857 729 2068 798 pientes
2111 731 2331 788 vocant,
2382 723 2434 776 hi
2495 723 2713 793 quidem
2775 725 2876 777 hoc
2926 724 3245 780 universum
3303 742 3427 780 esse

1857 818 2140 872 materiam
2180 822 2232 869 et
2283 815 2473 879 Deum,
2528 823 2585 867 ut
2635 814 2925 868 Platozilli
2974 823 3183 877 atomos
3233 828 3287 871 et
3334 834 3426 872 va-

1857 925 2040 973 cuum,
2101 915 2162 961 ut
2216 906 2517 976 Epicurus;
2582 908 2670 959 alii
2729 907 2843 960 haec
2894 915 3151 976 quatuor,
3221 909 3424 978 ignem,

1858 1015 2076 1070 aquam,
2126 1015 2332 1060 aerem,
2373 984 2599 1060 terram,
2646 1010 2704 1054 ut
2760 999 2954 1054 Stoici.
3014 998 3226 1054 Suﬂicit
3277 1001 3423 1054 enim

1857 1085 2175 1160 opinionum
2211 1073 2459 1145 maxime
2521 1091 2898 1160 prazstantium
2961 1092 3297 1147 meminisse.
3367 1092 3430 1145 Et

1858 1179 2011 1235 Plato
2051 1181 2268 1250 quidem
2300 1179 2431 1234 dicit
2481 1191 2677 1233 cuncta
2713 1197 2776 1234 ex
2819 1183 3042 1236 materia
3080 1198 3108 1236 a
3144 1183 3252 1238 Deo
3287 1182 3431 1237 facta"

1859 1288 2000 1337 esse,
2019 1281 2068 1326 et
2099 1272 2400 1339 secundum
2429 1272 2548 1340 ejus
2573 1269 2969 1350 providentiam
3003 1294 3014 1327 :
3044 1274 3315 1343 Epicurus
3333 1293 3431 1329 au-

1859 1371 1966 1419 tem
1996 1372 2118 1418 eum
2145 1363 2260 1418 suis
2293 1380 2353 1416 ex
2391 1371 2571 1417 atomo
2611 1370 2662 1417 et
2703 1380 2894 1429 vacuo,
2938 1366 3164 1429 fortuita
3191 1368 3428 1436 quadam

1858 1458 2098 1527 ipsorum
2167 1446 2617 1527 corpusCulorum
2683 1474 2779 1526 per
2849 1461 3154 1513 naturalem
3223 1471 3428 1516 motum

1859 1553 2252 1605 concursione:
2283 1549 2452 1604 Stoici
2489 1566 2615 1603 vero
2650 1565 2679 1604 e
2713 1557 2947 1619 quatuor
2970 1552 3276 1616 elementis,
3319 1554 3430 1609 Deo

1859 1659 1955 1712 per
1985 1644 2099 1711 ipsa
2135 1627 2486 1713 pervadente.
2524 1641 2672 1696 Talis
2708 1643 2872 1712 igitur
2910 1659 3032 1696 cum
3066 1645 3136 1699 sit
3169 1647 3310 1702 inter
3334 1664 3430 1702 eos

1859 1737 2248 1806 discrepantia,
2285 1738 2531 1805 quaedam
2568 1743 2752 1789 tamen
2793 1738 3102 1790 communia
3136 1747 3281 1792 sunt'
3307 1755 3430 1793 om-

1860 1825 2009 1881 nium
2039 1829 2175 1882 scita
2208 1828 2351 1898 apud
2396 1821 2543 1896 ipsos
2590 1829 2643 1880 in
2687 1827 2943 1882 confesso
2970 1849 2981 1884 :
3008 1846 3174 1884 unum
3209 1832 3429 1900 quidem

1861 1918 1912 1972 id
1950 1920 2092 1988 quod
2127 1927 2231 1984 est,
2271 1933 2449 1989 neque
2478 1903 2544 1972 rex
2579 1935 2666 1984 eo,
2705 1919 2860 1988 quod
2878 1935 2992 1973 non
3023 1929 3126 1997 est.
3166 1923 3303 1987 ﬁeri,
3329 1939 3429 1977 ne-

185 2019 438 2090 άφθαρτα
473 2019 758 2088 ὑπάρχειν,
785 2017 841 2081 ἐξ
860 2009 933 2067 ὧν
969 2018 1000 2085 ἡ
1036 2015 1263 2070 ἑκάστου
1300 2014 1620 2086 πράγματος
1645 2014 1753 2083 (Μ)

1859 2025 1963 2079 que
2011 2010 2064 2062 in
2111 2010 2187 2074 id,
2224 2009 2369 2078 quod
2413 2023 2522 2061 non
2555 2017 2660 2072 est,
2705 2010 2932 2064 dissolvi
2984 2017 3037 2064 et
3085 2011 3341 2079 interire;
3378 2014 3432 2067 et

187 2111 397 2180 γένεσίς
427 2113 563 2162 ἐστι.
604 2109 819 2161 Τούτων
853 2104 945 2160 οῦν
973 2106 1143 2169 οὕτως
1167 2107 1415 2175 ἐχόντων,
1453 2105 1592 2157 κατὰ
1625 2105 1758 2157 πάν-

186 2222 284 2267 τας
323 2204 518 2265 αὕτοὺς
564 2203 859 2271 φανήσεται
899 2199 1097 2270 δυνατὴ
1137 2201 1168 2269 ἡ
1201 2199 1300 2267 τῆς
1338 2197 1537 2267 σαρκὸς
1586 2197 1758 2267 ὑπάρ-

187 2313 301 2366 χειν
335 2293 738 2361 παλιγγενεσία.
782 2292 905 2346 Εἴτε
940 2291 1047 2363 γάρ
1085 2289 1223 2343 κατά
1259 2288 1517 2343 Πλάτωνά
1545 2291 1689 2341 ἐστιν
1722 2292 1753 2360 ἡ

188 2386 286 2456 ὕλη
323 2387 413 2440 καὶ
448 2386 597 2447 Θεὸς,
635 2382 919 2455 ἀμφότερᾶ
963 2382 1135 2440 ταῦτα
1169 2366 1448 2452 ἄφθαρτα’
1487 2380 1578 2433 καὶ
1611 2381 1758 2450 ὁμὲν

186 2478 318 2541 Θεὸς
350 2476 534 2547 ὲπὲχει
559 2464 722 2530 τόπον
768 2476 1032 2546 τεχνίτου,
1068 2468 1178 2541 οἷον
1212 2473 1480 2526 πλάστουο
1518 2471 1626 2542 ἡδὲ
1660 2471 1758 2541 ὕλη

188 2571 372 2638 ἐπέχει
405 2569 566 2622 τόπον
617 2552 811 2638 πηλοῦ,
850 2567 882 2637 ἢ
926 2563 1117 2638 κηροῦ,
1154 2565 1186 2634 ἦ
1222 2564 1457 2617 τοιούτου
1491 2563 1652 2626 τινός.
1688 2563 1760 2615 Τὸ

191 2658 291 2727 μὲν
331 2653 421 2710 οῦν
459 2660 522 2710 ἐκ
566 2657 665 2727 τῆς
715 2655 845 2725 ὕλης
885 2653 1167 2726 γινόμενον
1201 2652 1434 2723 φθαρτὸν
1468 2653 1761 2723 πλάσμα,δ

188 2748 463 2820 ἀνδριὰςῆ
498 2748 658 2800 εἰκών
678 2765 690 2776 ο
720 2751 752 2818 ἡ
787 2748 845 2800 δὲ
877 2747 973 2816 ὕλη
1016 2745 1150 2816 αὑτὴ
1207 2744 1496 2816 ἄφθαρτος,
1518 2739 1626 2797 οἷον
1658 2762 1760 2815 πη-

187 2841 298 2905 λὸς,
333 2842 364 2911 ἢ
400 2836 585 2910 κηρὸς,
625 2840 658 2910 ἢ
692 2838 819 2893 ἀλλο
863 2857 915 2892 τι
949 2837 1189 2891 τοιοῦτον
1224 2833 1362 2900 εἶδος
1390 2835 1540 2909 ὕλης.
1575 2836 1761 2900 Οὕτως

185 2934 215 2984 ό
246 2932 488 3003 πλάστης
516 2934 580 2984 ὲκ
612 2929 705 2984 τοῦ
737 2928 908 3001 κηροῦ
949 2931 982 3001 ἢ
1021 2922 1195 3000 πηλοῦ
1230 2927 1478 2992 πλάσσει,
1512 2925 1606 2982 καὶ
1632 2928 1762 2992 ζωο-

189 3026 334 3076 ποιεῖ
378 3023 515 3087 ζὼου
551 3023 766 3095 μορφήν
785 3039 797 3052 ο
827 3021 1007 3085 πάλιν,
1045 3020 1141 3074 ὲάν
1171 3014 1394 3091 διαλυθῇ
1427 3020 1488 3072 τὸ
1514 3020 1758 3090 πλάσμα,

187 3114 290 3166 οὐκ
317 3111 572 3167 ἀδύνατον
604 3109 752 3183 αὐτῷ
783 3112 919 3176 ἐστι,
949 3102 1047 3183 τὴν
1083 3107 1254 3182 αὐτὴν
1288 3106 1421 3182 ὕλην
1450 3108 1759 3180 ἀναφύραν-

186 3221 241 3258 τι
275 3207 366 3258 καὶ
417 3205 876 3280 καινοποιήσαντι,
920 3200 1000 3280 τὸ]
1038 3203 1168 3256 αὐτὸ
1228 3201 1452 3272 πλάσμα
1513 3198 1756 3271 ποιῆσαι.

186 3295 344 3348 Οὕτω
383 3297 521 3349 κατά
570 3291 1014 3360 Πλάτωνα,ροῦδὲ
1049 3294 1125 3366 τῷ
1145 3293 1275 3365 Θεῷ
1317 3293 1577 3364 ἀφθάρτῳ
1623 3292 1756 3356 ὄντι,

186 3387 462 3458 ἄφθαρτον
516 3386 688 3458 ἔχοντι
747 3378 997 3462 καιτὴν
1047 3371 1178 3457 ὕλην
1222 3384 1318 3439 τοῦ
1347 3377 1413 3450 ’ἐξ
1444 3373 1753 3454 αὕτῆξῌὸ)

187 3478 476 3547 γενομένου
528 3475 839 3557 πλάσματος
899 3476 1258 3540 διαλυθέντος,
1300 3475 1560 3530 ἀδύνατόν
1607 3477 1755 3529 ἑστιν

186 3565 669 3637 άνακαινοποιῆσαι
706 3568 868 3621 πάλιν
911 3567 1100 3639 αὐτὴν,
1152 3567 1244 3620 καὶ
1288 3566 1508 3637 ποιῆσαι
1534 3564 1596 3619 τὸ
1624 3565 1753 3620 αὐτὸ

185 3646 413 3728 πλάσμα
450 3660 630 3732 ὁποῖον
657 3655 724 3731 ἦν
755 3658 849 3712 καὶ
889 3661 949 3713 τὸ
979 3645 1259 3732 πρότερον.
1303 3659 1460 3713 Ἀλλά
1489 3660 1594 3731 μὴέ.⁹
1615 3659 1754 3714 κατά

188 3751 316 3813 τοὺς
341 3751 610 3814 Στωϊκοὺς
647 3752 711 3804 ὲκ
750 3750 848 3823 τῆς
877 3751 986 3804 τῶν
1012 3751 1289 3821 τεσσάρων
1324 3751 1600 3821 στοιχείων
1631 3751 1758 3823 κρά-

190 3858 326 3904 σεως
351 3840 628 3912 γινομένου
662 3841 755 3895 τοῦ
781 3841 1046 3912 σώματος,
1069 3841 1161 3895 καὶ
1184 3842 1532 3913 διαλυομένου
1565 3842 1754 3896 τούτου

188 3935 270 3997 εις
313 3932 380 3986 τά
430 3934 689 4004 τέσσαρα,
724 3933 1150 4004 παραμενόντων
1188 3933 1392 3986 τούτων
1443 3918 1753 4003 ἀφθάρτων,

185 4023 408 4080 δυνατόν
442 4027 556 4078 ὲστι
590 4015 752 4079 πάλιν
797 4019 884 4078 τά’
908 4011 1146 4096 τέσσαρα
1178 4027 1434 4096 στοιχεῖα,
1463 4025 1560 4095 τὴν
1589 4023 1755 4095 αὐτὴν

108 4104 113 4107 ’
193 4114 337 4188 μίξιν
373 4116 464 4169 καὶ
493 4115 688 4188 κράσιν
721 4115 951 4169 λαϐόντα
988 4115 1096 4187 (16)
1127 4113 1233 4170 ἀπὸ
1268 4115 1361 4169 τοῦ
1385 4117 1660 4186 διήκοντος
1689 4116 1754 4168 δι’

186 4206 368 4260 αὑτῶν
401 4205 557 4271 Θεοῦ,
589 4206 810 4276 ποιῆσαι
853 4206 882 4259 ὃ
928 4206 1190 4278 πρότερον
1233 4208 1520 4282 πεποιήκει
1569 4205 1750 4275 σῶμαι

187 4297 377 4369 ὥσπερ
409 4297 463 4351 εῐ
495 4316 580 4361 τις
628 4300 692 4351 ὲκ
737 4296 936 4370 χρυσοῦ
971 4299 1065 4351 καὶ
1110 4297 1371 4368 ἀργύρου,
1407 4297 1500 4350 καὶ
1532 4296 1754 4366 χαλκοῦ,

185 4393 283 4447 καὶ
315 4391 636 4464 κασσιτέρου
671 4392 884 4462 ποιήσει
922 4390 1118 4461 μίγμα,
1133 4389 1322 4441 ἔπειτα
1347 4377 1562 4459 θελήσει
1596 4387 1755 4441 πάλιν

184 4484 452 4547 διαλῦσαι,
481 4483 621 4536 ὥστε
655 4481 792 4547 κατά
840 4465 973 4535 ἰδίαν
1003 4481 1233 4534 ἕκαστον
1261 4475 1430 4533 εἶναι’
1465 4480 1560 4532 καὶ
1596 4479 1755 4532 πάλιν

189 4576 369 4647 μίξας,
400 4577 448 4631 εἰ
481 4574 693 4646 θελήσει
719 4571 856 4646 (Π),
887 4571 953 4626 τά
985 4572 1145 4637 αὐτὰ,
1185 4573 1399 4642 ποιήσει
1430 4570 1460 4623 δ
1493 4571 1757 4642 πρότερον

186 4670 475 4739 πεποιήκει
510 4666 566 4734 ἐξ
606 4666 783 4721 αὐτῶν
817 4666 1014 4736 μίγμα.
1049 4665 1160 4719 Καὶ
1193 4664 1333 4718 κατά
1377 4663 1469 4716 τὸν
1502 4663 1755 4715 Ἐπίκου-

188 4777 281 4832 ρον
309 4760 385 4824 δὲ,
425 4759 534 4812 τῶν
561 4759 775 4830 ἀτόμων
811 4757 1102 4830 ἀφθάρτων
1131 4754 1317 4809 οὐσῶν·
1337 4755 1430 4820 καὶ
1453 4753 1547 4807 τοῦ
1576 4753 1754 4818 κενοῦ,

189 4851 338 4924 παρά
367 4852 466 4924 τήν
500 4851 656 4904 ποιὰν
690 4849 841 4915 τάξιν
883 4849 1144 4903 καὶθέσιν
1174 4848 1280 4901 τῶν
1312 4847 1535 4917 ἀτόμων
1563 4863 1752 4899 συντε-

186 4941 449 5012 θειμένων
494 4941 702 5009 γίνεται
751 4941 821 4994 τά
872 4956 932 4994 τε
985 4939 1117 4994 ἄλλα
1168 4937 1515 5010 συγκρίματα
1572 4936 1757 4989 καὶτὸ

186 5032 372 5104 σῶμα·
398 5033 572 5104 χρόνῳ
592 5033 647 5086 δὲ
667 5032 1008 5102 διαλυόμενον
1030 5030 1162 5101 (18),
1191 5029 1461 5083 διαλύεται
1486 5027 1647 5081 πάλιν
1675 5030 1753 5091 εἰς

181 5123 283 5188 τὰς
339 5125 592 5194 ἀτόμους,
628 5122 686 5189 ἐξ
741 5116 816 5176 ὧν
869 5123 961 5176 καὶ
1015 5122 1246 5190 ἐγένετο.
1298 5121 1512 5175 Τούτων
1563 5139 1752 5192 μενου-

185 5214 296 5269 σῶν
331 5213 439 5285 (19)
471 5214 782 5286 ἀφθάρτων,
811 5212 975 5266 οὐδὲν
990 5213 1246 5266 ἀδύνατόν
1283 5213 1419 5277 ἔστι,
1469 5212 1752 5266 συνελθουο

252 5369 367 5442 (145)
390 5369 802 5442 ῌἌτᾳλύεσθαι
831 5367 928 5420 καὶ
971 5366 1371 5420 ἀπόλλυσθαι.
1421 5365 1519 5421 his.
1563 5367 1641 5429 εἰς
1686 5367 1746 5419 τὸ

184 5437 355 5515 ulla
377 5437 726 5515 ἀεώλλυσοαιο

254 5504 366 5581 (14)
394 5507 760 5591 Πράτμαζος.
799 5505 960 5562 Deest
989 5521 1052 5561 ea
1080 5521 1184 5561 vox
1212 5507 1264 5559 in
1313 5504 1437 5560 cod.
1477 5520 1585 5560 ms.
1623 5505 1745 5561 Mox

180 5579 325 5637 idem
348 5579 563 5631 τούτων
591 5579 788 5631 τοίνυν.

252 5649 366 5720 (15)
408 5649 500 5712 Ἐξ
533 5647 904 5720 αὑτῆς-,μοιβ
930 5645 987 5720 in
1021 5646 1182 5720 editis
1221 5643 1279 5710 ἐξ
1310 5643 1492 5720 αὕτοῦ.

246 5715 359 5790 (16)
391 5715 679 5790 Λᾳϐόντα.
741 5717 883 5790 Editi
930 5717 1291 5790 λαμϐάνοντα.
1352 5715 1492 5790 Mos
1520 5731 1586 5770 ex
1631 5732 1740 5790 tus.

175 5785 366 5915 sedici:
420 5789 766 5858 desumptum
818 5787 952 5843 illud
982 5785 1050 5840 δι’
1084 5787 1283 5850 αὐτῶν,
1306 5787 1451 5855 quod
1480 5787 1535 5840 in
1583 5785 1745 5842 editis

214 5874 340 5915 cera
365 5901 385 5914 .

214 5867 385 5916 eerat.

247 5930 362 6001 (l7)
397 5930 466 5984 Et
496 5927 756 5998 θελήσει.
784 5927 909 5985 Haec
931 5929 1215 6000 desumpta
1248 5944 1312 5984 ex
1347 5926 1468 5984 cod.
1490 5942 1593 5982 ms.
1622 5925 1744 5982 Mox

1862 2097 2014 2163 illud,
2051 2103 2317 2164 elementa
2350 2117 2472 2178 esse
2501 2103 2840 2171 incorrupta,
2872 2119 2935 2157 ex
2985 2104 3185 2172 quibus
3217 2107 3291 2159 rei
3329 2119 3429 2160 eu—

1857 2195 2058 2264 jusque
2109 2193 2167 2248 ﬁt
2222 2195 2522 2264 generatio.
2559 2191 2656 2249 His
2709 2211 2840 2264 ergo
2875 2195 2950 2248 ita
2983 2211 3040 2250 se
3075 2196 3427 2260 habentibus,

1862 2286 2139 2356 possibilis
2181 2287 2323 2355 apud
2375 2287 2498 2342 illos
2533 2301 2723 2340 omnes
2757 2288 3040 2356 apparebit
3066 2289 3248 2343 carnis
3278 2303 3433 2358 rcge-

1861 2376 2093 2431 neratio.
2134 2376 2260 2431 Sive
2289 2377 2432 2429 enim
2471 2378 2540 2430 sit
2573 2377 2798 2431 materia
2831 2385 2883 2440 et
2916 2376 3056 2431 Deus
3091 2393 3152 2431 ex
3187 2378 3430 2435 Platonis

1861 2470 2129 2523 sententia
2153 2513 2167 2534 ,
2195 2453 2488 2538 utrumque
2520 2470 2894 2539 incorruptum
2925 2486 3020 2526 :ac
3047 2471 3188 2526 Deus
3211 2473 3430 2541 quidem

1863 2559 2091 2613 artiﬁcis
2139 2558 2529 2622 locnm'tenet,
2568 2566 2697 2628 puta
2747 2559 2989 2624 ﬁctoris;
3024 2562 3250 2615 materia
3303 2573 3431 2614 vero

1862 2653 2042 2706 locum
2095 2651 2196 2706 luti
2247 2655 2340 2705 aut
2391 2667 2549 2715 cerae,
2582 2658 2676 2705 aut
2731 2652 2858 2705 talis
2910 2653 3236 2721 cujuspiam.
3274 2653 3432 2716 Quod

1861 2745 2027 2816 igitur
2053 2759 2083 2798 e
2114 2745 2342 2798 materia
2381 2743 2697 2814 ﬁgmentum
2733 2743 3068 2822 factum'cst,
3101 2761 3196 2799 seu
3227 2754 3429 2808 statua,

1862 2850 1956 2890 seu
1983 2837 2182 2905 imago,
2217 2836 2556 2905 corruptioni
2590 2835 2883 2889 obnoxium
2909 2843 3022 2902 est;
3053 2837 3279 2890 materia
3302 2848 3434 2891 vero

1863 2926 2001 2996 ipsa,
2030 2936 2090 2982 ut
2120 2929 2294 2983 lutum
2325 2935 2424 2982 aut
2472 2943 2617 2991 cera,
2650 2929 2829 2982 aliave
2862 2929 2988 2984 talis
3022 2930 3232 2998 species
3261 2937 3434 2983 malea

1863 3019 1976 3081 riae,
2010 3020 2349 3090 incorrupta.
2389 3021 2466 3074 Ita
2518 3019 2675 3074 ﬁctor
2702 3035 2767 3073 ex
2798 3033 2924 3074 cera
2978 3029 3071 3073 aut
3115 3021 3229 3074 luto
3282 3021 3435 3090 ﬁngit

1861 3111 2010 3165 et‘ad
2037 3112 2219 3167 vivum
2253 3112 2483 3166 formam
2518 3112 2776 3182 exprimit
2815 3099 3065 3167 animalis
3095 3125 3110 3166 :'
3134 3123 3435 3183 rursusque

1863 3202 1909 3256 si
1945 3203 2260 3274 ﬁgmentum
2284 3201 2828 3267 dissolutum.fuerit,
2869 3206 2917 3257 ei
2949 3218 3292 3273 nequaquam
3331 3205 3434 3258 im-

1863 3295 2124 3364 possibile
2153 3294 2258 3349 erit
2293 3294 2541 3347 eamdem
2568 3291 2822 3347 miscenti
2851 3306 2915 3346 ac
2942 3294 3226 3347 renovanti
3260 3303 3436 3348 mate—

1862 3387 2023 3452 riam,
2064 3385 2382 3457 ﬁgmentum
2436 3383 2580 3438 idem
2634 3382 2881 3438 reﬁcere.
2918 3382 3100 3449 Quare
3132 3386 3432 3440 secundum

1862 3478 2164 3541 Platonem,
2193 3493 2368 3547 neque
2399 3475 2528 3540 Deo,
2563 3476 2654 3545 qui
2680 3475 3035 3549 incorruptus
3055 3483 3141 3530 est
3169 3483 3220 3530 et
3252 3477 3434 3532 incor-

1813 3615 1816 3620 .
1864 3577 2079 3644 ruptam
2125 3570 2288 3625 habet
2322 3569 2642 3632 materiam,
2693 3566 2854 3637 592
2910 3567 3249 3636 impossibile
3303 3571 3432 3634 erit,

1862 3671 2152 3735 postquam
2188 3663 2390 3717 factum
2425 3677 2491 3716 ex
2521 3677 2583 3715 ea
2610 3661 2926 3731 ﬁgmentum
2957 3660 3280 3716 dissolutum
3309 3661 3434 3718 fue-

1861 3757 1953 3821 rit,
1976 3771 2095 3810 eam
2126 3769 2412 3817 renovare,
2446 3768 2511 3808 ac
2545 3754 2862 3823 ﬁgmentum
2898 3753 3063 3816 idem,
3094 3753 3254 3823 quale
3275 3755 3433 3824 prius

1863 3849 2058 3913 fuerat,
2096 3849 2424 3904 instaurare.
2464 3847 2570 3903 Sed
2594 3855 2650 3904 et
2671 3847 2973 3903 secundum
3019 3845 3258 3914 Stoicos,
3302 3865 3431 3905 cum

1861 3954 2060 4010 corpus
2087 3954 2118 3994 e
2147 3945 2382 4008 quatuor
2426 3939 2822 3993 elementorum
2870 3938 3250 4012 commistione
3313 3939 3432 3993 for-

1859 4036 2065 4083 matum
2115 4027 2301 4094 fuerit,
2337 4029 2382 4083 si
2414 4027 2471 4082 in
2501 4029 2594 4082 illa
2623 4012 3194 4098 quatuor'resolutum
3239 4027 3429 4095 fuerit,

1856 4117 2194 4192 incorruptis
2218 4121 2326 4176 illis
2357 4121 2805 4188 remanentibus;
2840 4120 3101 4191 possibile
3127 4127 3212 4176 est
3234 4137 3430 4177 rursus

1859 4219 2094 4281 quatuor
2125 4210 2415 4273 elementa,
2448 4209 2694 4265 eamdem
2726 4210 3161 4264 commistionein
3195 4225 3258 4265 ac
3282 4219 3432 4283 tem-

1859 4311 2235 4374 peramentum
2267 4316 2298 4355 a
2328 4300 2438 4356 Deo
2466 4300 2798 4372 pervadente
2844 4301 3190 4371 accipientia,
3218 4299 3432 4356 edicere

1858 4395 1914 4448 id
1940 4393 2094 4465 quod
2115 4394 2275 4466 prius
2307 4392 2554 4448 fecerant
2581 4408 2782 4463 corpus
2818 4401 2844 4447 ι·
2863 4390 3432 4462 quemadmodum,.si

1858 4487 1982 4555 quis
2007 4500 2072 4540 ex
2109 4499 2244 4538 auro
2272 4478 2327 4540 et
2373 4494 2598 4554 argento
2639 4491 2691 4537 et
2723 4499 2831 4538 :ere
2867 4491 2921 4538 et
2963 4490 3163 4538 stanno
3206 4483 3432 4536 mistum

1858 4574 2081 4645 aliquod
2122 4574 2307 4637 faciat,
2341 4590 2405 4629 ac
2435 4574 2632 4636 deinde
2669 4574 2800 4628 velit
2838 4573 2972 4640 illud
3005 4572 3328 4637 dissolvere,
3354 4572 3430 4626 ita

1785 4685 1827 4738 ι)
1859 4675 1917 4720 ιιι
1958 4681 2127 4720 ιιηιιιιι
2171 4666 2426 4736 quodque
2459 4678 2726 4720 seorsum
2752 4665 3018 4731 exsistat;
3048 4680 3353 4735 rursusque
3379 4666 3428 4720 si

1853 4758 2004 4822 velit,
2039 4756 2226 4813 eadem
2266 4758 2652 4820 commiscens,
2711 4757 2855 4811 idem
2911 4773 2974 4811 ex
3025 4757 3134 4811 illis
3201 4759 3428 4812 mistum

1854 4834 2037 4913 faciet,
2059 4849 2201 4925 quod
2230 4845 2354 4903 ante
2386 4847 2715 4904 Confecerat.
2748 4847 2951 4904 Deinde
2975 4847 3275 4903 secundum
3302 4847 3430 4918 Epi-

1853 4956 2070 5006 eurum,
2105 4956 2229 4995 cum
2264 4942 2428 4995 ιιιοωί
2475 4948 2529 4995 et
2560 4955 2794 4994 vacuum
2829 4937 3146 5008 incorrupta
3181 4939 3326 5006 sint,
3359 4954 3429 4993 ex

1855 5035 2056 5088 atomis
2092 5041 2242 5088 certo
2295 5033 2484 5087 ordine
2535 5041 2590 5088 et
2641 5035 2748 5086 situ
2781 5031 3126 5100 compositis,
3154 5046 3278 5084 cum
3309 5031 3428 5084 alia:

1856 5123 2234 5179 concretiones
2261 5123 2420 5188 ﬁunt,
2446 5118 2559 5178 tum
2582 5127 2743 5178 etiam
2761 5127 2964 5192 corpus
2989 5141 3001 5174 :
3025 5121 3172 5192 quod
3204 5122 3424 5192 quidem

1855 5223 2100 5285 tempore
2149 5216 2480 5271 dissolutum
2534 5216 2827 5271 resolvitur
2854 5215 2910 5269 in
2933 5215 3167 5273 easdem
3189 5223 3424 5280 atomos,

1854 5369 2022 5444 idem”
2061 5372 2304 5444 ποιῆσαι,
2356 5371 2453 5444 sed
2503 5369 2856 5444 scribendum
2902 5369 3122 5426 videtur
3172 5372 3419 5439 ποιήσαι.

1856 5438 2120 5522 Spicileg:
2411 5441 2668 5522 Parallel:
2688 5443 2942 5522 ποιήσειε,

1955 5458 2117 5512 crteg.
2153 5458 2376 5565 ποιησίὲ.
2411 5458 2660 5497 rarauel.
2688 5458 2922 5513 ποιησει.
2986 5511 2998 5523 .
3032 5511 3043 5522 .

1951 5511 2037 5583 18)
2071 5513 2273 5582 Χρόνῳ
2360 5513 2394 5566 ὲ
2450 5514 2866 5583 διαλυόμενον.
2905 5510 3272 5583 Εὼιιλχρόνῳ
3319 5510 3437 5583 μὲν·

1849 5579 2214 5653 διαλυόμενον.
2238 5579 2407 5638 Paulo
2431 5592 2556 5652 post
2587 5579 2728 5638 idem
2759 5582 2914 5646 τάξιν
2944 5582 3037 5634 καὶ
3057 5579 3204 5635 θὲσιν
3232 5579 3423 5634 λαϐόν-

1849 5667 1940 5708 τες
1970 5662 2024 5707 et
2054 5653 2302 5708 συνάγων
2323 5654 2425 5708 οὐκ
2455 5654 2796 5708 ἀδυνατήσει.

1848 5667 1940 5710 τες
1970 5667 2024 5707 ει
2054 5667 2302 5710 συνάγων
2323 5667 2425 5710 ωκ
2455 5667 2796 5710 αουνατησει.

1912 5667 1940 5714 ς
1970 5662 2024 5707 et
2054 5654 2302 5722 συνάγων
2323 5654 2425 5710 οὐκ
2455 5654 2796 5724 ἀδυνατήσει.

1923 5721 2032 5793 (19)
2064 5723 2192 5778 Μὲν
2221 5722 2443 5777 οὐσῶν.
2473 5723 2549 5778 Ex
2579 5723 2881 5779 mutatione
2905 5722 3016 5778 fere
3055 5721 3205 5778 nulla
3247 5719 3422 5775 diviso

1849 5793 2060 5866 scripsi
2102 5794 2391 5866 lectiqnem
2420 5795 2695 5866 vulgatam
2726 5794 3025 5863 μενουσῶν,
3056 5793 3218 5848 etiam
3250 5803 3421 5864 supra

1849 5860 1978 5930 ἀφθξ
2011 5863 2200 5921 οὐσῶν.
2239 5860 2420 5920 Οττο.
