4104 6432
107 399 271 455 15⁸15

1347 378 1403 449 's.
1446 392 1715 450 JUSTINI.
1755 391 2199 447 FRAGMENTA.

3281 399 3422 454 157i

97 519 176 572 σεδ
211 518 347 588 περὶ
376 515 541 569 αὑτοῦ
574 517 636 568 οὐ
669 515 944 587 φορτικόν.
981 517 1116 568 Κατ’
1149 515 1394 578 ἐξουσίαν
1428 514 1537 586 γὰρ
1567 513 1707 584 φερό-

1833 506 2028 565 merito
2070 526 2170 566 nec
2214 511 2712 566 demonstrationes
2746 526 2957 574 eorum,
2989 528 3111 582 quae
3140 512 3423 578 dicuntur,

104 627 311 680 μενος,
346 610 571 672 εἰκότως
615 608 734 661 οὐδὲ
779 607 878 670 τὰς
920 595 1221 671 ἀποδείξεις
1266 606 1376 658 τῶν
1418 607 1724 675 λεγομένων

95 700 476 754 ἀπαιτεῖσθαι
507 701 681 752 θέλειο
715 699 798 752 ὅτι
831 698 966 770 μηδέ
999 701 1136 751 εἰσιν
1165 698 1322 752 ἀλλαι
1352 697 1528 770 πάρεξ
1553 697 1724 766 αὐτῆς

95 792 217 862 τῆς
251 791 535 862 ἀληθείας,
554 788 692 861 ὅπερ
721 791 869 842 ἐστὶν
898 792 927 844 6
954 789 1103 852 Θεός.
1127 791 1283 842 Πᾶσα
1313 790 1423 860 γὰρ
1451 787 1725 852 ἀπόδειξις

104 882 456 953 ἰσχυροτέρα
499 883 592 934 καὶ
634 881 930 952 πιστοτέρα
968 879 1063 932 τοῦ
1106 866 1564 952 ἀποδεικνυμένου
1593 898 1724 948 τυγ-

99 975 276 1043 χάνει
302 991 315 1003 ·
368 975 482 1040 εῐγε
524 967 604 1025 τὺ’
634 972 899 1043 πρότερον
928 971 1343 1041 ’ἀπιστούμενον
1401 972 1567 1043 πρινὴ
1622 973 1722 1041 τὴν

97 1063 396 1128 ἀπόδειξιν
427 1063 622 1126 ἐλθεῖν,
643 1065 848 1134 ταύτης
880 1061 1257 1133 κομισθείσης,
1276 1061 1434 1132 ἔτυχε
1463 1062 1719 1125 πίστεως,

99 1156 208 1207 καὶ
242 1154 490 1207 τοιοῦτον
519 1154 714 1225 ὲφάνη,
741 1155 926 1206 ὁποῖον
965 1142 1202 1221 ἐλέγετο.
1236 1154 1349 1222 Τῆς
1377 1153 1434 1205 δὲ
1461 1142 1720 1222 ἀληθείας

103 1240 468 1317 ἰσχυρότερον
489 1247 640 1300 οὐδὲν
668 1246 787 1299 οὐδὲ
823 1245 1142 1316 πιστότερον
1162 1262 1174 1274 ·
1201 1244 1341 1296 ὥστε
1369 1245 1400 1296 6
1433 1244 1722 1316 neptuni-

95 1353 211 1408 της
243 1337 521 1402 ἀπόδειξιν
551 1337 719 1390 αίτῶν
745 1337 932 1407 ὅμοιός
950 1336 1166 1407 ἐστιτῷ
1185 1335 1256 1388 τά
1275 1335 1573 1405 φαινόμενα
1599 1339 1720 1399 ταῖς

97 1427 406 1498 αἰσθήσεσι
439 1429 618 1496 λόγοις
647 1427 855 1480 θέλοντι
885 1427 1326 1489 ἀποδείκνυσθαι,
1357 1427 1490 1479 διότι
1534 1428 1720 1495 φαίνε-

96 1536 223 1571 ται.
259 1519 382 1571 Τῶν
410 1519 522 1590 γάρ
549 1519 640 1572 διὰ
666 1519 760 1572 τοῦ
794 1519 954 1587 λόγου
985 1519 1416 1590 λαμϐανομένων
1440 1516 1553 1589 (81)
1597 1536 1718 1588 κρι-

95 1610 308 1681 τήριόν
341 1612 492 1664 ἐστιν
521 1612 554 1680 ἡ
585 1611 863 1682 αἴσθησις·
899 1611 1070 1681 αὐτῆς
1089 1611 1444 1681 δὲκριτήριον
1472 1611 1572 1662 οὐκ
1601 1609 1715 1662 ἐστι

97 1701 256 1772 πλὴν
287 1702 701 1774 αύτῆς.’Ὧσπερ
733 1698 824 1756 οὖν
855 1703 924 1755 τά
951 1703 1039 1756 διὰ
1077 1702 1174 1755 τοῦ
1206 1703 1366 1770 λόγου
1397 1700 1712 1772 θηρώμενα,

96 1792 423 1860 ἀπάγοντες
452 1795 546 1846 ἐπὶ
589 1796 690 1866 τὴν
721 1795 999 1866 αἴσθησιν,
1029 1794 1203 1866 ταύτῃ
1247 1777 1506 1865 κρίνομεν
1552 1793 1715 1846 ὁποῖά

97 1901 244 1938 ποτε
288 1885 419 1938 δντα
466 1888 743 1957 τυγχάνει,
780 1889 889 1940 εἴτε
935 1890 1030 1940 καὶ
1059 1884 1234 1958 ἀληθὴ
1265 1888 1375 1938 εἴτε
1420 1887 1515 1938 καὶ
1543 1885 1712 1956 ψευδῆ

95 1975 176 2027 τά
205 1975 499 2046 λεγόμενα,
532 1979 633 2030 οὐκ
664 1978 743 2030 ἔτι
781 1979 1127 2049 δὲ’κρίνομεν
1159 1978 1503 2041 πιστεύοντες
1535 1980 1705 2050 αὐτῇι

93 2064 253 2118 οὕτω
272 2068 366 2118 καὶ
387 2070 511 2130 τοὺς
531 2069 906 2139 ἀνθρωπίνους
942 2072 1037 2122 καὶ
1057 2072 1357 2142 κοσμικοὺς
1388 2071 1500 2140 (8‘2)
1521 2071 1712 2139 λόγους

95 2159 511 2229 ἀναπέμπομεν
546 2160 639 2212 ἐπὶ
668 2161 767 2230 τὴν
797 2160 1076 2231 ἀλήθειαν,
1101 2162 1196 2214 καὶ
1225 2161 1398 2232 ταύτῃ
1428 2163 1710 2232 κρίνομεν,

97 2250 219 2302 εἴτε
251 2250 448 2318 φαῦλοι
483 2251 593 2304 εἴτε
629 2253 723 2304 καὶ
773 2253 846 2324 μὴ
894 2253 1253 2323 τυγχάνουσιν
1281 2253 1451 2316 ὄντες.
1485 2255 1626 2316 Τοὺς
1654 2253 1711 2306 δὲ

96 2341 204 2410 τῆς
240 2341 497 2411 ἀληθείας
527 2343 702 2395 οὐδενὶ¹
735 2345 991 2415 κρίνομεν
1021 2345 1215 2416 ἑτέρῳ,
1240 2345 1586 2408 πιστεύοντες
1613 2345 1713 2397 αύ-

95 2432 192 2501 τῇ.
218 2433 376 2484 Ἐστι
422 2433 475 2484 δὲ
525 2433 751 2503 ἀλήθεια
782 2438 812 2488 6
841 2436 973 2504 Θεὸς
1002 2437 1031 2488 6
1063 2436 1256 2505 Πατὴρ
1297 2435 1406 2487 τῶν
1449 2435 1610 2497 ὃλων;
1651 2437 1708 2499 ὃς

97 2525 226 2576 ἐστι
270 2524 396 2587 νοῦς
438 2527 641 2589 τέλειος
666 2527 798 2598 (85).
833 2520 908 2580 Ob
944 2529 1236 2598 γενόμενος
1274 2517 1402 2591 Υἱὸς
1446 2531 1474 2580 6
1512 2529 1705 2596 Λόγος,

96 2611 270 2684 ἦλθεν
313 2619 392 2680 είς
427 2619 594 2687 ἡμᾶς,
631 2619 809 2689 σάρκα
845 2619 1104 2689 φορέσας,
1145 2619 1336 2670 ἑαυτόν
1366 2619 1439 2686 (τε
1477 2619 1572 2670 καὶ
1615 2619 1706 2671 τὸν

99 2707 331 2777 Πατέρα
356 2709 787 2778 μηνύων,διδοὺς
819 2713 952 2780 ἡμῖν
984 2712 1043 2763 ἐν
1072 2709 1250 2780 ἑαυτῷ
1278 2710 1378 2780 τὴν
1406 2711 1470 2762 ὲκ
1498 2711 1706 2782 νεκρῶν

99 2798 425 2862 ἀνάστασιν,
462 2802 555 2851 καὶ
592 2801 690 2871 τὴν
741 2801 879 2870 μετὰ
907 2800 1083 2854 ταῦτα
1113 2800 1258 2869 ζωὴν
1289 2800 1526 2852 αἰώνιον.
1550 2802 1706 2853 Ἐστι

97 2890 160 2942 δὲ
192 2885 353 2954 οὗτος
393 2891 601 2962 Ἰησοῦς
633 2893 867 2963 Χριστὸς
899 2894 928 2944 6
959 2892 1152 2962 Σωτὴρ
1182 2890 1341 2961 ἡμῶν
1371 2892 1465 2962 καὶ
1502 2894 1704 2943 Δεσπό-

100 2999 224 3052 της.
249 2977 418 3046 Οὗτος
448 2985 629 3036 τοίνυν
661 2985 824 3047 αὑτός
854 2986 1003 3036 ἐστιν
1026 2983 1221 3036 ἑαυτοῦ
1241 3001 1300 3035 τε
1328 2985 1422 3037 καὶ
1442 2984 1549 3036 τῶν
1568 2984 1704 3036 ὅλων

99 3073 365 3126 ἁπάντων
393 3076 578 3138 πίστις
605 3093 665 3127 τε
697 3076 792 3127 καὶ
822 3075 1096 3140 ἀπόδειξις
1128 3074 1260 3145 (84).
1289 3075 1486 3145 Διόπερ
1512 3075 1562 3127 οἱ
1591 3075 1707 3127 τού-

100 3182 183 3234 τῳ
214 3165 760 3230 κατακολουθοῦντες,
793 3169 1013 3235 γνόντες
1055 3167 1240 3229 αὐτὸν,
1275 3166 1372 3236 τὴν
1416 3169 1496 3228 είς
1537 3166 1701 3219 αὐτὸν
1729 3202 1771 3258 C

112 3259 293 3311 πίστιν
322 3260 396 3322 ὡς
422 3258 692 3322 ἀπόδειξιν
725 3259 960 3329 ἔχοντες,
990 3257 1396 3311 ἀναπαύσονται
1441 3257 1498 3309 ὲν
1527 3256 1696 3325 αὐτῷ.

117 3348 335 3420 Ἐπειδὴ
363 3349 420 3401 δὲ
451 3349 680 3413 πολλοὺς
707 3352 734 3402 6
763 3349 1134 3419 ἀντικείμενος
1163 3348 1414 3417 πολεμῶν
1441 3349 1504 3400 οὐ
1537 3347 1705 3399 παύε-

113 3455 220 3503 ται,
248 3440 470 3503 πολλαῖς
499 3441 554 3493 δὲ
583 3442 677 3494 καὶ
709 3441 982 3504 ποικίλαις
1152 3439 1392 3510 μεθόδοις
1420 3439 1556 3509 πρὸς
1585 3439 1704 3490 ἐπι-

105 3531 304 3604 ϐουλὴν
346 3533 568 3604 χρῆται,
614 3534 753 3604 πρὸς
808 3534 905 3602 μὲν
945 3533 1072 3594 τοὺς
1119 3532 1573 3593 πεπιστευκότας,
1615 3531 1703 3584 ἵνα

102 3622 330 3687 τούτους
359 3625 457 3696 τῆς
489 3626 724 3687 πίστεως
753 3623 1038 3693 ἀπαγάγῃ,
1057 3623 1196 3693 πρὸς
1222 3622 1419 3685 δὲτοὺς
1437 3622 1701 3684 ἀπίστους

107 3715 213 3778 ἐτι,
249 3715 332 3768 ῐνα
365 3717 437 3787 μὴ
470 3709 836 3768 πιστεύσίοσιν
857 3733 870 3744 ⁸
905 3717 1202 3783 ἀναγκαῖον
1233 3710 1374 3767 εἷναί
1418 3731 1506 3782 μοι
1531 3713 1698 3775 δοκεῖ,

106 3809 204 3860 καὶ
233 3809 398 3879 ἡμᾶς,
433 3809 914 3878 καθωπλισμένους
954 3811 1067 3870 τοῖς
1109 3807 1207 3877 τῆς
1250 3806 1488 3868 πίστεως
1523 3804 1702 3873 λόγοις

108 3899 370 3970 ἀτρώτοις
422 3897 594 3965 οὖσιν,
629 3901 1009 3971 ἀντιπολεμεῖν
1048 3899 1197 3970 αὐτῷ
1239 3897 1326 3951 διὰ
1375 3897 1502 3961 τοὺς
1534 3896 1698 3951 ἀσθε-

110 3993 238 4054 νεῖς.

186 4081 417 4137 11.Φασ“ιν
431 4087 480 4138 οἱ
499 4085 566 4138 τά
585 4085 805 4157 χείρονα
820 4085 1092 4153 λέγοντες,
1110 4084 1210 4136 οὑκ
1223 4078 1360 4135 εἶναι
1382 4082 1482 4153 τῆς
1498 4082 1701 4154 σαρκὸς

113 4173 433 4228 ἀνάστασιν·
466 4177 727 4228 ἀδύνατον
770 4175 879 4247 γὰρ
915 4170 1052 4226 εἶναι
1087 4174 1186 4244 τὴν
1214 4171 1574 4242 φθειρσμένην
1605 4173 1700 4224 καὶ

113 4266 480 4339 διαλυομένην,
518 4268 724 4337 ταύτην
775 4264 1106 4335 συναχθῆναι
1150 4265 1229 4326 εἰς
1266 4263 1326 4315 τὸ
1372 4262 1522 4314 αὑτό.
1555 4263 1699 4332 Πρὸς

115 4357 220 4428 γὰρ
248 4359 305 4410 τὸ
330 4359 589 4412 ἀδύνατον
621 4360 714 4412 καὶ
744 4356 1060 4428 ἀσύμφορόν
1102 4373 1264 4425 φασιν
1309 4354 1574 4427 ὑπάρχειν
1600 4355 1698 4424 τὴν

115 4449 311 4520 ταύτης
346 4451 640 4522 σωτηρίαν,
672 4451 765 4502 καὶ
790 4450 1105 4513 κακίζουσιν
1141 4447 1333 4518 αὐτὴν,
1366 4447 1436 4499 τά
1465 4445 1698 4498 ἐλαττώ-

1819 605 2053 672 ἐκρυεεί
2083 604 2218 667 vult,
2253 619 2379 657 cum
2409 619 2589 673 neque
2639 605 2759 658 aliae
2789 605 3082 659 sintextra
3112 604 3420 672 veritatem,

1828 710 1950 764 qua:
1982 695 2124 750 Deus
2157 703 2261 750 est.
2292 695 2484 753 Omnis
2515 696 2661 750 enim
2691 697 3086 752 demonstratio
3120 697 3314 752 fortior
3341 705 3423 752 est

1826 795 1882 842 et
1914 785 2016 840 ﬁde
2045 785 2266 855 dignior
2299 801 2364 840 eo
2396 786 2542 855 quod
2574 788 2985 852 demonstratur
3018 806 3030 840 :
3064 788 3334 858 siquidem
3368 789 3421 844 id

1827 877 1974 946 quod
2008 892 2116 930 non
2139 878 2486 942 credebatur,
2514 884 2806 947 antequam
2839 878 3050 934 subiret
3077 880 3425 937 demonstra-

1827 969 1926 1032 tio,
1960 983 2022 1022 ea
2053 968 2164 1036 jam
2199 968 2464 1037 producta
2495 969 2654 1023 ﬁdem
2684 972 3001 1040 assequitur
3033 979 3086 1026 et
3119 972 3223 1026 tale
3253 987 3421 1042 appa-

1826 1069 1931 1125 ret,
1966 1062 2128 1129 quale
2156 1060 2461 1115 dicebatur.
2494 1063 2563 1114 At
2604 1063 2830 1118 veritate
2861 1065 2996 1118 nihil
3030 1063 3245 1126 fortius,
3277 1066 3417 1118 nihil

1827 1141 1930 1204 ﬁde
1970 1149 2193 1219 dignius
2224 1169 2238 1202 :
2275 1150 2414 1204 adeo
2451 1159 2509 1203 ut
2538 1151 2584 1204 si
2615 1153 2740 1221 quis
2773 1153 2839 1215 de
2868 1155 2956 1207 illa
2989 1154 3417 1210 demonstratio-

1824 1259 1948 1298 nem
1984 1251 2268 1313 exposcat,
2301 1244 2498 1298 similis
2540 1245 2610 1298 sit
2640 1246 2964 1314 ‘postulanli,
2995 1255 3056 1298 ut
3085 1262 3208 1315 quae
3237 1249 3417 1302 sensi-

1822 1339 1929 1392 bus
1956 1349 2240 1409 apparent,
2273 1354 2336 1393 ea
2368 1341 2676 1393 rationibus
2699 1340 3104 1403 demonstretur
3127 1355 3411 1410 apparere.

1821 1429 1957 1483 Nam
2016 1446 2230 1494 eorum,
2276 1447 2398 1500 quae
2454 1433 2669 1486 ratione
2723 1432 3235 1500 apprehenduntur,
3262 1433 3413 1502 judi—

1821 1524 1968 1579 cium
1989 1527 2158 1594 pe'nes
2178 1540 2401 1579 sensum
2419 1534 2536 1581 est:
2567 1526 2742 1596 ipsius
2765 1536 2944 1582 autem
2975 1543 3194 1589 sensus,
3215 1538 3412 1595 praeter

1822 1616 2025 1685 ipsum,
2045 1616 2192 1670 aliud
2213 1633 2320 1671 non
2344 1627 2449 1673 est.
2482 1616 2953 1683 Quemadmodum
2987 1619 3153 1688 igitur
3181 1635 3267 1683 ea,
3289 1637 3412 1689 quae

1818 1709 2203 1787 ratiocinando
2241 1711 2419 1764 venati
2455 1727 2669 1774 sumus,
2707 1711 2772 1765 ad
2805 1727 3025 1765 sensum
3050 1712 3408 1777 adducentes,

1818 1813 1883 1852 ex
1915 1799 2034 1868 ipso
2069 1816 2234 1856 sensu
2279 1802 2593 1869 judicamus
2637 1804 2818 1872 qualia
2865 1804 3085 1857 tandem
3134 1804 3224 1856 illa
3275 1804 3406 1867 sint,

1818 1903 1998 1947 utrum
2035 1910 2162 1949 vera
2192 1910 2260 1949 an
2291 1895 2428 1950 falsa
2454 1897 2563 1950 sint
2593 1912 2654 1949 ea
2685 1911 2809 1965 qua
2836 1895 3114 1957 dicuntur,
3145 1905 3246 1949 nec
3279 1911 3410 1950 vero

1817 1987 1958 2040 ultra
2005 1987 2343 2056 judicamus,
2395 1988 2488 2042 sed
2543 1987 2701 2042 ﬁdem
2753 1988 2940 2042 sensui
2993 1988 3257 2044 habemus
3290 2007 3303 2041 :
3335 1989 3409 2042 ita

1815 2079 2087 2135 humanos
2133 2080 2551 2150 mundano‘sque
2585 2095 2866 2136 sermones
2899 2082 2964 2134 ad
3001 2082 3283 2135 veritatem
3322 2096 3396 2136 re-

1814 2172 2105 2234 mittimus,
2140 2187 2236 2242 per
2284 2187 2449 2242 quam
2494 2173 2696 2226 malinc
2734 2175 2862 2238 sint,
2895 2187 3099 2234 annon,
3136 2173 3406 2228 discerni-

1813 2280 1955 2318 mus.
1994 2265 2063 2318 At
2093 2280 2222 2319 vero
2254 2279 2540 2321 sermones
2570 2267 2817 2320 veritatis
2855 2266 3003 2319 nulla
3035 2282 3092 2319 re
3123 2266 3227 2318 alia
3256 2265 3404 2335 judi-

1811 2369 2026 2419 camus,
2061 2357 2155 2410 sed
2206 2358 2255 2411 ei
2307 2357 2464 2412 ﬁdem
2516 2358 2800 2412 habemus.
2836 2355 2936 2412 Est
2973 2365 3154 2411 autem
3201 2358 3403 2413 veritas

1813 2445 1956 2502 Deus
2009 2448 2393 2502 universorum
2444 2448 2624 2513 Pater,
2657 2450 2750 2518 qui
2794 2457 2878 2503 est
2927 2464 3083 2504 mens
3139 2449 3400 2518 perlecta.

1810 2535 1982 2606 Cujus
2014 2537 2205 2602 Filius,
2237 2556 2361 2594 cum
2409 2548 2552 2595 esset
2592 2540 2852 2602 Verbum,
2881 2541 2948 2594 ad
2985 2555 3084 2596 nos
3115 2539 3402 2594 descendit

1810 2643 2032 2682 carnem
2060 2639 2304 2700 gestans,
2337 2648 2504 2701 seque
2539 2634 2716 2701 ipsum
2747 2617 2800 2686 et
2831 2632 3048 2686 Patrem
3079 2632 3397 2694 ostendens,

1810 2721 2056 2792 dausque
2091 2725 2247 2780 nobis
2283 2726 2337 2777 in
2371 2725 2550 2792 seipso
2584 2725 3040 2778 resurrectionem
3071 2739 3134 2776 ex
3168 2723 3402 2777 mortuis

1808 2825 1861 2867 et
1912 2816 2145 2883 posthac
2190 2817 2358 2870 vitam
2408 2827 2690 2880 mter-nam.
2727 2815 2825 2870 Hic
2872 2829 3052 2870 autem
3110 2823 3192 2870 est
3235 2814 3402 2871 Iesus

1808 2906 2086 2970 Christus,
2137 2906 2388 2960 Salvator
2433 2916 2622 2961 noster
2648 2917 2700 2961 et
2730 2907 2995 2961 Dominus
3029 2927 3039 2960 :
3074 2923 3135 2959 ac
3170 2907 3398 2976 proinde

1808 2996 1948 3050 idem
1978 3007 2030 3051 et
2061 2999 2144 3052 sui
2180 2999 2353 3066 ipsius
2381 3010 2434 3052 et
2460 3007 2784 3074 cunctorum
2818 3000 2950 3054 ﬁdes
2974 3009 3057 3055 est
3084 3010 3137 3054 et
3169 3002 3397 3054 demon-

1808 3090 2022 3143 stratio.
2075 3089 2344 3155 Quocirca
2404 3092 2498 3159 qui
2558 3092 2706 3144 illum
2769 3100 3076 3158 sequuntur
3126 3094 3395 3147 ac‘illum

1807 3186 2166 3246 cognoscunt,
2206 3179 2359 3232 ﬁdem
2393 3181 2446 3233 in
2481 3196 2627 3243 eum,
2659 3189 2917 3250 tanquam
2971 3159 3395 3238 demonstratio-

1807 3283 1954 3330 moui,
1991 3271 2254 3324 habentes
2301 3271 2354 3324 in
2402 3273 2519 3339 ipso
2549 3274 2929 3342 acquiescunt.
2974 3274 3112 3339 Quia
3143 3292 3271 3329 vero
3300 3278 3394 3330 ad-

1807 3361 2085 3414 versarius
2136 3364 2337 3416 multos
2384 3379 2700 3432 oppugnare
2733 3381 2840 3419 non
2875 3367 3098 3429 desinit,
3131 3383 3191 3420 ac
3225 3369 3397 3436 pluri-

1807 3453 1908 3507 bus
1935 3455 2213 3524 variisque
2243 3455 2458 3509 artibus
2489 3457 2553 3508 ad
2591 3457 2820 3512 insidias
2861 3459 3055 3523 utitur,
3093 3467 3284 3513 contra
3330 3461 3394 3513 li-

1805 3545 1954 3600 deles
1986 3547 2205 3616 quidem
2239 3555 2296 3600 ut
2329 3562 2423 3601 eos
2455 3563 2484 3599 a
2517 3548 2618 3602 ﬁde
2641 3549 2897 3612 abducat,
2924 3560 3114 3603 contra
3147 3552 3394 3607 inﬁdeles

1805 3643 2010 3701 autem,
2042 3647 2102 3692 ut
2149 3655 2255 3692 non
2293 3639 2548 3705 credant;
2584 3642 2956 3695 necessarium
2991 3643 3122 3696 mihi
3151 3644 3390 3706 videtur,

1803 3735 1864 3782 ut
1891 3736 1944 3782 et
1975 3744 2076 3783 nos
2107 3728 2328 3783 invictis
2364 3730 2486 3785 ﬁdei
2513 3733 2861 3786 sermonibus
2902 3734 3192 3798 obarmati,
3225 3735 3390 3789 vicis~

1804 3820 1906 3874 sim
1944 3820 2043 3884 illi,
2077 3820 2420 3874 inﬁrmorum
2453 3836 2644 3887 causa,
2677 3822 2877 3876 bellum
2910 3823 3230 3878 inferamus.

1871 4081 1935 4138 ll.
1977 4082 2145 4136 Aiunt
2174 4083 2267 4152 qui
2300 4082 2573 4138 deteriora
2607 4081 2952 4151 proﬁtentur,
2986 4099 3092 4137 non
3115 4099 3236 4139 esse
3267 4100 3388 4138 cars

1801 4175 1889 4228 nis
1921 4173 2402 4228 resurrectionem.
2439 4170 2779 4241 lmpossibile
2813 4173 2957 4226 enim
2991 4189 3134 4235 esse,
3175 4181 3234 4227 ut
3265 4190 3388 4242 quae

1801 4271 2061 4334 corrupta
2079 4264 2460 4319 etminutatim
2491 4263 2761 4318 dissoluta
2790 4274 2894 4328 est,
2925 4279 2988 4318 ca
3013 4266 3066 4318 in
3092 4267 3385 4335 pristinum

1801 4364 2001 4412 statum
2033 4356 2375 4411 restituatur.
2403 4356 2590 4427 Neque
2618 4359 2760 4412 enim
2789 4359 3182 4427 impossibilem
3207 4361 3381 4415 solum

1801 4449 1894 4503 sed
1926 4458 1980 4503 et
2010 4449 2259 4503 inutilem
2289 4463 2411 4504 esse
2440 4451 2630 4504 dicunt
2658 4450 2777 4518 ejus
2808 4452 3064 4516 salutem,
3094 4467 3358 4508 accusant

121 4559 261 4612 ματα
289 4532 691 4614 προφέροντες,⁸
708 4543 802 4594 καὶ
826 4541 995 4611 αὐτὴν
1029 4540 1196 4610 μόνην
1223 4537 1333 4590 τῶν
1365 4536 1698 4608 ἁμαρτημά-

1810 4554 1907 4608 que
1938 4539 2108 4602 illam,
2141 4546 2195 4593 et
2238 4540 2359 4610 ejus
2406 4541 2535 4594 vitia
2585 4540 2890 4610 proferunt,
2925 4549 2977 4595 et
3006 4543 3176 4595 solam
3209 4543 3382 4612 ipsam

117 4651 221 4685 των
249 4635 424 4686 αἰτίαν
457 4634 872 4702 ἀποφαίνονται,
891 4631 1054 4694 ὥστε,
1075 4633 1122 4682 εί
1155 4629 1358 4700 μέλλει,
1381 4628 1534 4697 φασὶ,
1559 4625 1694 4696 σὰρξ

118 4722 448 4786 ἀνίστασθαι,
468 4723 560 4775 καὶ
587 4723 658 4775 τὰ
685 4721 1043 4791 ἐλαττώματα
1073 4719 1552 4787 συναναστήσεται.
1586 4715 1694 4768 Καὶ

193 4903 295 4972 (81)
342 4903 462 4976 Τῶν
509 4903 620 4976 γὰρ
668 4903 767 4976 διὰ
818 4902 943 4976 τοῦΔ
977 4903 1163 4970 λόγου
1209 4900 1689 4976 λαμϐᾳνομξναῃς.

125 4966 392 5042 Ejusmodi
444 4966 688 5029 rationes
718 4973 994 5042 intelligit,
1027 4966 1148 5042 quae
1181 4978 1237 5022 ut
1267 4966 1430 5038 paulo
1455 4975 1583 5019 aute
1611 4966 1695 5019 di-

124 5041 291 5106 cebat,
317 5059 382 5116 eo
411 5052 685 5112 spectant,
718 5041 914 5116 utAqute
935 5041 1181 5116 sensibus
1193 5047 1480 5116 apparent,
1505 5053 1568 5116 eo
1599 5051 1695 5116 ap-

123 5127 294 5180 parere
332 5109 739 5167 dem—onstretur.
772 5109 906 5177 Qua:
935 5111 1206 5180 ejusmodi
1256 5109 1695 5161 ratiocinationi-

128 5185 225 5236 bus
252 5199 528 5245 venamur,
561 5199 626 5238 ea
665 5183 864 5238 merito
916 5184 984 5236 ad
1036 5183 1214 5245 ipsum
1265 5193 1487 5232 sensum
1539 5191 1695 5229 revo-

127 5251 288 5306 canda
315 5261 367 5306 et
392 5271 456 5307 ex
491 5255 610 5322 ipso
638 5252 1012 5322 dijudicanda.
1046 5245 1400 5304 Emendanda
1430 5262 1561 5316 ergo
1593 5245 1694 5299 fuit

129 5322 235 5375 balc
265 5322 398 5376 Billii
433 5321 812 5389 interpretatio
844 5342 857 5376 :
896 5321 1116 5381 Eorum,
1141 5335 1259 5389 quc
1299 5335 1392 5387 per
1433 5331 1696 5389 rumorem

129 5393 464 5461 accipiuntur,
491 5385 754 5461 judicium
788 5409 942 5461 penes
973 5385 1184 5445 sensum
1217 5385 1332 5451 est;
1363 5397 1426 5461 et
1444 5402 1564 5439 mox
1577 5425 1596 5461 ,_
1629 5385 1699 5438 τά

128 5460 209 5514 διὰ
233 5461 320 5515 τοῦ
353 5458 508 5532 λόγου
537 5458 850 5534 θηρώμενά,
883 5479 966 5516 res
993 5477 1084 5529 per
1111 5476 1378 5513 rumorem
1410 5458 1696 5525 investiga-

130 5542 225 5586 ωε.

197 5605 300 5676 (82)
337 5603 693 5676 Koo'ymodc.
722 5601 960 5676 _Telle_r.,
995 5601 1255 5676 vulgares.
1281 5597 1460 5654 Οττο.

197 5671 299 5744 (85)
341 5673 464 5727 Haec
495 5680 683 5726 contra
711 5671 1004 5727 Gnosticos
1037 5671 1244 5740 prolata
1278 5677 1699 5744 sunt,_qut_non

135 5737 323 5798 tantum
344 5744 486 5796 Νοῦν
511 5744 916 5812 distinguebant
937 5743 1005 5795 ab
1035 5737 1100 5796 eo
1127 5756 1287 5810 quem
1307 5737 1522 5812 Πατέρα
1548 5737 1698 5792 dice-

137 5817 268 5871 bant.
300 5830 484 5868 verum
537 5809 708 5869 etiam
742 5813 962 5878 Πατέρα
1011 5809 1282 5866 docebant
1323 5809 1525 5862 τέλειον
1553 5824 1693 5876 esse,

1799 4630 2323 4698 peccatorum‘esse
2376 4647 2598 4687 causam
2647 4634 3030 4702 pronuntiant,
3082 4635 3154 4687 ita
3204 4642 3282 4702 ut,
3335 4637 3381 4690 si

1797 4737 1926 4776 caro
1961 4730 2232 4793 resurgat,
2266 4723 2542 4793 inquiunt,
2571 4724 2744 4794 ipsius
2776 4740 2994 4795 quoque
3025 4726 3154 4779 vitia
3191 4742 3382 4782 resur-

1798 4916 1909 4954 non
1947 4902 2074 4954 item
2094 4899 2254 4954 Νοῦν.
2279 4900 2435 4954 Οττο

1868 4972 1981 5042 (84)
2022 4968 2262 5036 οὗτος...
2309 4969 2635 5035 ἀπόδειξις.
2678 4969 2758 5022 Ad
2809 4971 3094 5040 superiora
3141 4971 3375 5036 alludit;

1795 5039 2010 5112 dixerat
2058 5045 2338 5095 veritatem
2391 5057 2450 5096 se
2499 5042 2669 5110 ipsam
2726 5039 3138 5107 demonstrare,
3189 5042 3379 5112 sicque

1797 5127 1944 5166 nunc
1974 5111 2160 5176 Jesum
2192 5112 2470 5166 Christum
2515 5126 2641 5165 eum
2692 5112 2948 5180 appellat,
2982 5112 3076 5181 qui
3106 5128 3165 5166 se
3195 5111 3373 5181 ipsum

1796 5182 2139 5237 demonstret
2169 5187 2292 5235 cum
2321 5196 2464 5243 esse,
2495 5181 2712 5250 qualem
2741 5197 2799 5236 se
2831 5181 2979 5234 credi
3009 5183 3144 5246 vult,
3177 5185 3378 5250 agendo

1795 5252 2078 5316 nimirum,
2106 5252 2374 5320 patiendo,
2407 5251 2746 5320 resurgendo,
2777 5267 2917 5320 quae,
2950 5266 3073 5304 cum
3125 5253 3181 5305 in
3234 5250 3380 5305 facto

1798 5323 1976 5391 posita
2005 5330 2060 5376 et
2093 5322 2537 5378 testimoniorum
2569 5322 2671 5376 ﬁde
2691 5322 2901 5374 ﬁrmata
2933 5323 3064 5384 sint,
3097 5337 3260 5391 nemo
3282 5338 3379 5375 uc-

1796 5390 1926 5460 gare
1962 5394 2136 5462 possit
2165 5394 2410 5463 adeoque
2436 5394 2673 5462 quisque
2703 5393 2927 5445 credere
2958 5400 3202 5460 cogatur.
3235 5390 3377 5444 Tu.-

1797 5477 1986 5516 ιεῐιυδ.

1868 5533 1981 5600 (85)
2021 5533 2130 5586 Καὶ
2159 5533 2473 5598 ποικίλαις.
2517 5532 2684 5590 Grab,
2708 5531 2930 5596 πολλαῖς
2958 5551 3016 5584 τε
3041 5534 3270 5594 πυκναῖς
3294 5550 3373 5586 τε.

1799 5601 2192 5658 Ed'it.S.Joan.
2223 5603 2470 5658 Damasc.
2498 5603 2719 5666 πολλαῖς
2748 5603 2804 5655 δὲ
2837 5606 2929 5656 καὶ
2963 5622 3032 5655 πυ
3104 5607 3206 5665 αἷς.
3241 5601 3378 5657 Lon-

1795 5689 1864 5744 ge
1892 5674 2086 5728 melior
2115 5674 2480 5743 antiquissimi
2515 5673 2836 5726 Coisliniaui
2885 5674 3180 5744 scriptura,
3215 5689 3376 5743 quem

1799 5743 1868 5798 ad
1900 5745 2064 5801 huius
2093 5745 2344 5819 opusculi
2375 5744 2812 5799 emendationem
2847 5743 3090 5798 adhibui.
