4104 6432
694 455 718 509 l
728 451 832 513 579

1926 444 2289 503 APPENDIX.
2319 477 2387 486 —
2427 444 2605 500 PARS
2643 443 2707 499 ll.

3819 450 3964 505 1530

690 582 949 641 tanquam
978 569 1089 625 Deo
1115 582 1234 625 eam
1268 568 1534 625 suscitare
1566 583 1675 623 non
1709 567 2027 630 conveniat,
2075 573 2263 635 utpote

2364 563 2419 615 δὲ
2448 562 2523 624 ὼς
2555 562 2629 633 μὴ
2659 563 2931 633 προσῆκον
2957 563 3035 633 τῷ
3064 560 3180 634 Θεῷ
3214 561 3523 616 ἀνιστάνειν
3554 562 3733 633 αὐτὴν
3781 564 3878 617 διά
3908 565 3968 616 τὸ

688 662 852 715 vilem
897 668 950 715 et
984 659 1408 729 despicabilem;
1442 658 1533 711 alii
1570 657 1824 727 denique,
1860 656 2005 727 quod
2039 656 2115 708 illi
2151 655 2264 725 pri-

688 753 857 806 mitus
898 767 1004 804 non
1047 753 1117 805 sit
1170 752 1440 820 promissa
1480 750 1831 805 resurrecﬁo.
1866 747 2111 801 Primum
2146 746 2267 815 qui-

690 846 809 898 dem
863 846 1128 900 adversus
1161 861 1275 907 eos.
1307 847 1396 915 qui
1452 844 1845 915 impossibilem
1893 839 2003 897 Deo
2036 856 2158 895 esse
2189 840 2266 894 di-

689 945 818 990 cunt
850 938 1034 992 carnis
1064 938 1540 1001 resurrectionem,
1572 938 1705 991 mihi
1731 937 1948 991 videtur
1970 934 2263 990 ostenden-

687 1030 817 1082 dum
850 1045 943 1083 eos
976 1030 1245 1098 ignorare,
1280 1044 1339 1084 se
1368 1030 1537 1084 verbo
1566 1030 1784 1099 quidem
1832 1028 2021 1083 ﬁdeles
2052 1043 2111 1083 se
2141 1043 2263 1083 esse

687 1121 961 1189 proﬁteri,
1006 1120 1100 1173 sed
1150 1118 1306 1175 factis
1355 1119 1737 1175 demonstrare
1769 1118 2015 1175 inﬁdeles
2057 1133 2116 1173 se
2141 1132 2263 1173 esse

688 1219 741 1265 et
782 1209 1091 1265 inﬁdelibus
1139 1190 1649 1265 inﬁdeliorestam
1681 1223 1808 1263 cum
1854 1214 2043 1278 gentes
2072 1222 2263 1262 omnes

688 1302 1001 1359 simulacris
1049 1302 1276 1356 credant
1322 1310 1376 1355 et
1417 1316 1741 1371 persuasum
1792 1300 2027 1355 habeant
2075 1300 2260 1353 omnia

688 1390 797 1444 illis
831 1405 952 1444 esse
1010 1388 1315 1460 possibilia,
1372 1388 1834 1458 quemadmodum
1889 1398 1943 1443 et
1994 1388 2262 1444 Ilomerus

685 1494 875 1533 eorum
922 1488 1080 1550 poeta
1112 1478 1353 1535 dixit“:
1388 1477 1480 1531 Dii
1515 1480 1695 1532 omnia
1740 1488 1982 1549 possunt,
2014 1490 2064 1532 et
2104 1478 2263 1547 facile

689 1571 920 1641 (addidit
948 1587 1137 1627 vocem
1187 1574 1337 1644 ῥεῖα,
1368 1571 1515 1643 quod
1557 1578 1642 1627 est
1684 1569 1859 1639 facile,
1894 1576 1953 1624 ut
1984 1569 2262 1641 magnitu-

686 1664 867 1717 dinem
898 1664 1150 1733 potentiae
1190 1661 1416 1717 deorum
1450 1661 1803 1732 declararet),
1833 1660 1990 1716 multi
2028 1660 2137 1717 illis
2176 1660 2264 1715 in-

687 1756 958 1810 ﬁdeliorcs
987 1762 1268 1826 apparent.
1297 1754 1353 1809 Si
1380 1754 1525 1809 enim
1556 1761 1746 1824 gentes
1775 1754 1959 1816 idolis,
1982 1752 2091 1809 diis
2122 1753 2258 1818 suis,

686 1850 776 1919 qui
808 1866 961 1902 aures
994 1846 1179 1901 habent
1215 1856 1263 1900 et
1308 1863 1412 1900 non
1456 1846 1712 1911 audiant,
1753 1845 1934 1900 oculos
1978 1845 2168 1900 habent
2210 1857 2260 1901 et

2369 652 2581 715 εὐτελὲς
2629 654 2719 705 xa‘t
2757 654 3224 723 εὐκαταφρόνητον
3255 654 3471 725 αὐτῆς·
3514 656 3563 706 οἱ
3611 654 3695 717 δὲ,
3740 655 3829 706 ὅτι
3864 656 3969 725 τὴν

2367 741 2540 813 ἀρχὴν
2566 742 2686 795 οὐδὲ
2731 722 3057 811 ἐπαγγελίαν
3102 722 3265 813 ἔχεινί
3316 722 3540 815 Πρῶτον
3576 745 3681 814 μὲν
3715 739 3818 796 οὖν

2363 833 2508 886 δοκεί
2533 832 2669 905 πρὸς
2697 835 2821 898 τοὺς
2850 834 3105 888 ἀδύνατον
3148 834 3285 888 εἶναι
3312 835 3568 903 λέγοντας
3597 837 3679 906 τῷ
3728 836 3860 905 Θεῷ
3908 839 3969 889 τὸ

2366 924 2565 994 ταύτην
2582 924 2882 995 ἀναστῆσαι
2909 924 3213 989 διεξελθεῖν,
3234 927 3316 977 ὅτι
3342 924 3628 993 ἀγνοοῦσιν
3661 928 3849 987 αὐτοὶ,
3886 927 3968 996 τῷ

2362 1014 2506 1087 λόγῳ
2547 1016 2795 1084 λέγοντες
2833 1014 2967 1069 εἶναι
3014 1018 3270 1079 πιστοὺς,
3318 1019 3411 1071 καὶ
3457 1016 3544 1070 διὰ
3598 1018 3715 1069 τῶν
3779 1021 3967 1089 ἔργων

2364 1105 2775 1170 ἀποδεικνύντες
2826 1109 3083 1172 ἀπίστους
3132 1110 3375 1171 ἑαυτοὺς,
3406 1108 3500 1161 καὶ
3544 1110 3655 1162 τῶν
3704 1110 3967 1162 ἀπίστων

2364 1199 2767 1271 ἀπιστοτέρους.
2806 1200 2924 1254 Τῶν
2952 1201 3060 1273 γὰρ
3098 1202 3266 1255 ἐθνῶν
3322 1200 3575 1254 ἁπάντων
3624 1203 3722 1254 ἐπὶ
3765 1202 3840 1256 τά
3882 1206 3964 1255 εῖ-

2363 1290 2508 1345 δωλα
2550 1294 3008 1357 πεπιστευκότων,
3054 1294 3149 1347 καὶ
3194 1293 3597 1364 πεπεισμένων,
3644 1296 3729 1347 ὅτι
3779 1296 3967 1350 πάντα

2367 1384 2566 1439 δυνατὰ
2602 1386 2783 1448 αὐτοῖς
2816 1388 2961 1439 ἐστιν
3008 1386 3103 1457 (ὡς
3132 1388 3225 1439 καὶ
3256 1387 3498 1459 ’Όμηρος
3529 1390 3557 1441 ό
3590 1390 3835 1459 ποιητὴς
3865 1390 3967 1440 αὖ-

2363 1478 2470 1532 τῶν
2492 1496 2654 1550 φησιν
2672 1497 2683 1509 ·
2725 1479 2853 1531 Θεοί
2884 1478 2952 1531 δε
2995 1478 3189 1531 πάντα
3217 1478 3501 1531 δύνανται
3521 1479 3618 1531 καὶ
3631 1478 3800 1546 ρεἷασ
3824 1476 3969 1533 ἀ).λά

2365 1572 2458 1624 καὶ
2487 1571 2566 1633 τὸ,
2588 1571 2752 1639 ῥεῖα,
2796 1571 3153 1642 προσέθηκεν,
3185 1570 3319 1642 ὅπερ
3360 1570 3508 1624 ἐστὶν
3546 1572 3838 1642 εὐχερῶς,
3876 1574 3967 1625 ἵνα

2361 1663 2462 1735 τὴν
2497 1663 2889 1735 μεγαλειότητα
2918 1664 3019 1732 τῆς
3066 1663 3170 1716 τῶν
3200 1662 3336 1716 θεῶν
3383 1662 3459 1735 (5)
3513 1661 3815 1733 δυνάμεως
3863 1665 3965 1735 ἐμ.

2363 1755 2549 1832 φάνῃ),
2593 1756 2776 1809 πολλοὶ
2804 1756 3007 1808 τούτων
3038 1754 3112 1826 (6)
3156 1753 3497 1827 ἀπιστότεροι
3544 1757 3863 1836 φαίνονται.
3899 1758 3963 1808 Εἰ

2363 1846 2471 1917 γὰρ
2497 1850 2609 1911 τοῖς
2637 1848 2873 1911 εἰδώλοις
2901 1847 2969 1901 τά
3014 1846 3138 1918 ἔθνη
3176 1849 3289 1909 τοῖς
3327 1846 3468 1910 Θεοῖς
3509 1848 3714 1911 αὐτῶν,
3750 1850 3804 1902 οἳ
3839 1848 3964 1902 ὦτα

685 1960 787 1995 non
818 1940 988 1995 vident
1012 1943 1078 2003 ’⁷,
1108 1940 1291 1993 omnia
1334 1954 1430 1995 eos
1482 1954 1646 2010 posse
1685 1939 1947 2003 credunt,
1992 1954 2117 1993 cum
2150 1939 2255 2009 ipsi

2362 1941 2590 2009 ἔχουσι,
2618 1942 2728 2007 ,καὶ
2770 1943 2882 1994 οὐκ
2910 1940 3258 2005 ἀκούουσιν,
3309 1940 3660 2009 ὀφθαλμοὺς
3697 1941 3962 2011 ἔχουσι,

684 2034 793 2087 sint
817 2031 1103 2095 daemonia,
1132 2031 1275 2085 sicut
1304 2030 1547 2099 loquitur
1576 2028 1882 2099 Scriptura,
1910 2028 2002 2081 Dii
2029 2030 2259 2099 gentium

682 2122 1051 2188 daemonia“;
1078 2121 1250 2175 multo
1293 2120 1465 2190 magis
1513 2134 1635 2184 nos,
1667 2120 1759 2189 qui
1802 2128 2009 2174 rectam
2040 2128 2095 2175 et
2142 2122 2259 2176 exi-

682 2214 849 2267 miam
880 2224 934 2267 et
961 2227 1141 2267 veram
1176 2212 1335 2265 tidem
1367 2217 1637 2275 tenemus,
1669 2208 1780 2264 Deo
1817 2217 2008 2265 nostro
2035 2210 2260 2266 credere

681 2302 964 2366 debemus,
990 2317 1112 2357 cum
1138 2310 1191 2357 et
1222 2308 1542 2373 argumenta
1570 2300 1900 2368 habeamus;
1932 2316 1995 2356 ac
2022 2302 2258 2371 primum

682 2394 903 2463 quidem
950 2391 1271 2461 protoplasti
1315 2390 1753 2461 generationem,
1795 2388 1944 2460 quod
1974 2406 2004 2444 e
2050 2399 2200 2445 terra
2227 2403 2259 2443 a

682 2480 796 2540 Deo
838 2484 1056 2551 factus;
1108 2492 1195 2539 est
1232 2482 1376 2537 enim
1422 2481 1569 2537 istud
1608 2482 1819 2535 clarum
1867 2479 1960 2536 Dei
2005 2482 2261 2553 potentia:

683 2581 1083 2646 argumentum.
1111 2572 1313 2629 Deinde
1336 2588 1464 2629 vero
1483 2588 1626 2638 eam,
1652 2588 1773 2644 qua
1801 2580 1989 2644 postea
2012 2589 2077 2627 ex
2099 2572 2255 2643 591

683 2666 952 2722 ambobus
994 2666 1133 2721 facta
1180 2672 1293 2730 est,
1338 2664 1747 2735 generationem
1783 2664 2260 2721 considerantibus

682 2774 910 2815 cernere
938 2759 1085 2819 licet.
1121 2754 1192 2827 ac
1244 2758 1418 2829 magis
1450 2757 1638 2812 mirari
1674 2756 1948 2828 quomodo
1979 2769 2011 2812 e
2036 2755 2261 2810 minima

682 2850 933 2905 humoris
985 2849 1196 2920 guttula
1251 2855 1468 2903 tantum
1532 2847 1852 2903 eﬁ'ormetur
1911 2846 2133 2902 animal.
2182 2845 2261 2899 Ac

680 2942 951 3013 profecto,
1000 2942 1048 2996 si
1094 2941 1151 2996 id
1196 2956 1415 3012 quoque
1462 2940 1830 3012 promissione
1861 2938 2259 3002 contineretur,

681 3050 862 3107 neque
903 3034 1104 3089 factum
1138 3042 1478 3101 cerneretur,
1507 3034 1687 3103 multo
1713 3034 1841 3090 aliis
1884 3030 2263 3088 incredibilius

683 3136 860 3196 esset;
894 3128 991 3185 sed
1022 3128 1343 3184 credibilius
1383 3127 1564 3183 reddit
1610 3126 1857 3183 eﬁ‘ectus.
1886 3125 2051 3197 Atqui
2082 3127 2151 3182 de
2176 3141 2265 3182 re-

682 3220 1029 3277 surrectione
1068 3220 1227 3274 nobis
1266 3218 1519 3273 Salvator
1565 3217 1805 3273 ostendit
1840 3215 2087 3283 eﬁectus,
2120 3229 2260 3287 quos
2286 3258 2330 3319 ε

680 3313 845 3386 paulo
877 3319 1000 3383 post
1030 3311 1608 3367 commemorabimus.
1650 3309 1809 3366 Nunc
1849 3318 2033 3366 autem
2076 3309 2260 3382 possi-

680 3406 848 3462 bilem
892 3420 1017 3471 csse
1050 3404 1237 3461 carnis
1278 3404 1743 3460 resurrectionem
1790 3402 2257 3467 demonstramus,

683 3500 755 3555 ab
788 3497 1044 3555 Ecclesiae
1078 3497 1225 3565 ﬁliis,
1262 3497 1310 3555 si
1350 3497 1513 3553 etiam
1550 3496 1880 3561 rationibus,
1918 3510 2041 3567 qum
2078 3502 2263 3550 extra-

682 3578 803 3647 neae
828 3590 1083 3646 videntur
1116 3595 1171 3646 et
1208 3589 1521 3653 mundanae,
1558 3590 1785 3652 utimur,
1814 3587 2031 3643 veniam
2061 3600 2262 3657 expos-

685 3691 896 3748 centes,
944 3684 1121 3754 primo
1163 3680 1385 3753 quidem
1432 3682 1561 3753 quia
1602 3680 1742 3736 nihil
1784 3678 1897 3735 Deo
1941 3686 2261 3734 extraneum

683 3785 797 3842 cst,
840 3792 903 3831 ac
949 3793 1018 3833 ne
1057 3778 1175 3848 ipse
1217 3775 1437 3847 quidem
1491 3775 1757 3841 mundus;
1806 3783 1892 3831 est
1936 3772 2081 3830 enim
2116 3771 2261 3825 illius

684 3886 843 3942 opus.
889 3869 1091 3926 Deincﬁ
1139 3885 1269 3925 vero
1311 3870 1438 3941 quia
1482 3868 1730 3924 inﬁdeles
1774 3868 1862 3923 his
1914 3863 2260 3924 sermonibus

685 3967 1099 4037 compellamus.
1145 3963 1281 4019 Nam
1329 3964 1376 4020 si
1430 3954 1653 4029 ﬁdeles,
1701 3961 1837 4017 satis
1877 3968 2026 4017 esset
2079 3958 2262 4016 dicere

684 4072 788 4113 nos
812 4056 1062 4124 credere;
1092 4071 1239 4111 nunc
1267 4063 1450 4113 autem
1479 4070 1576 4125 per
1608 4052 2108 4127 demonstrationes
2133 4070 2263 4125 pro-

684 4150 879 4206 cedere
923 4157 1007 4204 est
1068 4147 1462 4203 necessarium.
1518 4145 1761 4202 Tametsi
1814 4144 1983 4216 igitur
2029 4145 2261 4202 antehac

683 4242 949 4315 produCta
980 4248 1301 4311 argumenta
1329 4241 1467 4296 satis
1497 4240 1565 4295 ad
1595 4236 2083 4296 demonstrandum
2120 4252 2260 4307 pos-

684 4333 897 4389 sibilem
921 4346 1042 4386 esse
1072 4330 1259 4385 carnis
1301 4316 1764 4387 resurrectionem
1801 4330 2008 4386 fuerint
2037 4333 2256 4397 idonea,

682 4433 867 4479 tamen
887 4424 957 4478 ob
988 4419 1212 4477 niml‘am
1238 4421 1456 4477 illorum
1483 4423 1883 4500 inﬁdelitatem,
1903 4425 2116 4483 ratione
2134 4436 2259 4486 utar

682 4533 805 4589 quae
834 4518 1008 4587 magis
1037 4523 1245 4586 urgeat,
1278 4532 1387 4571 non
1416 4532 1447 4570 a
1480 4515 1585 4572 ﬁde
1613 4517 1833 4587 quidem
1864 4518 2050 4585 ducta,
2082 4534 2113 4574 a
2150 4534 2257 4591 qua

2360 2032 2458 2086 καὶ
2487 2035 2597 2087 οὐκ
2630 2032 2903 2100 ὄψονται,
2931 2033 2992 2084 τὺ
3031 2030 3208 2085 πάντα
3236 2030 3493 2085 δύνασθαι
3540 2033 3960 2086 πεπιστεύκασι

2358 2123 2654 2195 δαιμονίοις
2698 2119 2845 2189 οὖσι,
2878 2122 3059 2186 καθὼς
3104 2126 3137 2193 ἡ
3170 2122 3359 2193 Γραφὴ
3400 2121 3581 2191 λέγει,
3625 2124 3711 2175 ὅτι
3741 2127 3801 2177 οἱ
3833 2124 3958 2177 θεοὶ

2359 2213 2477 2269 τῶν
2517 2214 2706 2270 ἐθνῶν
2760 2216 3061 2285 δαιμόνια,
3121 2214 3300 2285 πολλῷ
3359 2215 3558 2285 μᾶλλον
3612 2217 3787 2285 ἡμεῖς
3835 2217 3959 2287 ἐορ-

2359 2306 2455 2378 τὴν
2488 2308 2563 2378 (7)
2606 2308 2877 2379 ἐξαίρετον
2908 2309 3001 2362 καὶ
3033 2308 3203 2379 ἀληθῆ
3234 2309 3414 2360 πίστιν
3461 2307 3701 2377 ἔχοντες,
3732 2310 3957 2378 ὀφείλο-

2362 2416 2461 2470 μεν
2489 2399 2566 2471 τῷ
2600 2399 2718 2470 Θεῷ
2744 2399 2901 2469 ἡμῶν
2930 2399 3203 2452 πιστεύειν
3226 2439 3239 2462 ,
3270 2399 3483 2469 ἔχοντες
3502 2400 3795 2470 τεκμήρια
3814 2440 3829 2464 ,
3866 2404 3959 2456 καὶ

2360 2490 2575 2562 πρῶτον
2626 2492 2725 2562 μὲν
2752 2492 2850 2561 τὴν
2880 2490 2973 2543 τοῦ
3022 2491 3453 2563 πρωτοπλάστου,
3476 2491 3717 2558 γένεσιν,
3760 2492 3851 2545 ὅτι
3894 2496 3958 2547 ἐκ

2360 2583 2463 2654 γῆς
2492 2581 2599 2635 ύπδ
2627 2582 2760 2636 Θεοῦ
2792 2582 3013 2652 γέγονεν
3031 2599 3044 2612 ο
3084 2582 3263 2635 ἱκανὸν
3301 2584 3409 2653 γὰρ
3435 2582 3594 2636 τοῦτο
3621 2584 3833 2656 δεῖγμα
3861 2587 3959 2657 τῆς

2362 2674 2453 2728 τοῦ
2482 2673 2614 2728 Θεοῦ
2662 2675 2970 2747 δυνάμεως·
3003 2675 3193 2728 ἔπειτα
3219 2676 3274 2728 δὲ
3323 2677 3417 2730 καὶ
3446 2678 3546 2747 τὴν
3590 2678 3736 2746 μετὰ
3782 2678 3958 2733 ταῦτα

2360 2766 2421 2831 ἐξ
2448 2768 2688 2839 ἀλλήλων
2714 2768 2921 2835 γένεσιν
2954 2766 3304 2821 κατανοοῦσιν
3328 2767 3473 2822 ἔστιν
3501 2769 3649 2832 ἰδεῖν,
3691 2770 3793 2823 καὶ
3823 2769 3957 2823 Bau-

2366 2858 2533 2930 μάσαι
2564 2857 2843 2929 μειζόνως,
2876 2858 2957 2912 ὅτι
2985 2858 3046 2923 ὲξ
3072 2858 3365 2930 ἐλαχίστης
3396 2859 3606 2933 ῥανίδας
3637 2860 3819 2932 ὑγροῦ
3862 2879 3959 2933 τη-

2362 2950 2605 3004 λικοῦτον
2638 2950 2934 3005 πλάσσεται
2963 2951 3119 3016 ζῶον.
3142 2951 3337 3005 Καίτοι
3366 2968 3429 3020 γε
3458 2953 3517 3004 εί
3549 2953 3607 3004 ὲν
3640 2953 3958 3025 ἐπαγγελίᾳ

2366 3044 2461 3099 καὶ
2487 3044 2646 3097 τοῦτο
2669 3038 2761 3115 ἦν,
2800 3046 2893 3096 καὶ
2927 3044 3000 3115 μὴ
3047 3043 3295 3113 ἐφαίνετο
3322 3043 3625 3114 γινόμενον,
3658 3045 3801 3099 πολὺ
3848 3047 3959 3100 τῶν

2365 3134 2537 3189 ἀλλων
2581 3130 2650 3207 ἦν
2699 3135 3085 3206 ἀπιστότερον·
3128 3135 3263 3188 ἀλλά
3309 3134 3417 3207 γὰρ
3447 3137 3770 3209 πιστότερον
3824 3138 3960 3192 αὐτὸ

2366 3229 2509 3281 ποιεῖ
2522 3227 2868 3298 ἀποτέλεσμα
2887 3226 2980 3299 (8).
3010 3226 3168 3279 Ἀλλά
3191 3227 3293 3298 μὴν
3322 3228 3450 3299 περὶ
3476 3226 3577 3298 τῆς
3597 3230 3960 3294 ἀναστάσεως

2363 3319 2493 3389 ἡμῖν
2518 3318 2715 3383 ἔδειξεν
2759 3321 2787 3372 ὁ
2816 3320 3007 3391 Σωτὴρ
3053 3318 3489 3389 ἀποτελέσματα,
3528 3318 3565 3372 ἀ
3618 3323 3741 3389 μετ’
3772 3322 3960 3390 ὀλίγον

2362 3408 2612 3481 ἐροῦμεν.
2644 3408 2759 3463 Νῦν
2794 3410 2849 3463 δὲ
2886 3410 2953 3484 τὸ(
2986 3411 3219 3481 δυνατὴν
3262 3408 3399 3463 εἶναι
3438 3410 3537 3482 τὴν
3580 3410 3686 3480 τῆς
3746 3412 3959 3484 σαρκὸς

2361 3500 2653 3555 ἀνάστασιν
2730 3480 3185 3573 ἐπιδεικνύομεν,
3226 3480 3554 3573 συγγνώμήν
3632 3480 3957 3576 αἰτούμενοι

2363 3592 2514 3665 παρά
2538 3593 2647 3647 τῶν
2677 3595 2775 3666 τῆς
2800 3594 3123 3666 Ἐκκλησίας
3151 3594 3377 3658 τέκνων,
3410 3594 3457 3647 εί
3486 3594 3583 3649 καὶ
3608 3596 3723 3649 τῶν
3750 3593 3956 3661 ἔξωθεν

2362 3681 2497 3739 εἶναι
2549 3685 2851 3763 δοηούντων
2906 3686 3002 3740 καὶ
3054 3685 3335 3757 κοσμικῶν
3392 3685 3566 3754 λόγων
3620 3688 3949 3759 ἀπτόμεθιν

2362 3777 2578 3849 πρῶτον
2609 3778 2707 3849 μὲν
2734 3774 2827 3831 οῦν
2857 3776 2931 3849 (9)
2960 3776 3041 3831 ὅτι
3079 3778 3231 3831 ούδὲν
3274 3777 3423 3831 ἐστιν
3452 3776 3651 3844 ἔξωθεν
3679 3778 3781 3833 τοῦ
3814 3778 3952 3834 Θεοῦ

2362 3871 2481 3931 οὐδὲ
2525 3871 2620 3925 καὶ
2667 3870 2829 3934 αὐτὸς
2871 3871 2899 3923 ὁ
2948 3870 3174 3940 κόσμος·
3226 3869 3437 3940 ποίημα
3488 3869 3599 3942 γάρ
3642 3872 3799 3925 ἐστιν
3855 3874 3952 3927 αὐ-

2361 3962 2455 4015 τοῦ
2490 3962 2631 4033 (10)’
2663 3962 2912 4035 δεύτερον
2942 3962 3024 4016 ὃτι
3054 3963 3191 4034 πρὸς
3218 3962 3480 4025 ἀπίστους
3506 3960 3734 4027 τούτους
3763 3964 3950 4019 ποιού-

2366 4053 2503 4124 μεθα
2550 4054 2677 4117 τοὺς
2733 4054 2941 4123 λόγους.
3000 4054 3063 4106 Et
3106 4052 3215 4125 γὰρ
3267 4052 3405 4125 πρὸς
3443 4054 3690 4117 πιστοὺς,
3738 4053 3949 4128 αὔταρ-

2362 4161 2457 4208 κες
2481 4140 2549 4217 ἦν
2578 4147 2771 4208 εἰπεῖν,
2800 4147 2883 4199 ὅτι
2924 4144 3363 4215 πεπιστεύκαμεν
3382 4162 3396 4174 ·
3428 4145 3545 4197 νυνὶ
3589 4145 3646 4199 δὲ
3672 4145 3767 4199 διά
3809 4148 3947 4201 ἀπο-

2361 4236 2577 4304 δείξεων
2623 4241 2818 4311 χωρεῖν
2863 4240 3177 4307 ἀναγκαῖον.
3230 4234 3410 4290 Ἱκανά
3459 4236 3557 4306 μὲν
3596 4231 3693 4289 οὖν
3740 4238 3839 4291 καὶ
3878 4237 3946 4294 τὰ

2362 4331 2733 4404 προειρημένα
2770 4334 3043 4402 τεκμήρια
3085 4329 3223 4399 πρὸς
3270 4318 3330 4382 τὸ
3356 4327 3585 4400 δυνατὴν
3641 4324 3784 4383 εἶναι
3835 4330 3942 4383 δει-

2362 4422 2545 4476 κνύειν
2570 4422 2669 4493 τὴν
2697 4422 2796 4493 τῆς
2827 4421 3026 4493 σαρκὸς
3052 4420 3368 4485 ἀνάστασιν,
3398 4419 3653 4473 ἀλλ’ὲπεὶ
3680 4420 3802 4475 λίαν
3830 4422 3877 4493 (1
3890 4421 3940 4493 ί)

2363 4514 2499 4567 εἰσιν
2530 4514 2767 4579 ἄπιστοι,
2799 4514 2891 4566 καὶ
2917 4511 3458 4581 ἀναγκαστικιῖηερον
3503 4511 3782 4583 ἐπάξομεν
3828 4512 3936 4583 (12)

682 4603 764 4667 illi
792 4621 920 4667 sunt
945 4610 1211 4675 extranei,
1255 4609 1350 4665 sed
1382 4610 1451 4664 ab
1482 4608 1801 4665 inﬁdelitate
1841 4625 2031 4667 eorum
2061 4619 2256 4675 matre,

2363 4604 2453 4657 τὸν
2488 4604 2665 4673 λόγον,
2710 4604 2808 4658 οὐκ
2836 4605 2901 4657 ὲκ
2930 4605 3028 4675 τῆς
3056 4603 3316 4679 πίστεὶυς,
3349 4604 3430 4657 ὅτι
3460 4602 3538 4674 μὴ
3580 4603 3936 4674 τυγχάνουσιν

684 4718 715 4757 a
757 4704 1095 4773 rationibus,
1138 4706 1400 4774 inquam,
1450 4703 1765 4757 mundanis.
1804 4701 1941 4756 Nam
1985 4701 2031 4758 si
2074 4717 2140 4757 ex
2172 4701 2260 4758 bis

682 4794 999 4865 possibilem
1030 4809 1159 4849 esse
1174 4793 1362 4849 carnis
1394 4793 1853 4847 resurrectionem
1883 4792 1991 4848 illis
2028 4791 2261 4848 demon-

684 4893 946 4949 stramus,
982 4885 1153 4940 multa
1188 4901 1321 4941 sane
1350 4884 1673 4941 confusione
1699 4884 1849 4956 digni
1891 4893 2040 4949 sunt,
2068 4885 2115 4941 si
2154 4899 2257 4946 nec

682 4991 770 5038 ea,
794 4990 914 5046 quae
942 4982 1072 5031 sunt
1102 4974 1247 5040 ﬁdei,
1280 4991 1379 5031 nec
1408 4990 1494 5043 ea,
1524 4960 1647 5046 qum
1681 4983 1811 5031 sunt
1852 4978 2063 5042 mundi,
2098 4980 2257 5050 sequi

681 5077 934 5138 possunt.

2360 4691 2527 4759 ὄντες
2552 4696 2750 4767 αὐτῆς,
2784 4695 2897 4749 ἀλλ’
2933 4696 2997 4750 ἐκ
3024 4696 3123 4767 τῆς
3153 4695 3408 4757 ἀπιστίας
3453 4695 3552 4765 τῆς
3601 4695 3810 4767 μητρὸς
3841 4695 3933 4749 αύ-

2359 4787 2488 4849 τῶν,
2516 4786 2659 4855 λέγω
2677 4787 2742 4859 δὴ
2770 4788 2876 4842 τῶν
2898 4788 3176 4859 κοσμικῶν
3199 4787 3389 4855 λόγων.
3410 4786 3474 4839 Εἰ
3503 4785 3613 4857 γὰρ
3641 4789 3708 4840 ὲκ
3736 4787 3933 4841 τούτων

2360 4879 2766 4951 ὲπιδεικνύομεν
2794 4882 2975 4944 αὐτοῖς
3002 4880 3232 4949 δυνατὴν
3276 4874 3415 4932 εἶναι
3447 4879 3545 4951 τὴν
3592 4879 3692 4950 τῆς
3742 4879 3931 4952 σαρκὸς

2359 4970 2684 5036 ἀνάστασιν,
2728 4972 2927 5044 πολλῆς
2974 4971 3240 5044 δήπουθεν
3286 4970 3547 5043 αἰσχύνης
3591 4973 3731 5025 εἰσὶν
3779 4970 3927 5036 ἄξιοι,

2362 5064 2411 5115 εἰ
2443 5064 2579 5135 μήτε
2605 5068 2717 5129 τοῖς
2737 5065 2835 5136 τῆς
2866 5063 3102 5129 πίστεως
3133 5064 3269 5135 μήτε
3296 5066 3408 5126 τοῖς
3433 5062 3529 5117 τοῦ
3572 5064 3783 5134 κόσμου
3810 5064 3929 5117 ἀισ-

2363 5153 2573 5208 λουθείν
2597 5150 2871 5210 δύνανται.

788 5308 836 5338 "
866 5304 1063 5377 Odyss.
1096 5322 1157 5371 ιι,
1192 5306 1318 5362 504.
1396 5308 1437 5338 ’⁷
1460 5306 1608 5363 Psal.
1641 5322 1793 5371 cxm,
1830 5305 1885 5361 6.
1960 5308 2007 5339 "
2029 5306 2175 5363 Psal.
2211 5322 2333 5377 xcv,
2363 5309 2415 5363 5.

750 5462 828 5535 (5)
871 5462 991 5535 Τῶν
1007 5462 1173 5535 θεῶν.
1202 5462 1301 5519 Ms.
1315 5459 1411 5515 τοῦ
1432 5461 1588 5516 Θεοῦ.
1602 5460 1784 5517 Monet
1803 5460 2040 5517 Grabius
2060 5460 2255 5517 deesse

682 5530 977 5605 petaiapud
1007 5530 1321 5605 Homerum.
1390 5600 1431 5605 _
1455 5602 1487 5605 __
1518 5596 1521 5597 ν

752 5600 828 5673 (6)
858 5597 1082 5657 Πολλοὶ
1111 5605 1356 5657 τούτων.
1390 5600 1532 5656 Editi
1564 5602 1697 5673 πολὺ
1727 5597 1820 5655 οῦν
1847 5601 2071 5673 τούτων.

751 5671 828 5802 (7)
874 5673 1137 5742 Ἐορτήν.
1170 5674 1339 5729 Grab.
1367 5672 1587 5743 ἑαυτήν.
1620 5672 1784 5727 Forte
1814 5673 1864 5725 οι
1895 5671 2082 5744 ὀρθήν.

753 5746 807 5802 (8
860 5746 1059 5797 Καίτοι
1093 5761 1177 5802 τε.
1212 5784 1226 5796 .
1258 5783 1272 5795 .
1308 5741 1708 5802 ἀποτέλεσμα.
1734 5742 1927 5796 Totam
1961 5745 2082 5795 hanc

753 5741 828 5811 (8)
860 5741 1059 5797 Καίτοι
1093 5761 1177 5813 τε.
1212 5784 1226 5796 .
1258 5783 1272 5795 .
1308 5741 1708 5812 ἀποτέλεσμα.
1734 5741 1938 5813 Totam
1961 5741 2101 5795 hanc
2128 5754 2251 5813 ver-

678 5808 874 5893 borum
911 5808 1359 5893 complexionem
1378 5808 1747 5893 suppeditavit
1801 5810 1971 5893 eode:
2014 5827 2115 5893 ms.
2154 5808 2250 5866 His

681 5891 860 5939 autem
917 5884 1058 5939 inest
1110 5882 1399 5938 manifesta
1455 5882 1688 5938 imitatio
1720 5882 2015 5939 verborum
2041 5888 2095 5936 et
2122 5895 2248 5936 sen-

2356 5464 2653 5521 tentiamm
2683 5464 2885 5535 Justini
2914 5464 3175 5535 ex_Apol.
3211 5465 3266 5519 Ι.

2427 5536 2508 5608 (9)
2526 5534 2783 5608 ,Hpéror
2801 5534 2921 5608 μὲν
2947 5528 3081 5590 οὖνῖ
3110 5532 3539 5608 Εάίιίέρεέμεθα
3573 5528 3669 5608 si”
3700 5534 3926 5608 πρῶτρντ

2427 5604 2542 5675 (10)
2586 5605 2738 5661 Οὐδὲ
2768 5604 2970 5671 αὐτὸς.
3008 5644 3022 5657 .
3059 5646 3073 5659 .
3102 5604 3327 5660 αὐτσῦί
3358 5604 3486 5661 Hac
3534 5605 3715 5663 eidem
3752 5604 3933 5662 ’θοάκὶ

2353 5674 2635 5732 debemus.

2426 5746 2539 5817 (Η)
2584 5746 2929 5817 Ἐπεὶίλίαν.
2953 5742 3066 5817 με.
3097 5744 3282 5817 ἐπειδὴ
3313 5744 3400 5798 ἂν.

2426 5747 2509 5814 (Η
2584 5747 2740 5800 Ἐπεὶ
2766 5747 2929 5802 λίαν.
2966 5747 3066 5800 Hs.
3097 5747 3282 5817 ἐπειδὴ
3313 5747 3400 5798 ἂν.

2424 5747 2539 5889 (12)
2583 5816 2926 5887 Ἑπὰξομεν.
2952 5814 3095 5871 Editi
3122 5816 3434 5887 ιπάξωμσν.
