4104 6444
138 543 262 598 1581

1245 539 1304 597 S.
1345 541 1420 596 Η]
1432 537 1604 604 STINl
1651 538 2094 595 FRAGMENTA.

3230 552 3365 609 5-582

199 666 329 718 Φασὶ
347 666 520 719 τοίνυν
542 666 586 717 οἱ
610 664 699 717 τοῦ
724 664 924 733 κόσμου
963 661 1179 731 φυσικοὶ
1212 660 1363 736 σοφοὶ
1396 661 1694 732 λεγόμενοι,

1872 659 1961 713 Vl.
1998 657 2162 711 Aiunt
2214 672 2343 727 ergo
2386 656 2594 728 physici
2643 655 2806 727 hujus
2845 658 3056 724 mundi,
3091 675 3230 730 quos
3283 679 3375 716 sa-

130 759 189 812 τὺ
223 762 324 812 πᾶν
358 760 617 828 ὑπάρχειν
648 758 696 807 οἱ
731 757 826 826 μὲν
860 755 987 824 ὕλην
1037 754 1129 805 καὶ
1167 752 1424 816 Θεὸν,λὼς
1452 751 1694 807 Πλάτων’

131 852 179 902 οί
199 851 251 903 δὲ
283 849 455 920 ἄτομα
484 849 576 900 καὶ
607 848 779 910 κενὸν,
814 846 888 908 ὡς
904 845 1214 914 Ἐπίκουρος
1234 861 1246 872 ·
1271 844 1320 895 οἱ
1348 843 1497 901 Band;
1517 844 1697 896 τέσσα-

137 960 221 1013 ρα,
251 943 378 1013 πῦρ,
416 941 572 1011 ὕδωρ,
594 941 748 1009 ἀέρα,
784 939 906 1007 γῆν,
938 938 1125 1007 ὥσπερ
1157 938 1203 995 οί
1225 936 1469 988 Στωϊκοί.
1520 935 1701 1004 ’Λρκεῖ

132 1035 236 1105 γὰρ
264 1032 656 1102 ἐπιμνησθῆναι
685 1029 791 1081 τῶν
821 1029 1228 1099 ὲπικρατουσῶν
1253 1028 1480 1097 μάλιστα
1511 1028 1694 1093 δοξῶν.

132 1127 239 1179 Καὶ
279 1127 305 1178 ὁ
352 1126 447 1194 μὲν
481 1123 702 1175 Πλάτων
729 1121 881 1192 φησι,
917 1121 1020 1173 ὕπὸ
1051 1120 1142 1172 τοῦ
1172 1119 1305 1177 Θεοῦ
1339 1117 1404 1172 τὰ
1439 1121 1612 1173 πάντα
1639 1124 1700 1174 ἐκ

130 1216 230 1285 τῆς
259 1216 388 1286 ὕλης
421 1215 717 1282 γεγονέναι,
752 1213 842 1267 καὶ
875 1212 1017 1264 κατὰ
1066 1212 1318 1282 πρόνοιαν
1362 1211 1524 1264 αὑτοῦ
1548 1230 1559 1241 ·
1591 1215 1617 1264 ό
1644 1205 1699 1264 δὲ

145 1308 458 1378 Ἐπίκουρος
490 1289 581 1359 καὶ
612 1308 660 1357 οἱ
693 1305 805 1375 μετ’
835 1305 997 1356 αὐτοῦ
1044 1305 1106 1354 ὲκ
1135 1303 1225 1355 τοῦ
1256 1297 1478 1375 ἀτόμου,
1511 1303 1604 1354 καὶ
1638 1305 1700 1354 ἐκ

131 1401 224 1454 τοῦ
256 1399 432 1462 κενοῦ,
478 1399 614 1452 κατὰ
647 1396 977 1465 ταύίώματόν
1020 1413 1140 1447 τινα
1183 1393 1352 1465 φοράν
1383 1395 1480 1464 τῆς
1510 1397 1571 1446 ἐκ
1594 1396 1700 1446 τῶν

135 1495 394 1563 σωμάτων
443 1491 674 1559 φυσικῆς
711 1491 1000 1558 κινήσεως’
1049 1487 1095 1540 οἱ
1140 1487 1196 1539 δὲ
1247 1481 1470 1539 Στωϊκοί
1502 1488 1565 1539 ἐκ
1594 1487 1698 1538 τῶν

132 1587 428 1654 τεσσάρων,
475 1584 750 1652 διήκοντος
796 1582 859 1632 δι’
896 1580 1070 1632 αὐτῶν
1111 1577 1204 1630 τοῦ
1238 1571 1391 1630 Θεοῦ.
1436 1578 1701 1648 Τοιαύτης

132 1677 187 1729 δὲ
238 1676 526 1744 διαφωνίας
571 1673 748 1726 αὐτῶν
801 1671 988 1742 οὔσης,
1039 1670 1164 1733 ἐστι,
1193 1670 1314 1723 τινὰ
1346 1669 1473 1741 παρ’
1521 1670 1701 1733 αὐτοῖς

130 1767 530 1840 ὁμολογούμενα
563 1765 716 1818 κοινά
751 1764 994 1835 δόγματα
1027 1765 1162 1833 πρὸς
1193 1763 1476 1815 ἁπάντων
1515 1763 1570 1814 ἓν
1604 1764 1699 1832 μὲν

131 1861 191 1912 τὸ
227 1862 356 1931 μήτε
388 1862 452 1912 ἐκ
481 1858 573 1911 τοῦ
612 1857 684 1928 μὴ
715 1857 865 1917 ὄντος
895 1855 1158 1923 γίνεσθαι,
1193 1847 1338 1926 μήτε
1361 1854 1438 1917 είς
1465 1855 1522 1906 τὸ
1550 1854 1622 1924 μὴ
1642 1851 1702 1905 ὃν

133 1951 453 2004 ἀναλύεσθαι
480 1941 590 2018 (15)
622 1951 714 2002 mi.
744 1948 1094 2011 ἀπόλλυσθαι,
1127 1950 1218 2000 καὶ
1255 1948 1314 2000 τὸ
1359 1947 1427 2000 τὰ
1463 1951 1699 2017 στοιχεῖα

1802 753 2013 824 pientes
2055 758 2277 814 vocant,
2327 750 2380 802 lii
2439 750 2658 821 quidem
2719 752 2821 804 hoc
2871 751 3190 807 universum
3248 770 3372 809 esse

1803 844 2085 914 materiam
2125 849 2177 895 et
2227 841 2418 906 Deum,
2472 850 2529 894 ut
2578 841 2870 896 Platozilli
2919 851 3128 905 atomos
3179 856 3232 899 et
3279 863 3372 900 va-

1744 943 1745 948 ‘
1802 951 1985 999 cuum,
2046 941 2106 987 ut
2160 933 2461 1002 Epicurus;
2526 933 2614 987 alii
2673 934 2788 988 haec
2838 942 3096 1004 quatuor,
3164 936 3368 1006 ignem,

1803 1041 2021 1096 aquam,
2070 1041 2276 1086 aerem,
2317 1034 2544 1087 terram,
2589 1037 2648 1082 ut
2704 1026 2898 1082 Stoici.
2958 1026 3170 1082 Sufﬁcit
3221 1030 3367 1082 enim

1802 1110 2119 1186 opinionum
2156 1099 2404 1172 maxime
2465 1102 2841 1187 prmstantium
2905 1121 3242 1175 meminisse.
3309 1120 3375 1173 Et

1801 1205 1955 1261 Plato
1995 1207 2213 1276 quidem
2243 1206 2375 1261 dicit
2425 1219 2621 1261 cuncta
2657 1224 2719 1261 ex
2762 1211 2986 1264 materia
3023 1226 3052 1264 a
3088 1211 3196 1266 Deo
3230 1211 3374 1265 facta

1796 1287 1944 1363 esse,
1964 1307 2013 1352 et
2043 1299 2344 1366 secundum
2373 1299 2491 1367 ejus
2517 1297 2912 1378 providentiam
2947 1322 2958 1356 :
2988 1302 3258 1372 Epicurus
3277 1321 3376 1358 au-

1802 1397 1910 1446 tem
1939 1399 2062 1444 eum
2088 1390 2204 1445 suis
2236 1406 2298 1443 ex
2334 1395 2515 1444 atomo
2554 1398 2606 1444 et
2646 1408 2837 1456 vacuo,
2881 1394 3108 1457 fortuita
3135 1396 3372 1464 quadam

1802 1484 2042 1553 ipsorum
2110 1473 2561 1553 corpusettlorum
2627 1501 2722 1560 per
2793 1489 3097 1541 naturalem
3165 1499 3372 1544 motum

1802 1578 2196 1631 concursione:
2227 1575 2396 1630 Stoici
2432 1593 2558 1630 vero
2594 1592 2623 1631 e
2656 1585 2890 1647 quatuor
2913 1580 3220 1644 clementis,
3262 1583 3374 1638 Deo

1803 1685 1898 1737 per
1928 1669 2043 1738 ipsa
2078 1653 2429 1739 pervadente.
2467 1668 2615 1723 Talis
2651 1671 2816 1740 igitur
2853 1661 2975 1724 cum
3009 1673 3079 1726 sit
3111 1675 3253 1731 inter
3277 1692 3373 1731 eos

1802 1763 2192 1832 discrepantia,
2227 1764 2474 1832 quaedam
2512 1770 2693 1816 tamen
2736 1766 3045 1818 communia
3079 1775 3224 1821 sunt‘
3250 1783 3374 1821 om-

1803 1851 1952 1907 nium
1982 1855 2118 1908 scita
2152 1854 2294 1924 apud
2338 1848 2486 1922 ipsos
2534 1856 2588 1908 in
2630 1855 2886 1909 confesso
2913 1877 2924 1911 :
2951 1874 3117 1912 unum
3151 1861 3372 1928 quidem

1804 1937 1856 1998 id
1893 1945 2034 2014 quod
2070 1945 2174 2010 est,
2214 1955 2392 2015 neque
2420 1930 2487 1999 ex
2523 1962 2609 2010 eo,
2648 1946 2935 2015 quod-non
2965 1956 3069 2026 est.
3109 1951 3246 2016 ﬁeri,
3272 1968 3372 2006 ne-

132 2042 381 2113 ἇφθαρτα
416 2043 701 2111 ὑπάρχειν,
729 2041 784 2105 ἐξ
803 2033 877 2091 ὧν
911 2043 943 2110 ἡ
979 2039 1207 2095 ἑκάστου
1243 2038 1563 2110 πράγματος
1587 2039 1696 2109 (14)

1802 2051 1906 2105 que
1953 2036 2007 2088 in
2054 2036 2130 2102 id,
2167 2035 2312 2104 quod
2356 2049 2465 2088 non
2498 2043 2602 2100 est,
2648 2031 2874 2091 diss‘olVi
2927 2043 2980 2092 et
3028 2038 3284 2107 interire;
3320 2042 3374 2096 et

133 2134 340 2202 γένεσίς
369 2136 506 2185 ἐστι.
547 2133 762 2184 Τούτων
797 2128 888 2185 οὖν
916 2129 1086 2194 οὕτως
1110 2131 1358 2200 ἐχόντων,
1395 2130 1534 2182 κατά
1568 2131 1701 2182 πάν-

131 2245 228 2289 τας
267 2227 461 2288 αὕτοὺς
507 2227 802 2294 φανήσεται
841 2224 1039 2294 δυνατὴ
1079 2226 1111 2294 ἡ
1145 2223 1243 2291 τῆς
1281 2215 1480 2292 σαρκὸς
1529 2223 1702 2293 ὑπάρ-

130 2336 245 2389 χειν
278 2317 680 2385 παλιγγενεσία.
724 2316 849 2370 Εἴτε
883 2315 990 2387 γὰρ
1027 2314 1166 2368 κατά
1201 2313 1460 2368 Πλάτωνά
1488 2308 1632 2366 ἐστιν
1664 2317 1696 2386 ἠ

132 2409 231 2478 ὕλη
266 2409 356 2462 καὶ
390 2409 539 2471 Θεὸς,
578 2406 862 2478 ἀμφότερᾷ
907 2406 1078 2464 ταῦτα
1111 2391 1358 2477 ἄφθαρτα
1379 2423 1390 2434 ·
1429 2405 1520 2468 καὶ
1553 2405 1700 2476 ὁμὲν

130 2501 261 2564 Θεὸς
293 2499 476 2570 ἐπέχει
502 2501 664 2554 τόπον
711 2501 974 2570 τεχνίτου,
1011 2493 1120 2564 οἷον
1154 2498 1422 2551 πλάστου·
1460 2497 1568 2567 ἡδὲ
1602 2497 1700 2566 ὕλη

131 2593 315 2661 ἐπέχει
348 2593 510 2645 τόπον
560 2577 754 2662 πηλοῦ,
792 2591 824 2660 ἢ
869 2587 1060 2664 κηροῦ,
1096 2590 1128 2659 ἢ
1164 2589 1400 2642 τοιούτου
1433 2589 1594 2652 τινός.
1630 2588 1702 2641 Τὸ

133 2680 234 2750 μὲν
274 2676 364 2733 οὖν
402 2683 464 2733 ἐκ
508 2681 607 2750 τῆς
658 2679 788 2748 ὕλης
828 2674 1109 2751 γινόμενον
1143 2677 1376 2748 φθαρτὸν
1410 2678 1702 2749 πλάσμα,ὁ

130 2771 406 2843 ἁνδριάςῆ
440 2770 600 2823 είκών
621 2789 632 2800 ·
662 2774 694 2842 ἡ
731 2771 787 2823 δὲ
819 2770 916 2841 ὕλη
958 2770 1092 2840 αὑτὴ
1149 2769 1438 2840 ἄφθαρτος,
1460 2765 1568 2822 οἷον
1600 2787 1703 2839 πη-

128 2864 240 2926 λὸς,
276 2864 307 2934 ἢ
341 2859 528 2933 κηρὸς,
568 2864 600 2934 ἦ
634 2862 762 2917 ἄλλο
805 2880 857 2916 τι
891 2861 1131 2915 τοιοῦτον
1166 2858 1303 2924 εἶδος
1333 2860 1482 2933 ὕλης.
1517 2861 1702 2926 Οὕτως

128 2957 157 3006 ὁ
188 2955 431 3026 πλάστης
458 2957 522 3006 ὲκ
554 2952 647 3007 τοῦ
680 2952 850 3025 κηροῦ
891 2954 924 3024 ἢ
963 2946 1137 3024 πηλοῦ
1173 2951 1418 3016 πλάσσει,
1453 2950 1547 3006 καὶ
1573 2953 1702 3017 ζωο-

130 3049 276 3098 ποιεί
320 3045 458 3110 ξὼου
493 3046 740 3117 μορφήν·
770 3045 949 3109 πάλιν,
986 3044 1084 3097 ὲάν
1113 3038 1334 3115 διαλυθῇ
1367 3044 1429 3096 τὸ
1456 3044 1699 3115 πλάσμα,

129 3137 232 3189 οὐκ
259 3133 514 3204 ἀδύνατον
547 3133 694 3206 αὐτῷ
724 3135 860 3200 ἐστι,
890 3125 988 3206 τὴν
1025 3131 1195 3205 αὐτὴν
1229 3131 1362 3206 ὕλην
1391 3132 1700 3204 ἀναφύραν-

126 3245 181 3281 τι
217 3229 308 3280 καὶ
358 3227 818 3304 καινοποιήσαντι,
861 3223 941 3303 τὸ]
980 3227 1110 3280 αὐτὸ
1170 3225 1419 3296 πλάσμα,
1454 3223 1697 3296 ποιῆσαι.

126 3318 285 3371 Οὕτω
324 3319 462 3372 κατά
512 3314 956 3385 Πλάτωνα,,ςοῦδὲ
990 3317 1067 3389 τῷ
1086 3316 1216 3389 8εῷ
1258 3316 1518 3388 ἀφθάρτῳ
1564 3317 1697 3380 ὄντι,

127 3409 403 3480 ἄφθαρτον
457 3409 630 3487 ἔχοντι
688 3373 938 3486 καὶηοτὴν
988 3373 1118 3481 ὕλην
1163 3373 1259 3463 ἰἑοῦ
1385 3373 1695 3480 αὺτῆςτῌὸί
1727 3373 1772 3434 C

127 3500 417 3570 γενομένου
469 3497 781 3581 πλάσματος
839 3500 1200 3564 διαλυθέντος,
1241 3499 1501 3554 ἀδύνατόν
1548 3501 1695 3552 ἐστιν

125 3588 610 3660 ἀνακαινοποιῆσαι
647 3590 809 3644 πάλιν
851 3590 1041 3662 αὐτὴν,
1094 3591 1185 3644 καὶ
1229 3589 1449 3660 ποιῆσαι
1476 3588 1538 3643 τὸ
1565 3590 1694 3644 αὐτὸ

124 3668 353 3752 ’πλάσμα
390 3683 571 3758 ὁποῖον
598 3678 665 3754 ἦν
696 3681 790 3735 καὶ
823 3674 890 3736 ’τὸ
920 3668 1200 3755 πρότερον.
1243 3683 1401 3736 Ἀλλά
1430 3683 1694 3755 μήνκατὰ

125 3775 256 3836 τοὺς
281 3774 550 3838 Στωϊκοὺς
588 3776 651 3828 ὲκ
691 3773 789 3846 τῆς
818 3774 927 3828 τῶν
952 3775 1230 3845 τεσσάρων
1264 3775 1540 3845 στοιχείων
1572 3775 1699 3848 κρά-

126 3881 267 3926 σεως
291 3863 568 3935 γινομένου
603 3864 695 3918 τοῦ
721 3864 986 3936 σώματος,
1009 3865 1102 3918 καὶ
1124 3862 1473 3937 διαλυομένου
1506 3867 1694 3920 τούτου

124 3958 208 4019 είς
252 3955 320 4008 τὰ
370 3957 629 4028 τέσσαρα,
664 3957 1090 4027 παραμενόντων
1128 3956 1332 4011 τούτων
1383 3943 1693 4028 ἀφθάρτων,

122 4047 347 4103 δυνατόν
382 4051 495 4101 ἐστι
530 4037 692 4110 πάλιν
737 4033 826 4119 τά⁴
848 4034 1085 4120 τέσσαρα
1117 4049 1374 4122 matrem,
1403 4049 1501 4120 τὴν
1529 4048 1696 4120 αὐτὴν

129 4138 276 4211 μίξιν
313 4139 404 4193 καὶ
432 4138 628 4212 κράσιν
661 4139 891 4193 λαϐόντα
928 4139 1037 4211 (16)
1066 4138 1173 4194 ἀπὸ
1208 4139 1300 4194 τοῦ
1325 4141 1600 4211 διήκοντος
1629 4141 1695 4194 δι’

123 4229 308 4283 αὐτῶν
339 4229 496 4294 Θεοῦ,
528 4229 750 4299 ποιῆσαι
793 4230 821 4284 ὃ
868 4231 1130 4301 πρότερον
1172 4232 1460 4306 πεποιήκει
1509 4230 1690 4300 σῶμαε

122 4321 316 4392 ὥσπερ
348 4319 402 4374 εί
435 4339 519 4384 τις
567 4323 631 4374 ὲκ
676 4319 876 4394 χρυσοῦ
910 4322 1005 4374 καὶ
1049 4321 1310 4392 ἀργύρου,
1347 4322 1440 4374 καὶ
1471 4321 1694 4391 χαλκοῦ,

120 4417 221 4470 καὶ⁵
254 4414 575 4486 κασσιτέρου
610 4415 823 4484 ποιήσει
862 4413 1057 4484 μίγμα,
1073 4413 1261 4465 ἔπειτα
1287 4399 1505 4484 θελήσει
1535 4412 1695 4465 πάλιν

119 4507 390 4572 διαλῦσαι,
419 4506 560 4560 ὥστε
594 4505 731 4572 κατά
779 4488 912 4558 ἰδίαν
942 4505 1172 4558 ἕκαστον
1200 4499 1334 4558 εῖναι
1354 4518 1369 4532 °
1404 4504 1500 4557 καὶ
1535 4504 1695 4557 πάλιν

123 4600 307 4671 μίξας,
338 4599 386 4654 εἰ
418 4598 631 4670 θελήσει
658 4594 795 4669 (17),
826 4594 893 4650 τά
925 4596 1084 4660 αὐτὰ,
1125 4597 1338 4666 ποιήσει
1369 4595 1399 4648 ὃ
1432 4595 1698 4668 πρότερον

1804 2122 1956 2190 illud,
1993 2129 2260 2191 elementa
2293 2143 2414 2205 esse
2445 2130 2782 2198 incorrupta,
2814 2147 2878 2184 ex
2928 2132 3128 2200 quibus
3159 2135 3234 2187 rei
3272 2147 3372 2188 cu-

1799 2221 2000 2290 jusque
2051 2221 2110 2276 ﬁt
2164 2221 2465 2291 generatio.
2501 2217 2598 2276 His
2651 2237 2782 2292 ergo
2817 2223 2892 2275 ita
2926 2237 2983 2277 se
3017 2223 3370 2288 habentibus,

1805 2312 2082 2382 possibilis
2124 2313 2267 2382 apud
2317 2313 2440 2368 illos
2474 2328 2665 2367 omnes
2699 2315 2981 2384 apparebit
3009 2317 3191 2371 carnis
3221 2331 3376 2387 rege-

1803 2402 2035 2457 neratio.
2076 2402 2202 2458 Sive
2231 2403 2374 2456 enim
2412 2405 2481 2457 sit
2514 2404 2740 2458 materia
2773 2413 2826 2466 et
2858 2403 2998 2459 Deus
3033 2420 3094 2458 ex
3130 2405 3372 2462 Platonis

1804 2496 2072 2549 sententia
2095 2538 2108 2561 ,
2138 2479 2429 2564 uti-nmque
2462 2497 2835 2567 incorruptum
2867 2513 2962 2553 :ac
2988 2498 3130 2554 Deus
3153 2501 3372 2569 quidem

1805 2585 2033 2639 artiﬁcis
2080 2584 2471 2649 locum‘tenet,
2509 2592 2640 2655 puta
2689 2585 2930 2652 lictoris;
2965 2589 3192 2642 materia
3245 2601 3374 2642 vero

1803 2678 1984 2732 locum
2037 2678 2137 2732 luti
2188 2681 2282 2731 aut
2333 2694 2490 2743 cerze,
2523 2685 2617 2731 aut
2672 2678 2800 2733 talis
2851 2680 3178 2749 cujuspiam.
3216 2681 3374 2745 Quod

1803 2770 1969 2842 igitur
1995 2785 2024 2825 e
2056 2771 2283 2824 materia
2322 2770 2639 2840 ﬁgmentum
2675 2771 2877 2850 factum
2907 2779 3010 2835 est,
3042 2788 3137 2827 seu
3169 2781 3371 2837 statua,

1803 2875 1898 2916 seu
1924 2863 2124 2931 imago,
2159 2863 2497 2932 corruptioni
2531 2862 2825 2916 obnoxium
2850 2869 2964 2930 est;
2995 2865 3220 2918 materia
3244 2874 3376 2919 Vero

1803 2951 1942 3022 ipsa,
1971 2962 2032 3008 ut
2061 2955 2236 3010 lutum
2267 2962 2365 3009 aut
2413 2970 2558 3019 cera,
2591 2956 2770 3009 aliave
2804 2957 2929 3012 talis
2963 2957 3174 3025 species
3202 2965 3376 3010 matea

1803 3045 1917 3108 rite,
1952 3046 2290 3116 incorrupta.
2330 3048 2408 3101 Ita
2459 3046 2617 3101 ﬁctor
2643 3061 2709 3100 ex
2740 3059 2865 3101 cera
2919 3057 3012 3101 aut
3056 3048 3170 3101 luto
3223 3048 3377 3118 ﬁngit

1802 3137 1952 3191 et‘ad
1979 3139 2161 3192 vivum
2195 3138 2424 3192 formam
2459 3139 2717 3208 exprimit
2756 3126 3005 3195 animalis
3037 3151 3052 3194 :'
3075 3151 3377 3211 rursusque

1803 3227 1850 3281 si
1886 3229 2201 3299 ﬁgmentum
2225 3229 2770 3294 dissolutumfuerit,
2810 3233 2859 3285 ei
2889 3246 3233 3301 nequaquam
3272 3232 3375 3286 im-

1804 3321 2066 3390 possibile
2095 3320 2199 3376 erit
2235 3320 2482 3374 eamdem
2509 3319 2763 3374 miscenti
2792 3333 2856 3373 ac
2883 3321 3167 3375 renovanti
3201 3331 3379 3376 mateo

1803 3412 1964 3478 riam,
2005 3411 2324 3483 ﬁgmentum
2377 3410 2520 3465 idem
2574 3409 2821 3465 reﬁcere.
2859 3409 3041 3477 Quare
3073 3413 3373 3468 secundum

1802 3503 2105 3567 Platonem,
2133 3519 2309 3573 neque
2340 3503 2469 3566 Deo,
2503 3503 2594 3572 qui
2621 3502 2975 3576 incorruptus
2996 3511 3081 3558 est
3109 3512 3162 3559 et
3192 3506 3376 3560 incor-

1805 3603 2020 3668 ruptam
2066 3596 2229 3651 habet
2262 3596 2582 3659 materiam,
2633 3593 2794 3664 592
2851 3594 3190 3664 impossibile
3244 3599 3372 3662 erit,

1803 3696 2094 3760 postquam
2128 3689 2331 3743 factum
2366 3704 2432 3743 ex
2461 3703 2523 3742 ea
2550 3687 2866 3759 ﬁgmentum
2897 3688 3220 3744 dissolutum
3250 3689 3375 3746 fue-

1802 3783 1894 3846 rit,
1917 3797 2037 3836 eam
2066 3786 2352 3843 renovare,
2387 3794 2451 3834 ac
2485 3773 2802 3850 ﬁgmentum
2839 3779 3003 3843 idem,
3034 3781 3195 3851 quale
3215 3782 3373 3852 prius

1803 3873 1999 3939 fuerat,
2037 3875 2365 3930 instaurare.
2404 3873 2510 3929 Sed
2533 3881 2589 3931 et
2610 3874 2912 3930 secundum
2958 3872 3197 3941 Stoicos,
3242 3893 3372 3933 cum

1801 3956 2000 4036 corpus
2028 3980 2058 4020 e
2087 3965 2323 4034 quatuor
2367 3965 2761 4020 elementorum
2808 3965 3190 4041 commistione
3253 3967 3372 4021 for-

1799 4041 2006 4108 matum
2055 4053 2242 4120 fuerit,
2278 4055 2322 4109 si
2355 4053 2410 4108 in
2439 4055 2534 4108 illa
2563 4039 3133 4124 quatuor'resolutum
3178 4055 3369 4122 fuerit,

1797 4134 2134 4217 incorruptis
2158 4146 2266 4202 illis
2297 4147 2744 4214 remanentibus;
2779 4147 3040 4218 possibile
3067 4155 3152 4204 est
3173 4164 3370 4205 rursus

1799 4243 2034 4306 quatuor
2066 4235 2355 4300 elementa,
2387 4235 2633 4291 eamdem
2665 4237 3102 4291 commistioneiu
3134 4253 3198 4292 ac
3221 4245 3371 4310 tem-

1799 4337 2174 4399 peramentum
2207 4341 2238 4381 a
2269 4326 2378 4382 Deo
2405 4326 2738 4398 per'vadente
2784 4329 3130 4398 accipientia,
3158 4327 3372 4384 eiiicere

1798 4420 1854 4474 id
1887 4419 2033 4490 quod
2055 4420 2215 4492 prius
2247 4417 2493 4475 fecerant
2520 4435 2722 4490 corpus
2757 4417 3372 4490 :‘quemadmodum,.si

1797 4512 1922 4581 quis
1946 4526 2013 4566 ex
2048 4526 2183 4565 auro
2211 4505 2267 4566 et
2312 4521 2537 4581 argento
2578 4517 2631 4564 et
2662 4525 2770 4565 tere
2807 4518 2860 4565 et
2902 4517 3102 4565 stanno
3146 4511 3371 4564 mistum

1798 4601 2020 4671 aliquod
2061 4600 2246 4664 faciat,
2279 4616 2344 4656 ac
2374 4601 2571 4663 deinde
2608 4601 2739 4655 velit
2777 4601 2911 4667 illud
2945 4599 3268 4665 dissolvere,
3293 4600 3370 4655 ita

119 4693 413 4762 πεποιήκει
447 4690 504 4757 ἐξ
544 4689 724 4744 αὐτῶν
755 4689 953 4760 μίγμα.
989 4689 1100 4743 Καὶ
1132 4688 1272 4742 κατά
1316 4687 1408 4740 τὸν
1441 4688 1694 4740 Ἐπίκου-

1799 4697 1857 4746 ut
1896 4707 2067 4746 unum
2109 4693 2365 4762 quodque
2398 4705 2665 4748 seorsum
2691 4693 2958 4759 exsistat;
2987 4707 3292 4762 rursusque
3320 4694 3368 4748 si

121 4800 218 4855 ρον
246 4783 323 4847 δὲ,
363 4782 471 4835 τῶν
499 4783 714 4854 ἀτόμων
750 4781 1041 4853 ἀφθάρτων
1070 4779 1256 4833 οὐσῶν·
1276 4780 1369 4845 καὶ
1392 4777 1487 4832 τοῦ
1515 4779 1693 4844 κενοῦ,

121 4873 278 4947 παρά
305 4875 403 4947 τὴν
438 4874 594 4928 ποιὰν
628 4873 780 4939 τάξιν
821 4873 1083 4927 καὶθέσιν
1113 4872 1219 4926 τῶν
1251 4871 1475 4942 ἀτόμων
1503 4888 1692 4925 συντε-

117 4965 386 5036 θειμένων
432 4964 640 5032 γίνεται
689 4965 759 5018 τά
810 4980 870 5017 τε
923 4963 1056 5018 ἄλλα
1107 4962 1454 5034 συγκρίματα
1511 4961 1605 5014 καὶ
1635 4962 1730 5015 τὸ·

117 5056 309 5127 σῶμα·
335 5057 510 5128 χρόνῳ
530 5056 585 5110 δὲ
605 5055 946 5126 διαλυόμενον
969 5054 1100 5125 (18),
1130 5054 1400 5108 διαλύεται
1425 5051 1586 5106 πάλιν
1615 5055 1693 5117 είς

110 5147 218 5211 τὰς
275 5148 530 5217 ἀτόμους,
566 5146 624 5213 ἐξ
679 5139 754 5200 ὧν
806 5147 900 5200 καὶ
954 5146 1184 5214 ἐγένετο.
1237 5145 1451 5199 Τούτων
1502 5164 1692 5217 μενου-

115 5237 231 5292 σῶν
266 5237 376 5308 (19)
408 5238 721 5309 ἀφθάρτων,
748 5236 914 5290 οὐδὲν
928 5237 1184 5290 ἀδύνατόν
1221 5237 1357 5302 ἐστι,
1407 5238 1691 5291 συνελθουο

185 5379 740 5466 (15)ΑἌρςᾳλύεσθαι’
769 5391 866 5444 καὶ
909 5390 1310 5451 ἀπόλλυσθαι.
1359 5390 1458 5446 Ms.
1501 5392 1580 5454 εἰς
1625 5393 1684 5445 τὸ

314 5462 664 5538 ἁὶώλλυσθαι.

187 5529 302 5604 (14)
331 5531 698 5604 Πράγματος.
735 5529 896 5586 Deest
928 5545 990 5585 ea
1018 5545 1121 5585 vox
1150 5531 1203 5584 in
1251 5529 1375 5584 cod.
1415 5545 1523 5585 ms.
1561 5530 1683 5586 Mox

110 5601 260 5660 idem
284 5601 500 5655 ’τούτων
527 5603 725 5656 τοίνυν.

185 5673 302 5743 (15)
344 5673 437 5735 Ἐξ
469 5671 841 5743 αὐτῆςᾏΜοω
868 5670 924 5743 in
959 5671 1120 5743 editis
1158 5669 1216 5735 ἐξ
1248 5669 1430 5743 aiat-06.

213 5739 295 5814 16)
329 5742 614 5814 Λᾳϐόντα.
678 5741 820 5814 Editi
867 5740 1228 5814 λαμϐάνοντα.
1290 5739 1429 5814 Mo_x_
1458 5756 1523 5794 ex
1569 5757 1677 5814 tus.

104 5809 302 5937 godicj:
357 5811 702 5881 desumptum
755 5811 890 5867 illud
920 5809 988 5864 δι’
1021 5811 1221 5874 αὐτῶν,
1243 5811 1388 5880 quod
1417 5811 1472 5865 in
1519 5809 1682 5867 editis

145 5898 274 5937 eera
303 5924 321 5936 .

145 5890 403 6024 Et
432 5950 693 6021 θελήσει.
721 5950 846 6009 Hac
868 5952 1152 6024 desumpta
1185 5967 1250 6008 ex
1284 5951 1406 6008 cod.
1427 5966 1531 6007 ms.
1559 5950 1680 6007 Mox

1792 4784 1943 4848 velit,
1979 4783 2164 4839 eadem
2204 4785 2591 4847 commiscens,
2650 4784 2792 4838 idem
2849 4800 2912 4838 ex
2965 4784 3073 4839 illis
3140 4786 3368 4840 mistum

1793 4860 1976 4939 faciet,
1998 4875 2140 4952 quod
2168 4873 2293 4930 ante
2324 4873 2652 4942 Confecerat.
2686 4874 2890 4932 Deinde
2913 4875 3214 4931 secundum
3241 4875 3370 4945 Epi-

1793 4981 2009 5032 curum,
2043 4981 2168 5021 cum
2202 4969 2366 5047 atemi
2414 4974 2467 5021 et
2498 4982 2733 5021 vacuum
2768 4965 3084 5035 incorrupta
3121 4967 3266 5033 sint,
3298 4982 3369 5021 ex

1795 5061 1996 5114 atomis
2031 5067 2180 5114 certo
2233 5059 2422 5113 ordine
2473 5067 2528 5114 et
2579 5061 2687 5114 situ
2719 5058 3065 5127 Compositis,
3093 5073 3217 5112 cum
3248 5059 3368 5112 alia:

1795 5149 2172 5204 concretiones
2198 5149 2356 5213 ﬁunt,
2383 5144 2497 5204 tum
2520 5152 2680 5205 etiam
2699 5154 2902 5219 corpus
2928 5168 2939 5202 :
2964 5149 3110 5219 quod
3143 5149 3364 5218 quidem

1795 5248 2038 5311 tempore
2087 5242 2416 5297 dissolutum
2471 5243 2765 5297 resolvitur
2791 5242 2849 5296 in
2870 5242 3105 5301 easdem.
3127 5250 3364 5308 atomos,

1792 5393 1960 5468 ἱᾶσιηὲ
1999 5397 2241 5468 ποιῆσαι,
2293 5397 2391 5468 sed
2441 5395 2794 5453 scribendum
2840 5395 3060 5454 videtur
3110 5400 3358 5466 ποιήσαι.

1795 5462 2054 5540 Spicileg.
2090 5462 2319 5540 ﬁatﬁat},
2347 5467 2598 5523 Parallel.
2626 5471 2860 5540 ποιήσειΣ

2163 5557 2210 5606 φ

1862 5535 1973 5660 982
2261 5535 2331 5591 δὲ
2388 5535 2804 5621 alapam-or.
2842 5538 2982 5592 Editi
3029 5537 3364 5662 ἔρόνῳαέἒὶν

1786 5604 1876 5658 δια
1908 5625 1953 5689 υΔ
1975 5625 2152 5689 μενον.
2174 5607 2345 5689 Paulo
2369 5618 2494 5689 post
2524 5609 2669 5689 idem
2697 5608 2852 5672 τάξιν
2881 5609 2975 5661 καὶ
2991 5607 3024 5660 ιθ
3060 5621 3142 5662 σιν
3170 5608 3199 5660 λ
3303 5626 3362 5661 ν-

1784 5685 1961 5750 τες-ει
1991 5678 2239 5750 συνάγων
2261 5679 2363 5750 οὕκ
2393 5679 2734 5750 όρυνατήσει.

1859 5745 2380 5823 (19)-Μὲν“μούσῶν.
2410 5749 2487 5823 Ex
2517 5745 2818 5806 mutatione
2842 5749 2953 5823 fere
2993 5749 3143 5823 nulla
3185 5745 3361 5823 divisa

1787 5818 1996 5892 scripsi
2039 5819 2329 5892 lectiqnem
2357 5821 2633 5892 vulgatam
2663 5820 2963 5890 μενουσῶν,
2993 5821 3156 5875 etiam
3189 5820 3359 5891 supra

1786 5886 1913 5955 ἀφθ.
1947 5888 2137 5946 οὐσῶν.
2176 5886 2357 5947 Οττο.
