4104 6436
150 328 287 387 1589

1373 321 1433 379 S.
1471 319 1738 378 JUSTINI
1774 316 2224 375 FRAGMENTA.

3254 319 3392 375 1ωο

145 448 265 515 εἰμι
282 460 296 474 ’
328 443 421 497 καὶ
442 440 691 514 ψηλαφᾷν
719 439 1204 511 αύτδνὲπέτρεπεν
1238 439 1439 503 αὐτοῖς,
1470 442 1563 493 καὶ
1591 441 1717 502 τοὺς

1839 436 2057 494 κιηόυω
2086 432 2320 506 prmbuit
2348 440 2402 487 et
2428 432 2548 488 loca
2573 432 2852 487 clavorum
2887 432 2944 487 in
2983 434 3242 489 manibus.
3276 436 3393 489 suis

146 535 352 598 τύπους
370 533 483 587 τῶν
502 532 645 604 ἥλων
672 536 731 587 ἐν
756 535 873 595 ταῖς
894 532 1079 602 χερσὶν
1098 529 1425 583 ἐπεδείκνυε.
1451 531 1559 583 Καὶ
1583 547 1717 582 παν-

144 628 373 698 ταχόθεν
410 628 573 683 αὐτὸν
620 627 1080 698 κατανοήσαντες,
1114 626 1196 678 ὅτι
1236 624 1397 688 αὑτός
1439 626 1554 677 ἐστι
1579 666 1595 690 ,
1626 624 1717 677 καὶ

150 723 211 775 ὲν
252 718 329 791 τῷ
369 719 603 791 σώματι,
637 718 1015 790 παρεκάλεσαν
1051 717 1214 785 αὑτὸν
1248 719 1438 785 φαγεῖν
1475 718 1592 786 μετ’
1623 718 1719 769 αὑ·-

150 811 283 879 τῶν,
313 812 400 865 ἵνα
429 811 523 864 καὶ
563 810 652 865 διὰ
676 812 864 863 τούτου
915 808 1142 879 βεϐαίως
1185 808 1447 879 μάθωσιν,
1480 808 1562 860 ὅτι
1591 807 1722 878 ἀλη-

152 904 265 969 θῶς
287 902 610 973 σωματικῶς
636 904 834 973 ἀνέστη
857 920 868 931 ·
902 888 1177 970 καῖἐφαγε
1205 900 1393 973 κηρίον
1415 900 1510 953 καὶ
1540 900 1717 970 ἰχθύν·

153 995 253 1050 καὶ
276 994 444 1057 οὕτως
473 994 741 1058 ἐπιδείξας
769 993 970 1059 αὐτοῖς,
1000 994 1081 1046 ὅτι
1109 992 1322 1063 ἀληθῶς
1360 990 1560 1063 σαρκδς
1588 990 1722 1045 ἀνά-

155 1086 347 1150 στασίς
390 1075 515 1157 (39)’
547 1086 661 1139 ἐστι
686 1103 699 1115 ·
745 1084 1061 1159 βουλόμενος
1103 1084 1360 1150 ἐπιδεῖξαι
1406 1083 1500 1138 καὶ
1543 1083 1722 1149 τοῦτο,

154 1177 337 1243 καθὼς
355 1178 573 1251 εἴρηκεν
599 1180 655 1231 ὲν
685 1176 897 1248 οὐρανῷ
929 1178 1027 1246 τὴν
1046 1177 1360 1247 κατοίκησιν
1377 1175 1535 1247 ἡμῶν
1558 1175 1727 1246 ὑπάρ-

154 1286 293 1339 χειν,
324 1270 407 1322 ὃτι
433 1270 534 1322 οὐκ
570 1258 824 1323 ἀδύνατον
856 1269 950 1321 καὶ
980 1268 1143 1340 σαρκὶ
1188 1268 1268 1331 εἰς
1313 1266 1539 1339 οὐρανὸν
1573 1267 1727 1321 ἀνελ-

154 1359 291 1424 θεῖν,
313 1359 625 1429 ἀνελήφθη
639 1360 998 1423 βλεπόντων
1011 1357 1209 1413 αὐτῶν
1224 1361 1311 1427 εις
1326 1358 1431 1412 τὸν
1444 1358 1724 1427 οὐρανὸν,

152 1451 234 1515 ὡς
266 1447 334 1523 ἦν
379 1453 437 1505 ὲν
484 1454 550 1523 τῇ
597 1438 793 1523 σαρκί.
819 1450 1064 1515 Οὐκοῦν,
1097 1450 1150 1503 εί
1206 1460 1289 1515 τις
1329 1453 1550 1504 ἀπαιτεῖ
1590 1450 1729 1521 μετά

153 1543 337 1598 πάντα
375 1542 444 1596 τὰ
466 1526 731 1615 εἰρημένα
778 1543 967 1611 λόγους
997 1544 1407 1608 ἀποδεικτικοὺς
1439 1544 1568 1615 περὶ
1595 1544 1727 1597 ἀνας

155 1636 422 1699 στάσεως,
465 1634 617 1687 οὐδὲν
664 1634 772 1701 τῶν
814 1634 1184 1688 Σαδδουκαίων
1212 1635 1499 1715 διαφέρει’
1542 1635 1729 1707 ἐπειδὴ

153 1728 191 1795 ἠ
239 1725 531 1790 ἀνάστασις
585 1725 684 1796 τῆς
733 1726 933 1798 σαρκὸς
982 1726 1207 1797 δύναμις
1254 1726 1402 1781 Θεοῦ.
1443 1728 1591 1791 ἐστι,
1634 1727 1729 1797 καὶ

1819 527 2074 590 ostendit.
2100 526 2237 582 Cum
2262 540 2395 597 ergo
2418 525 2783 595 undequaque
2802 524 3186 595 cognovissent
3213 524 3393 594 ipsum

1818 634 1943 676 esse
1980 626 2042 673 et.
2075 619 2133 693 in
2173 631 2428 688 corpore,
2476 617 2680 672 hortati
2709 624 2839 672 sunt
2875 616 3031 672 illum
3069 616 3136 671 ad
3162 616 3397 671 mandu-

1818 714 2055 771 candum
2086 702 2305 778 secum,
2332 719 2394 766 ut
2420 712 2582 768 etiam
2611 728 2706 784 per
2735 713 2840 768 hoc
2864 713 3169 768 certissime
3196 726 3399 784 cogno—

1823 813 2043 863 soerent
2071 806 2254 876 ipsum
2282 819 2411 860 vere
2440 805 2804 876 corporaliter
2844 804 3245 870 resurrexisse;
3281 812 3397 857 tum

1822 897 2058 953 comedit
2085 896 2269 952 favum
2312 896 2491 954 mellis
2518 904 2573 952 et
2602 897 2831 968 piscem.
2865 894 3113 971 Cumque
3153 894 3401 965 ipsis.sic

1824 989 2154 1046 ostendisset
2176 978 2309 1052 vere
2326 1003 2449 1045 esse
2478 990 2665 1052 carnis
2687 990 3150 1047 resurrectionem
3169 1032 3183 1055 ,
3208 988 3400 1043 volens

1823 1073 1988 1137 etiam
2020 1082 2154 1139 illud
2182 1083 2471 1158 ostendere
2503 1082 3150 1155 (quemadmodumdixit
3173 1082 3229 1136 in
3259 1080 3402 1135 coelo

1824 1180 2073 1239 nostram
2106 1188 2231 1233 esse
2265 1172 2818 1244 inhabitationemr")
2859 1174 3018 1234 carni
3067 1172 3403 1241 impossibile

1826 1265 1938 1320 non
1964 1279 2099 1321 esse?
2110 1262 2171 1318 in
2193 1264 2396 1320 ctelum
2424 1264 2743 1330 ascendere,
2774 1263 3064 1319 videntibus
3093 1263 3205 1317 illis
3231 1263 3404 1331 eleva-

1829 1366 1911 1412 tus
1946 1364 2025 1421 est
2048 1357 2104 1411 in
2129 1357 2339 1423 caelum,
2370 1364 2432 1411 ut
2476 1366 2598 1413 erat
2629 1352 2687 1412 in
2723 1355 2985 1412 carne“.
3034 1354 3093 1411 Si
3122 1355 3247 1425 quis
3272 1370 3403 1425 ergo

1824 1457 1951 1523 post
1998 1451 2114 1506 haec
2154 1449 2341 1505 omnia
2379 1466 2501 1521 quae
2542 1450 2808 1515 diximus,
2859 1449 3100 1505 rationes
3142 1453 3405 1517 exposcat

1827 1559 1949 1618 quae
1977 1545 2438 1602 resurrectionem
2463 1544 2861 1610 demonstrent,
2891 1542 3029 1598 nihil
3054 1558 3085 1596 a
3128 1541 3405 1597 Saducaais

1827 1634 2075 1692 diﬂ’eret:
2124 1636 2397 1706 siquidem
2441 1635 2773 1692 resurrectio
2816 1635 3000 1690 carnis
3040 1635 3281 1704 potentia
3319 1641 3406 1689 est

1827 1728 1925 1787 Dei
1947 1743 2013 1785 ac
2040 1745 2207 1800 supra
2235 1744 2453 1785 omnem
2488 1729 2781 1796 rationem,
2802 1744 2885 1803 Kac
2919 1728 3024 1784 ﬁde
3054 1726 3273 1798 quidem
3303 1734 3409 1783 διας

156 1816 415 1888 ὑπεράνω
442 1817 600 1885 λόγου
631 1817 831 1881 παντὸς
860 1816 1198 1891 βεόαιωμένη
1233 1819 1331 1889 μὲν
1358 1818 1560 1885 πίστει,
1589 1818 1724 1871 θεω-

1839 1821 2038 1887 bilitur,
2070 1820 2330 1891 operibus
2358 1832 2540 1876 autem
2583 1821 2946 1892 conspicitur.

158 1908 398 1980 ρουμένη
426 1910 482 1963 δὲ
504 1909 705 1981 ἔργοις.
997 1968 999 1973 ς

652 2021 761 2076 Kal
794 2022 944 2092 μετὰ
987 2022 1235 2094 ,βραχέα-

231 2136 301 2189 Χ.
346 2134 665 2200 ’Ᾱνάστασίς
730 2139 846 2190 ἐστι
903 2136 1000 2189 τοῦ
1065 2135 1414 2199 πεπτωκότος
1482 2135 1730 2208 σαρκίον.

160 2227 388 2299 Πνεῦμα
433 2226 541 2299 γὰρ
564 2228 624 2280 οὺ
646 2229 864 2282 πίπτει’
886 2228 1031 2299 ψυχὴ
1052 2229 1121 2281 ,ὲν
1146 2215 1354 2298 σώματί
1385 2228 1551 2288 ἐστιν,
1574 2228 1633 2281 οὐ
1665 2227 1731 2299 ζῇ

158 2316 221 2369 δὲ
244 2316 468 2387 ἄψυχον.
506 2319 691 2389 Σῶμα,
734 2319 914 2389 ψυχῆς
956 2319 1376 2388 ἀπολειπούσης,
1428 2320 1731 2389 οὐκέστιν.

160 2401 324 2471 οἶκος
353 2407 460 2478 γὰρ
480 2407 541 2461 τὸ
566 2407 724 2477 σῶμα
771 2408 976 2478 ψυχῆςο
1025 2408 1328 2478 πνεύματος
1356 2409 1412 2462 δὲ
1455 2408 1600 2480 ψυχὴ
1659 2404 1737 2462 οἷ-

162 2513 260 2560 κος
289 2497 422 2568 (40).
456 2497 537 2550 Τὰ
563 2498 690 2568 τρία
731 2500 903 2553 ταῦτα
946 2503 1058 2563 τοῖς
1091 2500 1278 2553 ἐλπίδα
1328 2496 1592 2571 εἰλικρινῆ
1641 2500 1737 2553 καὶ

161 2588 347 2641 πίστιν
369 2589 676 2660 ἀδιάκριτον
699 2592 758 2644 ὲν
784 2591 862 2662 τῷ
889 2579 1007 2662 Θεῷ
1036 2591 1215 2662 έχουσι
1247 2591 1565 2663 σωθήσεται.
1588 2592 1735 2645 Θεω-

162 2677 385 2748 ροῦντες
405 2678 534 2747 γοῦν
572 2680 667 2733 καὶ
689 2682 816 2744 τοὺς
836 2672 1133 2751 κοσμικοὺς
1159 2682 1365 2751 λόγους,
1389 2682 1481 2735 καὶ
1501 2684 1619 2735 κατ’
1642 2684 1738 2735 αὐ-

161 2770 293 2833 τοὺς
342 2771 439 2840 οὺχ
484 2770 831 2842 εὑρίσκοντες
877 2751 1138 2826 ἀδύνατον
1170 2773 1436 2845 ὑπάρχειν
1482 2776 1547 2845 τῇ
1576 2774 1739 2844 σαρκὶ

161 2856 269 2927 τὴν
303 2857 741 2926 παλιγγενεσίαν,
780 2860 876 2913 καὶ
905 2861 997 2913 ἐπὶ
1036 2862 1242 2925 τούτοις
1272 2864 1405 2915 πᾶσι
1426 2863 1517 2916 τὸν
1553 2864 1735 2933 Σωτῆ-

168 2965 239 3018 ρα
266 2947 354 3001 διὰ
389 2949 588 3013 παντὸς
640 2951 736 3004 τοῦ
788 2952 1115 3021 Εὐαγγελίου
1169 2952 1447 3007 δεικνύντα
1492 2954 1590 3025 τὴν
1643 2956 1740 3025 τῆς

169 3038 374 3111 σαρκὸς
422 3041 581 3112 ἡμῶν
636 3044 941 3114 σωτηρίαν·
970 3044 1026 3096 τί
1060 3043 1243 3098 λοιπὸν
1293 3045 1594 3116 ἀνεχόμεθα
1633 3045 1740 3098 τῶν

2394 2021 2464 2076 Et
2485 2030 2604 2091 post
2640 2036 2813 2090 pauca
2842 2040 2858 2071 ;

1904 2134 2065 2207 595
2090 2135 2155 2191 Χ.
2180 2134 2532 2192 Resurrectio
2560 2141 2647 2189 est
2668 2134 2854 2198 carnis
2882 2148 3005 2205 quas
3032 2131 3247 2189 cecidit.
3273 2130 3407 2185 Nam

1835 2228 2065 2297 spiritus
2083 2242 2199 2283 non
2228 2227 2391 2298 cadit.
2422 2226 2618 2280 Anima
2646 2225 2701 2280 in
2730 2240 2961 2295 corpore
2981 2232 3087 2288 est,
3126 2224 3271 2295 quod
3292 2224 3411 2280 sine

1836 2319 2177 2374 anima‘non
2220 2319 2373 2373 vivit.
2403 2316 2650 2388 Corpus,
2690 2317 2872 2371 anima
2915 2315 3267 2379 discedente,
3302 2316 3411 2369 non

1836 2418 1941 2466 est.
1971 2408 2106 2464 Nam
2130 2396 2329 2467 domus
2361 2418 2446 2464 est
2468 2409 2663 2463 animae
2690 2422 2892 2478 corpus
2911 2447 2926 2471 ,
2958 2414 3011 2463 et
3053 2408 3280 2476 spiritus
3308 2405 3411 2461 do-

1837 2515 1961 2575 mus
1988 2500 2191 2556 anima.
2222 2498 2351 2553 Tria
2380 2498 2497 2554 haec
2522 2498 2581 2553 in‘
2603 2499 2693 2562 iis,
2724 2498 2817 2568 qui
2849 2498 3123 2553 sinceram
3167 2483 3319 2566 spem
3359 2502 3415 2549 et

1842 2588 2000 2645 [idem
2028 2589 2253 2646 minime
2279 2588 2499 2645 dubiam
2531 2589 2828 2645 habuerint
2856 2589 2915 2643 in
2945 2588 3086 2652 Deo,
3120 2587 3415 2644 salvabun-

1839 2689 1948 2735 tur.
1976 2678 2411 2737 Considerantes
2437 2680 2602 2751 igitur
2628 2681 2793 2735 etiam
2824 2678 3132 2733 mundanas
3150 2677 3412 2740 rationes,

1840 2788 1904 2828 ae
1933 2774 2237 2829 secundum
2260 2774 2386 2829 illas
2413 2771 2888 2843 deprehendentes
2915 2786 3026 2825 non
3052 2785 3176 2826 esse
3210 2770 3415 2839 impos-

1840 2866 2055 2923 sibilem
2088 2866 2270 2923 carnis
2298 2864 2764 2936 regenerationem
2788 2902 2803 2928 ,
2836 2877 2897 2916 ac
2921 2869 3118 2933 praeter
3146 2861 3260 2916 haec
3289 2874 3417 2915 om»

1841 2958 1932 3013 nia
1964 2956 2305 3015 Salvatorem
2329 2972 2427 3027 per
2455 2972 2617 3012 omne
2645 2954 3001 3027 Evangelium
3036 2954 3266 3010 salutem
3303 2966 3420 3005 car-

1841 3044 1930 3099 nis
1986 3055 2189 3100 nostrze
2246 3046 2565 3102 declarare:
2618 3044 2750 3117 quid
2804 3045 2873 3101 de
2922 3052 3119 3099 caatero
3168 3042 3418 3097 inﬁdeles

164 3131 411 3186 ἀπίστων
466 3133 558 3185 καὶ
626 3134 935 3189 σκανδάλων
991 3136 1196 3205 λόγων,
1257 3137 1351 3189 καὶ
1412 3136 1739 3208 λανθάνομεν

1846 3137 2297 3209 perniciososque
2344 3153 2627 3194 sermones
2658 3138 2996 3193 sustinemus
3023 3175 3038 3198 ,
3074 3151 3281 3205 nosque
3315 3136 3419 3205 ipsi

166 3224 393 3288 ἑαυτοὺς
422 3227 839 3298 ἐπιστρέφοντες
874 3231 952 3292 εἰς
986 3230 1247 3293 τούπίσω,
1278 3230 1476 3283 ὁπόταν
1498 3230 1742 3283 ἀκούσω-

171 3332 291 3386 μεν,
336 3318 417 3371 ὅτι
460 3321 493 3389 ἠ
527 3320 623 3389 μὲν
658 3319 804 3392 ψυχὴ
858 3320 1121 3384 ἀθάνατός
1170 3323 1307 3385 ἐστι,
1364 3321 1425 3375 τὸ
1470 3321 1526 3375 δὲ
1583 3321 1741 3393 σῶμα

166 3406 429 3479 φθαρτὸν,
475 3410 567 3463 καὶ
612 3412 713 3465 οὐκ
761 3412 839 3465 ἔτι
876 3412 1172 3484 δυνάμενον
1222 3414 1489 3483 ἀναζῆσαι
1516 3432 1531 3482 ;
1560 3415 1742 3468 Ταῦτα

167 3498 280 3571 γὰρ
304 3503 397 3553 καὶ
424 3502 530 3572 πρὸ
551 3501 645 3555 τοῦ
681 3503 873 3573 μαθεῖν
895 3506 994 3575 τὴν
1023 3505 1282 3577 ἀλήθειαν
1313 3505 1464 3577 παρά
1501 3506 1744 3575 Πυθαγό-

173 3608 266 3663 ρου
302 3594 396 3645 καὶ
434 3593 716 3658 Πλάτωνος
757 3596 1045 3673 ἠκούομεν.
1107 3598 1167 3650 Εἰ
1196 3593 1287 3650 οὖν
1309 3595 1480 3651 ταῦτα
1507 3597 1688 3666 ἔλεγεν
1715 3598 1744 3650 ό

170 3683 381 3761 Σωτὴρ,
406 3686 500 3739 καὶ
533 3686 697 3757 μόνης
732 3688 834 3757 τῆς
854 3688 1034 3758 ψυχῆς
1069 3688 1166 3758 τὴν
1207 3690 1478 3761 σωτηρίαν
1513 3690 1742 3758 εὐαγγε-

170 3760 368 3839 λίζετο,
388 3776 442 3828 τί
469 3778 651 3830 καινὸν
675 3780 808 3849 ἡμῖν
858 3779 1018 3849 ἔφερε
1078 3779 1227 3850 παρὰ
1282 3760 1600 3852 Πυθαγόραν
1650 3781 1744 3834 καὶ

170 3862 455 3932 Πλάτωνα,
488 3869 581 3921 καὶ
608 3869 699 3922 τὸν
735 3870 936 3923 τούτων
979 3872 1171 3941 χορόν;
1208 3871 1319 3924 Νῦν
1346 3871 1403 3925 δὲ
1429 3872 1526 3943 τὴν
1552 3872 1744 3943 καινὴν

173 3959 270 4012 καὶ
304 3956 459 4029 ξένην
492 3961 969 4033 εὐαγγελιζόμενος
989 3959 1150 4033 ἦλθεν
1185 3963 1492 4035 ἀνθρώποις
1532 3964 1741 4020 ἐλπίδα.

170 4047 335 4105 Ξένον
371 4050 428 4103 δὲ
456 4052 563 4123 ἀρα
594 4048 660 4124 ἢν
690 4055 783 4107 καὶ⁸
831 4056 1014 4107 καινὸν
1037 4054 1099 4108 τὸ
1134 4055 1225 4108 τὸν
1272 4055 1406 4109 θεὸν
1465 4057 1744 4126 ὑπισχνεῖ-

173 4142 319 4209 σθαι,
355 4142 429 4217 μὴ
465 4146 531 4216 τῇ
558 4145 839 4217 ἀφθαρσίᾳ.
870 4147 969 4218 τὴν
1007 4147 1314 4218 ἀφθαρσίαν
1366 4138 1574 4221 τηρεῖν,
1613 4148 1747 4202 ἀλλά

170 4234 270 4307 τὴν
290 4234 496 4306 φθορὰν
533 4230 838 4308 ἀφθαρσίαν
878 4243 1070 4293 ποιεῖν.
1116 4240 1272 4293 Ἀλλά
1308 4241 1417 4313 γὰρ
1443 4242 1543 4295 οὐκ
1573 4241 1748 4305 άλλως

172 4324 468 4398 δυνάμενος
483 4328 574 4381 τὸν
608 4328 762 4398 λόγον
788 4330 1140 4402 λυμαίνεσθαι
1167 4335 1195 4387 ό
1230 4335 1328 4404 τῆς
1358 4335 1619 4407 πονηρίας
1651 4335 1749 4407 ἀρ-

174 4436 306 4490 χων,
348 4420 621 4492 ἐξέπεμψε
659 4424 785 4487 τοὺς
814 4425 1139 4490 ἀποστόλους
1168 4426 1352 4494 αὑτοῦ,
1389 4430 1594 4492 κακοὺς
1635 4430 1744 4501 (41)

175 4512 271 4566 καὶ
300 4512 553 4584 λιμώδεις
590 4515 934 4581 διδασκαλίας
986 4519 1335 4588 εἰσάγοντας,
1391 4497 1747 4593 ἐκλεξάμενος
1778 4497 1822 4551 D

175 4605 373 4670 αὐτοὺς
391 4608 455 4661 ὲκ
488 4607 596 4661 τῶν
628 4609 1050 4681 σταυρωσάντων
1079 4611 1169 4664 τὸν
1210 4613 1434 4684 Σωτῆρα
1461 4616 1494 4684 ή
1504 4614 1639 4684 μῶν,
1666 4616 1745 4667 οἴ-

175 4715 320 4763 τινες
350 4699 412 4752 τὸ
447 4700 545 4771 μὲν
577 4701 746 4772 ὖνομα
778 4703 877 4778 τοῦ,
908 4704 1157 4775 Σωτῆρος
1198 4704 1411 4775 ἔφερον,
1434 4705 1502 4759 τὰ
1532 4708 1589 4760 δὲ
1615 4707 1750 4778 ἔργα

174 4790 273 4844 τοῦ
312 4792 626 4863 πέμψαντος
666 4796 862 4859 αὐτοὺς
889 4796 1124 4861 ὲποίουν,
1159 4797 1225 4850 δι’
1253 4797 1346 4861 οὒς
1378 4800 1471 4853 καὶ
1509 4800 1586 4870 τῷ
1632 4800 1748 4852 6V6-

182 4902 311 4956 ματι
341 4885 704 4958 ἠκολούθησεν
739 4888 771 4958 ἡ
803 4887 1137 4959 βλασφημία.
1170 4892 1231 4943 Et
1264 4890 1321 4944 δὲ
1358 4891 1431 4961 μὴ
1466 4892 1749 4945 ἀνίσταται

178 4977 215 5048 ἠ
253 4976 409 5049 σὰρξ,
440 4978 527 5032 διὰ
561 4979 615 5033 τι
655 4981 750 5033 καὶ
781 4981 1133 5050 φυλάσσεται,
1164 4984 1257 5035 καὶ
1285 4984 1351 5035 οὐ
1384 4983 1581 5054 μᾶλλον
1610 4984 1746 5055 αὐτῇ

180 5071 571 5145 συγχωροῦμεν
620 5073 925 5144 χρήσασθαι
972 5077 1092 5137 ταῖς
1140 5072 1499 5147 ἐπιθυμίαιςς
1552 5079 1644 5131 καὶ
1690 5079 1750 5131 οὐ

181 5164 494 5237 μιμούμεθα
525 5166 634 5238 (42)
660 5167 785 5240 τοῦς
816 5168 1052 5239 ἰατροὺς,
1084 5170 1267 5237 φασιν,
1297 5170 1508 5233 οἵτινες,
1536 5170 1751 5223 ἐπειδὰν

176 5258 599 5331 ἀπεγνωσμένον
641 5259 835 5331 ἔχωσιν
875 5258 1161 5331 ἄνθρωπον
1205 5259 1469 5323 σώζεσθαι
1503 5261 1576 5332 μὴ
1598 5261 1754 5315 δυνά-

252 5416 296 5448 ⁸³
324 5413 482 5471 Joan.
516 5431 629 5480 τιν,
653 5414 707 5471 2.
786 5415 832 5448 ³⁸
858 5414 1023 5471 Marc.
1056 5431 1168 5483 xw,
1198 5416 1285 5472 19.
1307 5416 1428 5481 Act.
1460 5434 1570 5473 χιιι.

253 5570 366 5642 (59)
402 5571 629 5641 Σαρκὸς
649 5573 1000 5640 ἀνάστασις.
1031 5572 1165 5628 Cod.
1200 5589 1303 5629 ms.
1337 5571 1595 5644 σαρκικὸς
1623 5571 1754 5625 ἀνά-

185 5658 743 5782 πῗῖθῗῌνεύματος
773 5711 839 5767 δὲ
865 5712 1033 5782 ψυχὴ
1059 5709 1241 5778 οἶκος.
1280 5711 1419 5769 Editi
1452 5711 1665 5781 πνεῦμα
1698 5711 1754 5765 δὲ

188 5779 364 5854 ψυχῆς
392 5779 556 5848 οἶκος.

1845 3228 2221 3298 imprudentes
2243 3236 2542 3284 retrorsum
2572 3230 2968 3291 convertimus,
2999 3227 3129 3282 dum
3167 3228 3421 3283 audimus

1845 3319 2082 3373 animam
2117 3335 2239 3374 esse
2269 3319 2652 3386 immortalem,
2681 3334 2884 3389 corpus
2915 3335 3045 3374 vero
3081 3320 3419 3389 corruptioni

1845 3413 2166 3476 obnoxium,
2200 3427 2303 3466 nee
2325 3411 2437 3481 jam
2462 3413 2660 3467 saiutis
2682 3413 2901 3483 capax?
2930 3411 3025 3465 Illa
3055 3413 3223 3476 enim,
3256 3413 3422 3465 etiam

1844 3507 2165 3576 priusquam
2190 3520 2479 3561 nossemus
2502 3505 2806 3569 veritatem,
2842 3519 2873 3557 a
2904 3503 3207 3575 Pythagora
3232 3512 3284 3559 et
3307 3503 3425 3558 Pla-

1844 3608 1972 3655 tone
2002 3600 2376 3655 audiebamus.
2404 3597 2461 3653 Si
2490 3599 2605 3653 haec
2641 3600 2807 3669 igitur
2838 3598 3087 3654 Salvator
3109 3600 3338 3653 dixisset
3360 3613 3424 3651 ac

1846 3692 2018 3747 solius
2058 3694 2253 3746 animae
2281 3692 2512 3745 salutem
2561 3692 3039 3757 annuntiavisset,
3076 3691 3209 3760 quid
3264 3692 3424 3746 nobis

1844 3785 2122 3840 attulisset
2170 3784 2297 3838 novi
2341 3790 2539 3854 praeter
2558 3781 2931 3854 Pythagoram
2966 3792 3019 3837 et
3063 3782 3343 3837 Platonem
3371 3789 3428 3837 et

1848 3875 2066 3931 illorum
2101 3876 2371 3931 chorum?
2399 3874 2557 3930 Nunc
2588 3882 2768 3930 autent
2810 3889 3005 3929 novam
3055 3882 3109 3929 et
3147 3875 3425 3929 admiran-

1846 3966 1973 4022 dam
1997 3982 2148 4036 spem
2181 3967 2564 4021 annuntiatum
2590 3966 2907 4022 hominibus
2935 3966 3099 4022 venit.
3133 3966 3429 4021 Admiran-

1847 4059 1975 4116 dum
2002 4074 2167 4130 porro
2200 4075 2511 4129 novumque
2543 4058 2643 4113 fuit
2667 4098 2681 4122 ,
2714 4058 2883 4115 Deum
2914 4060 3195 4129 polliceri,
3229 4075 3287 4115 se
3316 4074 3426 4113 non

1848 4151 2249 4221 incorruptioni
2275 4151 2741 4221 incorruptionem
2787 4159 3156 4217 servaturum,
3185 4154 3280 4208 sed
3312 4167 3430 4208 cor-

1850 4238 2091 4317 ruptioni
2120 4247 2372 4301 daturum
2400 4247 2890 4316 incorruptionem.
2916 4246 2983 4300 At
3015 4263 3142 4301 vero
3171 4248 3430 4317 nequitiae

1849 4342 2126 4411 princeps,
2151 4355 2275 4401 cum
2303 4339 2463 4396 aliter
2495 4355 2606 4394 non
2635 4348 2821 4411 posset
2847 4341 3156 4394 doctrinam
3188 4356 3431 4394 corrum-

1850 4448 2000 4503 pere,
2030 4432 2182 4487 misit
2227 4432 2508 4502 apostolos
2551 4448 2682 4488 suos
2730 4434 2906 4487 malos
2951 4442 3005 4486 et
3053 4434 3427 4502 pestilentium

1852 4523 2226 4579 doctrinarum
2245 4522 2582 4586 iuductores,
2603 4524 2749 4591 iique
2765 4524 2920 4579 electi
2941 4524 3113 4587 exiis,
3130 4523 3220 4593 qui
3242 4523 3431 4577 Salva-

1851 4624 2026 4672 torem
2058 4625 2307 4673 nostrum
2335 4614 2747 4678 cruciﬁxerant,
2782 4631 2980 4669 nomen
3019 4615 3321 4670 Salvatoris
3353 4614 3432 4670 fe-

1850 4710 2065 4773 rebant,
2093 4708 2189 4764 sed
2220 4723 2385 4778 opera
2411 4708 2580 4771 illius,
2606 4707 2698 4777 qui
2727 4724 2823 4761 eos
2848 4708 3097 4771 miserat,
3123 4707 3427 4762 faciebant:

1852 4808 2071 4872 prepter
2097 4816 2195 4855 eos
2220 4807 2273 4854 et
2299 4815 2499 4855 nomen
2532 4800 2788 4854 comitata
2814 4800 3175 4869 blasphemia.
3209 4800 3364 4865 Quod
3388 4802 3433 4855 si

1852 4909 1961 4947 non
2007 4895 2247 4965 resurgit
2276 4909 2442 4958 caro,
2476 4908 2575 4947 cur
2624 4894 2787 4949 etiam
2831 4894 3171 4959 custoditur,
3217 4909 3279 4946 ac
3324 4881 3435 4947 non

1853 4986 2035 5056 potius
2064 4986 2211 5040 illam
2241 4986 2472 5041 sinimus
2505 4985 2619 5040 suis
2648 4984 2938 5054 indulgere
2969 4983 3435 5060 desideriis?gCur

1855 5094 1966 5133 non
2001 5079 2281 5132 imitamur
2309 5078 2573 5142 medicos,
2611 5084 2670 5131 ut
2696 5076 2804 5131 dici
2840 5077 3013 5141 solet,
3052 5076 3149 5147 qui
3178 5076 3437 5146 despera-

1857 5178 1971 5228 tum
2026 5170 2304 5227 hominem
2348 5170 2531 5233 nacti,
2579 5170 2782 5240 quique
2822 5168 3031 5223 servari
3072 5184 3181 5222 non
3226 5169 3430 5236 possit.

1858 5262 2186 5332 permittunt
2225 5270 2285 5316 ut
2328 5262 2444 5317 suis
2464 5276 2671 5317 morem
2704 5270 2858 5331 gerat
2884 5260 3212 5317 desideriis?
3243 5258 3443 5314 Sciunt

1957 5570 2044 5635 41)
2080 5572 2332 5635 Κακοὺς.
2368 5570 2505 5624 Cod.
2542 5585 2644 5625 ms.
2674 5568 2868 5633 καινάς.

1957 5571 2015 5623 Μ
2080 5572 2332 5635 Κακοὺς.
2368 5571 2505 5624 Cod.
2542 5585 2644 5625 ms.
2674 5571 2868 5633 καινάς.

1933 5571 2044 5710 ίθζ
2077 5642 2186 5695 Καὶ
2220 5644 2291 5695 οὐ
2340 5642 2686 5709 μιμούμεθα.
2738 5638 2813 5693 Ita
2848 5639 3037 5705 Grab.,
3076 5637 3209 5694 Cod.
3248 5651 3350 5694 ms.
3390 5637 3437 5691 sl

1863 5711 2180 5784 μιμοίμεθα.
2214 5712 2409 5767 Parall.
2431 5712 2478 5764 εί
2510 5710 2837 5783 μιμούμεθα.
