4104 6418
711 228 850 288 1598

1964 232 2303 290 ΑΡΡΕΝυιΧ
2334 268 2404 278 -
2436 237 2613 293 PARS
2655 239 2714 296 ll.

3826 239 3946 294 1396

1994 374 2081 430 XI.
2119 377 2200 430 Ea:
2226 376 2341 431 cod.
2373 378 2594 433 Coislin.
2630 379 2684 432 5.

778 490 883 547 Per
930 493 1070 546 duos
1103 503 1354 559 passeres
1386 490 1723 563 signiﬁcatur
1750 490 2005 550 Christus
2035 501 2089 551 et
2126 511 2271 549 mor-

2438 494 2515 550 A'.
2539 499 2615 549 At‘
2637 498 2835 567 ἀμφοῖν
2849 496 2958 567 (54)
2969 498 3079 549 τοῖν
3096 494 3299 568 opvéow
3320 495 3692 565 σημαίνεταιό
3709 495 3937 565 Χριστᾰς

708 590 838 637 tuus
862 590 922 636 ut
942 580 1127 644 homo,
1156 588 1211 636 et
1231 582 1419 638 vivens
1450 592 1509 637 ut
1535 583 1697 639 Deus.
1734 583 1944 643 Passeri
1975 598 2152 646 autem
2184 604 2272 645 as-

708 672 1001 736 similatur,
1028 670 1157 741 quia
1190 671 1257 727 de
1286 673 1539 743 supernis
1564 684 1618 729 et
1643 691 1674 730 e
1698 677 1838 731 coelo
1872 693 1996 733 esse
2018 679 2273 750 intelligi-

706 772 798 820 tur
823 773 877 820 et
900 764 1122 819 dicitur.
1158 762 1387 819 Tinctus
1435 772 1615 831 autem
1654 767 1813 822 vivus
1842 762 2031 838 passer
2060 770 2115 823 in
2144 783 2275 824 san-

698 840 873 925 guine
893 856 1091 909 mortui
1125 862 1311 924 postea
1345 854 1742 915 dimittebatur.
1764 858 1897 912 Nam
1925 862 1981 914 in
2010 862 2272 917 cruciﬂxo

705 952 761 999 et
785 952 999 998 mortuo
1032 946 1233 1014 templo
1276 946 1463 1001 vivens
1493 957 1548 1002 et
1577 948 1820 1003 divinum
1865 960 1981 1005 erat
2009 949 2269 1019 Verbum,

707 1021 894 1106 utpote
926 1035 1200 1105 passionis
1231 1036 1525 1109 particeps,
1555 1048 1609 1096 et
1638 1040 1991 1110 impassibilis
2016 1050 2075 1097 ut
2104 1041 2270 1101 Deus.

775 1217 880 1275 Per
897 1220 953 1275 id
984 1222 1126 1291 quod
1158 1222 1212 1276 in
1238 1238 1378 1293 aqua
1407 1224 1529 1279 viva
1560 1224 1739 1291 ﬁebat,
1767 1226 1822 1281 in
1850 1242 1957 1298 qua
1987 1228 2194 1300 lignum
2218 1238 2274 1286 et

707 1309 978 1382 hyssopus
1022 1321 1077 1366 et
1122 1328 1323 1368 coccus
1375 1316 1751 1385 tingebantur,
1792 1328 2017 1373 cruenta
2066 1319 2272 1377 Christi

705 1418 803 1473 per
825 1404 1029 1473 lignum
1055 1407 1237 1474 passio
1268 1407 1334 1461 ad
1364 1423 1553 1463 eorum
1580 1449 1595 1473 ,
1624 1410 1718 1479 qui
1747 1410 1939 1480 spiritu
1968 1418 2021 1465 et
2046 1426 2187 1482 aqua
2217 1422 2272 1469 et

705 1495 973 1563 sanguine
1021 1504 1386 1566 asperguntur
1409 1536 1425 1561 ,
1468 1499 1695 1554 salutem
1729 1500 2062 1572 designatur.
2095 1500 2273 1567 Quare

703 1599 814 1638 non
848 1586 1117 1657 praecipue
1140 1588 1209 1643 de
1232 1588 1378 1658 lepra
1419 1598 1537 1644 erat
1586 1593 1814 1647 materia
1842 1594 2265 1663 expurgationis,

705 1676 803 1731 sed
831 1677 900 1733 de
928 1681 1256 1735 remissione
1280 1690 1629 1752 peccatorum
1652 1724 1665 1747 ,
1697 1684 1771 1737 ita
1800 1693 1859 1738 ut
1886 1693 1940 1739 et
1972 1688 2129 1756 lepra
2147 1702 2273 1756 pec-

700 1770 812 1824 cati
862 1770 1033 1840 ﬁgura
1058 1815 1073 1838 ,
1120 1780 1177 1828 et
1206 1787 1269 1829 ea
1305 1790 1427 1844 quas
1462 1776 1812 1830 immolantur
1842 1778 2020 1839 illius.
2054 1780 2147 1851 qui
2174 1795 2271 1849 pro

702 1865 944 1933 peccatis
974 1880 1237 1936 passurus
1262 1874 1402 1933 erat,
1438 1867 1610 1939 ﬁgura
1642 1868 2035 1941 intelligantur.

775 2042 1069 2114 Propterea
1112 2054 1512 2117 consequenter
1553 2049 1807 2118 praecepit
1852 2049 1907 2102 in
1938 2062 2079 2119 aqua
2109 2050 2270 2105 simul

704 2134 988 2189 coccinum
1017 2136 1170 2206 tingi,
1193 2152 1409 2191 carnem
1436 2138 1808 2207 prmnuntians
1839 2152 1948 2192 non
1975 2138 2086 2208 jam
2113 2149 2271 2193 natu-

703 2226 912 2282 ralibus
945 2227 1091 2283 vitiis
1122 2228 1434 2284 obnoxiam.
1484 2228 1705 2285 Idcirco
1735 2237 1791 2286 et
1837 2229 1945 2286 duo
1972 2246 2220 2301 passeres
2252 2250 2267 2287 :

700 2317 842 2372 alter
888 2318 1108 2389 quidem
1142 2322 1234 2390 qui
1290 2321 1603 2376 immolatur
1634 2322 1689 2376 in
1718 2337 1893 2391 aqua,
1926 2322 2063 2377 alter
2090 2330 2270 2377 autem

700 2408 796 2479 qui
824 2409 1056 2480 tingitur
1087 2410 1140 2465 iu
1173 2412 1440 2482 sanguine
1485 2421 1541 2468 ct
1584 2414 1854 2469 emittitur
1874 2452 1889 2478 ,
1918 2412 2272 2483 quemadmo—

699 2501 833 2556 dum
865 2502 1069 2556 dictum
1098 2512 1182 2559 est
1210 2512 1264 2559 et
1293 2503 1361 2558 de
1393 2505 1581 2563 hircis.

774 2591 974 2650 Hircus
1007 2596 1324 2653 emissarius
1376 2597 1522 2653 illius
1542 2637 1557 2661 ,
1612 2598 1703 2668 qui
1734 2604 1956 2668 peccata
1988 2595 2271 2651 hominum

702 2686 860 2750 tulit,
893 2685 1117 2756 ﬁguram
1149 2688 1458 2744 exhibebat.
1512 2688 1632 2743 nuo
1662 2697 1842 2743 autem
1889 2688 2107 2743 unicam
2136 2703 2271 2743 con-

703 2779 950 2834 tinebant
976 2778 1072 2833 Dei
1101 2778 1339 2835 hominis
1384 2779 1513 2834 facti
1544 2781 2027 2851 dispensationem.
2064 2778 2269 2833 Vulne-

702 2878 856 2926 ratus
918 2879 1004 2926 est
1074 2873 1217 2927 enim
1288 2880 1510 2942 propter
1570 2872 1886 2942 iniquitates
1947 2881 2164 2926 nostras
2217 2878 2272 2925 et

702 2973 925 3031 peccata
956 2964 1251 3017 multorum
1296 2966 1446 3029 tulit,
1485 2973 1539 3019 et
1570 2973 1789 3034 propter
1820 2964 2133 3033 iniquitates
2179 2976 2273 3016 eo-

702 3068 823 3109 rum
861 3056 1092 3111 traditus
1115 3066 1217 3111 est.

2374 589 2467 642 καὶ
2491 586 2721 650 τεθνεὼς
2756 588 2831 651 ὡς
2863 586 3163 658 ἄνθρωπος,
3197 585 3293 640 καὶ
3326 584 3435 650 ζῶν
3470 585 3550 650 ὡς
3570 585 3732 650 Θεός.
3778 586 3940 656 Ὀρνι-

2371 679 2471 750 θίῳ
2498 680 2554 734 δὲ
2584 666 2969 752 παρεικάζεται
3009 683 3094 735 διά
3122 684 3180 737 τὸ
3216 682 3421 736 ἀνωθεν
3464 685 3560 736 καὶ
3605 684 3671 749 ἐξ
3723 684 3947 753 ούρανοῦ

2370 770 2605 824 νοεῖσθαι
2631 774 2722 825 καὶ
2748 772 3022 839 λέγεσθαι.
3056 774 3356 827 Βαπτισθὲν
3386 774 3442 826 δὲ
3466 775 3528 826 τὸ
3555 773 3673 838 ζῶν
3719 775 3950 845 ὀρνίθιον

2371 864 2428 914 ὲν
2465 861 2540 931 τῷ
2563 863 2752 933 αἵματι
2782 865 2875 916 τοῦ
2907 854 3199 928 τεθνεῶτος
3222 906 3236 929 ,
3284 867 3462 918 ἀνεῖτο
3487 865 3686 920 λοιπόν
3706 884 3721 895 ’
3757 867 3824 918 ὲν
3854 866 3951 937 γάρ

2369 952 2447 1022 τῷ
2476 954 2833 1024 σταυρωθέντι
2863 956 2956 1009 καὶ
2983 956 3305 1025 ἀποθανόντι
3341 955 3449 1025 ναῷ
3478 958 3506 1007 ό
3536 956 3652 1021 ζῶν
3683 957 3788 1010 καὶ
3818 957 3950 1020 θεῖος

2369 1036 2437 1112 ἦν
2462 1042 2631 1110 Λόγος
2653 1061 2666 1073 -
2695 1046 2949 1110 κοινωνὸς
2979 1047 3165 1119 ὥσπερ
3184 1047 3286 1103 τοῦ
3318 1048 3522 1112 πάθους
3543 1090 3557 1113 ,
3600 1051 3704 1102 καὶ
3735 1049 3950 1120 ἀπαθὴς
4038 1098 4039 1127 1

2370 1132 2446 1197 ὡς
2482 1133 2632 1197 Θεός.

2369 1591 2582 1644 λοῦται·
2627 1591 2767 1645 ὥστε
2814 1593 2875 1645 οὐ
2919 1596 3295 1666 προκειμένως
3334 1597 3460 1665 περὶ
3500 1596 3719 1667 λέπρας
3751 1600 3783 1667 ἡ
3822 1596 3949 1648 ὑπό-

2368 1683 2517 1748 θεσις
2535 1679 2603 1755 ἦν
2627 1684 2721 1737 τοῦ
2754 1684 3093 1756 καθαρισμοῦ
3112 1727 3127 1749 ,
3157 1686 3291 1740 ἀλλὰ
3320 1689 3446 1757 περὶ
3474 1688 3730 1756 ἀφέσεως
3765 1691 3948 1757 ἀμαρ-

2369 1777 2519 1840 τιῶν,
2542 1778 2626 1830 ἵνα
2653 1778 2814 1847 νοηθῇ
2848 1780 2990 1848 καὶὴ
3013 1777 3191 1848 λέπρα
3225 1780 3501 1850 παραϐολὴ
3521 1781 3623 1849 τῆς
3647 1780 3947 1849 ἁμαρτίας,

2372 1869 2465 1921 καὶ
2505 1869 2573 1921 τά
2619 1869 2853 1939 θυόμενα
2899 1870 3175 1942 παραϐολὴ
3228 1872 3322 1924 τοῦ
3384 1871 3668 1942 μέλλοντος
3723 1872 3947 1924 θύεσθαι

2372 1961 2511 2031 ὑπὲρ
2542 1961 2843 2029 ἁμαρτιῶν.

2438 2051 2511 2104 I".
2531 2049 2628 2106 Διά
2648 2051 2805 2105 τοῦτο
2818 2051 3119 2115 ἀκολούθως
3136 2052 3426 2123 βάπτεσθαι
3444 2054 3731 2107 ἐκέλευσεν
3748 2056 3865 2125 ἅμα
3886 2056 3941 2106 τὸ

2378 2141 2627 2196 κόκκινον
2646 2144 2727 2205 εἰς
2759 2142 2819 2196 τὸ
2853 2142 3016 2215 ὕδωρ,
3046 2143 3143 2213 τὴν
3170 2144 3353 2197 οὐκέτι
3382 2145 3450 2199 τά
3486 2147 3691 2214 φυσικὰ
3711 2147 3941 2217 ἔχουσαν

2372 2232 2549 2303 σάρκα
2577 2233 2948 2303 προφητεύων.
2987 2232 3086 2285 Διά
3108 2250 3189 2285 τοι
3214 2233 3371 2287 τοῦτο
3399 2235 3492 2286 καῖ⁵
3511 2233 3603 2285 δύο
3622 2233 3864 2303 ὀρνίθια,
3888 2233 3943 2283 ἓν

2374 2325 2471 2396 μὲν
2496 2324 2757 2403 θυόμενον
2788 2324 2871 2391 ἐφ’
2898 2322 3084 2387 ὕδατι,
3118 2326 3212 2378 καὶ
3247 2325 3304 2377 ἒν
3342 2324 3740 2395 βαπτιζόμενον
3769 2327 3853 2387 είς
3888 2325 3944 2376 τὸ

2370 2413 2507 2487 αἷμα
2530 2416 2621 2469 καί
2642 2418 2718 2479 είς
2742 2414 2803 2467 τὸ
2825 2413 2988 2488 ὕδωρ,
3016 2417 3111 2469 καὶ
3131 2417 3668 2487 ὲξαποστελλόμενον,
3691 2418 3907 2470 ωθάπ
3916 2434 3943 2487 ρ

2371 2509 2582 2581 εἴρηται
2612 2509 2703 2561 καὶ
2730 2509 2822 2561 ἐπὶ
2849 2508 2957 2562 τῶν
2978 2509 3214 2579 τράγων.

2436 2599 2507 2651 Δ’.
2526 2597 2585 2650 ’0
2605 2598 2703 2668 τῆς
2726 2596 3059 2667 ἀποπομπῆς
3078 2598 3278 2667 τράγος
3298 2596 3386 2650 τὸν
3406 2598 3571 2650 τύπον
3590 2599 3684 2651 τοῦ
3707 2603 3815 2662 τάς
3832 2600 3938 2651 τῶν

2371 2689 2672 2761 ἀνθρώπων
2707 2688 2979 2760 ἁμαρτίας
3004 2688 3469 2757 ἀναλαμϐάνοντος
3496 2691 3749 2754 ὲξετέλει.
3787 2694 3855 2744 Ol
3883 2690 3938 2742 δὲ

2372 2782 2463 2835 δύο
2508 2784 2607 2854 τὴν
2655 2782 2781 2853 μίαν
2824 2784 3094 2853 περιεῖχον
3134 2770 3227 2833 τοῖ’)
3258 2779 3782 2850 ὲνανθρωπήσαντος
3811 2775 3946 2831 θεοῦ

2372 2874 2695 2945 οἰκονομίαν.
2759 2872 3191 2944 Ἐτραυματίσθη
3245 2871 3354 2942 γὰρ
3397 2870 3484 2924 διὰ
3548 2870 3650 2934 τὰς
3711 2870 3947 2940 ἀνομίας

2374 2966 2406 3034 ἡ
2416 2963 2550 3033 μῶν,
2587 2963 2679 3015 καὶ
2704 2962 2865 3025 αὐτὸς
2893 2961 3161 3033 ἁμαρτίας
3192 2960 3399 3013 πολλῶν
3426 2960 3715 3032 ἀνήνεγκε,
3742 2961 3843 3013 καὶ
3863 2958 3949 3011 δια

2372 3057 2471 3119 τὰς
2500 3057 2726 3126 ἀνομίας
2755 3055 2910 3126 ἡμῶν
2941 3054 3234 3125 παρεδόθη.

706 3168 825 3225 Xll.
861 3163 994 3233 (ΙΧΖ)
1024 3168 1105 3221 Ex
1136 3166 1340 3222 Leontii
1368 3167 1459 3222 lib.
1495 3182 1531 3220 ll
1567 3178 1752 3223 contra
1780 3168 2147 3239 Eutyehianos
2181 3180 2235 3227 et
2260 3169 2637 3237 Nestorianos,
2667 3168 2804 3236 apud
2840 3165 3093 3221 Grabium
3124 3166 3373 3237 Spicileg.
3410 3174 3540 3221 tam.
3566 3169 3633 3233 Il,
3658 3182 3784 3237 pag.
3820 3170 3944 3223 l72~

771 3274 908 3332 Cum
954 3274 1246 3330 formasset
1276 3275 1418 3331 Deus
1462 3275 1734 3331 hominem
1766 3292 1794 3329 a
1822 3276 2109 3347 principio,
2141 3274 2268 3329 fecit

2444 3274 2663 3335 Πλάσας
2688 3274 2715 3324 ό
2737 3269 2869 3332 Θεὸς
2892 3270 3011 3322 κατ’
3039 3268 3211 3340 ἀρχὰς
3252 3268 3341 3322 τὸν
3369 3268 3650 3339 ἄνθρωπον
3676 3270 3780 3340 τῆς
3808 3270 3950 3339 γνὼ-

702 3376 764 3423 nt
792 3384 913 3437 qua:
947 3376 1157 3421 natura:
1199 3376 1375 3432 erant,
1401 3384 1468 3423 ex
1495 3368 1775 3422 voluntate
1803 3368 1925 3436 ejus
1946 3367 2264 3438 penderent,

704 3458 869 3531 598
916 3458 1149 3528 fecitque
1192 3474 1302 3513 uno
1347 3460 1604 3514 mandato
1633 3454 2083 3529 experimentum.
2118 3459 2269 3515 Fecit

701 3553 845 3607 enim
881 3562 937 3605 ut
962 3553 1007 3605 si
1038 3553 1138 3607 hoc
1169 3561 1479 3617 servasset,
1528 3556 1692 3607 vitam
1720 3553 2079 3608 immortalem
2108 3553 2270 3608 sorti-

703 3653 889 3711 retur;
940 3645 984 3699 si
1036 3660 1145 3698 non
1197 3652 1501 3707 servasset,
1542 3646 1893 3699 contrariam.
1948 3643 2039 3698 Sic
2090 3644 2268 3700 factus

704 3737 867 3793 homo
898 3751 1020 3790 cum
1049 3735 1117 3789 ad
1156 3736 1503 3791 violationem
1547 3735 1787 3789 mandati
1819 3736 2000 3791 statim
2031 3736 2269 3804 reSpicev

702 3837 819 3892 ret,
854 3830 1254 3899 corruptionem
1288 3828 1609 3882 naturaliter
1656 3830 1881 3898 recepit.
1910 3827 2283 3897 Corruptione"

704 3929 887 3975 autem
918 3922 983 3974 ad
1010 3928 1259 3975 naturam
1294 3919 1585 3975 accedente
1605 3959 1620 3984 ,
1651 3934 1878 3975 necesse
1903 3928 2020 3974 erat
2042 3959 2058 3983 ,
2092 3928 2150 3972 ut
2177 3920 2269 3989 qui

704 4014 920 4068 salvare
944 4014 1196 4075 volebat,
1243 4012 1611 4083 corruptionis
1662 4012 1991 4069 eﬂ'ectricem
2044 4028 2269 4066 causam

705 4103 929 4161 deleret.
957 4104 1069 4159 Hoc
1100 4116 1277 4158 autem
1308 4105 1463 4159 aliter
1492 4104 1607 4158 fieri
1635 4119 1745 4160 non
1768 4112 1997 4174 poterat,
2021 4103 2127 4157 nisi
2152 4118 2271 4173 quae

777 4283 885 4351 (54)
926 4285 1006 4334 Δι’
1049 4281 1291 4349 ἀμφοῖν.
1334 4280 1445 4351 lloc
1489 4281 1860 4351 testimonium
1903 4277 2160 4335 tribuitur
2208 4280 2265 4336 S.

707 4352 909 4422 Cyrillo
941 4354 991 4405 in
1017 4352 1205 4405 codice
1226 4351 1263 4422 κϐ
1283 4350 1527 4422 ejusdem
1554 4350 1897 4405 Bibliotheca:
1918 4359 1971 4406 et
2003 4353 2055 4405 in
2081 4351 2271 4405 codice

709 4419 839 4493 Reg.
868 4422 989 4484 l28,
1025 4437 1147 4491 pag.
1179 4421 1302 4493 395i.
1337 4419 1605 4493 Nonnulla
1637 4422 1768 4493 huic
1784 4422 2273 4493 testimonio_simi‘

710 4492 779 4544 lia
797 4490 1063 4546 habemus
1095 4490 1233 4560 apud
1257 4491 1518 4562 Cyrillum
1542 4492 1693 4547 Alex.
1731 4491 1983 4559 Glaphyr.
2011 4493 2064 4562 in
2096 4490 2262 4559 quit.

710 4578 763 4631 p.
816 4563 936 4617 557.
995 4562 1144 4615 llanc
1187 4561 1331 4616 enim
1374 4561 1527 4615 alien
1566 4563 1831 4616 rationem
1862 4578 1969 4631 cur
2018 4561 2272 4617 Christus

2372 3383 2476 3437 μης
2506 3364 2668 3417 αὑτοῦ
2698 3361 2765 3415 τὰ
2806 3360 2905 3431 τῆς
2942 3359 3153 3429 φύσεως
3202 3359 3528 3431 ἀπῃώρησεν
3555 3400 3569 3424 ,
3616 3360 3810 3432 ἐντολῇ
3850 3365 3951 3433 μιᾷ

2369 3458 2729 3527 ποιησάμενος
2748 3455 2847 3525 τὴν
2867 3455 3171 3525 διάπειραν.
3202 3453 3512 3520 Φυλάξαντα
3543 3454 3643 3523 μὲν
3675 3454 3791 3526 γὰρ
3819 3456 3949 3509 ταύ-

2368 3570 2486 3622 την,
2520 3550 2615 3619 τῆς
2640 3548 2903 3601 ἀθανάτου
2934 3546 3136 3616 λήξεως
3167 3546 3459 3615 πεποίηκεν
3489 3546 3707 3600 ἔσεσθαι
3726 3586 3740 3608 ,
3769 3566 3950 3618 παρα-

2372 3642 2540 3695 ϐάντα
2567 3640 2642 3703 δὲ,
2672 3640 2768 3708 τῆς
2795 3638 3058 3701 ἐναντίας.
3094 3636 3250 3690 Οὕτω
3278 3636 3513 3705 γεγονὼς
3544 3638 3654 3707 (55)
3686 3640 3715 3689 ό
3741 3639 3949 3710 ἀνθρω-

2374 3752 2491 3799 πος,
2519 3734 2609 3786 καὶ
2634 3731 2769 3803 πρὸς
2796 3732 2893 3800 τὴν
2922 3729 3229 3802 παράϐασιν
3255 3728 3415 3792 εὐθὺς
3442 3728 3583 3791 ἰδὼν,
3608 3728 3707 3800 τὴν
3739 3731 3949 3801 φθορὰν

2374 3822 2614 3893 φυσικῶς
2662 3820 2980 3883 εἰσεδέξατο.
3015 3819 3176 3872 Φύσει
3203 3819 3259 3872 δὲ
3284 3819 3383 3889 τῆς
3410 3818 3612 3889 φθορᾶς
3642 3834 3948 3891 προσ-(ενοι

2376 3918 2575 3987 μένης,
2624 3916 2915 3981 ἀναγκαῖον
2941 3909 3042 3984 ἧν,
3074 3912 3156 3964 ὅτι
3201 3910 3369 3963 σῶσαι
3418 3910 3743 3980 βουλόμενος
3850 3912 3950 3981 τὴν

2373 4006 2690 4078 φθοροποιὸν
2734 4006 2917 4059 οὐσίαν
2964 4004 3232 4073 ἀφανίσας
3274 4002 3404 4075 (56).
3455 4003 3625 4056 Τοῦτο
3655 4004 3715 4057 δὲ
3752 4006 3856 4059 οὐκ
3881 4002 3949 4077 ἦν

2373 4100 2572 4169 ἑτέρως
2597 4096 2869 4166 γενέσθαι,
2907 4098 2953 4149 εἰ
2993 4097 3234 4167 μήπερὴ
3266 4094 3405 4148 κατά
3438 4093 3599 4163 φύσιν
3629 4093 3745 4168 ζωὴ
3782 4112 3947 4167 προσ-

2374 4279 2520 4333 riora
2570 4275 2977 4344 intelligendum
3012 4275 3244 4337 videtur,
3272 4276 3347 4329 ita
3378 4282 3437 4329 ut
3466 4276 3728 4344 templum
3761 4278 3944 4332 cruci-

2376 4351 2541 4403 ﬁxum
2588 4356 2641 4402 et
2696 4356 3009 4407 mortuum.
3063 4362 3247 4401 Vivens
3276 4353 3455 4399 autem
3507 4353 3562 4399 et
3607 4347 3947 4414 impassibile

2375 4418 2611 4475 Verbum
2635 4417 2868 4471 dicatur.
2903 4416 3068 4470 Multo
3098 4418 3407 4470 accuratius
3438 4414 3496 4469 S.
3527 4415 3767 4486 Cyrillus
3793 4434 3945 4471 eum-

2375 4491 2496 4544 dem
2543 4488 2819 4541 Christum
2862 4495 2916 4540 et
2956 4488 3008 4539 in
3046 4496 3210 4539 morte
3242 4495 3289 4539 et
3324 4500 3483 4550 supra
3529 4497 3751 4539 mortem
3784 4488 3947 4551 [risu

2377 4560 2526 4614 dicit.
2560 4557 2617 4611 In
2649 4557 3030 4611 Admonitionc
3062 4556 3126 4609 ad
3158 4556 3563 4625 Expositionem
3591 4556 3777 4611 Recta:
3805 4558 3945 4612 Con-

708 4626 1721 4711 c'ompatetumcumApassereLTtino;
1753 4632 1822 4711 ,δὲ
1858 4627 1925 4711 ᾖν
1975 4632 2270 4711 καίτοῦτο

2375 4630 2631 4711 fessionis
2663 4627 2845 4681 videor
2862 4628 3012 4711 ‘milii
3043 4643 3157 4707 .non
3191 4626 3414 4707 incertis
3442 4628 3945 4711 argumentispr

711 4700 966 4784 spis-:99,
1000 4700 1335 4784 τοῦυᾶνωθεν.
1356 4702 1447 4784 3:1}
1472 4700 1531 4765 ἐξ
1554 4701 1789 4784 οὐρανῷ.
1805 4720 1816 4731 ·
1840 4700 2138 4784 portat-el;
2162 4702 2269 4771 γὰρ

710 4770 773 4823 τὸ
794 4772 1040 4841 ὀρνίθιον.
1078 4771 1217 4822 Nam
1237 4782 1285 4825 et
1318 4770 1370 4824 id
1401 4773 1567 4841 ﬁgura
1592 4770 1705 4825 erat
1726 4770 1951 4834 Christi,
1977 4773 2065 4841 qui
2090 4772 2153 4825 de
2176 4770 2269 4826 su;

708 4844 881 4908 pernis
912 4853 959 4895 et
990 4842 1052 4895 de
1085 4843 1208 4894 cmlo
1244 4852 1341 4895 est.
1381 4842 1530 4894 Volat
1560 4843 1697 4896 enim
1721 4858 1904 4909 passer
1936 4843 1985 4894 in
2020 4859 2156 4896 aere.
2204 4842 2270 4895 Et

750 4928 832 4980 ag.
867 4913 969 4966 359
997 4928 1009 4963 :
1041 4911 1407 4983 Τέθυταιίγάρ
1440 4912 1577 4982 ὑπὲρ
1608 4913 1762 4983 ἡμῶν
1794 4914 1823 4983 ό
1855 4913 2120 4983 Χριστός·
2155 4913 2268 4965 ἀλλ’

750 4928 832 4980 ag.
867 4926 969 4966 6.53
997 4928 1009 4963 :
1042 4926 1267 4964 ιευυται
1300 4926 1407 4983 γάρ
1440 4926 1577 4982 υπερ
1608 4926 1762 4983 ημων
1794 4926 1821 4965 ο
1855 4926 2084 4982 λριστος
2108 4930 2120 4941 ’
2155 4926 2267 4965 αλλ’

711 4926 776 5053 ἓν
808 4984 835 5035 ό
868 4984 1025 5045 αὐτὸς
1064 4982 1153 5033 καὶ
1184 4984 1237 5033 ὲν
1270 4982 1483 5054 θανάτῳ
1505 4984 1606 5054 ,καὶ
1634 4984 1772 5054 ὑπὲρ
1806 4981 2047 5054 θάνατον.
2078 4981 2272 5035 Immo-

698 5051 854 5106 iatus
896 5054 1032 5105 enim
1072 5063 1147 5104 ρει
1192 5067 1283 5119 pro
1317 5051 1465 5106 nobis
1492 5051 1763 5115 Christus}
1797 5062 1850 5105 at
1882 5051 2016 5106 idem
2062 5064 2175 5106 erat
2215 5055 2271 5106 in

714 5131 880 5175 morte
909 5132 957 5175 et
995 5138 1155 5189 supra
1182 5132 1416 5177 mortem.
1440 5121 1544 5176 Sed
1576 5138 1675 5176 nec
1692 5122 1951 5192 Cyrillum
1978 5139 2079 5176 nec
2102 5122 2271 5178 Justi-

717 5208 845 5245 num
903 5192 1106 5245 dixisse
1154 5192 1477 5246 crediderint
1546 5192 1599 5245 in
1660 5194 1859 5261 templo
1908 5192 2167 5248 cruciﬁxo
2218 5200 2272 5247 et

719 5270 935 5341 mortuo
961 5261 1139 5341 fuisse
1169 5261 1404 5342 Verbum
1436 5262 1643 5342 vivens,
1670 5270 1742 5316 ita
1767 5271 1836 5342 ut
1855 5263 2271 5342 particepsfue-

717 5333 787 5401 rit
830 5331 1129 5399 passionis,
1164 5340 1223 5401 ut
1254 5332 1414 5384 homo
1436 5370 1451 5394 ,
1496 5339 1551 5385 et
1597 5331 1983 5401 impassibilis,
2019 5331 2080 5387 ut
2109 5333 2271 5387 Deus.

719 5399 837 5480 l_)_uo
872 5402 1163 5480 sequentia
1183 5400 1477 5480 fragliienta
1508 5399 1866 5480 reperiuntur
1896 5402 1951 5455 in
1978 5401 2148 5480 Regio
2180 5418 2274 5480 ςο·

718 5469 839 5523 dice
874 5469 1004 5528 l28.
1035 5478 1089 5523 et
1125 5469 1475 5525 Coislinianis
1507 5471 1539 5524 5
1574 5469 1627 5525 et
1666 5473 1733 5536 6,
1784 5472 1887 5527 sub
1924 5474 2141 5527 nomine
2176 5472 2273 5526 Ju-

724 5540 873 5599 stini,
908 5540 1126 5593 tertium
1157 5542 1211 5594 in
1244 5542 1361 5596 solo
1387 5541 1553 5597 Coisl.
1583 5544 1631 5595 6.
1669 5540 1743 5596 lbi
1772 5542 1875 5595 duo
1904 5543 2037 5596 hirci
2064 5545 2274 5596 unicam

727 5609 825 5691 ζ)εὲ
865 5610 1086 5691 hominis
1138 5611 1266 5691 [acti
1316 5612 1751 5691 dispensationem
1786 5614 2037 5691 exhibere
2079 5614 2273 5668 dicun-

726 5689 845 5747 tur,
876 5680 1017 5752 quod
1061 5680 1277 5752 quidem
1313 5682 1366 5737 in
1407 5682 1648 5740 eamdem
1681 5684 2000 5740 sententiam
2026 5698 2088 5739 ac
2119 5699 2277 5755 supe-

2376 4704 2537 4757 basse
2563 4700 2663 4751 hoc
2687 4713 2823 4766 opus
2855 4695 3054 4751 Justini
3090 4696 3294 4749 ιιοιιιὶηἱ
3322 4692 3667 4766 suppositum
3697 4712 3729 4749 a
3762 4692 3947 4751 Nesto-

2376 4770 2546 4826 rianis
2581 4765 2767 4823 fuisse.
2802 4767 3052 4836 Suspicio
3076 4777 3159 4821 est
3187 4768 3300 4821 haec
3322 4765 3629 4835 fragmenta
3667 4783 3732 4821 ex
3766 4768 3944 4836 aliquo

2377 4838 2645 4911 ejusmodi
2678 4854 2840 4911 opere
2871 4839 3192 4907 praaclarum
3229 4836 3360 4891 illud
3392 4852 3590 4897 nomen
3622 4853 3737 4909 pra:
3774 4852 3833 4892 se
3872 4840 3944 4892 le-

2377 4908 2528 4967 rente
2554 4917 2706 4965 eruta
2736 4908 2922 4963 luisse.

2450 4980 2561 5051 (55)
2606 4980 2767 5032 Οὕτω
2807 4978 3081 5049 γεγονώς.
3136 4976 3427 5051 Superiora
3482 4976 3941 5051 apudﬂJoannem

2375 5047 2769 5105 Damascenum
2813 5047 3110 5102 Occurrunt
3143 5047 3398 5102 Parallel.
3454 5047 3530 5116 pf
3553 5050 3659 5102 5l5
3680 5089 3695 5108 .
3728 5048 3946 5116 desunt

2375 5136 2496 5191 qua:
2537 5126 2861 5191 sequuntur.
2895 5117 3091 5191 Totum
3128 5115 3678 5191 fragmentumicruit
3709 5115 3945 5191 Grabius

2376 5189 2441 5246 ex
2469 5191 2657 5245 codice
2681 5189 2972 5243 Bodleiano
2997 5189 3089 5243 ubi
3118 5189 3452 5259 sicicitatur,
3482 5189 3767 5243 Ἰουστίνου
3804 5190 3948 5259 φιλο-

2379 5262 2540 5330 σόφου
2573 5262 2665 5330 κῌαὶ
2696 5259 2966 5330 μάρτυρος
3002 5258 3141 5312 κατά
3174 5257 3459 5327 Ἑλλήνων.

2449 5327 2561 5402 (56)
2594 5327 2669 5403 Ϊῌ
2851 5327 3219 5403 φθοροποιὸν)
3237 5330 3456 5403 οὐσίαν
3849 5327 3949 5381 Pro

2381 5398 2467 5455 his
2488 5398 2769 5474 vecibusﬁ
2801 5400 3067 5474 ἀφανίσας
3098 5399 3312 5474 mallem
3347 5398 3626 5474 ἀφανίσαι.
3662 5399 3769 5452 Sed
3807 5416 3947 5474 prac-

2380 5474 2599 5541 cipuum
2630 5469 2793 5539 hujus
2832 5470 3167 5541 rloci‘vitium
3202 5469 3255 5541 in
3283 5469 3403 5541 istis
3434 5477 3671 5541 posntum
3700 5476 3783 5522 est
3804 5511 3819 5533 ,
3852 5471 3952 5538 τὴν

2383 5537 2925 5612 φθοροποιὸνοὺσίαν.
2952 5537 3107 5612 Nulla
3130 5540 3274 5612 enim
3305 5537 3954 5612 substantia_corruptio—

2383 5608 2507 5673 nis,
2554 5612 2669 5665 sive
2698 5611 2902 5679 peccati
2922 5649 2935 5673 ,
2984 5609 3227 5664 ell‘ectrix
3256 5608 3310 5663 in
3344 5609 3504 5663 nobis
3532 5624 3563 5663 a
3593 5609 3816 5664 Christo
3855 5609 3954 5666 deo

2383 5682 2634 5740 struitur.
2668 5681 2775 5739 Sed
2805 5680 3031 5754 legendo
3064 5679 3237 5735 αἰτίαν
3268 5695 3356 5737 res
3378 5680 3662 5737 enitescet“.

2365 1248 2371 1255 τ
2446 1223 2525 1279 Β’.
2554 1222 2655 1278 Διά
2681 1224 2775 1278 τοῦ
2803 1224 2887 1295 ἐφ’
2914 1222 3066 1277 ὕδατι
3092 1222 3277 1290 ζῶντι,
3308 1224 3367 1277 ὲν
3402 1219 3447 1293 ᾧ
3475 1223 3537 1277 τὸ
3570 1224 3735 1291 ξύλον
3759 1227 3865 1279 καὶ
3891 1226 3945 1278 τὸ
4040 1218 4041 1243 ἶ

2378 1315 2630 1371 ὕσσωπον
2656 1317 2753 1376 καὶ
2781 1316 2839 1371 τὺ
2860 1315 3107 1371 κόκκινον
3133 1314 3415 1381 ἑϐἀπτετο,
3448 1315 3509 1369 τὸ
3531 1316 3622 1371 διά
3656 1317 3761 1370 τοῦ
3792 1318 3944 1383 ξύλοο
4042 1332 4043 1349 π

2371 1408 2589 1479 ἔναιμον
2617 1410 2785 1472 πάθος
2807 1410 2899 1463 τοῦ
2930 1411 3184 1483 Χριστοῦ,
3210 1412 3267 1464 ὲν
3292 1415 3356 1483 τῇ
3390 1413 3613 1481 τῶνδιά
3633 1414 3952 1483 πνεύματος
4044 1448 4045 1457 η

2370 1501 2465 1554 καὶ
2494 1500 2681 1564 ὓδατος
2728 1503 2821 1554 καὶ
2862 1503 3086 1573 αἵματος
3121 1503 3513 1575 ραντιζομένων
3560 1507 3820 1576 σωτηρίᾳ
3866 1506 3951 1575 δη·
4046 1564 4047 1577 χ
