  <div class='ocr_page' id='page_1' title='image "/cluster/home/n/w/nwhite01/storage/ocr_20150623/6/pst.000005711826/824.png"; bbox 0 0 4104 6440; ppageno 0'>
   <div class='ocr_carea' id='block_1_1' title="bbox 185 299 332 355">
    <p class='ocr_par' dir='ltr' id='par_1_1' title="bbox 185 299 332 355">
     <span class='ocr_line' id='line_1_1' title="bbox 185 299 332 355; baseline -0.014 0"><span class='ocrx_word' id='word_1_1' title='bbox 185 299 332 355; x_wconf 75' lang='grc'><strong>1507</strong></span> 
     </span>
    </p>
   </div>
   <div class='ocr_carea' id='block_1_2' title="bbox 1415 305 2259 367">
    <p class='ocr_par' dir='ltr' id='par_1_2' title="bbox 1415 305 2259 367">
     <span class='ocr_line' id='line_1_2' title="bbox 1415 305 2259 367; baseline 0.009 -8"><span class='ocrx_word' id='word_1_2' title='bbox 1415 307 1471 359; x_wconf 83' lang='lat' dir='ltr'><strong>S.</strong></span> <span class='ocrx_word' id='word_1_3' title='bbox 1518 305 1783 362; x_wconf 80' lang='lat' dir='ltr'><strong>JUSTlNl</strong></span> <span class='ocrx_word' id='word_1_4' title='bbox 1822 308 2259 367; x_wconf 78' lang='lat' dir='ltr'><strong>FRAGMENTA.</strong></span> 
     </span>
    </p>
   </div>
   <div class='ocr_carea' id='block_1_3' title="bbox 3286 326 3422 382">
    <p class='ocr_par' dir='ltr' id='par_1_3' title="bbox 3286 326 3422 382">
     <span class='ocr_line' id='line_1_3' title="bbox 3286 326 3422 382; baseline 0.022 -3"><span class='ocrx_word' id='word_1_5' title='bbox 3286 326 3422 382; x_wconf 65' lang='lat'><strong>1398</strong></span> 
     </span>
    </p>
   </div>
   <div class='ocr_carea' id='block_1_4' title="bbox 184 417 1735 511">
    <p class='ocr_par' dir='ltr' id='par_1_4' title="bbox 184 417 1735 499">
     <span class='ocr_line' id='line_1_4' title="bbox 184 417 1735 499; baseline 0.006 -28"><span class='ocrx_word' id='word_1_6' title='bbox 184 417 407 489; x_wconf 73' lang='grc' dir='ltr'>επλὰκη</span> <span class='ocrx_word' id='word_1_7' title='bbox 444 419 521 491; x_wconf 75' lang='grc' dir='ltr'>τῷ</span> <span class='ocrx_word' id='word_1_8' title='bbox 559 419 657 491; x_wconf 79' lang='grc' dir='ltr'>τὴν</span> <span class='ocrx_word' id='word_1_9' title='bbox 698 421 900 492; x_wconf 68' lang='grc' dir='ltr'>φθορὰν</span> <span class='ocrx_word' id='word_1_10' title='bbox 942 423 1247 493; x_wconf 76' lang='grc' dir='ltr'><strong>δεξαμένῳ,</strong></span> <span class='ocrx_word' id='word_1_11' title='bbox 1280 427 1612 493; x_wconf 77' lang='grc' dir='ltr'>ἀφανίζουσα</span> <span class='ocrx_word' id='word_1_12' title='bbox 1656 431 1735 499; x_wconf 57' lang='grc' dir='ltr'><strong>μὲι</strong></span> 
     </span>
    </p>
   </div>
   <div class='ocr_carea' id='block_1_5' title="bbox 1838 417 3420 511">
    <p class='ocr_par' dir='ltr' id='par_1_5' title="bbox 1855 431 3420 511">
     <span class='ocr_line' id='line_1_5' title="bbox 1855 431 3420 511; baseline 0.009 -28"><span class='ocrx_word' id='word_1_13' title='bbox 1855 437 1972 483; x_wconf 89' lang='lat' dir='ltr'><strong>erat</strong></span> <span class='ocrx_word' id='word_1_14' title='bbox 2002 431 2300 485; x_wconf 88' lang='lat' dir='ltr'><strong>secundum</strong></span> <span class='ocrx_word' id='word_1_15' title='bbox 2336 441 2584 488; x_wconf 87' lang='lat' dir='ltr'><strong>naturam</strong></span> <span class='ocrx_word' id='word_1_16' title='bbox 2614 437 2754 500; x_wconf 85' lang='lat' dir='ltr'><strong>vita,</strong></span> <span class='ocrx_word' id='word_1_17' title='bbox 2788 440 3137 507; x_wconf 75' lang='lat' dir='ltr'><strong>copularetur</strong></span> <span class='ocrx_word' id='word_1_18' title='bbox 3181 456 3302 494; x_wconf 87' lang='lat' dir='ltr'><strong>cum</strong></span> <span class='ocrx_word' id='word_1_19' title='bbox 3335 460 3420 511; x_wconf 84' lang='lat' dir='ltr'><strong>eo,</strong></span> 
     </span>
    </p>
   </div>
   <div class='ocr_carea' id='block_1_6' title="bbox 184 508 1755 588">
    <p class='ocr_par' dir='ltr' id='par_1_6' title="bbox 184 508 1755 588">
     <span class='ocr_line' id='line_1_6' title="bbox 184 508 1755 588; baseline 0.008 -28"><span class='ocrx_word' id='word_1_20' title='bbox 184 508 291 578; x_wconf 81' lang='grc' dir='ltr'>τὴν</span> <span class='ocrx_word' id='word_1_21' title='bbox 334 509 558 578; x_wconf 73' lang='grc' dir='ltr'>φθορὰν,</span> <span class='ocrx_word' id='word_1_22' title='bbox 600 512 860 565; x_wconf 81' lang='grc' dir='ltr'>ἀθάνατον</span> <span class='ocrx_word' id='word_1_23' title='bbox 903 512 957 564; x_wconf 80' lang='grc' dir='ltr'><strong>δὲ</strong></span> <span class='ocrx_word' id='word_1_24' title='bbox 1010 513 1102 564; x_wconf 80' lang='grc' dir='ltr'><strong>τοῦ</strong></span> <span class='ocrx_word' id='word_1_25' title='bbox 1144 515 1327 567; x_wconf 80' lang='grc' dir='ltr'>λοιποῦ</span> <span class='ocrx_word' id='word_1_26' title='bbox 1367 518 1428 569; x_wconf 86' lang='grc' dir='ltr'><strong>τὸ</strong></span> <span class='ocrx_word' id='word_1_27' title='bbox 1468 518 1755 588; x_wconf 73' lang='grc' dir='ltr'>δεξάμενον</span> 
     </span>
    </p>
   </div>
   <div class='ocr_carea' id='block_1_7' title="bbox 183 597 1749 679">
    <p class='ocr_par' dir='ltr' id='par_1_7' title="bbox 183 597 1749 679">
     <span class='ocr_line' id='line_1_7' title="bbox 183 597 1749 679; baseline 0.008 -28"><span class='ocrx_word' id='word_1_28' title='bbox 183 597 539 667; x_wconf 78' lang='grc' dir='ltr'><strong>διατηροῦσα.</strong></span> <span class='ocrx_word' id='word_1_29' title='bbox 582 600 677 653; x_wconf 83' lang='grc' dir='ltr'><strong>Διὰ</strong></span> <span class='ocrx_word' id='word_1_30' title='bbox 701 600 856 652; x_wconf 86' lang='grc' dir='ltr'>τοῦτο</span> <span class='ocrx_word' id='word_1_31' title='bbox 880 603 967 654; x_wconf 81' lang='grc' dir='ltr'><strong>τὸν</strong></span> <span class='ocrx_word' id='word_1_32' title='bbox 996 604 1164 670; x_wconf 84' lang='grc' dir='ltr'>Λόγον</span> <span class='ocrx_word' id='word_1_33' title='bbox 1191 604 1405 676; x_wconf 77' lang='grc' dir='ltr'><strong>ἐδέησεν</strong></span> <span class='ocrx_word' id='word_1_34' title='bbox 1445 610 1499 661; x_wconf 78' lang='grc' dir='ltr'><strong>ἐν</strong></span> <span class='ocrx_word' id='word_1_35' title='bbox 1540 610 1749 679; x_wconf 81' lang='grc' dir='ltr'>σώματι</span> 
     </span>
    </p>
   </div>
   <div class='ocr_carea' id='block_1_8' title="bbox 184 690 1752 773">
    <p class='ocr_par' dir='ltr' id='par_1_8' title="bbox 184 690 1752 773">
     <span class='ocr_line' id='line_1_8' title="bbox 184 690 1752 773; baseline 0.011 -35"><span class='ocrx_word' id='word_1_36' title='bbox 184 690 477 755; x_wconf 83' lang='grc' dir='ltr'>γενέσθαι,</span> <span class='ocrx_word' id='word_1_37' title='bbox 508 692 593 744; x_wconf 78' lang='grc' dir='ltr'><strong>ἵνα</strong></span> <span class='ocrx_word' id='word_1_38' title='bbox 634 690 726 743; x_wconf 81' lang='grc' dir='ltr'><strong>τοῦ</strong></span> <span class='ocrx_word' id='word_1_39' title='bbox 774 692 997 745; x_wconf 77' lang='grc' dir='ltr'>θανάτου</span> <span class='ocrx_word' id='word_1_40' title='bbox 1045 697 1142 764; x_wconf 81' lang='grc' dir='ltr'>τῆς</span> <span class='ocrx_word' id='word_1_41' title='bbox 1174 697 1312 749; x_wconf 80' lang='grc' dir='ltr'><strong>κατά</strong></span> <span class='ocrx_word' id='word_1_42' title='bbox 1354 699 1518 765; x_wconf 56' lang='grc' dir='ltr'>,φύσιν</span> <span class='ocrx_word' id='word_1_43' title='bbox 1550 701 1752 773; x_wconf 75' lang='grc' dir='ltr'>φθορᾶς</span> 
     </span>
    </p>
   </div>
   <div class='ocr_carea' id='block_1_9' title="bbox 185 780 1751 864">
    <p class='ocr_par' dir='ltr' id='par_1_9' title="bbox 185 780 1751 864">
     <span class='ocr_line' id='line_1_9' title="bbox 185 780 1751 864; baseline 0.01 -30"><span class='ocrx_word' id='word_1_44' title='bbox 185 780 337 850; x_wconf 74' lang='grc' dir='ltr'>ἡμᾶς</span> <span class='ocrx_word' id='word_1_45' title='bbox 371 781 722 855; x_wconf 61' lang='grc' dir='ltr'>ἐλευθερώσῃ.</span> <span class='ocrx_word' id='word_1_46' title='bbox 756 784 816 835; x_wconf 80' lang='lat' dir='ltr'><strong>El</strong></span> <span class='ocrx_word' id='word_1_47' title='bbox 856 785 963 855; x_wconf 73' lang='grc' dir='ltr'><strong>γὰρ</strong></span> <span class='ocrx_word' id='word_1_48' title='bbox 990 826 1003 848; x_wconf 85' lang='grc'><em>,</em></span> <span class='ocrx_word' id='word_1_49' title='bbox 1045 786 1120 849; x_wconf 79' lang='grc' dir='ltr'><strong>ὣς</strong></span> <span class='ocrx_word' id='word_1_50' title='bbox 1174 794 1307 855; x_wconf 80' lang='grc' dir='ltr'>φατε</span> <span class='ocrx_word' id='word_1_51' title='bbox 1359 792 1495 859; x_wconf 82' lang='grc'>(57),</span> <span class='ocrx_word' id='word_1_52' title='bbox 1524 794 1751 864; x_wconf 79' lang='grc' dir='ltr'><strong>νεύματι</strong></span> 
     </span>
    </p>
   </div>
   <div class='ocr_carea' id='block_1_10' title="bbox 189 871 1751 956">
    <p class='ocr_par' dir='ltr' id='par_1_10' title="bbox 189 871 1751 956">
     <span class='ocr_line' id='line_1_10' title="bbox 189 871 1751 956; baseline 0.01 -33"><span class='ocrx_word' id='word_1_53' title='bbox 189 871 353 941; x_wconf 81' lang='grc' dir='ltr'>μόνον</span> <span class='ocrx_word' id='word_1_54' title='bbox 393 872 484 925; x_wconf 72' lang='grc' dir='ltr'>τὸν</span> <span class='ocrx_word' id='word_1_55' title='bbox 526 872 749 926; x_wconf 79' lang='grc' dir='ltr'>θάνατον</span> <span class='ocrx_word' id='word_1_56' title='bbox 792 876 947 944; x_wconf 79' lang='grc' dir='ltr'>ἡμῶν</span> <span class='ocrx_word' id='word_1_57' title='bbox 995 877 1374 943; x_wconf 72' lang='grc' dir='ltr'>ἀπεκώλυσεν,</span> <span class='ocrx_word' id='word_1_58' title='bbox 1419 884 1478 935; x_wconf 77' lang='grc' dir='ltr'><strong>οὐ</strong></span> <span class='ocrx_word' id='word_1_59' title='bbox 1526 886 1751 956; x_wconf 75' lang='grc' dir='ltr'><strong>προσῄει</strong></span> 
     </span>
    </p>
   </div>
   <div class='ocr_carea' id='block_1_11' title="bbox 188 954 1750 1046">
    <p class='ocr_par' dir='ltr' id='par_1_11' title="bbox 188 954 1750 1046">
     <span class='ocr_line' id='line_1_11' title="bbox 188 954 1750 1046; baseline 0.011 -34"><span class='ocrx_word' id='word_1_60' title='bbox 188 960 295 1029; x_wconf 77' lang='grc' dir='ltr'>μὲν</span> <span class='ocrx_word' id='word_1_61' title='bbox 338 959 424 1012; x_wconf 82' lang='grc' dir='ltr'><strong>διὰ</strong></span> <span class='ocrx_word' id='word_1_62' title='bbox 470 954 567 1032; x_wconf 83' lang='grc' dir='ltr'>τὴν</span> <span class='ocrx_word' id='word_1_63' title='bbox 614 961 864 1032; x_wconf 70' lang='grc' dir='ltr'>βούλησιν</span> <span class='ocrx_word' id='word_1_64' title='bbox 915 968 941 1016; x_wconf 81' lang='grc' dir='ltr'><em>ὁ</em></span> <span class='ocrx_word' id='word_1_65' title='bbox 988 966 1250 1030; x_wconf 81' lang='grc' dir='ltr'>θάνατος’</span> <span class='ocrx_word' id='word_1_66' title='bbox 1299 972 1446 1043; x_wconf 77' lang='grc' dir='ltr'>οὐδὲν</span> <span class='ocrx_word' id='word_1_67' title='bbox 1494 974 1548 1026; x_wconf 82' lang='grc' dir='ltr'><strong>δὲ</strong></span> <span class='ocrx_word' id='word_1_68' title='bbox 1590 954 1750 1046; x_wconf 83' lang='grc' dir='ltr'>ἦττον</span> 
     </span>
    </p>
   </div>
   <div class='ocr_carea' id='block_1_12' title="bbox 183 1049 1749 1138">
    <p class='ocr_par' dir='ltr' id='par_1_12' title="bbox 183 1049 1749 1138">
     <span class='ocr_line' id='line_1_12' title="bbox 183 1049 1749 1138; baseline 0.012 -36"><span class='ocrx_word' id='word_1_69' title='bbox 183 1051 415 1120; x_wconf 78' lang='grc' dir='ltr'>φθαρτοὶ</span> <span class='ocrx_word' id='word_1_70' title='bbox 440 1053 597 1105; x_wconf 83' lang='grc' dir='ltr'>πάλιν</span> <span class='ocrx_word' id='word_1_71' title='bbox 625 1049 766 1124; x_wconf 81' lang='grc' dir='ltr'>ἦμεν</span> <span class='ocrx_word' id='word_1_72' title='bbox 784 1097 796 1120; x_wconf 93' lang='grc'><em>,</em></span> <span class='ocrx_word' id='word_1_73' title='bbox 836 1058 1066 1129; x_wconf 82' lang='grc' dir='ltr'>φυσικὴν</span> <span class='ocrx_word' id='word_1_74' title='bbox 1090 1062 1147 1125; x_wconf 80' lang='grc' dir='ltr'><strong>ἐν</strong></span> <span class='ocrx_word' id='word_1_75' title='bbox 1180 1062 1388 1128; x_wconf 74' lang='grc' dir='ltr'>ἑαυτοῖς</span> <span class='ocrx_word' id='word_1_76' title='bbox 1418 1066 1517 1135; x_wconf 84' lang='grc' dir='ltr'>τὴν</span> <span class='ocrx_word' id='word_1_77' title='bbox 1547 1066 1749 1138; x_wconf 78' lang='grc' dir='ltr'>φθορὰν</span> 
     </span>
    </p>
   </div>
   <div class='ocr_carea' id='block_1_13' title="bbox 184 1142 594 1213">
    <p class='ocr_par' dir='ltr' id='par_1_13' title="bbox 184 1142 594 1213">
     <span class='ocr_line' id='line_1_13' title="bbox 184 1142 594 1213; baseline 0 -16"><span class='ocrx_word' id='word_1_78' title='bbox 184 1142 594 1213; x_wconf 78' lang='grc' dir='ltr'><strong>περιφέροντες.</strong></span> 
     </span>
    </p>
   </div>
   <div class='ocr_carea' id='block_1_14' title="bbox 1852 518 3406 598">
    <p class='ocr_par' dir='ltr' id='par_1_14' title="bbox 1852 518 3406 598">
     <span class='ocr_line' id='line_1_14' title="bbox 1852 518 3406 598; baseline 0.011 -29"><span class='ocrx_word' id='word_1_79' title='bbox 1852 518 2003 588; x_wconf 79' lang='lat' dir='ltr'><strong>quod</strong></span> <span class='ocrx_word' id='word_1_80' title='bbox 2052 524 2454 591; x_wconf 73' lang='lat' dir='ltr'><strong>corruptionem</strong></span> <span class='ocrx_word' id='word_1_81' title='bbox 2490 538 2725 595; x_wconf 76' lang='lat' dir='ltr'><strong>ceperat,</strong></span> <span class='ocrx_word' id='word_1_82' title='bbox 2758 536 2810 583; x_wconf 91' lang='lat' dir='ltr'><strong>et</strong></span> <span class='ocrx_word' id='word_1_83' title='bbox 2840 532 3245 598; x_wconf 86' lang='lat' dir='ltr'><strong>corruptionem</strong></span> <span class='ocrx_word' id='word_1_84' title='bbox 3278 531 3406 586; x_wconf 81' lang='lat' dir='ltr'><strong>dele-</strong></span> 
     </span>
    </p>
   </div>
   <div class='ocr_carea' id='block_1_15' title="bbox 1858 614 3423 692">
    <p class='ocr_par' dir='ltr' id='par_1_15' title="bbox 1858 614 3423 692">
     <span class='ocr_line' id='line_1_15' title="bbox 1858 614 3423 692; baseline 0.006 -25"><span class='ocrx_word' id='word_1_85' title='bbox 1858 620 1975 679; x_wconf 86' lang='lat' dir='ltr'><strong>ret,</strong></span> <span class='ocrx_word' id='word_1_86' title='bbox 2022 614 2323 669; x_wconf 74' lang='lat' dir='ltr'><strong>inmortale</strong></span> <span class='ocrx_word' id='word_1_87' title='bbox 2367 630 2495 669; x_wconf 85' lang='lat' dir='ltr'><strong>vero</strong></span> <span class='ocrx_word' id='word_1_88' title='bbox 2543 618 2597 670; x_wconf 90' lang='lat' dir='ltr'><strong>in</strong></span> <span class='ocrx_word' id='word_1_89' title='bbox 2644 626 2922 687; x_wconf 89' lang='lat' dir='ltr'><strong>posterum</strong></span> <span class='ocrx_word' id='word_1_90' title='bbox 2956 630 3231 683; x_wconf 78' lang='lat' dir='ltr'><strong>servaret,</strong></span> <span class='ocrx_word' id='word_1_91' title='bbox 3276 624 3423 692; x_wconf 86' lang='lat' dir='ltr'><strong>quod</strong></span> 
     </span>
    </p>
   </div>
   <div class='ocr_carea' id='block_1_16' title="bbox 1858 705 3420 779">
    <p class='ocr_par' dir='ltr' id='par_1_16' title="bbox 1858 705 3420 779">
     <span class='ocr_line' id='line_1_16' title="bbox 1858 705 3420 779; baseline 0.007 -22"><span class='ocrx_word' id='word_1_92' title='bbox 1858 712 2173 775; x_wconf 89' lang='lat' dir='ltr'><strong>corruptum</strong></span> <span class='ocrx_word' id='word_1_93' title='bbox 2207 705 2408 761; x_wconf 88' lang='lat' dir='ltr'><strong>fuerat.</strong></span> <span class='ocrx_word' id='word_1_94' title='bbox 2436 706 2645 761; x_wconf 79' lang='lat' dir='ltr'><strong>idcirco</strong></span> <span class='ocrx_word' id='word_1_95' title='bbox 2676 725 2813 779; x_wconf 91' lang='lat' dir='ltr'><strong>opus</strong></span> <span class='ocrx_word' id='word_1_96' title='bbox 2842 710 2940 763; x_wconf 85' lang='lat' dir='ltr'><strong>fuit</strong></span> <span class='ocrx_word' id='word_1_97' title='bbox 2965 752 2978 774; x_wconf 92' lang='lat'><strong>,</strong></span> <span class='ocrx_word' id='word_1_98' title='bbox 3010 720 3068 765; x_wconf 92' lang='lat' dir='ltr'><strong>ut</strong></span> <span class='ocrx_word' id='word_1_99' title='bbox 3100 710 3332 766; x_wconf 77' lang='lat' dir='ltr'><strong>Verbum</strong></span> <span class='ocrx_word' id='word_1_100' title='bbox 3364 715 3420 768; x_wconf 92' lang='lat' dir='ltr'><strong>in</strong></span> 
     </span>
    </p>
   </div>
   <div class='ocr_carea' id='block_1_17' title="bbox 1857 802 3420 873">
    <p class='ocr_par' dir='ltr' id='par_1_17' title="bbox 1857 802 3420 873">
     <span class='ocr_line' id='line_1_17' title="bbox 1857 802 3420 873; baseline 0.008 -27"><span class='ocrx_word' id='word_1_101' title='bbox 1857 804 2096 864; x_wconf 86' lang='lat' dir='ltr'><strong>corpore’</strong></span> <span class='ocrx_word' id='word_1_102' title='bbox 2116 806 2301 861; x_wconf 86' lang='lat' dir='ltr'><strong>esset,</strong></span> <span class='ocrx_word' id='word_1_103' title='bbox 2353 806 2476 854; x_wconf 84' lang='lat' dir='ltr'><strong>uta</strong></span> <span class='ocrx_word' id='word_1_104' title='bbox 2524 809 2697 854; x_wconf 91' lang='lat' dir='ltr'><strong>morte</strong></span> <span class='ocrx_word' id='word_1_105' title='bbox 2743 802 3010 858; x_wconf 71' lang='lat' dir='ltr'><strong>naturalis</strong></span> <span class='ocrx_word' id='word_1_106' title='bbox 3053 806 3420 873; x_wconf 70' lang='lat' dir='ltr'><strong>corruptionis</strong></span> 
     </span>
    </p>
   </div>
   <div class='ocr_carea' id='block_1_18' title="bbox 1857 887 3418 961">
    <p class='ocr_par' dir='ltr' id='par_1_18' title="bbox 1857 887 3418 961">
     <span class='ocr_line' id='line_1_18' title="bbox 1857 887 3418 961; baseline 0.008 -23"><span class='ocrx_word' id='word_1_107' title='bbox 1857 901 1956 943; x_wconf 91' lang='lat' dir='ltr'><strong>nos</strong></span> <span class='ocrx_word' id='word_1_108' title='bbox 1988 887 2258 952; x_wconf 83' lang='lat' dir='ltr'><strong>liberaret.</strong></span> <span class='ocrx_word' id='word_1_109' title='bbox 2296 890 2350 943; x_wconf 90' lang='lat' dir='ltr'><strong>Si</strong></span> <span class='ocrx_word' id='word_1_110' title='bbox 2377 906 2525 961; x_wconf 86' lang='lat' dir='ltr'><strong>ergo,</strong></span> <span class='ocrx_word' id='word_1_111' title='bbox 2562 899 2620 945; x_wconf 91' lang='lat' dir='ltr'><strong>ut</strong></span> <span class='ocrx_word' id='word_1_112' title='bbox 2643 892 2844 958; x_wconf 85' lang='lat' dir='ltr'><strong>dicitis,</strong></span> <span class='ocrx_word' id='word_1_113' title='bbox 2878 896 2993 949; x_wconf 90' lang='lat' dir='ltr'><strong>solo</strong></span> <span class='ocrx_word' id='word_1_114' title='bbox 3030 906 3163 950; x_wconf 88' lang='lat' dir='ltr'><strong>nutu</strong></span> <span class='ocrx_word' id='word_1_115' title='bbox 3193 904 3418 951; x_wconf 84' lang='lat' dir='ltr'><strong>mortem</strong></span> 
     </span>
    </p>
   </div>
   <div class='ocr_carea' id='block_1_19' title="bbox 1854 983 3416 1055">
    <p class='ocr_par' dir='ltr' id='par_1_19' title="bbox 1854 983 3416 1055">
     <span class='ocr_line' id='line_1_19' title="bbox 1854 983 3416 1055; baseline 0.006 -24"><span class='ocrx_word' id='word_1_116' title='bbox 1854 988 2099 1033; x_wconf 88' lang='lat' dir='ltr'><strong>nostram</strong></span> <span class='ocrx_word' id='word_1_117' title='bbox 2134 983 2461 1046; x_wconf 80' lang='lat' dir='ltr'><strong>avertisset,</strong></span> <span class='ocrx_word' id='word_1_118' title='bbox 2516 999 2622 1037; x_wconf 88' lang='lat' dir='ltr'><strong>non</strong></span> <span class='ocrx_word' id='word_1_119' title='bbox 2675 986 2999 1040; x_wconf 81' lang='lat' dir='ltr'><strong>accessisset</strong></span> <span class='ocrx_word' id='word_1_120' title='bbox 3046 989 3261 1055; x_wconf 78' lang='lat' dir='ltr'><strong>quidem</strong></span> <span class='ocrx_word' id='word_1_121' title='bbox 3294 1003 3416 1055; x_wconf 87' lang='lat' dir='ltr'><strong>pro-</strong></span> 
     </span>
    </p>
   </div>
   <div class='ocr_carea' id='block_1_20' title="bbox 1855 1074 3415 1143">
    <p class='ocr_par' dir='ltr' id='par_1_20' title="bbox 1855 1074 3415 1143">
     <span class='ocr_line' id='line_1_20' title="bbox 1855 1074 3415 1143; baseline 0.006 -18"><span class='ocrx_word' id='word_1_122' title='bbox 1855 1083 1974 1142; x_wconf 86' lang='lat' dir='ltr'><strong>pter</strong></span> <span class='ocrx_word' id='word_1_123' title='bbox 2024 1074 2356 1129; x_wconf 87' lang='lat' dir='ltr'><strong>voluntatcm</strong></span> <span class='ocrx_word' id='word_1_124' title='bbox 2405 1091 2586 1143; x_wconf 89' lang='lat' dir='ltr'><strong>mors;</strong></span> <span class='ocrx_word' id='word_1_125' title='bbox 2636 1078 2989 1134; x_wconf 88' lang='lat' dir='ltr'><strong>nihilominus</strong></span> <span class='ocrx_word' id='word_1_126' title='bbox 3051 1097 3177 1134; x_wconf 82' lang='lat' dir='ltr'><strong>vero</strong></span> <span class='ocrx_word' id='word_1_127' title='bbox 3226 1095 3415 1135; x_wconf 79' lang='lat' dir='ltr'><strong>rursus</strong></span> 
     </span>
    </p>
   </div>
   <div class='ocr_carea' id='block_1_21' title="bbox 1853 1166 3416 1241">
    <p class='ocr_par' dir='ltr' id='par_1_21' title="bbox 1853 1166 3416 1241">
     <span class='ocr_line' id='line_1_21' title="bbox 1853 1166 3416 1241; baseline 0.007 -24"><span class='ocrx_word' id='word_1_128' title='bbox 1853 1166 2236 1235; x_wconf 86' lang='lat' dir='ltr'><strong>corruptibiles</strong></span> <span class='ocrx_word' id='word_1_129' title='bbox 2282 1182 2562 1232; x_wconf 87' lang='lat' dir='ltr'><strong>essemus,</strong></span> <span class='ocrx_word' id='word_1_130' title='bbox 2621 1171 2923 1226; x_wconf 85' lang='lat' dir='ltr'><strong>naturalem</strong></span> <span class='ocrx_word' id='word_1_131' title='bbox 2972 1173 3027 1225; x_wconf 85' lang='lat' dir='ltr'><strong>in</strong></span> <span class='ocrx_word' id='word_1_132' title='bbox 3071 1172 3231 1225; x_wconf 89' lang='lat' dir='ltr'><strong>nobis</strong></span> <span class='ocrx_word' id='word_1_133' title='bbox 3284 1174 3416 1241; x_wconf 84' lang='lat' dir='ltr'><strong>ipsis</strong></span> 
     </span>
    </p>
   </div>
   <div class='ocr_carea' id='block_1_22' title="bbox 1853 1257 2752 1325">
    <p class='ocr_par' dir='ltr' id='par_1_22' title="bbox 1853 1257 2752 1325">
     <span class='ocr_line' id='line_1_22' title="bbox 1853 1257 2752 1325; baseline 0.008 -16"><span class='ocrx_word' id='word_1_134' title='bbox 1853 1257 2253 1325; x_wconf 80' lang='lat' dir='ltr'><strong>corruptionem</strong></span> <span class='ocrx_word' id='word_1_135' title='bbox 2286 1260 2752 1316; x_wconf 82' lang='lat' dir='ltr'><strong>circumferentes.</strong></span> 
     </span>
    </p>
   </div>
   <div class='ocr_carea' id='block_1_23' title="bbox 422 1367 3177 1469">
    <p class='ocr_par' dir='ltr' id='par_1_23' title="bbox 422 1367 3177 1469">
     <span class='ocr_line' id='line_1_23' title="bbox 422 1367 3177 1469; baseline 0.017 -50"><span class='ocrx_word' id='word_1_136' title='bbox 422 1367 556 1421; x_wconf 77' lang='lat' dir='ltr'><strong>Xlll.</strong></span> <span class='ocrx_word' id='word_1_137' title='bbox 588 1369 774 1437; x_wconf 72' lang='grc' dir='ltr'>(ΚΝ.)</span> <span class='ocrx_word' id='word_1_138' title='bbox 813 1372 893 1426; x_wconf 70' lang='lat' dir='ltr'><strong>Ea:</strong></span> <span class='ocrx_word' id='word_1_139' title='bbox 912 1372 1135 1429; x_wconf 79' lang='lat' dir='ltr'><strong>Joannis</strong></span> <span class='ocrx_word' id='word_1_140' title='bbox 1172 1377 1483 1431; x_wconf 73' lang='lat' dir='ltr'><strong>Dantasreni</strong></span> <span class='ocrx_word' id='word_1_141' title='bbox 1512 1380 1777 1451; x_wconf 72' lang='lat' dir='ltr'><strong>I‘arallel.,</strong></span> <span class='ocrx_word' id='word_1_142' title='bbox 1811 1403 1931 1458; x_wconf 81' lang='lat' dir='ltr'><strong>pag.</strong></span> <span class='ocrx_word' id='word_1_143' title='bbox 1963 1390 2085 1455; x_wconf 81' lang='lat'><strong>569,</strong></span> <span class='ocrx_word' id='word_1_144' title='bbox 2116 1395 2273 1461; x_wconf 83' lang='lat' dir='ltr'><strong>apud.</strong></span> <span class='ocrx_word' id='word_1_145' title='bbox 2314 1396 2473 1452; x_wconf 87' lang='lat' dir='ltr'><strong>Crab.</strong></span> <span class='ocrx_word' id='word_1_146' title='bbox 2508 1401 2778 1469; x_wconf 66' lang='lat' dir='ltr'><strong>Spicilcg.,</strong></span> <span class='ocrx_word' id='word_1_147' title='bbox 2808 1416 2843 1457; x_wconf 86' lang='lat' dir='ltr'><strong>t.</strong></span> <span class='ocrx_word' id='word_1_148' title='bbox 2884 1405 2947 1467; x_wconf 91' lang='lat' dir='ltr'><strong>ll,</strong></span> <span class='ocrx_word' id='word_1_149' title='bbox 2978 1426 3029 1461; x_wconf 79' lang='grc' dir='ltr'>η.</span> <span class='ocrx_word' id='word_1_150' title='bbox 3059 1411 3177 1468; x_wconf 80' lang='grc'>175.</span> 
     </span>
    </p>
   </div>
   <div class='ocr_carea' id='block_1_24' title="bbox 250 1505 1749 1591">
    <p class='ocr_par' dir='ltr' id='par_1_24' title="bbox 250 1505 1749 1591">
     <span class='ocr_line' id='line_1_24' title="bbox 250 1505 1749 1591; baseline 0.014 -34"><span class='ocrx_word' id='word_1_151' title='bbox 250 1505 460 1577; x_wconf 77' lang='grc' dir='ltr'>Ὠσπερ</span> <span class='ocrx_word' id='word_1_152' title='bbox 498 1510 630 1561; x_wconf 82' lang='grc' dir='ltr'>πᾶσι</span> <span class='ocrx_word' id='word_1_153' title='bbox 677 1509 786 1581; x_wconf 84' lang='lat'><strong>(58)</strong></span> <span class='ocrx_word' id='word_1_154' title='bbox 834 1514 947 1576; x_wconf 85' lang='grc' dir='ltr'>τοῖς</span> <span class='ocrx_word' id='word_1_155' title='bbox 993 1516 1299 1586; x_wconf 82' lang='grc' dir='ltr'>γενομένοις</span> <span class='ocrx_word' id='word_1_156' title='bbox 1351 1519 1598 1591; x_wconf 82' lang='grc' dir='ltr'>σώμασιν</span> <span class='ocrx_word' id='word_1_157' title='bbox 1642 1513 1749 1578; x_wconf 76' lang='grc' dir='ltr'><strong>ὰπὸ</strong></span> 
     </span>
    </p>
   </div>
   <div class='ocr_carea' id='block_1_25' title="bbox 172 1593 1745 1687">
    <p class='ocr_par' dir='ltr' id='par_1_25' title="bbox 172 1593 1745 1687">
     <span class='ocr_line' id='line_1_25' title="bbox 172 1593 1745 1687; baseline 0.015 -40"><span class='ocrx_word' id='word_1_158' title='bbox 172 1593 273 1648; x_wconf 82' lang='grc' dir='ltr'><strong>τοῦ</strong></span> <span class='ocrx_word' id='word_1_159' title='bbox 316 1597 449 1651; x_wconf 86' lang='grc' dir='ltr'>Θεοῦ</span> <span class='ocrx_word' id='word_1_160' title='bbox 494 1603 823 1673; x_wconf 79' lang='grc' dir='ltr'>συνυπάρχει</span> <span class='ocrx_word' id='word_1_161' title='bbox 870 1606 962 1657; x_wconf 83' lang='grc' dir='ltr'><strong>καὶ</strong></span> <span class='ocrx_word' id='word_1_162' title='bbox 1000 1607 1058 1658; x_wconf 85' lang='grc' dir='ltr'><strong>τὸ</strong></span> <span class='ocrx_word' id='word_1_163' title='bbox 1094 1608 1249 1661; x_wconf 78' lang='grc' dir='ltr'>σκιὰν</span> <span class='ocrx_word' id='word_1_164' title='bbox 1282 1610 1422 1681; x_wconf 83' lang='grc' dir='ltr'>ἔχειν</span> <span class='ocrx_word' id='word_1_165' title='bbox 1447 1632 1458 1643; x_wconf 83' lang='grc'>·</span> <span class='ocrx_word' id='word_1_166' title='bbox 1496 1615 1637 1667; x_wconf 79' lang='grc' dir='ltr'>οὕτω</span> <span class='ocrx_word' id='word_1_167' title='bbox 1670 1617 1745 1687; x_wconf 84' lang='grc' dir='ltr'>τῷ</span> 
     </span>
    </p>
   </div>
   <div class='ocr_carea' id='block_1_26' title="bbox 172 1687 1744 1771">
    <p class='ocr_par' dir='ltr' id='par_1_26' title="bbox 172 1687 1744 1771">
     <span class='ocr_line' id='line_1_26' title="bbox 172 1687 1744 1771; baseline 0.015 -32"><span class='ocrx_word' id='word_1_168' title='bbox 172 1687 297 1759; x_wconf 86' lang='grc' dir='ltr'><strong>Θεῷ</strong></span> <span class='ocrx_word' id='word_1_169' title='bbox 321 1689 510 1760; x_wconf 75' lang='grc' dir='ltr'>δικαίῳ</span> <span class='ocrx_word' id='word_1_170' title='bbox 538 1694 669 1757; x_wconf 82' lang='grc' dir='ltr'>ὄντι,</span> <span class='ocrx_word' id='word_1_171' title='bbox 695 1699 808 1759; x_wconf 83' lang='grc' dir='ltr'>τοῖς</span> <span class='ocrx_word' id='word_1_172' title='bbox 839 1697 905 1749; x_wconf 78' lang='grc' dir='ltr'>τὰ</span> <span class='ocrx_word' id='word_1_173' title='bbox 940 1698 1074 1750; x_wconf 83' lang='grc' dir='ltr'>καλὰ</span> <span class='ocrx_word' id='word_1_174' title='bbox 1104 1700 1392 1771; x_wconf 71' lang='grc' dir='ltr'>ἑλομένοις,</span> <span class='ocrx_word' id='word_1_175' title='bbox 1415 1707 1505 1757; x_wconf 78' lang='grc' dir='ltr'><strong>καὶ</strong></span> <span class='ocrx_word' id='word_1_176' title='bbox 1536 1712 1648 1771; x_wconf 82' lang='grc' dir='ltr'>τοῖς</span> <span class='ocrx_word' id='word_1_177' title='bbox 1677 1710 1744 1762; x_wconf 72' lang='grc' dir='ltr'>τὰ</span> 
     </span>
    </p>
   </div>
   <div class='ocr_carea' id='block_1_27' title="bbox 172 1781 1742 1867">
    <p class='ocr_par' dir='ltr' id='par_1_27' title="bbox 172 1781 1742 1867">
     <span class='ocr_line' id='line_1_27' title="bbox 172 1781 1742 1867; baseline 0.014 -35"><span class='ocrx_word' id='word_1_178' title='bbox 172 1781 323 1835; x_wconf 70' lang='grc' dir='ltr'>κακὲ</span> <span class='ocrx_word' id='word_1_179' title='bbox 367 1787 799 1856; x_wconf 82' lang='grc' dir='ltr'>προτιμήσασιν,</span> <span class='ocrx_word' id='word_1_180' title='bbox 834 1791 1119 1845; x_wconf 85' lang='grc' dir='ltr'>ἀκόλουθόν</span> <span class='ocrx_word' id='word_1_181' title='bbox 1167 1796 1281 1847; x_wconf 78' lang='grc' dir='ltr'>ἐστι</span> <span class='ocrx_word' id='word_1_182' title='bbox 1330 1798 1390 1849; x_wconf 86' lang='grc' dir='ltr'><strong>τὸ</strong></span> <span class='ocrx_word' id='word_1_183' title='bbox 1434 1803 1552 1850; x_wconf 80' lang='grc' dir='ltr'>κατ’</span> <span class='ocrx_word' id='word_1_184' title='bbox 1586 1802 1742 1867; x_wconf 75' lang='grc' dir='ltr'>ἀξίαν</span> 
     </span>
    </p>
   </div>
   <div class='ocr_carea' id='block_1_28' title="bbox 172 1872 725 1949">
    <p class='ocr_par' dir='ltr' id='par_1_28' title="bbox 172 1872 725 1949">
     <span class='ocr_line' id='line_1_28' title="bbox 172 1872 725 1949; baseline 0.013 -24"><span class='ocrx_word' id='word_1_185' title='bbox 172 1872 390 1945; x_wconf 70' lang='grc' dir='ltr'>ἑκάστῳ</span> <span class='ocrx_word' id='word_1_186' title='bbox 417 1877 725 1949; x_wconf 80' lang='grc' dir='ltr'>ἀπονεῖμαι.</span> 
     </span>
    </p>
   </div>
   <div class='ocr_carea' id='block_1_29' title="bbox 226 2018 2355 2101">
    <p class='ocr_par' dir='ltr' id='par_1_29' title="bbox 226 2018 2355 2101">
     <span class='ocr_line' id='line_1_29' title="bbox 226 2018 2355 2101; baseline 0.012 -30"><span class='ocrx_word' id='word_1_187' title='bbox 226 2018 364 2075; x_wconf 78' lang='lat' dir='ltr'><strong>XIV.</strong></span> <span class='ocrx_word' id='word_1_188' title='bbox 401 2019 633 2091; x_wconf 72' lang='lat' dir='ltr'><strong>(XX|\’.)</strong></span> <span class='ocrx_word' id='word_1_189' title='bbox 668 2021 751 2075; x_wconf 74' lang='lat' dir='ltr'><strong>Ea:</strong></span> <span class='ocrx_word' id='word_1_190' title='bbox 780 2023 893 2075; x_wconf 85' lang='lat' dir='ltr'><strong>cod.</strong></span> <span class='ocrx_word' id='word_1_191' title='bbox 922 2025 1024 2075; x_wconf 61' lang='lat'><strong>“223</strong></span> <span class='ocrx_word' id='word_1_192' title='bbox 1056 2025 1272 2101; x_wconf 28' lang='lat' dir='ltr'><strong>Barocc‘.</strong></span> <span class='ocrx_word' id='word_1_193' title='bbox 1306 2028 1492 2095; x_wconf 78' lang='lat' dir='ltr'><strong>quiest</strong></span> <span class='ocrx_word' id='word_1_194' title='bbox 1523 2031 1720 2082; x_wconf 89' lang='lat' dir='ltr'><strong>Catena</strong></span> <span class='ocrx_word' id='word_1_195' title='bbox 1761 2035 1811 2085; x_wconf 86' lang='lat' dir='ltr'><strong>in</strong></span> <span class='ocrx_word' id='word_1_196' title='bbox 1842 2039 2094 2101; x_wconf 80' lang='lat' dir='ltr'><strong>psalmos,</strong></span> <span class='ocrx_word' id='word_1_197' title='bbox 2140 2045 2207 2092; x_wconf 81' lang='lat' dir='ltr'><strong>ad</strong></span> <span class='ocrx_word' id='word_1_198' title='bbox 2252 2045 2355 2096; x_wconf 85' lang='lat' dir='ltr'><strong>ista</strong></span> 
     </span>
    </p>
   </div>
   <div class='ocr_carea' id='block_1_30' title="bbox 1924 1528 3413 1615">
    <p class='ocr_par' dir='ltr' id='par_1_30' title="bbox 1924 1528 3413 1615">
     <span class='ocr_line' id='line_1_30' title="bbox 1924 1528 3413 1615; baseline 0.014 -32"><span class='ocrx_word' id='word_1_199' title='bbox 1924 1528 1992 1583; x_wconf 89' lang='lat' dir='ltr'><strong>Ut</strong></span> <span class='ocrx_word' id='word_1_200' title='bbox 2021 1535 2344 1601; x_wconf 84' lang='lat' dir='ltr'><strong>corporibus</strong></span> <span class='ocrx_word' id='word_1_201' title='bbox 2375 1540 2629 1594; x_wconf 89' lang='lat' dir='ltr'><strong>omnibus</strong></span> <span class='ocrx_word' id='word_1_202' title='bbox 2660 1556 2688 1594; x_wconf 88' lang='lat' dir='ltr'><strong>a</strong></span> <span class='ocrx_word' id='word_1_203' title='bbox 2717 1541 2828 1597; x_wconf 88' lang='lat' dir='ltr'><strong>Deo</strong></span> <span class='ocrx_word' id='word_1_204' title='bbox 2855 1548 3157 1615; x_wconf 84' lang='lat' dir='ltr'><strong>procreatis</strong></span> <span class='ocrx_word' id='word_1_205' title='bbox 3181 1549 3285 1603; x_wconf 86' lang='lat' dir='ltr'><strong>hoc</strong></span> <span class='ocrx_word' id='word_1_206' title='bbox 3335 1551 3413 1603; x_wconf 85' lang='lat' dir='ltr'><strong>in-</strong></span> 
     </span>
    </p>
   </div>
   <div class='ocr_carea' id='block_1_31' title="bbox 1849 1618 3407 1709">
    <p class='ocr_par' dir='ltr' id='par_1_31' title="bbox 1849 1618 3407 1709">
     <span class='ocr_line' id='line_1_31' title="bbox 1849 1618 3407 1709; baseline 0.012 -32"><span class='ocrx_word' id='word_1_207' title='bbox 1849 1618 2009 1677; x_wconf 84' lang='lat' dir='ltr'><strong>situm</strong></span> <span class='ocrx_word' id='word_1_208' title='bbox 2040 1633 2142 1688; x_wconf 91' lang='lat' dir='ltr'><strong>est,</strong></span> <span class='ocrx_word' id='word_1_209' title='bbox 2174 1636 2231 1680; x_wconf 91' lang='lat' dir='ltr'><strong>ut</strong></span> <span class='ocrx_word' id='word_1_210' title='bbox 2274 1630 2519 1684; x_wconf 84' lang='lat' dir='ltr'><strong>umbram</strong></span> <span class='ocrx_word' id='word_1_211' title='bbox 2550 1632 2819 1698; x_wconf 85' lang='lat' dir='ltr'><strong>habeant,</strong></span> <span class='ocrx_word' id='word_1_212' title='bbox 2867 1638 2945 1690; x_wconf 92' lang='lat' dir='ltr'><strong>sic</strong></span> <span class='ocrx_word' id='word_1_213' title='bbox 2975 1638 3139 1693; x_wconf 90' lang='lat' dir='ltr'><strong>Deum</strong></span> <span class='ocrx_word' id='word_1_214' title='bbox 3173 1656 3407 1709; x_wconf 83' lang='lat' dir='ltr'><strong>quoque,</strong></span> 
     </span>
    </p>
   </div>
   <div class='ocr_carea' id='block_1_32' title="bbox 1850 1716 3406 1801">
    <p class='ocr_par' dir='ltr' id='par_1_32' title="bbox 1850 1716 3406 1801">
     <span class='ocr_line' id='line_1_32' title="bbox 1850 1716 3406 1801; baseline 0.013 -34"><span class='ocrx_word' id='word_1_215' title='bbox 1850 1716 1940 1783; x_wconf 91' lang='lat' dir='ltr'><strong>qui</strong></span> <span class='ocrx_word' id='word_1_216' title='bbox 1968 1718 2151 1785; x_wconf 89' lang='lat' dir='ltr'><strong>justus</strong></span> <span class='ocrx_word' id='word_1_217' title='bbox 2178 1730 2281 1783; x_wconf 87' lang='lat' dir='ltr'><strong>est,</strong></span> <span class='ocrx_word' id='word_1_218' title='bbox 2313 1729 2424 1775; x_wconf 86' lang='lat' dir='ltr'><strong>tum</strong></span> <span class='ocrx_word' id='word_1_219' title='bbox 2460 1724 2547 1787; x_wconf 85' lang='lat' dir='ltr'><strong>iis,</strong></span> <span class='ocrx_word' id='word_1_220' title='bbox 2574 1728 2664 1795; x_wconf 88' lang='lat' dir='ltr'><strong>qui</strong></span> <span class='ocrx_word' id='word_1_221' title='bbox 2694 1727 2834 1781; x_wconf 85' lang='lat' dir='ltr'><strong>bona</strong></span> <span class='ocrx_word' id='word_1_222' title='bbox 2870 1731 3149 1801; x_wconf 78' lang='lat' dir='ltr'><strong>elegerint,</strong></span> <span class='ocrx_word' id='word_1_223' title='bbox 3183 1742 3292 1785; x_wconf 91' lang='lat' dir='ltr'><strong>tum</strong></span> <span class='ocrx_word' id='word_1_224' title='bbox 3320 1735 3406 1798; x_wconf 81' lang='lat' dir='ltr'><strong>iis,</strong></span> 
     </span>
    </p>
   </div>
   <div class='ocr_carea' id='block_1_33' title="bbox 1803 1810 3404 1895">
    <p class='ocr_par' dir='ltr' id='par_1_33' title="bbox 1803 1810 3404 1895">
     <span class='ocr_line' id='line_1_33' title="bbox 1803 1810 3404 1895; baseline 0.015 -36"><span class='ocrx_word' id='word_1_225' title='bbox 1803 1810 1819 1835; x_wconf 59' lang='grc' dir='ltr'><strong>τ</strong></span> <span class='ocrx_word' id='word_1_226' title='bbox 1846 1810 1937 1876; x_wconf 90' lang='lat' dir='ltr'><strong>qui</strong></span> <span class='ocrx_word' id='word_1_227' title='bbox 1969 1812 2158 1864; x_wconf 86' lang='lat' dir='ltr'><strong>vitium</strong></span> <span class='ocrx_word' id='word_1_228' title='bbox 2189 1817 2485 1883; x_wconf 81' lang='lat' dir='ltr'><strong>amplexari</strong></span> <span class='ocrx_word' id='word_1_229' title='bbox 2518 1819 2829 1885; x_wconf 88' lang='lat' dir='ltr'><strong>maluerint,</strong></span> <span class='ocrx_word' id='word_1_230' title='bbox 2860 1839 2957 1891; x_wconf 86' lang='lat' dir='ltr'><strong>pro</strong></span> <span class='ocrx_word' id='word_1_231' title='bbox 3001 1825 3265 1895; x_wconf 86' lang='lat' dir='ltr'><strong>cujusque</strong></span> <span class='ocrx_word' id='word_1_232' title='bbox 3297 1845 3404 1883; x_wconf 87' lang='lat' dir='ltr'><strong>me-</strong></span> 
     </span>
    </p>
   </div>
   <div class='ocr_carea' id='block_1_34' title="bbox 1843 1900 3057 1970">
    <p class='ocr_par' dir='ltr' id='par_1_34' title="bbox 1843 1900 3057 1970">
     <span class='ocr_line' id='line_1_34' title="bbox 1843 1900 3057 1970; baseline 0.016 -19"><span class='ocrx_word' id='word_1_233' title='bbox 1843 1900 1947 1954; x_wconf 88' lang='lat' dir='ltr'><strong>rito</strong></span> <span class='ocrx_word' id='word_1_234' title='bbox 1976 1904 2195 1969; x_wconf 82' lang='lat' dir='ltr'><strong>praemia</strong></span> <span class='ocrx_word' id='word_1_235' title='bbox 2228 1908 2468 1962; x_wconf 86' lang='lat' dir='ltr'><strong>tribuere</strong></span> <span class='ocrx_word' id='word_1_236' title='bbox 2498 1920 2923 1967; x_wconf 84' lang='lat' dir='ltr'><strong>consentaneum</strong></span> <span class='ocrx_word' id='word_1_237' title='bbox 2954 1926 3057 1970; x_wconf 77' lang='lat' dir='ltr'><strong>est.</strong></span> 
     </span>
    </p>
   </div>
   <div class='ocr_carea' id='block_1_35' title="bbox 2394 2049 3357 2125">
    <p class='ocr_par' dir='ltr' id='par_1_35' title="bbox 2394 2049 3357 2125">
     <span class='ocr_line' id='line_1_35' title="bbox 2394 2049 3357 2125; baseline 0.018 -27"><span class='ocrx_word' id='word_1_238' title='bbox 2394 2049 2583 2125; x_wconf 65' lang='lat' dir='ltr'><strong>psalmi</strong></span> <span class='ocrx_word' id='word_1_239' title='bbox 2619 2066 2671 2103; x_wconf 78' lang='grc' dir='ltr'>χι</span> <span class='ocrx_word' id='word_1_240' title='bbox 2707 2055 2857 2106; x_wconf 82' lang='lat' dir='ltr'><strong>verba</strong></span> <span class='ocrx_word' id='word_1_241' title='bbox 2890 2072 2905 2107; x_wconf 90' lang='lat'><em>:</em></span> <span class='ocrx_word' id='word_1_242' title='bbox 2937 2075 2952 2104; x_wconf 76' lang='grc' dir='ltr'><strong>ι</strong></span> <span class='ocrx_word' id='word_1_243' title='bbox 2982 2054 3357 2125; x_wconf 78' lang='lat' dir='ltr'><strong>Dirumpamus</strong></span> 
     </span>
    </p>
   </div>
   <div class='ocr_carea' id='block_1_36' title="bbox 1094 2097 2482 2179">
    <p class='ocr_par' dir='ltr' id='par_1_36' title="bbox 1094 2097 2482 2179">
     <span class='ocr_line' id='line_1_36' title="bbox 1094 2097 2482 2179; baseline 0.021 -37"><span class='ocrx_word' id='word_1_244' title='bbox 1094 2097 1297 2148; x_wconf 74' lang='lat' dir='ltr'><strong>uincula</strong></span> <span class='ocrx_word' id='word_1_245' title='bbox 1323 2114 1519 2152; x_wconf 81' lang='lat' dir='ltr'><strong>eorum.</strong></span> <span class='ocrx_word' id='word_1_246' title='bbox 1555 2120 1572 2149; x_wconf 72' lang='grc' dir='ltr'><strong>ρ</strong></span> <span class='ocrx_word' id='word_1_247' title='bbox 1608 2102 1757 2167; x_wconf 79' lang='lat' dir='ltr'><strong>Apud</strong></span> <span class='ocrx_word' id='word_1_248' title='bbox 1789 2097 1948 2157; x_wconf 53' lang='grc' dir='ltr'><strong>(ἔται).</strong></span> <span class='ocrx_word' id='word_1_249' title='bbox 1987 2097 2238 2179; x_wconf 72' lang='lat' dir='ltr'><strong>Spicileg.</strong></span> <span class='ocrx_word' id='word_1_250' title='bbox 2270 2129 2324 2179; x_wconf 81' lang='grc' dir='ltr'>ρ.</span> <span class='ocrx_word' id='word_1_251' title='bbox 2362 2097 2482 2171; x_wconf 56' lang='lat'><strong>1&#39;74.</strong></span> 
     </span>
    </p>
   </div>
   <div class='ocr_carea' id='block_1_37' title="bbox 235 2207 1733 2290">
    <p class='ocr_par' dir='ltr' id='par_1_37' title="bbox 235 2207 1733 2290">
     <span class='ocr_line' id='line_1_37' title="bbox 235 2207 1733 2290; baseline 0.009 -31"><span class='ocrx_word' id='word_1_252' title='bbox 235 2207 309 2259; x_wconf 77' lang='grc' dir='ltr'>Οὐ</span> <span class='ocrx_word' id='word_1_253' title='bbox 355 2209 481 2277; x_wconf 79' lang='grc' dir='ltr'>περὶ</span> <span class='ocrx_word' id='word_1_254' title='bbox 528 2210 695 2263; x_wconf 82' lang='grc' dir='ltr'>ἐθνῶν</span> <span class='ocrx_word' id='word_1_255' title='bbox 728 2211 1035 2281; x_wconf 79' lang='grc' dir='ltr'><strong>ἀλλοφύλων</strong></span> <span class='ocrx_word' id='word_1_256' title='bbox 1077 2217 1269 2284; x_wconf 78' lang='grc' dir='ltr'>φησὶν,</span> <span class='ocrx_word' id='word_1_257' title='bbox 1319 2217 1453 2271; x_wconf 74' lang='grc' dir='ltr'>ἀλλὰ</span> <span class='ocrx_word' id='word_1_258' title='bbox 1486 2220 1733 2290; x_wconf 76' lang='grc' dir='ltr'>περὶτοῦ</span> 
     </span>
    </p>
   </div>
   <div class='ocr_carea' id='block_1_38' title="bbox 164 2301 1735 2381">
    <p class='ocr_par' dir='ltr' id='par_1_38' title="bbox 164 2301 1735 2381">
     <span class='ocr_line' id='line_1_38' title="bbox 164 2301 1735 2381; baseline 0.008 -28"><span class='ocrx_word' id='word_1_259' title='bbox 164 2301 579 2370; x_wconf 74' lang='grc' dir='ltr'><strong>συμφωνοῦντος</strong></span> <span class='ocrx_word' id='word_1_260' title='bbox 622 2307 732 2366; x_wconf 88' lang='grc' dir='ltr'>τοῖς</span> <span class='ocrx_word' id='word_1_261' title='bbox 778 2305 954 2358; x_wconf 77' lang='grc' dir='ltr'>ἔθνεσι</span> <span class='ocrx_word' id='word_1_262' title='bbox 1004 2307 1141 2359; x_wconf 82' lang='grc' dir='ltr'><strong>κατὰ</strong></span> <span class='ocrx_word' id='word_1_263' title='bbox 1188 2310 1247 2361; x_wconf 80' lang='grc' dir='ltr'><strong>τὸ</strong></span> <span class='ocrx_word' id='word_1_264' title='bbox 1292 2310 1576 2381; x_wconf 80' lang='grc' dir='ltr'>εἰρημένον</span> <span class='ocrx_word' id='word_1_265' title='bbox 1631 2313 1735 2365; x_wconf 79' lang='grc' dir='ltr'>ὑπὸ</span> 
     </span>
    </p>
   </div>
   <div class='ocr_carea' id='block_1_39' title="bbox 176 2389 1733 2473">
    <p class='ocr_par' dir='ltr' id='par_1_39' title="bbox 176 2389 1733 2473">
     <span class='ocr_line' id='line_1_39' title="bbox 176 2389 1733 2473; baseline 0.01 -30"><span class='ocrx_word' id='word_1_266' title='bbox 176 2389 436 2462; x_wconf 84' lang='grc' dir='ltr'>Ἱερεμίου</span> <span class='ocrx_word' id='word_1_267' title='bbox 458 2411 469 2423; x_wconf 93' lang='grc'><strong>·</strong></span> <span class='ocrx_word' id='word_1_268' title='bbox 499 2397 721 2463; x_wconf 78' lang='grc' dir='ltr'>Πικρόν</span> <span class='ocrx_word' id='word_1_269' title='bbox 764 2413 861 2449; x_wconf 83' lang='grc' dir='ltr'><strong>σοι</strong></span> <span class='ocrx_word' id='word_1_270' title='bbox 911 2398 973 2451; x_wconf 82' lang='grc' dir='ltr'>τὸ</span> <span class='ocrx_word' id='word_1_271' title='bbox 1022 2401 1372 2455; x_wconf 75' lang='grc' dir='ltr'>καταλιπεῖν</span> <span class='ocrx_word' id='word_1_272' title='bbox 1399 2401 1503 2469; x_wconf 84' lang='grc' dir='ltr'><strong>ἐμὲ</strong></span> <span class='ocrx_word' id='word_1_273' title='bbox 1522 2443 1535 2465; x_wconf 87' lang='grc'><em>,</em></span> <span class='ocrx_word' id='word_1_274' title='bbox 1570 2404 1733 2473; x_wconf 76' lang='grc' dir='ltr'>λέγει</span> 
     </span>
    </p>
   </div>
   <div class='ocr_carea' id='block_1_40' title="bbox 161 2483 1734 2563">
    <p class='ocr_par' dir='ltr' id='par_1_40' title="bbox 161 2483 1734 2563">
     <span class='ocr_line' id='line_1_40' title="bbox 161 2483 1734 2563; baseline 0.008 -28"><span class='ocrx_word' id='word_1_275' title='bbox 161 2483 382 2550; x_wconf 81' lang='grc' dir='ltr'>Κύριος</span> <span class='ocrx_word' id='word_1_276' title='bbox 414 2488 445 2537; x_wconf 84' lang='grc' dir='ltr'><strong>ό</strong></span> <span class='ocrx_word' id='word_1_277' title='bbox 474 2487 615 2550; x_wconf 79' lang='grc' dir='ltr'>Θεός</span> <span class='ocrx_word' id='word_1_278' title='bbox 658 2500 803 2550; x_wconf 85' lang='grc' dir='ltr'>σου,</span> <span class='ocrx_word' id='word_1_279' title='bbox 847 2489 937 2541; x_wconf 85' lang='grc' dir='ltr'>ὅτι</span> <span class='ocrx_word' id='word_1_280' title='bbox 978 2491 1077 2543; x_wconf 78' lang='grc' dir='ltr'><strong>ἀπ’</strong></span> <span class='ocrx_word' id='word_1_281' title='bbox 1125 2492 1337 2557; x_wconf 76' lang='grc' dir='ltr'>αἰῶνος</span> <span class='ocrx_word' id='word_1_282' title='bbox 1366 2492 1734 2563; x_wconf 63' lang='grc' dir='ltr'>συνέτριψας</span> 
     </span>
    </p>
   </div>
   <div class='ocr_carea' id='block_1_41' title="bbox 163 2566 1726 2655">
    <p class='ocr_par' dir='ltr' id='par_1_41' title="bbox 163 2566 1726 2655">
     <span class='ocr_line' id='line_1_41' title="bbox 163 2566 1726 2655; baseline 0.013 -31"><span class='ocrx_word' id='word_1_283' title='bbox 163 2566 341 2641; x_wconf 67' lang='grc' dir='ltr'>ζυγόν</span> <span class='ocrx_word' id='word_1_284' title='bbox 368 2590 502 2638; x_wconf 85' lang='grc' dir='ltr'>σου,</span> <span class='ocrx_word' id='word_1_285' title='bbox 539 2578 637 2631; x_wconf 82' lang='grc' dir='ltr'>καὶ</span> <span class='ocrx_word' id='word_1_286' title='bbox 668 2577 978 2647; x_wconf 74' lang='grc' dir='ltr'>διέρῤηξεις</span> <span class='ocrx_word' id='word_1_287' title='bbox 1012 2584 1151 2649; x_wconf 87' lang='grc' dir='ltr'>τοὺς</span> <span class='ocrx_word' id='word_1_288' title='bbox 1182 2584 1442 2655; x_wconf 79' lang='grc' dir='ltr'>δεσμούς</span> <span class='ocrx_word' id='word_1_289' title='bbox 1468 2604 1605 2651; x_wconf 87' lang='grc' dir='ltr'>σου,</span> <span class='ocrx_word' id='word_1_290' title='bbox 1629 2592 1726 2644; x_wconf 75' lang='grc' dir='ltr'>καὶ</span> 
     </span>
    </p>
   </div>
   <div class='ocr_carea' id='block_1_42' title="bbox 161 2660 1726 2748">
    <p class='ocr_par' dir='ltr' id='par_1_42' title="bbox 161 2660 1726 2748">
     <span class='ocr_line' id='line_1_42' title="bbox 161 2660 1726 2748; baseline 0.012 -32"><span class='ocrx_word' id='word_1_291' title='bbox 161 2660 339 2731; x_wconf 78' lang='grc' dir='ltr'>εἴπας</span> <span class='ocrx_word' id='word_1_292' title='bbox 358 2682 371 2696; x_wconf 84' lang='grc'><strong>·</strong></span> <span class='ocrx_word' id='word_1_293' title='bbox 427 2671 506 2721; x_wconf 85' lang='grc' dir='ltr'><strong>Οὐ</strong></span> <span class='ocrx_word' id='word_1_294' title='bbox 542 2670 851 2724; x_wconf 79' lang='grc' dir='ltr'><strong>δουλεύσω</strong></span> <span class='ocrx_word' id='word_1_295' title='bbox 877 2691 973 2725; x_wconf 88' lang='grc' dir='ltr'><strong>σοι</strong></span> <span class='ocrx_word' id='word_1_296' title='bbox 994 2712 1008 2737; x_wconf 88' lang='grc'><strong><em>,</em></strong></span> <span class='ocrx_word' id='word_1_297' title='bbox 1041 2676 1199 2729; x_wconf 74' lang='grc' dir='ltr'><strong>ἀλλὰ</strong></span> <span class='ocrx_word' id='word_1_298' title='bbox 1236 2680 1599 2748; x_wconf 80' lang='grc' dir='ltr'><strong>πορεύσομαι</strong></span> <span class='ocrx_word' id='word_1_299' title='bbox 1628 2683 1726 2735; x_wconf 76' lang='grc' dir='ltr'><strong>ἐπὶ</strong></span> 
     </span>
    </p>
   </div>
   <div class='ocr_carea' id='block_1_43' title="bbox 161 2753 1725 2840">
    <p class='ocr_par' dir='ltr' id='par_1_43' title="bbox 161 2753 1725 2840">
     <span class='ocr_line' id='line_1_43' title="bbox 161 2753 1725 2840; baseline 0.014 -33"><span class='ocrx_word' id='word_1_300' title='bbox 161 2753 289 2809; x_wconf 77' lang='grc' dir='ltr'><em>πᾶν</em></span> <span class='ocrx_word' id='word_1_301' title='bbox 326 2756 462 2825; x_wconf 82' lang='grc' dir='ltr'>ὅρος</span> <span class='ocrx_word' id='word_1_302' title='bbox 491 2763 759 2827; x_wconf 61' lang='grc' dir='ltr'><strong>ὑψηλέν,</strong></span> <span class='ocrx_word' id='word_1_303' title='bbox 796 2764 892 2816; x_wconf 78' lang='grc' dir='ltr'>καὶ</span> <span class='ocrx_word' id='word_1_304' title='bbox 933 2766 1208 2821; x_wconf 78' lang='grc' dir='ltr'><strong>ὑποκάτω</strong></span> <span class='ocrx_word' id='word_1_305' title='bbox 1245 2773 1469 2837; x_wconf 79' lang='grc' dir='ltr'>παντὸς</span> <span class='ocrx_word' id='word_1_306' title='bbox 1502 2772 1725 2840; x_wconf 77' lang='grc' dir='ltr'><strong>ξύλου,</strong></span> 
     </span>
    </p>
   </div>
   <div class='ocr_carea' id='block_1_44' title="bbox 162 2846 1486 2931">
    <p class='ocr_par' dir='ltr' id='par_1_44' title="bbox 162 2846 1486 2931">
     <span class='ocr_line' id='line_1_44' title="bbox 162 2846 1486 2931; baseline 0.014 -31"><span class='ocrx_word' id='word_1_307' title='bbox 162 2846 263 2901; x_wconf 74' lang='grc' dir='ltr'>καὶ</span> <span class='ocrx_word' id='word_1_308' title='bbox 290 2849 416 2906; x_wconf 76' lang='grc' dir='ltr'>ἐκεῖ</span> <span class='ocrx_word' id='word_1_309' title='bbox 437 2852 868 2924; x_wconf 73' lang='grc' dir='ltr'>διαλυθήσομαι</span> <span class='ocrx_word' id='word_1_310' title='bbox 898 2858 966 2910; x_wconf 82' lang='grc' dir='ltr'>ὲν</span> <span class='ocrx_word' id='word_1_311' title='bbox 988 2858 1059 2927; x_wconf 74' lang='grc' dir='ltr'>τῇ</span> <span class='ocrx_word' id='word_1_312' title='bbox 1085 2864 1329 2929; x_wconf 78' lang='grc' dir='ltr'>πορνείᾳ</span> <span class='ocrx_word' id='word_1_313' title='bbox 1350 2882 1486 2931; x_wconf 87' lang='grc' dir='ltr'>μου.</span> 
     </span>
    </p>
   </div>
   <div class='ocr_carea' id='block_1_45' title="bbox 1909 2223 3400 2308">
    <p class='ocr_par' dir='ltr' id='par_1_45' title="bbox 1909 2223 3400 2308">
     <span class='ocr_line' id='line_1_45' title="bbox 1909 2223 3400 2308; baseline 0.01 -31"><span class='ocrx_word' id='word_1_314' title='bbox 1909 2223 2027 2279; x_wconf 88' lang='lat' dir='ltr'><strong>Non</strong></span> <span class='ocrx_word' id='word_1_315' title='bbox 2056 2226 2122 2281; x_wconf 90' lang='lat' dir='ltr'><strong>de</strong></span> <span class='ocrx_word' id='word_1_316' title='bbox 2148 2228 2380 2285; x_wconf 86' lang='lat' dir='ltr'><strong>ethnicis</strong></span> <span class='ocrx_word' id='word_1_317' title='bbox 2405 2231 2723 2302; x_wconf 85' lang='lat' dir='ltr'><strong>alienigenis</strong></span> <span class='ocrx_word' id='word_1_318' title='bbox 2742 2274 2757 2299; x_wconf 91' lang='lat'><strong>,</strong></span> <span class='ocrx_word' id='word_1_319' title='bbox 2787 2236 2882 2291; x_wconf 82' lang='lat' dir='ltr'><strong>sed</strong></span> <span class='ocrx_word' id='word_1_320' title='bbox 2915 2236 2980 2291; x_wconf 91' lang='lat' dir='ltr'><strong>de</strong></span> <span class='ocrx_word' id='word_1_321' title='bbox 3004 2237 3244 2308; x_wconf 91' lang='lat' dir='ltr'><strong>(populo)</strong></span> <span class='ocrx_word' id='word_1_322' title='bbox 3275 2251 3400 2292; x_wconf 88' lang='lat' dir='ltr'><strong>cum</strong></span> 
     </span>
    </p>
   </div>
   <div class='ocr_carea' id='block_1_46' title="bbox 1839 2318 3400 2398">
    <p class='ocr_par' dir='ltr' id='par_1_46' title="bbox 1839 2318 3400 2398">
     <span class='ocr_line' id='line_1_46' title="bbox 1839 2318 3400 2398; baseline 0.011 -29"><span class='ocrx_word' id='word_1_323' title='bbox 1839 2318 2091 2386; x_wconf 79' lang='lat' dir='ltr'><strong>gentibus</strong></span> <span class='ocrx_word' id='word_1_324' title='bbox 2122 2323 2473 2390; x_wconf 86' lang='lat' dir='ltr'><strong>conspirante</strong></span> <span class='ocrx_word' id='word_1_325' title='bbox 2518 2326 2787 2395; x_wconf 83' lang='lat' dir='ltr'><strong>loquitur,</strong></span> <span class='ocrx_word' id='word_1_326' title='bbox 2822 2329 2979 2398; x_wconf 79' lang='lat' dir='ltr'><strong>juxta</strong></span> <span class='ocrx_word' id='word_1_327' title='bbox 3013 2329 3217 2383; x_wconf 86' lang='lat' dir='ltr'><strong>dictum</strong></span> <span class='ocrx_word' id='word_1_328' title='bbox 3250 2330 3400 2386; x_wconf 85' lang='lat' dir='ltr'><strong>Jere-</strong></span> 
     </span>
    </p>
   </div>
   <div class='ocr_carea' id='block_1_47' title="bbox 1838 2411 3399 2491">
    <p class='ocr_par' dir='ltr' id='par_1_47' title="bbox 1838 2411 3399 2491">
     <span class='ocr_line' id='line_1_47' title="bbox 1838 2411 3399 2491; baseline 0.01 -29"><span class='ocrx_word' id='word_1_329' title='bbox 1838 2411 1957 2463; x_wconf 62' lang='lat' dir='ltr'><strong>mite</strong></span> <span class='ocrx_word' id='word_1_330' title='bbox 1988 2416 2058 2480; x_wconf 89' lang='lat' dir='ltr'><strong>(c.</strong></span> <span class='ocrx_word' id='word_1_331' title='bbox 2091 2427 2152 2475; x_wconf 86' lang='lat' dir='ltr'><strong>tt,</strong></span> <span class='ocrx_word' id='word_1_332' title='bbox 2189 2430 2239 2466; x_wconf 91' lang='lat' dir='ltr'><strong>v.</strong></span> <span class='ocrx_word' id='word_1_333' title='bbox 2276 2414 2395 2484; x_wconf 74' lang='lat' dir='ltr'><strong>l9):</strong></span> <span class='ocrx_word' id='word_1_334' title='bbox 2431 2416 2689 2471; x_wconf 83' lang='lat' dir='ltr'><strong>Amorum</strong></span> <span class='ocrx_word' id='word_1_335' title='bbox 2723 2419 2836 2482; x_wconf 87' lang='lat' dir='ltr'><strong>tibi,</strong></span> <span class='ocrx_word' id='word_1_336' title='bbox 2879 2421 3015 2489; x_wconf 88' lang='lat' dir='ltr'><strong>quod</strong></span> <span class='ocrx_word' id='word_1_337' title='bbox 3044 2422 3399 2491; x_wconf 72' lang='lat' dir='ltr'><strong>,dereliqueris</strong></span> 
     </span>
    </p>
   </div>
   <div class='ocr_carea' id='block_1_48' title="bbox 1838 2502 3399 2581">
    <p class='ocr_par' dir='ltr' id='par_1_48' title="bbox 1838 2502 3399 2581">
     <span class='ocr_line' id='line_1_48' title="bbox 1838 2502 3399 2581; baseline 0.008 -28"><span class='ocrx_word' id='word_1_338' title='bbox 1838 2518 1936 2565; x_wconf 88' lang='lat' dir='ltr'><strong>me,</strong></span> <span class='ocrx_word' id='word_1_339' title='bbox 1971 2502 2097 2555; x_wconf 80' lang='lat' dir='ltr'><strong>dicit</strong></span> <span class='ocrx_word' id='word_1_340' title='bbox 2126 2503 2382 2560; x_wconf 76' lang='lat' dir='ltr'><strong>Dominus</strong></span> <span class='ocrx_word' id='word_1_341' title='bbox 2414 2506 2551 2561; x_wconf 81' lang='lat' dir='ltr'><strong>Deus</strong></span> <span class='ocrx_word' id='word_1_342' title='bbox 2579 2519 2719 2573; x_wconf 85' lang='lat' dir='ltr'><strong>tuus,</strong></span> <span class='ocrx_word' id='word_1_343' title='bbox 2745 2512 2866 2579; x_wconf 89' lang='lat' dir='ltr'><strong>quia</strong></span> <span class='ocrx_word' id='word_1_344' title='bbox 2905 2528 2935 2564; x_wconf 88' lang='lat' dir='ltr'><strong>a</strong></span> <span class='ocrx_word' id='word_1_345' title='bbox 2974 2512 3166 2566; x_wconf 79' lang='lat' dir='ltr'><strong>swculo</strong></span> <span class='ocrx_word' id='word_1_346' title='bbox 3197 2514 3399 2581; x_wconf 80' lang='lat' dir='ltr'><strong>confre-</strong></span> 
     </span>
    </p>
   </div>
   <div class='ocr_carea' id='block_1_49' title="bbox 1829 2594 3395 2669">
    <p class='ocr_par' dir='ltr' id='par_1_49' title="bbox 1829 2594 3395 2669">
     <span class='ocr_line' id='line_1_49' title="bbox 1829 2594 3395 2669; baseline 0.012 -28"><span class='ocrx_word' id='word_1_347' title='bbox 1829 2594 2159 2664; x_wconf 83' lang='lat' dir='ltr'><strong>gistijugum</strong></span> <span class='ocrx_word' id='word_1_348' title='bbox 2180 2608 2346 2663; x_wconf 88' lang='lat' dir='ltr'><strong>tuum,</strong></span> <span class='ocrx_word' id='word_1_349' title='bbox 2380 2610 2426 2652; x_wconf 88' lang='lat' dir='ltr'><strong>et</strong></span> <span class='ocrx_word' id='word_1_350' title='bbox 2450 2600 2700 2669; x_wconf 81' lang='lat' dir='ltr'><strong>dirupisti</strong></span> <span class='ocrx_word' id='word_1_351' title='bbox 2728 2602 2933 2656; x_wconf 79' lang='lat' dir='ltr'><strong>vincula</strong></span> <span class='ocrx_word' id='word_1_352' title='bbox 2966 2612 3077 2667; x_wconf 88' lang='lat' dir='ltr'><strong>tua,</strong></span> <span class='ocrx_word' id='word_1_353' title='bbox 3098 2613 3147 2657; x_wconf 85' lang='lat' dir='ltr'><strong>et</strong></span> <span class='ocrx_word' id='word_1_354' title='bbox 3170 2605 3395 2661; x_wconf 76' lang='lat' dir='ltr'><strong>dixisti:</strong></span> 
     </span>
    </p>
   </div>
   <div class='ocr_carea' id='block_1_50' title="bbox 1832 2682 3399 2759">
    <p class='ocr_par' dir='ltr' id='par_1_50' title="bbox 1832 2682 3399 2759">
     <span class='ocr_line' id='line_1_50' title="bbox 1832 2682 3399 2759; baseline 0.009 -24"><span class='ocrx_word' id='word_1_355' title='bbox 1832 2682 1955 2737; x_wconf 88' lang='lat' dir='ltr'><strong>Non</strong></span> <span class='ocrx_word' id='word_1_356' title='bbox 2005 2689 2228 2741; x_wconf 76' lang='lat' dir='ltr'><strong>serviam</strong></span> <span class='ocrx_word' id='word_1_357' title='bbox 2268 2690 2395 2759; x_wconf 81' lang='lat' dir='ltr'><strong>tibi,</strong></span> <span class='ocrx_word' id='word_1_358' title='bbox 2429 2691 2518 2744; x_wconf 83' lang='lat' dir='ltr'><strong>sed</strong></span> <span class='ocrx_word' id='word_1_359' title='bbox 2558 2691 2642 2744; x_wconf 89' lang='lat' dir='ltr'><strong>ibo</strong></span> <span class='ocrx_word' id='word_1_360' title='bbox 2684 2692 2751 2745; x_wconf 86' lang='lat' dir='ltr'><strong>ad</strong></span> <span class='ocrx_word' id='word_1_361' title='bbox 2791 2710 2993 2748; x_wconf 88' lang='lat' dir='ltr'><strong>omnem</strong></span> <span class='ocrx_word' id='word_1_362' title='bbox 3050 2703 3271 2749; x_wconf 79' lang='lat' dir='ltr'><strong>montem</strong></span> <span class='ocrx_word' id='word_1_363' title='bbox 3306 2711 3399 2755; x_wconf 61' lang='lat' dir='ltr'><strong>ea:-</strong></span> 
     </span>
    </p>
   </div>
   <div class='ocr_carea' id='block_1_51' title="bbox 1831 2775 3398 2855">
    <p class='ocr_par' dir='ltr' id='par_1_51' title="bbox 1831 2775 3398 2855">
     <span class='ocr_line' id='line_1_51' title="bbox 1831 2775 3398 2855; baseline 0.009 -28"><span class='ocrx_word' id='word_1_364' title='bbox 1831 2775 2026 2828; x_wconf 80' lang='lat' dir='ltr'><strong>celsum</strong></span> <span class='ocrx_word' id='word_1_365' title='bbox 2054 2787 2101 2831; x_wconf 90' lang='lat' dir='ltr'><strong>et</strong></span> <span class='ocrx_word' id='word_1_366' title='bbox 2131 2780 2309 2833; x_wconf 86' lang='lat' dir='ltr'><strong>subter</strong></span> <span class='ocrx_word' id='word_1_367' title='bbox 2338 2799 2485 2836; x_wconf 88' lang='lat' dir='ltr'><strong>omne</strong></span> <span class='ocrx_word' id='word_1_368' title='bbox 2543 2784 2739 2853; x_wconf 87' lang='lat' dir='ltr'><strong>lignum</strong></span> <span class='ocrx_word' id='word_1_369' title='bbox 2762 2826 2776 2850; x_wconf 89' lang='lat'><strong>,</strong></span> <span class='ocrx_word' id='word_1_370' title='bbox 2816 2793 2867 2838; x_wconf 85' lang='lat' dir='ltr'><strong>et</strong></span> <span class='ocrx_word' id='word_1_371' title='bbox 2912 2786 2985 2839; x_wconf 87' lang='lat' dir='ltr'><strong>ibi</strong></span> <span class='ocrx_word' id='word_1_372' title='bbox 3034 2786 3306 2855; x_wconf 66' lang='lat' dir='ltr'><strong>diﬂundar</strong></span> <span class='ocrx_word' id='word_1_373' title='bbox 3343 2790 3398 2842; x_wconf 83' lang='lat' dir='ltr'><strong>in</strong></span> 
     </span>
    </p>
   </div>
   <div class='ocr_carea' id='block_1_52' title="bbox 1831 2868 2337 2936">
    <p class='ocr_par' dir='ltr' id='par_1_52' title="bbox 1831 2868 2337 2936">
     <span class='ocr_line' id='line_1_52' title="bbox 1831 2868 2337 2936; baseline 0.012 -15"><span class='ocrx_word' id='word_1_374' title='bbox 1831 2868 2181 2936; x_wconf 77' lang='lat' dir='ltr'><strong>fornicatione</strong></span> <span class='ocrx_word' id='word_1_375' title='bbox 2205 2890 2337 2928; x_wconf 89' lang='lat' dir='ltr'><strong>mea.</strong></span> 
     </span>
    </p>
   </div>
   <div class='ocr_carea' id='block_1_53' title="bbox 248 3011 3320 3110">
    <p class='ocr_par' dir='ltr' id='par_1_53' title="bbox 248 3011 3320 3110">
     <span class='ocr_line' id='line_1_53' title="bbox 248 3011 3320 3110; baseline 0.007 -39"><span class='ocrx_word' id='word_1_376' title='bbox 248 3018 359 3073; x_wconf 79' lang='lat' dir='ltr'><strong>XV.</strong></span> <span class='ocrx_word' id='word_1_377' title='bbox 398 3020 533 3091; x_wconf 79' lang='lat' dir='ltr'>(XL)</span> <span class='ocrx_word' id='word_1_378' title='bbox 566 3022 648 3075; x_wconf 76' lang='lat' dir='ltr'><strong>Ea:</strong></span> <span class='ocrx_word' id='word_1_379' title='bbox 676 3025 791 3074; x_wconf 88' lang='lat' dir='ltr'><strong>cod.</strong></span> <span class='ocrx_word' id='word_1_380' title='bbox 826 3023 1041 3075; x_wconf 86' lang='lat' dir='ltr'><strong>Barocc.</strong></span> <span class='ocrx_word' id='word_1_381' title='bbox 1077 3022 1195 3084; x_wconf 73' lang='lat' dir='ltr'><strong>HS,</strong></span> <span class='ocrx_word' id='word_1_382' title='bbox 1232 3022 1326 3089; x_wconf 81' lang='lat' dir='ltr'><strong>fol.</strong></span> <span class='ocrx_word' id='word_1_383' title='bbox 1354 3022 1479 3085; x_wconf 76' lang='grc'><strong>255,</strong></span> <span class='ocrx_word' id='word_1_384' title='bbox 1509 3032 1557 3075; x_wconf 86' lang='lat' dir='ltr'><strong>et</strong></span> <span class='ocrx_word' id='word_1_385' title='bbox 1591 3011 1647 3077; x_wconf 88' lang='lat' dir='ltr'><strong>S.</strong></span> <span class='ocrx_word' id='word_1_386' title='bbox 1679 3021 1901 3077; x_wconf 83' lang='lat' dir='ltr'><strong>Joannis</strong></span> <span class='ocrx_word' id='word_1_387' title='bbox 1936 3025 2248 3081; x_wconf 74' lang='lat' dir='ltr'><strong>Damasceni</strong></span> <span class='ocrx_word' id='word_1_388' title='bbox 2280 3029 2550 3093; x_wconf 77' lang='lat' dir='ltr'><strong>l’aralle|.,</strong></span> <span class='ocrx_word' id='word_1_389' title='bbox 2588 3052 2643 3101; x_wconf 83' lang='lat' dir='ltr'><strong>p.</strong></span> <span class='ocrx_word' id='word_1_390' title='bbox 2676 3037 2799 3100; x_wconf 77' lang='grc'><strong>557,</strong></span> <span class='ocrx_word' id='word_1_391' title='bbox 2840 3037 3087 3110; x_wconf 83' lang='lat' dir='ltr'><strong>Spicileg.</strong></span> <span class='ocrx_word' id='word_1_392' title='bbox 3114 3055 3164 3107; x_wconf 87' lang='lat' dir='ltr'><strong>p.</strong></span> <span class='ocrx_word' id='word_1_393' title='bbox 3201 3042 3320 3094; x_wconf 77' lang='grc' dir='ltr'><strong>1Ἰὸ.</strong></span> 
     </span>
    </p>
   </div>
   <div class='ocr_carea' id='block_1_54' title="bbox 236 3135 1735 3224">
    <p class='ocr_par' dir='ltr' id='par_1_54' title="bbox 236 3135 1734 3220">
     <span class='ocr_line' id='line_1_54' title="bbox 236 3135 1734 3220; baseline 0.009 -33"><span class='ocrx_word' id='word_1_394' title='bbox 236 3135 372 3188; x_wconf 76' lang='grc' dir='ltr'>Οὔτε</span> <span class='ocrx_word' id='word_1_395' title='bbox 406 3137 465 3189; x_wconf 84' lang='grc' dir='ltr'><strong>τὸ</strong></span> <span class='ocrx_word' id='word_1_396' title='bbox 508 3137 621 3206; x_wconf 78' lang='grc' dir='ltr'>φῶς</span> <span class='ocrx_word' id='word_1_397' title='bbox 665 3138 815 3191; x_wconf 78' lang='grc' dir='ltr'>ἔσται</span> <span class='ocrx_word' id='word_1_398' title='bbox 863 3140 1052 3203; x_wconf 79' lang='grc' dir='ltr'>σκότος</span> <span class='ocrx_word' id='word_1_399' title='bbox 1086 3143 1213 3195; x_wconf 82' lang='grc' dir='ltr'>ποτὲ</span> <span class='ocrx_word' id='word_1_400' title='bbox 1241 3184 1255 3207; x_wconf 88' lang='grc'><em>,</em></span> <span class='ocrx_word' id='word_1_401' title='bbox 1283 3144 1386 3208; x_wconf 78' lang='grc' dir='ltr'>ἓως</span> <span class='ocrx_word' id='word_1_402' title='bbox 1423 3146 1489 3198; x_wconf 85' lang='grc' dir='ltr'>ἂν</span> <span class='ocrx_word' id='word_1_403' title='bbox 1520 3141 1553 3220; x_wconf 85' lang='grc' dir='ltr'>ᾖ</span> <span class='ocrx_word' id='word_1_404' title='bbox 1587 3146 1734 3215; x_wconf 82' lang='grc' dir='ltr'><strong>φῶς,</strong></span> 
     </span>
    </p>
   </div>
   <div class='ocr_carea' id='block_1_55' title="bbox 1838 3135 3393 3224">
    <p class='ocr_par' dir='ltr' id='par_1_55' title="bbox 1907 3147 3393 3224">
     <span class='ocr_line' id='line_1_55' title="bbox 1907 3147 3393 3224; baseline 0.006 -23"><span class='ocrx_word' id='word_1_405' title='bbox 1907 3147 2019 3203; x_wconf 88' lang='lat' dir='ltr'><strong>Nec</strong></span> <span class='ocrx_word' id='word_1_406' title='bbox 2051 3151 2139 3203; x_wconf 82' lang='lat' dir='ltr'><strong>lux</strong></span> <span class='ocrx_word' id='word_1_407' title='bbox 2169 3168 2404 3221; x_wconf 82' lang='lat' dir='ltr'><strong>unquam</strong></span> <span class='ocrx_word' id='word_1_408' title='bbox 2434 3154 2606 3223; x_wconf 87' lang='lat' dir='ltr'><strong>caligo</strong></span> <span class='ocrx_word' id='word_1_409' title='bbox 2630 3154 2752 3219; x_wconf 88' lang='lat' dir='ltr'><strong>erit,</strong></span> <span class='ocrx_word' id='word_1_410' title='bbox 2783 3156 3039 3224; x_wconf 89' lang='lat' dir='ltr'><strong>quamdiu</strong></span> <span class='ocrx_word' id='word_1_411' title='bbox 3068 3156 3157 3209; x_wconf 80' lang='lat' dir='ltr'><strong>lux</strong></span> <span class='ocrx_word' id='word_1_412' title='bbox 3193 3156 3355 3210; x_wconf 88' lang='lat' dir='ltr'><strong>fuerit</strong></span> <span class='ocrx_word' id='word_1_413' title='bbox 3380 3177 3393 3210; x_wconf 92' lang='lat'><strong>:</strong></span> 
     </span>
    </p>
   </div>
   <div class='ocr_carea' id='block_1_56' title="bbox 163 3224 1730 3307">
    <p class='ocr_par' dir='ltr' id='par_1_56' title="bbox 163 3224 1730 3307">
     <span class='ocr_line' id='line_1_56' title="bbox 163 3224 1730 3307; baseline 0.008 -29"><span class='ocrx_word' id='word_1_414' title='bbox 163 3224 284 3279; x_wconf 70' lang='grc' dir='ltr'>οὔτε</span> <span class='ocrx_word' id='word_1_415' title='bbox 327 3227 502 3297; x_wconf 71' lang='grc' dir='ltr'>ἡτῶν</span> <span class='ocrx_word' id='word_1_416' title='bbox 556 3231 683 3299; x_wconf 81' lang='grc' dir='ltr'>παρ’</span> <span class='ocrx_word' id='word_1_417' title='bbox 733 3233 861 3300; x_wconf 76' lang='grc' dir='ltr'>ἡμῖν</span> <span class='ocrx_word' id='word_1_418' title='bbox 910 3235 1247 3303; x_wconf 75' lang='grc' dir='ltr'>πραγμάτων</span> <span class='ocrx_word' id='word_1_419' title='bbox 1295 3236 1730 3307; x_wconf 79' lang='grc' dir='ltr'>διελεγχθήσεται</span> 
     </span>
    </p>
   </div>
   <div class='ocr_carea' id='block_1_57' title="bbox 164 3319 1729 3400">
    <p class='ocr_par' dir='ltr' id='par_1_57' title="bbox 164 3319 1729 3400">
     <span class='ocr_line' id='line_1_57' title="bbox 164 3319 1729 3400; baseline 0.007 -27"><span class='ocrx_word' id='word_1_420' title='bbox 164 3319 408 3389; x_wconf 81' lang='grc' dir='ltr'>ἀλήθεια.</span> <span class='ocrx_word' id='word_1_421' title='bbox 450 3320 695 3391; x_wconf 73' lang='grc' dir='ltr'>Ἀλήθεια</span> <span class='ocrx_word' id='word_1_422' title='bbox 722 3326 829 3394; x_wconf 86' lang='grc' dir='ltr'>γάρ</span> <span class='ocrx_word' id='word_1_423' title='bbox 858 3326 1003 3376; x_wconf 72' lang='grc' dir='ltr'>ἐστι’</span> <span class='ocrx_word' id='word_1_424' title='bbox 1031 3325 1234 3395; x_wconf 76' lang='grc' dir='ltr'>ταύτης</span> <span class='ocrx_word' id='word_1_425' title='bbox 1266 3329 1611 3400; x_wconf 70' lang='grc' dir='ltr'>ἰσχυρότερον</span> <span class='ocrx_word' id='word_1_426' title='bbox 1638 3332 1729 3383; x_wconf 83' lang='grc' dir='ltr'><strong>οὑ-</strong></span> 
     </span>
    </p>
   </div>
   <div class='ocr_carea' id='block_1_58' title="bbox 164 3412 1731 3492">
    <p class='ocr_par' dir='ltr' id='par_1_58' title="bbox 164 3412 1731 3492">
     <span class='ocr_line' id='line_1_58' title="bbox 164 3412 1731 3492; baseline 0.008 -28"><span class='ocrx_word' id='word_1_427' title='bbox 164 3412 272 3470; x_wconf 86' lang='grc' dir='ltr'>δέν,</span> <span class='ocrx_word' id='word_1_428' title='bbox 306 3414 417 3481; x_wconf 74' lang='grc' dir='ltr'><strong>Πᾶς</strong></span> <span class='ocrx_word' id='word_1_429' title='bbox 446 3415 471 3465; x_wconf 87' lang='grc' dir='ltr'>ὁ</span> <span class='ocrx_word' id='word_1_430' title='bbox 504 3414 793 3484; x_wconf 72' lang='grc' dir='ltr'>δυνάμενος</span> <span class='ocrx_word' id='word_1_431' title='bbox 829 3415 935 3486; x_wconf 81' lang='lat'><strong>(59)</strong></span> <span class='ocrx_word' id='word_1_432' title='bbox 977 3416 1155 3487; x_wconf 84' lang='grc' dir='ltr'>λέγειν</span> <span class='ocrx_word' id='word_1_433' title='bbox 1193 3420 1289 3490; x_wconf 86' lang='grc' dir='ltr'>τὴν</span> <span class='ocrx_word' id='word_1_434' title='bbox 1318 3419 1569 3492; x_wconf 79' lang='grc' dir='ltr'>ἀλήθειαν</span> <span class='ocrx_word' id='word_1_435' title='bbox 1595 3462 1608 3484; x_wconf 87' lang='grc'><em>,</em></span> <span class='ocrx_word' id='word_1_436' title='bbox 1639 3424 1731 3476; x_wconf 79' lang='grc' dir='ltr'>καὶ</span> 
     </span>
    </p>
   </div>
   <div class='ocr_carea' id='block_1_59' title="bbox 170 3506 1259 3579">
    <p class='ocr_par' dir='ltr' id='par_1_59' title="bbox 170 3506 1259 3579">
     <span class='ocr_line' id='line_1_59' title="bbox 170 3506 1259 3579; baseline 0.007 -23"><span class='ocrx_word' id='word_1_437' title='bbox 170 3507 244 3579; x_wconf 82' lang='grc' dir='ltr'>μὴ</span> <span class='ocrx_word' id='word_1_438' title='bbox 274 3507 463 3574; x_wconf 79' lang='grc' dir='ltr'>λέγων,</span> <span class='ocrx_word' id='word_1_439' title='bbox 501 3506 813 3578; x_wconf 76' lang='grc' dir='ltr'>κριθήσεται</span> <span class='ocrx_word' id='word_1_440' title='bbox 849 3509 953 3562; x_wconf 82' lang='grc' dir='ltr'>ὑπὸ</span> <span class='ocrx_word' id='word_1_441' title='bbox 980 3510 1073 3562; x_wconf 86' lang='grc' dir='ltr'><strong>τοῦ</strong></span> <span class='ocrx_word' id='word_1_442' title='bbox 1105 3511 1259 3565; x_wconf 82' lang='grc' dir='ltr'>Θεοῦ.</span> 
     </span>
    </p>
   </div>
   <div class='ocr_carea' id='block_1_60' title="bbox 1833 3248 3396 3317">
    <p class='ocr_par' dir='ltr' id='par_1_60' title="bbox 1833 3248 3396 3317">
     <span class='ocr_line' id='line_1_60' title="bbox 1833 3248 3396 3317; baseline 0.006 -23"><span class='ocrx_word' id='word_1_443' title='bbox 1833 3256 1935 3295; x_wconf 89' lang='lat' dir='ltr'><strong>nec</strong></span> <span class='ocrx_word' id='word_1_444' title='bbox 1962 3257 2144 3296; x_wconf 89' lang='lat' dir='ltr'><strong>rerum</strong></span> <span class='ocrx_word' id='word_1_445' title='bbox 2186 3256 2495 3299; x_wconf 87' lang='lat' dir='ltr'><strong>nostrarum</strong></span> <span class='ocrx_word' id='word_1_446' title='bbox 2528 3250 2728 3303; x_wconf 85' lang='lat' dir='ltr'><strong>veritas</strong></span> <span class='ocrx_word' id='word_1_447' title='bbox 2752 3264 2989 3317; x_wconf 81' lang='lat' dir='ltr'><strong>usquam</strong></span> <span class='ocrx_word' id='word_1_448' title='bbox 3022 3248 3140 3302; x_wconf 82' lang='lat' dir='ltr'><strong>falsi</strong></span> <span class='ocrx_word' id='word_1_449' title='bbox 3171 3253 3396 3304; x_wconf 84' lang='lat' dir='ltr'><strong>convin-</strong></span> 
     </span>
    </p>
   </div>
   <div class='ocr_carea' id='block_1_61' title="bbox 1834 3333 3397 3411">
    <p class='ocr_par' dir='ltr' id='par_1_61' title="bbox 1834 3333 3397 3411">
     <span class='ocr_line' id='line_1_61' title="bbox 1834 3333 3397 3411; baseline 0.007 -26"><span class='ocrx_word' id='word_1_450' title='bbox 1834 3340 2004 3388; x_wconf 90' lang='lat' dir='ltr'><strong>cetur.</strong></span> <span class='ocrx_word' id='word_1_451' title='bbox 2037 3333 2249 3390; x_wconf 80' lang='lat' dir='ltr'><strong>Veritas</strong></span> <span class='ocrx_word' id='word_1_452' title='bbox 2275 3339 2418 3390; x_wconf 80' lang='lat' dir='ltr'><strong>enim</strong></span> <span class='ocrx_word' id='word_1_453' title='bbox 2449 3348 2559 3401; x_wconf 90' lang='lat' dir='ltr'><strong>est,</strong></span> <span class='ocrx_word' id='word_1_454' title='bbox 2591 3354 2696 3407; x_wconf 88' lang='lat' dir='ltr'><strong>qua</strong></span> <span class='ocrx_word' id='word_1_455' title='bbox 2737 3339 2872 3392; x_wconf 90' lang='lat' dir='ltr'><strong>nihil</strong></span> <span class='ocrx_word' id='word_1_456' title='bbox 2899 3339 3093 3393; x_wconf 78' lang='lat' dir='ltr'><strong>fortius</strong></span> <span class='ocrx_word' id='word_1_457' title='bbox 3134 3356 3254 3395; x_wconf 90' lang='lat' dir='ltr'><strong>esse</strong></span> <span class='ocrx_word' id='word_1_458' title='bbox 3300 3357 3397 3411; x_wconf 78' lang='lat' dir='ltr'><strong>po-</strong></span> 
     </span>
    </p>
   </div>
   <div class='ocr_carea' id='block_1_62' title="bbox 1835 3425 3463 3502">
    <p class='ocr_par' dir='ltr' id='par_1_62' title="bbox 1835 3425 3463 3502">
     <span class='ocr_line' id='line_1_62' title="bbox 1835 3425 3463 3502; baseline 0.005 -25"><span class='ocrx_word' id='word_1_459' title='bbox 1835 3432 1961 3484; x_wconf 88' lang='lat' dir='ltr'><strong>test.</strong></span> <span class='ocrx_word' id='word_1_460' title='bbox 1994 3425 2254 3497; x_wconf 86' lang='lat' dir='ltr'><strong>Quisquis</strong></span> <span class='ocrx_word' id='word_1_461' title='bbox 2280 3444 2401 3482; x_wconf 91' lang='lat' dir='ltr'><strong>cum</strong></span> <span class='ocrx_word' id='word_1_462' title='bbox 2429 3430 2707 3485; x_wconf 88' lang='lat' dir='ltr'><strong>veritatem</strong></span> <span class='ocrx_word' id='word_1_463' title='bbox 2741 3431 2923 3487; x_wconf 86' lang='lat' dir='ltr'><strong>dicere</strong></span> <span class='ocrx_word' id='word_1_464' title='bbox 2968 3440 3149 3502; x_wconf 83' lang='lat' dir='ltr'><strong>queat,</strong></span> <span class='ocrx_word' id='word_1_465' title='bbox 3179 3447 3284 3488; x_wconf 86' lang='lat' dir='ltr'><strong>non</strong></span> <span class='ocrx_word' id='word_1_466' title='bbox 3314 3432 3397 3488; x_wconf 86' lang='lat' dir='ltr'><strong>di—</strong></span> <span class='ocrx_word' id='word_1_467' title='bbox 3454 3480 3463 3485; x_wconf 82' lang='lat'><strong>.</strong></span> 
     </span>
    </p>
   </div>
   <div class='ocr_carea' id='block_1_63' title="bbox 1834 3518 2622 3583">
    <p class='ocr_par' dir='ltr' id='par_1_63' title="bbox 1834 3518 2622 3583">
     <span class='ocr_line' id='line_1_63' title="bbox 1834 3518 2622 3583; baseline 0.006 -12"><span class='ocrx_word' id='word_1_468' title='bbox 1834 3518 1929 3583; x_wconf 89' lang='lat' dir='ltr'><strong>cit,</strong></span> <span class='ocrx_word' id='word_1_469' title='bbox 1966 3534 1997 3571; x_wconf 90' lang='lat' dir='ltr'><strong>a</strong></span> <span class='ocrx_word' id='word_1_470' title='bbox 2020 3518 2130 3574; x_wconf 84' lang='lat' dir='ltr'><strong>Deo</strong></span> <span class='ocrx_word' id='word_1_471' title='bbox 2153 3520 2622 3576; x_wconf 86' lang='lat' dir='ltr'><strong>condemnabitur.</strong></span> 
     </span>
    </p>
   </div>
   <div class='ocr_carea' id='block_1_64' title="bbox 213 3648 3352 3735">
    <p class='ocr_par' dir='ltr' id='par_1_64' title="bbox 213 3648 3352 3735">
     <span class='ocr_line' id='line_1_64' title="bbox 213 3648 3352 3735; baseline -0.001 -18"><span class='ocrx_word' id='word_1_472' title='bbox 213 3664 350 3720; x_wconf 71' lang='lat' dir='ltr'><strong>XVI.</strong></span> <span class='ocrx_word' id='word_1_473' title='bbox 388 3667 469 3719; x_wconf 69' lang='lat' dir='ltr'><strong>Ea:</strong></span> <span class='ocrx_word' id='word_1_474' title='bbox 504 3648 771 3720; x_wconf 79' lang='lat' dir='ltr'><strong>Anastasii</strong></span> <span class='ocrx_word' id='word_1_475' title='bbox 800 3666 886 3719; x_wconf 90' lang='lat' dir='ltr'><strong>lib.</strong></span> <span class='ocrx_word' id='word_1_476' title='bbox 926 3683 994 3719; x_wconf 85' lang='lat' dir='ltr'><strong>vn</strong></span> <span class='ocrx_word' id='word_1_477' title='bbox 1038 3665 1463 3735; x_wconf 61' lang='lat' dir='ltr'><strong>t&#39;tnagoqicarnm</strong></span> <span class='ocrx_word' id='word_1_478' title='bbox 1494 3660 2021 3735; x_wconf 49' lang='lat' dir='ltr'><strong>pirnteniplationu‘m</strong></span> <span class='ocrx_word' id='word_1_479' title='bbox 2051 3661 2121 3735; x_wconf 80' lang='lat' dir='ltr'><strong>_in</strong></span> <span class='ocrx_word' id='word_1_480' title='bbox 2178 3657 2567 3735; x_wconf 69' lang='lat' dir='ltr'><strong>lleitaemeron,</strong></span> <span class='ocrx_word' id='word_1_481' title='bbox 2596 3658 2712 3712; x_wconf 82' lang='lat' dir='ltr'><strong>cod.</strong></span> <span class='ocrx_word' id='word_1_482' title='bbox 2748 3659 2867 3713; x_wconf 70' lang='lat'><strong>139.</strong></span> <span class='ocrx_word' id='word_1_483' title='bbox 2894 3658 3070 3713; x_wconf 80' lang='lat' dir='ltr'><strong>Ms.in</strong></span> <span class='ocrx_word' id='word_1_484' title='bbox 3102 3658 3352 3714; x_wconf 73' lang='lat' dir='ltr'><strong>Biblioth.</strong></span> 
     </span>
    </p>
   </div>
   <div class='ocr_carea' id='block_1_65' title="bbox 1201 3726 2355 3802">
    <p class='ocr_par' dir='ltr' id='par_1_65' title="bbox 1201 3726 2355 3802">
     <span class='ocr_line' id='line_1_65' title="bbox 1201 3726 2355 3802; baseline -0.004 -15"><span class='ocrx_word' id='word_1_485' title='bbox 1201 3726 1421 3802; x_wconf 84' lang='lat' dir='ltr'><strong>Collegii</strong></span> <span class='ocrx_word' id='word_1_486' title='bbox 1455 3730 1615 3786; x_wconf 75' lang='lat' dir='ltr'><strong>Novi.</strong></span> <span class='ocrx_word' id='word_1_487' title='bbox 1647 3726 1898 3799; x_wconf 82' lang='lat' dir='ltr'><strong>Spicileg.</strong></span> <span class='ocrx_word' id='word_1_488' title='bbox 1930 3726 2117 3785; x_wconf 83' lang='lat' dir='ltr'><strong>Grab.,</strong></span> <span class='ocrx_word' id='word_1_489' title='bbox 2154 3746 2203 3787; x_wconf 76' lang='grc' dir='ltr'><strong>ι).</strong></span> <span class='ocrx_word' id='word_1_490' title='bbox 2238 3728 2355 3782; x_wconf 82' lang='grc'><strong>195.</strong></span> 
     </span>
    </p>
   </div>
   <div class='ocr_carea' id='block_1_66' title="bbox 232 3863 1729 3937">
    <p class='ocr_par' dir='ltr' id='par_1_66' title="bbox 232 3863 1729 3937">
     <span class='ocr_line' id='line_1_66' title="bbox 232 3863 1729 3937; baseline 0.002 -20"><span class='ocrx_word' id='word_1_491' title='bbox 232 3864 340 3917; x_wconf 78' lang='grc' dir='ltr'><strong>Καὶ</strong></span> <span class='ocrx_word' id='word_1_492' title='bbox 388 3863 448 3915; x_wconf 75' lang='grc' dir='ltr'>τὸ</span> <span class='ocrx_word' id='word_1_493' title='bbox 500 3864 572 3934; x_wconf 83' lang='grc' dir='ltr'><strong>μὴ</strong></span> <span class='ocrx_word' id='word_1_494' title='bbox 613 3864 823 3917; x_wconf 78' lang='grc' dir='ltr'>κεῖσθαι</span> <span class='ocrx_word' id='word_1_495' title='bbox 873 3864 927 3917; x_wconf 84' lang='grc' dir='ltr'><strong>δὲ</strong></span> <span class='ocrx_word' id='word_1_496' title='bbox 960 3866 1049 3917; x_wconf 71' lang='grc' dir='ltr'>ἐπὶ</span> <span class='ocrx_word' id='word_1_497' title='bbox 1084 3866 1181 3936; x_wconf 84' lang='grc' dir='ltr'>τῆς</span> <span class='ocrx_word' id='word_1_498' title='bbox 1234 3864 1467 3935; x_wconf 80' lang='grc' dir='ltr'>ἑϐδόμης</span> <span class='ocrx_word' id='word_1_499' title='bbox 1520 3866 1729 3937; x_wconf 82' lang='grc' dir='ltr'>ἡμέρας</span> 
     </span>
    </p>
   </div>
   <div class='ocr_carea' id='block_1_67' title="bbox 166 3955 1728 4028">
    <p class='ocr_par' dir='ltr' id='par_1_67' title="bbox 166 3955 1728 4028">
     <span class='ocr_line' id='line_1_67' title="bbox 166 3955 1728 4028; baseline 0.002 -20"><span class='ocrx_word' id='word_1_500' title='bbox 166 3957 284 4008; x_wconf 89' lang='grc' dir='ltr'>κατ’</span> <span class='ocrx_word' id='word_1_501' title='bbox 318 3956 536 4025; x_wconf 78' lang='grc' dir='ltr'>ἰσότητα</span> <span class='ocrx_word' id='word_1_502' title='bbox 576 3955 683 4009; x_wconf 83' lang='grc' dir='ltr'>τῶν</span> <span class='ocrx_word' id='word_1_503' title='bbox 727 3957 899 4011; x_wconf 79' lang='grc' dir='ltr'>ἄλλων</span> <span class='ocrx_word' id='word_1_504' title='bbox 938 3957 1154 4027; x_wconf 70' lang='grc' dir='ltr'>ἡμερῶν</span> <span class='ocrx_word' id='word_1_505' title='bbox 1196 3958 1287 4021; x_wconf 83' lang='grc' dir='ltr'>τὸ,</span> <span class='ocrx_word' id='word_1_506' title='bbox 1330 3958 1441 4011; x_wconf 74' lang='grc' dir='ltr'><strong>Καὶ</strong></span> <span class='ocrx_word' id='word_1_507' title='bbox 1492 3958 1728 4028; x_wconf 80' lang='grc' dir='ltr'>ἐγένετο</span> 
     </span>
    </p>
   </div>
   <div class='ocr_carea' id='block_1_68' title="bbox 163 4047 1727 4123">
    <p class='ocr_par' dir='ltr' id='par_1_68' title="bbox 163 4047 1727 4123">
     <span class='ocr_line' id='line_1_68' title="bbox 163 4047 1727 4123; baseline 0.003 -22"><span class='ocrx_word' id='word_1_508' title='bbox 163 4047 389 4114; x_wconf 72' lang='grc' dir='ltr'>ἑσπέρα</span> <span class='ocrx_word' id='word_1_509' title='bbox 417 4047 510 4099; x_wconf 78' lang='grc' dir='ltr'>καὶ</span> <span class='ocrx_word' id='word_1_510' title='bbox 543 4047 776 4117; x_wconf 78' lang='grc' dir='ltr'>ἐγένετο</span> <span class='ocrx_word' id='word_1_511' title='bbox 810 4051 989 4118; x_wconf 80' lang='grc' dir='ltr'>πρωῒ,</span> <span class='ocrx_word' id='word_1_512' title='bbox 1027 4049 1285 4120; x_wconf 71' lang='grc' dir='ltr'>σύμϐολόν</span> <span class='ocrx_word' id='word_1_513' title='bbox 1315 4053 1463 4103; x_wconf 77' lang='grc' dir='ltr'>ἐστιν</span> <span class='ocrx_word' id='word_1_514' title='bbox 1502 4053 1727 4123; x_wconf 75' lang='grc' dir='ltr'>ἐναργὲς</span> 
     </span>
    </p>
   </div>
   <div class='ocr_carea' id='block_1_69' title="bbox 164 4138 1729 4211">
    <p class='ocr_par' dir='ltr' id='par_1_69' title="bbox 164 4138 1729 4211">
     <span class='ocr_line' id='line_1_69' title="bbox 164 4138 1729 4211; baseline 0.001 -21"><span class='ocrx_word' id='word_1_515' title='bbox 164 4138 263 4208; x_wconf 74' lang='grc' dir='ltr'>τῆς</span> <span class='ocrx_word' id='word_1_516' title='bbox 296 4139 353 4190; x_wconf 83' lang='grc' dir='ltr'>ὲν</span> <span class='ocrx_word' id='word_1_517' title='bbox 381 4138 517 4207; x_wconf 78' lang='grc' dir='ltr'>αὐτῇ</span> <span class='ocrx_word' id='word_1_518' title='bbox 547 4138 843 4208; x_wconf 79' lang='grc' dir='ltr'>γενομένης</span> <span class='ocrx_word' id='word_1_519' title='bbox 874 4139 1041 4194; x_wconf 48' lang='grc' dir='ltr'>συντ(</span> <span class='ocrx_word' id='word_1_520' title='bbox 1066 4138 1178 4202; x_wconf 70' lang='lat' dir='ltr'><strong>sia;</strong></span> <span class='ocrx_word' id='word_1_521' title='bbox 1209 4140 1313 4210; x_wconf 86' lang='grc' dir='ltr'>πρὸ</span> <span class='ocrx_word' id='word_1_522' title='bbox 1346 4140 1442 4209; x_wconf 80' lang='grc' dir='ltr'>τῆς</span> <span class='ocrx_word' id='word_1_523' title='bbox 1483 4141 1729 4211; x_wconf 85' lang='grc' dir='ltr'>συμπλη-</span> 
     </span>
    </p>
   </div>
   <div class='ocr_carea' id='block_1_70' title="bbox 169 4230 1727 4304">
    <p class='ocr_par' dir='ltr' id='par_1_70' title="bbox 169 4230 1727 4304">
     <span class='ocr_line' id='line_1_70' title="bbox 169 4230 1727 4304; baseline 0.003 -22"><span class='ocrx_word' id='word_1_524' title='bbox 169 4230 381 4303; x_wconf 85' lang='grc' dir='ltr'>ρώσεως</span> <span class='ocrx_word' id='word_1_525' title='bbox 408 4231 592 4301; x_wconf 76' lang='grc' dir='ltr'>αὐτῆς,</span> <span class='ocrx_word' id='word_1_526' title='bbox 629 4230 703 4293; x_wconf 79' lang='grc' dir='ltr'>ὥς</span> <span class='ocrx_word' id='word_1_527' title='bbox 732 4249 891 4299; x_wconf 82' lang='grc' dir='ltr'>φασιν</span> <span class='ocrx_word' id='word_1_528' title='bbox 917 4235 963 4285; x_wconf 78' lang='grc' dir='ltr'>οἱ</span> <span class='ocrx_word' id='word_1_529' title='bbox 998 4251 1070 4285; x_wconf 85' lang='grc' dir='ltr'>πα</span> <span class='ocrx_word' id='word_1_530' title='bbox 1112 4232 1230 4303; x_wconf 82' lang='grc' dir='ltr'>έρες</span> <span class='ocrx_word' id='word_1_531' title='bbox 1252 4273 1265 4296; x_wconf 95' lang='grc'><em>,</em></span> <span class='ocrx_word' id='word_1_532' title='bbox 1298 4234 1392 4287; x_wconf 74' lang='grc' dir='ltr'><strong>καὶ</strong></span> <span class='ocrx_word' id='word_1_533' title='bbox 1425 4234 1654 4304; x_wconf 87' lang='grc' dir='ltr'>μάλιστα</span> <span class='ocrx_word' id='word_1_534' title='bbox 1678 4236 1727 4287; x_wconf 88' lang='grc' dir='ltr'>οἱ</span> 
     </span>
    </p>
   </div>
   <div class='ocr_carea' id='block_1_71' title="bbox 167 4322 1729 4395">
    <p class='ocr_par' dir='ltr' id='par_1_71' title="bbox 167 4322 1729 4395">
     <span class='ocr_line' id='line_1_71' title="bbox 167 4322 1729 4395; baseline 0.001 -19"><span class='ocrx_word' id='word_1_535' title='bbox 167 4326 293 4395; x_wconf 78' lang='grc' dir='ltr'>περὶ</span> <span class='ocrx_word' id='word_1_536' title='bbox 321 4324 411 4376; x_wconf 83' lang='grc' dir='ltr'><strong>τὸν</strong></span> <span class='ocrx_word' id='word_1_537' title='bbox 443 4325 583 4394; x_wconf 84' lang='grc' dir='ltr'>ἱερὸν</span> <span class='ocrx_word' id='word_1_538' title='bbox 610 4322 899 4393; x_wconf 82' lang='grc' dir='ltr'>Κλήμεντα</span> <span class='ocrx_word' id='word_1_539' title='bbox 927 4325 1019 4377; x_wconf 77' lang='grc' dir='ltr'><strong>καὶ</strong></span> <span class='ocrx_word' id='word_1_540' title='bbox 1052 4326 1362 4395; x_wconf 70' lang='grc' dir='ltr'>Εἰρηναῖον,</span> <span class='ocrx_word' id='word_1_541' title='bbox 1388 4327 1478 4378; x_wconf 73' lang='grc' dir='ltr'><strong>καὶ</strong></span> <span class='ocrx_word' id='word_1_542' title='bbox 1512 4326 1729 4378; x_wconf 85' lang='grc' dir='ltr'>Ἰουστῖ-</span> 
     </span>
    </p>
   </div>
   <div class='ocr_carea' id='block_1_72' title="bbox 1908 3866 3393 3939">
    <p class='ocr_par' dir='ltr' id='par_1_72' title="bbox 1908 3866 3393 3939">
     <span class='ocr_line' id='line_1_72' title="bbox 1908 3866 3393 3939; baseline 0.003 -19"><span class='ocrx_word' id='word_1_543' title='bbox 1908 3866 1970 3921; x_wconf 88' lang='lat' dir='ltr'><strong>Et</strong></span> <span class='ocrx_word' id='word_1_544' title='bbox 2000 3869 2144 3938; x_wconf 88' lang='lat' dir='ltr'><strong>quod</strong></span> <span class='ocrx_word' id='word_1_545' title='bbox 2173 3869 2226 3922; x_wconf 90' lang='lat' dir='ltr'><strong>in</strong></span> <span class='ocrx_word' id='word_1_546' title='bbox 2262 3870 2492 3939; x_wconf 90' lang='lat' dir='ltr'><strong>septimo</strong></span> <span class='ocrx_word' id='word_1_547' title='bbox 2520 3870 2607 3925; x_wconf 90' lang='lat' dir='ltr'><strong>die</strong></span> <span class='ocrx_word' id='word_1_548' title='bbox 2641 3886 2747 3925; x_wconf 90' lang='lat' dir='ltr'><strong>non</strong></span> <span class='ocrx_word' id='word_1_549' title='bbox 2778 3886 2929 3939; x_wconf 74' lang='lat' dir='ltr'><strong>aeque</strong></span> <span class='ocrx_word' id='word_1_550' title='bbox 2952 3886 3015 3924; x_wconf 90' lang='lat' dir='ltr'><strong>ac</strong></span> <span class='ocrx_word' id='word_1_551' title='bbox 3046 3872 3097 3924; x_wconf 92' lang='lat' dir='ltr'><strong>in</strong></span> <span class='ocrx_word' id='word_1_552' title='bbox 3127 3871 3247 3926; x_wconf 92' lang='lat' dir='ltr'><strong>aliis</strong></span> <span class='ocrx_word' id='word_1_553' title='bbox 3277 3870 3393 3924; x_wconf 81' lang='lat' dir='ltr'><strong>die-</strong></span> 
     </span>
    </p>
   </div>
   <div class='ocr_carea' id='block_1_73' title="bbox 1834 3958 3391 4032">
    <p class='ocr_par' dir='ltr' id='par_1_73' title="bbox 1834 3958 3391 4032">
     <span class='ocr_line' id='line_1_73' title="bbox 1834 3958 3391 4032; baseline 0.003 -19"><span class='ocrx_word' id='word_1_554' title='bbox 1834 3958 1936 4015; x_wconf 89' lang='lat' dir='ltr'><strong>bus</strong></span> <span class='ocrx_word' id='word_1_555' title='bbox 1981 3960 2183 4014; x_wconf 87' lang='lat' dir='ltr'><strong>dictum</strong></span> <span class='ocrx_word' id='word_1_556' title='bbox 2218 3960 2321 4025; x_wconf 89' lang='lat' dir='ltr'><strong>sit,</strong></span> <span class='ocrx_word' id='word_1_557' title='bbox 2352 3959 2419 4014; x_wconf 89' lang='lat' dir='ltr'><strong>Et</strong></span> <span class='ocrx_word' id='word_1_558' title='bbox 2460 3962 2661 4029; x_wconf 77' lang='lat' dir='ltr'><strong>factum</strong></span> <span class='ocrx_word' id='word_1_559' title='bbox 2690 3972 2766 4016; x_wconf 84' lang='lat' dir='ltr'><strong>est</strong></span> <span class='ocrx_word' id='word_1_560' title='bbox 2794 3980 2969 4032; x_wconf 83' lang='lat' dir='ltr'><strong>vesper</strong></span> <span class='ocrx_word' id='word_1_561' title='bbox 3014 3973 3063 4016; x_wconf 92' lang='lat' dir='ltr'><strong>et</strong></span> <span class='ocrx_word' id='word_1_562' title='bbox 3091 3978 3239 4017; x_wconf 85' lang='lat' dir='ltr'><strong>mane</strong></span> <span class='ocrx_word' id='word_1_563' title='bbox 3279 3964 3391 4017; x_wconf 82' lang='lat' dir='ltr'><strong>dies</strong></span> 
     </span>
    </p>
   </div>
   <div class='ocr_carea' id='block_1_74' title="bbox 1833 4053 3393 4125">
    <p class='ocr_par' dir='ltr' id='par_1_74' title="bbox 1833 4053 3393 4125">
     <span class='ocr_line' id='line_1_74' title="bbox 1833 4053 3393 4125; baseline 0.004 -22"><span class='ocrx_word' id='word_1_564' title='bbox 1833 4068 1993 4116; x_wconf 85' lang='lat' dir='ltr'><strong>unus,</strong></span> <span class='ocrx_word' id='word_1_565' title='bbox 2032 4060 2117 4107; x_wconf 89' lang='lat' dir='ltr'><strong>est</strong></span> <span class='ocrx_word' id='word_1_566' title='bbox 2145 4053 2367 4107; x_wconf 88' lang='lat' dir='ltr'><strong>evidens</strong></span> <span class='ocrx_word' id='word_1_567' title='bbox 2399 4054 2610 4124; x_wconf 84' lang='lat' dir='ltr'><strong>signum</strong></span> <span class='ocrx_word' id='word_1_568' title='bbox 2645 4056 2784 4123; x_wconf 84' lang='lat' dir='ltr'><strong>ejus,</strong></span> <span class='ocrx_word' id='word_1_569' title='bbox 2808 4071 2927 4124; x_wconf 72' lang='lat' dir='ltr'><strong>quze</strong></span> <span class='ocrx_word' id='word_1_570' title='bbox 2957 4057 3009 4108; x_wconf 92' lang='lat' dir='ltr'><strong>in</strong></span> <span class='ocrx_word' id='word_1_571' title='bbox 3043 4056 3178 4123; x_wconf 88' lang='lat' dir='ltr'><strong>ipso,</strong></span> <span class='ocrx_word' id='word_1_572' title='bbox 3211 4055 3393 4125; x_wconf 87' lang='lat' dir='ltr'><strong>prius-</strong></span> 
     </span>
    </p>
   </div>
   <div class='ocr_carea' id='block_1_75' title="bbox 1832 4142 3393 4212">
    <p class='ocr_par' dir='ltr' id='par_1_75' title="bbox 1832 4142 3393 4212">
     <span class='ocr_line' id='line_1_75' title="bbox 1832 4142 3393 4212; baseline 0.002 -18"><span class='ocrx_word' id='word_1_573' title='bbox 1832 4158 1992 4212; x_wconf 89' lang='lat' dir='ltr'><strong>quam</strong></span> <span class='ocrx_word' id='word_1_574' title='bbox 2027 4142 2292 4208; x_wconf 87' lang='lat' dir='ltr'><strong>fmiretur,</strong></span> <span class='ocrx_word' id='word_1_575' title='bbox 2335 4144 2477 4198; x_wconf 88' lang='lat' dir='ltr'><strong>facta</strong></span> <span class='ocrx_word' id='word_1_576' title='bbox 2523 4152 2645 4210; x_wconf 91' lang='lat' dir='ltr'><strong>est,</strong></span> <span class='ocrx_word' id='word_1_577' title='bbox 2691 4145 3214 4209; x_wconf 87' lang='lat' dir='ltr'><strong>consummationis,</strong></span> <span class='ocrx_word' id='word_1_578' title='bbox 3249 4145 3393 4199; x_wconf 85' lang='lat' dir='ltr'><strong>sicut</strong></span> 
     </span>
    </p>
   </div>
   <div class='ocr_carea' id='block_1_76' title="bbox 1833 4234 3392 4306">
    <p class='ocr_par' dir='ltr' id='par_1_76' title="bbox 1833 4234 3392 4306">
     <span class='ocr_line' id='line_1_76' title="bbox 1833 4234 3392 4306; baseline 0.001 -18"><span class='ocrx_word' id='word_1_579' title='bbox 1833 4234 2022 4288; x_wconf 86' lang='lat' dir='ltr'><strong>dicunt</strong></span> <span class='ocrx_word' id='word_1_580' title='bbox 2064 4236 2238 4290; x_wconf 86' lang='lat' dir='ltr'><strong>sancti</strong></span> <span class='ocrx_word' id='word_1_581' title='bbox 2274 4245 2486 4306; x_wconf 89' lang='lat' dir='ltr'><strong>patres,</strong></span> <span class='ocrx_word' id='word_1_582' title='bbox 2516 4239 2749 4292; x_wconf 83' lang='lat' dir='ltr'><strong>maxime</strong></span> <span class='ocrx_word' id='word_1_583' title='bbox 2793 4236 2849 4293; x_wconf 89' lang='lat' dir='ltr'><strong>S.</strong></span> <span class='ocrx_word' id='word_1_584' title='bbox 2897 4237 3173 4300; x_wconf 81' lang='lat' dir='ltr'><strong>Clemens,</strong></span> <span class='ocrx_word' id='word_1_585' title='bbox 3204 4244 3255 4289; x_wconf 89' lang='lat' dir='ltr'><strong>et</strong></span> <span class='ocrx_word' id='word_1_586' title='bbox 3284 4235 3392 4290; x_wconf 85' lang='lat' dir='ltr'><strong>[re-</strong></span> 
     </span>
    </p>
   </div>
   <div class='ocr_carea' id='block_1_77' title="bbox 1835 4324 3392 4397">
    <p class='ocr_par' dir='ltr' id='par_1_77' title="bbox 1835 4324 3392 4397">
     <span class='ocr_line' id='line_1_77' title="bbox 1835 4324 3392 4397; baseline 0.001 -20"><span class='ocrx_word' id='word_1_587' title='bbox 1835 4340 1984 4379; x_wconf 74' lang='lat' dir='ltr'><strong>nzeus</strong></span> <span class='ocrx_word' id='word_1_588' title='bbox 2007 4367 2021 4391; x_wconf 92' lang='lat'><strong>,</strong></span> <span class='ocrx_word' id='word_1_589' title='bbox 2053 4335 2107 4380; x_wconf 90' lang='lat' dir='ltr'><strong>et</strong></span> <span class='ocrx_word' id='word_1_590' title='bbox 2144 4324 2391 4383; x_wconf 86' lang='lat' dir='ltr'><strong>Justinus</strong></span> <span class='ocrx_word' id='word_1_591' title='bbox 2420 4336 2623 4397; x_wconf 83' lang='lat' dir='ltr'><strong>martyr</strong></span> <span class='ocrx_word' id='word_1_592' title='bbox 2672 4335 2835 4397; x_wconf 89' lang='lat' dir='ltr'><strong>atque</strong></span> <span class='ocrx_word' id='word_1_593' title='bbox 2881 4326 3232 4397; x_wconf 87' lang='lat' dir='ltr'><strong>philosophus</strong></span> <span class='ocrx_word' id='word_1_594' title='bbox 3253 4368 3266 4390; x_wconf 89' lang='lat'><strong>,</strong></span> <span class='ocrx_word' id='word_1_595' title='bbox 3296 4326 3392 4394; x_wconf 78' lang='lat' dir='ltr'><strong>qui</strong></span> 
     </span>
    </p>
   </div>
   <div class='ocr_carea' id='block_1_78' title="bbox 168 4397 1735 4490">
    <p class='ocr_par' dir='ltr' id='par_1_78' title="bbox 168 4416 1725 4490">
     <span class='ocr_line' id='line_1_78' title="bbox 168 4416 1725 4490; baseline -0.001 -19"><span class='ocrx_word' id='word_1_596' title='bbox 168 4435 255 4472; x_wconf 91' lang='grc' dir='ltr'><strong>νον</strong></span> <span class='ocrx_word' id='word_1_597' title='bbox 284 4417 372 4470; x_wconf 81' lang='grc' dir='ltr'><strong>τὸν</strong></span> <span class='ocrx_word' id='word_1_598' title='bbox 405 4417 651 4487; x_wconf 73' lang='grc' dir='ltr'>μάρτυρα</span> <span class='ocrx_word' id='word_1_599' title='bbox 678 4418 769 4468; x_wconf 74' lang='grc' dir='ltr'><strong>καὶ</strong></span> <span class='ocrx_word' id='word_1_600' title='bbox 799 4416 1101 4486; x_wconf 81' lang='grc' dir='ltr'>φιλόσοφον.</span> <span class='ocrx_word' id='word_1_601' title='bbox 1141 4420 1287 4481; x_wconf 85' lang='grc' dir='ltr'>ὅστις</span> <span class='ocrx_word' id='word_1_602' title='bbox 1312 4418 1430 4470; x_wconf 85' lang='grc' dir='ltr'>λίαν</span> <span class='ocrx_word' id='word_1_603' title='bbox 1463 4436 1521 4471; x_wconf 87' lang='grc' dir='ltr'><strong>τε</strong></span> <span class='ocrx_word' id='word_1_604' title='bbox 1556 4420 1725 4490; x_wconf 85' lang='grc' dir='ltr'>ὑπερ-</span> 
     </span>
    </p>
   </div>
   <div class='ocr_carea' id='block_1_79' title="bbox 1838 4397 3394 4490">
    <p class='ocr_par' dir='ltr' id='par_1_79' title="bbox 1838 4416 3394 4488">
     <span class='ocr_line' id='line_1_79' title="bbox 1838 4416 3394 4488; baseline 0 -17"><span class='ocrx_word' id='word_1_605' title='bbox 1838 4416 2232 4486; x_wconf 87' lang='lat' dir='ltr'><strong>sapientissime</strong></span> <span class='ocrx_word' id='word_1_606' title='bbox 2262 4418 2315 4472; x_wconf 86' lang='lat' dir='ltr'><strong>in</strong></span> <span class='ocrx_word' id='word_1_607' title='bbox 2348 4428 2557 4475; x_wconf 81' lang='lat' dir='ltr'><strong>sextum</strong></span> <span class='ocrx_word' id='word_1_608' title='bbox 2588 4429 2755 4474; x_wconf 72' lang='lat' dir='ltr'><strong>sexta:</strong></span> <span class='ocrx_word' id='word_1_609' title='bbox 2778 4420 2885 4474; x_wconf 90' lang='lat' dir='ltr'><strong>diei</strong></span> <span class='ocrx_word' id='word_1_610' title='bbox 2916 4434 3201 4473; x_wconf 88' lang='lat' dir='ltr'><strong>numerum</strong></span> <span class='ocrx_word' id='word_1_611' title='bbox 3229 4417 3394 4488; x_wconf 81' lang='lat'><strong>599</strong></span> 
     </span>
    </p>
   </div>
   <div class='ocr_carea' id='block_1_80' title="bbox 171 4507 1731 4581">
    <p class='ocr_par' dir='ltr' id='par_1_80' title="bbox 171 4507 1731 4581">
     <span class='ocr_line' id='line_1_80' title="bbox 171 4507 1731 4581; baseline 0 -19"><span class='ocrx_word' id='word_1_612' title='bbox 171 4509 345 4576; x_wconf 67' lang='grc' dir='ltr'>σὸφως</span> <span class='ocrx_word' id='word_1_613' title='bbox 374 4510 451 4570; x_wconf 80' lang='grc' dir='ltr'><strong>εἰς</strong></span> <span class='ocrx_word' id='word_1_614' title='bbox 473 4509 563 4561; x_wconf 85' lang='grc' dir='ltr'><strong>τὸν</strong></span> <span class='ocrx_word' id='word_1_615' title='bbox 594 4507 749 4559; x_wconf 73' lang='grc' dir='ltr'>ἕκτον</span> <span class='ocrx_word' id='word_1_616' title='bbox 784 4507 1239 4577; x_wconf 80' lang='grc' dir='ltr'>ὑπομνηματίζων</span> <span class='ocrx_word' id='word_1_617' title='bbox 1272 4509 1369 4578; x_wconf 80' lang='grc' dir='ltr'><strong>τῆς</strong></span> <span class='ocrx_word' id='word_1_618' title='bbox 1403 4509 1566 4579; x_wconf 74' lang='grc' dir='ltr'>ἕκτης</span> <span class='ocrx_word' id='word_1_619' title='bbox 1597 4510 1731 4581; x_wconf 77' lang='grc' dir='ltr'>ἠμέ-</span> 
     </span>
    </p>
   </div>
   <div class='ocr_carea' id='block_1_81' title="bbox 173 4598 1730 4671">
    <p class='ocr_par' dir='ltr' id='par_1_81' title="bbox 173 4598 1730 4671">
     <span class='ocr_line' id='line_1_81' title="bbox 173 4598 1730 4671; baseline 0.001 -19"><span class='ocrx_word' id='word_1_620' title='bbox 173 4618 267 4670; x_wconf 61' lang='grc' dir='ltr'><strong>ρας</strong></span> <span class='ocrx_word' id='word_1_621' title='bbox 295 4599 522 4670; x_wconf 83' lang='grc' dir='ltr'>ἀριθμὸν</span> <span class='ocrx_word' id='word_1_622' title='bbox 541 4639 555 4662; x_wconf 92' lang='grc'><em>,</em></span> <span class='ocrx_word' id='word_1_623' title='bbox 585 4599 680 4669; x_wconf 80' lang='grc' dir='ltr'>τὴν</span> <span class='ocrx_word' id='word_1_624' title='bbox 715 4598 907 4670; x_wconf 77' lang='grc' dir='ltr'>νοερὰν</span> <span class='ocrx_word' id='word_1_625' title='bbox 941 4599 1035 4651; x_wconf 84' lang='grc' dir='ltr'><strong>ἀνθ</strong></span> <span class='ocrx_word' id='word_1_626' title='bbox 1048 4599 1227 4670; x_wconf 79' lang='grc' dir='ltr'>ρώπου</span> <span class='ocrx_word' id='word_1_627' title='bbox 1268 4599 1443 4671; x_wconf 69' lang='grc' dir='ltr'>ψυχὴν</span> <span class='ocrx_word' id='word_1_628' title='bbox 1465 4640 1479 4663; x_wconf 86' lang='grc'><em>,</em></span> <span class='ocrx_word' id='word_1_629' title='bbox 1509 4601 1601 4654; x_wconf 78' lang='grc' dir='ltr'><strong>καὶ</strong></span> <span class='ocrx_word' id='word_1_630' title='bbox 1632 4601 1730 4664; x_wconf 87' lang='grc' dir='ltr'>τὰς</span> 
     </span>
    </p>
   </div>
   <div class='ocr_carea' id='block_1_82' title="bbox 170 4689 1733 4760">
    <p class='ocr_par' dir='ltr' id='par_1_82' title="bbox 170 4689 1733 4760">
     <span class='ocr_line' id='line_1_82' title="bbox 170 4689 1733 4760; baseline 0.003 -18"><span class='ocrx_word' id='word_1_631' title='bbox 170 4690 323 4743; x_wconf 69' lang='grc' dir='ltr'>’έντε</span> <span class='ocrx_word' id='word_1_632' title='bbox 356 4689 518 4742; x_wconf 81' lang='grc' dir='ltr'>αὑτοῦ</span> <span class='ocrx_word' id='word_1_633' title='bbox 561 4689 877 4759; x_wconf 72' lang='grc' dir='ltr'>αἱσθητικὰς</span> <span class='ocrx_word' id='word_1_634' title='bbox 903 4689 1178 4759; x_wconf 80' lang='grc' dir='ltr'>αἰσθήσεις</span> <span class='ocrx_word' id='word_1_635' title='bbox 1209 4689 1352 4757; x_wconf 83' lang='grc' dir='ltr'>λέγει</span> <span class='ocrx_word' id='word_1_636' title='bbox 1388 4689 1495 4760; x_wconf 70' lang='grc' dir='ltr'><strong>γὰρ</strong></span> <span class='ocrx_word' id='word_1_637' title='bbox 1534 4690 1641 4760; x_wconf 89' lang='grc'><strong>(60)</strong></span> <span class='ocrx_word' id='word_1_638' title='bbox 1674 4690 1733 4755; x_wconf 79' lang='grc' dir='ltr'>ἓξ</span> 
     </span>
    </p>
   </div>
   <div class='ocr_carea' id='block_1_83' title="bbox 238 4845 1727 4927">
    <p class='ocr_par' dir='ltr' id='par_1_83' title="bbox 238 4845 1727 4927">
     <span class='ocr_line' id='line_1_83' title="bbox 238 4845 1727 4927; baseline 0.001 -28"><span class='ocrx_word' id='word_1_639' title='bbox 238 4845 343 4927; x_wconf 84' lang='lat'>(57)</span> <span class='ocrx_word' id='word_1_640' title='bbox 371 4847 668 4927; x_wconf 46' lang='lat' dir='ltr'><strong>&quot;Ogyge.</strong></span> <span class='ocrx_word' id='word_1_641' title='bbox 705 4846 944 4901; x_wconf 87' lang='lat' dir='ltr'><strong>Gentiles</strong></span> <span class='ocrx_word' id='word_1_642' title='bbox 975 4847 1369 4927; x_wconf 68' lang='lat' dir='ltr'><strong>compellantur</strong></span> <span class='ocrx_word' id='word_1_643' title='bbox 1415 4846 1727 4927; x_wconf 79' lang='lat' dir='ltr'><strong>his_verbis,</strong></span> 
     </span>
    </p>
   </div>
   <div class='ocr_carea' id='block_1_84' title="bbox 170 4916 1732 4987">
    <p class='ocr_par' dir='ltr' id='par_1_84' title="bbox 170 4916 1732 4987">
     <span class='ocr_line' id='line_1_84' title="bbox 170 4916 1732 4987; baseline 0.003 -18"><span class='ocrx_word' id='word_1_644' title='bbox 170 4916 261 4987; x_wconf 90' lang='lat' dir='ltr'><strong>qui</strong></span> <span class='ocrx_word' id='word_1_645' title='bbox 294 4917 610 4986; x_wconf 75' lang='lat' dir='ltr'><strong>quaerebant</strong></span> <span class='ocrx_word' id='word_1_646' title='bbox 657 4932 755 4970; x_wconf 84' lang='lat' dir='ltr'><strong>cur</strong></span> <span class='ocrx_word' id='word_1_647' title='bbox 799 4933 906 4970; x_wconf 91' lang='lat' dir='ltr'><strong>non</strong></span> <span class='ocrx_word' id='word_1_648' title='bbox 948 4916 1128 4985; x_wconf 91' lang='lat' dir='ltr'><strong>potius</strong></span> <span class='ocrx_word' id='word_1_649' title='bbox 1172 4916 1465 4971; x_wconf 87' lang='lat' dir='ltr'><strong>voluntatis</strong></span> <span class='ocrx_word' id='word_1_650' title='bbox 1506 4919 1732 4987; x_wconf 90' lang='lat' dir='ltr'><strong>imperio</strong></span> 
     </span>
    </p>
   </div>
   <div class='ocr_carea' id='block_1_85' title="bbox 173 4987 1732 5058">
    <p class='ocr_par' dir='ltr' id='par_1_85' title="bbox 173 4987 1732 5058">
     <span class='ocr_line' id='line_1_85' title="bbox 173 4987 1732 5058; baseline 0.004 -20"><span class='ocrx_word' id='word_1_651' title='bbox 173 5002 328 5058; x_wconf 84' lang='lat' dir='ltr'><strong>quam</strong></span> <span class='ocrx_word' id='word_1_652' title='bbox 360 5002 587 5058; x_wconf 84' lang='lat' dir='ltr'><strong>corpore</strong></span> <span class='ocrx_word' id='word_1_653' title='bbox 612 4987 938 5058; x_wconf 74' lang='lat' dir='ltr'><strong>assumenda</strong></span> <span class='ocrx_word' id='word_1_654' title='bbox 964 4988 1368 5058; x_wconf 74' lang='lat' dir='ltr'><strong>corruptionem</strong></span> <span class='ocrx_word' id='word_1_655' title='bbox 1415 4987 1670 5043; x_wconf 88' lang='lat' dir='ltr'><strong>Christus</strong></span> <span class='ocrx_word' id='word_1_656' title='bbox 1701 5006 1732 5044; x_wconf 88' lang='lat' dir='ltr'><strong>a</strong></span> 
     </span>
    </p>
   </div>
   <div class='ocr_carea' id='block_1_86' title="bbox 175 5055 1731 5126">
    <p class='ocr_par' dir='ltr' id='par_1_86' title="bbox 175 5055 1731 5126">
     <span class='ocr_line' id='line_1_86' title="bbox 175 5055 1731 5126; baseline 0 -13"><span class='ocrx_word' id='word_1_657' title='bbox 175 5055 329 5113; x_wconf 74' lang='lat' dir='ltr'><strong>nobis</strong></span> <span class='ocrx_word' id='word_1_658' title='bbox 357 5057 773 5126; x_wconf 85' lang='lat' dir='ltr'><strong>propulsaverit.</strong></span> <span class='ocrx_word' id='word_1_659' title='bbox 806 5057 982 5126; x_wconf 76' lang='lat' dir='ltr'><strong>Minus</strong></span> <span class='ocrx_word' id='word_1_660' title='bbox 1011 5057 1145 5110; x_wconf 85' lang='lat' dir='ltr'><strong>scite</strong></span> <span class='ocrx_word' id='word_1_661' title='bbox 1174 5055 1409 5110; x_wconf 83' lang='lat' dir='ltr'><strong>Grabius</strong></span> <span class='ocrx_word' id='word_1_662' title='bbox 1438 5057 1526 5111; x_wconf 90' lang='lat' dir='ltr'><strong>hic</strong></span> <span class='ocrx_word' id='word_1_663' title='bbox 1556 5059 1731 5113; x_wconf 80' lang='lat' dir='ltr'><strong>refelli</strong></span> 
     </span>
    </p>
   </div>
   <div class='ocr_carea' id='block_1_87' title="bbox 172 5124 1731 5203">
    <p class='ocr_par' dir='ltr' id='par_1_87' title="bbox 172 5124 1731 5203">
     <span class='ocr_line' id='line_1_87' title="bbox 172 5124 1731 5203; baseline 0 -21"><span class='ocrx_word' id='word_1_664' title='bbox 172 5124 423 5203; x_wconf 82' lang='lat' dir='ltr'><strong>opinatus</strong></span> <span class='ocrx_word' id='word_1_665' title='bbox 456 5124 557 5203; x_wconf 52' lang='lat' dir='ltr'><strong>:est</strong></span> <span class='ocrx_word' id='word_1_666' title='bbox 614 5128 907 5203; x_wconf 76' lang='lat' dir='ltr'><strong>opinionem</strong></span> <span class='ocrx_word' id='word_1_667' title='bbox 959 5124 1238 5203; x_wconf 70' lang='lat' dir='ltr'><strong>Platonis,</strong></span> <span class='ocrx_word' id='word_1_668' title='bbox 1286 5128 1731 5203; x_wconf 70' lang='lat' dir='ltr'><strong>incorruptionem</strong></span> 
     </span>
    </p>
   </div>
   <div class='ocr_carea' id='block_1_88' title="bbox 175 5196 1731 5253">
    <p class='ocr_par' dir='ltr' id='par_1_88' title="bbox 175 5196 1731 5253">
     <span class='ocr_line' id='line_1_88' title="bbox 175 5196 1731 5253; baseline 0.001 -3"><span class='ocrx_word' id='word_1_669' title='bbox 175 5197 352 5250; x_wconf 84' lang='lat' dir='ltr'><strong>mundi</strong></span> <span class='ocrx_word' id='word_1_670' title='bbox 380 5206 427 5249; x_wconf 93' lang='lat' dir='ltr'><strong>et</strong></span> <span class='ocrx_word' id='word_1_671' title='bbox 450 5198 907 5251; x_wconf 84' lang='lat' dir='ltr'><strong>immortalitatem</strong></span> <span class='ocrx_word' id='word_1_672' title='bbox 945 5196 1242 5249; x_wconf 70' lang='lat' dir='ltr'><strong>animarum</strong></span> <span class='ocrx_word' id='word_1_673' title='bbox 1274 5196 1427 5250; x_wconf 70' lang='lat' dir='ltr'><strong>nuda:</strong></span> <span class='ocrx_word' id='word_1_674' title='bbox 1472 5200 1731 5253; x_wconf 82' lang='lat' dir='ltr'><strong>voluntati</strong></span> 
     </span>
    </p>
   </div>
   <div class='ocr_carea' id='block_1_89' title="bbox 176 5266 1727 5335">
    <p class='ocr_par' dir='ltr' id='par_1_89' title="bbox 176 5266 1727 5335">
     <span class='ocr_line' id='line_1_89' title="bbox 176 5266 1727 5335; baseline 0.003 -16"><span class='ocrx_word' id='word_1_675' title='bbox 176 5266 269 5320; x_wconf 86' lang='lat' dir='ltr'><strong>Dei</strong></span> <span class='ocrx_word' id='word_1_676' title='bbox 297 5266 652 5322; x_wconf 81' lang='lat' dir='ltr'><strong>attribuentis.</strong></span> <span class='ocrx_word' id='word_1_677' title='bbox 679 5266 975 5322; x_wconf 86' lang='lat' dir='ltr'><strong>Emendata</strong></span> <span class='ocrx_word' id='word_1_678' title='bbox 1008 5267 1151 5319; x_wconf 91' lang='lat' dir='ltr'><strong>illius</strong></span> <span class='ocrx_word' id='word_1_679' title='bbox 1182 5267 1577 5335; x_wconf 89' lang='lat' dir='ltr'><strong>interpretatio.</strong></span> <span class='ocrx_word' id='word_1_680' title='bbox 1602 5269 1727 5324; x_wconf 88' lang='lat' dir='ltr'><strong>Si...</strong></span> 
     </span>
    </p>
   </div>
   <div class='ocr_carea' id='block_1_90' title="bbox 176 5339 1734 5407">
    <p class='ocr_par' dir='ltr' id='par_1_90' title="bbox 176 5339 1734 5407">
     <span class='ocr_line' id='line_1_90' title="bbox 176 5339 1734 5407; baseline 0.002 -17"><span class='ocrx_word' id='word_1_681' title='bbox 176 5347 387 5391; x_wconf 85' lang='lat' dir='ltr'><strong>mortem</strong></span> <span class='ocrx_word' id='word_1_682' title='bbox 412 5348 648 5391; x_wconf 88' lang='lat' dir='ltr'><strong>nostram</strong></span> <span class='ocrx_word' id='word_1_683' title='bbox 682 5340 885 5403; x_wconf 84' lang='lat' dir='ltr'><strong>avertit,</strong></span> <span class='ocrx_word' id='word_1_684' title='bbox 919 5355 1021 5391; x_wconf 84' lang='lat' dir='ltr'><strong>non</strong></span> <span class='ocrx_word' id='word_1_685' title='bbox 1045 5340 1260 5390; x_wconf 82' lang='lat' dir='ltr'><strong>accessit</strong></span> <span class='ocrx_word' id='word_1_686' title='bbox 1292 5339 1495 5406; x_wconf 84' lang='lat' dir='ltr'><strong>quidem</strong></span> <span class='ocrx_word' id='word_1_687' title='bbox 1525 5350 1734 5407; x_wconf 85' lang='lat' dir='ltr'><strong>propter</strong></span> 
     </span>
    </p>
   </div>
   <div class='ocr_carea' id='block_1_91' title="bbox 178 5408 703 5463">
    <p class='ocr_par' dir='ltr' id='par_1_91' title="bbox 178 5408 703 5463">
     <span class='ocr_line' id='line_1_91' title="bbox 178 5408 703 5463; baseline 0.002 -1"><span class='ocrx_word' id='word_1_688' title='bbox 178 5408 489 5462; x_wconf 76' lang='lat' dir='ltr'><strong>voluntatem</strong></span> <span class='ocrx_word' id='word_1_689' title='bbox 521 5408 703 5463; x_wconf 77' lang='lat' dir='ltr'><strong>mors.’</strong></span> 
     </span>
    </p>
   </div>
   <div class='ocr_carea' id='block_1_92' title="bbox 246 5476 1734 5547">
    <p class='ocr_par' dir='ltr' id='par_1_92' title="bbox 246 5476 1734 5547">
     <span class='ocr_line' id='line_1_92' title="bbox 246 5476 1734 5547; baseline 0.002 -16"><span class='ocrx_word' id='word_1_690' title='bbox 246 5478 351 5547; x_wconf 83' lang='grc'>(58)</span> <span class='ocrx_word' id='word_1_691' title='bbox 371 5478 593 5545; x_wconf 79' lang='grc' dir='ltr'>’Ὠσπερ</span> <span class='ocrx_word' id='word_1_692' title='bbox 636 5479 803 5532; x_wconf 82' lang='grc' dir='ltr'>πᾶσι.</span> <span class='ocrx_word' id='word_1_693' title='bbox 856 5476 1068 5531; x_wconf 90' lang='lat' dir='ltr'><strong>Similes</strong></span> <span class='ocrx_word' id='word_1_694' title='bbox 1100 5478 1383 5532; x_wconf 73' lang='lat' dir='ltr'><strong>sententia:</strong></span> <span class='ocrx_word' id='word_1_695' title='bbox 1433 5487 1734 5534; x_wconf 90' lang='lat' dir='ltr'><strong>occurrunt</strong></span> 
     </span>
    </p>
   </div>
   <div class='ocr_carea' id='block_1_93' title="bbox 181 5546 1733 5622">
    <p class='ocr_par' dir='ltr' id='par_1_93' title="bbox 181 5546 1733 5622">
     <span class='ocr_line' id='line_1_93' title="bbox 181 5546 1733 5622; baseline -0.001 -17"><span class='ocrx_word' id='word_1_696' title='bbox 181 5546 315 5617; x_wconf 70' lang='lat' dir='ltr'><strong>saepe</strong></span> <span class='ocrx_word' id='word_1_697' title='bbox 336 5546 487 5617; x_wconf 87' lang='lat' dir='ltr'><strong>apud</strong></span> <span class='ocrx_word' id='word_1_698' title='bbox 508 5546 790 5622; x_wconf 5' lang='lat' dir='ltr'><strong>(lustinum</strong></span> <span class='ocrx_word' id='word_1_699' title='bbox 816 5588 829 5609; x_wconf 98' lang='lat'><strong>,</strong></span> <span class='ocrx_word' id='word_1_700' title='bbox 878 5548 966 5622; x_wconf 83' lang='lat' dir='ltr'><strong>ubi</strong></span> <span class='ocrx_word' id='word_1_701' title='bbox 994 5548 1069 5622; x_wconf 28' lang='lat' dir='ltr'><strong>Ade</strong></span> <span class='ocrx_word' id='word_1_702' title='bbox 1100 5549 1271 5622; x_wconf 80' lang='lat' dir='ltr'><strong>libero</strong></span> <span class='ocrx_word' id='word_1_703' title='bbox 1300 5550 1526 5622; x_wconf 82' lang='lat' dir='ltr'><strong>arbitrio</strong></span> <span class='ocrx_word' id='word_1_704' title='bbox 1556 5551 1733 5622; x_wconf 76' lang='grc' dir='ltr'><strong>ἰοίιυὶ-</strong></span> 
     </span>
    </p>
   </div>
   <div class='ocr_carea' id='block_1_94' title="bbox 181 5618 1733 5689">
    <p class='ocr_par' dir='ltr' id='par_1_94' title="bbox 181 5618 1733 5689">
     <span class='ocr_line' id='line_1_94' title="bbox 181 5618 1733 5689; baseline 0.002 -19"><span class='ocrx_word' id='word_1_705' title='bbox 181 5626 298 5683; x_wconf 88' lang='lat' dir='ltr'><strong>tur;</strong></span> <span class='ocrx_word' id='word_1_706' title='bbox 344 5626 399 5689; x_wconf 87' lang='lat' dir='ltr'><strong>at</strong></span> <span class='ocrx_word' id='word_1_707' title='bbox 428 5619 617 5673; x_wconf 89' lang='lat' dir='ltr'><strong>nullibi</strong></span> <span class='ocrx_word' id='word_1_708' title='bbox 651 5620 834 5688; x_wconf 78' lang='lat' dir='ltr'><strong>legitur</strong></span> <span class='ocrx_word' id='word_1_709' title='bbox 875 5618 1095 5672; x_wconf 88' lang='lat' dir='ltr'><strong>totidem</strong></span> <span class='ocrx_word' id='word_1_710' title='bbox 1116 5620 1301 5689; x_wconf 4' lang='lat' dir='ltr'><strong>(verbis</strong></span> <span class='ocrx_word' id='word_1_711' title='bbox 1332 5620 1432 5673; x_wconf 88' lang='lat' dir='ltr'><strong>hoc</strong></span> <span class='ocrx_word' id='word_1_712' title='bbox 1463 5618 1733 5689; x_wconf 75' lang='lat' dir='ltr'><strong>fragmen-</strong></span> 
     </span>
    </p>
   </div>
   <div class='ocr_carea' id='block_1_95' title="bbox 183 5688 1734 5763">
    <p class='ocr_par' dir='ltr' id='par_1_95' title="bbox 183 5688 1734 5763">
     <span class='ocr_line' id='line_1_95' title="bbox 183 5688 1734 5763; baseline 0.002 -18"><span class='ocrx_word' id='word_1_713' title='bbox 183 5698 314 5746; x_wconf 91' lang='lat' dir='ltr'><strong>tum.</strong></span> <span class='ocrx_word' id='word_1_714' title='bbox 374 5688 589 5745; x_wconf 90' lang='lat' dir='ltr'><strong>Initium</strong></span> <span class='ocrx_word' id='word_1_715' title='bbox 622 5688 896 5763; x_wconf 77' lang='lat' dir='ltr'><strong>Apologia:</strong></span> <span class='ocrx_word' id='word_1_716' title='bbox 926 5688 1175 5745; x_wconf 67' lang='lat' dir='ltr'><strong>secunda:</strong></span> <span class='ocrx_word' id='word_1_717' title='bbox 1196 5730 1209 5757; x_wconf 91' lang='lat'><strong>,</strong></span> <span class='ocrx_word' id='word_1_718' title='bbox 1261 5689 1317 5745; x_wconf 87' lang='lat' dir='ltr'><strong>in</strong></span> <span class='ocrx_word' id='word_1_719' title='bbox 1351 5707 1460 5762; x_wconf 92' lang='lat' dir='ltr'><strong>quo</strong></span> <span class='ocrx_word' id='word_1_720' title='bbox 1486 5688 1734 5748; x_wconf 80' lang='lat' dir='ltr'><strong>Justinus</strong></span> 
     </span>
    </p>
   </div>
   <div class='ocr_carea' id='block_1_96' title="bbox 1832 4510 3393 4581">
    <p class='ocr_par' dir='ltr' id='par_1_96' title="bbox 1832 4510 3393 4581">
     <span class='ocr_line' id='line_1_96' title="bbox 1832 4510 3393 4581; baseline 0.001 -21"><span class='ocrx_word' id='word_1_721' title='bbox 1832 4517 2205 4564; x_wconf 89' lang='lat' dir='ltr'><strong>commentans</strong></span> <span class='ocrx_word' id='word_1_722' title='bbox 2230 4552 2245 4576; x_wconf 92' lang='lat'><strong>,</strong></span> <span class='ocrx_word' id='word_1_723' title='bbox 2276 4511 2351 4565; x_wconf 90' lang='lat' dir='ltr'><strong>ait</strong></span> <span class='ocrx_word' id='word_1_724' title='bbox 2384 4510 2772 4581; x_wconf 87' lang='lat' dir='ltr'><strong>intelligentem</strong></span> <span class='ocrx_word' id='word_1_725' title='bbox 2806 4512 3041 4566; x_wconf 79' lang='lat' dir='ltr'><strong>hominis</strong></span> <span class='ocrx_word' id='word_1_726' title='bbox 3072 4514 3310 4564; x_wconf 87' lang='lat' dir='ltr'><strong>animam</strong></span> <span class='ocrx_word' id='word_1_727' title='bbox 3337 4515 3393 4564; x_wconf 87' lang='lat' dir='ltr'><strong>et</strong></span> 
     </span>
    </p>
   </div>
   <div class='ocr_carea' id='block_1_97' title="bbox 1832 4600 3391 4670">
    <p class='ocr_par' dir='ltr' id='par_1_97' title="bbox 1832 4600 3391 4670">
     <span class='ocr_line' id='line_1_97' title="bbox 1832 4600 3391 4670; baseline -0.001 -16"><span class='ocrx_word' id='word_1_728' title='bbox 1832 4600 2072 4670; x_wconf 90' lang='lat' dir='ltr'><strong>quinque</strong></span> <span class='ocrx_word' id='word_1_729' title='bbox 2102 4602 2221 4670; x_wconf 89' lang='lat' dir='ltr'><strong>ejus</strong></span> <span class='ocrx_word' id='word_1_730' title='bbox 2253 4603 2545 4657; x_wconf 87' lang='lat' dir='ltr'><strong>sentientes</strong></span> <span class='ocrx_word' id='word_1_731' title='bbox 2576 4619 2769 4658; x_wconf 90' lang='lat' dir='ltr'><strong>sensus</strong></span> <span class='ocrx_word' id='word_1_732' title='bbox 2802 4619 2922 4658; x_wconf 85' lang='lat' dir='ltr'><strong>esse</strong></span> <span class='ocrx_word' id='word_1_733' title='bbox 2954 4619 3048 4657; x_wconf 78' lang='lat' dir='ltr'><strong>sex</strong></span> <span class='ocrx_word' id='word_1_734' title='bbox 3078 4611 3245 4657; x_wconf 83' lang='lat' dir='ltr'><strong>sextae</strong></span> <span class='ocrx_word' id='word_1_735' title='bbox 3280 4600 3391 4655; x_wconf 86' lang='lat' dir='ltr'><strong>diei</strong></span> 
     </span>
    </p>
   </div>
   <div class='ocr_carea' id='block_1_98' title="bbox 1832 4690 3391 4762">
    <p class='ocr_par' dir='ltr' id='par_1_98' title="bbox 1832 4690 3391 4762">
     <span class='ocr_line' id='line_1_98' title="bbox 1832 4690 3391 4762; baseline 0.003 -19"><span class='ocrx_word' id='word_1_736' title='bbox 1832 4704 2018 4762; x_wconf 86' lang='lat' dir='ltr'><strong>opera.</strong></span> <span class='ocrx_word' id='word_1_737' title='bbox 2052 4690 2205 4749; x_wconf 91' lang='lat' dir='ltr'><strong>Unde</strong></span> <span class='ocrx_word' id='word_1_738' title='bbox 2230 4693 2393 4749; x_wconf 88' lang='lat' dir='ltr'><strong>etiam</strong></span> <span class='ocrx_word' id='word_1_739' title='bbox 2421 4710 2544 4748; x_wconf 89' lang='lat' dir='ltr'><strong>cum</strong></span> <span class='ocrx_word' id='word_1_740' title='bbox 2565 4696 2734 4748; x_wconf 90' lang='lat' dir='ltr'><strong>multa</strong></span> <span class='ocrx_word' id='word_1_741' title='bbox 2765 4694 3114 4750; x_wconf 90' lang='lat' dir='ltr'><strong>disseruisset</strong></span> <span class='ocrx_word' id='word_1_742' title='bbox 3137 4692 3205 4749; x_wconf 88' lang='lat' dir='ltr'><strong>de</strong></span> <span class='ocrx_word' id='word_1_743' title='bbox 3235 4701 3391 4748; x_wconf 83' lang='lat' dir='ltr'><strong>sexto</strong></span> 
     </span>
    </p>
   </div>
   <div class='ocr_carea' id='block_1_99' title="bbox 1833 4850 3394 4921">
    <p class='ocr_par' dir='ltr' id='par_1_99' title="bbox 1833 4850 3394 4921">
     <span class='ocr_line' id='line_1_99' title="bbox 1833 4850 3394 4921; baseline 0.001 -19"><span class='ocrx_word' id='word_1_744' title='bbox 1833 4863 2029 4919; x_wconf 87' lang='lat' dir='ltr'><strong>magno</strong></span> <span class='ocrx_word' id='word_1_745' title='bbox 2087 4852 2252 4906; x_wconf 85' lang='lat' dir='ltr'><strong>animi</strong></span> <span class='ocrx_word' id='word_1_746' title='bbox 2284 4852 2478 4907; x_wconf 89' lang='lat' dir='ltr'><strong>ardore</strong></span> <span class='ocrx_word' id='word_1_747' title='bbox 2515 4851 2716 4917; x_wconf 87' lang='lat' dir='ltr'><strong>fertur,</strong></span> <span class='ocrx_word' id='word_1_748' title='bbox 2747 4853 3117 4912; x_wconf 86' lang='lat' dir='ltr'><strong>retardaretur</strong></span> <span class='ocrx_word' id='word_1_749' title='bbox 3138 4857 3191 4905; x_wconf 90' lang='lat' dir='ltr'><strong>et</strong></span> <span class='ocrx_word' id='word_1_750' title='bbox 3221 4850 3394 4921; x_wconf 76' lang='lat' dir='ltr'><strong>impe-</strong></span> 
     </span>
    </p>
   </div>
   <div class='ocr_carea' id='block_1_100' title="bbox 1832 4920 3393 4992">
    <p class='ocr_par' dir='ltr' id='par_1_100' title="bbox 1832 4920 3393 4992">
     <span class='ocr_line' id='line_1_100' title="bbox 1832 4920 3393 4992; baseline 0.001 -18"><span class='ocrx_word' id='word_1_751' title='bbox 1832 4921 2061 4980; x_wconf 89' lang='lat' dir='ltr'><strong>diretur.</strong></span> <span class='ocrx_word' id='word_1_752' title='bbox 2095 4923 2141 4976; x_wconf 92' lang='lat' dir='ltr'><strong>si</strong></span> <span class='ocrx_word' id='word_1_753' title='bbox 2167 4938 2231 4977; x_wconf 93' lang='lat' dir='ltr'><strong>eo</strong></span> <span class='ocrx_word' id='word_1_754' title='bbox 2263 4924 2650 4987; x_wconf 89' lang='lat' dir='ltr'><strong>insererentur,</strong></span> <span class='ocrx_word' id='word_1_755' title='bbox 2683 4931 2743 4977; x_wconf 92' lang='lat' dir='ltr'><strong>ut</strong></span> <span class='ocrx_word' id='word_1_756' title='bbox 2776 4924 2980 4992; x_wconf 91' lang='lat' dir='ltr'><strong>placuit</strong></span> <span class='ocrx_word' id='word_1_757' title='bbox 3007 4922 3223 4977; x_wconf 89' lang='lat' dir='ltr'><strong>erudito</strong></span> <span class='ocrx_word' id='word_1_758' title='bbox 3253 4920 3393 4976; x_wconf 76' lang='lat' dir='ltr'><strong>Gra-</strong></span> 
     </span>
    </p>
   </div>
   <div class='ocr_carea' id='block_1_101' title="bbox 1833 4992 2655 5062">
    <p class='ocr_par' dir='ltr' id='par_1_101' title="bbox 1833 4992 2655 5062">
     <span class='ocr_line' id='line_1_101' title="bbox 1833 4992 2655 5062; baseline -0.001 -16"><span class='ocrx_word' id='word_1_759' title='bbox 1833 4992 1943 5048; x_wconf 87' lang='lat' dir='ltr'><strong>bio.</strong></span> <span class='ocrx_word' id='word_1_760' title='bbox 1970 4992 2132 5062; x_wconf 89' lang='lat' dir='ltr'><strong>hujus</strong></span> <span class='ocrx_word' id='word_1_761' title='bbox 2161 4993 2445 5062; x_wconf 80' lang='lat' dir='ltr'><strong>fragmenti</strong></span> <span class='ocrx_word' id='word_1_762' title='bbox 2472 4994 2655 5047; x_wconf 90' lang='lat' dir='ltr'><strong>verba.</strong></span> 
     </span>
    </p>
   </div>
   <div class='ocr_carea' id='block_1_102' title="bbox 1905 5060 3392 5134">
    <p class='ocr_par' dir='ltr' id='par_1_102' title="bbox 1905 5060 3392 5134">
     <span class='ocr_line' id='line_1_102' title="bbox 1905 5060 3392 5134; baseline 0.001 -19"><span class='ocrx_word' id='word_1_763' title='bbox 1905 5061 2014 5134; x_wconf 84' lang='lat'>(59)</span> <span class='ocrx_word' id='word_1_764' title='bbox 2050 5061 2173 5131; x_wconf 84' lang='grc' dir='ltr'><strong>Πᾶς</strong></span> <span class='ocrx_word' id='word_1_765' title='bbox 2210 5060 2618 5134; x_wconf 22' lang='grc' dir='ltr'><strong>όήδυφζάμεξνος.</strong></span> <span class='ocrx_word' id='word_1_766' title='bbox 2667 5060 2767 5117; x_wconf 87' lang='lat' dir='ltr'><strong>llic</strong></span> <span class='ocrx_word' id='word_1_767' title='bbox 2803 5062 3001 5134; x_wconf 76' lang='lat' dir='ltr'><strong>incipit</strong></span> <span class='ocrx_word' id='word_1_768' title='bbox 3048 5062 3194 5116; x_wconf 86' lang='lat' dir='ltr'><strong>aliud</strong></span> <span class='ocrx_word' id='word_1_769' title='bbox 3244 5065 3392 5134; x_wconf 85' lang='lat' dir='ltr'><strong>frag-</strong></span> 
     </span>
    </p>
   </div>
   <div class='ocr_carea' id='block_1_103' title="bbox 1832 5132 3393 5203">
    <p class='ocr_par' dir='ltr' id='par_1_103' title="bbox 1832 5132 3393 5203">
     <span class='ocr_line' id='line_1_103' title="bbox 1832 5132 3393 5203; baseline 0.002 -19"><span class='ocrx_word' id='word_1_770' title='bbox 1832 5132 2074 5203; x_wconf 76' lang='lat' dir='ltr'><strong>menIUm</strong></span> <span class='ocrx_word' id='word_1_771' title='bbox 2142 5134 2283 5201; x_wconf 87' lang='lat' dir='ltr'><strong>apud</strong></span> <span class='ocrx_word' id='word_1_772' title='bbox 2356 5133 2411 5187; x_wconf 92' lang='lat' dir='ltr'><strong>S.</strong></span> <span class='ocrx_word' id='word_1_773' title='bbox 2472 5132 2733 5187; x_wconf 87' lang='lat' dir='ltr'><strong>Joannem</strong></span> <span class='ocrx_word' id='word_1_774' title='bbox 2780 5132 3210 5203; x_wconf 3' lang='lat' dir='ltr'><strong>(Damascenum.</strong></span> <span class='ocrx_word' id='word_1_775' title='bbox 3248 5132 3393 5203; x_wconf 87' lang='lat' dir='ltr'><strong>quod</strong></span> 
     </span>
    </p>
   </div>
   <div class='ocr_carea' id='block_1_104' title="bbox 1833 5202 3390 5272">
    <p class='ocr_par' dir='ltr' id='par_1_104' title="bbox 1833 5202 3390 5272">
     <span class='ocr_line' id='line_1_104' title="bbox 1833 5202 3390 5272; baseline 0.002 -19"><span class='ocrx_word' id='word_1_776' title='bbox 1833 5202 2050 5270; x_wconf 85' lang='lat' dir='ltr'><strong>quidem</strong></span> <span class='ocrx_word' id='word_1_777' title='bbox 2081 5203 2279 5271; x_wconf 85' lang='lat' dir='ltr'><strong>legitur</strong></span> <span class='ocrx_word' id='word_1_778' title='bbox 2305 5204 2356 5255; x_wconf 93' lang='lat' dir='ltr'><strong>in</strong></span> <span class='ocrx_word' id='word_1_779' title='bbox 2380 5203 2620 5271; x_wconf 83' lang='lat' dir='ltr'><strong>Dialogo,</strong></span> <span class='ocrx_word' id='word_1_780' title='bbox 2648 5220 2680 5256; x_wconf 91' lang='lat' dir='ltr'><strong>n</strong></span> <span class='ocrx_word' id='word_1_781' title='bbox 2731 5202 2823 5256; x_wconf 73' lang='lat'><strong>82.</strong></span> <span class='ocrx_word' id='word_1_782' title='bbox 2853 5203 2918 5255; x_wconf 85' lang='lat' dir='ltr'><strong>At</strong></span> <span class='ocrx_word' id='word_1_783' title='bbox 2942 5203 3224 5272; x_wconf 86' lang='lat' dir='ltr'><strong>superiora</strong></span> <span class='ocrx_word' id='word_1_784' title='bbox 3257 5202 3390 5256; x_wconf 74' lang='lat' dir='ltr'><strong>nus—</strong></span> 
     </span>
    </p>
   </div>
   <div class='ocr_carea' id='block_1_105' title="bbox 1833 5272 3393 5342">
    <p class='ocr_par' dir='ltr' id='par_1_105' title="bbox 1833 5272 3393 5342">
     <span class='ocr_line' id='line_1_105' title="bbox 1833 5272 3393 5342; baseline 0.001 -17"><span class='ocrx_word' id='word_1_785' title='bbox 1833 5287 1995 5339; x_wconf 84' lang='lat' dir='ltr'><strong>quam</strong></span> <span class='ocrx_word' id='word_1_786' title='bbox 2024 5275 2366 5342; x_wconf 86' lang='lat' dir='ltr'><strong>reperiuntur</strong></span> <span class='ocrx_word' id='word_1_787' title='bbox 2392 5274 2530 5342; x_wconf 87' lang='lat' dir='ltr'><strong>apud</strong></span> <span class='ocrx_word' id='word_1_788' title='bbox 2561 5272 2854 5333; x_wconf 71' lang='lat' dir='ltr'><strong>Iustinum,</strong></span> <span class='ocrx_word' id='word_1_789' title='bbox 2896 5288 3017 5334; x_wconf 82' lang='lat' dir='ltr'><strong>nec,</strong></span> <span class='ocrx_word' id='word_1_790' title='bbox 3056 5275 3101 5326; x_wconf 91' lang='lat' dir='ltr'><strong>si</strong></span> <span class='ocrx_word' id='word_1_791' title='bbox 3134 5279 3261 5326; x_wconf 90' lang='lat' dir='ltr'><strong>sunt</strong></span> <span class='ocrx_word' id='word_1_792' title='bbox 3292 5273 3393 5327; x_wconf 81' lang='lat' dir='ltr'><strong>Ju-</strong></span> 
     </span>
    </p>
   </div>
   <div class='ocr_carea' id='block_1_106' title="bbox 1835 5342 3203 5411">
    <p class='ocr_par' dir='ltr' id='par_1_106' title="bbox 1835 5342 3203 5411">
     <span class='ocr_line' id='line_1_106' title="bbox 1835 5342 3203 5411; baseline -0.001 -15"><span class='ocrx_word' id='word_1_793' title='bbox 1835 5343 1984 5402; x_wconf 81' lang='lat' dir='ltr'><strong>stini,</strong></span> <span class='ocrx_word' id='word_1_794' title='bbox 2020 5342 2273 5396; x_wconf 84' lang='lat' dir='ltr'><strong>videntur</strong></span> <span class='ocrx_word' id='word_1_795' title='bbox 2301 5344 2469 5398; x_wconf 87' lang='lat' dir='ltr'><strong>eidem</strong></span> <span class='ocrx_word' id='word_1_796' title='bbox 2505 5342 2710 5411; x_wconf 83' lang='lat' dir='ltr'><strong>Dialogi</strong></span> <span class='ocrx_word' id='word_1_797' title='bbox 2750 5344 2868 5396; x_wconf 91' lang='lat' dir='ltr'><strong>loco</strong></span> <span class='ocrx_word' id='word_1_798' title='bbox 2893 5344 3203 5397; x_wconf 85' lang='lat' dir='ltr'><strong>convenire.</strong></span> 
     </span>
    </p>
   </div>
   <div class='ocr_carea' id='block_1_107' title="bbox 1904 5406 3389 5482">
    <p class='ocr_par' dir='ltr' id='par_1_107' title="bbox 1904 5406 3389 5482">
     <span class='ocr_line' id='line_1_107' title="bbox 1904 5406 3389 5482; baseline -0.001 -16"><span class='ocrx_word' id='word_1_799' title='bbox 1904 5412 2014 5481; x_wconf 87' lang='grc'>(60)</span> <span class='ocrx_word' id='word_1_800' title='bbox 2065 5414 2231 5480; x_wconf 76' lang='grc' dir='ltr'>Λέγει</span> <span class='ocrx_word' id='word_1_801' title='bbox 2270 5413 2397 5482; x_wconf 80' lang='grc' dir='ltr'>γάρ.</span> <span class='ocrx_word' id='word_1_802' title='bbox 2443 5412 2600 5466; x_wconf 86' lang='lat' dir='ltr'><strong>Forte</strong></span> <span class='ocrx_word' id='word_1_803' title='bbox 2638 5406 2781 5480; x_wconf 76' lang='grc' dir='ltr'>λέγει</span> <span class='ocrx_word' id='word_1_804' title='bbox 2821 5413 3085 5479; x_wconf 81' lang='grc' dir='ltr'>γίνεσθαι,</span> <span class='ocrx_word' id='word_1_805' title='bbox 3113 5413 3195 5465; x_wconf 91' lang='lat' dir='ltr'><strong>vel</strong></span> <span class='ocrx_word' id='word_1_806' title='bbox 3233 5406 3389 5464; x_wconf 78' lang='grc' dir='ltr'>εἶναι.</span> 
     </span>
    </p>
   </div>
   <div class='ocr_carea' id='block_1_108' title="bbox 1835 5480 3393 5559">
    <p class='ocr_par' dir='ltr' id='par_1_108' title="bbox 1835 5480 3393 5559">
     <span class='ocr_line' id='line_1_108' title="bbox 1835 5480 3393 5559; baseline -0.001 -25"><span class='ocrx_word' id='word_1_807' title='bbox 1835 5480 1948 5536; x_wconf 84' lang='lat' dir='ltr'><strong>Hoc</strong></span> <span class='ocrx_word' id='word_1_808' title='bbox 1973 5480 2328 5559; x_wconf 39' lang='lat' dir='ltr'><strong>fragm&#39;cnlinn</strong></span> <span class='ocrx_word' id='word_1_809' title='bbox 2354 5483 2954 5559; x_wconf 61' lang='lat' dir='ltr'><strong>Grabiusdesumptum</strong></span> <span class='ocrx_word' id='word_1_810' title='bbox 2979 5490 3129 5559; x_wconf 80' lang='lat' dir='ltr'><strong>putat</strong></span> <span class='ocrx_word' id='word_1_811' title='bbox 3150 5498 3211 5559; x_wconf 80' lang='lat' dir='ltr'><strong>ex</strong></span> <span class='ocrx_word' id='word_1_812' title='bbox 3240 5497 3393 5559; x_wconf 47' lang='lat' dir='ltr'><strong>com:</strong></span> 
     </span>
    </p>
   </div>
   <div class='ocr_carea' id='block_1_109' title="bbox 1836 5551 3394 5619">
    <p class='ocr_par' dir='ltr' id='par_1_109' title="bbox 1836 5551 3394 5619">
     <span class='ocr_line' id='line_1_109' title="bbox 1836 5551 3394 5619; baseline -0.001 -14"><span class='ocrx_word' id='word_1_813' title='bbox 1836 5551 2100 5606; x_wconf 87' lang='lat' dir='ltr'><strong>mentario</strong></span> <span class='ocrx_word' id='word_1_814' title='bbox 2132 5551 2187 5608; x_wconf 85' lang='lat' dir='ltr'><strong>S.</strong></span> <span class='ocrx_word' id='word_1_815' title='bbox 2227 5552 2426 5608; x_wconf 79' lang='lat' dir='ltr'><strong>Justini</strong></span> <span class='ocrx_word' id='word_1_816' title='bbox 2471 5553 2526 5606; x_wconf 92' lang='lat' dir='ltr'><strong>in</strong></span> <span class='ocrx_word' id='word_1_817' title='bbox 2576 5551 3081 5607; x_wconf 51' lang='lat' dir='ltr'><strong>llexaemeroant</strong></span> <span class='ocrx_word' id='word_1_818' title='bbox 3125 5551 3394 5619; x_wconf 84' lang='lat' dir='ltr'><strong>ejusmodi</strong></span> 
     </span>
    </p>
   </div>
   <div class='ocr_carea' id='block_1_110' title="bbox 1835 5620 3395 5692">
    <p class='ocr_par' dir='ltr' id='par_1_110' title="bbox 1835 5620 3395 5692">
     <span class='ocr_line' id='line_1_110' title="bbox 1835 5620 3395 5692; baseline -0.001 -19"><span class='ocrx_word' id='word_1_819' title='bbox 1835 5636 1971 5690; x_wconf 80' lang='lat' dir='ltr'><strong>Opus</strong></span> <span class='ocrx_word' id='word_1_820' title='bbox 1998 5639 2155 5677; x_wconf 89' lang='lat' dir='ltr'><strong>nemo</strong></span> <span class='ocrx_word' id='word_1_821' title='bbox 2187 5624 2430 5678; x_wconf 88' lang='lat' dir='ltr'><strong>attribuit</strong></span> <span class='ocrx_word' id='word_1_822' title='bbox 2467 5621 2698 5685; x_wconf 83' lang='lat' dir='ltr'><strong>Justino,</strong></span> <span class='ocrx_word' id='word_1_823' title='bbox 2729 5638 2827 5676; x_wconf 90' lang='lat' dir='ltr'><strong>nec</strong></span> <span class='ocrx_word' id='word_1_824' title='bbox 2854 5624 2969 5692; x_wconf 89' lang='lat' dir='ltr'><strong>ipse</strong></span> <span class='ocrx_word' id='word_1_825' title='bbox 3004 5622 3219 5692; x_wconf 86' lang='lat' dir='ltr'><strong>quidem</strong></span> <span class='ocrx_word' id='word_1_826' title='bbox 3251 5620 3395 5672; x_wconf 81' lang='lat' dir='ltr'><strong>Ana-</strong></span> 
     </span>
    </p>
   </div>
   <div class='ocr_carea' id='block_1_111' title="bbox 1836 5692 3393 5766">
    <p class='ocr_par' dir='ltr' id='par_1_111' title="bbox 1836 5692 3393 5766">
     <span class='ocr_line' id='line_1_111' title="bbox 1836 5692 3393 5766; baseline -0.003 -18"><span class='ocrx_word' id='word_1_827' title='bbox 1836 5694 2057 5759; x_wconf 80' lang='lat' dir='ltr'><strong>Stasius,</strong></span> <span class='ocrx_word' id='word_1_828' title='bbox 2104 5695 2195 5766; x_wconf 87' lang='lat' dir='ltr'><strong>qui</strong></span> <span class='ocrx_word' id='word_1_829' title='bbox 2226 5694 2327 5749; x_wconf 89' lang='lat' dir='ltr'><strong>hoc</strong></span> <span class='ocrx_word' id='word_1_830' title='bbox 2360 5701 2567 5749; x_wconf 86' lang='lat' dir='ltr'><strong>tantum</strong></span> <span class='ocrx_word' id='word_1_831' title='bbox 2603 5695 2734 5754; x_wconf 85' lang='lat' dir='ltr'><strong>dicit</strong></span> <span class='ocrx_word' id='word_1_832' title='bbox 2766 5692 3039 5749; x_wconf 81' lang='lat' dir='ltr'><strong>Justinum</strong></span> <span class='ocrx_word' id='word_1_833' title='bbox 3086 5693 3393 5763; x_wconf 78' lang='lat' dir='ltr'><strong>disputasse</strong></span> 
     </span>
    </p>
   </div>
  </div>
