4104 6432
680 479 822 536 1605
1270 473 1612 531 APPENDIX
1652 492 1720 516 -ιέ
1761 472 1939 531 PARS
1983 474 2047 532 ll.
2086 472 2365 530 TATIANI
2402 473 2487 529 ET
2528 471 2898 532 TllEOPIIlLl
2934 476 3383 535 FRAGMENTA.
3805 479 3943 535 1604

780 620 938 691 θοι
978 617 1357 689 Fragmentum
1400 618 1669 685 Theophili
1709 617 2219 691 Commentariorum
2259 618 2310 669 in
2352 615 2737 691 Euangelia.-—-
2757 617 2839 670 Ea:
2880 619 3185 687 Hieronymi
3218 620 3371 686 epist.
3417 620 3487 671 ad
3527 619 3839 690 Algcziam,

2151 689 2355 754 Quwst.
2392 689 2446 741 6.

750 808 1078 879 TheOphilus
1110 809 1463 865 Antiochense
1501 808 1758 864 Ecclesiae
1803 809 2067 879 septimus
2113 818 2239 879 post
2272 808 2493 864 Petrum
2530 811 2835 880 apostolum
2878 812 3193 882 episcopus,
3222 813 3315 883 qui
3356 822 3599 883 quatuor
3637 813 3947 884 Evangeli-

679 912 887 959 starum
914 904 968 957 in
998 920 1165 958 unum
1200 920 1337 975 opus
1378 902 1525 959 dicta
1556 902 1931 974 compingens,
1966 903 2171 972 ingenii
2212 902 2299 957 sui
2331 903 2491 957 nobis
2524 911 2879 959 monumenta
2908 905 3147 974 reliquit,
3182 906 3295 961 haec
3337 922 3505 977 super
3533 908 3635 960 hac
3675 907 3945 976 parabola

682 1000 735 1053 in
769 1000 884 1055 suis
915 999 1337 1055 Commentariis
1364 1008 1450 1055 est
1478 988 1713 1055 locutus:
1748 998 1932 1064 Dives,
1970 998 2063 1068 qui
2093 997 2331 1054 habebat
2354 998 2595 1053 villicum
2629 998 2745 1054 sive
2770 999 3226 1069 dispensatorem,
3263 999 3406 1055 Deus
3444 1002 3805 1069 omnipotens
3836 1008 3945 1055 est.

680 1108 790 1161 quo
822 1094 956 1147 nihil
998 1102 1083 1149 est
1113 1090 1306 1149 ditius.
1341 1094 1515 1166 Hujus
1547 1094 1894 1165 dispensator
1923 1102 2009 1150 est
2036 1092 2264 1159 Paulus,
2293 1094 2387 1164 qui
2421 1094 2486 1149 ad
2527 1094 2699 1163 pedes
2718 1093 3030 1150 Gamalielis
3053 1111 3242 1150 sacras
3273 1097 3483 1153 litteras
3511 1096 3727 1159 dudicit,
3774 1104 3835 1149 et
3868 1097 3949 1149 le-

681 1200 800 1253 gem
830 1184 919 1237 Dei
952 1194 1271 1256 susceperat
1294 1188 1739 1257 dispensandam.
1772 1188 1875 1254 Qui
1903 1202 2025 1242 cum
2074 1188 2334 1257 coepisset
2362 1188 2645 1243 credentes
2676 1190 2731 1243 in
2758 1180 2981 1244 Christo
3020 1191 3296 1259 persequi,
3333 1191 3523 1260 ligare,
3566 1190 3859 1247 occidere.
3893 1196 3945 1241 et

682 1294 896 1334 omnem
925 1280 1139 1335 Domini
1170 1283 1256 1338 sui
1286 1282 1559 1352 dissipare
1596 1281 1986 1345 substantiam,
2030 1289 2317 1352 correptus
2351 1297 2379 1335 a
2423 1280 2653 1337 Domino
2681 1292 2767 1339 est
2801 1300 2813 1334 :
2847 1283 3029 1347 Saule,
3063 1286 3253 1348 Saule,
3286 1287 3411 1355 quid
3451 1304 3529 1340 me
3561 1287 3946 1355 persequeris!

680 1379 871 1430 durum
902 1388 979 1431 est
1010 1379 1104 1432 tibi
1133 1388 1318 1431 contra
1347 1378 1620 1433 stimulum
1648 1377 1932 1430 calcitrare
1955 1377 2021 1430 ³³.
2047 1374 2299 1446 Dicitque
2330 1376 2384 1429 in
2420 1375 2584 1430 corde
2611 1392 2712 1431 suo
2743 1377 2916 1443 :Quid
2962 1378 3366 1448 faciam?quia,
3413 1379 3503 1447 qui
3537 1380 3806 1449 magister
3842 1380 3942 1441 fui,

682 1483 737 1527 et
761 1475 997 1538 villicus,
1031 1490 1196 1544 cogor
1224 1490 1347 1530 esse
1370 1473 1693 1543 discipulus,
1720 1481 1773 1526 et
1804 1472 2087 1541 operarius
2124 1486 2136 1521 :
2171 1470 2350 1547 fodere
2380 1488 2480 1525 non
2520 1473 2687 1534 valeo,
2733 1473 2915 1526 omnia
2953 1474 3095 1527 enim
3127 1474 3377 1531 mandata
3427 1475 3583 1544 legis,
3616 1490 3742 1542 quae
3772 1486 3946 1530 terra:

679 1564 1039 1627 incubabant,
1074 1579 1242 1618 cerno
1270 1563 1572 1627 destructa,
1605 1569 1660 1616 et
1690 1562 1863 1631 legem
1894 1570 2057 1631 atque
2081 1563 2374 1632 prophetas
2399 1577 2574 1630 usque
2601 1563 2668 1617 ad
2697 1560 2963 1617 Joannem
2992 1562 3287 1635 Baptistam
3322 1581 3444 1620 esse
3472 1566 3692 1630 ﬁnitos;
3725 1569 3941 1620 mendi-

681 1674 803 1710 care
831 1657 1077 1710 erubesco
1107 1655 1172 1717 ³⁸,
1194 1665 1253 1709 ut
1283 1655 1377 1725 qui
1406 1654 1597 1709 doctor
1631 1656 1838 1709 fueram
1866 1651 2204 1716 Judaaorum,
2237 1669 2402 1724 cogar
2424 1669 2453 1707 a
2483 1655 2757 1724 gentibus,
2788 1662 2845 1709 et
2867 1670 2897 1708 a
2924 1655 3193 1726 discipulo
3222 1657 3454 1722 Anania,
3487 1662 3683 1715 salutis
3709 1676 3776 1714 ac
3812 1661 3941 1716 ﬁdei

676 1751 989 1804 mendicare
1016 1748 1341 1803 doctrinam.
1376 1745 1590 1800 Faciam
1620 1746 1809 1822 igitur,
1842 1744 1989 1813 quod
2018 1744 2152 1798 mihi
2182 1744 2315 1799 utile
2342 1759 2467 1799 esse
2494 1744 2774 1815 intelligo;
2809 1751 2866 1797 ut
2902 1753 3191 1816 postquam
3234 1749 3509 1819 projectus
3540 1750 3698 1805 fuero
3736 1751 3807 1807 de
3840 1753 3943 1805 vile

680 1843 942 1896 licatione
975 1856 1117 1905 mea,
1143 1840 1409 1910 recipiant
1436 1853 1522 1892 me
1544 1837 1841 1891 Christiani
1869 1835 2147 1897 indomos
2170 1852 2321 1891 suas.
2350 1837 2778 1907 Capitqueeos,
2808 1838 2902 1907 qui
2942 1838 3091 1906 prius
3125 1840 3486 1896 versabantur
3513 1843 3569 1897 in
3599 1846 3741 1915 lege,
3771 1852 3832 1900 et
3858 1846 3941 1902 sic

680 1937 735 1987 in
756 1934 1036 1989 Christum
1062 1930 1431 1993 crediderant,
1462 1944 1532 1984 ne
1564 1928 1965 1983 arbitrarentur
1994 1942 2052 1982 se
2084 1928 2141 1981 in
2163 1927 2280 1997 lege
2303 1926 2708 1997 justiﬁeandos,
2735 1927 2931 1983 docere
2948 1930 3118 1999 legem
3150 1932 3427 1996 abolitam,
3453 1935 3772 2005 prophetias
3804 1926 3945 2007 prae-

676 2026 912 2087 teriisse,
939 2031 993 2079 et
1024 2037 1145 2092 qua:
1176 2029 1337 2076 antea
1369 2034 1471 2091 pro
1497 2021 1654 2074 lucro
1696 2020 1934 2083 fuerant,
1966 2019 2210 2088 reputari
2244 2020 2298 2073 in
2333 2029 2599 2075 stercora.
2634 2018 2862 2074 Vocavit
2888 2020 3072 2089 itaque
3093 2023 3232 2078 duos
3264 2023 3337 2078 de
3373 2025 3620 2094 pluribus
3660 2027 3941 2082 debitori-

676 2117 801 2171 bus.
832 2115 1076 2169 Primum
1104 2113 1198 2183 qui
1221 2112 1452 2167 debebat
1488 2120 1706 2166 centum
1736 2104 1895 2164 batos
1916 2110 2056 2195 ‘olei,
2085 2126 2180 2166 eos
2210 2110 2485 2174 videlicet,
2518 2112 2613 2181 qui
2646 2111 2862 2171 fuerant
2903 2129 2967 2167 ex
3000 2114 3247 2185 gentibus
3274 2118 3609 2188 congregati,
3645 2128 3702 2173 et
3733 2136 3939 2192 magna

677 2208 995 2276 indigebant
1018 2205 1399 2261 misericordia
1424 2204 1516 2259 Dei
1544 2222 1557 2270 ;
1588 2211 1641 2258 et
1668 2203 1735 2258 de
1764 2196 2083 2258 centenario
2115 2219 2363 2271 numero,
2394 2206 2487 2282 qui
2522 2206 2717 2276 plenus
2750 2216 2833 2261 est
2863 2214 3025 2277 atque
3073 2209 3367 2279 perfectos,
3398 2210 3525 2264 fecit
3554 2227 3651 2267 eos
3683 2214 3939 2271 scribere

676 2286 1229 2371 quinquagenarium,
1260 2300 1352 2367 qui
1378 2298 1599 2367 proprie
1624 2298 2007 2366 pmnitentium
2039 2304 2146 2378 est,
2173 2298 2326 2366 juxta
2353 2298 2645 2367 jubileum,
2675 2308 2729 2353 et
2763 2300 2907 2353 illam
2928 2302 2996 2357 -in
3034 2301 3326 2372 Evangelia
3360 2303 3700 2372 parabolam,
3734 2307 3790 2359 in
3827 2322 3939 2377 qua

675 2394 828 2450 alteri
877 2391 1183 2463 quingenti,
1210 2389 1367 2445 alteri
1402 2389 1798 2459 quinquaginta
1829 2389 2200 2445 dimittuntur.
2239 2389 2547 2445 Secundum
2589 2399 2769 2445 autem
2800 2392 3015 2445 vocavit
3056 2394 3676 2467 populumeudatorum,
3706 2398 3805 2466 qui
3834 2396 3938 2450 tri-

675 2486 788 2539 tico
820 2483 1199 2539 mandatorum
1233 2478 1329 2534 Dei
1355 2479 1595 2534 nutritus
1637 2485 1776 2542 erat,
1803 2486 1857 2533 et
1901 2478 2132 2563 debebat
2166 2480 2214 2534 ei
2245 2482 2623 2535 centenarium
2658 2497 2967 2546 numerum,
2998 2490 3052 2537 et
3085 2487 3283 2556 coegit,
3316 2494 3375 2539 ut
3400 2486 3467 2541 de
3498 2496 3747 2553 centum,
3777 2500 3937 2544 octo-

674 2580 824 2650 ginta
860 2576 1084 2640 faceret,
1130 2574 1183 2627 id
1214 2582 1318 2639 est,
1360 2572 1607 2627 crederet
1655 2573 1708 2626 in
1743 2571 1957 2627 Domini
1995 2574 2421 2639 resurrectione,
2467 2590 2586 2645 qua:
2611 2584 2821 2630 octavae
2849 2576 2955 2631 diei
2990 2592 3219 2633 numero
3259 2580 3594 2644 continetur,
3617 2590 3672 2634 et
3701 2579 3775 2635 de
3806 2590 3936 2637 octo

673 2671 983 2739 completur
1011 2666 1307 2723 decadibus
1331 2708 1346 2731 ,
1374 2673 1439 2735 ut
1462 2666 1532 2721 de
1558 2664 1796 2719 Sabbato
1825 2664 1961 2734 legis
1991 2664 2253 2721 transiret
2281 2668 2348 2721 ad
2378 2667 2610 2737 primam
2646 2666 2891 2731 Sabbati.
2918 2668 2999 2723 0b
3037 2670 3180 2723 hanc
3212 2684 3434 2726 causam
3464 2686 3496 2724 a
3526 2671 3763 2730 Domino
3792 2689 3934 2745 pra.-

673 2764 916 2825 dicatur,
946 2758 1093 2830 quod
1127 2760 1263 2813 bene
1295 2757 1511 2821 fecerit,
1536 2764 1591 2812 et
1621 2771 1719 2827 pro
1748 2758 1925 2812 salute
1960 2772 2060 2813 sua
2093 2756 2148 2811 in
2180 2755 2457 2828 Evangelii
2489 2760 2835 2815 clementiam
2868 2761 2936 2815 de
2980 2763 3118 2831 legis
3161 2762 3804 2822 austeritatetmutuatus
3834 2770 3929 2821 sit.

674 2853 836 2920 Quod
868 2850 914 2906 si
939 2848 1247 2919 qumsleris,
1272 2861 1444 2917 quare
1472 2856 1700 2902 vocetur
1726 2847 1941 2903 villicus
1970 2848 2277 2919 iniquitatis
2311 2849 2366 2903 in
2396 2850 2534 2921 lege,
2561 2867 2686 2921 quae
2714 2851 2809 2907 Dei
2834 2860 2958 2920 est;
2992 2853 3217 2923 iniquus
3250 2853 3628 2918 erat‘villicus,
3662 2856 3761 2929 qui
3792 2857 3932 2914 bene

672 2945 892 3018 quidem
926 2941 1207 3004 offerebat,
1245 2940 1341 2995 sed
1364 2938 1559 2995 Filium
1598 2955 1972 3009 persequens:
2010 2941 2217 2996 habens
2248 2940 2417 2997 Deum
2454 2944 3042 3022 omnipotentem,gsed
3087 2936 3351 3015 Spiritum
3400 2954 3653 3001 sanctum
3695 2963 3929 3020 negans.

672 3038 1004 3097 Prudentior
1036 3036 1224 3105 itaque
1251 3034 1355 3116 fuit
1379 3032 1583 3090 Paulus
1608 3033 1893 3116 apostolus
1922 3035 1975 3089 in
2007 3036 2447 3107 transgressione
2475 3036 2611 3108 legis
2642 3038 2769 3094 illiis
2790 3039 3065 3108 quondam
3095 3039 3259 3107 lucis,
3283 3039 3382 3109 qui
3412 3038 3467 3093 in
3499 3039 3635 3111 legis
3663 3041 3932 3100 observa-

670 3131 823 3186 tione
843 3128 1070 3193 versati,
1100 3110 1409 3194 Christum,
1438 3126 1533 3196 qui
1568 3110 1664 3181 Dei
1694 3125 1877 3182 Patris
1904 3142 2093 3184 verum
2126 3128 2309 3183 lumen
2330 3139 2435 3192 est.
2467 3130 2845 3200 perdiderunt.

682 3268 1060 3340 Fragmentum
1093 3265 1473 3340 Commentarii
1507 3265 1776 3340 Iteophili
1798 3268 1867 3340 jn
1893 3266 2172 3323 Canticum
2211 3271 2561 3324 canticorum.
2596 3300 2669 3310 -——
2703 3269 2788 3323 Ex
2829 3269 3045 3324 Eusebii
3080 3268 3423 3337 Eia-positione
3455 3269 3671 3325 Camiri
3712 3272 3863 3326 edita
3897 3290 3931 3325 a

1336 3335 1568 3391 Μαίη-δίο
1604 3353 1726 3408 pag.
1759 3338 1847 3399 37.
1874 3342 2207 3396 emendatum

2345 3356 2468 3395 ms.‘
2494 3340 2611 3395 cod.
2649 3341 2790 3395 δυειι
2813 3340 3050 3395 bibliotlt.
3090 3335 3247 3395 Bodl.

740 3461 821 3515 Ex
851 3458 1104 3531 gentibus
1134 3457 1440 3513 secundum
1473 3474 1696 3515 carnem
1738 3461 1916 3516 oritur
1949 3461 2237 3527 Dominus,

2388 3503 2393 3507 «
2426 3460 2515 3527 Ἐξ
2547 3460 2716 3529 ἐθνῶν
2746 3462 2809 3515 τὸ
2841 3460 2982 3515 κατὰ
3012 3459 3191 3532 σάρκα
3226 3460 3384 3532 (68)ὁ
3428 3459 3659 3533 Κύριος,
3684 3460 3933 3531 σωζόμ-

676 3554 831 3609 salvo
859 3567 945 3617 eo,
976 3549 1122 3621 quod
1161 3565 1229 3604 ex
1276 3548 1417 3605 Juda
1449 3566 1574 3608 esse
1621 3544 1823 3607 dicitur
1859 3554 1921 3608 "’.
1958 3554 2244 3620 Quodnam

670 3651 756 3700 est
786 3644 953 3714 igitur
983 3643 1191 3712 lignum
1216 3640 1450 3696 Libani?
1478 3641 1625 3697 Ruth
1654 3643 1927 3702 Moabitis.
1958 3645 2077 3717 Ipsa
2099 3647 2246 3703 enim

671 3737 881 3807 peperit
900 3733 1071 3797 Jobed
1102 3748 1169 3788 ex
1198 3747 1307 3802 quo
1336 3731 1509 3789 Jesse.
1546 3734 1765 3791 Lectica
1807 3738 1972 3809 igitur
2009 3748 2095 3794 est
2122 3754 2247 3794 cor-

674 3844 799 3899 pus.
832 3826 1098 3882 Lecticam
1131 3826 1272 3894 fecit.
1303 3824 1382 3879 Ex
1412 3828 1689 3882 communi
1728 3828 1865 3882 illud
1895 3828 2037 3899 fecit.
2073 3829 2244 3897 Quasi

667 3920 875 3975 diceret
902 3940 914 3974 :
939 3918 1075 3973 Tota
1102 3918 1221 3987 ejus
1244 3917 1437 3974 lectica
1468 3920 1709 3978 charitas
1734 3932 1839 3996 est,
1867 3924 2025 3993 juxta
2052 3925 2199 3979 istud
2226 3944 2240 3981 :

669 4010 852 4081 lajor
871 4019 1045 4065 autem
1067 4009 1253 4064 horum
1267 4010 1500 4066 charitac
1519 4011 1583 4066 ³⁸.
1608 4010 1823 4069 Lectica
1844 4016 2052 4070 animas
2074 4014 2243 4072 Deum

670 4103 729 4159 in
761 4119 820 4159 se
864 4112 1141 4175 gestantes
1185 4101 1459 4173 designat.
1493 4103 1575 4157 Ea:
1623 4106 1777 4177 lignis
1808 4105 2001 4162 Libani
2029 4109 2092 4166 ”.
2126 4108 2243 4164 Ali-

670 4196 890 4269 quando
924 4197 1066 4252 enim
1104 4195 1309 4268 lignum
1335 4196 1629 4254 adversarii
1650 4214 1887 4257 eramus.
2083 4194 2090 4205 ’

2345 3571 2437 3608 νου
2471 3553 2586 3615 καὶ,
2611 3554 2707 3606 τοῦ
2740 3553 2799 3618 ἐξ
2839 3553 3029 3607 Ἰούδα.
3088 3553 3186 3616 Τίς
3229 3547 3320 3605 οὖν
3374 3551 3493 3605 ἐστὶ
3538 3551 3599 3605 τὸ
3647 3550 3807 3617 ξῦλον
3832 3553 3931 3608 τοῦ

2345 3638 2611 3710 Λίϐἀνους
2659 3642 2876 3716 Ῥοὺθὴ
2932 3644 3227 3718 Μωᾷῖτις.
3278 3643 3425 3717 Δῦτη
3462 3644 3573 3717 γὰρ
3619 3646 3811 3699 essent:
3837 3645 3930 3700 τὺν

2358 3737 2566 3810 Ἰωϐὴδ,
2592 3732 2744 3802 teat
2787 3737 3007 3791 Ἰεσσαί.
3044 3736 3263 3809 «rapam
3292 3721 3472 3792 τοίνυν
3503 3738 3619 3791 ἐστὶ
3646 3738 3710 3792 τι
3744 3739 3926 3810 σῶμα.

2345 3816 2590 3896 Φορεῒον
2617 3828 2925 3896 ἐποίησεν.
2970 3829 3103 3881 Ἀπὸ
3157 3814 3351 3882 κοινοῦ
3378 3828 3486 3900 (69)
3512 3828 3574 3882 τὸ
3612 3828 3925 3901 ἐποίησεν.

2345 3919 2543 3973 ὡσανεὶ
2574 3918 2779 3988 ἔλεγεν,
2800 3913 2957 3973 Ὅλον
2990 3919 3158 3991 (Edit.
3180 3918 3402 3981 Medrsii
3429 3919 3569 3974 ntale
3592 3920 3754 3974 habet
3781 3920 3927 3990 ὅσον)

2317 3997 2403 4064 ’δὲ
2421 4009 2481 4063 τὸ
2500 4014 2712 4084 φορεῖον
2728 4013 2762 4083 ἠ
2784 4012 2973 4083 ἀγάπη
3000 4013 3169 4087 ἐστὶν,
3195 4010 3334 4067 κατὰ
3350 4011 3431 4064 τό·
3459 4010 3684 4071 Memor
3703 4010 3774 4063 δὲ
3798 4012 3900 4065 τού

2346 4122 2464 4159 των
2491 4107 2529 4174 ἠ
2562 4105 2783 4174 ἀγάπη.
2819 4107 3039 4177 Φορεῖον
3069 4105 3169 4169 τὰς
3200 4103 3491 4189 θεοφόρους
3538 4103 3737 4173 ψυχάς.
3793 4101 3925 4157 Ἁιὸ

2345 4193 2547 4259 ξύλων
2570 4196 2678 4251 τοῦ
2706 4194 2982 4252 Λιϐάνου.
3019 4197 3154 4252 Hoc!
3176 4196 3285 4271 γὰρ
3312 4195 3467 4263 ξύλον
3489 4194 3586 4248 τοῦ
3614 4194 3927 4267 ἀντικειμέ-

2348 4302 2440 4343 νου
2470 4281 2633 4357 ἦμεν.

748 4460 922 4517 “Act.
948 4477 1093 4526 xxvt,
1119 4463 1205 4518 14,
1283 4458 1325 4488 ³⁸
1346 4457 1475 4514 Luc.
1506 4457 1745 4524 “1,37;
1797 4458 1839 4490 ³⁷
1868 4457 2031 4515 Hebr.
2061 4476 2155 4515 vn.
2234 4465 2237 4490 λ

2346 4459 2473 4516 Cor.
2501 4477 2624 4529 χιιι,
2655 4464 2743 4527 15.
2830 4464 2875 4497 ³⁸
2908 4463 3073 4520 Cant.
3113 4480 3195 4530 ιιι,
3231 4464 3283 4521 9.

739 4619 853 4691 (68)
892 4619 993 4684 Ἐξ
1022 4618 1221 4691 ἐθνῶν
1251 4617 1318 4691 τὸ
1369 4617 1520 4671 κατὰ
1543 4612 2090 4691 σᾴρκᾳητιιοοριιίΙο
2136 4612 2241 4669 hoc

671 4685 1042 4746 testimonium
1083 4689 1306 4744 attribui
1343 4696 1575 4742 testatur
1613 4685 1846 4740 Grabius
1894 4688 1949 4739 in
1998 4700 2102 4739 ms.
2145 4700 2239 4739 co-

671 4762 813 4815 dice.
884 4762 1280 4816 Antiocbenum
1346 4774 1468 4813 esse
1519 4756 1755 4825 conjecit
1810 4756 1892 4808 vir
1949 4756 2234 4823 eruditus,

672 4832 923 4900 quamvis
972 4831 1026 4883 in
1058 4830 1356 4900 Canticum
1403 4828 1739 4900 canticorum
1787 4826 2081 4895 scripsisse
2123 4841 2234 4900 n‘on

673 4895 1024 4971 perhibeatur
1056 4899 1423 4980 TlteOphilus:_
1438 4897 1603 4980 Hanc.
1616 4895 1992 4980 conjecturam
2034 4895 2237 4980 contir-

674 4961 826 5025 inare
855 4980 1084 5052 possunt
1123 4961 1243 5039 qua:
1272 4969 1341 5023 ad
1371 4969 1464 5050 lib.
1496 4985 1513 5021 ι
1542 4961 1849 5046 Theophili,
1874 4966 2110 5047 num._5,
2138 4967 2239 5020 ob—

672 5056 905 5096 servam.
938 5039 1336 5109 Nonnunquam
1373 5053 1517 5109 enim
1562 5037 1900 5109 TheOphilus
1929 5037 2227 5109 Antioche-

672 5125 781 5182 nus
828 5111 1125 5182 generatim
1152 5106 1234 5182 vel
1268 5109 1374 5165 sub
1420 5106 2106 5182 Theophili’alexandrini
2134 5121 2235 5161 no.

674 5177 855 5235 mine'
877 5182 1096 5244 citatur,
1135 5181 1293 5249 eique
1324 5192 1423 5234 sua
1468 5177 1653 5248 potius
1694 5177 2023 5249 auferuntur
2064 5192 2230 5249 quam

674 5250 849 5304 aliena
881 5252 1190 5305 traduntur.
1208 5247 1581 5319 M_emorabilis
1608 5248 1878 5319 sententia
1912 5247 2074 5319 bgjus
2095 5247 2235 5319 scri-

771 5322 847 5375 ris
877 5322 1047 5389 semel
1091 5324 1196 5375 sub
1239 5316 1523 5389 Theophili
1575 5318 1897 5389 nomineiin
1934 5316 2235 5389 Paraliclis

724 5434 734 5445 .
766 5389 990 5445 Joannis
1037 5386 1763 5459 Damasceni,'iterumrsub
1788 5386 2072 5459 Theophili
2106 5387 2235 5459 Alc:

673 5460 927 5516 xandrini
956 5461 1173 5516 nomine
1198 5461 1419 5515 citetur.
1438 5458 1517 5513 Ex
1537 5458 1727 5513 eodem
1755 5458 1898 5514 libro
1922 5456 1979 5513 ιὶ.
1998 5458 2054 5522 ι,
2086 5456 2234 5511 aliud

675 5531 1047 5587 testimonium
1095 5529 1434 5600 deprompsit
1466 5529 1526 5586 S.
1556 5528 1795 5584 Joannes
1824 5528 2229 5600 [Damascenus,

676 5600 818 5672 quod
857 5598 1235 5673 Amphilocbio
1257 5598 1592 5667 attribuitur,
1627 5607 1680 5654 et
1704 5614 1772 5657 ex
1797 5598 2038 5656 secundo
2066 5599 2229 5661 libro.

2237 5826 2309 5847 .-

2338 4631 2495 4670 num.
2530 4616 2623 4680 i7,
2657 4617 2819 4674 aliam
2848 4619 3117 4689 insignem
3137 4618 3489 4683 sententiam,
3520 4631 3643 4687 qua
3661 4631 3775 4673 non
3806 4616 3919 4673 sine

2342 4689 2707 4766 gravi'errato
2747 4688 3046 4745 ascribitur
3074 4688 3390 4754 Eleuthero,
3418 4705 3473 4759 p.
3513 4688 3640 4744 315.

2409 4820 2525 4921 S69)
2563 4820 2696 4921 Ἇέτὸ
2722 4820 3116 4921 κοινοῦίΑΤτθε
3156 4821 3261 4921 hoc
3291 4820 3413 4921 lo'co
3433 4819 3741 4921 aggruntur
3761 4821 3920 4921 ex’pli-

2341 4890 2599 4975 cationes.
2610 4894 2805 4947 borum
2819 4892 3107 4975 verborum
3125 4906 3140 4946 :
3162 4890 3444 4946 Ferculum
3458 4890 3915 5015 Naufragium

2340 4978 2459 5044 vae
2481 4961 2898 5044 tecticamj‘fccg
2919 4963 3021 5044 sibi
3052 4977 3145 5016 rex
3165 4959 3420 5044 Salomon
3449 4964 3517 5044 ές
3546 4960 3708 5044 {tgna
3761 5032 3776 5044 _

2364 5031 2522 5103 Cant.
2562 5033 2685 5103 ill,
2720 5031 2806 5099 '9).
2856 5031 3040 5087 Prima
3088 5048 3290 5103 corpus
3334 5031 3590 5103 intelligit
3629 5032 3777 5103 quod
3818 5031 3918 5088 sibi

2388 5102 2883 5174 hristusgiormavit
2910 5118 2979 5174 ea
3010 5101 3245 5174 virgine,
3270 5107 3393 5172 quae
3422 5117 3453 5157 a
3482 5101 3625 5157 Juda
3648 5101 3917 5174 originem

2341 5174 2561 5243 quidem
2593 5172 2848 5239 ducebat,
2889 5172 2985 5229 sed
3022 5172 3204 5243 tamen
3234 5172 3380 5227 inter
3416 5174 3578 5227 avias
3608 5172 3915 5229 suas‘Butb

2342 5240 2689 5313 Ioabitidem
2718 5248 3063 5300 numerabat.
3099 5240 3350 5300 Secunda
3391 5244 3688 5313 explicatio
3715 5243 3915 5299 lectica

2343 5314 2564 5397 nomine
2592 5312 2808 5397 videtur
2850 5314 3175 5397 cbaritatem
3221 5312 3550 5397 intelligere,
3574 5329 3701 5386 qua
3740 5313 3916 5397 omnia

2342 5384 2725 5455 complectitur
2752 5395 2807 5443 et
2835 5386 2903 5439 ad
2947 5398 3163 5439 omnem
3212 5384 3421 5454 agendi
3447 5384 3724 5439 rationem
3757 5384 3917 5455 perti-

2338 5462 2450 5510 net.
2483 5452 2667 5537 Tertia
2699 5454 2949 5511 lecticam
2983 5454 3627 5537 interpretaturanimas
3653 5453 3835 5537 Penus
3866 5454 3917 5509 ia

2337 5539 2398 5581 se
2422 5531 2735 5596 gestantes,
2756 5540 2879 5596 quae
2918 5540 2986 5580 ex
3014 5522 3180 5595 lignis
3205 5522 3399 5580 Libani
3439 5524 3601 5582 facta:
3634 5524 3915 5591 dicuntur,

2337 5594 2467 5667 quia
2499 5604 2658 5652 antea
2687 5594 2907 5652 diabolo
2934 5594 3093 5652 erant
3120 5596 3496 5667 emancipate.
