4142 6408
207 462 3403 509 W

654 788 1448 906 JOANNIS
1524 785 2290 900 BENBICI

1341 788 1448 902 Β
1524 785 2292 900 BENBICI
2382 780 2977 896 NOLTE

1127 1118 1658 1183 CONJECTURE
1704 1120 1802 1176 ET
1856 1110 2478 1175 EMENDATIONES

197 1374 263 1416 IN
298 1371 508 1416 OIINKS
540 1371 730 1412 HUIUS
772 1369 1116 1414 VOLUIINIS
1144 1365 1558 1414 SCRIPTOBES,
1620 1363 1697 1404 ΕΤ
1745 1363 1833 1402 VM

1773 1360 2092 1412 'ABIANTES
2150 1356 2428 1400 CODICUM
2461 1354 2541 1394 ΔΒ
2571 1352 2713 1394 IPSO
2745 1351 2955 1392 DENUO
2993 1348 3409 1393 COLLATOBUH

679 1442 1061 1501 LECTIONES,
1114 1446 1222 1498 QUI
1252 1447 1330 1486 ΕΤ
1366 1442 1624 1488 SCHOLIA
1654 1441 1720 1483 IN
1765 1439 2065 1481 IUSTINUM
2116 1436 2315 1479 MAXIM

1388 1442 1624 1487 iCHOLlA
1654 1441 1720 1483 IN
1765 1439 2065 1481 IUSTINUM
2116 1435 2420 1479 ΜΔΧΙΜΔΜ
2451 1432 2700 1474 PARTEM
2729 1430 2988 1470 iNEDITA
3011 1458 3024 1480 ,

518 1527 580 1570 IN
609 1527 940 1570 TATIANU!
965 1525 1395 1578 EMBNDATIUS,
1423 1523 1492 1564 ‘IN
1527 1518 2000 1564 ATIIENAGORAM
2039 1516 2154 1557 NUﬁ

1461 1524 1492 1564 Ν
1527 1518 2000 1564 ATIIENAGORAM
2039 1514 2203 1557 NUNC
2241 1511 2488 1555 PRIMUM
2520 1509 2771 1551 EDENDA
2798 1507 3093 1550 CURAVIT.

1436 1785 1803 1872 LECTU
1831 1780 2006 1868 R18
2075 1779 2165 1866 S‘.

257 2229 608 2295 Reverendus
634 2232 834 2288 Cursus
870 2234 1188 2302 Patrologiw
1214 2232 1408 2295 editor,
1455 2248 1642 2301 quum,
1681 2233 1782 2286 hoc
1827 2241 1978 2289 sexto
2001 2233 2402 2299 voluminejam
2429 2233 2716 2299 impresso,
2754 2245 2785 2282 a
2823 2228 3054 2298 quodam
3079 2227 3198 2281 viro
3220 2225 3401 2286 docto.

186 2320 325 2378 8.1.
361 2324 697 2393 presbytero,
743 2340 844 2378 nos
898 2328 1129 2400 fortasse
1151 2325 1306 2392 plura
1330 2325 1432 2379 insi
1467 2338 1625 2388 posse
1669 2324 2048 2377 administrare
2094 2323 2348 2392 operibus
2367 2320 2464 2374 SS.
2502 2320 2724 2374 Patrum
2758 2319 3108 2374 emendandis
3156 2327 3209 2372 et
3251 2317 3400 2370 illus-

186 2417 401 2472 trandis
431 2419 738 2481 utilissima,
777 2418 1095 2486 accepisset,
1125 2417 1192 2469 ad
1226 2431 1326 2470 nos
1351 2415 1498 2469 dedit
1527 2416 1754 2475 litteras,
1789 2424 1843 2466 ut
1871 2417 1916 2467 si
1950 2414 2075 2482 quid
2115 2414 2380 2468 eiusmodi
2425 2414 2769 2473 haberemus,
2802 2426 2924 2465 cum
2958 2411 3075 2478 ipso
3105 2409 3404 2462 communi‘

182 2524 456 2564 caremus.
495 2509 594 2561 Cui
624 2510 821 2577 pctenti
855 2525 954 2562 cur
981 2510 1171 2562 deesse
1198 2508 1534 2560 uoluerimus
1576 2513 1634 2559 ut
1665 2505 1896 2560 fortasse
1925 2521 2033 2559 non
2059 2506 2162 2558 erit
2192 2507 2334 2573 quod
2367 2521 2430 2558 ex
2460 2507 2616 2558 nobis
2664 2518 2896 2574 quaeras,
2925 2502 2997 2554 ita
3029 2508 3088 2556 ut
3118 2499 3247 2569 quid
3271 2515 3406 2568 pra;

181 2615 334 2656 Stare
364 2601 690 2654 volueramus
712 2616 901 2670 pauens
932 2603 1254 2670 explicetur,
1282 2610 1334 2654 et
1369 2610 1464 2653 tua
1483 2608 1536 2652 et
1563 2608 1748 2652 nostra
1776 2600 2036 2652 interesse
2063 2599 2328 2652 videatur.

252 2715 424 2770 Nemo
453 2716 625 2769 nescit
648 2729 894 2784 magnam
924 2715 1047 2768 libri
1072 2730 1101 2768 a
1134 2713 1364 2767 Tatiano
1394 2712 1690 2780 conscripti
1714 2722 1917 2779 partem
1943 2712 2011 2764 ab
2040 2710 2272 2765 Eu.ebio
2298 2711 2616 2765 Caesariensi
2652 2712 2704 2762 in
2734 2711 2930 2763 librum
2955 2710 3053 2778 qui
3083 2707 3401 2775 Evangelica

177 2805 502 2874 prwparatio
529 2808 823 2876 inscriptus
847 2819 950 2870 est,
978 2808 1296 2862 translatam
1332 2821 1472 2861 esse.
1500 2805 1666 2858 Cuius
1706 2805 1759 2857 in
1800 2806 2016 2874 scriptis
2043 2806 2106 2857 ad
2139 2805 2354 2858 codices
2380 2803 2726 2858 emendandis
2757 2819 2922 2872 quum
2952 2804 3043 2855 diu
3070 2803 3405 2868 multumque

181 2915 485 2966 vera-mur,
513 2903 730 2956 codices
758 2899 1002 2956 Tatianei
1038 2903 1159 2955 libri
1203 2913 1260 2955 ut
1293 2903 1682 2970 inspiceremus
1715 2899 2022 2954 faciundum
2057 2900 2213 2954 nobis
2253 2900 2580 2969 putavimus.
2611 2898 2716 2978 sed
2747 2898 3082 2967 quantopere
3105 2895 3406 2962 obstupue-

181 2997 360 3051 rimus
387 2995 550 3068 quum
581 3015 741 3067 quam
775 3001 1229 3069 negligentissime
1283 3001 1337 3052 in
1385 2999 1504 3052 istis
1534 2998 1693 3051 c'odd.
1725 2998 2067 3052 conferendis
2089 2981 2376 3052 versatum
2398 3013 2519 3051 esse
2570 2996 3015 3055 intellexerimus,
3046 2993 3135 3047 vix
3165 2992 3269 3046 dici
3294 3005 3395 3059 po-

175 3095 312 3143 test.
341 3090 514 3156 Quum
539 3099 592 3146 et
623 3092 676 3142 in
705 3091 1038 3160 reliquorum
1065 3091 1486 3160 Apologetarum
1518 3091 1609 3160 qui
1640 3091 1896 3143 dicuntur
1925 3089 2076 3143 libris
2102 3090 2343 3157 legendis
2374 3091 2501 3143 olim
2533 3091 2759 3143 multum
2799 3087 3059 3157 temporis
3090 3088 3400 3153 insumpse.‘

181 3182 382 3245 rimus,
413 3184 611 3252 cupido
640 3185 884 3251 quaadam
915 3193 968 3236 et
999 3199 1096 3238 eos
1139 3185 1356 3239 codices
1387 3185 1480 3253 qui
1512 3185 1632 3239 illos
1683 3161 2019 3237 continerent
2064 3183 2384 3252 inspiciendi
2419 3197 2518 3237 nos
2567 3183 2800 3252 impulit.
2841 3182 3040 3235 Eadem
3072 3179 3397 3251 negligentia

180 3275 239 3328 in
265 3274 338 3330 iis
360 3275 707 3328 conferendis
738 3289 954 3343 quoque
977 3283 1254 3329 versatum
1282 3292 1404 3330 esse
1435 3291 1558 3329 mox
1589 3276 1743 3328 facile
1777 3276 2170 3343 perspeximus.
2216 3275 2327 3327 llac
2359 3290 2519 3328 causa
2559 3275 2816 3328 commoti
2847 3274 3178 3328 contulimus
3207 3274 3387 3326 denuo

177 3382 372 3422 omnes
403 3372 494 3436 qui
522 3370 577 3424 in
625 3368 787 3438 Regia
827 3371 1154 3424 bibliotheca
1184 3370 1480 3426 Parisiensi
1522 3372 1878 3424 adscrvantur
1911 3370 2149 3434 codices,
2175 3385 2288 3424 non
2320 3372 2376 3423 in
2423 3387 2544 3424 eum
2585 3371 2744 3425 finem
2785 3377 2844 3424 ut
2874 3385 3070 3423 novam
3103 3369 3399 3423 adornare—

179 3473 311 3517 mus
331 3458 645 3521 editionem,
679 3463 773 3514 sed
798 3473 876 3524 ut,
910 3466 1202 3516 occasione
1229 3467 1376 3524 data.
1413 3463 1540 3526 Quid
1571 3463 1628 3516 in
1661 3463 1759 3529 hac
1786 3478 1846 3516 re
1883 3460 2059 3515 adhuc
2089 3462 2398 3524 faciundum
2428 3463 2500 3514 sit
2527 3462 2959 3516 ostenderemus.
2997 3459 3102 3515 Sed
3136 3461 3261 3516 licet
3290 3461 3395 3514 hoc

175 3561 392 3611 tantum
415 3556 646 3611 cunsilio
676 3557 731 3610 in
767 3556 1117 3612 conferendis
1143 3557 1252 3612 illis
1272 3558 1553 3612 codicibus
1579 3560 1778 3612 versati
1823 3563 2016 3621 simus,
2051 3565 2291 3614 attamen
2321 3565 2376 3611 et
2407 3558 2488 3611 sic
2518 3573 2625 3610 non
2661 3558 2830 3610 multa
2861 3572 2960 3610 nos
2985 3555 3244 3625 effugisse
3270 3557 3391 3624 qui-

176 3648 268 3701 vis
295 3649 488 3702 barum
521 3664 698 3703 rerum
727 3653 954 3720 peritus,
986 3649 1331 3718 perlustratis
1357 3650 1426 3703 iis‘
1451 3665 1571 3717 qua:
1599 3649 1653 3701 in
1681 3649 1915 3704 medium
1946 3652 2270 3719 protulimus
2297 3649 2454 3704 facile
2479 3636 2786 3718 perspiciet.
2822 3640 2877 3701 In
2901 3651 3048 3717 ipsas
3077 3649 3278 3700 Marani
3303 3664 3400 3701 no-

175 3747 267 3793 tas
293 3752 461 3808 pauca
496 3748 704 3793 tantum
738 3741 937 3795 addere
965 3745 1021 3795 in
1061 3743 1236 3810 iisque
1272 3741 1560 3810 corrigera
1574 3742 1865 3810 potuimus.
1892 3740 1958 3792 Et
1999 3742 2113 3796 haec
2145 3757 2311 3818 pauca
2336 3756 2455 3810 quae
2487 3742 2542 3795 in
2577 3743 2720 3795 notis
2755 3741 2823 3795 ad
2852 3742 2988 3794 duas
3023 3740 3218 3794 lustini
3250 3739 3388 3805 Apo-

179 3832 351 3902 logia:
374 3840 428 3886 et
455 3833 733 3896 Dialogum
764 3852 884 3887 cum
913 3835 1206 3903 Tryphon,
1245 3837 1298 3888 in
1323 3835 1694 3890 Calcat-talione
1717 3834 1786 3888 ad
1819 3835 2028 3890 Crwcos
2057 3845 2110 3889 et
2144 3838 2337 3890 librum
2371 3836 2448 3890 De
2478 3837 2804 3899 monarclu'a,
2834 3837 2889 3889 in
2937 3835 3173 3898 Tatiani,
3213 3833 3382 3888 Athe-

174 3939 416 3993 nagorae,
445 3925 724 3995 Theophili
755 3936 810 3982 et
846 3924 1074 3982 Hermia:
1107 3929 1276 3982 libros
1335 3919 1674 3996 potissimum
1732 3930 2068 3984 correximus
2109 3939 2202 3982 aut
2250 3931 2303 3982 in
2354 3924 2466 3983 eas‘
2493 3928 2824 3992 addidimus,
2873 3942 3030 3981 nemo
3089 3943 3198 3980 non
3240 3924 3400 3978 facile

173 4017 487 4086 perspiciet.
541 4017 617 4071 Ne
650 4019 778 4086 quid
799 4019 927 4074 huic
951 4020 1175 4074 editioni
1200 4005 1432 4084 deesset,
1465 4028 1519 4073 et
1552 4036 1670 4089 quae
1705 4023 1758 4073 in
1787 4021 2021 4074 editione
2050 4022 2307 4074 librorum
2337 4037 2366 4074 a
2406 4021 2613 4085 Iustino
2639 4030 2692 4076 et
2721 4019 2950 4075 Tatiano
2969 4020 3400 4088 conscriptorum

172 4125 205 4162 a
227 4112 298 4161 cl.
329 4110 526 4164 Ottone
556 4113 610 4166 in
643 4112 816 4180 lucem
847 4113 1045 4168 emissa
1079 4114 1218 4168 bona
1250 4115 1464 4168 inerant
1491 4114 1590 4184 (1),
1623 4125 1676 4170 et
1703 4130 1822 4184 quae
1857 4116 1956 4184 ipsi
1983 4116 2113 4170 olim
2174 4117 2230 4170 in
2279 4116 2625 4171 diiudicanda
2672 4117 2775 4170 ista
2807 4115 3044 4184 editione
3087 4114 3392 4178 attulimus,

173 4199 265 4254 hic
294 4203 586 4270 repetenda
612 4203 891 4260 duximus.

246 4310 570 4384 Fragmenta
603 4316 790 4372 lustini
821 4329 876 4374 et
893 4319 1128 4382 Tatiani.
1168 4339 1289 4390 qua:
1320 4323 1524 4378 Maraui
1571 4324 1795 4378 deerant
1815 4324 2062 4387 editioni,
2101 4325 2188 4379 hic
2211 4325 2547 4392 addidimus;
2581 4326 2787 4382 scholia
2817 4327 3005 4382 Graeca
3032 4327 3085 4379 in
3112 4325 3387 4379 Iustinum

171 4404 468 4458 maximam
505 4416 709 4476 partem
744 4411 970 4500 inedita,
996 4416 1052 4466 in
1083 4413 1373 4468 Tatianum
1397 4415 1754 4480 emendatius,
1791 4417 1848 4470 in
1877 4416 2274 4486 Athenagoram
2310 4434 2452 4472 nunc
2482 4420 2719 4487 primum
2750 4419 2961 4474 edenda
2986 4420 3322 4474 curavimus.

245 4514 370 4572 Otto
400 4519 515 4586 ipse
543 4519 801 4572 nonnulla
834 4522 1206 4590 superioribus
1242 4525 1625 4592 interpretibus
1668 4526 1874 4582 rectius
1907 4527 2198 4595 explicuit;
2237 4529 2367 4580 vitia
2395 4507 2483 4582 fab
2512 4528 2579 4582 iis
2605 4531 2658 4581 in
2691 4529 2982 4585 afferendis
3003 4530 3164 4584 codd.
3201 4531 3394 4584 lectio-

169 4608 340 4665 nibus
371 4610 458 4664 hic
487 4612 598 4666 illic
622 4615 914 4670 commissa
968 4613 1032 4671 C.
1065 4617 1124 4670 Β.
1155 4617 1295 4672 llase
1335 4620 1740 4690 Operaadintus
1771 4624 2027 4688 correxit,
2061 4623 2264 4692 aliquot
2289 4625 2437 4677 locos
2469 4633 2757 4695 corruptos
2788 4625 3022 4680 feliciter
3050 4626 3390 4692 emendavit;

169 4704 269 4758 sed
293 4705 490 4774 lingua:
519 4703 717 4760 Graeca
746 4715 830 4760 sat
860 4699 1148 4776 imperitus
1177 4711 1357 4777 plures
1406 4713 1684 4780 corrupit;
1749 4713 1863 4778 alii,
1909 4729 2018 4783 quo
2071 4715 2230 4770 modo
2287 4716 2611 4769 emendandi
2648 4724 2702 4770 et
2734 4715 3042 4786 explicandi
3089 4725 3298 4785 essent,
3333 4724 3395 4772 ut

162 4798 378 4859 ,videret
407 4801 508 4871 ipsi
537 4817 645 4854 non
678 4803 926 4874 contigit.
952 4802 1126 4869 Quem
1165 4821 1194 4858 a
1225 4807 1381 4860 nobis
1425 4807 1581 4875 juste-
1601 4817 1653 4861 et
1703 4791 1896 4864 leniter
1925 4812 2285 4879 vituperatum
2317 4813 2408 4880 qui
2441 4811 2728 4866 defendere
2777 4812 3124 4878 studuerunt,
3172 4825 3392 4882 operam

164 4901 224 4945 et
252 4893 430 4946 oleum
458 4895 808 4963 perdiderunt
846 4915 860 4950 :
894 4904 948 4951 et
995 4899 1233 4967 ipsorum
1271 4901 1575 4969 ignorantia
1618 4918 1825 4970 earum,
1856 4904 1923 4958 de
1965 4906 2164 4974 quibus
2197 4907 2477 4974 agebatur,
2525 4922 2705 4962 rerum
2754 4906 2958 4961 factum
3007 4915 3093 4962 est
3117 4904 3180 4962 ut
3231 4922 3390 4976 quam

166 4985 375 5039 iustum
401 4995 454 5040 et
476 5004 659 5042 verum
685 4988 849 5043 fuerit
871 4991 1132 5045 iudicium
1160 5001 1430 5055 nostrum,
1457 4995 1575 5048 lucc
1603 4997 1807 5051 clarius
1845 5006 2330 5052 commonstratum
2360 5000 2452 5054 sit.

239 5099 285 5162 Α
314 5100 471 5154 nobis
496 5099 629 5155 nihil
659 5102 922 5166 omissum
962 5115 1269 5159 erratumve
1297 5122 1420 5161 esse
1449 5124 1554 5161 non
1588 5108 2065 5177 aﬂirmaverimus;
2099 5112 2294 5165 etenim
2344 5113 2593 5171 homines
2625 5129 2814 5169 sumus
2844 5121 2896 5168 et
2927 5115 3149 5168 humani
3196 5116 3328 5170 nihil
3364 5132 3390 5168 a

164 5191 329 5245 nobis
361 5191 594 5246 alienum
627 5201 900 5261 putamus.
937 5193 1042 5248 Sed
1073 5196 1429 5262 omissionum
1465 5194 1847 5253 'crratorumve
1866 5208 2177 5258 nostrorum
2214 5217 2323 5271 quo
2347 5201 2557 5257 facilius
2586 5204 2796 5257 veniam
2828 5219 2859 5256 a
2885 5204 3180 5259 lectoribus
3212 5207 3380 5274 impc-

164 5295 400 5348 tremns,
433 5301 528 5342 eos
559 5298 776 5357 rogatos
802 5290 1034 5344 velimus
1060 5297 1118 5342 ut
1141 5305 1332 5345 secum
1367 5299 1641 5359 reputent,
1674 5299 1819 5345 nunc
1845 5291 2060 5345 demum
2093 5305 2277 5347 nostra
2297 5310 2460 5364 opera
2493 5294 2693 5348 factum
2712 5311 2834 5350 esse
2859 5303 2918 5349 ut
2951 5296 3083 5366 quid
3117 5313 3302 5351 revera
3332 5300 3387 5352 in

241 5423 314 5493 (1)
337 5420 447 5476 Nos
469 5424 558 5505 _us_i
605 5439 796 5505 sumus
817 5426 1080 5505 _secunda
1117 5426 1364 5505 editione
1409 5427 1722 5505 Ottoniana3
1828 5430 2149 5505 simpliciter
2172 5433 2508 5505 hzechlitteris
2525 5433 2628 5505 1.].
2647 5433 3023 5505 indicavimus.
3045 5435 3390 5494 Variantibus

169 5493 237 5546 de
265 5502 488 5571 una,_ut
516 5495 586 5571 de
631 5495 769 5548 libro
800 5494 1030 5571 _v'l'atian_i
1080 5497 1149 5571 ab
1176 5497 1378 5571 eodem
1419 5499 1566 5571 edito
1595 5498 1724 5571 quid
1832 5493 2158 5571 lectionibus
2192 5503 2436 5556 codicum
2473 5501 2526 5555 in
2553 5501 2775 5558 Ottonis
2807 5521 2962 5571 usum
2999 5522 3143 5560 nunc
3175 5493 3387 5561 demum

171 5564 514 5642 sentiendum
546 5563 1326 5642 sitﬂpaucisexplicuimusin
1347 5567 1541 5642 Annal.
1566 5563 1724 5642 (licet.
1834 5567 2151 5642 collaturum
2191 5588 2312 5625 raro
2349 5574 2434 5624 usi
2461 5588 2649 5627 sumus
2670 5614 2684 5636 ,
2715 5568 2884 5642 quum
2930 5575 2983 5627 in
3019 5577 3086 5629 iis
3117 5577 3248 5630 nihil
3278 5577 3386 5632 fere

178 5631 494 5713 γὶικιοιωηἒξ
528 5642 568 5685 t.
601 5631 691 5695 Vl,
731 5631 977 5713 fascicul.
1013 5651 1096 5697 ιη,
1140 5650 1195 5705 p.
1225 5636 1497 5713 “$469;
1525 5639 1576 5689 in
1609 5639 1728 5704 qui-
1834 5641 1978 5713 quod
2021 5657 2128 5693 non
2157 5643 2210 5695 in
2254 5643 2536 5698 codicibus
2566 5631 2781 5713 quoque
2811 5659 2842 5698 a
2870 5647 3029 5700 nobis
3057 5647 3269 5702 collatis
3303 5631 3387 5703 in?

169 5701 270 5759 bus
300 5719 422 5774 qua
444 5703 587 5756 dicta
619 5713 757 5762 sunt,
782 5705 884 5758 hoe
913 5706 1033 5759 loco
1069 5701 1356 5775 repetenda
1374 5709 1534 5762 nobis
1557 5701 1727 5771 erant,
1835 5701 2101 5764 veniatur.

480 5799 750 5861 Ρηειοι.
796 5801 916 5860 Gn.
974 5801 1081 5862 νι.
3029 5809 3104 5870 ὅῖι
