4142 6416
730 336 859 386 mn
1920 328 2204 385 JOANNIS
2243 327 2520 383 HENRICI
2558 327 2785 384 NOLTE
3851 328 3987 382 1703

729 449 1004 504 codicibus
1038 449 1167 502 insit
1193 457 1344 504 cerio
1361 454 1590 503 constet.
1623 447 1790 501 Porro
1823 449 2214 518 cogitentquot
2239 447 2346 501 loci
2377 462 2404 499 a
2443 445 2602 501 nobis
2629 447 2848 502 demum
2880 446 3168 501 'emendati
3190 453 3243 502 et
3270 454 3418 502 recte
3446 446 3706 516 explicati
3737 447 3852 502 sint
3879 444 3983 516 (Ξ),

727 551 774 595 et
803 556 895 594 eos
926 542 1018 610 qui
1046 541 1221 610 adhuc
1254 539 1638 595 emendatione
1667 549 1845 610 egent,
1875 539 2134 594 adhibitis
2168 539 2510 593 variantibus
2540 538 2701 601 codd,
2736 537 3073 594 lectionibus
3104 553 3133 591 a
3154 539 3314 594 nobis
3345 540 3549 603 allatis,
3580 539 3800 595 facilius
3818 556 3987 612 quam

725 635 1006 701 hucusque
1036 631 1314 688 emendari
1350 646 1533 703 posse.
1565 629 1839 686 Praeterea
1867 632 2043 686 sciant
2077 631 2238 686 nobis
2274 646 2421 684 nunc
2450 636 2667 699 tempus
2694 628 2936 686 defuisse
2957 645 2993 683 a
3019 631 3199 699 capite
3230 629 3296 684 ad
3323 632 3551 697 calcem,
3580 639 3640 686 ut
3675 632 3858 694 aiunt.
3887 634 3989 691 hos

722 726 1019 793 scriptorcs
1053 723 1388 793 perlegendi,
1423 731 1482 776 ut
1507 723 1554 778 si
1581 721 1711 793 quid
1744 722 1883 775 forte
1914 722 2156 776 nondum
2200 722 2549 777 emendatum
2579 729 2838 791 recteque
2888 722 3218 793 esplicatum
3249 731 3344 777 aut
3366 732 3685 793 corruptum
3715 739 3843 778 esse
3878 742 3990 784 non

720 819 1066 881 perspectum
1097 819 1201 872 est,
1244 810 1687 873 emendaremus,
1731 817 1882 865 recte
1917 810 2343 878 explicaremus.
2391 809 2776 879 corruptiones
2823 825 2896 865 no
2915 811 3082 866 ndum
3125 811 3536 867 animadversas
3574 811 3985 883 detegeremus.

721 907 967 977 Denique
1014 904 1454 962 obliviscendum
1483 920 1598 963 non
1640 913 1723 960 est
1751 921 1853 961 nos
1886 905 1944 959 in
1975 920 2168 975 campo
2198 920 2228 958 a
2255 913 2336 960 tot
2367 905 2500 959 viris
2525 905 2702 962 doctis
2738 909 2851 977 jam
2897 909 3048 962 culto
3077 908 3488 974 allaboravisse,
3522 922 3575 965 et
3619 919 3797 966 totum
3834 912 3990 965 hunc

715 1000 1033 1070 apparatum
1055 999 1307 1052 criticum
1339 999 1480 1052 intra
1509 1012 1808 1069 paucarum
1835 998 2236 1052 hebdomadum
2263 997 2500 1066 spatium
2518 1012 2547 1053 e
2571 999 2848 1054 variarum
2876 999 3173 1054 editionum
3207 1001 3566 1070 marginibus,
3585 1003 3643 1057 in
3659 1003 3865 1074 quibus
3889 1018 3988 1057 va-

713 1093 923 1146 riantes
953 1091 1204 1146 codicum
1236 1091 1500 1146 lectiones
1524 1092 1654 1146 olim
1687 1090 2171 1156 aduotaveramus,
2203 1091 2496 1146 collectum
2535 1099 2588 1148 et
2618 1091 2676 1146 in
2715 1092 2964 1147 ordinem
2995 1092 3264 1164 digestum
3287 1107 3430 1149 esse.

785 1206 1059 1261 Praefandi
1095 1205 1253 1260 finem
1298 1208 1406 1261 iam
1441 1206 1639 1262 facturi
1687 1221 1944 1277 rogamus
1983 1213 2206 1261 nostros
2245 1207 2479 1264 lectores
2515 1215 2573 1262 ut
2621 1219 2817 1262 novam
2862 1205 3130 1261 librorum
3169 1221 3198 1260 a
3230 1203 3333 1262 SS.
3380 1205 3584 1263 Basilio
3613 1217 3666 1262 et
3709 1206 3984 1278 Gregorio

712 1299 1058 1356 Nazianzeno
1093 1302 1535 1373 conscriptorum
1561 1300 1860 1358 editionem
1907 1303 2096 1358 multis
2131 1303 2308 1359 modis
2343 1313 2564 1360 auctam
2598 1319 2721 1360 mox
2758 1319 2786 1356 a
2816 1303 2978 1360 nobis
3015 1303 3073 1359 in
3105 1303 3282 1360 lucem
3315 1303 3670 1360 emittendam
3709 1304 3986 1360 benevolo

709 1393 1012 1463 excipiant.

780 1531 1004 1588 Parisiis
1053 1549 1102 1588 a.
1139 1534 1194 1590 d.
1228 1534 1294 1589 ΙΙΙ
1316 1534 1435 1591 Kal.
1472 1537 1693 1593 sextiles
1717 1536 2080 1593 MDCCCLVI.

1145 1809 1443 1878 Explicalio
1480 1813 1760 1878 scriptura
1793 1816 2216 1882 compendiorum
2250 1819 2435 1887 quibus
2469 1821 2521 1872 in
2563 1821 2939 1876 conmentario
2974 1821 3156 1878 critico
3194 1823 3278 1873 usi
3310 1837 3512 1875 sumus.

773 2061 858 2123 Af.
896 2069 987 2115 aut
1017 2062 1110 2128 Af,
1145 2063 1177 2114 i.
1200 2077 1252 2116 'e.
1286 2063 1408 2116 cod.
1442 2062 1482 2114 Α
1517 2077 1547 2115 a
1583 2065 1754 2133 prima
1785 2080 1948 2121 manu
1974 2068 2222 2126 fortasse.

772 2154 918 2217 Aal.,
952 2153 988 2207 i.
1013 2168 1062 2208 e.
1099 2153 1222 2207 cod.
1264 2154 1307 2206 A
1336 2155 1405 2208 ab
1437 2155 1541 2208 alia
1577 2169 1764 2210 manu.

771 2250 873 2313 Me,
908 2252 946 2304 ξ.
978 2265 1027 2303 e.
1070 2265 1256 2320 margo
1286 2250 1541 2304 exterior.

767 2341 864 2404 Mi,
901 2341 937 2393 i.
964 2355 1013 2394 e.
1054 2355 1240 2410 margo
1270 2339 1516 2394 interior.

771 2434 894 2490 Fin.
936 2451 1093 2499 vers.,
1127 2436 1165 2489 i.
1189 2451 1239 2488 e.
1277 2434 1400 2491 linis
1439 2449 1655 2490 versus.

764 2531 934 2592 Sorae,
966 2529 1002 2581 i.
1035 2542 1086 2582 e.
1124 2528 1427 2599 scripture.

764 2625 914 2690 Em.,
956 2626 994 2679 i.
1024 2640 1074 2680 e.
1105 2624 1413 2679 emendavit
1447 2633 1538 2678 aut
1573 2624 1922 2680 emendatum
1954 2631 2059 2679 est.

761 2719 904 2785 Scr.,
937 2717 974 2771 i.
1000 2733 1048 2772 e.
1085 2716 1341 2787 scripsit;
1379 2733 1563 2781 scrm.,
1598 2718 1633 2771 i.
1663 2732 1712 2772 e.
1747 2718 2031 2787 scriptum.

761 2812 880 2880 Sp.,
923 2819 1018 2866 aut
1045 2826 1210 2881 super
1244 2818 1336 2864 aut
1363 2809 1777 2880 superscripsit.

762 2907 990 2970 Inscrio,
1020 2907 1055 2962 i.
1082 2921 1131 2960 e.
1170 2905 1479 2975 inscriptio.

759 3000 879 3064 Lr.,
917 2999 1050 3061 (ras,
1089 2997 1213 3060 (rm,
1246 2995 1284 3049 i.
1309 3011 1359 3050 e.
1387 2995 1602 3060 littera,
1633 2995 1870 3058 litteras,
1904 2995 2233 3049 litterarum.

766 3092 864 3163 Sp.
899 3107 1034 3155 rac.,
1070 3090 1106 3143 i.
1133 3106 1183 3144 e.
1226 3091 1463 3159 spatium
1500 3104 1758 3144 vacuum.

759 3205 879 3260 Aiia
912 3203 1197 3274 scripturae
1226 3201 1548 3274 compendia
1584 3205 1756 3260 lector
1795 3205 1914 3274 ipse
1949 3200 2113 3257 facile
2149 3197 2423 3270 expediet.

758 3477 832 3542 :2)
861 3475 1117 3531 Lectores
1153 3485 1357 3540 sciant,
1391 3491 1494 3531 nos
1540 3475 1742 3544 saepius
1787 3475 2266 3546 etiam__variantes
2376 3486 2455 3526 se.
2487 3468 2677 3546 Sciant
2713 3474 2879 3546 etiam
2918 3468 3155 3546 lectores
3190 3485 3348 3546 notas
3353 3489 3434 3546 im
3466 3470 3677 3546 Martini
3703 3475 3918 3531 animad

685 3537 944 3618 lectiones
990 3560 1179 3600 eorum
1229 3537 1496 3618 locorum,
1545 3537 1686 3618 quas
1735 3555 1880 3599 recte
1927 3542 2202 3618 Maranus
2235 3558 2267 3598 e
2373 3543 2654 3618 versiones
2683 3540 2916 3605 additas,
2947 3555 3070 3618 qua
3117 3541 3312 3599 litteris
3348 3537 3758 3617 Emvinsignita
3792 3559 3950 3618 sunt,

684 3617 843 3676 codd.
877 3625 1209 3686 enotaverat,
1242 3617 1296 3674 in
1332 3610 1726 3674 commentario
1757 3626 1947 3672 nostro
1978 3614 2266 3684 ascripsis—
2375 3627 2402 3668 a
2437 3613 2592 3669 nobis
2616 3627 2723 3668 nou
2746 3625 2867 3669 esse
2897 3610 3189 3684 profectas.
