  <div class='ocr_page' id='page_1' title='image "/cluster/home/n/w/nwhite01/storage/ocr_20150623/6/pst.000005711826/888.png"; bbox 0 0 4142 6410; ppageno 0'>
   <div class='ocr_carea' id='block_1_1' title="bbox 221 464 3418 511">
    <p class='ocr_par' dir='ltr' id='par_1_1' title="bbox 221 464 3418 511">
     <span class='ocr_line' id='line_1_1' title="bbox 221 464 3418 511; baseline -0.003 -2"><span class='ocrx_word' id='word_1_1' title='bbox 221 464 3418 511; x_wconf 51' lang='lat' dir='ltr'><strong>W112:</strong></span> 
     </span>
    </p>
   </div>
   <div class='ocr_carea' id='block_1_2' title="bbox 667 783 2303 908">
    <p class='ocr_par' dir='ltr' id='par_1_2' title="bbox 667 787 2303 908">
     <span class='ocr_line' id='line_1_2' title="bbox 667 787 2303 908; baseline -0.007 0"><span class='ocrx_word' id='word_1_2' title='bbox 667 794 774 908; x_wconf 77' lang='lat' dir='ltr'><strong>J&#39;</strong></span> <span class='ocrx_word' id='word_1_3' title='bbox 782 791 1296 907; x_wconf 70' lang='lat' dir='ltr'><strong>OANN</strong></span> <span class='ocrx_word' id='word_1_4' title='bbox 1297 791 1461 904; x_wconf 82' lang='lat' dir='ltr'><strong>IS</strong></span> <span class='ocrx_word' id='word_1_5' title='bbox 1536 787 2303 903; x_wconf 74' lang='lat' dir='ltr'><strong>EENBICI</strong></span> 
     </span>
    </p>
   </div>
   <div class='ocr_carea' id='block_1_3' title="bbox 1354 783 2990 908">
    <p class='ocr_par' dir='ltr' id='par_1_3' title="bbox 1354 783 2990 904">
     <span class='ocr_line' id='line_1_3' title="bbox 1354 783 2990 904; baseline -0.006 0"><span class='ocrx_word' id='word_1_6' title='bbox 1354 791 1461 904; x_wconf 70' lang='lat' dir='ltr'><strong>IS</strong></span> <span class='ocrx_word' id='word_1_7' title='bbox 1536 787 2305 903; x_wconf 74' lang='lat' dir='ltr'><strong>EENBICI</strong></span> <span class='ocrx_word' id='word_1_8' title='bbox 2395 783 2990 898; x_wconf 75' lang='lat' dir='ltr'><strong>NOLTE</strong></span> 
     </span>
    </p>
   </div>
   <div class='ocr_carea' id='block_1_4' title="bbox 1139 1113 2491 1186">
    <p class='ocr_par' dir='ltr' id='par_1_4' title="bbox 1139 1113 2491 1186">
     <span class='ocr_line' id='line_1_4' title="bbox 1139 1113 2491 1186; baseline -0.012 0"><span class='ocrx_word' id='word_1_9' title='bbox 1139 1120 1670 1186; x_wconf 65' lang='lat' dir='ltr'><strong>CONJECTURJE</strong></span> <span class='ocrx_word' id='word_1_10' title='bbox 1717 1123 1815 1179; x_wconf 89' lang='lat' dir='ltr'><strong>ET</strong></span> <span class='ocrx_word' id='word_1_11' title='bbox 1869 1120 1979 1178; x_wconf 78' lang='grc' dir='ltr'>ΕΜ</span> <span class='ocrx_word' id='word_1_12' title='bbox 1993 1113 2491 1177; x_wconf 80' lang='lat' dir='ltr'><strong>ENDATIONES</strong></span> 
     </span>
    </p>
   </div>
   <div class='ocr_carea' id='block_1_5' title="bbox 210 1350 1846 1418">
    <p class='ocr_par' dir='ltr' id='par_1_5' title="bbox 210 1365 1846 1418">
     <span class='ocr_line' id='line_1_5' title="bbox 210 1365 1846 1418; baseline -0.009 0"><span class='ocrx_word' id='word_1_13' title='bbox 210 1377 276 1418; x_wconf 73' lang='lat' dir='ltr'><strong>IN</strong></span> <span class='ocrx_word' id='word_1_14' title='bbox 311 1375 520 1418; x_wconf 71' lang='grc' dir='ltr'><strong>οιίκεε</strong></span> <span class='ocrx_word' id='word_1_15' title='bbox 553 1373 742 1415; x_wconf 82' lang='lat' dir='ltr'><strong>IIUIUS</strong></span> <span class='ocrx_word' id='word_1_16' title='bbox 785 1371 1130 1416; x_wconf 70' lang='lat' dir='ltr'><strong>VOLUIINIS</strong></span> <span class='ocrx_word' id='word_1_17' title='bbox 1157 1369 1571 1417; x_wconf 76' lang='lat' dir='ltr'><strong>SCRIPTOBES,</strong></span> <span class='ocrx_word' id='word_1_18' title='bbox 1632 1366 1710 1406; x_wconf 76' lang='grc' dir='ltr'><strong>ΕΤ</strong></span> <span class='ocrx_word' id='word_1_19' title='bbox 1757 1365 1846 1406; x_wconf 73' lang='lat' dir='ltr'><strong>VM</strong></span> 
     </span>
    </p>
   </div>
   <div class='ocr_carea' id='block_1_6' title="bbox 1787 1350 3423 1418">
    <p class='ocr_par' dir='ltr' id='par_1_6' title="bbox 1787 1350 3423 1415">
     <span class='ocr_line' id='line_1_6' title="bbox 1787 1350 3423 1415; baseline -0.006 -11"><span class='ocrx_word' id='word_1_20' title='bbox 1787 1363 2104 1415; x_wconf 71' lang='lat' dir='ltr'><strong>&#39;ABIANTES</strong></span> <span class='ocrx_word' id='word_1_21' title='bbox 2163 1358 2441 1403; x_wconf 74' lang='lat' dir='ltr'><strong>CODICUM</strong></span> <span class='ocrx_word' id='word_1_22' title='bbox 2475 1357 2554 1396; x_wconf 81' lang='grc' dir='ltr'><strong>ΔΒ</strong></span> <span class='ocrx_word' id='word_1_23' title='bbox 2584 1355 2726 1397; x_wconf 81' lang='lat' dir='ltr'><strong>IPSO</strong></span> <span class='ocrx_word' id='word_1_24' title='bbox 2758 1353 2968 1394; x_wconf 70' lang='lat' dir='ltr'><strong>DINUO</strong></span> <span class='ocrx_word' id='word_1_25' title='bbox 3006 1350 3423 1395; x_wconf 63' lang='lat' dir='ltr'><strong>COLLATOBUH</strong></span> 
     </span>
    </p>
   </div>
   <div class='ocr_carea' id='block_1_7' title="bbox 693 1432 2329 1503">
    <p class='ocr_par' dir='ltr' id='par_1_7' title="bbox 693 1439 2329 1503">
     <span class='ocr_line' id='line_1_7' title="bbox 693 1439 2329 1503; baseline -0.009 -11"><span class='ocrx_word' id='word_1_26' title='bbox 693 1445 1073 1503; x_wconf 71' lang='grc' dir='ltr'><strong>ιεοτιοιςεδ,</strong></span> <span class='ocrx_word' id='word_1_27' title='bbox 1127 1449 1235 1500; x_wconf 82' lang='lat' dir='ltr'><strong>QUI</strong></span> <span class='ocrx_word' id='word_1_28' title='bbox 1266 1450 1343 1489; x_wconf 76' lang='lat' dir='ltr'><strong>ET</strong></span> <span class='ocrx_word' id='word_1_29' title='bbox 1379 1445 1635 1490; x_wconf 71' lang='lat' dir='ltr'><strong>SCHOLIA</strong></span> <span class='ocrx_word' id='word_1_30' title='bbox 1667 1444 1732 1486; x_wconf 78' lang='lat' dir='ltr'><strong>IN</strong></span> <span class='ocrx_word' id='word_1_31' title='bbox 1777 1442 2077 1484; x_wconf 75' lang='lat' dir='ltr'><strong>IUSTINUM</strong></span> <span class='ocrx_word' id='word_1_32' title='bbox 2129 1439 2329 1481; x_wconf 73' lang='lat' dir='ltr'><strong>MAXIM</strong></span> 
     </span>
    </p>
   </div>
   <div class='ocr_carea' id='block_1_8' title="bbox 1401 1432 3037 1503">
    <p class='ocr_par' dir='ltr' id='par_1_8' title="bbox 1401 1432 3037 1489">
     <span class='ocr_line' id='line_1_8' title="bbox 1401 1432 3037 1489; baseline -0.011 -1"><span class='ocrx_word' id='word_1_33' title='bbox 1401 1445 1635 1489; x_wconf 63' lang='lat' dir='ltr'><strong>BCHOLIA</strong></span> <span class='ocrx_word' id='word_1_34' title='bbox 1667 1444 1732 1486; x_wconf 78' lang='lat' dir='ltr'><strong>IN</strong></span> <span class='ocrx_word' id='word_1_35' title='bbox 1777 1442 2077 1484; x_wconf 76' lang='lat' dir='ltr'><strong>IUSTINUM</strong></span> <span class='ocrx_word' id='word_1_36' title='bbox 2129 1438 2432 1481; x_wconf 73' lang='grc' dir='ltr'><strong>ΜΔΧῙΜΔΜ</strong></span> <span class='ocrx_word' id='word_1_37' title='bbox 2464 1434 2713 1476; x_wconf 75' lang='lat' dir='ltr'><strong>PARTEM</strong></span> <span class='ocrx_word' id='word_1_38' title='bbox 2743 1432 3000 1472; x_wconf 72' lang='lat' dir='ltr'><strong>INEDITA</strong></span> <span class='ocrx_word' id='word_1_39' title='bbox 3024 1460 3037 1483; x_wconf 82' lang='grc'>,</span> 
     </span>
    </p>
   </div>
   <div class='ocr_carea' id='block_1_9' title="bbox 530 1510 2166 1580">
    <p class='ocr_par' dir='ltr' id='par_1_9' title="bbox 530 1518 2166 1580">
     <span class='ocr_line' id='line_1_9' title="bbox 530 1518 2166 1580; baseline -0.009 -7"><span class='ocrx_word' id='word_1_40' title='bbox 530 1530 593 1573; x_wconf 80' lang='lat' dir='ltr'><strong>IN</strong></span> <span class='ocrx_word' id='word_1_41' title='bbox 621 1530 953 1573; x_wconf 61' lang='lat' dir='ltr'><strong>TATIANUH</strong></span> <span class='ocrx_word' id='word_1_42' title='bbox 979 1527 1408 1580; x_wconf 60' lang='lat' dir='ltr'><strong>EMENDATIUS,</strong></span> <span class='ocrx_word' id='word_1_43' title='bbox 1435 1525 1505 1566; x_wconf 67' lang='lat' dir='ltr'><strong>‘IN</strong></span> <span class='ocrx_word' id='word_1_44' title='bbox 1539 1521 2013 1568; x_wconf 70' lang='lat' dir='ltr'><strong>ATIIENAGORAM</strong></span> <span class='ocrx_word' id='word_1_45' title='bbox 2051 1518 2166 1560; x_wconf 66' lang='lat' dir='ltr'><strong>NUB‘</strong></span> 
     </span>
    </p>
   </div>
   <div class='ocr_carea' id='block_1_10' title="bbox 1470 1510 3106 1580">
    <p class='ocr_par' dir='ltr' id='par_1_10' title="bbox 1473 1510 3106 1568">
     <span class='ocr_line' id='line_1_10' title="bbox 1473 1510 3106 1568; baseline -0.01 -2"><span class='ocrx_word' id='word_1_46' title='bbox 1473 1526 1505 1566; x_wconf 68' lang='grc' dir='ltr'>Ν</span> <span class='ocrx_word' id='word_1_47' title='bbox 1539 1521 2013 1568; x_wconf 70' lang='lat' dir='ltr'><strong>ATIIENAGORAM</strong></span> <span class='ocrx_word' id='word_1_48' title='bbox 2051 1517 2216 1560; x_wconf 79' lang='lat' dir='ltr'><strong>NUNC</strong></span> <span class='ocrx_word' id='word_1_49' title='bbox 2254 1514 2500 1558; x_wconf 65' lang='lat' dir='ltr'><strong>PRIMUM</strong></span> <span class='ocrx_word' id='word_1_50' title='bbox 2534 1512 2784 1554; x_wconf 73' lang='lat' dir='ltr'><strong>EDENDA</strong></span> <span class='ocrx_word' id='word_1_51' title='bbox 2811 1510 3106 1552; x_wconf 75' lang='lat' dir='ltr'><strong>CUBAVIT.</strong></span> 
     </span>
    </p>
   </div>
   <div class='ocr_carea' id='block_1_11' title="bbox 1448 1781 2178 1875">
    <p class='ocr_par' dir='ltr' id='par_1_11' title="bbox 1448 1781 2178 1875">
     <span class='ocr_line' id='line_1_11' title="bbox 1448 1781 2178 1875; baseline -0.007 -3"><span class='ocrx_word' id='word_1_52' title='bbox 1448 1783 2019 1875; x_wconf 78' lang='lat' dir='ltr'><strong>LECTURIS</strong></span> <span class='ocrx_word' id='word_1_53' title='bbox 2088 1781 2178 1868; x_wconf 83' lang='lat' dir='ltr'><strong>S‘.</strong></span> 
     </span>
    </p>
   </div>
   <div class='ocr_carea' id='block_1_12' title="bbox 272 2228 3414 2305">
    <p class='ocr_par' dir='ltr' id='par_1_12' title="bbox 272 2228 3414 2305">
     <span class='ocr_line' id='line_1_12' title="bbox 272 2228 3414 2305; baseline -0.003 -15"><span class='ocrx_word' id='word_1_54' title='bbox 272 2231 621 2298; x_wconf 77' lang='lat' dir='ltr'><strong>Reverendus</strong></span> <span class='ocrx_word' id='word_1_55' title='bbox 647 2235 848 2291; x_wconf 68' lang='lat' dir='ltr'><strong>Cursus</strong></span> <span class='ocrx_word' id='word_1_56' title='bbox 884 2236 1200 2305; x_wconf 76' lang='lat' dir='ltr'><strong>Pa‘trologia:</strong></span> <span class='ocrx_word' id='word_1_57' title='bbox 1227 2235 1421 2298; x_wconf 77' lang='lat' dir='ltr'><strong>editor,</strong></span> <span class='ocrx_word' id='word_1_58' title='bbox 1467 2250 1655 2304; x_wconf 87' lang='lat' dir='ltr'><strong>quum,</strong></span> <span class='ocrx_word' id='word_1_59' title='bbox 1694 2235 1796 2288; x_wconf 92' lang='lat' dir='ltr'><strong>hoe</strong></span> <span class='ocrx_word' id='word_1_60' title='bbox 1841 2244 1991 2292; x_wconf 86' lang='lat' dir='ltr'><strong>sexto</strong></span> <span class='ocrx_word' id='word_1_61' title='bbox 2014 2236 2415 2302; x_wconf 75' lang='lat' dir='ltr'><strong>voluminejam</strong></span> <span class='ocrx_word' id='word_1_62' title='bbox 2443 2235 2728 2302; x_wconf 78' lang='lat' dir='ltr'><strong>impresso,</strong></span> <span class='ocrx_word' id='word_1_63' title='bbox 2767 2247 2798 2284; x_wconf 94' lang='lat' dir='ltr'><strong>a</strong></span> <span class='ocrx_word' id='word_1_64' title='bbox 2837 2231 3068 2301; x_wconf 88' lang='lat' dir='ltr'><strong>quodam</strong></span> <span class='ocrx_word' id='word_1_65' title='bbox 3092 2230 3211 2284; x_wconf 85' lang='lat' dir='ltr'><strong>viro</strong></span> <span class='ocrx_word' id='word_1_66' title='bbox 3234 2228 3414 2288; x_wconf 87' lang='lat' dir='ltr'><strong>docto.</strong></span> 
     </span>
    </p>
   </div>
   <div class='ocr_carea' id='block_1_13' title="bbox 203 2319 3413 2396">
    <p class='ocr_par' dir='ltr' id='par_1_13' title="bbox 203 2319 3413 2396">
     <span class='ocr_line' id='line_1_13' title="bbox 203 2319 3413 2396; baseline -0.003 -15"><span class='ocrx_word' id='word_1_67' title='bbox 203 2323 338 2381; x_wconf 56' lang='grc' dir='ltr'><strong>ΒΛ.</strong></span> <span class='ocrx_word' id='word_1_68' title='bbox 375 2327 711 2396; x_wconf 79' lang='lat' dir='ltr'><strong>presbytero,</strong></span> <span class='ocrx_word' id='word_1_69' title='bbox 757 2343 857 2381; x_wconf 92' lang='lat' dir='ltr'><strong>nos</strong></span> <span class='ocrx_word' id='word_1_70' title='bbox 912 2331 1142 2382; x_wconf 87' lang='lat' dir='ltr'><strong>fortasse</strong></span> <span class='ocrx_word' id='word_1_71' title='bbox 1164 2328 1318 2395; x_wconf 89' lang='lat' dir='ltr'><strong>plura</strong></span> <span class='ocrx_word' id='word_1_72' title='bbox 1343 2327 1445 2382; x_wconf 82' lang='lat' dir='ltr'><strong>ipsi</strong></span> <span class='ocrx_word' id='word_1_73' title='bbox 1479 2341 1638 2391; x_wconf 87' lang='lat' dir='ltr'><strong>posse</strong></span> <span class='ocrx_word' id='word_1_74' title='bbox 1682 2327 2061 2380; x_wconf 88' lang='lat' dir='ltr'><strong>administrare</strong></span> <span class='ocrx_word' id='word_1_75' title='bbox 2107 2326 2360 2396; x_wconf 87' lang='lat' dir='ltr'><strong>operibus</strong></span> <span class='ocrx_word' id='word_1_76' title='bbox 2380 2323 2477 2377; x_wconf 89' lang='lat' dir='ltr'><strong>SS.</strong></span> <span class='ocrx_word' id='word_1_77' title='bbox 2514 2321 2737 2376; x_wconf 87' lang='lat' dir='ltr'><strong>Patrum</strong></span> <span class='ocrx_word' id='word_1_78' title='bbox 2770 2321 3122 2376; x_wconf 83' lang='lat' dir='ltr'><strong>emendandis</strong></span> <span class='ocrx_word' id='word_1_79' title='bbox 3170 2330 3222 2374; x_wconf 91' lang='lat' dir='ltr'><strong>et</strong></span> <span class='ocrx_word' id='word_1_80' title='bbox 3265 2319 3413 2372; x_wconf 89' lang='lat' dir='ltr'><strong>illus—</strong></span> 
     </span>
    </p>
   </div>
   <div class='ocr_carea' id='block_1_14' title="bbox 202 2399 3418 2489">
    <p class='ocr_par' dir='ltr' id='par_1_14' title="bbox 202 2399 3418 2489">
     <span class='ocr_line' id='line_1_14' title="bbox 202 2399 3418 2489; baseline -0.004 -17"><span class='ocrx_word' id='word_1_81' title='bbox 202 2419 414 2474; x_wconf 88' lang='lat' dir='ltr'><strong>trandis</strong></span> <span class='ocrx_word' id='word_1_82' title='bbox 444 2421 752 2483; x_wconf 81' lang='lat' dir='ltr'><strong>utilissima,</strong></span> <span class='ocrx_word' id='word_1_83' title='bbox 791 2399 1108 2489; x_wconf 84' lang='lat' dir='ltr'><strong>accepisset,</strong></span> <span class='ocrx_word' id='word_1_84' title='bbox 1137 2420 1205 2471; x_wconf 87' lang='lat' dir='ltr'><strong>ad</strong></span> <span class='ocrx_word' id='word_1_85' title='bbox 1239 2434 1339 2472; x_wconf 90' lang='lat' dir='ltr'><strong>nos</strong></span> <span class='ocrx_word' id='word_1_86' title='bbox 1364 2417 1512 2472; x_wconf 92' lang='lat' dir='ltr'><strong>dedit</strong></span> <span class='ocrx_word' id='word_1_87' title='bbox 1541 2419 1767 2477; x_wconf 89' lang='lat' dir='ltr'><strong>litteras,</strong></span> <span class='ocrx_word' id='word_1_88' title='bbox 1802 2427 1857 2470; x_wconf 87' lang='lat' dir='ltr'><strong>ut</strong></span> <span class='ocrx_word' id='word_1_89' title='bbox 1884 2419 1930 2470; x_wconf 88' lang='lat' dir='ltr'><strong>si</strong></span> <span class='ocrx_word' id='word_1_90' title='bbox 1963 2417 2088 2485; x_wconf 90' lang='lat' dir='ltr'><strong>quid</strong></span> <span class='ocrx_word' id='word_1_91' title='bbox 2127 2417 2391 2471; x_wconf 92' lang='lat' dir='ltr'><strong>eiusmodi</strong></span> <span class='ocrx_word' id='word_1_92' title='bbox 2438 2417 2782 2475; x_wconf 84' lang='lat' dir='ltr'><strong>haberemus,</strong></span> <span class='ocrx_word' id='word_1_93' title='bbox 2815 2428 2937 2467; x_wconf 89' lang='lat' dir='ltr'><strong>cum</strong></span> <span class='ocrx_word' id='word_1_94' title='bbox 2971 2413 3089 2480; x_wconf 85' lang='lat' dir='ltr'><strong>ipso</strong></span> <span class='ocrx_word' id='word_1_95' title='bbox 3119 2411 3418 2464; x_wconf 69' lang='lat' dir='ltr'><strong>communi‘</strong></span> 
     </span>
    </p>
   </div>
   <div class='ocr_carea' id='block_1_15' title="bbox 199 2501 3419 2580">
    <p class='ocr_par' dir='ltr' id='par_1_15' title="bbox 199 2501 3419 2580">
     <span class='ocr_line' id='line_1_15' title="bbox 199 2501 3419 2580; baseline -0.004 -14"><span class='ocrx_word' id='word_1_96' title='bbox 199 2526 470 2566; x_wconf 80' lang='lat' dir='ltr'><strong>caremus.</strong></span> <span class='ocrx_word' id='word_1_97' title='bbox 509 2510 608 2564; x_wconf 88' lang='lat' dir='ltr'><strong>Cui</strong></span> <span class='ocrx_word' id='word_1_98' title='bbox 638 2513 835 2580; x_wconf 84' lang='lat' dir='ltr'><strong>petenti</strong></span> <span class='ocrx_word' id='word_1_99' title='bbox 869 2528 968 2564; x_wconf 90' lang='lat' dir='ltr'><strong>cur</strong></span> <span class='ocrx_word' id='word_1_100' title='bbox 995 2513 1184 2565; x_wconf 88' lang='lat' dir='ltr'><strong>deesse</strong></span> <span class='ocrx_word' id='word_1_101' title='bbox 1210 2511 1547 2563; x_wconf 86' lang='lat' dir='ltr'><strong>uoluerimus</strong></span> <span class='ocrx_word' id='word_1_102' title='bbox 1589 2516 1646 2561; x_wconf 88' lang='lat' dir='ltr'><strong>ut</strong></span> <span class='ocrx_word' id='word_1_103' title='bbox 1678 2508 1910 2562; x_wconf 89' lang='lat' dir='ltr'><strong>fortasse</strong></span> <span class='ocrx_word' id='word_1_104' title='bbox 1938 2523 2046 2562; x_wconf 89' lang='lat' dir='ltr'><strong>non</strong></span> <span class='ocrx_word' id='word_1_105' title='bbox 2073 2509 2175 2561; x_wconf 89' lang='lat' dir='ltr'><strong>erit</strong></span> <span class='ocrx_word' id='word_1_106' title='bbox 2205 2509 2346 2576; x_wconf 91' lang='lat' dir='ltr'><strong>quod</strong></span> <span class='ocrx_word' id='word_1_107' title='bbox 2380 2523 2443 2560; x_wconf 73' lang='lat' dir='ltr'><strong>ex</strong></span> <span class='ocrx_word' id='word_1_108' title='bbox 2469 2509 2628 2565; x_wconf 86' lang='lat' dir='ltr'><strong>nobis</strong></span> <span class='ocrx_word' id='word_1_109' title='bbox 2677 2520 2910 2577; x_wconf 64' lang='lat' dir='ltr'><strong>quaeras,</strong></span> <span class='ocrx_word' id='word_1_110' title='bbox 2938 2505 3010 2556; x_wconf 88' lang='lat' dir='ltr'><strong>ita</strong></span> <span class='ocrx_word' id='word_1_111' title='bbox 3043 2510 3102 2558; x_wconf 82' lang='lat' dir='ltr'><strong>ut</strong></span> <span class='ocrx_word' id='word_1_112' title='bbox 3131 2501 3260 2571; x_wconf 89' lang='lat' dir='ltr'><strong>quid</strong></span> <span class='ocrx_word' id='word_1_113' title='bbox 3285 2517 3419 2570; x_wconf 80' lang='lat' dir='ltr'><strong>pr:e_</strong></span> 
     </span>
    </p>
   </div>
   <div class='ocr_carea' id='block_1_16' title="bbox 199 2601 2340 2673">
    <p class='ocr_par' dir='ltr' id='par_1_16' title="bbox 199 2601 2340 2673">
     <span class='ocr_line' id='line_1_16' title="bbox 199 2601 2340 2673; baseline -0.003 -14"><span class='ocrx_word' id='word_1_114' title='bbox 199 2617 348 2659; x_wconf 79' lang='lat' dir='ltr'><strong>Stare</strong></span> <span class='ocrx_word' id='word_1_115' title='bbox 378 2604 703 2657; x_wconf 80' lang='lat' dir='ltr'><strong>voluerimus</strong></span> <span class='ocrx_word' id='word_1_116' title='bbox 725 2619 914 2673; x_wconf 75' lang='lat' dir='ltr'><strong>pauens</strong></span> <span class='ocrx_word' id='word_1_117' title='bbox 945 2606 1266 2673; x_wconf 82' lang='lat' dir='ltr'><strong>explicetur,</strong></span> <span class='ocrx_word' id='word_1_118' title='bbox 1295 2613 1347 2656; x_wconf 92' lang='lat' dir='ltr'><strong>et</strong></span> <span class='ocrx_word' id='word_1_119' title='bbox 1382 2613 1476 2656; x_wconf 89' lang='lat' dir='ltr'><strong>tua</strong></span> <span class='ocrx_word' id='word_1_120' title='bbox 1496 2611 1549 2656; x_wconf 90' lang='lat' dir='ltr'><strong>et</strong></span> <span class='ocrx_word' id='word_1_121' title='bbox 1576 2611 1760 2655; x_wconf 85' lang='lat' dir='ltr'><strong>nostra</strong></span> <span class='ocrx_word' id='word_1_122' title='bbox 1789 2603 2049 2655; x_wconf 86' lang='lat' dir='ltr'><strong>interesse</strong></span> <span class='ocrx_word' id='word_1_123' title='bbox 2077 2601 2340 2654; x_wconf 84' lang='lat' dir='ltr'><strong>videatur.</strong></span> 
     </span>
    </p>
   </div>
   <div class='ocr_carea' id='block_1_17' title="bbox 267 2709 3413 2787">
    <p class='ocr_par' dir='ltr' id='par_1_17' title="bbox 267 2709 3413 2787">
     <span class='ocr_line' id='line_1_17' title="bbox 267 2709 3413 2787; baseline -0.003 -16"><span class='ocrx_word' id='word_1_124' title='bbox 267 2717 437 2772; x_wconf 75' lang='lat' dir='ltr'><strong>Nemo</strong></span> <span class='ocrx_word' id='word_1_125' title='bbox 465 2719 639 2772; x_wconf 84' lang='lat' dir='ltr'><strong>nescit</strong></span> <span class='ocrx_word' id='word_1_126' title='bbox 661 2732 908 2787; x_wconf 80' lang='lat' dir='ltr'><strong>magnam</strong></span> <span class='ocrx_word' id='word_1_127' title='bbox 937 2719 1060 2770; x_wconf 90' lang='lat' dir='ltr'><strong>libri</strong></span> <span class='ocrx_word' id='word_1_128' title='bbox 1085 2733 1114 2770; x_wconf 90' lang='lat' dir='ltr'><strong>a</strong></span> <span class='ocrx_word' id='word_1_129' title='bbox 1147 2716 1377 2770; x_wconf 88' lang='lat' dir='ltr'><strong>Tatiano</strong></span> <span class='ocrx_word' id='word_1_130' title='bbox 1407 2715 1702 2783; x_wconf 87' lang='lat' dir='ltr'><strong>conscripti</strong></span> <span class='ocrx_word' id='word_1_131' title='bbox 1727 2724 1931 2782; x_wconf 90' lang='lat' dir='ltr'><strong>partem</strong></span> <span class='ocrx_word' id='word_1_132' title='bbox 1955 2716 2024 2767; x_wconf 91' lang='lat' dir='ltr'><strong>ab</strong></span> <span class='ocrx_word' id='word_1_133' title='bbox 2053 2713 2284 2767; x_wconf 65' lang='lat' dir='ltr'><strong>Emehio</strong></span> <span class='ocrx_word' id='word_1_134' title='bbox 2311 2713 2628 2768; x_wconf 73' lang='lat' dir='ltr'><strong>Caesariensi</strong></span> <span class='ocrx_word' id='word_1_135' title='bbox 2664 2715 2716 2765; x_wconf 93' lang='lat' dir='ltr'><strong>in</strong></span> <span class='ocrx_word' id='word_1_136' title='bbox 2747 2713 2943 2765; x_wconf 90' lang='lat' dir='ltr'><strong>librum</strong></span> <span class='ocrx_word' id='word_1_137' title='bbox 2968 2712 3066 2780; x_wconf 89' lang='lat' dir='ltr'><strong>qui</strong></span> <span class='ocrx_word' id='word_1_138' title='bbox 3097 2709 3413 2778; x_wconf 71' lang='lat' dir='ltr'><strong>Evangelica</strong></span> 
     </span>
    </p>
   </div>
   <div class='ocr_carea' id='block_1_18' title="bbox 192 2806 3418 2879">
    <p class='ocr_par' dir='ltr' id='par_1_18' title="bbox 192 2806 3418 2879">
     <span class='ocr_line' id='line_1_18' title="bbox 192 2806 3418 2879; baseline -0.002 -19"><span class='ocrx_word' id='word_1_139' title='bbox 192 2809 515 2876; x_wconf 67' lang='lat' dir='ltr'><strong>prwparazio</strong></span> <span class='ocrx_word' id='word_1_140' title='bbox 542 2810 836 2879; x_wconf 88' lang='lat' dir='ltr'><strong>inscriptus</strong></span> <span class='ocrx_word' id='word_1_141' title='bbox 860 2821 964 2872; x_wconf 88' lang='lat' dir='ltr'><strong>est,</strong></span> <span class='ocrx_word' id='word_1_142' title='bbox 991 2811 1310 2864; x_wconf 79' lang='lat' dir='ltr'><strong>translatam</strong></span> <span class='ocrx_word' id='word_1_143' title='bbox 1345 2824 1486 2863; x_wconf 85' lang='lat' dir='ltr'><strong>esse.</strong></span> <span class='ocrx_word' id='word_1_144' title='bbox 1513 2808 1680 2861; x_wconf 86' lang='lat' dir='ltr'><strong>Cuius</strong></span> <span class='ocrx_word' id='word_1_145' title='bbox 1719 2808 1772 2860; x_wconf 90' lang='lat' dir='ltr'><strong>in</strong></span> <span class='ocrx_word' id='word_1_146' title='bbox 1813 2808 2029 2876; x_wconf 86' lang='lat' dir='ltr'><strong>scriptis</strong></span> <span class='ocrx_word' id='word_1_147' title='bbox 2057 2809 2119 2859; x_wconf 84' lang='lat' dir='ltr'><strong>ad</strong></span> <span class='ocrx_word' id='word_1_148' title='bbox 2153 2808 2366 2861; x_wconf 87' lang='lat' dir='ltr'><strong>codices</strong></span> <span class='ocrx_word' id='word_1_149' title='bbox 2392 2806 2739 2860; x_wconf 85' lang='lat' dir='ltr'><strong>emendandis</strong></span> <span class='ocrx_word' id='word_1_150' title='bbox 2770 2821 2935 2874; x_wconf 90' lang='lat' dir='ltr'><strong>quum</strong></span> <span class='ocrx_word' id='word_1_151' title='bbox 2965 2806 3056 2858; x_wconf 92' lang='lat' dir='ltr'><strong>diu</strong></span> <span class='ocrx_word' id='word_1_152' title='bbox 3083 2806 3418 2870; x_wconf 86' lang='lat' dir='ltr'><strong>multumque</strong></span> 
     </span>
    </p>
   </div>
   <div class='ocr_carea' id='block_1_19' title="bbox 196 2898 3419 2980">
    <p class='ocr_par' dir='ltr' id='par_1_19' title="bbox 196 2898 3419 2980">
     <span class='ocr_line' id='line_1_19' title="bbox 196 2898 3419 2980; baseline -0.003 -22"><span class='ocrx_word' id='word_1_153' title='bbox 196 2919 498 2968; x_wconf 65' lang='lat' dir='ltr'><strong>versemur,</strong></span> <span class='ocrx_word' id='word_1_154' title='bbox 527 2905 744 2958; x_wconf 81' lang='lat' dir='ltr'><strong>codices</strong></span> <span class='ocrx_word' id='word_1_155' title='bbox 772 2901 1015 2959; x_wconf 84' lang='lat' dir='ltr'><strong>Tatianei</strong></span> <span class='ocrx_word' id='word_1_156' title='bbox 1051 2906 1172 2958; x_wconf 82' lang='lat' dir='ltr'><strong>libri</strong></span> <span class='ocrx_word' id='word_1_157' title='bbox 1216 2915 1273 2958; x_wconf 91' lang='lat' dir='ltr'><strong>ut</strong></span> <span class='ocrx_word' id='word_1_158' title='bbox 1307 2905 1695 2972; x_wconf 86' lang='lat' dir='ltr'><strong>inspiceremus</strong></span> <span class='ocrx_word' id='word_1_159' title='bbox 1728 2903 2036 2956; x_wconf 85' lang='lat' dir='ltr'><strong>faciundum</strong></span> <span class='ocrx_word' id='word_1_160' title='bbox 2071 2903 2226 2956; x_wconf 90' lang='lat' dir='ltr'><strong>nobis</strong></span> <span class='ocrx_word' id='word_1_161' title='bbox 2265 2903 2593 2972; x_wconf 75' lang='lat' dir='ltr'><strong>putavimus.</strong></span> <span class='ocrx_word' id='word_1_162' title='bbox 2623 2900 2728 2980; x_wconf 67' lang='lat' dir='ltr'><strong>Sed</strong></span> <span class='ocrx_word' id='word_1_163' title='bbox 2760 2900 3095 2969; x_wconf 82' lang='lat' dir='ltr'><strong>quantopere</strong></span> <span class='ocrx_word' id='word_1_164' title='bbox 3117 2898 3419 2964; x_wconf 83' lang='lat' dir='ltr'><strong>obstupue-</strong></span> 
     </span>
    </p>
   </div>
   <div class='ocr_carea' id='block_1_20' title="bbox 197 2983 3408 3071">
    <p class='ocr_par' dir='ltr' id='par_1_20' title="bbox 197 2983 3408 3071">
     <span class='ocr_line' id='line_1_20' title="bbox 197 2983 3408 3071; baseline -0.002 -18"><span class='ocrx_word' id='word_1_165' title='bbox 197 2998 374 3053; x_wconf 88' lang='lat' dir='ltr'><strong>rimus</strong></span> <span class='ocrx_word' id='word_1_166' title='bbox 401 3016 564 3070; x_wconf 88' lang='lat' dir='ltr'><strong>quum</strong></span> <span class='ocrx_word' id='word_1_167' title='bbox 595 3018 755 3070; x_wconf 83' lang='lat' dir='ltr'><strong>quam</strong></span> <span class='ocrx_word' id='word_1_168' title='bbox 788 3003 1242 3071; x_wconf 77' lang='lat' dir='ltr'><strong>negligentissime</strong></span> <span class='ocrx_word' id='word_1_169' title='bbox 1297 3003 1350 3054; x_wconf 91' lang='lat' dir='ltr'><strong>in</strong></span> <span class='ocrx_word' id='word_1_170' title='bbox 1398 3001 1518 3055; x_wconf 81' lang='lat' dir='ltr'><strong>istis</strong></span> <span class='ocrx_word' id='word_1_171' title='bbox 1547 3000 1706 3053; x_wconf 86' lang='lat' dir='ltr'><strong>codd.</strong></span> <span class='ocrx_word' id='word_1_172' title='bbox 1738 3001 2080 3055; x_wconf 76' lang='lat' dir='ltr'><strong>conferendis</strong></span> <span class='ocrx_word' id='word_1_173' title='bbox 2102 2983 2388 3054; x_wconf 85' lang='lat' dir='ltr'><strong>versatum</strong></span> <span class='ocrx_word' id='word_1_174' title='bbox 2411 3015 2532 3053; x_wconf 86' lang='lat' dir='ltr'><strong>esse</strong></span> <span class='ocrx_word' id='word_1_175' title='bbox 2583 2999 3027 3057; x_wconf 81' lang='lat' dir='ltr'><strong>intellexerimus,</strong></span> <span class='ocrx_word' id='word_1_176' title='bbox 3059 2996 3148 3049; x_wconf 86' lang='lat' dir='ltr'><strong>vix</strong></span> <span class='ocrx_word' id='word_1_177' title='bbox 3178 2994 3282 3048; x_wconf 78' lang='lat' dir='ltr'><strong>dici</strong></span> <span class='ocrx_word' id='word_1_178' title='bbox 3308 3007 3408 3061; x_wconf 87' lang='lat' dir='ltr'><strong>po-</strong></span> 
     </span>
    </p>
   </div>
   <div class='ocr_carea' id='block_1_21' title="bbox 189 3089 3412 3163">
    <p class='ocr_par' dir='ltr' id='par_1_21' title="bbox 189 3089 3412 3163">
     <span class='ocr_line' id='line_1_21' title="bbox 189 3089 3412 3163; baseline -0.002 -17"><span class='ocrx_word' id='word_1_179' title='bbox 189 3097 326 3146; x_wconf 74' lang='lat' dir='ltr'><strong>test.</strong></span> <span class='ocrx_word' id='word_1_180' title='bbox 354 3093 528 3158; x_wconf 85' lang='lat' dir='ltr'><strong>Quum</strong></span> <span class='ocrx_word' id='word_1_181' title='bbox 552 3101 605 3148; x_wconf 89' lang='lat' dir='ltr'><strong>et</strong></span> <span class='ocrx_word' id='word_1_182' title='bbox 636 3094 690 3145; x_wconf 91' lang='lat' dir='ltr'><strong>in</strong></span> <span class='ocrx_word' id='word_1_183' title='bbox 719 3093 1052 3163; x_wconf 86' lang='lat' dir='ltr'><strong>reliquorum</strong></span> <span class='ocrx_word' id='word_1_184' title='bbox 1078 3094 1498 3162; x_wconf 73' lang='lat' dir='ltr'><strong>Apologetarum</strong></span> <span class='ocrx_word' id='word_1_185' title='bbox 1531 3094 1622 3162; x_wconf 90' lang='lat' dir='ltr'><strong>qui</strong></span> <span class='ocrx_word' id='word_1_186' title='bbox 1653 3093 1909 3145; x_wconf 88' lang='lat' dir='ltr'><strong>dicuntur</strong></span> <span class='ocrx_word' id='word_1_187' title='bbox 1938 3092 2089 3163; x_wconf 87' lang='lat' dir='ltr'><strong>libris</strong></span> <span class='ocrx_word' id='word_1_188' title='bbox 2115 3092 2356 3160; x_wconf 78' lang='lat' dir='ltr'><strong>legendis</strong></span> <span class='ocrx_word' id='word_1_189' title='bbox 2387 3094 2514 3145; x_wconf 87' lang='lat' dir='ltr'><strong>olim</strong></span> <span class='ocrx_word' id='word_1_190' title='bbox 2545 3093 2771 3145; x_wconf 86' lang='lat' dir='ltr'><strong>multum</strong></span> <span class='ocrx_word' id='word_1_191' title='bbox 2812 3089 3072 3159; x_wconf 91' lang='lat' dir='ltr'><strong>temporis</strong></span> <span class='ocrx_word' id='word_1_192' title='bbox 3103 3091 3412 3154; x_wconf 85' lang='lat' dir='ltr'><strong>insumpse-</strong></span> 
     </span>
    </p>
   </div>
   <div class='ocr_carea' id='block_1_22' title="bbox 197 3161 3410 3255">
    <p class='ocr_par' dir='ltr' id='par_1_22' title="bbox 197 3161 3410 3255">
     <span class='ocr_line' id='line_1_22' title="bbox 197 3161 3410 3255; baseline -0.002 -17"><span class='ocrx_word' id='word_1_193' title='bbox 197 3185 396 3248; x_wconf 83' lang='lat' dir='ltr'><strong>rlmus,</strong></span> <span class='ocrx_word' id='word_1_194' title='bbox 426 3187 624 3254; x_wconf 89' lang='lat' dir='ltr'><strong>cupido</strong></span> <span class='ocrx_word' id='word_1_195' title='bbox 654 3161 898 3254; x_wconf 76' lang='lat' dir='ltr'><strong>quaedam</strong></span> <span class='ocrx_word' id='word_1_196' title='bbox 928 3196 982 3238; x_wconf 89' lang='lat' dir='ltr'><strong>et</strong></span> <span class='ocrx_word' id='word_1_197' title='bbox 1013 3202 1110 3240; x_wconf 90' lang='lat' dir='ltr'><strong>eos</strong></span> <span class='ocrx_word' id='word_1_198' title='bbox 1129 3161 1370 3241; x_wconf 21' lang='lat' dir='ltr'><strong>icodices</strong></span> <span class='ocrx_word' id='word_1_199' title='bbox 1401 3187 1492 3255; x_wconf 89' lang='lat' dir='ltr'><strong>qui</strong></span> <span class='ocrx_word' id='word_1_200' title='bbox 1526 3161 1646 3240; x_wconf 87' lang='lat' dir='ltr'><strong>illos</strong></span> <span class='ocrx_word' id='word_1_201' title='bbox 1696 3161 2032 3240; x_wconf 77' lang='lat' dir='ltr'><strong>continerent</strong></span> <span class='ocrx_word' id='word_1_202' title='bbox 2077 3185 2397 3254; x_wconf 89' lang='lat' dir='ltr'><strong>inspiciendi</strong></span> <span class='ocrx_word' id='word_1_203' title='bbox 2432 3199 2531 3239; x_wconf 90' lang='lat' dir='ltr'><strong>nos</strong></span> <span class='ocrx_word' id='word_1_204' title='bbox 2580 3186 2812 3255; x_wconf 87' lang='lat' dir='ltr'><strong>impulit.</strong></span> <span class='ocrx_word' id='word_1_205' title='bbox 2854 3184 3053 3237; x_wconf 84' lang='lat' dir='ltr'><strong>Eadem</strong></span> <span class='ocrx_word' id='word_1_206' title='bbox 3085 3180 3410 3253; x_wconf 76' lang='lat' dir='ltr'><strong>negligentia</strong></span> 
     </span>
    </p>
   </div>
   <div class='ocr_carea' id='block_1_23' title="bbox 195 3276 3400 3346">
    <p class='ocr_par' dir='ltr' id='par_1_23' title="bbox 195 3276 3400 3346">
     <span class='ocr_line' id='line_1_23' title="bbox 195 3276 3400 3346; baseline -0.001 -16"><span class='ocrx_word' id='word_1_207' title='bbox 195 3277 252 3330; x_wconf 90' lang='lat' dir='ltr'><strong>in</strong></span> <span class='ocrx_word' id='word_1_208' title='bbox 279 3276 350 3331; x_wconf 89' lang='lat' dir='ltr'><strong>iis</strong></span> <span class='ocrx_word' id='word_1_209' title='bbox 373 3277 721 3331; x_wconf 85' lang='lat' dir='ltr'><strong>conferendis</strong></span> <span class='ocrx_word' id='word_1_210' title='bbox 751 3292 967 3346; x_wconf 88' lang='lat' dir='ltr'><strong>quoque</strong></span> <span class='ocrx_word' id='word_1_211' title='bbox 991 3286 1267 3331; x_wconf 80' lang='lat' dir='ltr'><strong>versatum</strong></span> <span class='ocrx_word' id='word_1_212' title='bbox 1296 3294 1417 3332; x_wconf 89' lang='lat' dir='ltr'><strong>esse</strong></span> <span class='ocrx_word' id='word_1_213' title='bbox 1449 3294 1572 3330; x_wconf 84' lang='lat' dir='ltr'><strong>mox</strong></span> <span class='ocrx_word' id='word_1_214' title='bbox 1602 3278 1756 3330; x_wconf 84' lang='lat' dir='ltr'><strong>facile</strong></span> <span class='ocrx_word' id='word_1_215' title='bbox 1790 3279 2183 3345; x_wconf 81' lang='lat' dir='ltr'><strong>perspeximus.</strong></span> <span class='ocrx_word' id='word_1_216' title='bbox 2230 3277 2340 3329; x_wconf 88' lang='lat' dir='ltr'><strong>llac</strong></span> <span class='ocrx_word' id='word_1_217' title='bbox 2372 3292 2532 3331; x_wconf 87' lang='lat' dir='ltr'><strong>causa</strong></span> <span class='ocrx_word' id='word_1_218' title='bbox 2573 3278 2830 3330; x_wconf 88' lang='lat' dir='ltr'><strong>commoti</strong></span> <span class='ocrx_word' id='word_1_219' title='bbox 2859 3277 3190 3330; x_wconf 86' lang='lat' dir='ltr'><strong>contulimus</strong></span> <span class='ocrx_word' id='word_1_220' title='bbox 3219 3276 3400 3328; x_wconf 91' lang='lat' dir='ltr'><strong>denuo</strong></span> 
     </span>
    </p>
   </div>
   <div class='ocr_carea' id='block_1_24' title="bbox 192 3371 3412 3441">
    <p class='ocr_par' dir='ltr' id='par_1_24' title="bbox 192 3371 3412 3441">
     <span class='ocr_line' id='line_1_24' title="bbox 192 3371 3412 3441; baseline -0 -18"><span class='ocrx_word' id='word_1_221' title='bbox 192 3385 386 3425; x_wconf 89' lang='lat' dir='ltr'><strong>omnes</strong></span> <span class='ocrx_word' id='word_1_222' title='bbox 416 3375 509 3439; x_wconf 86' lang='lat' dir='ltr'><strong>qui</strong></span> <span class='ocrx_word' id='word_1_223' title='bbox 535 3373 590 3427; x_wconf 85' lang='lat' dir='ltr'><strong>in</strong></span> <span class='ocrx_word' id='word_1_224' title='bbox 638 3371 801 3441; x_wconf 77' lang='lat' dir='ltr'><strong>Regia</strong></span> <span class='ocrx_word' id='word_1_225' title='bbox 841 3373 1166 3426; x_wconf 85' lang='lat' dir='ltr'><strong>bibliotheca</strong></span> <span class='ocrx_word' id='word_1_226' title='bbox 1197 3371 1493 3428; x_wconf 72' lang='lat' dir='ltr'><strong>Parisiensi</strong></span> <span class='ocrx_word' id='word_1_227' title='bbox 1536 3374 1892 3426; x_wconf 84' lang='lat' dir='ltr'><strong>adservantur</strong></span> <span class='ocrx_word' id='word_1_228' title='bbox 1925 3372 2162 3436; x_wconf 84' lang='lat' dir='ltr'><strong>codices,</strong></span> <span class='ocrx_word' id='word_1_229' title='bbox 2194 3387 2301 3426; x_wconf 88' lang='lat' dir='ltr'><strong>non</strong></span> <span class='ocrx_word' id='word_1_230' title='bbox 2333 3374 2389 3425; x_wconf 88' lang='lat' dir='ltr'><strong>in</strong></span> <span class='ocrx_word' id='word_1_231' title='bbox 2437 3389 2557 3426; x_wconf 93' lang='lat' dir='ltr'><strong>eum</strong></span> <span class='ocrx_word' id='word_1_232' title='bbox 2599 3373 2758 3427; x_wconf 85' lang='lat' dir='ltr'><strong>linem</strong></span> <span class='ocrx_word' id='word_1_233' title='bbox 2797 3379 2857 3426; x_wconf 89' lang='lat' dir='ltr'><strong>ut</strong></span> <span class='ocrx_word' id='word_1_234' title='bbox 2887 3386 3084 3425; x_wconf 85' lang='lat' dir='ltr'><strong>novam</strong></span> <span class='ocrx_word' id='word_1_235' title='bbox 3116 3371 3412 3424; x_wconf 85' lang='lat' dir='ltr'><strong>adornare-</strong></span> 
     </span>
    </p>
   </div>
   <div class='ocr_carea' id='block_1_25' title="bbox 195 3461 3407 3531">
    <p class='ocr_par' dir='ltr' id='par_1_25' title="bbox 195 3461 3407 3531">
     <span class='ocr_line' id='line_1_25' title="bbox 195 3461 3407 3531; baseline 0 -16"><span class='ocrx_word' id='word_1_236' title='bbox 195 3475 320 3516; x_wconf 83' lang='lat' dir='ltr'><strong>mus</strong></span> <span class='ocrx_word' id='word_1_237' title='bbox 345 3461 658 3524; x_wconf 70' lang='lat' dir='ltr'><strong>editionem,</strong></span> <span class='ocrx_word' id='word_1_238' title='bbox 692 3465 787 3516; x_wconf 87' lang='lat' dir='ltr'><strong>sed</strong></span> <span class='ocrx_word' id='word_1_239' title='bbox 812 3475 890 3526; x_wconf 85' lang='lat' dir='ltr'><strong>ut,</strong></span> <span class='ocrx_word' id='word_1_240' title='bbox 923 3467 1214 3518; x_wconf 84' lang='lat' dir='ltr'><strong>occasione</strong></span> <span class='ocrx_word' id='word_1_241' title='bbox 1241 3469 1390 3526; x_wconf 74' lang='lat' dir='ltr'><strong>data,</strong></span> <span class='ocrx_word' id='word_1_242' title='bbox 1427 3465 1554 3529; x_wconf 80' lang='lat' dir='ltr'><strong>quid</strong></span> <span class='ocrx_word' id='word_1_243' title='bbox 1585 3465 1641 3518; x_wconf 88' lang='lat' dir='ltr'><strong>in</strong></span> <span class='ocrx_word' id='word_1_244' title='bbox 1674 3466 1773 3531; x_wconf 85' lang='lat' dir='ltr'><strong>hac</strong></span> <span class='ocrx_word' id='word_1_245' title='bbox 1799 3480 1859 3518; x_wconf 89' lang='lat' dir='ltr'><strong>re</strong></span> <span class='ocrx_word' id='word_1_246' title='bbox 1896 3462 2072 3517; x_wconf 86' lang='lat' dir='ltr'><strong>adhuc</strong></span> <span class='ocrx_word' id='word_1_247' title='bbox 2102 3464 2412 3526; x_wconf 79' lang='lat' dir='ltr'><strong>faciundum</strong></span> <span class='ocrx_word' id='word_1_248' title='bbox 2442 3465 2513 3517; x_wconf 88' lang='lat' dir='ltr'><strong>sit</strong></span> <span class='ocrx_word' id='word_1_249' title='bbox 2540 3465 2971 3518; x_wconf 87' lang='lat' dir='ltr'><strong>ostenderemus.</strong></span> <span class='ocrx_word' id='word_1_250' title='bbox 3010 3461 3115 3516; x_wconf 85' lang='lat' dir='ltr'><strong>Sed</strong></span> <span class='ocrx_word' id='word_1_251' title='bbox 3148 3463 3274 3518; x_wconf 82' lang='lat' dir='ltr'><strong>licet</strong></span> <span class='ocrx_word' id='word_1_252' title='bbox 3302 3462 3407 3515; x_wconf 81' lang='lat' dir='ltr'><strong>hoc</strong></span> 
     </span>
    </p>
   </div>
   <div class='ocr_carea' id='block_1_26' title="bbox 191 3557 3404 3627">
    <p class='ocr_par' dir='ltr' id='par_1_26' title="bbox 191 3557 3404 3627">
     <span class='ocr_line' id='line_1_26' title="bbox 191 3557 3404 3627; baseline -0.001 -15"><span class='ocrx_word' id='word_1_253' title='bbox 191 3563 406 3612; x_wconf 81' lang='lat' dir='ltr'><strong>tantum</strong></span> <span class='ocrx_word' id='word_1_254' title='bbox 429 3559 660 3614; x_wconf 82' lang='lat' dir='ltr'><strong>cdnsilio</strong></span> <span class='ocrx_word' id='word_1_255' title='bbox 689 3560 745 3612; x_wconf 86' lang='lat' dir='ltr'><strong>in</strong></span> <span class='ocrx_word' id='word_1_256' title='bbox 781 3559 1130 3614; x_wconf 85' lang='lat' dir='ltr'><strong>conferendis</strong></span> <span class='ocrx_word' id='word_1_257' title='bbox 1157 3559 1265 3614; x_wconf 90' lang='lat' dir='ltr'><strong>illis</strong></span> <span class='ocrx_word' id='word_1_258' title='bbox 1285 3560 1566 3615; x_wconf 81' lang='lat' dir='ltr'><strong>codicibus</strong></span> <span class='ocrx_word' id='word_1_259' title='bbox 1593 3563 1791 3614; x_wconf 82' lang='lat' dir='ltr'><strong>versati</strong></span> <span class='ocrx_word' id='word_1_260' title='bbox 1837 3565 2030 3624; x_wconf 85' lang='lat' dir='ltr'><strong>simus,</strong></span> <span class='ocrx_word' id='word_1_261' title='bbox 2065 3567 2305 3616; x_wconf 84' lang='lat' dir='ltr'><strong>attamen</strong></span> <span class='ocrx_word' id='word_1_262' title='bbox 2334 3567 2389 3612; x_wconf 92' lang='lat' dir='ltr'><strong>et</strong></span> <span class='ocrx_word' id='word_1_263' title='bbox 2421 3560 2502 3613; x_wconf 87' lang='lat' dir='ltr'><strong>sic</strong></span> <span class='ocrx_word' id='word_1_264' title='bbox 2531 3574 2638 3612; x_wconf 92' lang='lat' dir='ltr'><strong>non</strong></span> <span class='ocrx_word' id='word_1_265' title='bbox 2675 3561 2843 3612; x_wconf 89' lang='lat' dir='ltr'><strong>multa</strong></span> <span class='ocrx_word' id='word_1_266' title='bbox 2874 3573 2974 3612; x_wconf 80' lang='lat' dir='ltr'><strong>nos</strong></span> <span class='ocrx_word' id='word_1_267' title='bbox 2998 3557 3257 3627; x_wconf 79' lang='lat' dir='ltr'><strong>effugisse</strong></span> <span class='ocrx_word' id='word_1_268' title='bbox 3283 3559 3404 3625; x_wconf 88' lang='lat' dir='ltr'><strong>qui-</strong></span> 
     </span>
    </p>
   </div>
   <div class='ocr_carea' id='block_1_27' title="bbox 192 3639 3414 3721">
    <p class='ocr_par' dir='ltr' id='par_1_27' title="bbox 192 3639 3414 3721">
     <span class='ocr_line' id='line_1_27' title="bbox 192 3639 3414 3721; baseline 0 -20"><span class='ocrx_word' id='word_1_269' title='bbox 192 3650 282 3703; x_wconf 74' lang='lat' dir='ltr'><strong>vis</strong></span> <span class='ocrx_word' id='word_1_270' title='bbox 310 3651 502 3704; x_wconf 87' lang='lat' dir='ltr'><strong>harum</strong></span> <span class='ocrx_word' id='word_1_271' title='bbox 534 3666 711 3705; x_wconf 90' lang='lat' dir='ltr'><strong>rerum</strong></span> <span class='ocrx_word' id='word_1_272' title='bbox 740 3654 967 3721; x_wconf 87' lang='lat' dir='ltr'><strong>peritus,</strong></span> <span class='ocrx_word' id='word_1_273' title='bbox 1000 3652 1344 3720; x_wconf 74' lang='lat' dir='ltr'><strong>perlustratis</strong></span> <span class='ocrx_word' id='word_1_274' title='bbox 1371 3652 1440 3706; x_wconf 84' lang='lat' dir='ltr'><strong>iis‘</strong></span> <span class='ocrx_word' id='word_1_275' title='bbox 1465 3667 1584 3720; x_wconf 71' lang='lat' dir='ltr'><strong>qua:</strong></span> <span class='ocrx_word' id='word_1_276' title='bbox 1613 3653 1666 3703; x_wconf 90' lang='lat' dir='ltr'><strong>in</strong></span> <span class='ocrx_word' id='word_1_277' title='bbox 1695 3651 1928 3705; x_wconf 89' lang='lat' dir='ltr'><strong>medium</strong></span> <span class='ocrx_word' id='word_1_278' title='bbox 1959 3654 2283 3721; x_wconf 86' lang='lat' dir='ltr'><strong>protulimus</strong></span> <span class='ocrx_word' id='word_1_279' title='bbox 2310 3651 2467 3706; x_wconf 83' lang='lat' dir='ltr'><strong>facile</strong></span> <span class='ocrx_word' id='word_1_280' title='bbox 2492 3639 2800 3720; x_wconf 84' lang='lat' dir='ltr'><strong>perspiciet.</strong></span> <span class='ocrx_word' id='word_1_281' title='bbox 2835 3642 2890 3703; x_wconf 70' lang='lat' dir='ltr'><strong>In</strong></span> <span class='ocrx_word' id='word_1_282' title='bbox 2914 3653 3060 3719; x_wconf 87' lang='lat' dir='ltr'><strong>ipsas</strong></span> <span class='ocrx_word' id='word_1_283' title='bbox 3090 3650 3291 3702; x_wconf 80' lang='lat' dir='ltr'><strong>Marani</strong></span> <span class='ocrx_word' id='word_1_284' title='bbox 3316 3666 3414 3703; x_wconf 90' lang='lat' dir='ltr'><strong>no—</strong></span> 
     </span>
    </p>
   </div>
   <div class='ocr_carea' id='block_1_28' title="bbox 190 3741 3402 3819">
    <p class='ocr_par' dir='ltr' id='par_1_28' title="bbox 190 3741 3402 3819">
     <span class='ocr_line' id='line_1_28' title="bbox 190 3741 3402 3819; baseline -0.001 -24"><span class='ocrx_word' id='word_1_285' title='bbox 190 3749 281 3795; x_wconf 84' lang='lat' dir='ltr'><strong>tas</strong></span> <span class='ocrx_word' id='word_1_286' title='bbox 307 3754 475 3810; x_wconf 84' lang='lat' dir='ltr'><strong>pauca</strong></span> <span class='ocrx_word' id='word_1_287' title='bbox 509 3750 718 3796; x_wconf 90' lang='lat' dir='ltr'><strong>tantum</strong></span> <span class='ocrx_word' id='word_1_288' title='bbox 751 3743 950 3797; x_wconf 86' lang='lat' dir='ltr'><strong>addere</strong></span> <span class='ocrx_word' id='word_1_289' title='bbox 978 3747 1033 3797; x_wconf 86' lang='lat' dir='ltr'><strong>in</strong></span> <span class='ocrx_word' id='word_1_290' title='bbox 1074 3745 1250 3812; x_wconf 89' lang='lat' dir='ltr'><strong>iisque</strong></span> <span class='ocrx_word' id='word_1_291' title='bbox 1285 3743 1877 3813; x_wconf 52' lang='lat' dir='ltr'><strong>corrigerapotuimus.</strong></span> <span class='ocrx_word' id='word_1_292' title='bbox 1905 3743 1970 3794; x_wconf 84' lang='lat' dir='ltr'><strong>Et</strong></span> <span class='ocrx_word' id='word_1_293' title='bbox 2012 3744 2126 3798; x_wconf 62' lang='lat' dir='ltr'><strong>haac</strong></span> <span class='ocrx_word' id='word_1_294' title='bbox 2158 3759 2325 3819; x_wconf 79' lang='lat' dir='ltr'><strong>pauca</strong></span> <span class='ocrx_word' id='word_1_295' title='bbox 2349 3759 2468 3812; x_wconf 62' lang='lat' dir='ltr'><strong>qum</strong></span> <span class='ocrx_word' id='word_1_296' title='bbox 2500 3744 2556 3797; x_wconf 88' lang='lat' dir='ltr'><strong>in</strong></span> <span class='ocrx_word' id='word_1_297' title='bbox 2590 3745 2734 3797; x_wconf 88' lang='lat' dir='ltr'><strong>notis</strong></span> <span class='ocrx_word' id='word_1_298' title='bbox 2768 3743 2836 3797; x_wconf 88' lang='lat' dir='ltr'><strong>ad</strong></span> <span class='ocrx_word' id='word_1_299' title='bbox 2865 3744 3002 3796; x_wconf 88' lang='lat' dir='ltr'><strong>duas</strong></span> <span class='ocrx_word' id='word_1_300' title='bbox 3036 3741 3232 3796; x_wconf 87' lang='lat' dir='ltr'><strong>lustini</strong></span> <span class='ocrx_word' id='word_1_301' title='bbox 3263 3741 3402 3808; x_wconf 76' lang='lat' dir='ltr'><strong>Apo-</strong></span> 
     </span>
    </p>
   </div>
   <div class='ocr_carea' id='block_1_29' title="bbox 196 3833 3396 3905">
    <p class='ocr_par' dir='ltr' id='par_1_29' title="bbox 196 3833 3396 3905">
     <span class='ocr_line' id='line_1_29' title="bbox 196 3833 3396 3905; baseline 0 -19"><span class='ocrx_word' id='word_1_302' title='bbox 196 3833 365 3904; x_wconf 71' lang='lat' dir='ltr'><strong>logia:</strong></span> <span class='ocrx_word' id='word_1_303' title='bbox 387 3842 443 3888; x_wconf 85' lang='lat' dir='ltr'><strong>et</strong></span> <span class='ocrx_word' id='word_1_304' title='bbox 468 3834 746 3898; x_wconf 81' lang='lat' dir='ltr'><strong>Dialogum</strong></span> <span class='ocrx_word' id='word_1_305' title='bbox 777 3854 897 3888; x_wconf 69' lang='lat' dir='ltr'><strong>cum</strong></span> <span class='ocrx_word' id='word_1_306' title='bbox 927 3837 1220 3905; x_wconf 66' lang='lat' dir='ltr'><strong>Tryphon,</strong></span> <span class='ocrx_word' id='word_1_307' title='bbox 1258 3839 1312 3890; x_wconf 89' lang='lat' dir='ltr'><strong>in</strong></span> <span class='ocrx_word' id='word_1_308' title='bbox 1337 3838 1708 3894; x_wconf 72' lang='lat' dir='ltr'><strong>Coliortatione</strong></span> <span class='ocrx_word' id='word_1_309' title='bbox 1730 3837 1799 3891; x_wconf 82' lang='lat' dir='ltr'><strong>ad</strong></span> <span class='ocrx_word' id='word_1_310' title='bbox 1832 3837 2041 3892; x_wconf 66' lang='lat' dir='ltr'><strong>Graecos</strong></span> <span class='ocrx_word' id='word_1_311' title='bbox 2069 3846 2123 3891; x_wconf 87' lang='lat' dir='ltr'><strong>et</strong></span> <span class='ocrx_word' id='word_1_312' title='bbox 2156 3840 2350 3892; x_wconf 89' lang='lat' dir='ltr'><strong>librum</strong></span> <span class='ocrx_word' id='word_1_313' title='bbox 2384 3839 2462 3892; x_wconf 79' lang='lat' dir='ltr'><strong>De</strong></span> <span class='ocrx_word' id='word_1_314' title='bbox 2492 3839 2818 3901; x_wconf 83' lang='lat' dir='ltr'><strong>monarclu&#39;a,</strong></span> <span class='ocrx_word' id='word_1_315' title='bbox 2847 3839 2902 3891; x_wconf 91' lang='lat' dir='ltr'><strong>in</strong></span> <span class='ocrx_word' id='word_1_316' title='bbox 2950 3836 3186 3899; x_wconf 88' lang='lat' dir='ltr'><strong>Tatiani,</strong></span> <span class='ocrx_word' id='word_1_317' title='bbox 3227 3835 3396 3889; x_wconf 83' lang='lat' dir='ltr'><strong>Athe-</strong></span> 
     </span>
    </p>
   </div>
   <div class='ocr_carea' id='block_1_30' title="bbox 191 3921 3413 3999">
    <p class='ocr_par' dir='ltr' id='par_1_30' title="bbox 191 3921 3413 3999">
     <span class='ocr_line' id='line_1_30' title="bbox 191 3921 3413 3999; baseline 0 -20"><span class='ocrx_word' id='word_1_318' title='bbox 191 3941 430 3995; x_wconf 65' lang='lat' dir='ltr'><strong>nagorae,</strong></span> <span class='ocrx_word' id='word_1_319' title='bbox 459 3927 738 3997; x_wconf 79' lang='lat' dir='ltr'><strong>TheOphili</strong></span> <span class='ocrx_word' id='word_1_320' title='bbox 768 3938 823 3983; x_wconf 90' lang='lat' dir='ltr'><strong>et</strong></span> <span class='ocrx_word' id='word_1_321' title='bbox 859 3927 1087 3984; x_wconf 74' lang='lat' dir='ltr'><strong>Hermia:</strong></span> <span class='ocrx_word' id='word_1_322' title='bbox 1121 3932 1290 3984; x_wconf 90' lang='lat' dir='ltr'><strong>libros</strong></span> <span class='ocrx_word' id='word_1_323' title='bbox 1349 3921 1688 3999; x_wconf 85' lang='lat' dir='ltr'><strong>potissimum</strong></span> <span class='ocrx_word' id='word_1_324' title='bbox 1745 3932 2080 3986; x_wconf 76' lang='lat' dir='ltr'><strong>correximus</strong></span> <span class='ocrx_word' id='word_1_325' title='bbox 2122 3940 2214 3984; x_wconf 87' lang='lat' dir='ltr'><strong>aut</strong></span> <span class='ocrx_word' id='word_1_326' title='bbox 2263 3933 2317 3999; x_wconf 88' lang='lat' dir='ltr'><strong>in</strong></span> <span class='ocrx_word' id='word_1_327' title='bbox 2367 3927 2480 3986; x_wconf 53' lang='lat' dir='ltr'><strong>eas‘</strong></span> <span class='ocrx_word' id='word_1_328' title='bbox 2507 3930 2838 3994; x_wconf 86' lang='lat' dir='ltr'><strong>addidimus,</strong></span> <span class='ocrx_word' id='word_1_329' title='bbox 2886 3944 3044 3982; x_wconf 91' lang='lat' dir='ltr'><strong>nemo</strong></span> <span class='ocrx_word' id='word_1_330' title='bbox 3103 3944 3211 3982; x_wconf 91' lang='lat' dir='ltr'><strong>non</strong></span> <span class='ocrx_word' id='word_1_331' title='bbox 3254 3926 3413 3980; x_wconf 82' lang='lat' dir='ltr'><strong>facile</strong></span> 
     </span>
    </p>
   </div>
   <div class='ocr_carea' id='block_1_31' title="bbox 189 4007 3413 4091">
    <p class='ocr_par' dir='ltr' id='par_1_31' title="bbox 189 4007 3413 4091">
     <span class='ocr_line' id='line_1_31' title="bbox 189 4007 3413 4091; baseline 0 -21"><span class='ocrx_word' id='word_1_332' title='bbox 189 4019 500 4087; x_wconf 84' lang='lat' dir='ltr'><strong>perspiciet.</strong></span> <span class='ocrx_word' id='word_1_333' title='bbox 554 4019 630 4073; x_wconf 87' lang='lat' dir='ltr'><strong>Ne</strong></span> <span class='ocrx_word' id='word_1_334' title='bbox 663 4021 792 4089; x_wconf 91' lang='lat' dir='ltr'><strong>quid</strong></span> <span class='ocrx_word' id='word_1_335' title='bbox 814 4021 941 4076; x_wconf 81' lang='lat' dir='ltr'><strong>huic</strong></span> <span class='ocrx_word' id='word_1_336' title='bbox 964 4022 1188 4076; x_wconf 88' lang='lat' dir='ltr'><strong>editioni</strong></span> <span class='ocrx_word' id='word_1_337' title='bbox 1213 4007 1446 4086; x_wconf 85' lang='lat' dir='ltr'><strong>deesset,</strong></span> <span class='ocrx_word' id='word_1_338' title='bbox 1479 4031 1532 4076; x_wconf 92' lang='lat' dir='ltr'><strong>et</strong></span> <span class='ocrx_word' id='word_1_339' title='bbox 1565 4039 1683 4091; x_wconf 61' lang='lat' dir='ltr'><strong>qua:</strong></span> <span class='ocrx_word' id='word_1_340' title='bbox 1718 4025 1771 4074; x_wconf 92' lang='lat' dir='ltr'><strong>in</strong></span> <span class='ocrx_word' id='word_1_341' title='bbox 1800 4023 2034 4076; x_wconf 89' lang='lat' dir='ltr'><strong>editione</strong></span> <span class='ocrx_word' id='word_1_342' title='bbox 2063 4024 2320 4076; x_wconf 90' lang='lat' dir='ltr'><strong>librorum</strong></span> <span class='ocrx_word' id='word_1_343' title='bbox 2350 4037 2380 4076; x_wconf 92' lang='lat' dir='ltr'><strong>a</strong></span> <span class='ocrx_word' id='word_1_344' title='bbox 2419 4020 2626 4086; x_wconf 84' lang='lat' dir='ltr'><strong>Iustino</strong></span> <span class='ocrx_word' id='word_1_345' title='bbox 2653 4032 2705 4077; x_wconf 92' lang='lat' dir='ltr'><strong>et</strong></span> <span class='ocrx_word' id='word_1_346' title='bbox 2734 4021 2964 4077; x_wconf 86' lang='lat' dir='ltr'><strong>Taliano</strong></span> <span class='ocrx_word' id='word_1_347' title='bbox 2983 4021 3413 4090; x_wconf 87' lang='lat' dir='ltr'><strong>conscriptorum</strong></span> 
     </span>
    </p>
   </div>
   <div class='ocr_carea' id='block_1_32' title="bbox 189 4111 3406 4187">
    <p class='ocr_par' dir='ltr' id='par_1_32' title="bbox 189 4111 3406 4187">
     <span class='ocr_line' id='line_1_32' title="bbox 189 4111 3406 4187; baseline 0.001 -23"><span class='ocrx_word' id='word_1_348' title='bbox 189 4127 221 4164; x_wconf 89' lang='lat' dir='ltr'><strong>a</strong></span> <span class='ocrx_word' id='word_1_349' title='bbox 243 4113 312 4164; x_wconf 93' lang='lat' dir='ltr'><strong>cl.</strong></span> <span class='ocrx_word' id='word_1_350' title='bbox 343 4111 539 4166; x_wconf 88' lang='lat' dir='ltr'><strong>Ottone</strong></span> <span class='ocrx_word' id='word_1_351' title='bbox 570 4115 623 4167; x_wconf 85' lang='lat' dir='ltr'><strong>in</strong></span> <span class='ocrx_word' id='word_1_352' title='bbox 656 4114 830 4182; x_wconf 76' lang='lat' dir='ltr'><strong>lucem</strong></span> <span class='ocrx_word' id='word_1_353' title='bbox 860 4115 1058 4170; x_wconf 73' lang='lat' dir='ltr'><strong>emissa</strong></span> <span class='ocrx_word' id='word_1_354' title='bbox 1091 4117 1232 4170; x_wconf 89' lang='lat' dir='ltr'><strong>bona</strong></span> <span class='ocrx_word' id='word_1_355' title='bbox 1263 4118 1477 4171; x_wconf 79' lang='lat' dir='ltr'><strong>inerant</strong></span> <span class='ocrx_word' id='word_1_356' title='bbox 1504 4116 1603 4187; x_wconf 84' lang='lat' dir='ltr'><strong>(l),</strong></span> <span class='ocrx_word' id='word_1_357' title='bbox 1636 4127 1690 4172; x_wconf 90' lang='lat' dir='ltr'><strong>et</strong></span> <span class='ocrx_word' id='word_1_358' title='bbox 1716 4132 1835 4186; x_wconf 66' lang='lat' dir='ltr'><strong>quae</strong></span> <span class='ocrx_word' id='word_1_359' title='bbox 1871 4118 1969 4186; x_wconf 86' lang='lat' dir='ltr'><strong>ipsi</strong></span> <span class='ocrx_word' id='word_1_360' title='bbox 1996 4117 2126 4172; x_wconf 89' lang='lat' dir='ltr'><strong>olim</strong></span> <span class='ocrx_word' id='word_1_361' title='bbox 2187 4118 2242 4171; x_wconf 92' lang='lat' dir='ltr'><strong>in</strong></span> <span class='ocrx_word' id='word_1_362' title='bbox 2292 4118 2638 4174; x_wconf 85' lang='lat' dir='ltr'><strong>diiudicanda</strong></span> <span class='ocrx_word' id='word_1_363' title='bbox 2686 4119 2788 4172; x_wconf 90' lang='lat' dir='ltr'><strong>ista</strong></span> <span class='ocrx_word' id='word_1_364' title='bbox 2820 4117 3058 4186; x_wconf 81' lang='lat' dir='ltr'><strong>editione</strong></span> <span class='ocrx_word' id='word_1_365' title='bbox 3101 4115 3406 4179; x_wconf 87' lang='lat' dir='ltr'><strong>attulimus,</strong></span> 
     </span>
    </p>
   </div>
   <div class='ocr_carea' id='block_1_33' title="bbox 189 4201 904 4272">
    <p class='ocr_par' dir='ltr' id='par_1_33' title="bbox 189 4201 904 4272">
     <span class='ocr_line' id='line_1_33' title="bbox 189 4201 904 4272; baseline 0.007 -17"><span class='ocrx_word' id='word_1_366' title='bbox 189 4201 279 4255; x_wconf 84' lang='lat' dir='ltr'><strong>hic</strong></span> <span class='ocrx_word' id='word_1_367' title='bbox 308 4205 599 4272; x_wconf 88' lang='lat' dir='ltr'><strong>repetenda</strong></span> <span class='ocrx_word' id='word_1_368' title='bbox 626 4205 904 4262; x_wconf 84' lang='lat' dir='ltr'><strong>duximus.</strong></span> 
     </span>
    </p>
   </div>
   <div class='ocr_carea' id='block_1_34' title="bbox 260 4313 3400 4394">
    <p class='ocr_par' dir='ltr' id='par_1_34' title="bbox 260 4313 3400 4394">
     <span class='ocr_line' id='line_1_34' title="bbox 260 4313 3400 4394; baseline 0.004 -28"><span class='ocrx_word' id='word_1_369' title='bbox 260 4313 583 4386; x_wconf 79' lang='lat' dir='ltr'><strong>Fragmenta</strong></span> <span class='ocrx_word' id='word_1_370' title='bbox 616 4318 804 4374; x_wconf 87' lang='lat' dir='ltr'><strong>lustini</strong></span> <span class='ocrx_word' id='word_1_371' title='bbox 835 4331 889 4376; x_wconf 86' lang='lat' dir='ltr'><strong>et</strong></span> <span class='ocrx_word' id='word_1_372' title='bbox 908 4321 1140 4384; x_wconf 82' lang='lat' dir='ltr'><strong>Tatiani.</strong></span> <span class='ocrx_word' id='word_1_373' title='bbox 1181 4341 1302 4392; x_wconf 70' lang='lat' dir='ltr'><strong>qua:</strong></span> <span class='ocrx_word' id='word_1_374' title='bbox 1334 4325 1537 4380; x_wconf 61' lang='lat' dir='ltr'><strong>“arani</strong></span> <span class='ocrx_word' id='word_1_375' title='bbox 1584 4326 1809 4380; x_wconf 84' lang='lat' dir='ltr'><strong>deerant</strong></span> <span class='ocrx_word' id='word_1_376' title='bbox 1829 4325 2075 4388; x_wconf 89' lang='lat' dir='ltr'><strong>editioni,</strong></span> <span class='ocrx_word' id='word_1_377' title='bbox 2113 4327 2200 4381; x_wconf 92' lang='lat' dir='ltr'><strong>hic</strong></span> <span class='ocrx_word' id='word_1_378' title='bbox 2225 4326 2561 4394; x_wconf 90' lang='lat' dir='ltr'><strong>addidimus;</strong></span> <span class='ocrx_word' id='word_1_379' title='bbox 2594 4329 2800 4384; x_wconf 86' lang='lat' dir='ltr'><strong>scholia</strong></span> <span class='ocrx_word' id='word_1_380' title='bbox 2831 4329 3018 4384; x_wconf 64' lang='lat' dir='ltr'><strong>Graeca</strong></span> <span class='ocrx_word' id='word_1_381' title='bbox 3045 4328 3099 4381; x_wconf 89' lang='lat' dir='ltr'><strong>in</strong></span> <span class='ocrx_word' id='word_1_382' title='bbox 3125 4327 3400 4381; x_wconf 88' lang='lat' dir='ltr'><strong>Iustinum</strong></span> 
     </span>
    </p>
   </div>
   <div class='ocr_carea' id='block_1_35' title="bbox 187 4406 3336 4502">
    <p class='ocr_par' dir='ltr' id='par_1_35' title="bbox 187 4406 3336 4502">
     <span class='ocr_line' id='line_1_35' title="bbox 187 4406 3336 4502; baseline 0.005 -43"><span class='ocrx_word' id='word_1_383' title='bbox 187 4406 481 4460; x_wconf 83' lang='lat' dir='ltr'><strong>maximam</strong></span> <span class='ocrx_word' id='word_1_384' title='bbox 517 4418 723 4478; x_wconf 84' lang='lat' dir='ltr'><strong>partem</strong></span> <span class='ocrx_word' id='word_1_385' title='bbox 757 4413 983 4502; x_wconf 75' lang='lat' dir='ltr'><strong>inedita,</strong></span> <span class='ocrx_word' id='word_1_386' title='bbox 1009 4419 1066 4468; x_wconf 88' lang='lat' dir='ltr'><strong>in</strong></span> <span class='ocrx_word' id='word_1_387' title='bbox 1097 4415 1386 4470; x_wconf 86' lang='lat' dir='ltr'><strong>Tatianum</strong></span> <span class='ocrx_word' id='word_1_388' title='bbox 1411 4417 1767 4482; x_wconf 82' lang='lat' dir='ltr'><strong>emendatius,</strong></span> <span class='ocrx_word' id='word_1_389' title='bbox 1805 4419 1861 4472; x_wconf 87' lang='lat' dir='ltr'><strong>in</strong></span> <span class='ocrx_word' id='word_1_390' title='bbox 1890 4418 2288 4488; x_wconf 80' lang='lat' dir='ltr'><strong>Athenagoram</strong></span> <span class='ocrx_word' id='word_1_391' title='bbox 2322 4436 2466 4475; x_wconf 91' lang='lat' dir='ltr'><strong>nunc</strong></span> <span class='ocrx_word' id='word_1_392' title='bbox 2496 4423 2733 4489; x_wconf 84' lang='lat' dir='ltr'><strong>primum</strong></span> <span class='ocrx_word' id='word_1_393' title='bbox 2763 4421 2973 4476; x_wconf 87' lang='lat' dir='ltr'><strong>edenda</strong></span> <span class='ocrx_word' id='word_1_394' title='bbox 2999 4422 3336 4476; x_wconf 83' lang='lat' dir='ltr'><strong>curavimus.</strong></span> 
     </span>
    </p>
   </div>
   <div class='ocr_carea' id='block_1_36' title="bbox 259 4509 3406 4597">
    <p class='ocr_par' dir='ltr' id='par_1_36' title="bbox 259 4509 3406 4597">
     <span class='ocr_line' id='line_1_36' title="bbox 259 4509 3406 4597; baseline 0.003 -23"><span class='ocrx_word' id='word_1_395' title='bbox 259 4516 384 4574; x_wconf 81' lang='lat' dir='ltr'><strong>Otto</strong></span> <span class='ocrx_word' id='word_1_396' title='bbox 414 4520 528 4589; x_wconf 85' lang='lat' dir='ltr'><strong>ipse</strong></span> <span class='ocrx_word' id='word_1_397' title='bbox 556 4522 814 4575; x_wconf 88' lang='lat' dir='ltr'><strong>nonnulla</strong></span> <span class='ocrx_word' id='word_1_398' title='bbox 847 4524 1219 4592; x_wconf 84' lang='lat' dir='ltr'><strong>superioribus</strong></span> <span class='ocrx_word' id='word_1_399' title='bbox 1256 4526 1638 4594; x_wconf 85' lang='lat' dir='ltr'><strong>interpretibus</strong></span> <span class='ocrx_word' id='word_1_400' title='bbox 1681 4527 1887 4583; x_wconf 89' lang='lat' dir='ltr'><strong>rectius</strong></span> <span class='ocrx_word' id='word_1_401' title='bbox 1921 4529 2211 4597; x_wconf 86' lang='lat' dir='ltr'><strong>explicuit;</strong></span> <span class='ocrx_word' id='word_1_402' title='bbox 2250 4531 2380 4583; x_wconf 83' lang='lat' dir='ltr'><strong>vitia</strong></span> <span class='ocrx_word' id='word_1_403' title='bbox 2409 4509 2496 4588; x_wconf 21' lang='lat' dir='ltr'><strong>jab</strong></span> <span class='ocrx_word' id='word_1_404' title='bbox 2526 4530 2592 4584; x_wconf 84' lang='lat' dir='ltr'><strong>iis</strong></span> <span class='ocrx_word' id='word_1_405' title='bbox 2618 4533 2671 4584; x_wconf 91' lang='lat' dir='ltr'><strong>in</strong></span> <span class='ocrx_word' id='word_1_406' title='bbox 2705 4531 2996 4587; x_wconf 87' lang='lat' dir='ltr'><strong>afferendis</strong></span> <span class='ocrx_word' id='word_1_407' title='bbox 3016 4532 3177 4586; x_wconf 93' lang='lat' dir='ltr'><strong>codd.</strong></span> <span class='ocrx_word' id='word_1_408' title='bbox 3215 4532 3406 4586; x_wconf 89' lang='lat' dir='ltr'><strong>lectio-</strong></span> 
     </span>
    </p>
   </div>
   <div class='ocr_carea' id='block_1_37' title="bbox 186 4611 3403 4697">
    <p class='ocr_par' dir='ltr' id='par_1_37' title="bbox 186 4611 3403 4697">
     <span class='ocr_line' id='line_1_37' title="bbox 186 4611 3403 4697; baseline 0.004 -30"><span class='ocrx_word' id='word_1_409' title='bbox 186 4611 354 4667; x_wconf 88' lang='lat' dir='ltr'><strong>nibus</strong></span> <span class='ocrx_word' id='word_1_410' title='bbox 385 4613 472 4666; x_wconf 91' lang='lat' dir='ltr'><strong>hic</strong></span> <span class='ocrx_word' id='word_1_411' title='bbox 500 4615 611 4668; x_wconf 87' lang='lat' dir='ltr'><strong>illic</strong></span> <span class='ocrx_word' id='word_1_412' title='bbox 635 4617 928 4672; x_wconf 87' lang='lat' dir='ltr'><strong>commissa</strong></span> <span class='ocrx_word' id='word_1_413' title='bbox 981 4615 1045 4673; x_wconf 78' lang='grc' dir='ltr'><strong>Ο.</strong></span> <span class='ocrx_word' id='word_1_414' title='bbox 1079 4619 1137 4673; x_wconf 87' lang='grc' dir='ltr'><strong>Β.</strong></span> <span class='ocrx_word' id='word_1_415' title='bbox 1169 4619 1308 4674; x_wconf 89' lang='lat' dir='ltr'><strong>llase</strong></span> <span class='ocrx_word' id='word_1_416' title='bbox 1349 4622 1754 4692; x_wconf 72' lang='lat' dir='ltr'><strong>Operaadiutus</strong></span> <span class='ocrx_word' id='word_1_417' title='bbox 1785 4626 2040 4690; x_wconf 86' lang='lat' dir='ltr'><strong>correxit,</strong></span> <span class='ocrx_word' id='word_1_418' title='bbox 2073 4625 2277 4694; x_wconf 83' lang='lat' dir='ltr'><strong>aliquot</strong></span> <span class='ocrx_word' id='word_1_419' title='bbox 2303 4627 2450 4679; x_wconf 92' lang='lat' dir='ltr'><strong>locos</strong></span> <span class='ocrx_word' id='word_1_420' title='bbox 2482 4635 2770 4697; x_wconf 89' lang='lat' dir='ltr'><strong>corruptos</strong></span> <span class='ocrx_word' id='word_1_421' title='bbox 2801 4627 3036 4681; x_wconf 86' lang='lat' dir='ltr'><strong>feliciter</strong></span> <span class='ocrx_word' id='word_1_422' title='bbox 3063 4627 3403 4694; x_wconf 82' lang='lat' dir='ltr'><strong>emendavit;</strong></span> 
     </span>
    </p>
   </div>
   <div class='ocr_carea' id='block_1_38' title="bbox 186 4702 3409 4788">
    <p class='ocr_par' dir='ltr' id='par_1_38' title="bbox 186 4702 3409 4788">
     <span class='ocr_line' id='line_1_38' title="bbox 186 4702 3409 4788; baseline 0.004 -29"><span class='ocrx_word' id='word_1_423' title='bbox 186 4707 283 4760; x_wconf 86' lang='lat' dir='ltr'><strong>sed</strong></span> <span class='ocrx_word' id='word_1_424' title='bbox 307 4707 503 4776; x_wconf 70' lang='lat' dir='ltr'><strong>linguae</strong></span> <span class='ocrx_word' id='word_1_425' title='bbox 533 4705 730 4762; x_wconf 63' lang='lat' dir='ltr'><strong>Graiae</strong></span> <span class='ocrx_word' id='word_1_426' title='bbox 759 4717 844 4763; x_wconf 87' lang='lat' dir='ltr'><strong>sat</strong></span> <span class='ocrx_word' id='word_1_427' title='bbox 873 4702 1161 4778; x_wconf 66' lang='lat' dir='ltr'><strong>imperitus</strong></span> <span class='ocrx_word' id='word_1_428' title='bbox 1190 4714 1370 4779; x_wconf 88' lang='lat' dir='ltr'><strong>plures</strong></span> <span class='ocrx_word' id='word_1_429' title='bbox 1419 4715 1697 4782; x_wconf 86' lang='lat' dir='ltr'><strong>corrupit;</strong></span> <span class='ocrx_word' id='word_1_430' title='bbox 1763 4715 1876 4780; x_wconf 86' lang='lat' dir='ltr'><strong>alii,</strong></span> <span class='ocrx_word' id='word_1_431' title='bbox 1923 4731 2032 4785; x_wconf 87' lang='lat' dir='ltr'><strong>quo</strong></span> <span class='ocrx_word' id='word_1_432' title='bbox 2085 4717 2244 4774; x_wconf 92' lang='lat' dir='ltr'><strong>modo</strong></span> <span class='ocrx_word' id='word_1_433' title='bbox 2300 4718 2623 4771; x_wconf 87' lang='lat' dir='ltr'><strong>emendandi</strong></span> <span class='ocrx_word' id='word_1_434' title='bbox 2661 4726 2715 4772; x_wconf 87' lang='lat' dir='ltr'><strong>et</strong></span> <span class='ocrx_word' id='word_1_435' title='bbox 2747 4716 3056 4788; x_wconf 77' lang='lat' dir='ltr'><strong>explicandi</strong></span> <span class='ocrx_word' id='word_1_436' title='bbox 3102 4727 3312 4787; x_wconf 86' lang='lat' dir='ltr'><strong>essent,</strong></span> <span class='ocrx_word' id='word_1_437' title='bbox 3347 4725 3409 4773; x_wconf 95' lang='lat' dir='ltr'><strong>ut</strong></span> 
     </span>
    </p>
   </div>
   <div class='ocr_carea' id='block_1_39' title="bbox 180 4793 3405 4884">
    <p class='ocr_par' dir='ltr' id='par_1_39' title="bbox 180 4793 3405 4884">
     <span class='ocr_line' id='line_1_39' title="bbox 180 4793 3405 4884; baseline 0.002 -24"><span class='ocrx_word' id='word_1_438' title='bbox 180 4801 392 4860; x_wconf 66' lang='lat' dir='ltr'><strong>Nideret</strong></span> <span class='ocrx_word' id='word_1_439' title='bbox 421 4803 523 4872; x_wconf 91' lang='lat' dir='ltr'><strong>ipsi</strong></span> <span class='ocrx_word' id='word_1_440' title='bbox 552 4819 658 4857; x_wconf 91' lang='lat' dir='ltr'><strong>non</strong></span> <span class='ocrx_word' id='word_1_441' title='bbox 691 4805 939 4875; x_wconf 81' lang='lat' dir='ltr'><strong>contigit.</strong></span> <span class='ocrx_word' id='word_1_442' title='bbox 965 4804 1140 4870; x_wconf 83' lang='lat' dir='ltr'><strong>Quem</strong></span> <span class='ocrx_word' id='word_1_443' title='bbox 1179 4823 1208 4860; x_wconf 92' lang='lat' dir='ltr'><strong>a</strong></span> <span class='ocrx_word' id='word_1_444' title='bbox 1239 4809 1394 4862; x_wconf 89' lang='lat' dir='ltr'><strong>nobis</strong></span> <span class='ocrx_word' id='word_1_445' title='bbox 1438 4809 1583 4877; x_wconf 83' lang='lat' dir='ltr'><strong>juste</strong></span> <span class='ocrx_word' id='word_1_446' title='bbox 1614 4819 1666 4863; x_wconf 94' lang='lat' dir='ltr'><strong>et</strong></span> <span class='ocrx_word' id='word_1_447' title='bbox 1718 4793 1910 4866; x_wconf 88' lang='lat' dir='ltr'><strong>leniter</strong></span> <span class='ocrx_word' id='word_1_448' title='bbox 1939 4814 2299 4880; x_wconf 81' lang='lat' dir='ltr'><strong>vituperatum</strong></span> <span class='ocrx_word' id='word_1_449' title='bbox 2330 4814 2421 4883; x_wconf 90' lang='lat' dir='ltr'><strong>qui</strong></span> <span class='ocrx_word' id='word_1_450' title='bbox 2454 4812 2742 4867; x_wconf 87' lang='lat' dir='ltr'><strong>defendere</strong></span> <span class='ocrx_word' id='word_1_451' title='bbox 2790 4814 3137 4880; x_wconf 89' lang='lat' dir='ltr'><strong>studuerunt,</strong></span> <span class='ocrx_word' id='word_1_452' title='bbox 3186 4827 3405 4884; x_wconf 78' lang='lat' dir='ltr'><strong>operam</strong></span> 
     </span>
    </p>
   </div>
   <div class='ocr_carea' id='block_1_40' title="bbox 181 4895 3404 4978">
    <p class='ocr_par' dir='ltr' id='par_1_40' title="bbox 181 4895 3404 4978">
     <span class='ocr_line' id='line_1_40' title="bbox 181 4895 3404 4978; baseline 0.005 -32"><span class='ocrx_word' id='word_1_453' title='bbox 181 4903 238 4946; x_wconf 89' lang='lat' dir='ltr'><strong>et</strong></span> <span class='ocrx_word' id='word_1_454' title='bbox 267 4895 444 4948; x_wconf 85' lang='lat' dir='ltr'><strong>oleum</strong></span> <span class='ocrx_word' id='word_1_455' title='bbox 471 4897 822 4965; x_wconf 90' lang='lat' dir='ltr'><strong>perdiderunt</strong></span> <span class='ocrx_word' id='word_1_456' title='bbox 859 4917 873 4952; x_wconf 89' lang='lat'>:</span> <span class='ocrx_word' id='word_1_457' title='bbox 907 4906 962 4952; x_wconf 90' lang='lat' dir='ltr'><strong>et</strong></span> <span class='ocrx_word' id='word_1_458' title='bbox 1007 4901 1247 4969; x_wconf 89' lang='lat' dir='ltr'><strong>ipsorum</strong></span> <span class='ocrx_word' id='word_1_459' title='bbox 1285 4903 1588 4971; x_wconf 82' lang='lat' dir='ltr'><strong>ignorantia</strong></span> <span class='ocrx_word' id='word_1_460' title='bbox 1632 4920 1838 4972; x_wconf 88' lang='lat' dir='ltr'><strong>earum,</strong></span> <span class='ocrx_word' id='word_1_461' title='bbox 1870 4906 1937 4960; x_wconf 94' lang='lat' dir='ltr'><strong>de</strong></span> <span class='ocrx_word' id='word_1_462' title='bbox 1979 4908 2177 4976; x_wconf 86' lang='lat' dir='ltr'><strong>quibus</strong></span> <span class='ocrx_word' id='word_1_463' title='bbox 2210 4909 2491 4976; x_wconf 80' lang='lat' dir='ltr'><strong>agebatur,</strong></span> <span class='ocrx_word' id='word_1_464' title='bbox 2538 4923 2718 4963; x_wconf 91' lang='lat' dir='ltr'><strong>rerum</strong></span> <span class='ocrx_word' id='word_1_465' title='bbox 2767 4908 2972 4962; x_wconf 89' lang='lat' dir='ltr'><strong>factum</strong></span> <span class='ocrx_word' id='word_1_466' title='bbox 3021 4917 3106 4963; x_wconf 88' lang='lat' dir='ltr'><strong>est</strong></span> <span class='ocrx_word' id='word_1_467' title='bbox 3131 4907 3193 4963; x_wconf 72' lang='lat' dir='ltr'><strong>ut</strong></span> <span class='ocrx_word' id='word_1_468' title='bbox 3245 4924 3404 4978; x_wconf 87' lang='lat' dir='ltr'><strong>quam</strong></span> 
     </span>
    </p>
   </div>
   <div class='ocr_carea' id='block_1_41' title="bbox 183 4985 2464 5063">
    <p class='ocr_par' dir='ltr' id='par_1_41' title="bbox 183 4985 2464 5063">
     <span class='ocr_line' id='line_1_41' title="bbox 183 4985 2464 5063; baseline 0.008 -25"><span class='ocrx_word' id='word_1_469' title='bbox 183 4985 389 5041; x_wconf 89' lang='lat' dir='ltr'><strong>iustum</strong></span> <span class='ocrx_word' id='word_1_470' title='bbox 414 4997 468 5042; x_wconf 92' lang='lat' dir='ltr'><strong>et</strong></span> <span class='ocrx_word' id='word_1_471' title='bbox 490 5005 673 5044; x_wconf 90' lang='lat' dir='ltr'><strong>verum</strong></span> <span class='ocrx_word' id='word_1_472' title='bbox 698 4991 1145 5063; x_wconf 85' lang='lat' dir='ltr'><strong>fueritiudicium</strong></span> <span class='ocrx_word' id='word_1_473' title='bbox 1174 5003 1444 5057; x_wconf 90' lang='lat' dir='ltr'><strong>nostrum,</strong></span> <span class='ocrx_word' id='word_1_474' title='bbox 1471 4997 1588 5050; x_wconf 91' lang='lat' dir='ltr'><strong>lucc</strong></span> <span class='ocrx_word' id='word_1_475' title='bbox 1617 5000 1820 5053; x_wconf 88' lang='lat' dir='ltr'><strong>clarius</strong></span> <span class='ocrx_word' id='word_1_476' title='bbox 1859 5007 2344 5054; x_wconf 87' lang='lat' dir='ltr'><strong>commonstralum</strong></span> <span class='ocrx_word' id='word_1_477' title='bbox 2373 5001 2464 5056; x_wconf 88' lang='lat' dir='ltr'><strong>sit.</strong></span> 
     </span>
    </p>
   </div>
   <div class='ocr_carea' id='block_1_42' title="bbox 253 5101 3404 5178">
    <p class='ocr_par' dir='ltr' id='par_1_42' title="bbox 253 5101 3404 5178">
     <span class='ocr_line' id='line_1_42' title="bbox 253 5101 3404 5178; baseline 0.005 -25"><span class='ocrx_word' id='word_1_478' title='bbox 253 5101 299 5164; x_wconf 67' lang='grc' dir='ltr'><strong>Δ</strong></span> <span class='ocrx_word' id='word_1_479' title='bbox 328 5102 485 5156; x_wconf 90' lang='lat' dir='ltr'><strong>nobis</strong></span> <span class='ocrx_word' id='word_1_480' title='bbox 509 5101 643 5156; x_wconf 88' lang='lat' dir='ltr'><strong>nihil</strong></span> <span class='ocrx_word' id='word_1_481' title='bbox 672 5104 936 5169; x_wconf 81' lang='lat' dir='ltr'><strong>omissum</strong></span> <span class='ocrx_word' id='word_1_482' title='bbox 975 5116 1283 5161; x_wconf 88' lang='lat' dir='ltr'><strong>erratumve</strong></span> <span class='ocrx_word' id='word_1_483' title='bbox 1310 5124 1434 5163; x_wconf 89' lang='lat' dir='ltr'><strong>esse</strong></span> <span class='ocrx_word' id='word_1_484' title='bbox 1463 5125 1567 5162; x_wconf 88' lang='lat' dir='ltr'><strong>non</strong></span> <span class='ocrx_word' id='word_1_485' title='bbox 1601 5110 2078 5178; x_wconf 80' lang='lat' dir='ltr'><strong>aﬂirmaverimus;</strong></span> <span class='ocrx_word' id='word_1_486' title='bbox 2112 5113 2308 5166; x_wconf 88' lang='lat' dir='ltr'><strong>etenim</strong></span> <span class='ocrx_word' id='word_1_487' title='bbox 2357 5114 2606 5173; x_wconf 88' lang='lat' dir='ltr'><strong>homines</strong></span> <span class='ocrx_word' id='word_1_488' title='bbox 2638 5130 2828 5170; x_wconf 89' lang='lat' dir='ltr'><strong>sumus</strong></span> <span class='ocrx_word' id='word_1_489' title='bbox 2857 5122 2910 5169; x_wconf 84' lang='lat' dir='ltr'><strong>et</strong></span> <span class='ocrx_word' id='word_1_490' title='bbox 2942 5116 3162 5170; x_wconf 88' lang='lat' dir='ltr'><strong>humani</strong></span> <span class='ocrx_word' id='word_1_491' title='bbox 3209 5119 3342 5171; x_wconf 89' lang='lat' dir='ltr'><strong>nihil</strong></span> <span class='ocrx_word' id='word_1_492' title='bbox 3377 5133 3404 5170; x_wconf 89' lang='lat' dir='ltr'><strong>a</strong></span> 
     </span>
    </p>
   </div>
   <div class='ocr_carea' id='block_1_43' title="bbox 181 5192 3392 5276">
    <p class='ocr_par' dir='ltr' id='par_1_43' title="bbox 181 5192 3392 5276">
     <span class='ocr_line' id='line_1_43' title="bbox 181 5192 3392 5276; baseline 0.004 -29"><span class='ocrx_word' id='word_1_493' title='bbox 181 5192 342 5247; x_wconf 82' lang='lat' dir='ltr'><strong>nobis</strong></span> <span class='ocrx_word' id='word_1_494' title='bbox 374 5193 608 5247; x_wconf 86' lang='lat' dir='ltr'><strong>alienum</strong></span> <span class='ocrx_word' id='word_1_495' title='bbox 641 5203 914 5263; x_wconf 84' lang='lat' dir='ltr'><strong>putamus.</strong></span> <span class='ocrx_word' id='word_1_496' title='bbox 950 5195 1056 5250; x_wconf 87' lang='lat' dir='ltr'><strong>Sed</strong></span> <span class='ocrx_word' id='word_1_497' title='bbox 1087 5199 1443 5252; x_wconf 88' lang='lat' dir='ltr'><strong>omissi&#39;onum</strong></span> <span class='ocrx_word' id='word_1_498' title='bbox 1487 5208 1860 5254; x_wconf 82' lang='lat' dir='ltr'><strong>crratorumve</strong></span> <span class='ocrx_word' id='word_1_499' title='bbox 1879 5209 2190 5257; x_wconf 85' lang='lat' dir='ltr'><strong>nostrorum</strong></span> <span class='ocrx_word' id='word_1_500' title='bbox 2227 5218 2336 5272; x_wconf 85' lang='lat' dir='ltr'><strong>quo</strong></span> <span class='ocrx_word' id='word_1_501' title='bbox 2360 5203 2571 5258; x_wconf 83' lang='lat' dir='ltr'><strong>facilius</strong></span> <span class='ocrx_word' id='word_1_502' title='bbox 2600 5206 2811 5258; x_wconf 76' lang='lat' dir='ltr'><strong>veniam</strong></span> <span class='ocrx_word' id='word_1_503' title='bbox 2842 5220 2872 5257; x_wconf 94' lang='lat' dir='ltr'><strong>a</strong></span> <span class='ocrx_word' id='word_1_504' title='bbox 2900 5205 3195 5260; x_wconf 89' lang='lat' dir='ltr'><strong>lectoribus</strong></span> <span class='ocrx_word' id='word_1_505' title='bbox 3226 5209 3392 5276; x_wconf 88' lang='lat' dir='ltr'><strong>impe-</strong></span> 
     </span>
    </p>
   </div>
   <div class='ocr_carea' id='block_1_44' title="bbox 181 5292 3401 5368">
    <p class='ocr_par' dir='ltr' id='par_1_44' title="bbox 181 5292 3401 5368">
     <span class='ocr_line' id='line_1_44' title="bbox 181 5292 3401 5368; baseline 0.003 -25"><span class='ocrx_word' id='word_1_506' title='bbox 181 5297 414 5350; x_wconf 86' lang='lat' dir='ltr'><strong>tremus,</strong></span> <span class='ocrx_word' id='word_1_507' title='bbox 447 5303 542 5344; x_wconf 85' lang='lat' dir='ltr'><strong>eos</strong></span> <span class='ocrx_word' id='word_1_508' title='bbox 572 5300 790 5359; x_wconf 78' lang='lat' dir='ltr'><strong>rogatos</strong></span> <span class='ocrx_word' id='word_1_509' title='bbox 816 5292 1048 5346; x_wconf 82' lang='lat' dir='ltr'><strong>velimus</strong></span> <span class='ocrx_word' id='word_1_510' title='bbox 1074 5300 1132 5345; x_wconf 85' lang='lat' dir='ltr'><strong>ut</strong></span> <span class='ocrx_word' id='word_1_511' title='bbox 1155 5307 1346 5346; x_wconf 90' lang='lat' dir='ltr'><strong>secum</strong></span> <span class='ocrx_word' id='word_1_512' title='bbox 1381 5300 1654 5361; x_wconf 84' lang='lat' dir='ltr'><strong>reputent,</strong></span> <span class='ocrx_word' id='word_1_513' title='bbox 1687 5300 1832 5347; x_wconf 81' lang='lat' dir='ltr'><strong>nunc</strong></span> <span class='ocrx_word' id='word_1_514' title='bbox 1859 5293 2074 5346; x_wconf 89' lang='lat' dir='ltr'><strong>demum</strong></span> <span class='ocrx_word' id='word_1_515' title='bbox 2106 5305 2290 5348; x_wconf 82' lang='lat' dir='ltr'><strong>nostra</strong></span> <span class='ocrx_word' id='word_1_516' title='bbox 2310 5311 2474 5365; x_wconf 88' lang='lat' dir='ltr'><strong>opera</strong></span> <span class='ocrx_word' id='word_1_517' title='bbox 2506 5295 2706 5349; x_wconf 89' lang='lat' dir='ltr'><strong>factum</strong></span> <span class='ocrx_word' id='word_1_518' title='bbox 2726 5312 2848 5352; x_wconf 88' lang='lat' dir='ltr'><strong>esse</strong></span> <span class='ocrx_word' id='word_1_519' title='bbox 2873 5305 2932 5351; x_wconf 90' lang='lat' dir='ltr'><strong>ut</strong></span> <span class='ocrx_word' id='word_1_520' title='bbox 2966 5298 3098 5368; x_wconf 90' lang='lat' dir='ltr'><strong>quid</strong></span> <span class='ocrx_word' id='word_1_521' title='bbox 3131 5315 3316 5354; x_wconf 89' lang='lat' dir='ltr'><strong>revera</strong></span> <span class='ocrx_word' id='word_1_522' title='bbox 3345 5302 3401 5354; x_wconf 89' lang='lat' dir='ltr'><strong>in</strong></span> 
     </span>
    </p>
   </div>
   <div class='ocr_carea' id='block_1_45' title="bbox 255 5422 3404 5500">
    <p class='ocr_par' dir='ltr' id='par_1_45' title="bbox 255 5422 3404 5500">
     <span class='ocr_line' id='line_1_45' title="bbox 255 5422 3404 5500; baseline 0.006 -23"><span class='ocrx_word' id='word_1_523' title='bbox 255 5425 327 5495; x_wconf 80' lang='grc'><strong>(1)</strong></span> <span class='ocrx_word' id='word_1_524' title='bbox 350 5422 461 5478; x_wconf 86' lang='lat' dir='ltr'><strong>Nos</strong></span> <span class='ocrx_word' id='word_1_525' title='bbox 489 5426 572 5500; x_wconf 77' lang='lat' dir='ltr'><strong>usi</strong></span> <span class='ocrx_word' id='word_1_526' title='bbox 619 5427 1093 5500; x_wconf 79' lang='lat' dir='ltr'><strong>sumus_secunda</strong></span> <span class='ocrx_word' id='word_1_527' title='bbox 1130 5428 1377 5500; x_wconf 82' lang='lat' dir='ltr'><strong>editione</strong></span> <span class='ocrx_word' id='word_1_528' title='bbox 1422 5428 1736 5488; x_wconf 86' lang='lat' dir='ltr'><strong>Ottoniana,</strong></span> <span class='ocrx_word' id='word_1_529' title='bbox 1841 5431 2162 5500; x_wconf 85' lang='lat' dir='ltr'><strong>simpliciter</strong></span> <span class='ocrx_word' id='word_1_530' title='bbox 2185 5434 2296 5488; x_wconf 65' lang='lat' dir='ltr'><strong>haec</strong></span> <span class='ocrx_word' id='word_1_531' title='bbox 2326 5435 2521 5488; x_wconf 84' lang='lat' dir='ltr'><strong>litteris</strong></span> <span class='ocrx_word' id='word_1_532' title='bbox 2538 5435 2576 5487; x_wconf 87' lang='grc' dir='ltr'><strong>ι.</strong></span> <span class='ocrx_word' id='word_1_533' title='bbox 2605 5434 2641 5487; x_wconf 81' lang='grc' dir='ltr'><strong>ι.</strong></span> <span class='ocrx_word' id='word_1_534' title='bbox 2660 5435 3038 5490; x_wconf 83' lang='lat' dir='ltr'><strong>indicavimus.</strong></span> <span class='ocrx_word' id='word_1_535' title='bbox 3059 5436 3404 5496; x_wconf 71' lang='lat' dir='ltr'><strong>Variantibus</strong></span> 
     </span>
    </p>
   </div>
   <div class='ocr_carea' id='block_1_46' title="bbox 185 5494 3400 5573">
    <p class='ocr_par' dir='ltr' id='par_1_46' title="bbox 185 5494 3400 5573">
     <span class='ocr_line' id='line_1_46' title="bbox 185 5494 3400 5573; baseline 0.005 -26"><span class='ocrx_word' id='word_1_536' title='bbox 185 5494 501 5573; x_wconf 84' lang='lat' dir='ltr'><strong>deq_ua,_ut</strong></span> <span class='ocrx_word' id='word_1_537' title='bbox 529 5497 600 5573; x_wconf 82' lang='lat' dir='ltr'><strong>de</strong></span> <span class='ocrx_word' id='word_1_538' title='bbox 645 5497 783 5551; x_wconf 88' lang='lat' dir='ltr'><strong>libro</strong></span> <span class='ocrx_word' id='word_1_539' title='bbox 813 5496 1044 5573; x_wconf 44' lang='lat' dir='ltr'><strong>_.&#39;l&#39;atian_i</strong></span> <span class='ocrx_word' id='word_1_540' title='bbox 1094 5499 1163 5573; x_wconf 89' lang='lat' dir='ltr'><strong>ab</strong></span> <span class='ocrx_word' id='word_1_541' title='bbox 1190 5499 1392 5573; x_wconf 82' lang='lat' dir='ltr'><strong>eodem</strong></span> <span class='ocrx_word' id='word_1_542' title='bbox 1433 5501 1579 5573; x_wconf 79' lang='lat' dir='ltr'><strong>edito</strong></span> <span class='ocrx_word' id='word_1_543' title='bbox 1607 5500 1738 5573; x_wconf 81' lang='lat' dir='ltr'><strong>quid</strong></span> <span class='ocrx_word' id='word_1_544' title='bbox 1845 5494 2171 5573; x_wconf 71' lang='lat' dir='ltr'><strong>lectionibus</strong></span> <span class='ocrx_word' id='word_1_545' title='bbox 2205 5503 2450 5557; x_wconf 85' lang='lat' dir='ltr'><strong>codicum</strong></span> <span class='ocrx_word' id='word_1_546' title='bbox 2486 5503 2539 5556; x_wconf 91' lang='lat' dir='ltr'><strong>in</strong></span> <span class='ocrx_word' id='word_1_547' title='bbox 2575 5503 2789 5559; x_wconf 86' lang='lat' dir='ltr'><strong>Ottonis</strong></span> <span class='ocrx_word' id='word_1_548' title='bbox 2820 5523 2977 5573; x_wconf 83' lang='lat' dir='ltr'><strong>usuin</strong></span> <span class='ocrx_word' id='word_1_549' title='bbox 3013 5524 3156 5562; x_wconf 89' lang='lat' dir='ltr'><strong>nunc</strong></span> <span class='ocrx_word' id='word_1_550' title='bbox 3189 5494 3400 5563; x_wconf 79' lang='lat' dir='ltr'><strong>domum</strong></span> 
     </span>
    </p>
   </div>
   <div class='ocr_carea' id='block_1_47' title="bbox 185 5566 3400 5643">
    <p class='ocr_par' dir='ltr' id='par_1_47' title="bbox 185 5566 3400 5643">
     <span class='ocr_line' id='line_1_47' title="bbox 185 5566 3400 5643; baseline 0.005 -25"><span class='ocrx_word' id='word_1_551' title='bbox 185 5566 528 5643; x_wconf 68' lang='lat' dir='ltr'><strong>sentiendum</strong></span> <span class='ocrx_word' id='word_1_552' title='bbox 559 5566 1340 5643; x_wconf 39' lang='lat' dir='ltr'><strong>sit&#39;paucisexplicuimusi_n_</strong></span> <span class='ocrx_word' id='word_1_553' title='bbox 1361 5569 1555 5643; x_wconf 55' lang='lat' dir='ltr'><strong>Annal.</strong></span> <span class='ocrx_word' id='word_1_554' title='bbox 1581 5566 1736 5643; x_wconf 71' lang='lat' dir='ltr'><strong>lheol.</strong></span> <span class='ocrx_word' id='word_1_555' title='bbox 1847 5569 2165 5625; x_wconf 89' lang='lat' dir='ltr'><strong>collatorum</strong></span> <span class='ocrx_word' id='word_1_556' title='bbox 2202 5589 2326 5627; x_wconf 87' lang='lat' dir='ltr'><strong>raro</strong></span> <span class='ocrx_word' id='word_1_557' title='bbox 2362 5576 2447 5626; x_wconf 87' lang='lat' dir='ltr'><strong>usi</strong></span> <span class='ocrx_word' id='word_1_558' title='bbox 2474 5589 2663 5628; x_wconf 90' lang='lat' dir='ltr'><strong>sumus</strong></span> <span class='ocrx_word' id='word_1_559' title='bbox 2683 5615 2698 5637; x_wconf 92' lang='lat'><strong>,</strong></span> <span class='ocrx_word' id='word_1_560' title='bbox 2729 5570 2898 5643; x_wconf 88' lang='lat' dir='ltr'><strong>quum</strong></span> <span class='ocrx_word' id='word_1_561' title='bbox 2945 5577 2998 5629; x_wconf 90' lang='lat' dir='ltr'><strong>in</strong></span> <span class='ocrx_word' id='word_1_562' title='bbox 3034 5579 3100 5631; x_wconf 86' lang='lat' dir='ltr'><strong>iis</strong></span> <span class='ocrx_word' id='word_1_563' title='bbox 3132 5579 3261 5632; x_wconf 92' lang='lat' dir='ltr'><strong>nihil</strong></span> <span class='ocrx_word' id='word_1_564' title='bbox 3292 5580 3400 5634; x_wconf 89' lang='lat' dir='ltr'><strong>fere</strong></span> 
     </span>
    </p>
   </div>
   <div class='ocr_carea' id='block_1_48' title="bbox 194 5632 3400 5715">
    <p class='ocr_par' dir='ltr' id='par_1_48' title="bbox 194 5632 3400 5715">
     <span class='ocr_line' id='line_1_48' title="bbox 194 5632 3400 5715; baseline 0.006 -30"><span class='ocrx_word' id='word_1_565' title='bbox 194 5632 508 5715; x_wconf 56' lang='grc' dir='ltr'><strong>γίικίοιωηἒξ</strong></span> <span class='ocrx_word' id='word_1_566' title='bbox 541 5644 582 5687; x_wconf 89' lang='lat' dir='ltr'><strong>t.</strong></span> <span class='ocrx_word' id='word_1_567' title='bbox 615 5632 704 5697; x_wconf 83' lang='lat' dir='ltr'><strong>Vi,</strong></span> <span class='ocrx_word' id='word_1_568' title='bbox 745 5632 991 5715; x_wconf 73' lang='lat' dir='ltr'><strong>fascicul.</strong></span> <span class='ocrx_word' id='word_1_569' title='bbox 1026 5653 1110 5699; x_wconf 89' lang='lat' dir='ltr'><strong>m,</strong></span> <span class='ocrx_word' id='word_1_570' title='bbox 1154 5652 1209 5706; x_wconf 85' lang='lat' dir='ltr'><strong>p.</strong></span> <span class='ocrx_word' id='word_1_571' title='bbox 1238 5638 1510 5715; x_wconf 60' lang='lat'><strong>“5-469;</strong></span> <span class='ocrx_word' id='word_1_572' title='bbox 1538 5641 1590 5690; x_wconf 89' lang='lat' dir='ltr'><strong>in</strong></span> <span class='ocrx_word' id='word_1_573' title='bbox 1622 5640 1741 5706; x_wconf 86' lang='lat' dir='ltr'><strong>qui-</strong></span> <span class='ocrx_word' id='word_1_574' title='bbox 1848 5643 1992 5715; x_wconf 85' lang='lat' dir='ltr'><strong>quod</strong></span> <span class='ocrx_word' id='word_1_575' title='bbox 2034 5658 2141 5695; x_wconf 91' lang='lat' dir='ltr'><strong>non</strong></span> <span class='ocrx_word' id='word_1_576' title='bbox 2170 5645 2223 5697; x_wconf 89' lang='lat' dir='ltr'><strong>in</strong></span> <span class='ocrx_word' id='word_1_577' title='bbox 2267 5645 2549 5700; x_wconf 80' lang='lat' dir='ltr'><strong>codicibus</strong></span> <span class='ocrx_word' id='word_1_578' title='bbox 2579 5632 2795 5715; x_wconf 75' lang='lat' dir='ltr'><strong>quoque</strong></span> <span class='ocrx_word' id='word_1_579' title='bbox 2825 5661 2856 5700; x_wconf 88' lang='lat' dir='ltr'><strong>a</strong></span> <span class='ocrx_word' id='word_1_580' title='bbox 2884 5649 3043 5703; x_wconf 87' lang='lat' dir='ltr'><strong>nobis</strong></span> <span class='ocrx_word' id='word_1_581' title='bbox 3072 5650 3283 5703; x_wconf 81' lang='lat' dir='ltr'><strong>collatis</strong></span> <span class='ocrx_word' id='word_1_582' title='bbox 3317 5632 3400 5705; x_wconf 50' lang='lat' dir='ltr'><strong>in;</strong></span> 
     </span>
    </p>
   </div>
   <div class='ocr_carea' id='block_1_49' title="bbox 182 5703 2114 5777">
    <p class='ocr_par' dir='ltr' id='par_1_49' title="bbox 182 5703 2114 5777">
     <span class='ocr_line' id='line_1_49' title="bbox 182 5703 2114 5777; baseline 0.004 -18"><span class='ocrx_word' id='word_1_583' title='bbox 182 5703 284 5762; x_wconf 80' lang='lat' dir='ltr'><strong>bus</strong></span> <span class='ocrx_word' id='word_1_584' title='bbox 314 5721 436 5777; x_wconf 65' lang='lat' dir='ltr'><strong>qua</strong></span> <span class='ocrx_word' id='word_1_585' title='bbox 457 5705 600 5759; x_wconf 90' lang='lat' dir='ltr'><strong>dicta</strong></span> <span class='ocrx_word' id='word_1_586' title='bbox 633 5708 898 5765; x_wconf 75' lang='lat' dir='ltr'><strong>sunthoc</strong></span> <span class='ocrx_word' id='word_1_587' title='bbox 927 5709 1046 5762; x_wconf 92' lang='lat' dir='ltr'><strong>loco</strong></span> <span class='ocrx_word' id='word_1_588' title='bbox 1083 5703 1547 5777; x_wconf 80' lang='lat' dir='ltr'><strong>repetendanobis</strong></span> <span class='ocrx_word' id='word_1_589' title='bbox 1570 5703 1741 5773; x_wconf 74' lang='lat' dir='ltr'><strong>erant,</strong></span> <span class='ocrx_word' id='word_1_590' title='bbox 1849 5703 2114 5766; x_wconf 64' lang='lat' dir='ltr'><strong>veniatur.</strong></span> 
     </span>
    </p>
   </div>
   <div class='ocr_carea' id='block_1_50' title="bbox 494 5801 2130 5872">
    <p class='ocr_par' dir='ltr' id='par_1_50' title="bbox 494 5801 1094 5864">
     <span class='ocr_line' id='line_1_50' title="bbox 494 5801 1094 5864; baseline 0.003 -2"><span class='ocrx_word' id='word_1_591' title='bbox 494 5801 764 5864; x_wconf 62' lang='lat' dir='ltr'><strong>Parnm...</strong></span> <span class='ocrx_word' id='word_1_592' title='bbox 810 5804 929 5863; x_wconf 71' lang='lat' dir='ltr'><strong>Gn.</strong></span> <span class='ocrx_word' id='word_1_593' title='bbox 988 5803 1094 5864; x_wconf 78' lang='grc' dir='ltr'><strong>γι.</strong></span> 
     </span>
    </p>
   </div>
   <div class='ocr_carea' id='block_1_51' title="bbox 1481 5801 3117 5872">
    <p class='ocr_par' dir='ltr' id='par_1_51' title="bbox 3043 5811 3117 5872">
     <span class='ocr_line' id='line_1_51' title="bbox 3043 5811 3117 5872; baseline -0.014 0"><span class='ocrx_word' id='word_1_594' title='bbox 3043 5811 3117 5872; x_wconf 58' lang='grc' dir='ltr'><strong>ὃὸ</strong></span> 
     </span>
    </p>
   </div>
  </div>
