4142 6414
728 328 858 380 ιῗυἹ
1919 320 2203 378 JOANNIS
2241 320 2519 375 HENRICI
2557 319 2783 376 NOLTE
3849 319 3980 372 i703

728 442 1003 497 codicibus
1036 443 1166 496 insit
1192 450 1343 497 certo
1359 447 1588 496 constet.
1622 440 1789 493 Porro
1822 441 2212 510 cogitentquot
2238 440 2345 494 loci
2375 453 2403 491 a
2442 438 2600 493 nobis
2628 439 2847 494 demum
2879 438 3166 493 emendati
3188 446 3241 494 et
3268 446 3417 494 recte
3445 437 3704 508 explicati
3736 439 3848 493 sint
3876 436 3977 507 (2},

726 544 772 588 et
802 549 894 588 eos
925 535 1016 603 qui
1044 535 1220 589 adhuc
1253 532 1638 588 emendatione
1665 541 1844 603 egent,
1875 531 2133 587 adhibitis
2167 531 2509 585 variantibus
2539 530 2699 594 codd,
2735 529 3071 586 lectionibus
3102 545 3132 583 a
3152 530 3313 585 nobis
3343 531 3546 595 allatis,
3578 530 3798 586 facilius
3816 547 3981 603 quam

723 628 1005 694 hucusque
1035 624 1313 681 emendari
1349 639 1532 696 posse.
1565 622 1838 678 Pratterea
1865 625 2042 679 sciant
2076 624 2237 679 nobis
2273 639 2419 677 nunc
2449 629 2666 691 tempus
2693 620 2934 678 defuisse
2956 637 2991 675 a-
3017 623 3198 690 capite
3229 621 3295 676 ad
3321 623 3549 688 calcem,
3578 631 3638 677 ut
3674 623 3855 686 aiunt,
3884 625 3984 682 bos

721 719 1018 786 scriptorcs
1051 715 1387 786 perlegendi,
1422 723 1482 768 ut
1506 716 1552 770 si
1580 713 1710 785 quid
1743 714 1882 768 forte
1913 714 2154 768 nondum
2199 714 2548 768 emendatum
2579 721 2836 783 recteque
2887 714 3217 785 explicatum
3248 722 3343 768 aut
3365 723 3683 784 corruptum
3713 730 3842 770 esse
3875 733 3984 774 non

719 812 1065 874 perspectum
1096 812 1199 865 est,
1243 803 1686 865 emendaremus,
1729 809 1880 858 recte
1916 802 2342 871 explicaremus,
2390 801 2775 871 corruptiones
2823 817 2894 857 no
2913 803 3081 856 mlum
3123 802 3534 858 animadversas
3571 802 3980 874 detegeremus.

719 901 966 969 Denique
1012 897 1454 954 obliviscendum
1482 913 1597 956 non
1639 905 1722 953 est
1750 914 1852 953 nos
1885 898 1942 952 in
1973 913 2166 966 campo
2197 912 2228 950 a
2255 905 2334 952 tot
2367 898 2499 951 viris
2523 898 2701 953 doctis
2737 899 2850 968 jam
2895 901 3047 954 culto
3076 899 3486 965 allaboravisse,
3521 913 3574 956 et
3617 910 3795 957 totum
3832 903 3985 956 hunc

713 993 1032 1063 apparatum
1053 992 1306 1045 criticum
1339 991 1480 1045 intra
1507 1005 1806 1062 paucarum
1834 990 2235 1044 hebdomadum
2263 988 2499 1058 spatium
2517 1004 2546 1045 e
2570 991 2847 1046 variarum
2875 991 3172 1046 editionum
3206 993 3564 1062 marginibus,
3583 995 3641 1049 in
3657 994 3863 1065 quibus
3887 1009 3984 1048 va-

712 1085 922 1139 riantes
952 1084 1203 1138 codicum
1235 1083 1499 1138 lectiones
1523 1084 1653 1139 olim
1686 1083 2170 1148 aduotaveramus,
2202 1083 2496 1138 collectum
2533 1091 2588 1140 et
2617 1083 2675 1138 in
2714 1083 2963 1139 ordinem
2994 1083 3263 1156 digestum
3286 1098 3430 1140 esse.

784 1199 1058 1254 Praafandi
1093 1198 1252 1254 ﬁnem
1298 1200 1406 1254 iam
1441 1199 1639 1254 facturi
1687 1214 1944 1269 rogamus
1983 1205 2206 1253 nostros
2244 1200 2479 1256 lectores
2515 1207 2573 1253 ut
2619 1211 2816 1254 novam
2861 1196 3129 1252 librorum
3168 1212 3197 1252 a
3229 1194 3332 1253 SS.
3379 1197 3583 1254 Basilio
3611 1207 3666 1253 et
3707 1197 3981 1269 Gregorio

711 1292 1058 1349 Nazianzeno
1092 1295 1534 1366 conscriptorum
1562 1293 1860 1351 editionem
1906 1295 2096 1350 multis
2131 1295 2307 1352 modis
2342 1304 2564 1352 auctam
2597 1310 2720 1352 mox
2757 1310 2786 1348 a
2816 1295 2976 1351 nobis
3013 1295 3072 1351 in
3104 1295 3280 1351 lucem
3313 1293 3668 1352 emittendam
3708 1294 3984 1351 benevolo

708 1386 1012 1457 excipiant.

779 1524 1002 1582 Parisiis
1052 1542 1101 1582 a.
1138 1527 1194 1583 d.
1228 1527 1294 1582 lll
1315 1527 1434 1584 Kal.
1472 1530 1692 1585 sextiles
1717 1529 2080 1586 MDCCCLVI.

1145 1803 1442 1870 Erph'catt'o
1479 1806 1759 1871 scriptura
1792 1808 2215 1875 compendiorum
2249 1811 2434 1878 quibus
2469 1813 2520 1864 in
2563 1813 2939 1867 conmentario
2973 1813 3156 1869 critico
3193 1814 3277 1864 usi
3309 1828 3511 1866 sumus.

773 2055 858 2117 Af.
896 2062 987 2108 aut
1018 2055 1110 2122 Af,
1145 2056 1177 2108 i.
1204 2069 1252 2109 e.
1286 2056 1408 2109 cod.
1441 2055 1482 2108 Α
1517 2070 1547 2108 a
1582 2057 1755 2126 prima
1784 2073 1947 2114 manu
1974 2061 2222 2118 fortasse.

771 2147 918 2210 Αα1.,
952 2146 989 2200 i.
1013 2161 1062 2200 e.
1100 2147 1222 2200 cod.
1264 2148 1306 2199 Α
1336 2148 1405 2201 ab
1437 2149 1540 2200 alia
1577 2162 1763 2202 manu.

771 2243 873 2306 ille,
909 2245 946 2298 Ξ.
977 2259 1028 2297 e.
1070 2257 1256 2313 margo
1286 2243 1540 2298 exterior.

767 2334 865 2398 Hi,
901 2335 936 2386 i.
965 2349 1013 2388 e.
1054 2349 1240 2403 margo
1270 2332 1517 2387 interior.

772 2427 894 2482 Fin.
936 2444 1094 2493 vers.,
1128 2429 1165 2482 i.
1190 2444 1238 2482 e.
1278 2427 1401 2485 ﬁnis
1440 2443 1654 2483 versus.

764 2524 935 2585 δεῖ-α’,
967 2522 1002 2574 i.
1036 2536 1086 2575 e.
1125 2520 1426 2592 scripturae.

765 2619 914 2684 Em,
957 2620 994 2672 i.
1024 2634 1074 2673 e.
1107 2617 1413 2672 emendavit
1447 2626 1538 2670 aut
1573 2616 1922 2673 emendatum
1954 2624 2059 2671 est.

762 2712 904 2779 Scr.,
937 2710 975 2764 i.
1000 2725 1049 2765 e.
1086 2709 1341 2780 scripsit;
1379 2725 1564 2774 scrm.,
1598 2710 1633 2763 i.
1663 2725 1713 2764 e.
1747 2710 2030 2780 scriptum.

761 2806 880 2873 Sp.,
923 2813 1018 2859 aut
1045 2819 1211 2874 super
1244 2811 1336 2856 aut
1361 2801 1777 2873 superscripsit.

761 2900 991 2963 Inscrio,
1020 2900 1056 2954 i.
1083 2914 1132 2952 e.
1171 2898 1479 2967 inscriptio.

760 2994 878 3058 Lr.,
917 2992 1051 3054 (ras,
1089 2990 1214 3053 (rm,
1246 2989 1285 3042 i.
1310 3004 1360 3043 e.
1387 2987 1602 3053 litterae,
1633 2988 1871 3050 litteras,
1904 2987 2234 3042 litterarum.

767 3086 864 3155 Sp.
900 3100 1036 3148 ναι,
1071 3084 1107 3136 i.
1134 3099 1184 3137 c.
1227 3084 1464 3152 spatium
1501 3097 1758 3137 vacuum.

759 3198 880 3254 Alia
913 3196 1198 3267 scripturae
1227 3195 1548 3266 compendia
1584 3198 1756 3253 lector
1795 3197 1914 3267 ipse
1950 3193 2114 3249 facile
2149 3189 2423 3262 expediet.

759 3469 832 3535 εἰ)
862 3468 1118 3524 Lectores
1153 3478 1358 3533 sciant,
1392 3483 1494 3524 nos
1541 3467 1742 3536 saepius
1787 3467 2266 3536 etiam_variantes
2377 3477 2456 3518 se.
2488 3460 2677 3536 Sciant
2713 3465 2879 3536 etiam
2919 3459 3156 3536 lectores
3190 3477 3435 3536 notas_in
3469 3461 3674 3536 Marani
3703 3466 3922 3522 animad

687 3529 945 3599 lectiones
991 3553 1180 3593 eorum
1230 3529 1496 3604 locorum,
1546 3529 1687 3609 quas
1736 3548 1881 3591 recte
1928 3534 2203 3609 Maranus
2236 3550 2267 3590 e
2374 3534 2654 3609 versiones
2684 3531 2916 3596 additas,
2947 3546 3071 3609 qua
3117 3532 3312 3590 litteris
3349 3529 3760 3608 fit-insignita
3794 3550 3953 3609 sum,

685 3610 844 3669 codd.
878 3618 1211 3679 euotaverat,
1243 3610 1297 3667 in
1333 3601 1727 3666 commentario
1758 3618 1948 3663 nostro
1978 3605 2266 3676 ascripsis-
2375 3619 2403 3660 ε
2437 3605 2592 3662 nobis
2617 3619 2724 3660 nou
2746 3617 2867 3661 esse
2897 3601 3190 3675 profectas.
