4142 6410
676 797 1470 920 JOANNIS
1545 791 2312 908 HENBICI

1361 797 1470 911 DS
1545 791 2313 908 HENRICI
2402 784 2997 900 NOLTE

1151 1125 1681 1193 CONJECTURIE
1726 1127 1825 1184 ET
1878 1115 2500 1182 EMENDATIONES

222 1387 288 1430 IN
322 1383 532 1428 OMNBS
565 1382 754 1424 HUIUS
796 1378 1141 1424 VOLUIINIS
1168 1374 1545 1419 SCRIPTOBES
1567 1398 1582 1422 ,
1643 1371 1720 1412 ΕΤ
1768 1365 2114 1418 VABIANTES
2173 1360 2451 1405 CODICUM
2484 1358 2563 1398 AB
2594 1355 2736 1398 IPSO
2767 1354 2978 1395 DENUO
3016 1349 3433 1394 COLLATORUH

704 1452 970 1511 LECTlOH
984 1459 1086 1511 ES,
1138 1456 1247 1507 QUI
1278 1456 1355 1496 ET
1390 1449 1647 1496 SCHOLIA
1677 1449 1743 1490 IN
1789 1445 2087 1487 IUSTINUM
2138 1440 2444 1485 MAXIMAM
2473 1435 2723 1478 PARTEM
2752 1433 3010 1472 lNEDITA
3035 1459 3048 1483 ,

541 1539 605 1582 tn
635 1509 966 1582 Turnum
989 1509 1420 1586 nummulis,
1448 1531 1516 1572 ‘m
1550 1524 2024 1573 amnnaaonau
2061 1521 2177 1563 una

1485 1532 1516 1572 Ν
1550 1524 2024 1573 ΔΤῙΙΕΝΔΟΟΒΔΜ
2061 1519 2226 1563 NUNC
2265 1515 2511 1560 PRIMUM
2544 1512 2795 1555 EDENDA
2822 1509 3116 1553 CURAVlT.

1461 1787 2031 1879 LECTURIS
2100 1785 2190 1871 S‘.

287 2241 635 2308 Reverendus
662 2243 862 2300 Cursus
899 2240 1436 2312 Pa‘trofogicceditor,
1482 2255 1670 2309 quum,
1708 2239 1809 2292 hoc
1855 2246 2004 2296 sexto
2027 2238 2296 2291 volumine
2317 2239 2427 2304 jam
2455 2237 2741 2303 impresso,
2781 2247 2812 2284 a
2849 2231 3080 2301 quodam
3105 2230 3225 2283 viro
3247 2227 3428 2286 docto.

217 2333 354 2391 ΒΛ.
390 2336 726 2405 presbytero,
772 2351 872 2389 nos
927 2320 1157 2413 fortasse
1178 2333 1459 2402 plurainsi
1493 2345 1653 2396 posse
1697 2330 2075 2383 administrare
2121 2327 2374 2397 operibus
2394 2324 2490 2378 SS.
2528 2323 2751 2378 Patrum
2784 2321 3135 2376 emendandis
3184 2329 3236 2373 et
3279 2318 3428 2371 illus-

219 2430 429 2484 trandis
459 2431 767 2492 utilissima,
806 2410 1123 2496 accepisset,
1153 2426 1221 2478 ad
1254 2439 1354 2478 nos
1379 2422 1526 2476 dedit
1556 2423 1782 2482 litteras,
1817 2431 1872 2473 ut
1899 2423 1945 2473 si
1978 2419 2102 2488 quid
2141 2418 2406 2473 eiusmodi
2452 2417 2796 2476 haberemus,
2829 2428 2952 2467 cum
2984 2413 3103 2480 ipso
3133 2410 3431 2463 communi“

215 2537 486 2577 caremus.
525 2520 624 2573 Cui
653 2521 850 2588 petenti
884 2535 983 2572 cur
1011 2520 1199 2571 deesse
1226 2515 1562 2569 uoluerimus
1591 2521 1662 2567 'ut
1693 2511 1925 2570 fortasse
1953 2526 2061 2564 non
2087 2511 2190 2563 erit
2220 2510 2362 2577 quod
2395 2525 2458 2562 ex
2487 2510 2643 2561 nobis
2692 2520 2924 2578 quaras,
2952 2505 3025 2556 ita
3057 2509 3116 2558 ut
3146 2499 3276 2570 quid
3299 2515 3434 2569 pr:e_

216 2627 364 2669 Stare
393 2613 719 2667 voluerimus
741 2627 930 2681 pauens
961 2613 1282 2680 explicetur,
1311 2618 1363 2662 et
1398 2618 1492 2661 tua
1512 2615 1565 2660 et
1592 2614 1776 2659 nostra
1805 2606 2065 2658 interesse
2092 2603 2355 2656 videatur.

284 2728 454 2782 Nemo
481 2728 655 2781 nescit
678 2739 924 2795 magnam
953 2725 1077 2777 libri
1101 2739 1131 2777 a
1163 2722 1393 2776 Tatiano
1423 2719 1719 2786 conscripti
1743 2727 1946 2786 partem
1972 2718 2040 2770 ab
2068 2715 2300 2770 Eusebio
2326 2715 2644 2769 Caesariensi
2679 2715 2731 2766 in
2762 2713 2959 2765 librum
2983 2712 3081 2780 qui
3112 2708 3429 2776 Evangelica

209 2820 532 2887 praeparatio
559 2820 853 2887 inscriptus
877 2829 980 2880 est,
1008 2817 1326 2871 translatam
1362 2829 1502 2869 esse.
1530 2813 1696 2865 Cuius
1736 2812 1789 2863 in
1829 2811 2046 2879 scriptis
2073 2811 2135 2862 ad
2169 2809 2382 2863 codices
2409 2807 2755 2861 emendandis
2786 2820 2951 2874 quum
2980 2806 3071 2858 ditt
3099 2804 3434 2869 multumque

215 2925 515 2978 versemur,
543 2914 761 2967 codices
788 2909 1033 2966 Tatianei
1068 2912 1190 2964 libri
1233 2921 1290 2964 ut
1323 2911 1712 2977 inspiceremus
1745 2906 2052 2960 faciundum
2087 2905 2242 2959 nobis
2281 2904 2609 2974 putavimus.
2639 2901 2745 2980 sed
2776 2900 3111 2980 quantopere
3133 2896 3435 2962 obstupue-

215 3009 391 3064 rimus
417 3006 582 3081 quum
612 3026 772 3078 quam
805 3010 1260 3078 negligentissime
1314 3009 1368 3060 in
1415 3006 1535 3060 istis
1564 3004 1724 3057 c'odd.
1755 3003 2096 3058 conferendis
2118 2984 2405 3056 versatum'
2427 3016 2548 3055 esse
2599 2997 3043 3057 intellexerimus,
3075 2995 3165 3048 vix
3194 2992 3298 3052 dici
3324 3005 3425 3059 po-

208 3108 344 3156 test.
372 3103 546 3168 Quum
570 3109 623 3157 et
654 3103 707 3154 in
735 3102 1070 3171 reliquorum
1096 3100 1516 3169 Apologetarum
1549 3097 1640 3167 qui
1671 3097 1927 3149 dicuntur
1955 3095 2106 3171 libris
2133 3094 2374 3162 legendis
2404 3094 2531 3147 olim
2563 3094 2788 3145 multum
2828 3087 3089 3158 temporis
3120 3089 3430 3152 insumpse-

216 3164 415 3258 rimus,
444 3196 643 3263 cupido
672 3164 916 3263 quaedam
946 3203 1000 3247 et
1031 3208 1128 3247 eos
1146 3164 1388 3246 codices
1418 3192 1510 3261 qui
1544 3164 1664 3246 illos
1714 3164 2050 3243 continerent
2095 3187 2416 3256 inspiciendi
2448 3201 2549 3240 nos
2596 3185 2829 3255 impulit.
2870 3183 3070 3236 Eadem
3102 3179 3427 3252 negligentia

214 3288 273 3340 in
296 3286 368 3341 iis
391 3286 739 3339 conferendis
771 3299 986 3354 quoque
1009 3293 1286 3339 versatum
1314 3300 1436 3338 esse
1467 3298 1590 3336 mox
1620 3282 1775 3334 facile
1808 3281 2200 3349 perspeximus.
2247 3279 2358 3331 llac
2391 3293 2550 3331 causa
2590 3277 2847 3330 commoti
2877 3275 3208 3329 contulimus
3237 3274 3418 3326 denuo

213 3395 404 3435 omnes
435 3384 528 3448 qui
554 3382 609 3436 in
657 3379 820 3450 Regia
859 3381 1186 3433 bibliotheca
1216 3378 1512 3434 Parisiensi
1555 3379 1911 3431 adscrvantur
1943 3375 2180 3438 codices,
2205 3390 2320 3428 non
2350 3375 2408 3427 in
2455 3389 2575 3428 eum
2616 3373 2776 3427 ﬁnem
2815 3379 2875 3426 ut
2905 3385 3101 3424 novam
3135 3369 3430 3423 adornare-

207 3486 340 3526 mus
364 3471 678 3532 editionem,
711 3473 806 3525 sed
831 3482 909 3533 ut,
943 3475 1235 3525 occasione
1261 3475 1409 3532 (lata,
1445 3470 1573 3534 quid
1605 3470 1661 3523 in
1693 3470 1791 3537 hac
1818 3484 1878 3522 re
1915 3464 2092 3520 adhuc
2121 3466 2430 3526 faciundum
2461 3467 2532 3518 sit
2558 3464 2990 3519 ostenderemus.
3029 3460 3134 3515 Sed
3167 3461 3292 3516 licet
3321 3461 3426 3513 hoc

211 3574 426 3623 tantum
449 3567 680 3622 cdnsilio
708 3569 764 3620 in
800 3565 1150 3621 conferendis
1176 3565 1586 3620 illiscodicibus
1611 3566 1811 3618 versati
1856 3568 2049 3627 simus,
2083 3569 2323 3617 attamen
2353 3569 2408 3614 et
2439 3561 2520 3614 sic
2549 3575 2657 3613 non
2693 3560 2862 3612 multa
2892 3573 2993 3611 nos
3017 3555 3276 3625 effugisse
3302 3557 3422 3623 qui-

212 3661 301 3714 vis
329 3662 522 3714 harum
553 3675 732 3714 rerum
761 3662 987 3730 peritus,
1020 3658 1365 3727 perlustratis
1391 3658 1460 3711 iis‘
1485 3672 1604 3725 qua:
1632 3657 1687 3708 in
1714 3655 1948 3710 medium
1978 3652 2486 3724 protulimusfacile
2510 3639 2818 3720 perspiciet.
2853 3641 2909 3702 ln
2933 3651 3080 3719 ipsas
3109 3648 3311 3701 Marani
3335 3663 3433 3701 no-

212 3760 300 3806 tas
327 3765 495 3821 pauca
529 3759 738 3804 tantum
772 3751 971 3805 addere
999 3754 1054 3804 in
1094 3751 1270 3819 iisque
1305 3749 1594 3818 corrigere.
1607 3749 1898 3817 potuimus.
1925 3746 1990 3798 Et
2030 3747 2146 3800 huic
2177 3761 2345 3822 pauca
2369 3759 2488 3814 qua:
2519 3745 2575 3798 in
2609 3745 2753 3797 notis
2788 3743 2856 3797 ad
2885 3743 3022 3796 duas
3056 3741 3252 3795 lustini
3283 3738 3422 3806 Apo-

216 3844 386 3914 logia:
409 3851 462 3899 et
489 3844 767 3906 Dialogum
798 3862 918 3897 eum
947 3845 1241 3912 Tryphon,
1279 3845 1333 3896 in
1358 3843 1728 3896 Coliortatione
1751 3840 1819 3894 ad
1843 3841 2061 3894 ,σι-(εσσε
2089 3848 2143 3894 et
2176 3841 2370 3893 librum
2404 3840 2481 3893 De
2511 3839 2838 3901 monarclu'a,
2867 3839 2922 3891 in
2971 3836 3207 3898 Tatiani,
3247 3833 3416 3887 Athe-

207 3947 451 4006 ‘nagorze,
479 3937 759 4006 Theophili
790 3945 844 3992 et
881 3934 1109 3991 llermiaa
1142 3938 1311 3991 libros
1370 3926 1708 4004 potissimum
1765 3929 2101 3990 Correximus
2142 3942 2234 3986 aut
2283 3934 2337 4001 in
2387 3927 2500 3986 eas‘
2527 3930 2858 3994 addidimus,
2907 3943 3064 3991 nemo
3123 3943 3233 3981 non
3274 3925 3434 3978 facile

213 4029 521 4098 perspiciet.
575 4028 653 4081 Ne
685 4029 814 4096 quid
835 4029 962 4084 huic
985 4029 1210 4082 editioni
1235 4013 1467 4090 deesset,
1500 4035 1554 4080 et
1587 4043 1704 4095 quae
1740 4029 1792 4078 in
1821 4026 2055 4080 editione
2084 4026 2341 4078 librorum
2370 4039 2400 4078 a
2439 4021 2646 4087 Iustino
2673 4033 2726 4078 et
2755 4022 2984 4077 Tatiano
3004 4021 3434 4089 conscriptorum

211 4124 334 4174 ac].
365 4121 561 4176 Ottone
592 4123 644 4176 in
679 4123 852 4189 lucem
882 4122 1080 4177 emissa
1114 4123 1254 4176 bona
1285 4123 1498 4176 inerant
1526 4121 1625 4191 (l),
1657 4131 1712 4175 et
1737 4121 1991 4190 quaeipsi
2017 4120 2147 4174 olim
2208 4121 2264 4173 in
2312 4119 2659 4175 diiudicanda
2706 4120 2809 4173 ista
2841 4118 3079 4186 editione
3123 4115 3427 4177 attulimus,

211 4212 301 4266 hic
330 4214 621 4281 repetenda
649 4213 927 4269 duximus.

281 4323 606 4396 Fragmenta
638 4327 827 4383 lustini
857 4337 912 4383 et
930 4329 1163 4390 Tatiani.
1204 4347 1324 4398 qua:
1356 4330 1560 4384 Μαι-ιιιιί
1606 4330 1831 4384 deerant
1851 4329 2097 4392 editioni,
2135 4329 2222 4383 hic
2247 4328 2583 4394 addidimus;
2616 4328 2822 4385 schelia
2852 4328 3041 4383 Graeca
3067 4327 3121 4380 in
3148 4325 3422 4380 Iustinum

210 4417 505 4469 maximam
540 4426 746 4486 partem
780 4421 1007 4510 intuma,
1032 4422 1088 4474 in
1117 4421 1409 4476 Tatianum
1434 4421 1790 4485 emendatius,
1827 4423 1884 4475 in
1913 4421 2310 4491 Athenagoram
2345 4437 2488 4476 nunc
2518 4423 2755 4490 primum
2785 4420 2996 4476 edenda
3021 4420 3358 4474 curavimus.

283 4524 406 4582 Otto
436 4529 551 4597 ipse
580 4529 838 4583 nonnulla
871 4531 1242 4599 superioribus
1279 4530 1662 4599 interpretibus
1705 4531 1910 4586 rectius
1943 4532 2234 4600 explicuit;
2273 4532 2402 4585 vitia
2431 4509 2519 4590 ,ab
2548 4530 2615 4583 iis
2640 4533 2694 4584 in
2727 4531 3018 4586 afferendis
3039 4530 3200 4585 codd.
3238 4522 3430 4584 lectio-

209 4621 377 4676 nibus
408 4621 496 4675 hic
523 4623 635 4676 illic
659 4624 952 4680 commissa
1005 4622 1069 4680 C.
1103 4625 1161 4678 Β.
1193 4624 1332 4680 llase
1372 4626 1777 4697 Operaadintus
1809 4628 2064 4692 correxit,
2097 4627 2300 4696 aliquot
2326 4627 2473 4680 locos
2506 4634 2792 4696 corruptos
2824 4626 3059 4681 feliciter
3087 4626 3426 4691 emendavit;

211 4715 307 4769 sed
331 4716 527 4785 linguae
557 4713 755 4770 Graecae
783 4724 868 4770 sat
899 4707 1185 4785 imperitus
1214 4719 1395 4785 plures
1443 4719 1721 4786 corrupit;
1787 4719 1900 4783 alii,
1947 4733 2056 4788 quo
2108 4718 2267 4777 modo
2323 4717 2647 4772 emendandi
2684 4725 2739 4773 et
2771 4713 3081 4787 explicandi
3126 4725 3336 4785 essent,
3371 4723 3433 4771 ut

205 4811 416 4872 ,videret
445 4812 546 4882 ipsi
577 4828 683 4865 non
716 4813 964 4882 contigit.
991 4811 1165 4877 Quem
1204 4829 1233 4866 a
1263 4814 1419 4868 nobis
1463 4814 1620 4882 iuste
1638 4823 1691 4867 et
1741 4795 1933 4869 leniter
1963 4815 2446 4884 vituperatumqui
2477 4813 2765 4868 defendere
2814 4813 3162 4879 studuerunt,
3209 4824 3429 4882 operam

206 4912 264 4956 et
291 4904 468 4957 oleum
496 4905 847 4974 perdiderunt
884 4925 898 4959 :
933 4913 986 4959 et
1032 4907 1272 4975 ipsorum
1309 4908 1613 4977 ignorantia
1657 4923 1863 4975 earum,
1893 4909 1961 4963 de
2003 4910 2202 4978 quibus
2234 4910 2514 4978 agebatur,
2562 4923 2742 4964 rerum
2791 4908 2996 4962 factum
3045 4916 3130 4962 est
3155 4904 3218 4962 ut
3269 4922 3428 4976 quam

207 4995 414 5051 iustum
439 5006 492 5052 et
515 5014 698 5053 verum
723 4998 1171 5071 fuerit’iudicium
1198 5008 1469 5062 nostrum,
1497 5002 1613 5055 luce
1641 5003 1845 5057 clarius
1883 5009 2368 5056 commonstratum
2398 5003 2490 5057 sit.

278 5111 326 5174 Α
353 5111 510 5164 nobis
535 5109 669 5164 nihil
698 5111 962 5177 omissum
1001 5122 1309 5167 erratumve
1336 5129 1460 5169 esse
1488 5130 1593 5167 non
1627 5115 2103 5181 aﬂirmaverimus;
2137 5116 2333 5169 etenim
2382 5116 2631 5175 homines
2663 5130 2853 5171 sumus
2882 5121 2935 5169 et
2966 5115 3188 5169 humani
3233 5116 3367 5169 nihil
3403 5131 3430 5168 a

207 5202 369 5258 nobis
401 5202 634 5256 alienum
667 5211 940 5272 putamus.
976 5201 1083 5257 Sed
1113 5204 1468 5258 omissi'onum
1501 5199 1886 5258 ’crratorumve
1905 5213 2216 5260 nostrorum
2253 5220 2362 5274 quo
2386 5204 2596 5260 facilius
2624 5206 2836 5259 veniam
2867 5220 2898 5257 a
2925 5205 3220 5259 lectoribus
3251 5207 3419 5273 impe-

206 5307 440 5359 trcmus,
473 5311 568 5352 eos
598 5307 816 5367 rogatos
841 5299 1074 5352 velimus
1100 5306 1158 5351 nt
1180 5313 1372 5353 secum
1406 5305 1680 5366 reputent,
1713 5305 1859 5351 nunc
1885 5296 2100 5350 demum
2131 5308 2316 5351 nostra
2336 5313 2500 5367 opera
2531 5297 2731 5351 factum
2751 5312 2873 5352 esse
2898 5305 2958 5351 ut
2991 5296 3123 5367 quid
3155 5313 3342 5352 revera
3371 5299 3426 5352 in

282 5434 355 5505 (1)
377 5431 487 5488 Nos
511 5435 600 5515 usi
646 5449 836 5515 s_u_mus
858 5434 1120 5515 _secunda
1157 5434 1404 5515 editione
1449 5434 1762 5515 Ottoniana,
1867 5435 2189 5515 simpliciter
2212 5437 2329 5515 haec
2338 5437 2548 5515 _litteri_s
2565 5437 2603 5490 ι.
2607 5435 2670 5515 λ,
2686 5436 3063 5515 indicavimus.
3083 5436 3430 5494 Variantibus

211 5503 434 5573 de‘qua,
469 5512 529 5556 ut
557 5505 624 5557 de
673 5505 810 5559 libro
853 5503 1071 5573 v'l'atiani
1121 5505 1190 5557 ab
1217 5504 1405 5568 eodem
1461 5506 1606 5558 edito
1635 5503 1764 5572 quid
1873 5505 2198 5558 lectionibus
2232 5506 2476 5559 codicum
2512 5504 2566 5557 in
2591 5503 2816 5560 ’Ottonis
2846 5522 3002 5573 usum
3038 5523 3183 5560 nunc
3215 5509 3428 5562 domum

211 5570 1582 5654 sentiendum_sit1paueis_explicuimusindgna].
1605 5570 1764 5652 ,tlieof.
1874 5573 2192 5654 collatorum
2230 5591 2353 5629 raro
2389 5577 2474 5628 usi
2501 5591 2690 5630 sumus
2711 5616 2724 5638 ,
2756 5570 2925 5644 quum
2969 5576 3024 5628 in
3059 5578 3126 5642 iis
3158 5578 3287 5630 nihil
3318 5578 3427 5632 fere

221 5641 536 5716 Vindobon,
570 5652 610 5696 t.
643 5637 733 5704 Vl,
773 5637 1019 5716 fascicul.
1054 5659 1138 5704 ιιι,
1181 5658 1236 5712 p.
1266 5643 1536 5716 H5469;
1565 5645 1617 5695 in
1649 5644 1768 5710 qui-
1875 5646 2019 5716 quod
2061 5643 2168 5698 nun
2197 5647 2250 5699 in
2294 5647 2576 5700 codicibus
2606 5637 2821 5716 quoque
2851 5661 2883 5700 a
2910 5648 3069 5702 nobis
3098 5637 3310 5702 collatis
3344 5649 3428 5703 in-

207 5713 314 5776 bus
343 5730 464 5786 qua
485 5713 629 5767 dicta
661 5722 799 5772 sunt
824 5715 926 5767 hoc
954 5715 1074 5767 loco
1111 5715 1575 5783 repetendanobis
1598 5723 1768 5777 erant,
1875 5715 2142 5769 veniatur.

522 5809 792 5871 Ρλτιιοι..
838 5810 958 5869 Ωιι.
1015 5809 1122 5870 Vl.

3070 5810 3145 5872 54
