4142 6414
715 330 844 381 Πυῖ
1906 323 2189 380 JOANNIS
2229 323 2506 378 HENRICI
2545 323 2770 380 NOLTE
3831 324 3965 378 1708

714 443 989 498 codicibus
1023 444 1152 497 insit
1178 451 1330 498 certo
1345 449 1575 498 constet.
1609 442 1776 496 Porro
1809 444 2199 513 cogitentquot
2225 443 2331 497 loci
2361 457 2390 494 a
2429 440 2586 497 nobis
2614 442 2833 498 demum
2865 441 3153 496 'emendati
3174 450 3228 498 et
3255 450 3403 498 recte
3431 442 3688 512 explicati
3719 444 3831 498 sint
3856 441 3960 512 (2},

712 545 760 589 et
788 551 881 589 eos
911 537 1003 604 qui
1031 536 1206 590 adhuc
1239 534 1624 590 emendatione
1651 544 1830 605 egent,
1861 534 2120 590 adhibitis
2153 535 2495 588 variantibus
2525 534 2684 597 codd,
2721 533 3058 590 lectionibus
3088 549 3117 587 a
3139 534 3299 590 nobis
3331 536 3534 600 allatis,
3565 535 3782 591 facilius
3800 552 3964 608 quam

709 629 991 695 hucusque
1021 625 1298 682 emendari
1335 640 1519 698 posse.
1550 623 1825 681 Praeterea
1852 628 2028 682 sciant
2063 627 2223 682 nobis
2260 642 2406 680 nunc
2435 631 2652 695 tempus
2679 624 2920 682 defuisse
2942 641 2978 679 a-
3004 627 3184 695 capite
3215 626 3280 680 ad
3307 627 3536 692 calcem,
3564 635 3624 682 ut
3658 628 3836 690 aiunt,
3863 631 3966 687 bos

707 720 1004 788 scriptorcs
1038 717 1373 787 perlegendi,
1408 726 1468 770 ut
1492 718 1538 772 si
1566 716 1697 788 quid
1730 717 1868 771 forte
1899 717 2141 771 nondum
2185 717 2534 772 emendatum
2565 725 2822 787 recteque
2873 718 3203 788 explicatum
3234 727 3329 775 aut
3351 729 3668 789 corruptum
3698 735 3824 775 esse
3856 738 3966 780 non

705 813 1051 875 perspectum
1082 814 1186 867 est,
1229 805 1672 867 emend-aremus,
1715 812 1867 860 recte
1902 804 2328 874 explicaremus,
2376 804 2760 874 corruptiones
2808 821 2880 860 no
2899 807 3067 862 mium
3110 807 3521 864 animadversas
3558 807 3962 879 detegeremus.

706 901 951 970 Dcnique
999 899 1439 956 obliviscendum
1469 915 1583 958 non
1625 907 1708 955 est
1737 917 1838 956 nos
1871 901 1928 955 in
1959 915 2153 969 campo
2183 915 2213 953 a
2241 909 2320 955 tot
2352 901 2485 955 viris
2509 901 2687 956 doctis
2723 903 2836 972 jam
2881 904 3032 958 culto
3062 903 3472 970 allaboravisse,
3507 918 3560 961 et
3603 914 3778 962 totum
3816 908 3966 961 hunc

699 995 1018 1064 apparatum
1040 994 1292 1047 criticum
1325 994 1466 1047 intra
1493 1007 1792 1064 paucarum
1819 993 2221 1047 hebdomadum
2248 991 2484 1062 spatium
2502 1008 2532 1049 e
2556 995 2833 1050 variarum
2861 995 3158 1050 editionum
3192 998 3550 1067 marginibus,
3570 999 3626 1053 in
3642 998 3844 1070 quibus
3866 1014 3965 1053 va-

698 1086 907 1140 riantes
938 1085 1189 1141 codicum
1221 1085 1484 1140 lectiones
1509 1086 1638 1141 olim
1672 1085 2156 1151 adnotaveramus,
2188 1086 2481 1141 collectum
2519 1095 2573 1143 et
2603 1087 2660 1142 in
2699 1087 2948 1143 ordinem
2979 1088 3248 1160 digestum
3271 1103 3415 1145 esse.

770 1200 1043 1255 Praefandi
1079 1199 1238 1255 ﬁnem
1283 1202 1391 1256 iam
1427 1201 1624 1256 facturi
1672 1216 1929 1272 rogamus
1969 1208 2191 1256 nostros
2230 1203 2464 1260 lectores
2501 1210 2558 1256 ut
2605 1215 2802 1258 novam
2847 1200 3115 1256 librorum
3153 1216 3183 1256 a
3215 1199 3317 1258 SS.
3364 1201 3568 1259 Basilio
3597 1212 3651 1258 et
3693 1201 3962 1274 Gregorio

697 1293 1043 1350 Nazianzeno
1077 1296 1520 1367 conscriptorum
1546 1295 1845 1354 editionem
1892 1298 2080 1353 multis
2115 1298 2292 1355 modis
2327 1308 2549 1355 auctam
2582 1314 2705 1355 mox
2742 1315 2771 1352 a
2801 1299 2962 1355 nobis
2999 1299 3056 1355 in
3090 1299 3266 1356 lucem
3299 1298 3653 1356 emittendam
3691 1299 3965 1356 benevole

694 1387 997 1457 excipiant.

764 1525 988 1583 Parisiis
1037 1543 1086 1583 a.
1124 1529 1179 1584 d.
1213 1529 1419 1585 lIlKal.
1457 1532 1678 1588 sextiles
1703 1531 2064 1588 MDCCCLVI.

1129 1803 1427 1872 Expiicatio
1464 1808 1744 1872 scriptura
1777 1811 2200 1877 compendiorum
2233 1814 2419 1882 quibus
2453 1817 2505 1867 in
2548 1817 2923 1871 conmentario
2957 1816 3141 1873 critico
3178 1818 3262 1868 usi
3296 1833 3496 1872 sanius.

757 2055 842 2118 Af.
880 2063 971 2110 aut
1002 2056 1094 2123 Af,
1129 2057 1162 2109 i.
1189 2071 1237 2111 e.
1270 2057 1392 2111 cod.
1426 2056 1466 2109 Α
1501 2071 1531 2110 a
1567 2059 1739 2128 prima
1769 2075 1933 2116 manu
1958 2063 2206 2121 fortasse.

756 2147 902 2211 Aal.,
937 2147 973 2201 i.
997 2162 1046 2202 e.
1084 2148 1206 2202 cod.
1247 2148 1290 2200 A
1321 2149 1389 2202 ab
1421 2149 1525 2202 alia
1561 2164 1748 2204 manu.

755 2244 858 2308 Me,
893 2246 930 2299 ξ.
961 2260 1011 2298 e.
1053 2259 1240 2314 margo
1270 2244 1525 2299 exterior.

750 2334 849 2398 Μὶ,
884 2335 921 2387 i.
948 2349 996 2388 e.
1038 2349 1224 2404 margo
1253 2333 1500 2388 interior.

755 2428 878 2483 Fin.
919 2445 1077 2494 vers.,
1111 2430 1148 2484 i.
1173 2445 1222 2483 e.
1261 2427 1384 2486 ﬁnis
1423 2444 1638 2484 versus.

747 2524 918 2586 Sera,
950 2523 984 2574 i.
1019 2536 1070 2576 e.
1107 2522 1410 2593 scripturae.

748 2619 898 2684 Em.,
940 2620 977 2673 i.
1007 2634 1058 2673 e.
1089 2618 1396 2673 emendavit
1431 2628 1522 2672 aut
1556 2618 1906 2674 emendatum
1937 2627 2043 2674 est.

745 2713 888 2779 Scr.,
921 2711 958 2764 i.
983 2726 1033 2766 e.
1069 2710 1325 2781 scripsit;
1363 2727 1547 2776 δίνη,
1581 2712 1617 2765 i.
1647 2726 1696 2765 e.
1730 2713 2014 2782 scriptum.

744 2806 863 2874 Sp.,
907 2813 1002 2860 aut
1029 2819 1194 2875 super
1227 2811 1320 2857 aut
1346 2803 1760 2875 superscripsit.

744 2900 974 2963 lusoria,
1003 2900 1038 2955 i.
1065 2914 1114 2953 e.
1154 2899 1462 2969 inscriptio.

741 2994 862 3058 Lr.,
900 2992 1034 3055 iras,
1072 2991 1196 3054 (rm,
1229 2989 1268 3043 i.
1293 3005 1343 3045 e.
1371 2989 1585 3054 litterae,
1615 2990 1853 3052 litteras,
1886 2990 2216 3044 litterarum.

749 3086 846 3156 Sp.
882 3101 1018 3148 ιῖιιοἼ
1053 3083 1089 3136 i.
1116 3099 1166 3138 e.
1209 3085 1446 3153 spatium
1483 3098 1742 3139 vacuum.

742 3199 862 3254 Alia
895 3197 1180 3268 scriptura:
1210 3195 1531 3268 compendia
1567 3199 1739 3255 lector
1777 3200 1896 3269 ipse
1932 3195 2097 3251 facile
2131 3192 2406 3265 expediet.

741 3469 814 3535 εἰ)
844 3468 1100 3524 Lectores
1135 3479 1340 3534 sciant,
1374 3485 1476 3525 nos
1523 3469 1724 3538 sacpius
1769 3469 2248 3538 etiam_variantes
2359 3480 2438 3522 se.
2470 3463 2659 3538 Sciant
2695 3469 2862 3538 etiam
2901 3463 3138 3538 lectores
3172 3481 3417 3538 nouaan
3450 3465 3656 3524 Marani
3685 3471 3904 3527 animad

668 3533 926 3613 lectiones
972 3554 1161 3593 eorum
1211 3533 1478 3613 locorum,
1528 3533 1669 3613 quas
1719 3550 1863 3593 recte
1910 3536 2185 3613 Maranus
2218 3553 2249 3592 e
2356 3537 2636 3613 versiones
2666 3535 2898 3599 additas,
2929 3550 3053 3613 qua
3099 3536 3294 3593 litteris
3330 3533 3432 3594 Es.
3461 3539 3742 3612 insignita
3776 3542 3935 3613 sunt,

667 3610 825 3669 codd.
859 3619 1192 3680 enotavcrat,
1224 3611 1279 3668 in
1315 3605 1709 3668 commentario
1739 3620 1930 3666 nostro
1960 3608 2249 3679 ascripsis-
2357 3622 2384 3662 a
2419 3607 2574 3664 nobis
2598 3621 2705 3664 non
2728 3620 2848 3664 esse
2879 3605 3172 3678 proiectas.
