1961 3071
87 133 123 166 21

90 206 215 242 utraque
229 201 335 233 .lastini
351 201 505 241 Apologia,
524 200 616 233 Liber
625 201 660 233 de
674 202 864 239 mouarchia,
885 203 915 230 et
925 202 945 226 A

91 245 250 285 Dialogus,
266 245 462 285 Athenagora;
478 245 566 277 Liber
590 246 629 277 de
650 247 873 278 resurrectione
887 249 918 277 et

90 294 150 320 tres
166 289 236 320 libri
251 289 420 330 Theophili.
438 289 516 321 Satis
538 290 589 321 fuit
603 290 633 321 in
650 290 794 322 Oratione
809 289 917 322 Justini

86 334 127 365 ad
143 334 417 374 Griecos,Epistola
428 335 467 366 ad
478 334 658 375 Diognetum
667 339 695 366 et
705 334 835 366 Hermae
841 343 917 374 opu-

88 379 174 409 sculo
186 379 458 419 interpretationem
474 379 606 420 pluribus
622 379 695 411 locis
709 379 916 410 emendare.ln

89 423 146 454 hoc
162 428 260 454 autem
275 423 378 455 labore
406 424 434 454 id
462 433 541 455 cura:
557 424 624 464 fuit,
638 428 670 454 ut
686 424 808 455 verbum
824 424 915 456 verbo

90 467 167 498 tidus
182 468 330 508 interpres
344 468 516 505 redderem,
535 478 590 499 nec
607 467 679 499 mihi
692 468 757 500 sine
774 477 914 500 necessa-

89 513 133 544 ria
151 522 240 544 causa
256 513 406 544 licentiam
422 523 584 544 sumerem.
601 514 700 554 [Eque
715 513 795 544 enim
811 513 913 553 religio

89 561 171 588 esset
184 562 234 587 aut
248 558 285 588 de
294 558 416 590 veritate
430 557 590 599 quidquam
608 558 785 598 negligentia
801 557 913 589 detere-

89 611 132 639 re,
145 606 196 633 aut
211 612 289 643 eam,
302 603 504 643 quasidebilis
518 607 546 634 et
561 603 680 634 inﬁrma
689 603 737 640 sit,
753 606 816 633 astu
827 612 915 642 exag-

88 656 208 686 gerare.
224 647 326 688 Itaque
355 648 512 679 molestum
540 648 666 679 fortasse
695 647 846 678 nonnullis
861 648 918 679 erit

89 691 263 722 testimonia
277 692 314 722 ad
332 692 502 732 dogmatnm
527 692 733 724 defensionem
751 692 898 732 praclaris
909 709 916 715 -

89 736 175 776 sima,
193 736 245 767 sed
271 746 336 776 quae
359 736 422 767 sola
439 737 635 777 interpretum
649 736 823 768 auctoritate
839 736 916 768 nite-

90 780 210 821 bantur,
229 781 258 811 in
275 781 329 812 hac
344 790 411 812 mea
426 781 670 821 interpretatione
686 791 744 812 non
759 782 891 820 reperire
907 792 915 813 :

91 824 178 864 quale
190 829 235 856 est
252 825 322 856 illud
347 835 381 856 ex
396 825 503 856 Justini
521 825 657 866 Dialogo,
670 835 700 856 n.
718 826 756 856 88
773 834 780 857 :
795 825 915 857 Huma-
929 842 946 866 Β

91 878 163 900 num
175 878 272 909 genus
281 879 334 909 per
347 870 447 901 Adam
471 871 504 901 in
526 875 653 902 mortem
668 874 697 902 et
710 871 855 910 fraudem
869 880 915 903 se-

91 914 323 954 ductionemque
346 915 496 954 serpentis
528 915 715 952 conciderat;
737 919 770 946 ut
791 916 917 947 interim

90 959 247 999 propriam
267 967 324 999 pro
338 968 370 990 se
382 959 518 999 maligne
532 960 689 999 agentium
700 961 843 1000 cujusque
850 961 918 992 cul-

91 1012 161 1043 pam
176 1006 306 1035 taceam.
323 1004 449 1036 (litatum
467 1004 554 1034 etiam
570 1003 623 1034 fuit
634 1003 705 1035 illud
716 1004 872 1045 Theophili
884 1015 918 1037 ex

94 1047 168 1078 libro
184 1056 228 1079 ll:
247 1048 335 1087 Quod
349 1051 449 1080 autem
472 1049 537 1079 sibi
544 1057 598 1089 per
612 1049 759 1088 injuriam
777 1053 805 1080 et
819 1050 919 1081 inobs-

93 1091 242 1123 dientiam
268 1093 354 1123 homo
383 1093 594 1133 accersiverat,
621 1093 653 1124 id
678 1093 708 1124 ei
734 1103 816 1124 nunc
830 1094 920 1125 donat

97 1135 184 1177 Deus,
213 1146 269 1176 per
289 1146 377 1168 suam
394 1138 614 1169 humanitatem
635 1141 661 1168 et
681 1139 920 1169 misericordiam

92 1182 209 1220 faeiens
233 1181 368 1214 homines
395 1183 455 1213 sibi
483 1183 686 1223 obsequentes.
703 1184 865 1215 Contextus
889 1185 919 1215 in

95 1235 181 1257 causa
196 1227 376 1264 exstitit,cur
388 1227 434 1258 his
445 1227 624 1258 testimoniis
639 1237 706 1258 mea
717 1227 920 1268 interpretatio

94 1276 224 1302 careret.
250 1272 308 1302 Sed
325 1272 381 1303 hoc
396 1271 549 1303 damnum.
567 1273 590 1303 si
607 1276 706 1302 tamen
721 1272 860 1303 damnum
874 1273 920 1304 vi-

95 1316 160 1347 deri
186 1316 287 1352 debet,
309 1317 400 1348 multa
424 1317 481 1347 alia
492 1316 735 1357 compensabunt,
753 1327 818 1357 qua
833 1318 921 1348 certis

95 1360 260 1392 rationibus
276 1361 421 1392 adductus
436 1361 475 1392 ita
491 1361 620 1401 reddidi,
638 1365 669 1392 ut
683 1361 837 1402 scriptoris
851 1372 921 1393 sen-

96 1405 185 1436 tentia
200 1406 229 1436 in
246 1405 411 1437 clarissima
426 1407 491 1438 luce
506 1406 599 1447 posita
615 1406 663 1442 sit.
676 1415 709 1437 ac
726 1409 785 1437 tota
798 1406 834 1437 lis
846 1407 921 1438 diri-

97 1455 204 1481 matur.

595 135 629 166 D.
654 134 806 166 MARANI
827 131 1037 165 PWATIO.
1068 148 1101 156 -
1122 134 1228 165 PARS.
1252 135 1277 165 Ι.

1741 134 1780 166 22

956 197 1053 242 cunda
1066 200 1316 240 parsAppen-iicis
1331 200 1478 241 assignate
1490 201 1542 233 fuit
1550 202 1629 234 Actis
1638 203 1782 242 martyrii

960 241 1135 284 S.Justini,
1153 253 1218 285 qua:
1230 245 1333 277 Graece
1357 249 1387 276 et
1412 246 1514 277 Latine
1541 250 1606 286 post
1631 241 1781 286 Papebro-

959 287 1057 317 chiutn
1075 287 1165 323 edidi,
1184 293 1212 319 et
1227 289 1402 328 fragmentis
1418 300 1542 331 operum
1558 290 1782 331 deperditorum

957 331 1078 376 Justini,
1094 332 1209 364 Tatiani
1225 338 1255 364 et
1271 334 1440 376 Theophili.

997 375 1067 407 Usui
1084 377 1167 409 fuere
1183 378 1241 409 duo
1265 384 1403 411 recentes
1426 390 1497 411 mss.
1528 380 1658 417 codices,
1675 380 1784 421 quibus

957 420 1057 466 omnia
1073 421 1182 453 Justini
1206 427 1264 454 tam
1280 424 1410 462 genuina
1420 434 1508 465 quam
1528 420 1785 466 supposita’opera

957 465 1160 505 continentur,
1176 467 1254 498 alter
1277 478 1293 499 e
1310 469 1402 508 Regia
1417 469 1596 501 bibliotheca
1606 470 1677 500 olim
1694 465 1784 507 22⁵10,

956 518 1035 541 nunc
1062 511 1130 547 450,
1148 512 1224 543 alter
1254 522 1289 543 ex
1317 513 1556 546 Claromontana.
1586 516 1732 546 Praeterea
1748 514 1786 545 ad

959 554 1203 588 Cohortationem
1220 557 1345 588 adhibiti
1375 559 1448 598 regii
1472 559 1591 590 codices
1616 559 1784 600 perantqui,

959 608 1035 630 nunc
1047 601 1100 631 451
1125 606 1153 632 et
1165 601 1234 641 174,
1249 602 1319 632 olim
1334 603 1425 643 227i,
1444 608 1472 634 et
1486 603 1578 639 2919;
1595 606 1626 635 et
1640 603 1786 636 Colberti-

958 653 1023 680 nus,
1042 644 1092 685 qui
1105 655 1183 676 nunc
1201 646 1299 686 regius
1315 652 1361 678 est
1376 648 1475 679 19.Αά
1492 648 1664 688 Epistolam
1680 648 1720 680 ad
1730 648 1786 680 Ze-

958 697 1030 719 nam
1045 693 1073 720 et
1087 689 1234 722 Serenum
1248 691 1322 730 regii
1341 692 1459 723 codices
1474 693 1526 724 451
1549 697 1577 724 et
1591 693 1698 729 l74,ac
1714 702 1785 733 prae-

959 737 1040 764 lerea
1063 733 1122 765 duo
1149 735 1382 774 Claromontani,
1407 737 1455 777 qui
1481 741 1581 768 tamen
1607 738 1645 768 ita
1667 737 1786 777 gemelli

958 782 1038 815 sunt,
1056 783 1086 809 ut
1102 788 1136 810 ex
1152 780 1258 810 eodem
1279 780 1383 812 codice
1411 785 1537 822 uterque
1566 782 1733 822 descriptus
1748 782 1787 814 sit

958 822 1002 853 vel
1029 822 1106 854 alter
1129 833 1163 855 ex
1185 824 1290 855 altero.
1319 825 1409 857 [idem
1426 825 1647 858 Claromontani
1669 827 1788 858 codices

957 875 1024 897 cum
1039 867 1129 907 regiis
1142 868 1201 900 938
1208 875 1237 900 et
1257 869 1500 906 1268,etduobus
1508 871 1787 912 Coislinianis,quo—

958 919 1023 941 rum
1040 913 1152 951 primus
1166 912 1276 943 decimi
1291 913 1391 945 saeculi
1417 923 1482 946 esse
1506 915 1649 956 creditur,
1664 915 1700 946 ad
1717 915 1786 947 Ea:-

957 955 1135 994 posittonem
1150 957 1225 996 ﬁdei
1235 958 1453 989 emendandam
1470 955 1656 999 profuerunt.
1670 960 1787 998 Gonfu-

962 1000 1037 1044 tatio
1066 1002 1238 1032 Aristotelis
1264 1002 1439 1043 dogmatum
1466 1003 1573 1034 collata
1602 1013 1669 1035 cum
1705 1004 1787 1044 regio

961 1042 1049 1075 2153.
1068 1045 1265 1085 Athenagorae
1296 1042 1420 1087 iegatio
1446 1048 1553 1079 collata
1580 1057 1647 1079 cum
1670 1042 1788 1080 duobus

963 1088 1053 1134 regiis
1067 1090 1138 1131 451,
1157 1090 1226 1127 1⁵14,
1245 1091 1339 1122 tribus
1356 1092 1509 1130 Romanis,
1526 1102 1653 1134 quorum
1678 1093 1738 1124 duo
1753 1102 1788 1124 ex

962 1133 1172 1172 Ottoboniana,
1189 1135 1266 1166 alius
1277 1144 1312 1166 ex
1330 1135 1468 1167 Vaticana
1483 1133 1675 1178 bibliotheca,
1689 1137 1790 1169 Claro-

963 1182 1101 1209 montano
1117 1183 1146 1210 et
1160 1179 1217 1210 alio
1233 1189 1267 1210 ex
1284 1179 1465 1211 bibliotheca
1480 1181 1672 1213 institutionis
1683 1181 1789 1214 Orato-

961 1221 998 1253 rii
1014 1223 1342 1264 Parisiensis.Ejusdem
1349 1225 1441 1257 Liber
1449 1226 1488 1257 de
1502 1227 1720 1258 resurrectione
1730 1226 1790 1258 col-

962 1266 1037 1297 latus
1051 1277 1118 1298 cum
1136 1268 1240 1299 iisdem
1258 1270 1412 1301 codicibus
1427 1270 1517 1310 regiis
1531 1271 1602 1308 451,
1619 1272 1688 1308 174,
1715 1271 1790 1311 45οτ

963 1315 992 1341 et
1007 1311 1122 1343 duobus
1138 1313 1384 1351 Claromontanis,
1401 1314 1508 1355 quibus
1532 1324 1688 1346 accessere
1705 1316 1790 1346 varia;

964 1355 1110 1388 lectiones
1125 1357 1197 1388 olim
1213 1357 1249 1388 ab
1266 1358 1466 1389 eruditissimo
1478 1359 1564 1398 Bigot
1576 1369 1592 1390 e
1609 1369 1664 1391 ms.
1686 1359 1790 1391 codice

963 1401 1105 1438 collectas,
1123 1411 1187 1442 quae
1218 1401 1247 1432 in
1276 1402 1455 1433 bibliotheca
1480 1402 1728 1442 Sangermanensi
1745 1413 1790 1434 as-

963 1450 1128 1477 servantur.
1147 1446 1235 1478 Liber
1252 1455 1284 1478 tu
1300 1446 1458 1488 Theophili
1473 1448 1596 1479 collatus
1621 1458 1687 1479 cum
1705 1449 1788 1488 regio

135 1493 266 1534 Opernm
285 1495 433 1535 ordinem,
449 1494 500 1535 qui
515 1495 552 1526 ad
564 1494 719 1526 arbitrium
737 1495 767 1526 in
783 1496 921 1535 superio-
933 1500 953 1525 c
965 1489 1035 1521 887.
1055 1491 1191 1522 Hermias
1214 1501 1281 1521 cum
1301 1492 1417 1523 duobus
1429 1493 1582 1530 Romanis,
1598 1493 1690 1525 altero
1706 1492 1789 1524 Vati-

95 1539 175 1569 ribus
200 1539 386 1570 editionibus
415 1539 565 1570 institutus
594 1539 700 1580 fuerat,
719 1549 753 1571 ex
781 1541 924 1581 temporis

96 1583 170 1614 notis
185 1584 378 1623 dirigentium
396 1593 461 1614 esse
476 1584 556 1615 duxi.
572 1584 636 1615 Non
652 1588 749 1615 tamen
766 1585 923 1625 disjunctae

94 1629 123 1659 ὃ.
139 1628 253 1659 Justini
268 1629 426 1668 Apologia.
449 1629 564 1668 Hejecti
580 1629 608 1659 in
625 1629 830 1669 Appendicem
847 1639 921 1670 sup-

96 1672 180 1712 positi
195 1672 316 1704 Justino
332 1673 411 1706 libri.
430 1673 510 1704 inter
534 1683 608 1713 quos
625 1678 836 1714 praceptorum
855 1675 920 1714 pie-

96 1721 151 1748 tate
160 1717 274 1748 eminet
288 1717 427 1758 Epistula
444 1718 484 1749 ad
498 1717 616 1748 Zenam
628 1722 657 1749 et
671 1717 821 1749 Serenum
839 1729 844 1750 :
867 1718 918 1750 sed

95 1771 179 1801 quam
196 1766 312 1792 certum
330 1767 360 1793 et
374 1762 561 1793 manifestum
578 1767 622 1793 est
637 1771 701 1793 eam
726 1763 834 1794 Justini
861 1772 920 1794 non

95 1815 171 1843 esse,
184 1809 241 1836 tam
263 1806 424 1838 obswrum
447 1811 477 1838 et
492 1807 635 1838 incertum
662 1811 709 1838 est
724 1816 781 1848 quo
798 1807 920 1848 potissi-

95 1860 172 1881 mum
189 1851 301 1891 scripta
315 1851 354 1882 sit
369 1855 514 1891 tempore.
540 1851 711 1891 Sequuntur
738 1851 795 1882 duo
818 1861 918 1893 opera,

95 1894 123 1925 S.
143 1895 279 1935 martyris
293 1896 413 1935 quidem
431 1896 552 1926 nomine
568 1896 605 1927 ob
623 1904 758 1926 errorum
774 1905 920 1927 venenum

94 1938 226 1980 indigna,
248 1940 304 1971 sed
321 1947 420 1971 tamen
442 1941 512 1971 satis
527 1940 647 1980 idonea,
672 1949 739 1980 qua;
764 1940 881 1980 legendi
897 1949 927 1976 et,

95 1984 294 2023 cognoscendi
309 1984 406 2015 studia
421 1989 646 2016 commoveant:
663 1984 822 2024 Expositio
837 1989 927 2017 rectm

93 2029 305 2068 confessionis,
323 2029 351 2059 in
368 2039 425 2069 qua
441 2029 533 2070 spirat
549 2029 670 2060 haeresis
685 2030 875 2067 Nestoriana;
896 2035 925 2062 et

96 2072 285 2109 Quastiones
309 2083 343 2104 ac
368 2075 572 2113 responsiones
588 2074 630 2104 ad
646 2074 840 2111 orthodoatos,
858 2085 924 2115 qua

96 2117 260 2157 Pelagianis
283 2118 409 2149 maculis
432 2118 562 2158 insignes
578 2122 657 2150 sunt.
676 2118 747 2149 Aliae
772 2118 921 2156 Quaestio-

95 2171 145 2193 nes
169 2168 198 2194 et
212 2164 391 2202 Con/utalia
407 2165 579 2195 Aristotelis
604 2164 774 2203 dogmutum
792 2164 922 2196 mirabili

95 2207 158 2247 styli
184 2208 380 2239 similitudine
404 2208 541 2239 eumdem
569 2213 721 2248 parentem
741 2209 874 2240 referunt
888 2219 922 2241 ac

98 2251 282 2287 culpationes
307 2256 335 2284 et
362 2255 568 2293 responsiones
596 2254 637 2283 ad
658 2253 853 2285 orthodoxae.
871 2253 922 2285 Se-

965 1544 1038 1565 cano
1052 1539 1081 1565 et
1095 1536 1188 1566 altero
1204 1536 1418 1568 Ottoboniano.
1434 1537 1633 1569 Romanorum
1651 1538 1787 1570 codicum

964 1581 1058 1610 varias
1068 1580 1210 1611 lectiones
1225 1580 1320 1612 debeo
1332 1581 1447 1612 duobus
1459 1582 1584 1614 eruditis
1597 1588 1705 1614 nostra:
1719 1593 1788 1614 con-

963 1625 1141 1664 gregationis
1161 1625 1190 1656 in
1212 1625 1295 1657 curia
1321 1627 1454 1658 Romana
1481 1627 1735 1666 procuratoribus,
1753 1628 1786 1660 D.

963 1668 1100 1708 Etiennot
1117 1674 1146 1700 et
1164 1670 1198 1700 D.
1216 1669 1301 1701 Petro
1318 1671 1434 1711 Maloet,
1450 1681 1576 1712 quorum
1600 1672 1714 1712 primus
1728 1673 1787 1704 Le-

961 1716 1114 1753 gutionem
1141 1715 1337 1755 Athenagorae
1352 1725 1418 1746 cum
1435 1716 1552 1747 duobus
1577 1716 1786 1749 Ottobonianis

962 1758 1093 1789 contulit.
1114 1758 1243 1790 Postulat
1256 1759 1330 1799 grati
1346 1760 1438 1791 animi
1454 1761 1594 1795 ofﬁcium,
1615 1766 1644 1791 ut
1659 1765 1688 1791 et
1711 1761 1786 1792 doc-

963 1802 1141 1833 tissimorum
1157 1803 1256 1843 Regiaa
1283 1804 1471 1836 bibliothecae
1486 1805 1641 1836 custodum
1665 1805 1699 1837 D.
1717 1805 1788 1836 Boi-

961 1847 1009 1876 vin
1021 1853 1051 1878 et
1062 1849 1093 1877 D.
1113 1848 1150 1878 de
1166 1849 1309 1888 'l‘argnies
1326 1853 1354 1879 et
1366 1858 1479 1886 eorum,
1496 1850 1546 1890 qui
1564 1850 1621 1880 illis
1637 1859 1789 1881 successe-

965 1900 1009 1927 re,
1023 1892 1158 1922 eximiam
1175 1893 1204 1923 in
1227 1902 1274 1924 me
1288 1893 1454 1933 adjuvando
1470 1894 1680 1925 humanitatem
1702 1903 1787 1925 com-

967 1946 1143 1967 memorem.
1161 1937 1276 1968 Prolixa
1286 1939 1373 1969 etiam
1387 1943 1416 1969 et
1428 1938 1562 1970 benefica
1576 1939 1605 1969 in
1624 1949 1670 1970 me
1683 1939 1786 1970 volun-

968 1985 1010 2012 tas
1030 1982 1139 2012 exstitit
1153 1982 1310 2013 reverendi
1323 1982 1416 2013 Patris
1431 1983 1588 2021 Harduini,
1599 1993 1687 2024 quem
1699 1993 1787 2015 netno

968 2027 1060 2057 nescit
1072 2026 1261 2058 bibliothecae
1275 2027 1390 2066 collegii
1402 2027 1548 2059 Pariensis
1558 2028 1707 2059 societatis
1718 2029 1788 2059 Jesu

965 2071 1016 2101 diu
1028 2071 1197 2110 praefectum
1212 2071 1311 2102 fuisse.
1327 2073 1370 2102 Ad
1393 2073 1562 2103 testimonia
1586 2073 1704 2112 Justini,
1722 2082 1788 2113 qua;

963 2115 999 2146 ab
1028 2115 1158 2147 Eusebio
1182 2116 1362 2154 referuntur,
1381 2117 1502 2148 adhibui
1526 2117 1619 2148 varias
1644 2117 1788 2153 lectiones

964 2170 998 2190 ex
1015 2160 1165 2191 codicibus
1183 2170 1253 2192 mss.
1271 2166 1433 2201 excerptas,
1451 2171 1517 2202 qua
1535 2171 1650 2192 mecum
1676 2161 1712 2192 ah
1729 2172 1787 2193 uno

963 2213 998 2235 ex
1018 2205 1126 2235 nostris
1143 2214 1243 2237 novatn
1255 2205 1416 2236 editionem
1429 2205 1546 2238 Eusebii
1558 2206 1708 2238 Historiae
1716 2217 1787 2247 prae-

965 2253 1086 2290 parante
1097 2250 1324 2281 communicatae
1337 2250 1465 2282 fuerunt.
