1961 3071
94 90 132 123 35

412 157 535 190 CAPUT
557 157 595 189 ll.

90 213 133 243 De
149 213 287 243 materia
301 212 455 243 creatione
476 211 623 242 nonnulla
645 212 758 242 Jnatt'ni
773 215 801 242 et
816 211 913 242 Athe-

291 261 414 292 uagam:
429 253 494 283 loco
510 251 712 291 explicantur.

93 313 101 340 l
128 312 219 340 Justini
234 317 260 339 et
288 312 451 343 Athenagorae
469 311 610 340 testimonia
638 321 668 339 ex
688 312 743 339 aliis
758 311 818 339 locis
833 311 915 346 expll-

126 351 223 376 cantur.
237 349 256 376 ll
272 348 328 377 Non
345 348 398 376 sine
412 356 488 376 causa
500 348 530 375 de
555 347 665 375 materia:
686 348 812 375 creatione
835 347 916 374 inter-

128 383 185 411 dum
202 383 286 412 silent.
303 383 348 412 ΙΙΙ.
364 384 434 413 Sacri
458 388 481 411 et
497 383 659 411 ecclesiastici
679 383 812 418 scriptores
825 383 913 410 eodem

127 419 198 447 modo
212 419 300 447 locuti.

130 473 326 507 LSJustinus
341 477 370 505 et
382 474 586 513 Athenagoras
599 474 636 504 de
651 473 753 504 mundi
763 473 913 504 creatione

90 519 232 550 nonnulla
245 519 394 558 dixerunt,
411 527 476 560 qua;
493 519 549 549 hoc
564 519 631 549 loco
646 518 806 558 explanare
821 526 913 548 cona-

91 564 244 602 bimur,ne
262 564 426 594 molestiam
440 563 609 604 legentibus
619 563 776 594 facessunt.
792 561 912 593 Initium

92 609 196 640 ducam
213 608 249 639 ab
266 609 313 639 his
327 608 434 640 Justini
447 608 545 638 verbis
560 618 592 638 ex
610 607 768 648 Apol.l,n.
789 608 822 636 I0
838 615 844 637 :
862 608 913 638 Καὶ

90 655 175 682 πάντα
190 654 238 688 τὴν
254 654 354 694 ἀρχὴν,
386 654 482 692 ἆγςώὺν
512 653 586 691 ὄντα,
616 652 815 692 δημιουργῆσαι
835 652 913 680 αὐτόν

90 699 115 732 ἐξ
142 699 260 738 ἀμόρφου
290 698 354 732 ὕλης
382 697 416 725 δι’
445 698 596 737 ἀνθρώπους
626 696 810 736 διδιδάγμεθα,
836 708 849 723 ι
878 695 912 726 El

90 752 157 773 cum
175 743 269 773 bonus
285 742 323 773 sit
339 741 438 772 omnia
455 741 535 772 illum
562 742 598 771 ab
624 741 706 771 initio
733 750 767 771 ex
789 740 910 771 informi

91 787 214 819 tnateria
227 790 346 828 propter
355 787 491 817 homines
503 786 673 817 condidisse
682 785 823 816 scimus.»
839 784 909 815 Plu-

90 843 138 864 res
154 833 240 864 torsit
252 832 335 869 illud,
359 831 385 865 ἐξ
400 832 517 872 ἀμόρφου
531 831 607 872 ὕλης⁷
626 831 703 871 quod
727 831 846 871 quidem
864 830 913 863 alii

89 877 316 918 expungendum
331 876 545 908 duxeruntalii
562 875 846 915 emcndandum,alii
859 874 911 905 be—

91 923 210 962 nignius
222 922 490 962 interpretandum.
503 921 670 957 Quinetiam
688 920 803 951 videtur
817 919 913 960 prima

89 967 190 1008 specie
204 966 338 997 Justinus
352 975 419 996 cum
434 966 556 997 Platone
572 965 743 996 consentire
759 965 796 995 de
812 964 913 995 mundi

89 1013 250 1048 creatione,
269 1011 403 1052 quamvis
417 1011 466 1041 ille
491 1010 643 1041 materiam
661 1019 694 1041 ex
717 1009 810 1040 nihilo
826 1018 911 1039 crea-

89 1063 147 1089 tam
164 1057 255 1087 fuisse
269 1066 307 1086 ne
322 1055 487 1096 suspicatus
503 1055 622 1095 quidem
640 1054 687 1085 sit.
706 1055 754 1085 Sic
769 1053 848 1084 enim
866 1054 910 1084 lo-

87 1101 228 1142 quiturin
244 1101 348 1131 eadem
365 1101 448 1140 Apol.
471 1101 497 1137 l,
523 1109 553 1130 n.
572 1100 610 1131 59
628 1109 635 1130 ;
652 1100 709 1128 "tu
740 1099 765 1127 δὲ
783 1100 825 1127 καὶ
841 1099 910 1138 παρὰ

86 1150 138 1176 τῶν
163 1147 300 1184 ἡμετέρων
316 1145 482 1174 διδιτκάλων
511 1145 636 1185 (λέγομεν
651 1144 683 1179 δὴ
704 1149 750 1173 τοῦ
765 1145 844 1183 λόγου
866 1148 911 1172 τοῦ

86 1191 127 1220 διὰ
143 1195 194 1220 τῶν
209 1193 363 1231 προφητῶν)
392 1189 508 1218 λαϐόντι
531 1191 578 1218 τὸν
607 1190 736 1218 “litt-iv:
764 1189 867 1226 μάθηιε
882 1190 911 1216 τὸ

86 1237 183 1276 εἰπεῖν,
219 1235 285 1269 ὕλην
322 1235 442 1275 ἄμοριςον
479 1235 560 1262 οὖσιν
586 1234 736 1274 στρὲψιντι
763 1235 807 1261 τὸν
835 1234 909 1268 Θεὸν,

86 1282 185 1319 κότμον
214 1281 335 1320 ποιῆσιι,
365 1280 492 1308 ἀκούσατε
519 1291 571 1307 τον
603 1278 734 1311 αὖτολεξεὶ
765 1278 911 1317 εἰρημένων

545 92 574 124 S.
598 90 782 124 JUSTINUS
804 88 1066 123 PHILOSOPHUS
1086 90 1135 122 ET
1158 91 1332 124 MARTYR.

1738 93 1777 126 36

924 164 943 188 Α
958 158 1151 198 prodiisse,ut
1165 159 1381 191 «materialium
1393 161 1539 197 omnium,
1549 170 1616 201 quae
1626 160 1721 192 instar
1730 162 1779 193 in-

955 203 1057 234 formis
1064 208 1176 235 naturaa
1184 209 1214 236 et
1225 205 1332 236 inertis
1341 209 1428 236 terra:
1439 205 1573 246 partibus
1583 206 1781 238 crassioribus

956 247 1121 280 commislis
1131 257 1199 279 cum
1207 248 1603 289 levioribus,jacebant,idea
1611 254 1640 282 et
1651 253 1780 282 actusto-

956 296 1032 324 ret.)
1048 293 1140 323 Deum
1153 297 1182 323 et
1192 293 1347 336 materiam
1357 303 1424 324 cum
1434 294 1540 334 opiﬁce
1552 294 1651 325 etlnlo
1663 303 1781 336 compn-

954 340 1010 374 rat,
1043 346 1074 368 n.
1107 338 1169 368 i5:
1199 334 1245 370 Ὠς
1273 339 1323 378 γὰρ
1352 340 1366 367 ὁ
1393 340 1522 378 κεραμεὺς
1544 341 1587 367 καὶ
1607 339 1694 373 πηλὸς
1718 334 1780 380 (Ῐλη

955 383 1004 419 μὲν
1033 381 1046 410 ὁ
1067 382 1164 420 πηλὸς,
1192 383 1319 423 τεχνίτης
1349 382 1376 411 δὲ
1399 385 1413 412 ὁ
1435 383 1590 423 κεραμεύς),
1613 384 1657 412 καὶ
1672 385 1685 412 ὁ
1716 385 1780 417 Θεὸς

955 426 1126 467 δημιουργὸς,
1155 428 1323 456 ὑπακούουσι
1352 428 1378 456 δὲ
1407 431 1478 466 αὖτῷ
1512 430 1529 463 ἡ
1557 428 1608 462 ὕλη
1637 430 1703 468 πρὸς
1732 431 1780 464 τὴν

954 471 1067 512 τέχνην.
1093 484 1105 500 α
1124 471 1379 509 Quemadmodum
1409 473 1488 504 enim
1511 473 1619 512 ﬁgulus
1641 478 1672 504 et
1685 473 1780 505 lututn

957 516 1095 556 (materia
1108 516 1229 557 quidem
1242 517 1348 555 lutum,
1365 517 1470 548 artifex
1481 522 1579 549 autem
1591 517 1723 557 ﬁgulus),
1738 519 1780 550 ita

955 562 1034 593 Deus
1045 562 1156 602 opifex,
1168 566 1198 593 et
1208 571 1274 602 quae
1285 562 1350 602 ejus
1362 562 1417 593 arti
1429 562 1603 603 obsequitur
1623 563 1777 595 materie.»

954 605 991 636 Ει
1006 615 1036 637 n.
1060 607 1095 638 19
1109 615 1115 638 ;
1131 612 1180 636 Δεῖ
1194 606 1220 634 δὲ
1243 607 1287 635 sui
1308 608 1341 645 τῇ
1363 607 1412 646 ὕλῃ
1432 609 1554 648 τεχνίτου
1583 609 1626 636 καὶ
1653 607 1719 642 ὕλης
1741 612 1780 646 τῷ

954 652 1077 691 τεχνίτῃ.
1097 662 1108 679 α
1125 650 1207 691 Opus
1236 655 1283 682 est
1307 655 1406 682 autem
1431 656 1460 683 et
1482 652 1616 683 materiae
1628 652 1728 692 opifex
1752 657 1780 684 et

957 696 1080 726 materia
1095 695 1206 736 opiﬁci.
1221 708 1234 724 »

996 739 1032 771 Ut
1042 740 1173 771 solvatur
1187 740 1358 778 difﬁcultas,
1376 741 1473 782 siqua
1493 741 1565 772 insit
1581 741 1628 772 his
1643 741 1777 772 testimo-

955 784 1099 824 niis,illud
1114 787 1144 816 t°
1154 789 1287 816 statuere
1302 795 1471 826 possumus,
1480 785 1630 817 Justinum
1641 791 1672 818 et
1685 787 1778 817 Athe-

956 839 1093 869 nagoram
1123 830 1166 861 sic
1189 829 1227 860 de
1256 831 1387 861 materias
1409 830 1562 862 creatione
1582 830 1649 862 aliis
1664 831 1694 862 in
1706 831 1778 862 locis

955 873 1070 905 locutos
1084 883 1162 912 esse,
1176 878 1209 905 ut
1223 883 1327 905 eorum
1343 875 1433 906 duhia
1448 884 1506 905 non
1524 875 1615 915 possit
1625 885 1691 906 esse
1705 885 1777 907 sen-

956 919 1059 951 tentia.
1076 919 1211 951 Justinus
1228 919 1258 950 in
1284 920 1418 957 Cohort.,
1435 929 1466 951 n.
1479 919 1529 956 2‘2.
1545 920 1600 951 hoc
1615 920 1776 952 discrimen

956 972 1022 995 esse
1032 963 1133 994 statuit
1143 963 1224 995 inter
1234 963 1376 995 factorem
1388 968 1417 995 et
1426 964 1577 1005 opiﬁcem,
1589 965 1668 1004 quod
1679 966 1779 1004 factor

953 1007 1039 1039 nulla
1050 1017 1084 1040 re
1094 1007 1158 1040 alia
1170 1009 1363 1049 indigens,”
1370 1018 1426 1041 sua
1435 1010 1654 1048 ipsiusvirtute
1663 1014 1690 1041 et
1696 1015 1778 1050 pote-

952 1057 1029 1085 state
1036 1055 1129 1093 faciat
1140 1055 1173 1085 td
1183 1055 1262 1094 quod
1284 1054 1340 1094 ﬁt;
1355 1055 1494 1086 conditor
1514 1058 1614 1086 autem
1623 1059 1742 1096 accepta
1757 1065 1777 1086 a

951 1099 1080 1130 materia
1085 1107 1172 1138 opera
1177 1099 1229 1130 udi
1233 1099 1379 1137 facultate
1385 1102 1538 1130 construat
1548 1100 1580 1129 id
1588 1099 1667 1139 quod
1677 1100 1776 1131 condi-

953 1143 1049 1174 tur.ln
1065 1142 1169 1174 eodem
1186 1143 1264 1174 libro
1280 1143 1433 1175 Platonem
1450 1144 1662 1184 exagitatquod
1679 1149 1775 1175 mate-

952 1187 1027 1219 riam
1039 1192 1178 1219 aaternam
1191 1193 1220 1219 et
1230 1188 1395 1219 increatam
1411 1189 1568 1229 putaverit,
1586 1193 1618 1220 ut
1634 1188 1775 1221 observa-

952 1231 1050 1263 vimus
1061 1232 1097 1263 ad
1114 1242 1144 1265 n.
1160 1235 1209 1264 23.
1227 1233 1372 1264 Eumdem
1387 1234 1538 1264 Platonem
1550 1233 1600 1271 ait,
1616 1243 1644 1264 n.
1662 1233 1712 1271 30,
1730 1233 1775 1265 le-

952 1277 1030 1316 gisse
1043 1277 1164 1317 quidem
1182 1278 1234 1310 sed
1249 1287 1307 1308 non
1318 1277 1498 1309 intellexisse
1510 1277 1627 1308 initium
1643 1277 1711 1309 libri
1719 1278 1775 1310 Ge~

86 1325 126 1354 διὸ
158 1325 274 1357 Μωσέως
304 1328 348 1353 τοῦ
378 1323 615 1364 προδεδηλωμέ-ιου
631 1324 735 1362 πρώτου
762 1324 909 1363 προφήτου,
951 1331 996 1353 ne;

992 1323 1043 1358 sis,
1060 1325 1149 1363 atque
1159 1322 1233 1353 illud
1252 1333 1259 1354 ε
1279 1323 1374 1354 Terra
1388 1326 1485 1353 autem
1499 1327 1576 1358 erat.
1594 1321 1776 1354 intellexisse

86 1372 129 1399 xzi
159 1369 333 1410 πρεςὸυτέρου
371 1373 424 1398 τῶν
451 1369 478 1397 ἒν
504 1368 626 1402 "enm
655 1368 827 1408 σνγγριφέων
845 1376 852 1383 ⁸
878 1367 910 1396 δι’
952 1366 989 1398 de

1007 1371 1086 1398 terra
1102 1367 1336 1407 praaexsistente,
1353 1367 1423 1407 quia
1447 1367 1562 1398 scilicet
1573 1366 1731 1398 invisibilis
1747 1372 1776 1398 et

86 1419 115 1445 οῦ
144 1416 246 1453 μηνύον
269 1416 299 1443 τὸ
314 1416 479 1454 προφητικὸν
495 1415 600 1451 Πνεῦμι
615 1417 672 1445 πῶς
695 1415 743 1447 τὴν
758 1413 846 1453 ἀρχὴν
867 1412 912 1452 καί
952 1411 996 1442 inc

992 1411 1148 1452 :omposita
1160 1412 1282 1444 dicitur.
1295 1411 1388 1443 Docet
1401 1413 1431 1443 in
1458 1413 1597 1452 Dialogo,
1616 1422 1645 1442 n.
1660 1414 1691 1449 ὅ,
1707 1412 1774 1444 ani-

87 1460 116 1488 ὲκ
144 1460 220 1488 τίνων
249 1458 460 1498 ἓόημιούργησεν
489 1459 503 1487 ὀ
533 1459 597 1489 Θεὸς

86 1504 169 1535 οὕτως
188 1512 195 1518 '
224 1503 268 1532 Ἐν
304 1503 378 1543 ἀρχῇ
419 1503 543 1536 ἐποίησεν
579 1503 593 1530 ἁ
635 1503 699 1534 Θεὸς
727 1503 773 1529 τὸν
802 1502 910 1540 οὐρανὸν

86 1549 130 1577 καὶ
145 1548 193 1582 τὴν
208 1548 270 1587 γῆν,
287 1543 318 1576 Ἠ
334 1547 361 1576 δὲ
377 1548 412 1586 γῆ
428 1548 460 1581 ἦν
486 1547 598 1586 ἀόρατος
612 1547 656 1574 καὶ
669 1546 908 1582 ἀκατασκεύπιστος,

86 1594 130 1621 καὶ
145 1593 240 1624 σκότος
257 1592 346 1620 ἐπάνω
372 1594 422 1625 τῆς
446 1590 571 1619 ἀϐύσσου·
588 1591 631 1619 καὶ
646 1594 749 1626 πνεῦμα
766 1594 831 1619 Θεοῦ
844 1591 909 1617 ἒπε-

86 1638 180 1678 φέριτο
195 1637 285 1665 ἐπάνω
298 1639 350 1665 τῶν
365 1635 475 1664 ὗδάτων.
491 1636 540 1664 Καὶ
555 1635 632 1663 εἶπεν
648 1636 661 1663 ὁ
677 1635 753 1667 θεός⁸
770 1635 911 1669 Γενηθήτω

86 1685 153 1722 φῶς,
176 1682 221 1711 καὶ
245 1681 350 1719 ἐγένετο
386 1680 480 1712 οὕτως.
510 1679 593 1708 Ὥστε
623 1679 695 1718 λόγῳ
717 1683 782 1708 Θεοῦ
807 1680 837 1707 ὲκ
858 1680 911 1706 τῶν

87 1725 271 1763 ὑποκειμένων
299 1727 343 1753 καὶ
367 1724 591 1765 προόηλωθέντων
614 1723 655 1752 διὰ
684 1723 813 1763 Μωσέως,
830 1734 908 1762 γιγε-

87 1772 180 1804 vigilat
210 1771 256 1798 τόν
272 1770 357 1798 πάντα
386 1769 498 1807 κόσμον,
522 1770 566 1797 xxi
596 1768 718 1807 Πλάτων,
735 1769 777 1796 γαὶ
792 1770 815 1796 oi
830 1772 911 1796 ταῦτα

85 1814 219 1855 λέγοντες,
249 1815 292 1842 καὶ
321 1815 402 1852 ἡμεῖς
436 1814 567 1852 ἐμάθομεν
597 1814 640 1842 mi
670 1813 747 1851 ὑμεῖς
771 1812 909 1846 πεισθῆναι

85 1860 203 1891 δύναισθε.
222 1870 236 1889 ι
253 1861 351 1898 Atque
375 1864 436 1890 uta
451 1858 622 1889 doctoribus
638 1857 759 1894 nostris,
788 1857 817 1887 id
833 1861 877 1888 est
893 1866 909 1887 a

86 1904 221 1935 doctrina
250 1913 303 1944 per
334 1903 493 1944 prophetas
519 1903 647 1943 vulgata,
672 1906 825 1942 acceptum
842 1911 909 1933 esse

85 1948 268 1988 intelligetis,
286 1948 365 1988 quod
390 1947 462 1978 dixit
492 1947 583 1982 l’lalo,
605 1948 711 1984 Deum,
729 1956 795 1978 cum
813 1951 908 1978 mate-

86 1993 159 2024 riam
175 1993 331 2024 informem
345 1992 496 2028 vertisset,
509 1992 650 2023 mundum
667 1991 794 2029 fecisse;
810 1991 909 2022 audite

86 2037 156 2079 quid
174 2037 297 2068 totidem
314 2037 411 2068 verbis
437 2037 546 2068 dixerit
570 2036 693 2076 Moyses,
711 2036 825 2076 primus
839 2045 909 2076 pro-

87 2083 241 2123 phetarum
264 2089 294 2113 et
321 2081 518 2121 scriptoribus
544 2081 684 2111 omnibus
708 2079 861 2120 vetustior,
878 2085 909 2110 ut

640 1459 684 1485 τὸν
717 1457 830 1497 κόσμον,
859 1457 996 1496 ἔφηεῐῐιθ

992 1457 1070 1492 tm,si
1085 1456 1215 1487 increata
1228 1461 1319 1494 esset,
1337 1459 1396 1488 Deo
1412 1457 1555 1497 aqualem
1581 1456 1722 1494 futuram,
1738 1459 1775 1488 ita

952 1505 982 1531 ut
991 1510 1029 1532 ne
1042 1500 1122 1532 Deus
1130 1501 1251 1541 quidem
1266 1510 1374 1541 cogere
1384 1501 1465 1532 illam
1476 1505 1505 1532 et
1516 1502 1574 1531 vim
1584 1501 1696 1532 inferre
1708 1511 1772 1542 pos-

952 1545 1001 1577 sit.
1019 1545 1060 1576 Ex
1075 1555 1133 1586 quo
1162 1545 1234 1577 satis
1267 1546 1459 1586 perspicitur,
1485 1549 1628 1586 quantum
1644 1546 1681 1577 ab
1696 1547 1774 1578 illius

953 1594 1053 1623 mente
1067 1590 1334 1621 abfueritabsurda
1349 1590 1479 1622 materiai
1503 1590 1645 1622 increatae
1659 1590 1771 1631 opinio.

952 1634 985 1666 In
997 1635 1152 1666 illoautem
1165 1635 1315 1675 Apologia
1340 1635 1418 1675 loco,
1435 1634 1484 1665 ubi
1493 1634 1646 1666 Platonem
1662 1634 1772 1672 laudat,

952 1680 1084 1711 materie
1100 1680 1279 1711 creationem
1291 1679 1396 1711 leviter
1409 1680 1528 1720 quidem
1541 1687 1567 1710 et
1580 1679 1663 1720 quasi
1679 1684 1773 1711 trans-

953 1726 1026 1762 iens,
1053 1724 1105 1755 sed
1130 1729 1227 1756 tamen
1252 1734 1311 1755 non
1336 1724 1466 1755 obscure
1487 1724 1611 1756 indicat.
1627 1724 1678 1755 Ait
1692 1724 1772 1755 enim

951 1769 999 1800 his
1008 1769 1117 1801 Verbis:
1130 1770 1163 1801 In
1174 1770 1326 1810 principio
1337 1771 1451 1801 creavit
1462 1769 1542 1800 Deus
1550 1769 1655 1800 calum
1670 1773 1699 1800 et
1711 1773 1772 1800 ter-

951 1822 1068 1852 ram,ea
1082 1813 1282 1851 contineri,ex
1297 1814 1408 1855 quibus
1419 1815 1498 1846 Deus
1509 1813 1652 1844 mundum
1671 1813 1772 1845 condi-

950 1859 1006 1896 dit,
1024 1858 1093 1900 quia
1102 1859 1209 1890 ccelum
1226 1863 1255 1890 et
1269 1863 1392 1897 terram,
1408 1862 1439 1889 ut
1455 1858 1539 1889 multi
1551 1857 1771 1895 alii,materiam

949 1903 1022 1942 sive,
1039 1908 1071 1935 ut
1084 1905 1125 1935 ait
1135 1904 1316 1945 Augustinus
1332 1903 1355 1940 ε,
1381 1912 1484 1935 semen
1498 1903 1562 1934 caeli
1577 1907 1606 1934 et
1622 1907 1708 1934 teme
1722 1902 1772 1933 in—

951 1947 1112 1988 telligebat.
1128 1949 1332 1988 Athenagoras
1343 1948 1477 1984 docet,n.
1492 1949 1521 1985 4,
1541 1947 1693 1978 materiam
1705 1956 1771 1978 esse

949 1997 1078 2025 creatam
1096 1998 1125 2025 et
1135 1993 1319 2034 corruptioni
1335 1992 1546 2031 obnoxiam;et
1564 2002 1596 2024 n.
1608 1993 1657 2032 10,
1672 1992 1772 2024 omnia

950 2046 1003 2078 per
1013 2037 1144 2069 Verbum
1155 2042 1254 2069 creata
1265 2041 1294 2068 et
1306 2041 1420 2069 orueta.

989 2083 1025 2114 Il.
1043 2082 1183 2119 Quamvis
1204 2082 1340 2113 Justinus
1365 2086 1396 2113 et
1421 2082 1624 2121 Athenagoras
1638 2082 1718 2113 idem
1733 2083 1772 2113 de

86 2136 175 2168 supra
185 2126 465 2166 demonstravimus,
480 2135 533 2166 per
543 2135 630 2166 quem
646 2125 766 2164 spiritus
783 2125 903 2165 prophe-
921 2125 940 2149 0
951 2127 1082 2158 materiae
1099 2127 1250 2158 creatione
1265 2127 1425 2164 senserint,
1441 2135 1475 2157 ac
1486 2125 1643 2158 Christiani
1654 2135 1769 2165 omnes,

86 2171 161 2203 ticus
185 2171 332 2212 quomodo
359 2171 500 2201 mundum
517 2169 596 2201 Deus
611 2170 695 2201 initio
712 2175 739 2200 ct
755 2179 788 2201 ex
802 2169 909 2210 quibus

85 2216 264 2254 condiderit,
277 2215 409 2247 declarat
422 2215 468 2246 his
480 2214 578 2246 verbis
596 2224 602 2245 :
620 2214 655 2245 In
670 2215 819 2254 prim/pic
838 2214 910 2254 ferit

88 2261 168 2292 Deus
180 2260 286 2292 certum
302 2264 330 2291 et
345 2264 469 2291 tetram.
491 2259 588 2290 Terra
603 2264 704 2290 autem
721 2263 784 2290 erat
796 2259 907 2290 invisi-

85 2305 154 2336 bilis
169 2310 199 2336 et
215 2306 425 2345 incomposita;
437 2310 465 2336 et
478 2304 609 2336 tenebrae
620 2313 711 2344 super
722 2305 869 2343 abyssum;
881 2308 908 2335 et

84 2349 219 2390 Spiritus
231 2350 284 2381 Dei
292 2349 444 2389 ferebatur
453 2358 544 2389 super
553 2358 674 2389 aquam.
681 2348 719 2379 Et
727 2349 807 2380 dixit
817 2349 907 2379 Deus:

84 2394 153 2426 Fiat
168 2396 234 2433 tua),
251 2400 280 2425 et
295 2395 376 2433 facta
398 2398 439 2424 est
464 2395 519 2424 lux
533 2394 558 2423 Ι.
586 2392 686 2424 Verbo
702 2393 789 2432 igilht‘
806 2393 856 2424 Dei
874 2402 907 2423 ex

85 2439 227 2480 subjectis
252 2443 281 2470 et
296 2448 312 2468 a
341 2439 440 2478 Moyse
468 2438 628 2477 designatis
650 2437 741 2468 rebus
766 2437 907 2468 mundum

87 2484 262 2515 universum
285 2492 351 2513 esse
377 2482 528 2514 conditum
547 2489 575 2513 et
589 2482 680 2519 Plato,
696 2487 724 2512 et
739 2482 788 2522 qui
804 2482 908 2513 eadem

85 2537 122 2559 ac
137 2528 187 2560 ille
203 2528 317 2566 dicunt,
337 2531 367 2557 et
381 2536 435 2558 nos
450 2527 509 2568 ipsi
524 2527 695 2564 didicimus,
721 2527 863 2567 vobisque
875 2527 908 2557 li-

86 2577 134 2603 cet
150 2573 228 2604 idem
241 2574 453 2613 perspicere.»
485 2572 519 2604 Et
546 2582 576 2604 n.
605 2573 654 2608 6⁸7,
681 2571 760 2602 nulla
778 2572 908 2602 materias

85 2617 245 2648 creationis
255 2617 329 2647 facta
346 2616 604 2656 mentione,Deum
621 2617 661 2647 ait
676 2625 682 2648 :
706 2629 717 2644 ι
733 2617 805 2647 Cum
819 2620 908 2647 mate-

85 2662 159 2693 riam
177 2667 206 2693 et
222 2662 361 2693 tenebras
389 2661 535 2698 vertisset,
569 2661 711 2692 mundum
729 2660 876 2692 effecisse.
891 2673 905 2688 »

127 2707 329 2746 Athenagoras
343 2706 432 2738 docet
453 2706 482 2737 in
498 2706 633 2746 .~lpolog..
651 2715 681 2738 η.
699 2706 737 2737 10
754 2715 761 2735 :
777 2704 906 2736 Verbum

126 2776 211 2807 lGen
239 2773 266 2806 If
302 2774 433 2805 2Contra
450 2774 513 2804 adv.
533 2775 592 2813 leg.

951 2172 1100 2203 interdum
1110 2176 1208 2203 tamen
1221 2171 1331 2203 nullam
1344 2171 1389 2202 vel
1400 2171 1492 2202 levem
1518 2171 1604 2210 hujus
1613 2171 1772 2202 creationis

951 2217 1133 2248 mentionem
1151 2217 1270 2251 faciunt,
1286 2216 1357 2257 quia
1381 2216 1410 2246 id
1422 2215 1458 2247 ab
1475 2215 1518 2246 eis
1529 2225 1587 2246 non
1605 2215 1771 2256 postulabat

952 2261 1093 2302 propositi
1118 2261 1206 2293 ratio.
1228 2259 1364 2292 Justinus
1398 2259 1448 2291 ubi
1477 2260 1630 2292 Platonem
1660 2259 1768 2298 laudat,

951 2304 1086 2335 ethnicos
1112 2304 1263 2336 adducere
1288 2308 1422 2343 conatur,
1435 2309 1467 2335 ut
1482 2314 1516 2335 ea
1531 2313 1590 2335 non
1605 2304 1726 2336 oderint
1740 2305 1770 2335 in

950 2348 1205 2390 Christianisque;
1219 2349 1249 2380 in
1265 2349 1387 2380 Platone
1409 2349 1566 2387 mirantur,
1583 2349 1686 2390 eisque
1702 2350 1768 2380 Pla—

952 2394 1056 2425 tonicae
1086 2394 1228 2425 doctrinae
1252 2403 1319 2425 cum
1346 2393 1514 2426 Christiana
1528 2393 1768 2432 similitudinem,

951 2439 1040 2470 veluti
1052 2439 1210 2479 quamdam
1226 2438 1401 2470 illecebram
1418 2438 1688 2479 prmtendit.Quare
1702 2443 1770 2469 tunc

951 2493 1074 2514 necesse
1085 2493 1143 2515 non
1154 2488 1216 2514 erat
1232 2483 1263 2514 in
1272 2483 1398 2515 Platone
1411 2483 1628 2523 ignorationem
1639 2483 1770 2515 materia

948 2529 1107 2560 creationis
1124 2528 1284 2569 exagitare,
1296 2528 1349 2560 sed
1364 2529 1457 2560 satius
1469 2528 1624 2559 videbatur
1638 2527 1718 2559 illius
1732 2528 1769 2559 de

950 2573 1060 2604 mundo
1071 2573 1123 2604 Dei
1135 2573 1281 2614 sapientia
1292 2577 1392 2604 creato
1402 2573 1581 2604 sententiam
1593 2573 1725 2613 laudare,
1737 2577 1770 2604 ut

950 2627 996 2654 ex,
1012 2617 1118 2658 Moysis
1142 2618 1275 2649 haustam
1292 2617 1444 2656 fontibus;
1466 2617 1600 2658 quamvis
1616 2617 1769 2649 materiam

949 2666 1078 2693 creatam
1089 2663 1205 2702 Moyses
1215 2662 1371 2703 intelligat,
1388 2667 1419 2693 ut
1429 2662 1562 2694 Justinus
1573 2672 1632 2693 non
1641 2663 1770 2694 obscure

950 2706 1091 2742 declarat.
1120 2706 1281 2737 increatam
1314 2707 1406 2738 Plato.
1430 2706 1514 2747 Saepe
1536 2707 1610 2737 alias
1635 2707 1770 2738 laudatus
