1961 3071
207 95 248 130 43

664 97 695 129 S.
717 94 902 129 JUSTINUS
922 88 1186 128 PHILOSOPHUS
1208 89 1256 127 ET
1279 89 1453 127 MARTYR.

1858 93 1899 128 44

207 165 351 204 angelos:
380 174 440 195 non
467 165 559 204 magis
583 163 716 204 profecto
732 172 818 204 quam
837 162 867 195 S.
892 162 1033 204 Ignatius,
1047 169 1065 193 A
1079 163 1147 194 tiam
1166 163 1344 204 perciperet.
1360 163 1434 195 Nam
1447 168 1565 194 etnunc
1577 163 1684 201 infans,
1702 173 1769 194 cum
1783 164 1903 203 genitus

207 210 257 250 qui
273 210 313 240 ait
326 210 355 240 in
373 209 500 249 epistola
513 209 550 240 ad
566 209 728 245 Romanos,
746 218 776 240 ιι.
795 208 850 238 ιρι
869 208 967 248 Πρέπει
986 209 1035 247 γὰρ

207 256 269 292 ὑμῖν
284 261 342 287 τοῖς
357 255 415 282 καθ’
432 254 490 294 ἕνα,
506 254 645 294 ἐξαιρέτως
681 254 725 281 καὶ
752 260 811 284 τοῖς
836 252 1032 293 πρεσϐυτέροις,

208 299 356 339 ἀναῲύχειν
385 300 430 327 τὸν
459 298 603 327 ἐπίσκοπον
641 299 676 331 εἷς
704 298 785 336 τιμὴν
808 299 922 337 Πατρὸς,
945 298 1033 331 Ἰησοῦ

209 347 332 383 Χριστοῦ,
349 345 391 372 καὶ
408 347 460 372 τῶν
476 343 644 374 ἀποστόλων,
666 354 677 370 α
696 343 787 373 Decet
803 343 881 373 enim
900 342 1031 381 singulos

208 392 349 425 vestrum,
367 392 395 418 et
411 388 558 428 praecipue
571 387 769 428 presbyteros,
781 387 949 418 refocillare
963 386 1030 427 epi-

207 442 342 472 scopum,
364 433 392 463 in
409 433 555 463 honorem
572 431 680 472 Patris,
696 431 767 462 Jesu
781 430 890 463 Christi
906 435 935 462 et
957 440 1028 472 apo-

208 477 363 509 stolorum.
380 487 394 507 )

247 523 368 554 Frustra
381 521 521 562 objicitur
533 521 643 556 duplex
661 520 733 552 illud
757 520 890 554 verbum.
915 520 1026 558 σέϐομεν

207 567 250 594 καὶ
266 570 491 605 προσκυνοῦμεν,σ
508 565 634 596 colimus
643 570 672 595 et
682 564 949 596 adoramus.:Nam
963 565 1026 604 pri-

208 619 289 640 mum
301 610 420 650 quidem
436 610 472 641 ad
488 610 608 649 angelos
619 609 698 650 ipsos
710 610 850 647 refertur,
868 609 967 640 habita
982 618 1027 640 ra-

208 655 291 686 tione
306 655 499 695 discriminis,
515 655 591 695 quod
621 654 699 685 inter
721 654 890 686 Creatorem
907 659 937 685 et
964 663 1026 684 rem

208 704 338 731 creatam
350 700 657 731 intercediLAlterum
669 703 766 729 autem
780 708 966 740 nequaquam
979 708 1029 729 an-

209 745 290 784 gelos
312 744 483 776 necessario
512 743 750 784 comprehendit.
768 744 851 784 Saepe
873 743 930 774 duo
944 744 1032 774 verba

210 789 298 819 simul
314 789 472 829 conjuncta
483 798 541 820 non
554 789 589 820 ad
605 797 693 819 unam
704 793 735 819 et
749 788 885 820 eamdem
901 788 1032 825 rem,sed

209 835 244 865 ad
255 828 507 875 diversasjudicio
520 835 679 874 legentium
694 834 874 866 referuntur:
892 834 977 874 cujus
988 828 1032 865 rei

209 879 378 919 exemplum
393 879 521 910 maxime
533 879 698 919 appositum
710 878 862 910 observavi
876 879 906 910 in
916 883 985 909 nota
995 878 1031 909 ad

208 928 313 964 quaest.
332 923 388 957 137
403 924 443 955 ad
457 924 656 956 orthodoxos.

529 990 650 1024 CAPUT
668 991 704 1023 V.

207 1031 367 1091 ἦλθορᾶϋὶ
381 1052 531 1083 sententia
545 1051 580 1082 de
594 1053 675 1082 statu
699 1051 734 1082 in
748 1059 807 1091 quo
835 1053 955 1082 creatus
971 1051 1031 1090 fuit

543 1096 690 1127 Adamus.

210 1156 232 1185 l.
248 1156 380 1184 Infantiam
395 1155 489 1184 Adamo
508 1156 596 1184 tribuit
615 1155 767 1191 Theophilus
793 1154 832 1182 νιιι
854 1155 886 1191 ob
909 1155 1031 1182 innocen-

246 1193 316 1225 tiam,
335 1191 374 1219 vel
387 1192 418 1219 ob
434 1196 557 1220 recentem
573 1190 734 1220 creationem.
751 1190 784 1219 Il.
805 1190 874 1218 Multi
888 1190 930 1218 alii
945 1191 1032 1218 eodem

248 1228 320 1264 modo
334 1227 410 1264 locuti
421 1232 488 1255 sunt.
506 1228 548 1255 lll.
563 1227 705 1264 Singularis
720 1226 748 1254 S.
768 1226 905 1255 Clementis
917 1226 1034 1255 Alexan-

249 1263 314 1291 drini
335 1263 430 1299 opinio.

251 1327 273 1355 l.
292 1325 416 1357 Videtur
440 1325 535 1366 prima
548 1326 650 1366 specie
664 1326 848 1366 Theophilus
862 1325 1032 1356 existimare

208 1371 352 1401 Adamum
364 1370 394 1400 in
412 1371 539 1411 quodam
554 1371 683 1402 infantiae
694 1375 769 1401 statu
785 1374 916 1402 creatum
929 1371 1032 1411 fuisse,

208 1424 242 1445 ac
254 1424 288 1445 ea
300 1414 425 1446 scientia
441 1414 627 1452 destitutum,
645 1424 710 1455 quae
735 1414 811 1445 virili
828 1414 906 1445 aetati
921 1424 1031 1445 conve-

1076 207 1176 245 fuerit,
1193 209 1324 239 nondum
1354 212 1449 248 potest
1461 217 1567 248 panem
1585 208 1686 248 edere,
1703 209 1755 238 sed
1771 208 1900 248 primum

1075 252 1151 283 lacte
1167 253 1419 290 nutritur,deinde
1431 253 1640 293 progrediente
1654 258 1739 284 aetate
1755 253 1843 284 etiam
1860 254 1897 284 ad

1073 297 1201 327 solidum
1213 298 1313 328 cibum
1324 298 1451 329 accedit.
1469 297 1550 328 Idem
1566 307 1682 338 quoque
1695 298 1811 329 Adamo
1826 307 1897 328 eve-

1074 341 1165 372 nisset
1190 341 1377 382 Quapropter
1387 352 1445 373 non
1462 342 1600 373 invidens
1628 343 1654 373 ei
1672 343 1763 379 Deus,
1781 347 1813 373 ut
1828 342 1899 383 qui-

1072 385 1140 416 dam
1154 386 1332 424 existimant,
1350 387 1502 417 interdixit
1513 396 1550 417 ne
1561 388 1598 417 de
1611 387 1689 426 ligno
1704 387 1837 417 scientiw
1849 397 1896 417 co-

1072 431 1215 461 mederet.
1229 432 1336 462 Adhuc
1345 432 1435 462 etiam
1449 431 1564 462 volebat
1576 441 1642 462 eum
1654 431 1783 472 experiri
1797 437 1826 462 et
1843 441 1896 472 pe-

1070 475 1191 506 riclitari
1209 480 1307 506 utrum
1324 476 1380 506 sibi
1403 475 1482 506 dicto
1510 476 1666 506 auditurus
1689 481 1778 507 esset.
1801 476 1895 507 Simul

1069 519 1180 550 diutius
1195 520 1311 551 volebat
1325 520 1493 561 simplicem
1506 526 1535 551 et
1549 521 1701 552 sincerum
1719 530 1898 561 permanere

1069 564 1221 595 hominem
1252 570 1488 605 puerascentem.
1515 565 1577 596 Hoc
1602 565 1682 596 enim
1704 570 1840 596 sanctum
1854 571 1900 596 est

1070 614 1128 635 non
1144 605 1241 635 solum
1258 605 1335 645 apud
1355 607 1460 646 Deum,
1478 606 1528 636 sed
1545 605 1633 636 etiam
1649 606 1728 646 apud
1744 606 1897 645 homines,

1070 650 1100 679 in
1115 648 1305 689 simplicitate
1321 655 1350 681 et
1376 650 1547 681 innoecntia
1575 650 1684 690 subjici
1711 650 1898 690 parentibus.

1072 693 1154 730 Quod
1170 696 1192 723 si
1211 694 1294 734 pueri
1319 694 1458 725 submissi
1475 704 1543 726 esse
1572 695 1744 735 parentibus
1772 695 1897 730 debent.

1074 743 1183 779 quanto
1198 739 1290 778 magis
1307 740 1421 779 parenti
1436 739 1569 770 omnium
1584 739 1645 770 Deo
1659 741 1670 771 ?
1687 739 1834 770 Praeterea
1847 740 1897 770 in-

1074 783 1217 814 decorum
1225 788 1270 814 est
1279 793 1386 824 pueros
1395 785 1523 814 infantes
1536 785 1601 823 plus
1609 794 1715 825 sapere
1726 794 1814 825 quam
1825 789 1895 815 aetas

1074 828 1213 869 postulet:
1228 829 1478 868 quemadmodum
1494 829 1573 859 enim
1590 838 1679 860 nemo
1689 829 1798 860 crescit
1810 833 1897 860 aetate

1073 872 1131 903 nisi
1142 872 1319 913 quibusdam
1332 873 1421 904 veluti
1433 873 1630 913 gradibus,ita
1645 883 1699 904 nec
1712 873 1872 914 sapientia.
1881 887 1893 903 ι

1115 916 1225 957 Ecquis
1242 927 1301 949 non
1318 917 1409 956 videt,
1424 919 1448 949 si
1476 919 1565 949 modo
1590 919 1721 949 animum
1751 918 1897 955 advertat,

1072 961 1226 993 infantiam
1241 962 1334 999 illam,
1349 972 1415 1003 quae
1431 963 1544 995 Adamo
1559 963 1711 1000 tribuitur,
1723 963 1899 1003 metaphora

1072 1016 1131 1037 non
1143 1007 1302 1038 carere?!0
1315 1009 1514 1048 Apparentem
1528 1007 1605 1038 banc
1621 1008 1775 1038 infantiam
1788 1008 1900 1048 repetit

1071 1051 1255 1092 Theophilus
1272 1057 1332 1083 tum
1348 1061 1381 1083 ex
1399 1052 1516 1083 recenti
1530 1052 1636 1084 Adami
1651 1052 1815 1091 creatione,
1833 1056 1896 1082 tum

1073 1105 1107 1127 ex
1125 1096 1222 1127 medio
1232 1096 1284 1127 illo
1295 1101 1383 1131 statu.
1398 1096 1428 1127 in
1440 1107 1498 1137 quo
1513 1101 1633 1128 creatus
1647 1097 1753 1128 fuerat.
1767 1095 1897 1127 Vixdum

1073 1139 1152 1171 enim
1172 1145 1289 1171 creatus
1299 1141 1405 1182 fuerat,
1419 1150 1486 1172 cum
1498 1141 1579 1171 illum
1597 1141 1674 1172 Deus
1685 1141 1714 1171 in
1726 1141 1897 1182 paradisum

1075 1185 1375 1220 transtulit.att'mulos
1383 1187 1410 1216 ei
1421 1186 1583 1226 subjiciens
1592 1186 1820 1225 proﬁciendi,ut
1836 1195 1899 1217 au-

1073 1239 1189 1269 gescens
1195 1234 1222 1261 el
1232 1231 1353 1262 tandem
1359 1230 1585 1270 perfectusjmo
1591 1230 1766 1262 declaratus
1774 1231 1848 1262 deus
1854 1231 1900 1261 sic

1074 1274 1107 1305 in
1115 1274 1222 1306 calum
1231 1274 1532 1306 ascenderetJlfedius
1538 1277 1619 1306 enim
1628 1276 1715 1307 homo
1724 1279 1900 1315 natuseral,

1074 1328 1127 1350 nec
1134 1321 1258 1350 omnino
1269 1321 1422 1356 mortalis,
1433 1328 1488 1351 nec
1498 1328 1624 1359 prorsus
1633 1319 1902 1351 immortatiande

1075 1373 1145 1402 ergo
1158 1364 1208 1395 illa
1221 1363 1354 1401 infantia,
1372 1363 1451 1404 quod
1463 1369 1492 1394 rt
1502 1374 1607 1396 recens
1617 1369 1736 1396 creatus
1760 1369 1850 1397 esset.
1870 1369 1900 1394 et

1075 1408 1192 1439 medius
1200 1408 1421 1449 quodammodo
1433 1412 1562 1440 creatus.
1586 1408 1647 1440 Etsi
1658 1408 1738 1440 enim
1749 1408 1896 1440 maxima-

209 1459 280 1490 niat.
298 1458 356 1490 Sed
369 1468 408 1490 ne
423 1459 534 1490 indicta
549 1469 638 1490 causa
653 1453 819 1494 damnetur,
836 1459 915 1489 illius
942 1458 1062 1489 verbaC
1075 1462 1140 1483 Tum
1168 1462 1268 1483 rerum
1300 1453 1470 1492 cognitione
1495 1453 1658 1484 instructus
1680 1458 1754 1489 erat,
1771 1453 1898 1485 infantia

208 1513 267 1535 non
282 1503 481 1544 perfunctorie
497 1502 755 1534 examinanda.Sic
771 1503 861 1543 igitur
875 1503 924 1534 ille
934 1502 986 1534 lib.
998 1511 1030 1544 ιι,

210 1558 240 1580 n.
257 1549 297 1579 25
313 1573 318 1578 .
337 1554 373 1578 Ου
386 1560 436 1588 γαρ
450 1560 486 1579 ω.
508 1560 610 1577 οιοντει.
626 1559 708 1583 τινες,
725 1550 836 1577 θανατον
851 1548 915 1588 sit:
931 1559 961 1576 το
987 1560 1031 1580 ,υ-

209 1594 268 1631 λον,
284 1593 343 1622 ἀλλ’
373 1595 389 1627 ἡ
424 1594 560 1633 παραχοή.
598 1595 634 1623 Οὒ
648 1593 698 1632 γάρ
713 1604 738 1621 τι
756 1591 845 1632 ἕτερον
871 1591 902 1625 ἧν
932 1591 958 1620 ἐν
994 1595 1033 1630 τῷ

209 1641 303 1678 καρπῷ
337 1638 354 1672 ἦ
381 1638 460 1676 μόνον
475 1639 583 1676 γνῶσις·
601 1639 618 1672 ἡ
634 1637 660 1665 δὲ
676 1640 773 1676 γνῶσις
795 1636 878 1677 καλὴ,
901 1636 966 1665 ἐπὰν
982 1639 1032 1666 αὖ-

210 1686 245 1721 τῇ
261 1683 361 1716 οἰκείως
396 1694 437 1713 τις
453 1683 601 1722 χρήσηται.
621 1685 660 1720 Τῇ
674 1681 701 1710 δὲ
717 1681 783 1720 οἷἠῃ
798 1681 903 1719 ἡλικίᾳ,
918 1682 932 1709 ὁ
947 1680 1033 1720 Ἀδὰμ

212 1727 249 1755 ἔτι
285 1728 379 1762 νήπιος
408 1727 452 1766 ἦν,
475 1726 515 1755 διὸ
545 1726 619 1755 οὔπω
647 1725 758 1760 ἠδύνατο
773 1726 823 1760 τὴν
838 1729 936 1765 γνῶσιν
965 1726 1034 1754 κατὰ

211 1771 283 1804 ἀξίαν
312 1778 425 1811 χωρεῖν.
454 1772 502 1800 Καὶ
530 1772 580 1810 γὰρ
608 1774 663 1811 νῦν,
694 1770 759 1799 ἐπὰν
792 1772 892 1809 γενηθῇ
916 1769 1032 1807 παιδίον,

212 1817 258 1844 οὐκ
281 1813 334 1850 ἢδη
370 1815 475 1844 δύναται
497 1814 574 1855 ἄρτον
590 1815 695 1855 ἐσθίειν,
712 1814 780 1843 ἀλλὰ
794 1818 896 1853 πρῶτον
920 1815 1033 1854 γάλακτι

213 1861 394 1900 ἀνατρέφεται,
428 1860 522 1889 ἔπειτα
558 1861 624 1888 κατᾶ
658 1858 802 1898 πρόσϐασιν
832 1862 881 1893 τῆς
914 1859 1030 1897 ἡλικίας,

212 1906 255 1934 καὶ
291 1905 337 1933 ἆπὶ
364 1906 413 1938 τὴν
440 1906 547 1944 στερεὰν
562 1908 662 1944 τροφὴν
682 1903 801 1944 ἔρχεται,
820 1903 908 1936 Οὕτως
924 1903 954 1931 ἄν
971 1904 1034 1943 ἐγε-

214 1950 285 1989 γόνει
321 1950 365 1978 καὶ
394 1953 432 1987 τῷ
461 1949 558 1987 Ἀδάμ,
591 1950 638 1977 Διὶ)
672 1950 723 1989 οὔχ
755 1951 791 1981 ὡς
807 1951 909 1989 φθονῶν
937 1950 1034 1986 αὖτῷδ

215 1995 291 2029 Θεὸς,
320 1995 356 2026 ὡς
380 1993 481 2022 οἴονταί
495 2005 577 2034 τινες,
594 1993 714 2023 ἐκέλευσε
738 1994 776 2030 μὴ
803 1993 897 2022 ἓσθὶειν
918 1994 971 2022 ἀπὸ
984 1995 1033 2027 τῆς

215 2039 349 2077 γνώσεως.
381 2034 447 2066 ’Ἔτι
477 2039 530 2076 μὴν
560 2039 602 2066 ut
616 2037 738 2066 ὶὸούλετο
752 2037 891 2078 δοδιιμάσαι
908 2039 996 2078 αὺτὸν,
1013 2039 1035 2066 εὶ

214 2075 331 2118 ὗπιίχοος
359 2084 457 2123 γίνεται
479 2075 526 2121 7τῇ
552 2082 645 2121 ἐντολῇ
672 2083 761 2114 αὑτοῦ.
779 2075 860 2121 "Au:
874 2083 907 2117 δὴ
922 2084 965 2111 καὶ
990 2075 1036 2111 επὶ

1077 1497 1228 1528 videbatur
1242 1497 1304 1528 hac
1320 1497 1446 1528 scientia
1456 1507 1522 1529 cum
1539 1507 1586 1539 ea,
1601 1507 1667 1539 quae
1693 1499 1722 1529 in
1738 1498 1814 1529 ctelo
1828 1507 1897 1538 pro-

1074 1543 1260 1584 mittebatur,
1276 1548 1456 1584 comparata.
1473 1544 1598 1581 Qualem
1613 1549 1713 1575 autem
1740 1544 1899 1575 scientiam

1073 1586 1257 1628 Theophilus
1281 1587 1397 1620 Adamo
1412 1588 1529 1620 deferat
1542 1589 1634 1621 etiam
1662 1589 1691 1620 in
1716 1589 1779 1626 illo,
1807 1598 1899 1630 quem

1075 1636 1169 1670 vocat,
1187 1632 1286 1664 medio
1298 1636 1388 1674 statu,
1405 1634 1534 1674 perspici
1554 1638 1651 1674 potest
1665 1643 1700 1665 ex
1716 1633 1897 1674 nominibus,

1074 1686 1139 1717 quae
1154 1676 1294 1708 omnibus
1308 1677 1488 1709 animalibus
1498 1678 1751 1719 Adamimposuit.
1769 1678 1801 1710 ld
1816 1678 1898 1709 enim

1075 1721 1211 1753 maximae
1225 1721 1360 1753 scientiae
1375 1722 1520 1754 indicium
1545 1732 1613 1754 esse
1637 1723 1787 1754 existimat
1797 1722 1899 1754 Theo-

1076 1766 1177 1806 philus
1193 1766 1246 1798 lib.
1257 1775 1291 1808 II,
1302 1777 1333 1799 ιι.
1348 1766 1397 1799 13.
1409 1767 1440 1798 2'
1450 1767 1579 1799 Puerum
1591 1768 1812 1809 quodammodo
1825 1768 1902 1799 dicit

1075 1810 1235 1848 Adamum,
1252 1811 1290 1842 ob
1305 1811 1526 1852 simplicitatem
1555 1817 1585 1844 et
1599 1813 1788 1854 obsequium,
1818 1813 1898 1854 quod

1075 1855 1148 1892 Deo,
1173 1861 1205 1887 ut
1219 1856 1298 1887 ﬁlius
1327 1857 1413 1897 patri,
1440 1857 1579 1889 debebat.
1611 1857 1687 1888 Hinc
1715 1864 1898 1898 praeceptum

1075 1899 1118 1931 illi
1133 1900 1303 1941 impositum
1319 1901 1411 1932 fuisse
1424 1901 1508 1942 dicit,
1526 1906 1557 1932 ut
1569 1901 1618 1932 diu
1630 1902 1660 1933 in
1676 1901 1725 1933 illa
1740 1902 1829 1933 veluti
1842 1912 1898 1942 pu-

1077 1945 1162 1976 eritia
1178 1951 1383 1986 perseveraret
1400 1956 1407 1976 :
1425 1947 1502 1987 quod
1518 1946 1639 1987 quidem
1657 1956 1744 1978 nemo
1766 1957 1896 1988 unquam

1076 1990 1114 2021 de
1131 1990 1259 2030 pueritia
1269 1990 1390 2031 dixerit,
1405 2000 1470 2031 quae
1488 2000 1554 2022 cum
1579 1991 1782 2023 imbecillitate
1805 1992 1900 2023 animi

1077 2039 1106 2066 et
1121 2035 1255 2075 corporis
1270 2036 1430 2076 conjuncta
1447 2036 1495 2067 sit.

1118 2078 1358 2120 lI.Theophilum
1374 2080 1506 2111 imitatur
1517 2079 1754 2119 S.Irena3us,nec
1769 2080 1805 2112 ab
1822 2081 1903 2113 illius

215 2128 323 2157 πλείονα
349 2128 446 2168 χρόνον
474 2127 602 2162 ἠϐούλετο
627 2127 726 2156 ἁπλοῦν
752 2129 795 2156 καὶ
823 2127 944 2167 ἀκέραιον
975 2126 1035 2156 δια·
1049 2124 1115 2155 058]

1116 2123 1226 2155 ntentia
1239 2124 1452 2161 recedit.Quod
1467 2124 1546 2156 enim
1563 2125 1603 2155 ait
1618 2124 1671 2155 lib.
1697 2133 1740 2162 ιιι,
1763 2135 1833 2166 cap.
1847 2126 1899 2165 22,

216 2180 306 2210 μεῖναι
340 2175 385 2201 τὸν
422 2172 557 2212 ἄνθρωπον
585 2173 758 2208 νηπιάζοντα.
786 2176 868 2202 Τοῦτο
889 2173 938 2212 γὰρ
963 2172 1036 2200 ὅσιόν

216 2218 299 2257 ἐστιν,
328 2217 357 2246 0'3
373 2218 453 2254 μόνον
468 2218 538 2256 παρὰ
553 2220 623 2254 Θεῷ,
639 2216 707 2245 ἀλλὰ
727 2218 771 2245 vati
793 2218 863 2257 παρὰ
877 2217 1035 2257 ἀνθρώποις,

216 2264 247 2291 τὸ
275 2262 301 2290 ἐν
330 2262 460 2295 ἁπλοτητι
476 2263 518 2290 καὶ
540 2262 636 2297 ἀκακίᾳ
655 2262 847 2290 ὑποτάσσεσθαι
862 2268 920 2294 τοῖς
943 2263 1038 2300 γι)νεῦ-

219 2319 274 2338 σιν,
291 2307 359 2336 ’¹Ετι
375 2306 402 2334 δε
418 2307 473 2346 χρὴ
484 2307 517 2334 τὰ
532 2307 611 2334 τέκνα
625 2313 682 2338 τοῖς
696 2310 814 2345 γονεῦσιν
834 2307 1036 2338 ὕτνοτάσσεσέιαι.

221 2352 248 2379 Ei
274 2351 301 2378 δὲ
329 2351 384 2390 χρὴ
418 2352 451 2379 τὰ
475 2350 553 2378 τέκνα
580 2357 639 2383 τοῖς
683 2355 802 2389 γονεῦσιν
832 2351 1037 2390 ὑποτέσσεσθαι,

219 2396 296 2432 πόσῳ
309 2387 411 2433 μέλλον
440 2399 478 2432 τῷ
494 2398 551 2432 Θεῷ
566 2397 609 2423 καὶ
625 2387 706 2433 [lupi
720 2398 772 2424 τῶν
788 2394 857 2423 ὅλων
874 2405 882 2433 ;
905 2387 970 2424 "Eu
986 2395 1040 2432 μὴν

219 2441 263 2468 καὶ
285 2439 411 2479 ἅσχημόν
434 2440 488 2468 ἐστι
504 2441 536 2467 τὰ
564 2438 654 2468 παιδία
682 2440 714 2467 τὰ
750 2440 832 2475 νήπια
856 2435 920 2478 ὑπὲρ
935 2439 1040 2474 ἡλικίαν

220 2492 337 2524 φρονεῖν·
367 2485 484 2523 καθάπερ
512 2485 562 2523 γὰρ
591 2487 625 2522 τῇ
663 2483 752 2521 ἡλικίᾳ
787 2495 827 2516 τις
868 2485 933 2523 πρὸς
968 2484 1040 2516 τάξιν

221 2529 302 2566 αὒξει,
333 2529 401 2558 οὕτω
417 2530 459 2557 καὶ
471 2530 500 2556 ἓν
514 2533 551 2564 τῷ
576 2536 693 2568 φρονεῖν.
711 2538 725 2558 (
758 2527 861 2569 Neque
889 2528 981 2564 enim,
1012 2532 1042 2558 ut

222 2573 341 2614 quidam
357 2573 537 2613 existimant,
569 2572 753 2603 mortiferum
771 2578 833 2604 erat
850 2573 973 2613 lignum,
989 2572 1042 2604 sed

223 2618 352 2649 mandati
368 2617 692 2658 praetergressioAliud
709 2617 789 2650 enim
804 2627 863 2648 non
879 2622 942 2648 erat
955 2617 986 2648 in
1002 2617 1040 2647 li-

222 2673 280 2702 gno
294 2662 352 2693 nisi
367 2663 512 2700 scientia;
530 2663 606 2693 bona
621 2667 721 2693 autem
732 2663 869 2703 scientia,
886 2664 909 2693 si
926 2662 993 2702 quis
1008 2671 1042 2692 ea

223 2712 291 2748 apte
306 2707 482 2744 utatur.Qua
491 2713 589 2738 autem
602 2712 687 2739 aetate
698 2712 761 2738 erat
771 2708 878 2745 Adam,
887 2707 985 2738 adhuc
1000 2706 1043 2737 in-

225 2752 292 2784 fans
305 2757 379 2790 erat,
396 2753 522 2784 necdum
535 2753 660 2784 idoneus
671 2761 736 2783 esse
747 2757 871 2793 poterat,
879 2751 930 2793 qui
944 2752 1044 2783 scien-

1077 2179 1108 2200 n.
1126 2169 1158 2201 4:
1172 2180 1184 2197 ι
1203 2168 1293 2200 Erant
1310 2169 1429 2210 utrique
1460 2169 1586 2202 nudilin
1610 2169 1758 2210 paradiso)
1787 2175 1818 2201 et
1841 2181 1902 2202 non

1078 2212 1493 2254 confundebantur,quoniam
1507 2213 1594 2254 paulo
1610 2218 1678 2244 ante
1696 2214 1763 2245 facti
1779 2224 1838 2246 non
1853 2216 1901 2246 in-

1079 2258 1231 2289 tellectum
1239 2257 1521 2290 habebantfiliorum
1528 2258 1904 2300 generationis;oportebat

1081 2302 1160 2333 enim
1178 2301 1245 2333 illos
1261 2302 1358 2342 primo
1370 2303 1555 2343 adolescere,
1572 2303 1682 2334 dehinc
1698 2304 1741 2335 sic
1757 2304 1901 2345 multipli-

1081 2346 1172 2384 επις·
1191 2346 1222 2377 id
1238 2347 1380 2387 explicari
1398 2351 1496 2387 potest
1507 2357 1541 2378 ex
1556 2356 1622 2388 cap.
1649 2347 1700 2388 23,
1719 2347 1768 2379 ubi
1793 2349 1837 2380 sic
1864 2351 1903 2381 de

1082 2390 1256 2432 pcenitenlia
1269 2391 1365 2422 Adam
1380 2392 1510 2432 loquitur
1529 2402 1559 2424 n.
1572 2393 1591 2424 5
1604 2403 1610 2424 :
1626 2405 1640 2420 ε
1652 2391 1798 2428 Quoniam
1812 2394 1901 2426 indo-

1082 2436 1140 2466 lem
1157 2440 1185 2466 et
1200 2436 1346 2476 puerilem
1370 2438 1512 2468 amiserat
1532 2446 1665 2475 sensum,
1690 2442 1719 2468 et
1741 2438 1771 2469 in
1787 2439 1902 2479 cogita-

1083 2481 1195 2512 tionem
1213 2481 1348 2520 pejorum
1360 2486 1494 2519 venerat,
1511 2483 1628 2513 frenum
1640 2482 1831 2515 continentiae
1846 2485 1902 2516 sibi

1083 2528 1113 2555 et
1126 2524 1210 2554 uxori
1226 2534 1285 2556 sua
1297 2526 1505 2561 circumdedit.
1519 2526 1628 2557 timens
1644 2527 1736 2558 Deum
1751 2532 1780 2559 et
1789 2529 1904 2560 adven-

1083 2574 1143 2599 tum
1159 2568 1224 2608 ejus
1237 2575 1424 2611 exspectans.
1440 2583 1451 2600 ι
1470 2570 1724 2603 Puerilisindoles
1740 2577 1769 2602 et
1784 2582 1902 2612 sensus,

1083 2623 1149 2654 quae
1160 2618 1311 2654 peccando
1321 2616 1504 2647 amittuntur.
1515 2615 1586 2656 quid
1599 2615 1678 2646 aliud
1692 2625 1758 2648 esse
1769 2624 1903 2658 possunt,

1083 2667 1170 2698 quam
1184 2658 1356 2691 innocentia
1370 2659 1385 2690 ?
1400 2660 1450 2692 Sic
1461 2660 1551 2691 etiam
1566 2659 1765 2691 Tertullianus
1787 2662 1818 2693 in
1829 2662 1904 2694 libro

1087 2703 1131 2733 De
1141 2703 1277 2735 vetandis
1287 2704 1468 2745 virginibus,
1481 2714 1545 2745 cap.
1561 2706 1592 2735 Η
1612 2715 1619 2736 :
1640 2717 1653 2732 α
1665 2705 1739 2736 Nam
1752 2710 1780 2736 et
1791 2707 1904 2747 princi-

1086 2756 1139 2792 pes
1151 2750 1270 2787 generis
1285 2750 1378 2782 Adam
1390 2756 1420 2781 et
1433 2749 1502 2789 Eva,
1514 2749 1648 2790 quandiu
1658 2748 1810 2792 intellectu
1824 2761 1905 2785 care-
