1961 3071
69 139 100 172 45
548 135 584 171 D.
607 133 759 170 MARANI
782 129 993 168 PREFATIO.
1016 150 1055 158 --
1077 130 1183 167 PARS.
1209 130 1248 166 ΙῘ.

1706 131 1745 164 46

67 207 137 243 bant,
156 206 230 237 nihil
252 207 393 246 agebant.
411 209 447 238 At
472 206 521 237 ubi
538 206 575 236 de
598 205 705 236 arbore
721 203 1019 244 agnitionisAradiso
1030 203 1283 240 solutusludebat,
1299 202 1469 234 eratadhuc
1486 202 1537 234 Dei
1555 211 1639 242 puer.
1656 203 1745 234 Post-

66 256 258 289 gustaverunt.
275 252 348 282 nihil
362 252 488 291 primum
501 255 657 282 senserunt
668 258 755 290 quam
772 248 882 279 erube-

66 297 212 327 scendum.
247 297 345 336 Itaque
369 296 414 326 sui
449 305 566 336 quoque
596 303 683 325 sexus
698 293 881 324 intellectum

67 341 191 380 tegmine
208 345 394 372 notaverunt.
416 353 427 369 ι

101 385 274 422 Audiendns
285 386 315 417 in
331 385 466 416 eamdem
481 381 881 421 setitentiamGregoriusNa-

65 430 216 461 zianzenus
233 431 283 471 qui
300 431 341 461 sic
355 430 485 471 loquitur
499 429 635 467 Orat.38,
651 438 679 469 ρ.
694 428 763 460 619ῑ
782 428 882 466 Θεωρί²

63 477 108 513 γὰρ
122 475 154 513 ᾖν
184 478 214 504 τὸ
241 477 333 516 φυτὸν,
349 477 385 507 ὡς
410 477 424 509 ἦ
439 476 491 513 ἐμὴ
506 475 613 514 θεωρία,
637 475 669 508 ἧς
700 474 791 511 μόνοις
821 471 881 499 ἑπι-

64 519 158 548 δαίιιειν
189 521 307 561 ἂςφαλὲς
335 528 394 552 τοῖς
409 521 458 553 τὴν
474 519 525 552 ἕξιν
554 519 733 557 τελεωτέροις,
750 519 780 545 οὗ
800 516 881 545 καλὸν

61 564 84 592 δὲ
108 573 166 597 τοῖς
198 565 388 604 ἁπλουστέροις
415 566 452 593 ἔτι
481 565 524 592 καὶ
540 565 587 598 τὴν
603 563 691 603 ἕψεσιν
705 561 879 602 λιχνοτέροις·

61 609 147 648 ὥςπερ
185 610 242 638 οὖνῖε
268 611 352 650 τροφὴ
362 609 451 638 τελεία
473 608 615 643 λυσιτελής
629 614 688 639 τοῖς
704 607 819 637 ἁπαλοῖς
845 605 882 635 ἔτι

63 655 102 682 ut
131 655 267 691 δεομένοις
282 656 414 694 γάλακτος
460 667 469 680 ι
489 652 706 692 Contemplatio
727 655 791 682 erat
821 650 884 680 haec

62 698 159 739 arbor,
177 704 318 740 quantum
335 701 397 739 ipse
415 697 641 738 contemplanda
667 704 822 736 assequor,
846 695 881 725 ad

62 753 147 783 quam
162 739 199 774 iis
215 744 285 774 solis
301 748 378 774 tutus
389 748 435 774 est
445 751 598 782 ascensus,
613 741 664 782 qui
677 741 768 771 animi
782 739 882 770 habitu

63 788 230 828 perfectiori
242 788 556 828 sunt,hauilqu.uqu:im
572 790 670 817 autem
684 785 760 815 bona
772 784 884 824 simpli-

924 257 1010 287 quam
1024 252 1120 278 autem
1144 248 1301 279 succubuit
1319 247 1499 288 voluptati...
1529 246 1673 278 abductus
1701 252 1744 278 est

924 292 1132 331 cupiditatibus
1145 302 1228 333 puer,
1241 292 1285 324 vir
1304 293 1396 324 factus
1410 292 1621 332 inobedientia,
1639 297 1669 323 et
1684 293 1743 323 vio-

924 337 982 367 lato
998 338 1091 376 patris
1103 342 1250 378 praecepto
1264 339 1356 370 Deum
1372 338 1665 369 aﬂ‘ecitcontumelia.
1690 352 1701 365 ι»

965 381 1108 413 Eumdem
1115 383 1290 424 scriptorem
1303 387 1439 422 suscepta
1447 392 1513 413 cum
1521 382 1668 413 haereticis
1675 392 1745 413 con~

925 427 1109 458 troversiain
1140 429 1297 459 nonnullas
1312 428 1428 468 impulit
1449 428 1647 467 conjecturas,
1671 437 1744 468 quas

924 471 971 502 hic
985 473 1098 503 referre
1115 483 1172 503 non
1189 473 1309 513 pigebit.
1327 472 1399 503 Nam
1414 482 1483 504 cum
1500 472 1630 503 haeretici
1656 473 1744 504 Crea-

925 520 1017 547 torem
1033 517 1155 557 ejusque
1171 527 1261 557 opera
1275 518 1486 557 vituperarent,
1503 527 1536 548 ac
1552 518 1698 548 Adamum
1716 521 1745 548 et

925 562 1009 591 Evam
1027 570 1177 602 nunquam
1190 562 1376 593 matrimonio
1392 571 1500 593 usuros
1516 562 1607 593 fuisse
1617 566 1744 594 conten-

924 606 1103 643 derent,uisi
1114 607 1261 646 serpentis
1273 607 1400 647 impulsu
1411 607 1446 637 ad
1464 607 1540 638 hanc
1557 607 1745 646 conjunctio-

926 659 993 680 nem
1006 650 1118 681 incitati
1141 651 1288 690 fuissent;
1305 656 1392 691 negat
1419 652 1557 683 Clemens
1572 651 1602 681 in
1619 661 1654 682 eo
1671 660 1744 692 pec-

925 703 1008 725 casse
1024 696 1136 735 primos
1154 700 1302 736 parentes,
1318 696 1397 737 quod
1412 696 1600 727 matrimonio
1620 696 1666 726 usi
1681 697 1745 729 fue-

925 740 995 774 rint,
1006 740 1057 770 sed
1072 741 1150 781 quod
1164 745 1236 771 ante
1263 745 1380 781 tempus
1406 745 1456 773 usi
1482 742 1613 781 fuerint,
1646 745 1747 781 utpote

924 783 1024 814 adhuc
1033 786 1172 824 juvenes.
1197 785 1374 820 Ἐκινὴθησαν
1389 785 1416 814 δὲ
1443 788 1536 815 θᾶττον
1564 786 1582 820 ἢ
1611 789 1746 824 προσῆκον

63 833 193 863 oloribus
203 833 300 864 adhuc
312 833 419 863 animis
427 838 515 872 atque
528 830 658 871 appetitu
669 828 792 860 avidiori
808 837 884 868 prte—

952 842 959 855 ;
988 829 1026 857 ἔτι
1049 830 1102 858 νέοι
1132 831 1277 870 πεφυκότες
1303 830 1392 869 ἀπάτῃ
1414 831 1608 871 παραχθέντες,
1631 830 1745 870 Strom_

63 877 398 918 ditis,quemadmodum
412 886 464 907 nec
473 876 621 916 perfectus
633 884 667 905 ac
677 873 790 904 solidus
801 873 884 904 cibus

62 922 98 952 iis
113 922 252 952 conducit
266 922 315 962 qui
333 926 434 952 tenera
448 921 545 952 adhuc
557 923 625 950 sunt
639 923 736 954 aetate,
751 918 885 957 lacteque

61 975 136 1006 opus
148 965 347 998 habent.»liis
361 967 392 997 S.
406 965 542 1004 Gregorii
559 964 657 995 verbis
672 962 764 993 utitur
779 967 810 992 ut
825 962 886 992 suis

62 1010 91 1042 S.
108 1010 240 1042 Joannes
259 1010 460 1043 Damascenus
475 1010 551 1040 lib.“
571 1009 613 1039 De
620 1008 686 1048 ﬁde
701 1006 884 1042 orthodoxa,

62 1066 125 1096 cap.
146 1059 194 1087 tt.

96 1100 230 1133 Joannes
243 1102 482 1141 Chrysostomus,
498 1099 551 1130 etsi
574 1098 693 1138 copiose
710 1106 763 1129 eos
777 1096 887 1131 refellit

62 1146 164 1177 homil.
187 1150 222 1176 tti
234 1146 263 1176 in
278 1145 429 1184 Genesim,
443 1144 493 1185 qui
506 1144 663 1178 Adamum.
680 1147 834 1183 postquam
850 1141 887 1185 de

64 1191 139 1230 ligno
154 1184 496 1230 comedit,acquisivisse
511 1187 664 1219 scientiam
678 1187 748 1217 boni
764 1191 793 1216 et
818 1184 886 1216 mali

65 1235 276 1276 dicebant,non
297 1240 394 1265 tamen
411 1243 480 1265 eum
496 1232 611 1264 dubitat
625 1241 732 1263 vocare
749 1235 884 1276 tenerum

65 1289 184 1320 puerum
202 1280 233 1310 in
250 1279 352 1310 homil.
371 1279 415 1310 14.
428 1279 475 1309 Ait
491 1277 570 1308 enim
590 1288 602 1305 ι
634 1275 883 1317 quemadmodum

66 1329 141 1364 pater
157 1325 253 1365 prolis
264 1333 366 1355 amans
381 1329 485 1354 tenero
515 1322 587 1358 ﬁlio,
608 1335 618 1348 ι
651 1321 766 1360 καθάπερ
795 1321 885 1365 πατὴρ

65 1364 234 1408 edente-{0;
261 1368 333 1397 πιιδὶ
349 1369 411 1409 νέῳ,
426 1367 611 1398 moderatam
629 1375 731 1396 curam
744 1364 883 1404 imponit,

65 1423 97 1445 ne
110 1416 168 1445 otio
184 1413 360 1444 insolescat.
377 1413 417 1443 ita
432 1412 525 1443 Deum
542 1411 653 1441 Adamo
681 1409 883 1449 operationem

65 1462 90 1489 et
116 1458 284 1489 custodiam
316 1457 442 1498 paradisi
473 1456 642 1487 tradidisse.
667 1454 883 1498 Theodorotus,

926 881 1041 913 tu,pag.
1058 873 1214 905 470.1dem
1227 874 1313 914 paulo
1328 881 1396 905 rnte
1411 876 1599 916 conjiciendo
1620 878 1745 916 dixerat,

927 926 1035 958 nempe
1065 928 1129 959 pag.
1155 919 1226 959 466,
1251 919 1402 950 hominem
1431 930 1488 951 non
1501 922 1571 953 vitio
1587 924 1747 954 creationis

927 962 1092 1003 aberrasse,
1115 963 1166 994 sed
1182 972 1284 994 amore
1312 964 1480 1005 voluptatis,
1510 967 1641 1006 fortasse
1670 970 1746 1009 quia

922 1009 1117 1046 prloplastus
1138 1012 1240 1039 noster
1252 1013 1370 1050 tempus
1381 1016 1576 1050 praevenerat
1589 1017 1681 1052 atque
1695 1015 1746 1044 irt-

926 1053 1137 1099 ternpestioamr
1159 1055 1349 1099 matrimonii
1379 1057 1516 1095 gratiam
1547 1059 1746 1099 oppetiverat,

928 1098 1005 1137 Τάχα
1015 1109 1066 1126 που
1081 1097 1212 1136 πραιλαῖόν
1218 1110 1257 1131 :0:
1268 1100 1346 1135 ἡμῶν
1357 1102 1401 1128 τὸν
1413 1102 1502 1141 καιρὸν
1513 1103 1559 1130 τοῦ
1569 1097 1748 1142 πρωτοπλάσξ

929 1153 974 1187 ξοδ
989 1143 1031 1170 καὶ
1046 1144 1095 1182 πρὸ
1106 1143 1175 1182 ὥρας
1190 1144 1238 1178 τῆς
1253 1149 1299 1173 τοῦ
1327 1146 1413 1183 γάμου
1442 1147 1553 1184 χάριτος
1578 1148 1744 1187 ὁρεχθέντος.

928 1185 991 1216 Non
1003 1187 1103 1226 ignota
1114 1188 1168 1218 fuit
1178 1187 1377 1228 S.Augustino
1387 1190 1449 1221 hazc
1461 1192 1573 1230 peccati
1582 1185 1745 1232 pri-morum

924 1240 977 1270 par
989 1235 1074 1262 entm
1091 1232 1261 1272 explicandi
1274 1234 1360 1264 ratio.
1381 1245 1393 1262 «ι
1412 1234 1515 1266 Visum
1524 1241 1568 1266 est
1584 1241 1612 1266 et
1627 1236 1746 1276 quibus-

927 1276 1007 1316 dam,
1022 1276 1127 1317 inquit,
1147 1277 1197 1308 lib.
1215 1286 1235 1308 ιι
1253 1278 1294 1309 De
1305 1278 1417 1310 Genesi
1428 1281 1470 1310 ad
1485 1279 1629 1321 litteram,
1642 1291 1671 1312 n.
1695 1282 1744 1320 57,

927 1320 1001 1351 duos
1017 1321 1083 1351 illos
1112 1321 1224 1361 primos
1251 1322 1387 1354 homines
1402 1324 1519 1364 nuptias
1543 1320 1746 1356 suas'furatos

926 1364 1027 1405 fuisse,
1046 1369 1075 1396 et
1097 1370 1165 1397 ante
1179 1365 1280 1397 mistos
1297 1376 1362 1398 esse
1376 1368 1547 1406 concubitu,
1579 1379 1665 1409 quam
1694 1379 1746 1401 eos

926 1409 976 1449 qui
991 1415 1142 1441 creaverat
1153 1411 1330 1450 copulasset,
1349 1422 1436 1453 quam
1451 1422 1514 1444 rem
1539 1414 1658 1445 nomine
1674 1414 1745 1454 ligni

926 1454 1018 1486 fuisse
1033 1455 1236 1497 signiﬁcatam,
1254 1457 1335 1487 unde
1360 1457 1499 1496 prohibiti
1529 1463 1625 1495 erant,
1650 1458 1745 1490 donec

65 1508 160 1543 quzest.
178 1504 218 1534 28
236 1503 267 1533 in
285 1497 424 1534 Genesim
440 1502 482 1532 sic
497 1500 645 1541 loquitur:
665 1499 728 1529 Οὐδὲ
739 1500 771 1527 τὰ
787 1497 913 1541 κομιδῂε
926 1504 1091 1540 opportuna
1107 1501 1559 1541 temporejungerentur.nHanc
1573 1503 1745 1543 opinionem

66 1549 105 1576 νέα
133 1547 226 1577 παιδία
256 1548 374 1588 ἒρυθριᾷν
401 1547 500 1587 πέφυκε
528 1549 577 1579 τῆς
603 1545 711 1578 ἐσθῆτος
741 1554 882 1583 γεγυμνω-

65 1592 134 1629 μένα.
172 1592 250 1623 Κατὰ
276 1593 364 1632 βραχὺ
379 1591 406 1619 δὲ
435 1591 481 1619 τοῦ
497 1590 621 1628 σώματος
651 1588 882 1632 αὒξανομένουνκαί

64 1641 102 1665 τοῦ
130 1643 175 1667 νοῦ
203 1637 302 1666 λοιπόν
344 1631 493 1676 ἂρχομένου
507 1635 556 1668 τὴν
572 1634 668 1662 τρίκείαν
682 1633 757 1673 φύσιν
782 1631 882 1677 ἐπιδει-

66 1682 161 1720 κνύναι,
201 1682 250 1711 οὒκ
280 1681 320 1711 ἔτι
342 1680 435 1709 λοιπὸν
451 1679 554 1720 φορητὴ
569 1685 628 1709 τοῖς
643 1677 788 1716 μειρακίοις
803 1678 821 1711 ἡ
834 1677 884 1716 γύ-

63 1737 168 1763 μνωσις,
207 1726 269 1754 ἀλλ’
302 1726 437 1764 ἐρυθριῶσι
470 1725 513 1752 καὶ
539 1721 792 1762 περιϐάλλονται....
810 1720 886 1750 Οὕτω

62 1771 101 1798 καὶ
134 1773 156 1800 οἱ
186 1772 247 1811 περὶ
283 1773 329 1799 τὸν
345 1769 430 1807 Ἀδὰμ
446 1769 518 1800 εὒθὺς
535 1768 585 1800 μὲν
606 1765 820 1803 διαπλασθέντες,
838 1766 885 1794 οἷα

62 1814 91 1847 δὴ
116 1817 206 1850 νήπιοι
235 1817 283 1844 καὶ
320 1816 467 1853 εὖθυγενεϊς
482 1812 588 1846 καὶτῆς
614 1811 742 1850 ἁμαρτίας
772 1810 886 1848 ἀμύητοι

62 1861 105 1888 οὒκ
118 1860 273 1900 ᾐσχύνοντο
303 1858 366 1899 δίχα
393 1857 565 1898 περιϐολαίων
591 1855 737 1894 διάγοντες.
756 1855 827 1882 Μετὰ
840 1898 845 1900 ἒ
857 1853 883 1882 δὲ

62 1905 106 1937 τὴν
124 1898 232 1944 ire!sz
247 1911 309 1936 τοῖς
331 1898 446 1943 νφύλλοις
473 1902 529 1930 ἔνια
542 1905 588 1930 τοῦ
601 1900 725 1937 σώματος
742 1898 884 1928 συνεκάλυ-

63 1951 110 1986 ψεν
121 1943 331 1989 μόρια.ι[)ιιει·ὶ
343 1947 479 1988 juniores
495 1950 576 1977 veste
591 1943 692 1975 nudati
705 1943 884 1974 erubescere

64 1998 161 2024 natura
171 2003 232 2024 non
251 1993 361 2033 solent;
381 1991 519 2033 paulatim
531 1994 628 2022 autem
639 1993 793 2019 crescente
814 1997 884 2019 cor-

64 2047 213 2077 pore,cum
224 2047 313 2069 mens
325 2042 424 2077 postea
437 2036 587 2077 propriam
599 2037 732 2064 naturam
749 2041 885 2064 exserere

64 2083 193 2123 coeperit,
207 2082 305 2114 adulti
323 2082 385 2123 jam
397 2090 456 2112 non
469 2080 615 2122 patienter
629 2078 729 2123 ferunt
742 2087 774 2123 se
790 2077 887 2123 nuda-

927 1543 1024 1582 rejicit
1039 1543 1070 1575 S.
1088 1544 1278 1583 Augustinus,
1297 1550 1328 1576 ut
1345 1546 1509 1577 ridiculam
1537 1551 1566 1577 et
1597 1556 1615 1578 a
1644 1556 1748 1578 rerum

924 1591 1079 1628 gestarum
1086 1593 1271 1629 proprietate
1278 1590 1490 1622 discedentem.
1498 1591 1603 1622 Lenius
1612 1592 1672 1630 agit
1680 1601 1746 1623 cum

926 1633 962 1664 iis
973 1633 1023 1673 qui
1039 1633 1243 1664 existimabant
1257 1635 1456 1674 festinatione
1469 1637 1664 1676 praevertisse
1678 1636 1749 1668 illos

926 1677 1061 1708 homines
1072 1679 1238 1717 appetitum
1248 1680 1381 1710 scientia
1391 1680 1459 1711 boni
1472 1684 1500 1712 et
1511 1680 1626 1718 mali,et
1641 1681 1747 1712 imma-

926 1725 993 1753 turo
1004 1726 1134 1762 tempore
1141 1724 1297 1764 percipere
1308 1724 1448 1763 voluisse,
1465 1726 1545 1765 quod
1558 1727 1603 1756 eis
1618 1726 1747 1757 dilatum

926 1768 1125 1807 opportunius
1136 1769 1321 1799 servabatur.
1335 1767 1419 1800 Hauc
1434 1771 1610 1800 sententiam
1625 1779 1683 1800 non
1694 1770 1748 1801 im-

928 1811 1044 1852 probat,
1061 1811 1147 1842 modo
1159 1814 1265 1844 veritas
1275 1813 1405 1844 historiae
1415 1824 1474 1844 non
1487 1819 1621 1854 negetur.
1642 1826 1653 1843 ι
1672 1814 1746 1855 Hoc,

928 1856 1033 1896 inquit,
1051 1857 1074 1886 si
1091 1857 1291 1897 fortelignum
1305 1858 1377 1888 illud
1396 1868 1453 1889 non
1468 1859 1504 1889 ad
1521 1859 1747 1900 proprietatem,

925 1905 958 1931 ut
968 1909 1067 1931 verum
1084 1901 1194 1940 lignum
1211 1906 1239 1932 et
1250 1910 1317 1933 vera
1330 1912 1416 1942 poma
1427 1903 1558 1943 ejus,sed
1571 1903 1606 1934 ad
1624 1903 1747 1942 ﬁguram

926 1945 1016 1975 velint
1030 1946 1288 1985 acciperehabeat
1303 1947 1413 1977 exitum
1426 1948 1555 1988 aliquem
1572 1954 1664 1979 rectae
1676 1948 1748 1979 fidei

927 1989 1098 2030 veritatique
1117 1990 1313 2031 probabilem.
1332 2002 1345 2020 ii
1375 1991 1557 2032 Legendum,
1575 1993 1642 2023 Nisi
1669 1993 1750 2031 forte

926 2033 1056 2075 lignum,
1072 2039 1121 2065 aut
1135 2044 1254 2066 sensum
1271 2036 1381 2066 frustra
1391 2037 1576 2068 venabimur.

968 2078 1093 2110 Videtur
1107 2089 1123 2110 e
1134 2080 1265 2111 Philonis
1273 2080 1375 2111 hausta
1387 2081 1518 2111 fontibus
1530 2082 1592 2112 hinc
1602 2082 1640 2112 de
1651 2082 1751 2113 matri-

61 2126 95 2164 ri,
107 2122 160 2158 sed
173 2122 360 2158 erubescunt
375 2130 403 2157 et
419 2128 665 2165 conteguntur....
683 2122 725 2153 Ita
740 2122 777 2152 de
793 2122 884 2153 Adam
929 2123 1019 2154 monii
1036 2123 1193 2155 immaturo
1207 2134 1259 2155 usu
1276 2125 1386 2165 opinio.
1405 2125 1432 2156 1s
1448 2125 1526 2156 enim
1552 2126 1580 2156 in
1611 2126 1688 2157 libro
1709 2128 1751 2158 De

62 2176 88 2202 et
103 2172 138 2202 de
153 2173 219 2212 ejus
235 2180 333 2203 uxore
346 2171 535 2203 sentiendum
551 2173 607 2205 est,
636 2166 687 2207 qui
713 2166 809 2217 statim
836 2167 886 2197 ubi
899 2168 1035 2218 Dmundt'
1050 2169 1169 2209 opiﬁcio
1181 2179 1248 2218 _non_
1258 2170 1346 2200 modo
1356 2175 1525 2218 serpentem
1537 2170 1750 2218 interpretatur

61 2211 178 2247 formati,
186 2221 267 2254 sunt,
284 2215 368 2247 velut
378 2215 505 2246 infantes
516 2219 545 2246 et
560 2220 667 2244 recens
680 2211 751 2248 nati,
768 2220 802 2241 ac
814 2220 885 2251 pec-
899 2211 918 2218 "
929 2212 1119 2252 voluptatem,
1136 2214 1188 2244 sed
1212 2215 1298 2244 etiam
1308 2223 1441 2245 amorem
1460 2215 1541 2246 inter
1554 2215 1707 2247 Adamum
1723 2221 1750 2248 et

60 2267 121 2292 εδιο
137 2262 271 2293 nondum
289 2260 475 2297 initiatimon
488 2260 693 2291 afﬁciebantur
711 2256 889 2294 verecundia
930 2256 1026 2288 Evam
1040 2259 1247 2298 supervenisse
1256 2258 1354 2296 docet,
1369 2263 1398 2290 et
1411 2264 1558 2300 tanquam
1573 2262 1665 2291 unius
1678 2263 1750 2292 ani-

60 2305 122 2337 sine
133 2306 432 2346 amictuagentesAt
443 2309 510 2346 post
521 2305 735 2346 experientiam
746 2303 886 2345 quasdam
929 2303 1019 2334 mulis
1034 2304 1093 2335 duo
1115 2303 1243 2336 dimidia
1271 2307 1462 2345 sepuratain
1497 2315 1590 2337 unum
1620 2307 1749 2338 collecta

61 2355 156 2390 partes
170 2351 310 2391 corporis
326 2350 405 2381 loliis
416 2350 647 2381 occultaverunt.
669 2361 683 2380 )
700 2349 754 2381 Htc
770 2356 888 2390 quoque
929 2349 1196 2390 coaptasse,indita
1207 2351 1336 2390 utrique
1350 2350 1493 2390 cupidine
1504 2350 1652 2390 gignendi
1665 2351 1752 2382 simi-

61 2395 180 2426 inl‘antia
196 2405 257 2426 non
272 2396 305 2426 in
321 2394 506 2435 ignoratione
521 2394 668 2435 consistit,
690 2395 742 2426 sed
761 2394 791 2424 in
805 2393 890 2424 inno-

60 2439 227 2481 centia,qua
240 2444 366 2481 peccato
382 2439 503 2477 amissa,
516 2438 652 2470 stimulos
667 2439 884 2479 concupiscen-

61 2484 106 2515 tiae
119 2490 281 2516 senserunt
297 2488 329 2516 et
344 2484 459 2524 pudore
474 2483 589 2515 sufﬂ‘usi
603 2487 673 2514 sunt

99 2528 147 2561 Ill.
167 2529 310 2562 Clemens
325 2529 546 2561 Alexandrinus
562 2529 724 2568 Protrept.,
741 2538 759 2567 p
785 2528 843 2559 69:
857 2524 886 2556 '0

60 2578 161 2613 πρῶτος
191 2574 236 2603 ὅτε
275 2574 303 2602 ὲν
327 2573 476 2613 παραδείσῳ
491 2573 584 2609 ἔπαιζε
598 2571 740 2611 λελυμένος
757 2572 813 2601 ἐπεὶ
830 2572 886 2613 (le-

61 2618 189 2657 gendum
203 2618 325 2650 videtur
339 2618 389 2658 ἔτι)
424 2618 527 2646 παιδίον
554 2617 586 2652 ἦν
616 2621 661 2646 τοῦ
677 2621 753 2645 Θεοῦ.
774 2613 842 2646 ’Ὅτε
858 2616 885 2645 δὲ

63 2663 207 2692 ὑπέπιπτεν
233 2663 373 2702 ἠδονῄηη
409 2664 546 2702 παρήγετο
585 2662 733 2700 ἐπιθυμίαις
762 2663 777 2690 ὁ
806 2669 884 2698 παῖς,

64 2707 243 2747 ὀνδριζόμενος
274 2708 406 2746 ἀπειθείᾳ,
435 2709 480 2735 καὶ
507 2707 678 2747 παρακούσας
702 2709 747 2734 τοῦ
784 2707 884 2745 [ἰατρὸς

65 2752 193 2792 ᾐσχύνετο
217 2754 265 2781 τὸν
295 2753 372 2783 Θεὸν.
393 2763 406 2780 ι
424 2750 544 2783 Primus
559 2749 780 2790 homo,quando
795 2750 826 2780 iu
838 2759 886 2790 pa-

930 2394 986 2425 lam
1007 2393 1121 2434 prolem
1145 2403 1199 2434 per
1209 2399 1345 2426 mutuam
1362 2396 1621 2426 consuetudinem.
1650 2406 1662 2424 ι
1680 2396 1750 2427 Haec

926 2438 1249 2479 cupido,inquit,etiam
1267 2449 1425 2480 corporum
1441 2440 1618 2480 voluptatem
1636 2440 1749 2480 genuit,

926 2489 1047 2524 quaeest
1075 2484 1156 2523 origo
1186 2484 1372 2525 iniquitatum
1402 2490 1431 2516 vt
1459 2485 1749 2526 praevaricationum,

927 2529 1164 2569 quandoquidem
1183 2530 1247 2560 talis
1258 2529 1392 2570 voluplas
1407 2530 1523 2561 mortali
1534 2535 1562 2561 et
1572 2530 1680 2561 misera
1692 2530 1752 2561 vita

928 2573 1125 2604 immortalem
1142 2578 1171 2604 et
1183 2573 1298 2604 beatam
1313 2575 1511 2606 commutavit.
1533 2588 1546 2603 ι
1565 2570 1594 2604 ὀ
1619 2575 1646 2603 δὲ
1669 2576 1748 2607 πόθος

929 2620 1003 2650 οὗτος
1020 2620 1062 2647 καὶ
1077 2620 1125 2652 τὴν
1153 2622 1205 2647 τῶν
1231 2619 1362 2657 σωμάτων
1390 2619 1488 2654 ἡδονὴν
1511 2620 1666 2659 ὶγέννησεν,
1689 2620 1750 2654 ἣτις

926 2664 995 2692 ἐστὶν
1015 2663 1186 2701 ἀδικημάτων
1201 2665 1245 2692 καὶ
1274 2665 1508 2702 παρανομημάτων
1537 2665 1621 2705 ἁρχὴ,
1658 2664 1692 2692 δι’
1721 2666 1752 2692 οὗ

926 2708 1135 2737 ὕπαλλάντονται
1154 2709 1198 2736 τὸν
1213 2710 1308 2742 θνητὸν
1344 2711 1387 2737 καὶ
1408 2709 1585 2747 κακοδαίμονα
1608 2710 1663 2747 βίον
1693 2709 1750 2737 ἀντ’

926 2753 1054 2781 ἀθανάτου
1069 2754 1113 2781 καὶ
1128 2752 1290 2791 εὖδαίμονος.
