1961 3071
91 108 126 141 53

582 112 618 142 D.
639 109 789 143 MARANI
814 110 1025 143 PRIEFATIO.
1049 128 1088 134 —
1110 110 1218 142 PARS.
1243 111 1282 142 II.

1735 109 1772 142 54

85 176 257 216 pertinacia,
271 187 306 208 ea
320 187 373 218 spe
385 177 549 218 molliebat,
563 178 670 210 horum
683 177 815 218 aliquem
826 185 866 209 ex
876 184 910 207 eo
919 179 938 204 Α
950 175 1087 208 virtutem
1100 176 1214 208 habuit.
1230 188 1242 204 ο
1256 174 1341 212 Quod
1354 183 1424 215 ergo
1440 184 1457 205 a
1469 173 1653 205 daemonibus
1666 173 1774 205 libera-

83 222 212 259 reperiri
221 231 307 261 posse
321 223 447 259 semine,
464 223 546 262 quod
556 223 710 262 reliquum
724 221 765 253 ad
778 221 909 253 salutem

81 270 229 297 intentum
242 267 355 305 factum
369 266 590 307 esl,n.32.Etu.
603 267 640 299 64
657 277 664 297 :
685 279 698 294 «
711 266 795 297 Nunc
811 270 909 297 autem

81 310 151 351 quia
162 311 311 351 judicium
327 311 379 342 Dei
388 311 529 348 formido,
546 311 585 342 de
600 311 681 342 nullo
698 321 731 342 ex
748 315 844 342 vestro
856 320 909 350 ge-

82 365 156 386 nere
168 355 443 395 przejudico,utrum
459 355 484 386 is
495 366 554 387 non
569 357 607 387 sit
619 366 653 387 ex
670 365 773 387 eorum
786 364 909 395 genere,

82 400 134 440 qui
150 400 317 431 secundum
327 401 450 440 gratiam
462 400 579 432 Domini
591 400 716 432 Sabaoth
728 399 834 431 salvari
844 409 912 439 pos-

82 444 356 485 sunt.Quapropter
367 446 499 484 quamvis
511 455 568 475 non
581 445 672 485 probe
683 445 909 485 agatis-,pergam

82 492 183 520 tamen
209 489 352 530 quidquid
377 499 394 520 a
414 488 498 520 vobis
524 489 708 530 propositum
733 493 784 520 aut
809 493 911 520 contra

82 533 174 564 fuerit
198 533 324 571 dictum,
340 534 377 565 ad
393 533 423 564 id
440 534 623 574 respondere
654 546 665 563 ιο
685 533 767 570 Quod
784 533 910 573 gratuita

83 578 295 609 misericordia
308 579 374 609 aliis
385 579 569 616 conceditur,
582 578 610 609 id
625 579 703 619 justo
715 578 830 618 judicio
844 579 910 609 aliis

80 632 142 653 non
155 623 279 654 concedi
292 623 378 654 docet
394 633 412 653 n
427 623 466 653 55
483 634 489 655 :
510 622 592 654 «Non
605 632 700 661 eram,
713 624 844 664 inquam,
863 623 909 653 al-

80 667 210 708 laturus,
222 667 351 709 Trypho,
368 669 422 699 has
436 668 714 705 demonstrationes,
731 667 838 708 quibus
858 677 910 698 eos

79 711 278 743 condemnari
291 713 363 743 scio.
381 712 431 753 qui
456 713 519 743 hac
535 717 565 744 et
581 712 690 744 similia
713 713 840 749 colunt,,
858 712 910 743 sed

79 766 133 788 eas
147 767 221 797 quas
237 763 338 789 contra
354 767 443 788 nemo
454 757 554 789 dicere
569 757 688 797 poterit.
700 757 788 788 Novas
812 761 911 788 autem

951 231 1018 253 mur
1029 225 1058 254 et
1070 222 1221 253 daemones
1236 229 1422 261 superamus,
1438 229 1505 250 cum
1528 229 1564 250 ex
1578 219 1648 249 vitio
1662 218 1700 249 ad
1711 218 1772 248 vir-

951 270 1044 297 tutem
1061 265 1286 305 emergimus,id
1302 264 1411 296 Christi
1426 265 1565 305 potentim
1579 263 1772 295 tribuendum

951 315 1007 350 est;
1023 320 1082 342 non
1099 311 1196 342 minus
1209 309 1352 350 profecto.
1379 318 1466 350 quam
1493 318 1560 340 cum
1575 307 1724 340 daemonia
1733 317 1772 339 ex

951 355 1127 395 corporibus
1140 354 1336 395 pelluntur.ld
1353 363 1473 395 quoque
1487 353 1618 384 declarat
1628 352 1772 385 Justinus.

955 413 968 428 α
985 400 1159 440 Adjutorem
1171 399 1251 431 enim
1266 399 1362 434 illum,
1379 398 1474 439 inquit
1488 397 1623 438 ejusdem
1639 397 1772 436 Dialog..

952 455 982 476 n.
998 445 1048 486 30,
1065 449 1094 476 et
1104 444 1335 484 Redemptorem
1349 443 1546 484 appellamus,
1562 443 1647 482 cnjus
1662 442 1706 472 vel
1723 451 1774 472 no-

953 489 1041 521 minis
1066 488 1225 530 potentiam
1241 488 1388 519 daemonia
1402 488 1466 528 ipsa
1485 488 1728 528 perhorrescunt,
1739 495 1774 517 ac

951 534 1041 566 hodie
1056 543 1109 575 per
1133 543 1243 564 nomen
1257 534 1327 565 Jesu
1341 532 1450 565 Christi
1473 532 1528 563 sub
1550 531 1653 562 Pontio
1680 530 1772 562 Pilato

949 579 1059 611 Judataa
1069 578 1193 619 prmside
1203 577 1336 609 cruciﬁxi
1351 577 1483 616 adjurata
1498 576 1709 616 subjiciuntur.
1727 588 1741 604 ι

992 625 1141 656 Concessa
1156 624 1185 654 in
1199 622 1317 653 deserto
1335 622 1448 653 curatio
1476 621 1522 652 his
1536 621 1586 661 qui
1602 625 1773 662 serpentum

953 668 1101 699 morsibus
1111 668 1227 699 fuerant
1236 667 1394 707 vulnerati,
1411 666 1508 705 imago
1524 670 1553 696 et
1564 667 1658 704 ﬁgura
1665 665 1775 697 exstitit

951 713 1064 753 salutis,
1081 721 1168 753 quam
1190 721 1207 743 a
1230 712 1346 744 Christo
1361 711 1535 751 accipimus.
1551 721 1563 738 α
1581 711 1677 751 Atque
1692 711 1773 742 illam

953 759 1039 790 etiam
1057 758 1192 798 ﬁguram,
1215 756 1348 797 illudque
1377 756 1506 796 signum,
1530 755 1625 796 inquit
1651 755 1773 795 Dialog.

80 801 136 833 tibi
154 802 342 851 videbuntur,
351 802 484 843 quamvis
494 802 627 851 quotidie
642 812 659 833 a
668 802 755 851 vobis
763 802 908 851 legantur.
923 825 942 851 Β
955 814 983 835 n.
1001 803 1034 835 9t
1044 803 1133 843 ,quod
1142 802 1284 851 adversus
1297 800 1482 851 serpentium
1498 809 1613 831 morsus
1628 799 1718 831 Israel
1730 800 1775 851 in-

82 851 117 877 ut
130 846 178 877 vel
194 856 228 877 ex
245 847 301 878 hoc
313 851 486 887 perpectum
503 847 676 884 habeamus,
692 847 774 878 vobis
785 847 823 878 ob
841 856 910 878 ves-

83 895 162 922 tram
176 891 336 931 nequitiam
353 901 370 922 a
393 891 452 922 Deo
469 896 643 932 potestatem
659 891 822 932 sapientiae,
845 900 912 931 quae

80 936 166 966 illius
181 936 282 967 verbis
299 937 387 974 inest,
405 936 607 976 intelligendas
616 936 819 967 absconditam
836 936 910 967 fuis-

80 989 126 1010 se.
147 981 300 1011 nonnullis
315 980 457 1021 exceptis,
473 980 580 1021 quibus
607 980 771 1012 secundum
787 990 912 1012 summm

81 1034 146 1055 sum
162 1025 374 1056 misericordiae
396 1025 529 1065 gratiam,
542 1029 574 1056 ut
589 1026 628 1056 ait
640 1025 739 1066 Isaias,
756 1034 859 1057 semen
873 1025 910 1056 ad

82 1069 211 1100 salutem
239 1069 368 1110 reliquit,
386 1079 423 1101 ne
447 1074 479 1100 ut
504 1069 722 1102 Sedomitarum
739 1075 769 1102 et
784 1070 911 1102 Gomor-

83 1115 250 1154 rlimorum,
267 1114 304 1146 ita
316 1118 345 1145 ct
357 1124 451 1154 genus
465 1120 594 1145 vestrum
608 1115 729 1155 periret.
749 1126 762 1145 ι

124 1158 271 1195 llI.Quam
285 1163 388 1199 potens
402 1159 439 1190 sit
449 1169 597 1200 quamque
608 1160 711 1190 efﬁcax
727 1159 833 1192 Christi
842 1169 911 1200 gra-

85 1203 138 1243 tia,
152 1213 218 1244 quae
234 1213 287 1234 nos
297 1213 330 1234 ex
344 1204 485 1235 servitute
501 1204 530 1234 in
541 1204 707 1235 Iihertatem
723 1205 860 1245 vindicat,
878 1215 913 1236 ex

84 1248 242 1278 nonnullis
255 1249 433 1289 testimoniis
454 1250 541 1280 modo
570 1249 664 1279 citatis
679 1249 842 1281 existimari
858 1258 913 1289 po-

85 1293 240 1331 test,velut
254 1302 289 1324 ex
301 1293 338 1324 iis
347 1303 412 1334 quae
420 1293 535 1325 Justino
547 1303 562 1324 a
574 1294 735 1325 venerabili
749 1303 822 1325 sene
835 1294 915 1325 dicta

87 1338 189 1369 retuli.
203 1338 304 1369 Fidem
322 1338 401 1369 illam
419 1339 448 1369 in
464 1338 557 1369 Deum
570 1338 767 1380 incarnatum,
782 1348 848 1379 qua;
863 1349 916 1370 nos

87 1382 207 1422 penitus
223 1387 355 1418 renovat,
373 1392 410 1414 ex
442 1383 520 1414 illius
549 1383 743 1424 omnipotenti
767 1383 916 1415 voluntate

952 849 1086 880 stitutum
1102 851 1157 885 est,
1169 847 1204 877 ad
1229 855 1332 878 eorum
1350 845 1475 876 salutem
1501 849 1633 876 erectum
1654 854 1720 876 esse
1735 845 1774 875 li-

952 898 1032 935 quet,
1048 893 1098 933 qui
1105 893 1166 933 jam
1183 896 1244 923 tum
1257 891 1484 933 praenuntiatam
1501 890 1592 922 fuisse
1607 890 1732 921 credunt
1746 895 1776 921 et

953 942 1079 969 mortem
1095 937 1227 977 serpenti
1239 946 1292 977 per
1306 945 1386 973 eum,
1400 937 1449 976 qui
1466 935 1683 975 cruciﬁgendus
1698 940 1773 972 erat,

953 983 1092 1019 futuram,
1105 985 1134 1013 et
1144 981 1268 1013 salutem
1284 981 1310 1012 is
1324 981 1375 1022 qui
1392 979 1541 1020 serpentis
1555 979 1702 1011 morsibus
1713 979 1775 1011 laesi

952 1028 989 1058 ad
1014 1036 1094 1065 eum,
1117 1036 1135 1058 a
1152 1036 1211 1067 quo
1226 1025 1384 1057 cruciﬁxus
1408 1025 1457 1056 ille
1471 1024 1564 1056 Filius
1583 1024 1614 1054 in
1631 1024 1774 1056 mundum

954 1073 1060 1103 missus
1073 1076 1128 1110 est,
1143 1071 1325 1111 confugiunt.
1343 1083 1357 1099 ι

993 1116 1095 1148 Crucis
1120 1116 1293 1157 potentiam,
1306 1124 1394 1156 quam
1419 1113 1573 1146 unicornis
1593 1112 1732 1145 cornibus
1746 1114 1776 1145 iu

954 1162 1105 1202 Scriptura
1126 1160 1275 1200 designari
1300 1163 1391 1200 putat,
1408 1159 1453 1190 sic
1471 1159 1582 1190 ibidem
1606 1157 1637 1190 S.
1669 1162 1778 1198 martyr

955 1206 1114 1247 praedicat:
1135 1205 1226 1236 «Illud
1239 1208 1349 1241 autem,
1361 1203 1420 1235 His
1434 1204 1574 1235 cornibus
1587 1207 1689 1243 gentes
1695 1206 1778 1242 petet

955 1251 1027 1282 inde
1043 1259 1136 1290 usque
1153 1250 1191 1281 ab
1205 1254 1336 1280 θέειν-εγηο
1360 1252 1463 1289 terrm,
1479 1248 1508 1279 id
1531 1248 1609 1288 quod
1632 1247 1722 1279 hodie
1746 1247 1777 1278 in

956 1295 1095 1326 omnibus
1103 1294 1354 1334 gentibusfactum
1366 1293 1498 1324 videmus
1509 1292 1778 1324 demonstrat.Cor-

958 1350 995 1370 nu
1007 1340 1086 1371 enim
1104 1339 1235 1380 petiti,id
1253 1344 1298 1369 est
1313 1337 1484 1378 compuncti
1499 1347 1533 1368 ex
1550 1337 1688 1367 omnibus
1701 1346 1777 1376 gen-

957 1385 1035 1415 tibus
1045 1384 1082 1415 ab
1092 1383 1232 1415 inanibus
1240 1382 1404 1413 simulacris
1411 1381 1630 1412 etdmmonibus
1637 1381 1673 1411 ad
1684 1381 1777 1411 Deum

85 1427 266 1467 repetit,qui
280 1427 387 1458 Filium
397 1437 482 1458 suum
495 1427 646 1459 incarnari
656 1428 759 1459 voluit.
781 1440 793 1455 α
805 1429 916 1459 Putatis
931 1465 943 1467 _
957 1429 1091 1460 conversi
1106 1427 1445 1467 sunt.nCharitas,quam
1457 1426 1589 1458 Christus
1599 1425 1738 1456 diﬂ'undit
1748 1425 1778 1455 in

83 1465 129 1503 fut
133 1465 364 1512 uruinunquam
376 1472 479 1513 luisse,
497 1480 529 1503 ut
541 1473 603 1504 haec
618 1473 647 1503 in
660 1472 821 1513 Scripturis
830 1472 914 1503 iutel-
924 1465 944 1490 ο
957 1474 1047 1505 corda
1059 1478 1252 1513 nostra,saepe
1261 1481 1276 1502 a
1286 1465 1402 1503 Justino
1410 1471 1577 1511 depingitur
1587 1471 1642 1501 Sub
1651 1469 1779 1509 imagine

86 1517 182 1556 ligcre
200 1518 399 1557 possemus,ni
412 1518 560 1548 voluntate
574 1518 654 1559 illius
667 1518 716 1557 qui
732 1518 794 1548 haec
809 1517 910 1554 voluit,
955 1518 1192 1550 circumcisionis
1212 1527 1220 1549 ί
1245 1521 1274 1548 et
1288 1516 1560 1553 circumcisionem,
1577 1524 1662 1556 quam
1688 1514 1779 1546 Josue

85 1561 210 1601 gratiam
226 1563 448 1602 accepissemus
463 1562 647 1602 intelligendi
658 1562 723 1594 10?»
743 1562 850 1593 Christi
862 1572 913 1603 po-
954 1564 1057 1595 cultris
1072 1562 1198 1604 lapideis
1213 1561 1325 1603 peregit
1339 1561 1378 1596 η,
1393 1561 1515 1600 ﬁguram
1535 1560 1682 1592 exstitisse
1699 1563 1781 1599 putat

85 1606 210 1636 tentiam
237 1605 267 1636 in
284 1606 415 1644 gentium
431 1608 623 1638 conversione
654 1606 778 1638 miriﬁce
792 1607 911 1638 elucere
952 1608 1033 1640 illius
1049 1607 1295 1647 circumcisionis,
1318 1615 1406 1647 quam
1428 1615 1445 1636 a
1470 1606 1585 1637 Christo
1600 1604 1775 1644 accipimus.

86 1650 185 1681 docet.
203 1661 216 1679 ι
234 1651 314 1687 Hac,
333 1651 427 1692 inquit
443 1652 530 1692 Apol.
547 1661 579 1693 tt,
596 1662 625 1683 n.
643 1652 694 1693 IO,
708 1652 842 1683 Christus
855 1661 911 1682 no-
961 1666 976 1683 ι
993 1653 1136 1685 Praeclare
1160 1662 1230 1691 ergo
1246 1651 1276 1682 in
1294 1651 1380 1682 nobis
1405 1651 1511 1691 agitur,
1533 1651 1630 1691 inquit
1654 1649 1778 1689 Dialog.

84 1700 148 1726 ster
159 1695 279 1735 propria
295 1704 348 1726 sua
361 1696 468 1727 virtute
484 1696 640 1736 perfecit.»
658 1696 721 1728 Mox
739 1696 917 1728 Christiano.
960 1709 990 1730 n.
1008 1699 1076 1736 114,
1089 1697 1140 1738 qui
1161 1696 1264 1728 cultris
1290 1696 1414 1736 lapideis
1429 1695 1595 1727 circumcisi
1611 1703 1714 1725 sumus
1729 1703 1779 1724 se-

85 1749 152 1771 rum
167 1741 362 1771 constantiam
374 1740 560 1778 describens,
579 1741 619 1771 ait
637 1751 644 1773 ;
664 1754 676 1769 «
693 1741 761 1772 llzec
770 1741 849 1771 enim
861 1741 911 1772 vir-

983 1744 1056 1775 unda
1071 1741 1310 1774 circumcisione.
1327 1740 1423 1771 Prima
1441 1741 1519 1771 enim
1533 1739 1583 1770 illa
1593 1743 1689 1770 vestra
1703 1739 1780 1769 ferro

90 1788 137 1814 tus
151 1784 245 1829 Patris
262 1784 471 1816 inenarrabilis
482 1785 562 1826 fecit,
581 1795 638 1816 non
655 1785 775 1816 humani
799 1793 917 1816 sermo-
961 1792 1081 1829 peracta
1095 1791 1139 1818 est
1157 1790 1186 1817 et
1198 1786 1358 1827 peragitur:
1372 1785 1445 1816 duro
1462 1785 1540 1815 enim
1557 1784 1646 1816 corde
1661 1792 1781 1829 perma-

91 1828 139 1858 nis
155 1828 362 1861 instrumenta.
382 1843 395 1857 ιι
414 1830 522 1861 Christi
546 1834 644 1861 autem
668 1830 830 1869 potentiam
860 1839 919 1860 non
961 1833 1050 1864 netis.
1062 1832 1167 1862 Nostra
1180 1836 1279 1863 autem
1295 1830 1564 1870 circumcisio,quae
1578 1828 1709 1860 secunda
1721 1837 1780 1858 nu-

89 1878 160 1904 tunc
176 1873 271 1904 solum
298 1874 441 1905 enituisse
457 1874 614 1912 existimat,
637 1884 703 1905 cum
731 1878 759 1905 et
774 1874 916 1915 apostolis
959 1886 1042 1908 mero
1057 1880 1123 1917 post
1131 1881 1256 1907 vestram
1270 1875 1403 1906 instituta
1415 1879 1527 1915 est,per
1539 1874 1653 1915 lapides
1665 1877 1780 1913 acutos,

87 1918 228 1949 invictam
239 1918 275 1949 ad
284 1918 503 1959 praedicandum
515 1919 706 1959 Evangelium
716 1919 911 1950 constantiam
953 1922 985 1958 id
1001 1925 1045 1953 est
1058 1930 1108 1961 per
1123 1929 1275 1951 sermones
1285 1920 1484 1960 apostolorum
1507 1919 1615 1950 summi
1632 1919 1710 1950 illius
1725 1927 1781 1949 an-

89 1963 211 1999 είηᾶνίῑ.
226 1967 254 1993 ει
267 1973 369 1994 eorum
390 1964 440 2004 qui
467 1964 615 2004 apostolos
637 1964 796 1995 audiebant
821 1964 912 1995 corda
956 1967 1066 2008 gularis
1077 1966 1184 2006 lapidis
1198 1969 1227 1996 et
1242 1967 1307 1995 sine
1322 1964 1459 1995 manibus
1470 1963 1606 2004 abscissi,
1620 1963 1780 1994 circumci-

87 2008 216 2048 aperuit,
235 2008 287 2038 sed
301 2008 388 2039 etiam
404 2018 471 2041 cum
488 2019 515 2040 n1
527 2019 588 2049 vgos
600 2009 635 2040 ad
651 2018 794 2049 praesepe,
812 2009 841 2039 in
857 2019 915 2049 quo
958 2013 1001 2043 dit
1017 2020 1069 2042 nos
1082 2020 1099 2041 a
1113 2010 1342 2040 simulacrorum
1358 2009 1438 2040 cultu
1450 2015 1480 2039 et
1506 2008 1542 2038 ab
1564 2009 1645 2039 omni
1662 2017 1783 2048 prorsus

89 2052 188 2098 infans
196 2052 324 2092 jacebat,
338 2053 468 2085 attraxit.
480 2054 529 2086 Sic
545 2054 624 2084 enim
642 2054 772 2094 loquitur
795 2054 914 2094 Dialog.
959 2054 1250 2098 pravitate.Quorum
1267 2053 1357 2085 corda
1371 2055 1410 2084 ita
1419 2057 1486 2084 sunt
1498 2054 1638 2093 pravitate
1650 2053 1782 2084 circum—

89 2106 119 2128 n.
135 2097 193 2145 78‘:
215 2110 225 2125 ι
247 2098 318 2145 Nam
335 2103 364 2129 et
378 2099 454 2145 quod
469 2099 541 2145 dicit
558 2098 657 2145 Isaias:
676 2100 918 2145 Accipietvy'tu-
930 2097 1134 2145 Dcisamtlaati
1146 2104 1271 2130 mortetn
1282 2103 1453 2145 oppetamus
1462 2102 1584 2138 propter
1594 2106 1782 2145 nomenprm-

89 2146 146 2172 lem
165 2142 306 2173 Damasci
319 2147 345 2174 et
362 2144 458 2184 spolia
469 2143 618 2174 Samaria:
630 2143 857 2183 “signiﬁcabat
868 2153 918 2176 ne-

88 2186 153 2216 farii
170 2187 324 2224 daemonis,
338 2188 390 2228 qui
407 2187 556 2218 habitabat
579 2189 726 2228 Damasci,
744 2193 916 2227 potestatem

87 2241 104 2261 a
119 2231 238 2262 Christo
265 2233 362 2262 statim
384 2240 473 2272 atque
500 2236 587 2263 natus
611 2239 701 2268 esset,
726 2232 836 2263 victum
868 2232 917 2273 iri,

88 2276 167 2315 quod
176 2275 296 2316 quidem
306 2277 415 2308 factum
426 2276 491 2308 esse
503 2277 812 2317 demonstratumMagi
824 2277 915 2315 enim,

89 2320 142 2360 qui
158 2325 189 2350 ut
205 2321 300 2361 spolia
310 2322 389 2362 rapti
403 2322 519 2353 fuerant
529 2322 563 2352 ad
582 2322 672 2352 malas
683 2331 814 2362 quasque
825 2323 918 2353 actio-

89 2375 156 2401 nes,
168 2365 204 2396 ad
218 2375 290 2406 quas
305 2376 355 2397 eos
369 2367 421 2398 ille
436 2367 551 2398 daemon
568 2366 752 2406 impellebat,
769 2367 819 2397 ubi
831 2367 919 2399 Chri-

87 2415 166 2441 stum
178 2410 332 2442 adoratum
345 2415 502 2449 venerunt,
518 2410 669 2448 defecere,
688 2416 719 2441 ut
731 2412 918 2442 manifestum

89 2459 146 2495 est,
162 2455 199 2485 ab
214 2464 258 2486 ea.
277 2465 343 2496 quae
358 2457 425 2487 illos
438 2460 468 2487 ut
483 2456 576 2496 spolia
599 2461 746 2496 rapuerat,
765 2461 917 2496 potestate,

89 2509 177 2539 quam
197 2499 284 2530 nobis
299 2510 406 2531 arcane
416 2499 569 2540 Scriptura
579 2500 713 2531 Damasci
731 2501 863 2531 habitare
877 2501 920 2531 in-

89 2543 181 2576 dicat.
201 2557 212 2572 ι
232 2544 307 2575 Ειη.
320 2546 358 2576 88
377 2555 384 2577 ;
405 2559 417 2572 α
436 2547 533 2586 Atque
549 2545 621 2576 illud
637 2545 724 2576 etiam
740 2545 821 2576 vobis
833 2545 918 2576 testi-

91 2590 192 2620 monio
208 2589 343 2630 sit,quod
356 2590 439 2621 voliis
447 2590 506 2621 dixi
518 2590 554 2620 ab
565 2589 682 2621 Arabiae
694 2590 786 2630 magis
799 2591 918 2628 factum,

91 2633 219 2674 quicum
236 2635 335 2665 statim
352 2645 385 2666 ac
397 2644 471 2675 puer
486 2640 571 2665 natus
587 2635 919 2672 est,venissent,adora-

90 2683 196 2710 verunt
210 2688 291 2710 eum.
311 2678 383 2710 t‘tam
400 2684 430 2710 ut
446 2680 477 2710 in
501 2679 597 2710 lucem
626 2679 723 2710 editus
751 2683 808 2716 est,
837 2688 919 2710 suam

960 2147 1046 2177 clarae
1057 2144 1138 2175 illius
1154 2145 1258 2181 Petra,
1272 2153 1338 2183 quae
1350 2149 1379 2174 et
1390 2144 1421 2173 in
1438 2152 1542 2174 eorum
1558 2143 1711 2182 corda,qui
1729 2151 1783 2181 per

959 2191 1055 2231 ipsum
1071 2189 1200 2229 diligunt
1214 2188 1330 2219 Patrem
1346 2188 1678 2228 universorum,aquam
1689 2188 1782 2217 vivam

960 2235 1067 2268 emittit
1078 2239 1106 2266 et
1120 2243 1172 2265 eos
1184 2238 1275 2274 potat,
1288 2233 1338 2273 qui
1353 2242 1457 2274 aquam
1469 2235 1536 2264 vitae
1547 2233 1660 2264 sitiunt.
1680 2246 1692 2260 ι

1000 2280 1164 2312 Mirabilem
1179 2279 1260 2310 illam
1275 2278 1373 2309 cordis
1389 2278 1659 2316 circumcisionem,
1672 2286 1785 2318 quama

961 2325 1077 2358 Christo
1093 2323 1266 2364 accipimus,
1276 2332 1378 2353 novam
1391 2323 1547 2363 quamdam
1561 2321 1783 2362 generationem

962 2375 992 2401 et
1002 2369 1182 2400 creationem
1197 2377 1262 2398 esse
1288 2368 1459 2407 pronuntiat
1474 2367 1505 2398 S.
1524 2371 1632 2407 martyr
1646 2366 1783 2406 Scriptu-

961 2423 1062 2445 rarum
1076 2412 1248 2444 auctoritate
1264 2413 1366 2444 fretus.
1386 2425 1399 2440 at
1417 2414 1488 2450 Nos,
1504 2412 1612 2452 inquit,
1624 2422 1655 2443 n.
1668 2411 1735 2448 I35,
1748 2420 1782 2441 ex

963 2458 1072 2490 Christi
1087 2461 1171 2488 utero
1186 2456 1274 2487 recisi
1289 2466 1390 2488 verum
1407 2466 1509 2487 sumus
1525 2456 1718 2488 Israeliticum
1729 2466 1783 2496 ge-

962 2513 1028 2534 nus.
1049 2515 1062 2530 ι)
1081 2502 1117 2533 Et
1132 2511 1161 2533 η.
1182 2501 1237 2532 138
1255 2510 1262 2533 :
1284 2513 1295 2530 α
1324 2501 1458 2533 Christus
1481 2510 1548 2534 cum
1571 2501 1785 2542 primogenitus

962 2551 1040 2578 esset
1055 2545 1152 2577 omnis
1166 2550 1428 2582 creaturae,rursus
1445 2546 1532 2577 etiam
1546 2546 1639 2577 factus
1651 2551 1695 2577 est
1707 2547 1786 2586 prin-

961 2592 1071 2633 cipium
1110 2591 1231 2622 alterius
1248 2590 1367 2631 generis
1391 2590 1428 2622 ab
1464 2591 1526 2631 ipso
1550 2591 1719 2631 regenerati
1735 2601 1789 2630 per

961 2646 1064 2678 aquam
1081 2640 1110 2667 et
1120 2636 1209 2668 ﬁdem
1226 2640 1254 2666 et
1267 2636 1391 2676 lignum,
1416 2645 1474 2676 quo
1497 2637 1667 2677 mysterium
1689 2637 1788 2668 crucis

962 2682 1142 2713 continetur.
1161 2693 1173 2708 υ

133 2759 159 2805 '9
170 2759 280 2802 Dialog
303 2784 312 2801 ,
330 2769 361 2791 ιι.
383 2760 448 2792 119.
493 2759 517 2782 η
535 2759 591 2792 Isa.
608 2768 669 2798 vtu,
685 2761 715 2792 4.
759 2758 785 2780 ¹²
798 2760 888 2792 Iosue
907 2768 951 2802 v.,
967 2763 997 2802 ἓ,
