1961 3071
204 81 246 115 43
663 82 694 113 s.
715 80 899 114 JUSTINUS
920 73 1184 112 PHILOSOPHUS
1206 74 1254 112 E'I‘
1278 73 1451 112 MARTYR.
1858 78 1902 113 44

205 149 349 188 angelos:
378 159 438 180 non
465 149 557 188 magis
581 147 714 188 profecto
730 157 816 189 quam
835 146 865 179 S.
891 146 1032 188 lgnatius,
1045 153 1064 177 Α
1077 148 1145 178 tiam
1165 148 1342 189 perciperet.
1359 148 1433 180 Nam
1445 153 1474 179 et
1486 158 1564 180 nunc
1576 149 1683 187 infans,
1702 159 1768 180 cum
1782 150 1904 189 genitus

205 194 255 234 qui
271 194 311 224 ait
324 195 353 224 in
370 193 498 234 epistola
511 193 548 224 ad
563 194 726 229 Romanos,
745 202 774 224 η.
793 192 848 223 19:
866 192 965 232 Πρέπει
984 193 1034 232 γὰρ
1074 192 1174 229 fuerit,
1192 193 1323 223 nondum
1352 197 1448 233 potest
1460 202 1566 233 panem
1583 194 1685 234 edere,
1703 195 1754 224 sed
1770 194 1901 234 primum

204 240 267 276 ὒμϊν
282 246 339 271 τοῖς
354 239 413 266 καθ’
429 238 488 278 ἕνα,
504 238 643 278 ἐξαιρέτως
679 239 723 266 καὶ
750 244 808 269 τοῖς
834 236 1030 277 πρεσϐυτέροις,

205 283 353 323 ἀναῲύχειν
382 284 427 312 τὸν
456 283 601 311 ἐπίσκοπον
639 284 674 315 εἷς
702 283 782 320 τιμὴν
807 283 919 322 Πατρὸς⁷
943 282 1032 316 ἰησοῦ

206 331 329 368 Χριστοῦ,
346 329 389 356 καὶ
406 331 458 356 τῶν
474 327 642 358 ἀποστόλων,
664 338 675 355 α
693 327 785 358 Decet
800 327 880 357 enim
898 327 1029 366 singulos

206 375 346 409 vestrum,
364 377 392 402 et
408 372 556 413 praecipue
568 371 767 412 presbyteros,
780 371 948 402 refocillare
962 371 1027 412 epi-

205 426 339 457 scopum,
362 417 389 447 in
407 417 553 447 honorem
570 416 678 456 Patris,
694 415 765 447 Jesu
780 415 889 447 Christi
905 419 934 446 et
954 425 1027 457 apo-

205 461 361 493 stolorum.
377 471 391 491 ›

245 507 366 538 Frustra
379 506 518 546 objicitur
531 505 641 540 duplex
659 505 731 536 illud
755 505 889 539 verbum,
914 505 1024 543 σέϐομεν

204 551 247 578 καὶ
263 554 489 589 mammas};st
506 549 632 580 colimus
641 554 670 580 et
680 549 948 581 adoramus-Nam
961 550 1024 590 pri—

206 603 286 625 mum
298 595 418 635 quidem
434 595 470 626 ad
486 595 606 634 angelos
617 594 697 634 ipsos
708 595 848 632 refertur,
866 594 966 625 habita
981 603 1026 625 ra-

206 640 288 671 tione
303 639 497 680 discriminis,
513 640 589 680 quod
619 640 697 670 inter
719 638 889 670 Creatorem
906 644 935 670 et
962 648 1025 669 rem

205 689 335 716 creatam
348 684 655 715 intercedit.Allerum
667 688 764 715 autem
779 693 964 724 nequaquam
977 693 1027 714 an-

205 729 287 768 gelos
310 729 480 761 necessario
509 728 749 769 comprehendit.
767 729 849 769 Saepe
871 728 929 759 duo
942 728 1031 759 verba

207 773 295 804 simul
311 774 469 814 conjuncta
480 783 539 805 non
551 774 587 804 ad
603 782 691 804 unam
702 777 733 804 et
748 774 883 804 eamdem
899 773 1030 818 rem,sed

206 819 242 850 ad
253 819 383 851 diversas
391 820 505 860 judicio
517 819 677 858 legentium
691 819 872 851 referuntur:
890 819 976 859 cujus
986 823 1030 849 rel

206 864 376 904 exemplum
392 864 518 895 maxime
531 864 696 904 appositum
709 863 861 895 observavi
874 864 904 894 in
915 868 983 894 nota
993 863 1029 894 ad

206 913 310 949 quaest.
329 908 386 941 137
401 909 441 940 ad
456 909 654 941 orthodowos.

528 975 648 1008 CAPUT
667 976 702 1008 V.

205 1015 365 1076 .Theophz'ti
379 1036 530 1068 sententia
542 1036 589 1111 git
592 1039 673 1067 statu
697 1036 732 1066 in
746 1044 805 1076 quo
833 1038 953 1066 creatus
968 1036 1028 1074 fuit

590 1089 688 1111 amas.

590 1089 677 1112 amas
681 1105 688 1112 .

208 1141 229 1170 l.
245 1141 378 1169 Infantiam
394 1140 487 1169 Adamo
506 1141 594 1169 tribuit
614 1140 765 1176 Theophilus
791 1139 830 1167 Vri
852 1139 884 1176 ob
906 1140 1028 1176 innocen-

244 1177 314 1210 tiam,
332 1176 371 1204 vel
385 1177 416 1204 ob
432 1181 555 1205 recentem
571 1175 732 1204 creationem.
749 1175 782 1204 ll.
803 1175 872 1203 Multi
886 1175 928 1203 alii
943 1176 1030 1203 eodem

245 1213 318 1240 modo
332 1212 409 1240 locuti
419 1216 487 1240 sunt.
503 1213 546 1240 ΙΙΙ.
561 1211 702 1248 Singularis
718 1212 746 1240 S.
766 1211 903 1239 Clementis
915 1211 1032 1240 Alexan-

246 1248 311 1276 drini
333 1248 428 1284 opinio.

248 1312 271 1340 I.
289 1310 414 1341 Videtur
437 1311 533 1351 prima
546 1311 648 1351 specie
662 1311 846 1351 Theophilus
861 1310 1030 1341 existimare

205 1356 350 1386 Adamum
362 1355 392 1386 in
410 1356 537 1396 quodam
552 1356 681 1387 infantia;
692 1360 767 1386 statu
783 1359 914 1387 creatum
927 1356 1030 1396 fuisse,

206 1409 239 1430 ac
252 1409 286 1430 ea
298 1399 423 1430 scientia
439 1400 625 1437 destitutum,
642 1409 708 1440 qua:
732 1399 809 1430 virili
826 1399 904 1430 aetati
919 1408 1029 1430 conve-

1074 236 1149 268 lacte
1166 238 1418 275 nutritur,deinde
1429 239 1639 278 progrediente
1653 244 1738 269 aetate
1754 239 1842 269 etiam
1861 240 1898 269 ad

1071 281 1200 312 solidum
1212 282 1311 313 cibum
1323 283 1450 314 accedit.
1468 283 1549 314 Idem
1565 293 1681 324 quoque
1694 284 1809 315 Adamo
1825 293 1899 314 eve—

1072 326 1164 357 nisset
1189 326 1376 367 Quapropter
1386 337 1444 358 non
1461 327 1599 358 invidens
1627 329 1653 358 ei
1671 329 1762 365 Deus,
1780 333 1812 358 ut
1827 328 1900 368 qui-

1070 370 1139 401 dam
1153 371 1331 409 existimant,
1349 372 1501 402 interdixit
1512 382 1549 402 ne
1560 373 1598 402 de
1611 373 1688 411 ligno
1704 373 1837 403 scientias
1849 383 1897 403 co-

1070 416 1214 446 mederet.
1228 417 1335 447 Adhuc
1344 417 1434 447 etiam
1447 417 1562 447 volebat
1575 426 1641 447 eum
1653 417 1783 457 experiri
1796 422 1824 448 et
1842 427 1897 457 pe-

1068 460 1190 491 riclitari
1208 465 1305 491 utrum
1323 461 1379 491 sibi
1402 461 1480 491 dicto
1508 462 1665 492 auditurus
1688 466 1777 492 esset.
1800 461 1896 492 Simul

1068 505 1178 535 diutius
1193 505 1310 536 volebat
1323 505 1492 545 simplicem
1505 511 1534 536 et
1548 506 1699 538 sincerum
1718 516 1898 547 permanere

1068 549 1219 580 hominem
1251 555 1487 590 puerascentem.
1514 550 1576 582 Hoc
1601 551 1681 582 enim
1703 556 1838 582 sanctum
1853 557 1899 582 est

1068 599 1127 620 non
1143 590 1239 620 solum
1256 591 1334 630 apud
1353 592 1458 631 Deum,
1476 592 1527 621 sed
1544 591 1632 622 etiam
1648 591 1727 631 apud
1743 591 1897 631 homines,

1069 635 1098 664 in
1114 633 1303 674 simplicitate
1319 640 1349 666 et
1374 635 1546 666 innocentia
1574 635 1683 675 subjici
1710 635 1898 676 parentibus.

1070 678 1152 714 Quod
1168 681 1191 708 si
1209 680 1292 719 pueri
1317 680 1457 711 submissi
1474 690 1541 711 esse
1570 681 1742 721 parentibus
1771 680 1896 716 debent,

1072 727 1181 764 quanto
1197 724 1288 763 magis
1305 725 1419 764 parenti
1435 725 1568 755 omnium
1583 725 1669 756 Deo?
1685 724 1834 756 Praeterea
1846 726 1896 756 in-

1072 768 1215 799 decorum
1224 774 1268 799 est
1277 779 1384 808 pueros
1394 770 1521 800 infantes
1534 771 1600 809 plus
1607 779 1714 810 sapere
1725 779 1812 810 quam
1823 775 1894 800 aetas

1073 813 1211 853 postulet:
1226 814 1476 853 quemadmodum
1493 815 1571 845 enim
1588 823 1677 845 nemo
1688 814 1796 845 crescit
1809 819 1896 845 aetate

1071 857 1128 888 nisi
1140 857 1317 898 quibusdam
1330 858 1419 889 veluti
1431 859 1628 898 gradibus,ita
1644 868 1698 890 nec
1711 859 1870 899 sapientia.
1879 872 1891 888 ι

1113 900 1223 942 Ecquis
1240 912 1299 934 non
1316 903 1407 940 videt,
1423 904 1447 935 si
1474 904 1564 934 modo
1589 904 1719 934 animum
1750 904 1895 941 advertat,

1070 946 1224 977 infantiam
1239 947 1332 984 illam,
1348 957 1414 988 quae
1430 948 1542 980 Adamo
1557 948 1709 985 tribuitur,
1721 949 1897 989 metaphora

1071 1001 1129 1022 non
1141 992 1300 1023 carereH°
1313 994 1513 1033 Apparentem
1527 993 1604 1024 hanc
1620 993 1773 1024 infantiam
1787 993 1898 1033 repetit

1069 1036 1253 1077 Theophilus
1270 1041 1330 1068 tum
1346 1046 1380 1068 ex
1398 1037 1514 1069 recenti
1529 1037 1634 1069 Adami
1649 1037 1813 1077 creatione,
1831 1042 1894 1068 tum

1071 1090 1105 1111 ex
1122 1081 1220 1112 medio
1231 1081 1281 1112 illo
1293 1086 1381 1116 statu,
1397 1081 1427 1112 in
1439 1092 1497 1122 quo
1512 1086 1632 1113 creatus
1646 1082 1752 1113 fuerat.
1766 1081 1894 1113 Vixdum

1071 1125 1151 1156 enim
1171 1129 1287 1156 creatus
1298 1126 1404 1167 fuerat,
1417 1135 1484 1157 cum
1496 1126 1578 1156 illum
1595 1126 1673 1157 Deus
1683 1127 1713 1156 in
1724 1126 1894 1167 paradisum

1073 1169 1373 1204 transtulit.stt'mufos
1382 1172 1408 1201 ei
1420 1171 1581 1211 subjiciam
1591 1172 1818 1210 proﬁciendi,ut
1834 1180 1895 1202 au-

1071 1223 1187 1254 gescens
1193 1219 1220 1246 el
1231 1215 1352 1246 tandem
1358 1215 1584 1255 perfectus,imo
1590 1215 1764 1248 declaratus
1772 1216 1846 1247 deus
1852 1217 1897 1247 sic

1071 1259 1106 1290 in
1114 1259 1220 1291 caelum
1229 1259 1530 1291 ascenderet.Medt'us
1536 1262 1617 1292 enim
1626 1261 1713 1292 homo
1722 1264 1897 1301 natuserat,

1072 1313 1125 1335 nec
1132 1306 1256 1335 omnino
1267 1306 1421 1342 mortalis,
1432 1313 1486 1336 nec
1496 1313 1622 1344 prorsus
1631 1304 1899 1336 immortatiande

1073 1358 1143 1387 ergo
1156 1348 1206 1379 illa
1219 1348 1352 1386 infantia,
1370 1349 1449 1389 quod
1461 1354 1490 1380 ‹-ι
1501 1359 1605 1381 recens
1615 1354 1734 1381 creatus
1759 1355 1848 1383 esset.
1867 1354 1897 1380 et

1074 1393 1190 1424 medius
1198 1393 1419 1434 quodammodo
1431 1398 1561 1426 creatus.
1584 1394 1645 1425 Etsi
1657 1394 1736 1425 enim
1747 1394 1893 1425 maxima-

207 1445 278 1475 niat.
296 1444 354 1475 Sed
367 1453 405 1475 ne
421 1444 533 1475 indicta
547 1453 636 1475 causa
650 1438 817 1480 damni-tur,
834 1444 913 1474 illius
941 1443 1059 1475 verbac
1072 1447 1138 1468 rum
1166 1447 1266 1468 rerum
1298 1438 1468 1478 cognitione
1494 1438 1656 1470 instructus
1678 1443 1752 1474 erat,
1769 1438 1894 1470 infantia

207 1498 265 1520 non
280 1489 478 1529 perfunctorie
495 1487 753 1520 examinanda.Sic
769 1488 859 1528 igitur
872 1487 984 1519 itlelib.
996 1496 1028 1529 tt,

207 1543 238 1564 n.
255 1534 294 1564 25
311 1545 316 1563 :
335 1535 370 1563 Οὔ
384 1534 434 1573 γὰρ
448 1536 484 1565 ὡς
505 1533 608 1562 οἵοντπέ
624 1545 706 1568 τινες,
723 1535 834 1562 θάνατον
849 1533 914 1573 εἶχε
929 1534 959 1561 τὸ
984 1533 1028 1566 ξύ-

207 1579 266 1615 λον,
282 1578 340 1606 ἀλλ’
371 1579 386 1612 ἡ
421 1579 557 1618 παρακοπή.
596 1580 631 1608 Οὔ
646 1579 696 1617 γάρ
710 1589 736 1606 τι
753 1577 843 1617 ἕτερον
868 1577 900 1611 ἦν
929 1577 956 1605 ἐν
991 1581 1031 1616 τῷ

207 1625 301 1663 καρπῷ
335 1623 352 1656 ἦ
379 1622 458 1661 μόνον
473 1623 581 1661 γνῶσις·
599 1624 615 1656 ἡ
631 1622 658 1650 δὲ
673 1625 770 1661 γνῶσις
792 1622 876 1662 καλὴ,
899 1622 963 1651 ἐπὰν
979 1624 1030 1652 αὗ·-

208 1671 242 1706 τῇ
259 1667 359 1700 οἰκείως
394 1679 434 1698 τις
451 1668 598 1708 χρήσηται.
618 1670 657 1706 Τῇ
672 1666 699 1695 δὲ
715 1667 780 1706 οὔσῃ
796 1667 900 1704 ἡλικίᾳ,
916 1668 929 1695 ὁ
945 1666 1030 1705 Ἀδὰμ.

209 1712 247 1740 ἔτι
283 1713 376 1746 νήπιος
405 1712 450 1752 ἦν,
473 1711 513 1740 διὸ
542 1711 616 1740 οὔπω
644 1710 756 1746 ἠδύνατο
770 1711 820 1745 τὴν
835 1714 933 1750 γνῶσιν
963 1712 1031 1739 κατὰ

209 1756 281 1789 ἀξίαν
309 1762 422 1796 χωρεῖν.
452 1757 500 1785 Καὶ
528 1757 577 1795 γὰρ
606 1760 660 1796 νῦν⁷
691 1755 757 1784 ἐπὰν
789 1758 889 1795 γενηθῇ
914 1755 1030 1792 παιδίον,

210 1801 255 1829 οὐκ
279 1797 332 1835 ἢδη
368 1800 472 1829 δύναται
495 1799 572 1840 ἄρτον
587 1801 692 1840 ἐσθίειν³
709 1800 777 1828 ἀλλὰ
791 1803 894 1838 πρῶτον
918 1800 1031 1839 γάλακτι

210 1845 392 1885 ἀνατρέφεται,
425 1845 519 1873 ἔπειτα
555 1846 622 1874 κατὰ
655 1844 799 1884 πρόσϐασιι
830 1848 879 1878 τῆς
912 1845 1028 1882 ἡλικίας,

210 1891 253 1918 καὶ
288 1889 335 1918 ἀπὶ
361 1890 410 1923 τὴν
438 1890 545 1929 στερεὰν
559 1893 660 1930 τροφὴν
679 1889 798 1929 ἔρχεται.
817 1888 905 1921 Οὕτως
921 1888 952 1916 ἄν
969 1889 1032 1928 ἐγε-

211 1935 282 1974 γόνει
319 1935 363 1963 καὶ
392 1938 430 1972 τῷ
459 1934 556 1972 Ἀδάμ,
588 1935 635 1962 Διὸ
669 1936 720 1974 οὐχ
752 1935 788 1966 ὡς
804 1936 906 1974 φθονῶν
935 1935 1032 1971 αὖτῷὁ

213 1980 289 2014 Θεὸς,
318 1979 354 2010 ὡς
378 1978 479 2007 οἴονταί
493 1990 575 2019 τινες,
591 1978 713 2008 ἐκέλευσε
735 1979 774 2016 μὴ
800 1979 895 2006 ὶσθίειν
916 1979 968 2007 ἀπὸ
981 1981 1031 2012 τῆς

212 2024 347 2062 γνώσεως.
379 2019 444 2051 ἸΕτι
474 2024 527 2061 μὴν
557 2024 599 2051 uti
613 2022 735 2051 εὸούλειο
749 2022 889 2063 δοιειμάσαι
905 2024 994 2063 αὐτὸν,
1011 2024 1033 2051 εἰ

211 2059 329 2103 innima:
356 2069 455 2108 γίνεται
475 2059 524 2106 .τῇ
549 2067 642 2106 ἐντολῇ
670 2068 759 2099 αὺτοῦ.
777 2059 857 2106 "Ap:
872 2068 904 2102 δὴ
919 2069 963 2096 xxi
987 2059 1033 2096 ⁷ἐπὶ

1074 1482 1226 1514 videbatur
1239 1483 1302 1514 haec
1318 1483 1443 1514 scientia
1454 1493 1520 1514 cum
1537 1492 1584 1524 ea,
1600 1493 1665 1524 quae
1690 1484 1720 1514 in
1736 1483 1812 1515 caelo
1826 1493 1893 1524 pro-

1072 1528 1257 1569 mittebatur,
1273 1534 1454 1570 comparata.
1472 1529 1596 1566 Qualem
1612 1534 1711 1561 autem
1738 1529 1895 1561 scientiam

1071 1572 1255 1614 Theophilus
1278 1573 1395 1605 Adamo
1409 1574 1527 1605 deferat
1540 1574 1632 1606 etiam
1660 1575 1689 1605 in
1714 1574 1777 1611 illo,
1806 1583 1895 1615 quem

1072 1622 1167 1656 vocat,
1185 1617 1284 1649 medio
1296 1621 1386 1659 statu,
1403 1619 1532 1660 perspici
1552 1623 1649 1660 potest
1663 1629 1698 1650 ex
1714 1619 1893 1660 nominibus,

1071 1672 1137 1703 qua
1152 1662 1292 1693 omnibus
1306 1663 1486 1694 animalibus
1496 1663 1748 1704 Adamimposuit.
1766 1663 1798 1695 Id
1814 1663 1894 1694 enim

1073 1707 1209 1738 maximae
1223 1707 1358 1739 scientia;
1372 1707 1517 1739 indicium
1543 1718 1610 1740 esse
1635 1708 1785 1740 existimat
1795 1707 1896 1739 Theo-

1074 1752 1175 1792 philus
1191 1752 1244 1784 lib.
1255 1761 1288 1793 tt,
1300 1762 1331 1785 n.
1345 1752 1395 1785 13.
1407 1753 1437 1784 2’
1448 1753 1577 1784 Puerum
1589 1753 1810 1794 quodammodo
1823 1753 1897 1784 dicit

1073 1796 1233 1834 Adamum,
1250 1796 1288 1827 ob
1303 1797 1524 1838 simplicitatem
1553 1803 1583 1830 et
1597 1798 1786 1839 obsequium,
1816 1799 1894 1839 quod

1073 1841 1146 1878 Deo,
1171 1847 1203 1872 ut
1217 1841 1296 1872 filius
1325 1843 1411 1882 patri,
1437 1842 1577 1875 debebat.
1610 1842 1684 1874 Hinc
1713 1849 1894 1884 praeceptum

1073 1885 1115 1916 illi
1131 1886 1301 1926 impositum
1317 1886 1408 1918 fuisse
1421 1887 1506 1928 dicit,
1524 1891 1555 1918 ut
1567 1887 1616 1918 diu
1628 1887 1658 1918 in
1674 1887 1723 1918 illa
1738 1887 1827 1919 veluti
1840 1898 1894 1927 pu-

1074 1931 1160 1962 eritia
1175 1936 1380 1971 perseveraret
1397 1942 1404 1962 :
1422 1932 1500 1972 quod
1516 1932 1636 1972 quidem
1655 1941 1742 1963 nemo
1763 1942 1893 1974 unquam

1074 1975 1112 2007 de
1128 1975 1257 2016 pueritia
1267 1975 1387 2016 dixerit,
1403 1986 1468 2016 qua;
1485 1986 1552 2007 cum
1577 1977 1779 2008 imbecillitate
1803 1977 1895 2008 animi

1075 2024 1104 2051 et
1118 2021 1253 2060 corporis
1268 2021 1427 2061 conjuncta
1445 2021 1492 2052 sit.

1115 2063 1355 2105 II.Theophilum
1372 2065 1504 2097 imitatur
1515 2064 1751 2105 S.Irenaaus,nec
1766 2066 1802 2098 ab
1819 2067 1900 2099 illius

213 2113 320 2142 πλείονα
346 2113 443 2153 χρόνον
471 2112 599 2147 ἠϐούλετο
624 2111 723 2140 ἁπλοῦν
750 2114 793 2141 καὶ
821 2112 942 2152 ὰχὲρχιον
972 2111 1029 2141 δια-

1114 2109 1223 2140 utentia
1237 2109 1450 2146 recedit.Quod
1465 2110 1544 2141 enim
1561 2110 1601 2141 ait
1616 2110 1668 2141 lib.
1694 2119 1738 2148 ιιι,
1761 2120 1828 2152 cap.
1845 2111 1895 2150 92,

213 2165 303 2194 με’ίνκι
337 2159 383 2185 τὸν
419 2157 554 2196 ἄνθρωπον
582 2157 755 2193 νηπιάζοντα,
784 2161 865 2186 Τοῦτο
886 2158 936 2197 γὰρ
961 2157 1033 2186 ὅσιόν

213 2203 296 2242 ἐστιν,
325 2202 354 2230 οὐ
370 2203 450 2239 μόνον
465 2203 536 2241 παρὰ
551 2205 620 2238 Θεῷ,
637 2201 704 2229 ἀλλὰ
725 2202 769 2230 καὶ
790 2203 860 2242 παρὰ
875 2202 1032 2242 ἀνθρώποις,

214 2248 244 2275 τὸ
272 2246 299 2274 ἐν
327 2246 457 2280 ἀπλοτητι
473 2248 516 2275 καὶ
537 2246 633 2283 ἆκακίᾳ
653 2247 844 2275 ὑποτάσσεσθαι
859 2253 918 2280 τοῖς
941 2248 1035 2285 γονεῦ-

216 2303 271 2323 σιν,
289 2291 356 2320 "Eri
373 2291 399 2319 δε
415 2292 470 2331 χρὴ
482 2292 515 2319 τὰ
529 2291 608 2319 τέκνα
622 2298 679 2322 τοῖς
694 2295 811 2330 γονεῦσιν
832 2292 1033 2323 ὑποτάσσεσθαι.

217 2337 245 2364 Εἰ
271 2335 299 2363 δὲ
326 2336 382 2375 χρὴ
416 2336 449 2363 τὰ
473 2335 550 2363 τέκνα
578 2341 637 2368 τοῖς
681 2340 799 2374 γονεῦσιν
830 2336 1034 2381 ὑποτέρσεσθαι,

215 2381 293 2417 πόσῳ
307 2380 408 2418 μᾶλλον
438 2384 476 2417 τῷ
491 2383 549 2417 Θεῷ
563 2382 606 2408 καὶ
623 2381 703 2418 Πατρὶ
717 2383 769 2409 τῶν
785 2379 854 2408 ὅλων
871 2389 879 2418 ς
902 2379 967 2409 ’Ἐτι
983 2381 1037 2418 μὴν

216 2425 260 2453 καὶ
282 2424 408 2463 ἅσχημόν
431 2425 486 2453 ἐστι
501 2426 534 2452 τὰ
562 2423 651 2452 παιδία
679 2425 712 2452 τὰ
747 2425 829 2460 νήπιι
853 2420 917 2464 ὑπὲρ
932 2424 1037 2459 ἠλικίαν

218 2476 334 2509 φρονεῖν·
364 2469 481 2508 καθάπερ
510 2470 559 2508 γὰρ
589 2471 622 2507 τῇ
660 2468 749 2506 ἡλικίᾳ
784 2481 824 2502 τις
865 2470 930 2508 πρὸς
965 2469 1038 2501 τάξιν

218 2514 299 2551 «ibist,
330 2514 398 2542 οὕτω
414 2515 456 2542 καὶ
469 2515 496 2542 ἓν
511 2517 549 2549 τῷ
573 2520 690 2553 φρονεῖν.
708 2523 722 2543 (
755 2512 858 2554 Neque
886 2513 977 2549 enim.
1009 2517 1039 2544 ut

219 2558 338 2598 quidam
354 2557 535 2598 existimant,
566 2557 750 2588 mortiferum
768 2563 830 2589 erat
847 2558 970 2598 lignum,
986 2558 1039 2589 sed

221 2603 349 2633 mandati
365 2602 689 2643 praetergressioAliud
706 2602 786 2635 enim
801 2612 860 2633 non
876 2607 938 2633 erat
952 2603 982 2633 in
999 2603 1037 2633 li-

220 2657 277 2687 gno
292 2647 349 2678 nisi
364 2647 509 2684 scientia;
527 2648 603 2678 bona
618 2652 718 2678 autem
729 2647 866 2688 scientia,
882 2649 906 2678 si
923 2648 990 2688 quis
1005 2657 1039 2677 ea

220 2697 288 2732 apte
303 2691 479 2728 utatur.Qua
488 2698 586 2723 autem
599 2697 684 2724 aetate
695 2697 758 2723 erat
768 2693 874 2730 Adam,
884 2692 982 2723 adhuc
997 2692 1040 2723 in-

223 2737 288 2769 fans
303 2741 376 2775 erat,
393 2738 519 2769 necdum
532 2738 656 2768 idoneus
667 2747 732 2768 esse
743 2742 868 2778 poterat,
876 2737 926 2778 qui
940 2737 1040 2768 scien-

1075 2164 1105 2186 n.
1122 2155 1181 2186 4::
1200 2154 1290 2185 Erant
1307 2155 1426 2196 utrique
1458 2154 1583 2188 nuditiu
1608 2155 1756 2196 paradiso)
1785 2161 1815 2187 et
1839 2166 1898 2188 non

1075 2198 1491 2240 confundebantur,quoniam
1505 2199 1591 2240 paulo
1607 2203 1676 2230 ante
1694 2199 1761 2230 facti
1777 2209 1835 2231 non
1850 2202 1897 2232 in-

1076 2243 1228 2274 tellectum
1236 2243 1518 2275 habebantﬁliorum
1525 2244 1901 2286 generationisgoportebat

1077 2287 1158 2318 enim
1175 2287 1242 2318 illos
1259 2287 1355 2328 primo
1368 2288 1552 2329 adolescere,
1570 2287 1679 2319 dehinc
1696 2290 1739 2320 sic
1755 2290 1897 2331 multipli-

1078 2332 1170 2370 εει-ἰν
1189 2331 1219 2362 id
1235 2332 1378 2372 explicari
1396 2337 1493 2374 potest
1505 2343 1540 2364 ex
1554 2341 1620 2374 cap.
1647 2333 1698 2373 23,
1716 2333 1766 2365 ubi
1791 2335 1834 2366 sic
1861 2337 1899 2367 de

1079 2375 1253 2417 paenitentia
1267 2376 1362 2408 Adam
1377 2377 1514 2419 loquitur
1526 2387 1556 2409 η.
1569 2379 1588 2409 5
1601 2389 1608 2410 ;
1623 2390 1637 2406 ι
1649 2377 1794 2414 Quoniam
1809 2379 1898 2412 indo-

1079 2421 1137 2451 lem
1154 2425 1182 2451 et
1198 2422 1344 2461 puerilem
1368 2423 1509 2454 amiserat
1530 2432 1663 2460 sensum,
1687 2427 1717 2453 et
1738 2424 1769 2454 in
1784 2425 1898 2465 cogita-

1079 2466 1192 2497 tionem
1211 2466 1345 2506 pejorum
1357 2471 1492 2504 venerat,
1509 2468 1626 2499 frenum
1638 2468 1828 2500 continentia:
1843 2470 1898 2502 sibi

1080 2513 1110 2540 et
1123 2510 1207 2540 uxori
1222 2519 1283 2542 suae
1295 2511 1502 2547 circumdedit,
1517 2511 1626 2542 timens
1641 2513 1734 2543 Deum
1748 2518 1777 2544 et
1787 2514 1900 2545 adven-

1080 2559 1140 2584 tum
1156 2554 1221 2594 ejus
1234 2561 1422 2596 exspectans.
1437 2568 1449 2586 ι)
1468 2556 1594 2588 Puerilis
1602 2556 1721 2588 indoles
1737 2562 1766 2588 et
1781 2568 1897 2598 sensus,

1080 2608 1146 2639 quas
1157 2603 1308 2644 peccando
1318 2601 1501 2632 emittuntur.
1513 2600 1584 2641 quid
1596 2601 1675 2632 aliud
1689 2611 1755 2633 esse
1766 2609 1898 2644 possunt,

1080 2652 1167 2684 quam
1181 2643 1353 2676 innocentia
1367 2645 1382 2675 ?
1397 2645 1447 2676 Sic
1458 2645 1549 2676 etiam
1564 2645 1762 2677 Tertullianus
1784 2647 1815 2678 in
1827 2643 1899 2680 libro

1084 2688 1128 2719 De
1138 2688 1274 2720 vetandis
1284 2689 1465 2730 virginibus,
1479 2699 1543 2730 cap.
1558 2691 1589 2721 Η
1609 2700 1616 2722 :
1637 2702 1650 2718 α
1662 2691 1736 2722 Nam
1749 2696 1777 2722 et
1788 2693 1899 2732 princi-

1082 2741 1136 2778 pes
1148 2735 1267 2773 generis
1281 2735 1375 2767 Adam
1387 2740 1417 2766 et
1430 2734 1500 2774 Eva,
1512 2734 1646 2776 quandiu
1655 2734 1807 2778 intellectu
1821 2746 1901 2770 care-
